4208 6432
230 438 343 503 393

232 554 443 623 πάσης,
474 545 611 602 ἀλλὰ
633 543 728 596 καὶ
764 543 876 603 τοῖς

233 662 339 715 ραν
369 618 613 712 σχοῦσιν,
640 633 981 705 ἑμπράκτοις
1020 627 1137 681 οὖσι
1160 625 1267 677 τῶν
1292 619 1469 673 καλῶν
1498 619 1591 672 καὶ
1622 618 1801 715 πάσης

232 708 494 800 θεωρίας,
519 735 611 779 και
634 725 795 791 ἔργον
820 720 1195 773 ἁδιάπαυστον
1218 708 1402 779 σχοῦσι
1426 708 1650 761 τοιαῦτα
1670 708 1804 800 γρά-

234 792 362 892 φειν
389 836 403 851 ”
435 820 530 872 καὶ
561 816 650 867 διὰ
699 811 860 863 τοῦτο
907 803 1170 861 ἔσπευδον
1198 801 1258 853 τὸ
1299 800 1461 870 βάρος
1506 792 1805 863 ἀπορρίψω.

234 884 332 967 ἀπ’
359 906 633 982 ἐμαυτοῦ,
665 904 739 965 ὡς
769 904 1009 969 εῖρηται,
1047 893 1123 963 μὴ
1151 892 1447 959 δυνάμενος
1480 887 1650 939 τοῦτο.
1692 884 1806 934 Ἐν-

235 976 431 1057 τεῦθεν
456 998 641 1050 λοιπὸν
685 996 919 1064 ἄρξομαι
940 988 1039 1058 τὴν
1065 985 1320 1040 ὑπόθεσιν
1343 983 1567 1047 ταύτην,
1595 976 1806 1045 ἀρωγὸν

244 1090 687 1165 προϐαλλόμενος
714 1085 812 1151 τῆς
847 1083 982 1151 ἐμῆς
1010 1077 1316 1137 ἀσθενείας,
1356 1070 1645 1165 ἰδιωτείας,
1673 1068 1807 1165 μᾶλὶ

236 1157 333 1239 λον
362 1186 421 1236 δὲ
466 1185 560 1235 καὶ
610 1176 810 1244 πολλῆς
843 1177 1153 1243 άγροικιικ,
1185 1169 1279 1222 τὸν
1315 1167 1487 1227 Λόγον
1535 1160 1628 1211 τοῦ
1672 1157 1807 1211 Θεοῦ

236 1276 455 1343 Πατρός
502 1272 593 1321 τὸν
637 1267 912 1334 Δεσπότην
950 1266 1190 1336 Χριστόν
1246 1274 1370 1326 μου,
1408 1252 1665 1314 ὡσαύτως
1704 1250 1811 1343 ,καὶ

234 1368 336 1435 τὴν
363 1340 651 1415 ’θεοτόκον
704 1358 989 1411 δέσποιναν
1032 1348 1273 1420 Μαρίαν,
1325 1345 1417 1399 καὶ
1445 1346 1571 1405 τοὺς
1623 1340 1811 1435 ἁγίους

233 1428 490 1513 ἅπαντας
552 1445 1028 1517 προεκαλούμενος
1090 1438 1367 1510 πρέσϐεις,
1422 1433 1597 1502 ἀρχὴν
1661 1428 1809 1481 ἐνθεν

232 1528 582 1611 ποιούμενος,
615 1540 737 1590 ὅθεν
765 1533 1028 1605 ἄρχεσθαι
1060 1529 1237 1599 θέμις.

310 1632 379 1697 β’.
434 1630 670 1699 Ὀφείλει
709 1629 815 1686 πᾶς
866 1622 1195 1693 Χριστιανὸς
1228 1621 1321 1673 τὸν
1360 1615 1612 1685 θεμέλιον
1665 1614 1810 1683 ἔχειν

232 1726 339 1794 τὴν
375 1723 562 1774 πίστιν
593 1723 692 1788 τὴν
717 1713 1008 1768 ἀνόθευτον
1040 1716 1104 1765 ὲκ
1126 1709 1374 1777 καθαρᾶς
1408 1706 1650 1778 καρδίας,
1683 1704 1814 1770 ἀγά-

235 1835 348 1886 πην
378 1833 441 1866 τε
478 1812 613 1881 πρὸς
643 1809 735 1861 τὸν
781 1806 915 1859 Θεὸν
941 1803 1001 1867 ἐξ
1049 1802 1177 1869 ὅλης
1213 1800 1312 1868 τῆς
1352 1798 1553 1867 ίσχύος,
1593 1798 1653 1859 ἐξ
1682 1797 1813 1863 ὅλης

232 1911 482 1968 διανοίας
513 1921 573 1957 τε
608 1903 701 1956 καὶ
738 1902 797 1965 ἐξ
819 1900 947 1967 ὅλης
979 1895 1194 1965 ψυχῆςο
1251 1893 1509 1951 ὡσαύτως
1546 1889 1641 1942 καὶ
1675 1888 1809 1956 πλη-

232 2006 349 2053 σίον
410 1999 486 2058 ὼς
542 1996 733 2049 ἑαυτὸν
797 1990 971 2052 οὕτως
1030 1988 1206 2058 ἔχειν·
1259 2004 1277 2036 ι
1326 1985 1414 2035 Ἐν
1457 1981 1682 2039 ταύταις
1713 1980 1806 2033 οὖν

230 2095 356 2151 ταῖς
420 2089 697 2147 ἐντολαῖς,
735 2083 810 2147 ὡς
854 2082 957 2151 ἔφη
1004 2083 1032 2133 ὁ
1076 2076 1373 2142 Δεσπότης,
1420 2073 1539 2135 ὅλος
1581 2075 1607 2124 ό
1650 2072 1809 2139 νόμος

230 2186 517 2253 κρέμαται
563 2178 656 2229 καὶ
686 2176 734 2227 οἱ
783 2172 1055 2243 προφῆται
1099 2168 1298 2228 πάντες
1324 2181 1339 2196 ⁹
1375 2183 1393 2216 ⁸
1424 2194 1494 2207 ν
1527 2183 1544 2215 ⁸
1591 2166 1665 2216 0⁵
1867 2231 1879 2241 .

231 2250 473 2332 νεύσεις,
531 2267 593 2318 οὐ
641 2263 968 2334 μοιχεύσεις,
1023 2258 1085 2311 οὐ
1113 2255 1671 2325 ψευδομαρτυρήσεις,
1698 2250 1812 2302 ἀλλ’

232 2359 358 2411 οὐδὲ
382 2358 753 2427 ἐπιορκήσεις,
777 2349 990 2420 ἀληθῶς
1012 2348 1067 2401 δὲ
1114 2346 1353 2416 όμόσεις,
1379 2341 1661 2404 ἀποδιδοὺς
1689 2344 1812 2402 τοὺς

232 2454 437 2522 ὅρκους
479 2467 571 2503 σου
607 2445 796 2515 Κυρίῳ
832 2443 909 2513 τῷ
962 2439 1081 2510 Θεῷ
1123 2455 1217 2491 σου
1241 2453 1255 2467 ο
1285 2436 1402 2490 ἀλλ’
1448 2434 1567 2486 οὐδὲ
1598 2434 1811 2501 κλέψεις

234 2545 375 2605 ὅλως
408 2558 473 2609 γε
512 2540 544 2609 ἣ
598 2537 691 2590 καὶ
731 2534 914 2597 ἁπλῶς
950 2530 1289 2601 πορνεύσεις.
1316 2544 1335 2578 ι
1399 2524 1578 2578 Ταῦτα
1626 2528 1653 2577 ὁ
1705 2542 1810 2576 πα-

231 2634 383 2695 λαιὸς
445 2630 599 2697 νόμος
644 2625 945 2678 ἐντέλλεται
979 2625 1071 2674 καὶ
1104 2621 1323 2689 γράφει.

306 2731 381 2791 γ’.
426 2723 489 2774 '0
515 2721 571 2773 δὲ
604 2717 839 2787 Χριστὸς
868 2716 964 2768 καὶ
997 2712 1272 2781 Δεσπότης
1304 2710 1416 2764 τῶν
1446 2710 1607 2772 ὅλων,
1640 2710 1667 2760 ό
1699 2709 1814 2760 ﬂata

235 2817 401 2876 λαιᾶς
424 2814 523 2866 καὶ
551 2811 650 2878 τῆς
697 2807 905 2875 Καινῆς
934 2805 1136 2875 Κύριος
1162 2802 1462 2871 Διαθήκης,
1509 2800 1691 2851 πλεῖον
1717 2798 1813 2867 τὴν

236 2908 536 2978 άκρὶδειαν
567 2903 713 2972 ἔχειν
748 2902 896 2969 ἡμᾶς
924 2898 1163 2951 διδάσκει
1194 2894 1253 2947 τὸ
1284 2895 1356 2963 μὴ
1395 2892 1621 2963 ὀμνύναι
1683 2891 1815 2960 άλη-

240 2998 350 3057 θῶς
378 2995 413 3063 ἡ
448 3010 573 3045 τινα
605 2994 769 3060 ὅρκον
796 2990 998 3054 λέγειν.
1023 2985 1215 3038 Ἐσται
1236 2984 1291 3036 δὲ
1322 2984 1482 3052 μόνον
1509 2983 1567 3033 ἐν
1597 2982 1726 3051 ἡμῖν
1751 2982 1812 3032 τὸ

240 3087 380 3149 Ναὶ,
412 3085 525 3145 ναὶ,
559 3082 654 3133 καὶ
674 3079 736 3130 τὸ
762 3076 858 3143 Οὒ,
892 3075 951 3128 οὕ
975 3091 989 3105 ·
1025 3076 1086 3127 τὸ
1114 3075 1168 3127 δέ
1197 3090 1260 3141 γε
1310 3072 1514 3125 τούτων
1557 3071 1811 3140 περισσὸν

1466 414 1562 476 DE
1600 414 1772 474 YI’I‘A
1816 405 2269 469 MONASTICA.

906 532 1305 608 γραμματικὴν
1340 514 1434 583 καὶ
1458 526 1657 595 πολλὴν
1688 526 1804 576 πεῖ·
1834 528 1878 581 Α
1909 518 2215 573 litterarum
2248 531 2497 585 magnam
2536 516 2568 569 It

1800 548 1804 557 -
1834 528 1878 581 Α
1909 518 2215 573 litterarum
2248 531 2497 585 magnam
2536 515 2738 569 habent
2790 514 3204 585 experientiam,
3234 517 3462 573 habiles-

3354 405 3460 468 3θᾶ

1904 626 2006 678 que
2042 618 2169 663 sunt
2197 608 2263 660 ad
2295 621 2454 662 omne
2482 607 2684 661 bonmn
2715 621 3047 677 omnemque
3080 608 3376 674 theoriam,
3403 626 3465 662 ac

1905 699 2270 754 indesinenter
2302 696 2437 749 talia
2472 697 2713 751 scribere
2741 696 2942 761 solent,
2972 698 3094 751 ideo
3110 714 3270 762 onus,
3298 699 3465 768 quod,

1906 801 1967 845 ut
2011 790 2146 851 dixi,
2189 796 2404 855 portare
2430 788 2739 855 nequibam,
2767 804 2795 841 a
2822 802 2909 841 me
2941 790 3206 856 repellere
3232 789 3463 844 nitebar.

1907 882 2182 936 Caeterum
2220 879 2331 947 jam
2373 893 2519 931 nunc
2554 880 2888 947 propositum
2922 879 3225 949 aggrediar,
3274 880 3325 932 in
3367 897 3468 933 au-

1910 968 2100 1021 xilium
2130 980 2261 1019 mea:
2301 966 2593 1020 debilitatis
2634 968 2716 1018 vel
2758 970 2938 1035 potius
2970 968 3292 1035 ignorantia:
3333 971 3470 1022 mul-

1911 1069 2086 1126 taeque
2146 1058 2473 1113 rusticitatis
2538 1055 2778 1111 Verbum
2823 1058 2912 1112 Dei
2949 1059 3128 1116 Patris
3191 1059 3467 1113 Christum

1911 1155 2196 1207 Dominum
2234 1169 2414 1206 meum
2463 1153 2802 1219 accersiens,
2838 1155 3149 1221 pariterque
3181 1154 3469 1208 Dominam

1909 1245 2184 1314 deiparam
2222 1241 2446 1296 Mariam
2479 1252 2533 1297 et
2569 1258 2763 1298 omnes
2809 1250 3034 1297 sanctos
3065 1245 3340 1299 advocans
3368 1245 3470 1299 ad-

1902 1334 2114 1406 jutores
2146 1331 2302 1387 initio
2335 1332 2477 1389 unde
2500 1333 2708 1402 justum
2744 1342 2862 1389 erat
2897 1334 3066 1405 incipi
3089 1336 3397 1405 desumpto.

1982 1609 2037 1662 2.
2070 1609 2233 1664 Debet
2288 1604 2467 1679 quivis
2520 1621 2855 1665 anrtsttanus
2889 1611 3090 1667 habere
3128 1629 3228 1681 pro
3282 1614 3449 1669 funda

1914 1708 2096 1755 mento
2139 1701 2295 1754 Iidem
2327 1701 2395 1754 de
2436 1700 2601 1754 corde
2633 1715 2768 1767 puro
2799 1701 3091 1765 sinceram,
3128 1704 3476 1757 charitatetn-

1915 1807 2019 1861 que
2045 1808 2173 1861 erga
2198 1790 2367 1845 Deum
2404 1807 2467 1845 ex
2501 1794 2626 1847 totis
2672 1794 2897 1859 viribus,
2931 1812 2994 1850 ex
3039 1804 3149 1850 tota
3181 1807 3380 1863 mente,
3412 1814 3477 1852 ex

1913 1894 2022 1938 tcta
2047 1883 2254 1945 anima,
2281 1890 2332 1935 et
2352 1884 2663 1952 proximum
2690 1894 2946 1953 tanquam
2973 1886 3208 1954 seipsum
3237 1889 3469 1941 habere:

1922 1992 1940 2024 ι
1979 1974 2035 2024 lu
2065 1970 2150 2025 his
2181 1973 2323 2026 enim
2375 1974 2669 2036 mandatis,
2708 1983 2765 2026 nt
2809 1976 2885 2027 ait
2931 1974 3218 2040 Dominus,
3242 1985 3350 2030 tota
3391 1976 3474 2027 lex

1912 2061 2112 2131 pendet
2139 2072 2193 2116 et
2224 2076 2415 2115 omnes
2447 2062 2721 2131 prophetae
2756 2064 2807 2116 ‘:
2848 2083 2865 2114 ι
2903 2095 2969 2103 -
3004 2083 3022 2115 ι
3060 2064 3176 2118 Non
3210 2067 3427 2120 occides
3462 2086 3475 2131 ;

1913 2153 2029 2207 Non
2065 2153 2466 2228 moechaberis;
2497 2153 2614 2209 Non
2648 2154 2842 2209 falsum
2876 2156 3025 2212 dit-es
3061 2158 3431 2212 testimonium
3460 2178 3473 2220 ;

1913 2250 2028 2305 Non
2065 2252 2387 2321 periurabis,
2438 2252 2532 2306 sed
2570 2252 2783 2321 jurabis
2835 2255 2987 2323 juxta
3019 2257 3317 2319 veritatem,
3355 2257 3476 2309 red-

1912 2344 2048 2398 dens
2084 2345 2310 2397 f)omino
2347 2345 2456 2397 Deo
2485 2355 2575 2397 tuo
2603 2344 2909 2412 juramenta
2944 2356 3068 2410 tua;
3094 2346 3206 2399 Non
3250 2347 3475 2410 furtum,

1914 2448 2087 2501 neque
2117 2434 2279 2487 ullam
2309 2434 2532 2485 omnino
2569 2432 2983 2489 fornicationem
3026 2437 3191 2492 iacies
3214 2439 3259 2490 ³.
3297 2457 3316 2490 ι
3351 2437 3477 2491 Haec

1915 2525 1999 2577 lex
2030 2524 2251 2592 antiqua
2279 2524 2432 2592 jubet
2460 2534 2513 2579 et
2543 2526 2863 2594 praescribit.

1997 2714 2051 2766 ὅ.
2080 2711 2329 2769 Christus
2362 2720 2565 2776 autem,
2596 2714 2837 2766 omnium
2881 2714 3161 2777 Dominus,
3210 2731 3297 2770 cun
3329 2729 3479 2786 paret

1918 2802 2078 2856 Vetus
2104 2801 2428 2871 Novumque
2456 2802 2890 2868 Testamentum,
2916 2807 3178 2876 majorem
3206 2810 3475 2877 justitiam

1913 2891 2071 2945 nobis
2096 2892 2475 2957 exercendam,
2514 2908 2614 2946 nec
2650 2894 2946 2960 jurandum
2996 2913 3094 2952 nec
3123 2900 3288 2954 ullum
3321 2903 3476 2970 jura-

1914 2992 2154 3036 mentum
2197 2982 2504 3037 faciendum
2539 2984 2719 3039 docet.
2776 2987 2892 3039 Erit
2944 2997 3155 3044 tantum
3194 2993 3246 3045 in
3297 2995 3474 3057 nobis,

1917 3075 2033 3139 Est,
2054 3081 2158 3138 est,
2177 3082 2251 3137 et,
2283 3072 2421 3136 Non,
2458 3089 2603 3139 non;
2630 3076 2774 3143 quod
2804 3088 2981 3131 autem
3004 3080 3087 3133 his
3114 3083 3343 3150 amplius
3372 3098 3476 3147 est,

234 3180 358 3230 ἔστι
380 3172 479 3227 τοῦ
521 3171 791 3224 διαόόλου.
835 3169 894 3219 Ὀ
925 3167 1034 3236 γάρ
1081 3166 1245 3233 νόμος
1276 3163 1501 3216 ἐκόλασε
1533 3163 1639 3215 τῶν
1670 3164 1813 3232 πρά-
1840 3188 1883 3244 C

1840 3188 1883 3244 ο
1917 3179 1947 3217 a
1975 3164 2194 3217 diabolo
2222 3173 2325 3217 est.
2354 3163 2564 3217 Etenim
2590 3164 2699 3219 Lex
2732 3168 3005 3222 actionum
3042 3171 3203 3225 finem
3228 3176 3475 3245 corrigit,

238 3265 382 3329 ξεων
426 3262 490 3312 τὸ
547 3259 725 3320 τέλος,
760 3256 876 3308 ἀλλ’
909 3259 937 3307 ὀ
986 3255 1177 3322 Σωτὴρ
1238 3254 1397 3321 ἡμῶν
1450 3253 1683 3321 Χριστὸς
1714 3253 1814 3314 τὰς

240 3352 417 3418 ἀρχάς
462 3348 665 3417 μᾶλλον
712 3345 897 3396 πλέον.
940 3360 958 3393 ι
1016 3343 1074 3394 ’0
1122 3341 1233 3410 γὰρ
1278 3341 1553 3410 ἐμϐλέψας
1598 3342 1817 3409 γυναικὶ

242 3443 383 3509 πρὸς
444 3440 505 3491 τὸ
567 3437 903 3505 ἐπιθυμῆσαι
986 3435 1087 3503 ἥδη
1173 3433 1490 3502 ἐμοίχευσεν
1546 3434 1715 3501 αὐτὴν
1758 3435 1815 3484 ἐν

237 3534 308 3601 τῇ
357 3530 525 3583 αὐτοῦ
572 3528 789 3599 καρδίᾳ.
818 3546 836 3577 ι
914 3526 1093 3586 Ὀλως
1141 3524 1197 3575 δὲ
1242 3526 1316 3593 μὴ
1370 3525 1687 3590 ἀντιστῆναι
1737 3523 1815 3592 τῷ

240 3623 471 3694 πονηρῷ
521 3621 799 3673 διδάσκει·
840 3618 956 3670 ἀλλ’
995 3615 1440 3686 ἁγγαρευόμενόν
1474 3632 1594 3667 τινα
1637 3614 1814 3684 μίλιον

238 3719 320 3781 ἓν,
342 3716 442 3766 δύο
492 3713 728 3779 ὑπάγειν
778 3710 898 3777 μετ’
931 3707 1133 3760 αὐτοῦ·
1175 3706 1251 3776 μὴ
1303 3706 1605 3773 ἀντιλέγειν
1639 3706 1774 3766 ὅλως
1798 3721 1812 3735 ·

238 3807 321 3877 τῷ
353 3805 657 3871 πλήσσοντι
686 3801 787 3869 τὴν
822 3799 1007 3864 δεξιάν
1048 3796 1275 3863 σιαγόνα
1305 3795 1561 3872 ὀργίλως,
1594 3795 1817 3864 ἡμέρως

236 3914 302 3949 τε
351 3898 451 3947 καὶ
508 3892 799 3961 προσηνῶς
850 3889 946 3943 καὶ
992 3888 1091 3958 τὴν
1139 3888 1309 3954 ἀλλην
1366 3886 1667 3955 παρέχειν·
1726 3887 1823 3953 καὶ

239 3986 458 4049 ἁπλῶς,
509 3984 641 4034 εἴτι
675 3976 769 4033 οὖν
794 3979 1023 4039 ἕκαστος
1076 3976 1341 4045 πάσχοιεν
1390 3978 1455 4027 ὲκ
1491 3975 1581 4028 τοῦ
1626 3978 1815 4038 πέλας,

242 4077 437 4143 ὕϐρεις
469 4072 610 4139 ὁμοῦ
639 4071 734 4123 καὶ
776 4069 1046 4138 μάστιγας
1073 4067 1367 4135 ὑπομένειν
1398 4065 1661 4134 γενναίως
1683 4082 1699 4097 ο
1740 4065 1818 4134 τῷ

244 4167 457 4219 θέλοντι
494 4161 749 4232 κριθῆναι
785 4160 841 4212 δὲ
875 4160 969 4212 καὶ
1000 4157 1187 4210 λαϐεῖν
1230 4156 1324 4209 τὸν
1370 4157 1596 4225 χιτῶνα,
1637 4157 1817 4208 δοῦναι

244 4258 339 4309 καὶ
370 4255 435 4305 τὸ
467 4254 686 4321 ἱμάτιον
714 4252 743 4301 ὁ
777 4250 1057 4317 Δεσπότης
1087 4249 1298 4300 κελεύει
1320 4262 1333 4276 °
1368 4248 1462 4299 καὶ
1492 4245 1546 4297 εί
1572 4264 1622 4299 τι
1657 4248 1820 4301 πάθοι

241 4349 439 4414 ἔτερος
468 4345 638 4395 κακον
666 4344 731 4394 ὲκ
748 4340 841 4393 τοῦ
868 4341 1116 4409 πλησίον,
1142 4336 1259 4391 εἶτα
1282 4340 1374 4390 καὶ
1395 4337 1622 4407 ὀργισθῇ
1647 4339 1817 4405 αὐτῷ,

245 4441 376 4507 εἰκῇ
405 4432 657 4503 ὠργίσθη
691 4432 888 4495 τούτῳ.
920 4430 1009 4500 Τῷ
1040 4428 1282 4484 αἰτοῦντί
1315 4446 1374 4481 σε
1420 4429 1618 4482 διδόναι
1648 4445 1819 4498 προσ-

1918 3255 2166 3309 Christus
2191 3265 2367 3310 autem
2402 3255 2648 3311 Salvator
2687 3270 2873 3313 noster
2900 3262 3068 3315 multo
3106 3266 3280 3333 magis
3318 3282 3480 3320 exor-

1915 3347 2024 3399 dia.
2059 3376 2128 3387 --
2153 3346 2286 3399 Nam
2317 3365 2335 3398 ι
2381 3348 2472 3415 qui
2505 3349 2635 3402 vidit
2671 3351 2950 3404 mulierem
2981 3354 3045 3406 ad
3086 3358 3479 3426 concupiscen-

1913 3437 2040 3489 dum
2059 3451 2176 3489 eam
2203 3435 2313 3504 jam
2344 3439 2648 3493 moechatus
2678 3448 2761 3492 est
2777 3457 2901 3494 cum
2926 3443 3058 3497 eain
3090 3446 3254 3501 corde
3284 3450 3473 3503 sun’.»

1915 3528 2146 3582 Prorsus
2176 3544 2283 3582 non
2337 3532 2702 3585 resistendum
2763 3535 2905 3587 malo
2957 3537 3164 3603 doect‘,
3202 3540 3311 3593 imo
3357 3558 3479 3596 cum

1914 3633 1978 3672 eo
2016 3619 2107 3687 qui
2156 3618 2304 3672 mille
2338 3635 2535 3689 passus
2593 3624 2914 3692 angariavit,
2955 3625 3058 3680 alia
3088 3627 3197 3682 duo
3237 3632 3479 3685 subeun-

1913 3708 2045 3771 da“,
2091 3711 2317 3763 omnino
2361 3727 2466 3764 non
2528 3715 3050 3783 contradicendum;
3104 3734 3214 3787 pra:
3250 3723 3329 3776 ira
3366 3740 3483 3777 ma-

1917 3800 2099 3853 xillam
2131 3802 2374 3855 dextram
2401 3804 2756 3870 percutiente,
2809 3807 3079 3862 submisse
3107 3822 3160 3863 et
3203 3828 3485 3870 mansuete

1917 3893 2260 3961 praebendam
2292 3902 2349 3947 et
2400 3894 2622 3947 alteram
2648 3896 2708 3956 ες
2743 3904 2797 3948 ct
2841 3897 2886 3951 si
2923 3900 3046 3967 quis
3082 3901 3225 3955 aliud
3271 3907 3400 3973 quid
3454 3924 3482 3959 a

1917 3984 2224 4051 propinquo
2254 3984 2513 4051 patiatur,
2549 3985 2778 4053 injurias
2816 4003 2879 4042 ac
2946 3993 3168 4045 verbera
3222 3997 3486 4061 patienter

1918 4073 2195 4126 toleranda
2250 4074 2450 4128 volenti
2506 4076 2833 4129 contendere
2864 4077 3075 4145 judicio
3135 4090 3191 4133 et
3245 4086 3482 4139 tunicam

1918 4166 2132 4229 tollere,
2167 4168 2295 4219 dare
2326 4175 2380 4221 et
2411 4168 2633 4236 pallium
2672 4168 2941 4246 Dominus.
2966 4172 3158 4239 jubet’
3183 4190 3197 4238 ;
3226 4176 3328 4227 etsi
3355 4179 3483 4243 quid

1921 4256 2047 4307 mali
2071 4270 2100 4307 a
2136 4255 2380 4323 proximo
2426 4255 2562 4308 alter
2614 4256 2919 4322 pertulerit,
2958 4258 3265 4326 deindeque
3296 4276 3485 4316 contra

1921 4346 2072 4400 illum
2106 4346 2415 4399 aestuaverit
2441 4347 2542 4411 ira,
2568 4343 2767 4400 frustra
2792 4359 2981 4402 contra
3012 4350 3159 4402 illum
3194 4353 3263 4404 sit
3292 4353 3483 4419 iratus;

1923 4453 1952 4490 a
1984 4448 2034 4491 te
2062 4441 2289 4506 petenti,
2319 4439 2549 4491 libenter
2579 4440 2709 4491 dare
2742 4443 2966 4505 statuit;
2999 4450 3057 4494 et
3089 4458 3116 4494 a
3150 4452 3200 4496 te
3251 4448 3485 4498 mutuari

242 4530 437 4581 τάττει
464 4523 839 4595 ἀπραγμόνως
858 4537 874 4551 ·
898 4521 991 4574 τὸν
1018 4520 1241 4572 θέλοντα
1262 4520 1607 4573 δανείσασθαι
1666 4520 1823 4572 κενὸν
1855 4529 1899 4583 D

1822 4540 1823 4557 ‘
1855 4529 1899 4583 Ι)
1930 4529 2219 4594 volentem,
2250 4544 2359 4582 non
2391 4530 2663 4583 remittere
2692 4544 2927 4584 vacuum
2950 4533 2990 4583 ⁸.
3014 4532 3241 4600 Diligere
3268 4545 3484 4590 nostros

248 4620 327 4690 μὴ
376 4616 771 4688 ἀποστρέφειν.
816 4614 1059 4681 ’Δγαπᾷν
1106 4612 1232 4673 τοὺς
1277 4611 1504 4681 ἐχθροὺς
1544 4611 1701 4682 ἡμῶν
1736 4614 1823 4664 ὲν-

244 4709 503 4762 τὲλλεται
528 4706 604 4767 ὡς
650 4705 861 4773 φίλους,
892 4703 987 4757 καὶ
1019 4702 1417 4772 ὑπερεύχεσθαι
1454 4702 1671 4755 πάντων
1712 4702 1822 4756 τῶν

246 4798 719 4870 ἐπηρεαζόντωνσ
790 4795 1219 4865 καταρωμένους
1287 4792 1563 4860 εὐλογεῖν,
1638 4794 1820 4856 καλῶς

249 4895 431 4944 ποιεῖν
466 4887 785 4958 μισοῦντας.
817 4887 929 4939 Καὶ
954 4887 1117 4939 πάλιν
1148 4888 1275 4955 περὶ
1311 4888 1616 4956 προσευχῆς
1646 4884 1821 4947 οὕτως

249 4986 401 5051 ἡμᾶς
451 4982 720 5044 διδάσκει,
773 4979 860 5031 ἵνα
894 4978 969 5048 μὴ
1023 4978 1479 5047 προσευχώμεθα,
1528 4977 1717 5046 ὥσπερ
1763 4978 1814 5029 οἱ

247 5073 570 5141 ὑποκριταὶ,
601 5072 737 5140 μηδὲ
763 5071 883 5140 μεθ’
913 5067 1259 5139 ὑποκρίσεως
1284 5069 1380 5138 τὴν
1412 5069 1664 5138 νηστείαν
1694 5084 1815 5120 ποι-

245 5166 461 5228 οῦντες,
495 5165 591 5214 καὶ
636 5162 955 5231 σκυθρωποὶ
982 5162 1258 5229 γινόμενοι
1298 5162 1368 5213 τά
1400 5161 1665 5231 πρόσωπα
1696 5177 1815 5230 μει-

245 5258 461 5320 οὗντες,
511 5253 607 5306 τοῦ
657 5255 731 5323 μὴ
763 5255 855 5306 ἐπὶ
898 5253 1000 5323 τῆς
1046 5253 1152 5323 γῆς
1182 5254 1314 5323 ἡμῖν
1367 5254 1672 5324 θησαυροὺς
1725 5253 1819 5324 θη-

250 5346 556 5417 σαυρίζειν.
582 5345 693 5413 Τῆς
724 5344 781 5396 δὲ
802 5344 1035 5414 δεκάτης
1064 5346 1283 5414 ἐντολῆς
1311 5343 1483 5409 οὕτως
1507 5347 1648 5415 ἔχει’
1680 5346 1815 5397 Τινά

253 5440 331 5509 μὴ
378 5439 615 5508 κρίνειν,
650 5436 875 5505 ἔφησεν,
920 5438 1005 5489 ἵνα
1060 5438 1135 5509 μὴ
1192 5440 1489 5510 κριθῶμεν.
1539 5436 1668 5493 Εἶτα
1722 5440 1816 5491 καὶ

248 5530 385 5598 πρὸς
434 5529 529 5579 τὸν
585 5527 808 5580 θέλοντα
856 5528 939 5589 εἰς
998 5529 1313 5601 τελειότητα
1364 5532 1565 5601 φθάσαι
1617 5531 1814 5586 πωλεῖν

322 5650 554 5705 'Matth.
592 5666 729 5717 χιιι,
759 5650 847 5705 40.

249 5721 334 5775 39.
409 5723 431 5752 ⁵
457 5723 588 5774 ibid.
622 5722 711 5774 41.

248 5789 334 5851 21.
413 5793 457 5825 ³³
481 5791 676 5846 Matth.
707 5806 800 5856 νη,
835 5793 888 5858 1,
921 5792 979 5846 2.

561 5887 831 5950 Partica.
878 5889 992 5950 Gn.
1039 5889 1194 5953 CXI.

928 5650 1143 5728 _'E_xhod.
1178 5673 1267 5720 xx,
1310 5657 1518 5725 1546;
1550 5659 1704 5712 Deut.
1738 5674 1793 5722 ν,
1830 5659 1856 5713 1
1888 5675 2077 5728 seqq.;

789 5722 966 5776 ‘ibid.
993 5723 1083 5777 39.
1158 5728 1177 5760 ⁷
1206 5729 1339 5785 ibid.
1369 5728 1458 5783 40.
1504 5722 1557 5761 ’⁸
1584 5728 1717 5785 ibid.
1750 5730 1839 5785 42.

1924 4619 2177 4672 inimicos
2224 4618 2365 4672 sicut
2421 4619 2625 4672 amicos
2652 4619 2808 4689 jubet
2854 4628 2909 4672 et
2940 4634 3097 4673 orare
3144 4635 3243 4688 pro
3275 4625 3485 4677 cunctis

1922 4726 2022 4765 nos
2054 4712 2540 4780 persequentibus;
2592 4712 2917 4765 benedicere
2952 4713 3408 4769 maledicentibus
3434 4727 3487 4770 et

1920 4805 1988 4859 iis
2017 4807 2107 4865 qui
2141 4822 2241 4860 nos
2303 4807 2534 4861 oderunt
2575 4804 2956 4860 benefacere”.
3022 4806 3257 4861 Rursum
3310 4819 3363 4863 et
3417 4811 3485 4862 de

1922 4897 2167 4950 oratione
2200 4898 2281 4951 sic
2315 4912 2414 4950 nos
2455 4897 2667 4961 edocet,
2702 4906 2762 4950 ut
2792 4914 2900 4951 non
2937 4914 3157 4952 oremus
3207 4900 3352 4954 sicut
3390 4901 3487 4971 hy-

1924 4988 2162 5056 pocritae.
2221 5002 2396 5056 neque
2435 5002 2559 5041 cum
2613 4989 2886 5056 hypocrisi
2930 4989 3265 5057 jejunemus,
3304 4993 3486 5048 tristes

1924 5080 2081 5144 facti,
2115 5089 2355 5133 nostram
2384 5080 2768 5134 contrahentes
2797 5079 2991 5135 facient
3013 5083 3053 5110 ¹⁰
3079 5099 3093 5145 ;
3124 5099 3300 5152 nequc
3326 5100 3487 5153 super

1927 5181 2125 5226 terram
2161 5172 2447 5225 thesauros
2478 5172 2636 5225 nobis
2674 5172 3482 5230 thesaurizemus“.Decimum

1930 5279 2057 5316 vero
2098 5274 2462 5332 prmceptum,
2520 5261 2791 5316 neminem
2822 5261 3069 5330 judicare
3123 5280 3223 5318 nos
3275 5273 3482 5326 monet,

1927 5364 1981 5408 ut
2021 5370 2126 5407 non
2151 5354 2537 5423 judicemus".
2572 5352 2770 5406 Deinde
2798 5352 3063 5405 volentem
3096 5352 3481 5421 perfectionem

1929 5446 2221 5510 attingere,
2252 5443 2433 5497 omnia
2480 5456 2599 5509 qua:
2636 5440 2874 5508 possidet
2922 5442 3154 5495 vendere
3204 5444 3379 5505 docet,
3431 5454 3483 5495 et

1925 5551 2046 5590 cum
2081 5536 2228 5589 omni
2257 5535 2371 5588 zelo
2403 5534 2532 5587 dare
2568 5532 2929 5602 pauperibur;
2978 5535 3279 5603 exindeque
3326 5535 3481 5589 habi-

2146 5660 2336 5712 Malth.
2370 5674 2422 5721 ν,
2457 5656 2527 5709 '53
2562 5672 2712 5724 seqq.
2839 5654 2859 5684 ³
2892 5655 3023 5708 ibitl.
3052 5671 3105 5719 ν,
3137 5655 3225 5708 28.
3304 5655 3326 5686 ⁸
3351 5658 3482 5711 ibid.

1946 5725 1978 5762 ί
1996 5725 2125 5785 ibid.
2157 5732 2225 5784 1M
2254 5743 2407 5797 seqq.
2490 5728 2531 5758 ¹⁰
2556 5726 2746 5781 Matth.
2783 5739 2857 5791 γι,
2890 5726 2945 5790 5,
2982 5725 3067 5778 14.
3148 5726 3188 5756 ¹¹
3215 5727 3348 5785 ibid.
3388 5729 3484 5782 19-

2969 5886 3041 5947 13
