4208 6432
744 379 875 443 ’395

766 585 1041 650 suscipere
1072 596 1288 637 crucem
1322 582 1439 650 ejus
1476 590 1794 639 sectatores.
1824 582 1947 638 llzec
1975 586 2187 639 cuidem
2221 589 2324 643 Do-

766 677 946 729 minus
978 676 1030 728 iu
1056 674 1379 741 Evangeliis.

829 956 881 1007 4.
921 954 1089 1007 Divus
1152 955 1449 1023 Apostolus
1510 963 1563 1009 et
1612 968 1842 1022 magnus
1897 969 2077 1022 preco
2122 954 2323 1011 Paulus

761 1060 947 1099 verum
989 1045 1365 1100 Christianum
1425 1056 1479 1101 et
1525 1046 1734 1100 ﬁdelem
1790 1046 1843 1100 in
1894 1048 2172 1113 omnibus,
2233 1049 2321 1117 qui

760 1136 1003 1203 possidet
1052 1136 1445 1189 inhabitantem
1504 1136 1555 1187 in
1607 1150 1694 1191 se.
1726 1135 1985 1204 Spiritum
2050 1148 2320 1198 sanctum.

762 1227 950 1280 docuit
980 1227 1060 1280 sic
1095 1243 1221 1280 vere
1274 1228 1621 1294 pnedieans:
1674 1226 1907 1283 Fructus
1958 1228 2195 1296 Spiritus
2242 1240 2323 1283 est

758 1320 937 1387 primo
967 1320 1229 1381 Charitas,
1270 1319 1566 1386 gaudium,
1598 1334 1722 1388 pax,
1760 1321 2039 1387 patientia,
2079 1319 2324 1389 benigni-

758 1416 865 1473 tas,
910 1409 1142 1470 bonitas,
1180 1410 1566 1471 mansuetudo,
1587 1422 1712 1460 vera
1740 1408 1872 1463 ﬁdes
1901 1419 1953 1464 et
1988 1410 2042 1462 in
2071 1410 2323 1463 omnibus

758 1500 1057 1554 moderatio
1075 1499 1138 1552 “.
1173 1499 1237 1552 Et
1266 1501 1395 1553 alibi
1447 1506 1664 1554 rth'sum
1695 1502 1771 1553 ait
1798 1518 1810 1552 :
1853 1517 1871 1550 ι
1907 1500 2083 1556 Nolite
2116 1516 2319 1561 errare,

756 1590 979 1653 fratres,
1018 1605 1193 1660 neque
1226 1592 1481 1656 adulteri,
1513 1606 1690 1659 neque
1718 1588 2103 1655 fornicatores,
2148 1607 2324 1659 neque

757 1682 1127 1736 masculorum
1180 1682 1589 1743 concubitores,
1623 1696 1797 1749 neque
1833 1691 2096 1751 raptores,
2140 1698 2320 1752 neque

758 1772 1034 1834 maledici,
1062 1786 1237 1840 neque
1270 1772 1483 1836 molles,
1534 1787 1708 1840 neque
1755 1773 1923 1837 fures,
1957 1787 2129 1841 neque
2157 1774 2321 1837 ebrii,

758 1878 928 1931 neque
964 1862 1175 1931 injusti,
1230 1876 1407 1931 neque
1460 1860 1607 1914 avari
1669 1876 1892 1931 regnum
1935 1862 2027 1915 Dei
2080 1862 2321 1930 posside-
2356 1846 2395 1901 Β

754 1954 889 2008 bunt
907 1952 969 2005 ".
1000 1969 1019 2002 ι

826 2137 880 2191 5.
912 2136 1017 2191 Sed
1039 2150 1200 2204 super
1224 2134 1309 2189 his
1334 2133 1564 2201 aliisque
1582 2132 1858 2198 omnibus,
1876 2133 1992 2187 haec
2010 2142 2321 2188 veneranda

753 2229 927 2286 divini
993 2225 1336 2295 baptismatis
1403 2221 1701 2288 confessio,
1760 2223 1826 2277 de
1892 2238 1999 2292 qua
2051 2225 2200 2292 parvi
2270 2233 2324 2277 et

756 2318 935 2390 magni
965 2319 1017 2371 in
1053 2317 1252 2371 smeulo
1283 2315 1467 2368 futuro
1496 2315 1756 2368 rationem
1793 2329 1982 2367 sumus
2013 2315 2273 2368 reddituri
2301 2330 2317 2379 ;

761 2425 962 2463 omnes
993 2408 1137 2460 enim
1169 2406 1407 2471 diabolo,
1436 2406 1758 2472 cunctisque
1798 2406 2053 2473 operibus
2079 2404 2218 2472 ejus,
2269 2413 2323 2458 et

756 2500 902 2555 omni
952 2499 1173 2553 servitio
1230 2497 1489 2564 omnique
1518 2511 1725 2565 pompze
1751 2496 1892 2565 ejus,
1926 2496 2064 2548 trina
2106 2495 2321 2550 confes-

758 2594 934 2656 sione,
962 2588 1432 2643 abreuuntiamus.
1483 2589 1548 2641 Et
1580 2589 1883 2657 spiritualia
1918 2589 2135 2655 quidem
2193 2589 2321 2641 vitia

756 2686 836 2738 sic
870 2691 1267 2735 numerantur:
1302 2679 1477 2747 primo
1518 2680 1798 2748 superbia,
1842 2679 2067 2741 invidia,
2111 2679 2318 2744 odium,

760 2776 1063 2837 iracundia,
1104 2770 1431 2825 irrationalis
1471 2772 1572 2833 ira,
1598 2772 1755 2835 livor,
1786 2771 2089 2824 inordinata
2107 2770 2320 2824 deside-

755 2868 859 2931 ria,
896 2864 1339 2919 incmtveuientes
1372 2862 1840 2927 ratiocinationes,
1892 2862 2184 2929 injustitia.
2226 2876 2319 2914 ca-

754 2958 984 3014 lumnia,
1040 2956 1214 3018 zelus,
1262 2954 1514 3015 avaritia,
1551 2952 1776 3015 furtum,
1817 2952 2074 3016 ebrietas,
2107 2954 2317 3021 rapina,

758 3049 1044 3114 omnisque
1074 3044 1310 3113 pigritia.
1334 3043 1454 3095 llaec
1489 3052 1614 3095 sunt
1643 3057 1801 3110 opera
1832 3043 2035 3095 diaboli
2064 3045 2321 3112 spiritua-

1891 382 2201 445 NICOLAI
2243 388 2348 448 (ΖΡ.
2390 391 2895 459 ΡΑΤΒΙΑΒΕΙΙἘ

766 501 949 545 turum
990 489 1041 542 in
1107 489 1264 545 caelis
1314 490 1629 544 thesaurum
1677 498 1729 543 ct
1785 490 2107 561 gloriam”;
2141 498 2328 567 sicque
2358 507 2428 566 Α.

1250 506 1264 545 i
1314 490 1629 544 thesaurum
1677 498 1729 543 ct
1785 490 2009 561 gloriam
2032 494 2107 559 ¹³;
2141 498 2328 567 sicque
2358 507 2401 566 Α
2427 504 2667 561 διδάσκει
2700 512 2912 565 ᾶπαντα

2951 512 3018 564 τὰ
3055 513 3366 585 ὑπάρχοντα
3395 520 3605 583 τούτου,
3640 521 3735 575 καὶ
3776 527 3995 582 ἐπιδοῦ-

2428 617 2511 651 ναι
2540 603 2652 661 τοῖς
2698 608 2936 673 πτωχοῖς
2968 606 3063 658 σῦν
3119 611 3400 681 προθυμία
3449 613 3598 682 πάσῃ
3626 633 3638 644 ·
3668 615 3809 679 ’έξειν
3849 620 3893 671 δ’
3921 623 3989 674 ὲκ

2424 688 2616 742 τούτου
2647 690 2922 763 θησαυρὸν
2950 696 3008 747 ὲν
3050 697 3301 767 οὐρανοῖς
3329 704 3424 754 καὶ
3455 702 3632 767 δόξαν,
3675 710 3769 759 καὶ
3812 710 3992 773 οὕτως

2427 780 2602 850 αἴρειν
2637 782 2729 833 τὸν
2761 784 2994 855 σταυρὸν
3028 788 3177 860 αὐτῷ
3205 790 3646 857 ἀκολουθοῦντας.
3683 798 3790 850 Καὶ
3813 799 3993 854 ταῦτα

2427 872 2527 940 μὲν
2559 875 2587 926 ὁ
2618 872 2818 943 Κύριος
2848 878 2905 927 ὲν
2944 879 3056 939 τοῖς
3092 879 3460 948 Εὑαγγελίοις.

2495 963 2557 1019 δ’.
2606 966 2665 1018 Ὀ
2695 967 2750 1019 δὲ
2783 962 3283 1034 θεῖοςνἊπόστολος
3310 974 3403 1026 καὶ¹
3437 978 3606 1044 μέγας
3634 980 3809 1049 κῆρυξ
3840 982 3987 1032 Ila-3-

2424 1054 2514 1117 λος
2546 1058 2639 1110 τὸν
2689 1058 2863 1128 ἀληθῆ
2895 1060 3221 1128 Χριστιανὸν
3260 1067 3353 1115 καὶ
3389 1068 3577 1119 πιστὸν
3607 1072 3744 1124 κατά
3786 1071 3987 1133 πάντα,

2423 1144 2517 1196 τὸν
2547 1146 2863 1201 ἐνοικοῦντα
2895 1148 3089 1218 ἔχοντα
3116 1152 3175 1205 τὸ
3203 1153 3467 1219 πανάγιον
3502 1154 3723 1227 Πνεῦμα
3747 1160 3989 1226 ἐδίδαξεν

2424 1238 2499 1300 ὡς
2552 1237 2768 1303 ἀληθῶς
2824 1240 3203 1311 φθεγξάμενος
3245 1245 3462 1298 τοιάδεο
3513 1246 3569 1299 '0
3622 1250 3834 1319 καρπὸς
3886 1253 3986 1306 τοῦ

2428 1332 2746 1400 Πνεῦματος
2789 1337 2980 1405 πρώτη
3027 1337 3213 1407 ἀγάπη
3253 1339 3428 1403 πέλει,
3456 1341 3619 1412 χαρὰ,
3667 1345 3854 1414 εἰρήνη
3886 1350 3988 1399 σὺν

2425 1428 2609 1489 αὐτοῖς
2655 1425 2751 1479 καὶ
2788 1428 2821 1493 ὴ
2877 1429 3249 1499 μακροθυμία,
3304 1429 3563 1495 ὡσαύτως
3596 1436 3629 1503 ἡ
3680 1437 3991 1504 χρηστότης

2424 1519 2518 1570 καὶ
2572 1520 2605 1586 ἡ
2660 1518 3009 1589 ἀγαθωσύνη,
3072 1522 3336 1591 πραότης,
3392 1521 3572 1584 πίστις
3629 1524 3832 1593 ἀληθὴς
3890 1530 3989 1579 καὶ

2425 1610 2723 1677 ἐγκράτεια
2778 1611 3049 1665 ἁπάντων.
3105 1613 3214 1664 Καὶ
3277 1613 3509 1682 ἀλλαχοῦ
3565 1616 3726 1666 πάλιν
3784 1618 3987 1687 φησίν·

2434 1720 2451 1751 ι
2476 1701 2739 1768 Ἀδελφοῖ,
2775 1705 2852 1773 μὴ
2877 1703 3157 1757 πλανᾶσθε
3179 1716 3194 1732 ⁸
3234 1703 3358 1755 οὒτε
3398 1708 3596 1775 μοιχοὶ,
3623 1706 3744 1759 οῦτε
3775 1711 3988 1779 πόρνοι,

2428 1791 2549 1845 οὔτε
2578 1794 2977 1861 ἀρσενοκοῖται,
3008 1794 3105 1864 οὐχ
3143 1793 3409 1862 ἅρπαγες.
3444 1798 3503 1847 οὗ
3532 1795 3780 1865 λοίδοροι,
3816 1797 3845 1865 ἦ
3878 1816 3983 1866 μι-

2424 1886 2603 1949 λακοὶ,
2638 1886 2670 1955 ἢ
2706 1884 2935 1937 κλέπται
2960 1902 2973 1916 ⁸
3005 1887 3065 1938 οῦ
3100 1885 3345 1955 μέθυσοι,
3372 1887 3471 1939 οῦκ
3503 1888 3695 1953 ἄδικοι,
3722 1888 3832 1942 ἀλλ’
3864 1889 3989 1941 οὐδὲ

2422 1976 2770 2040 πλεονέκται,
2801 1975 3083 2045 βασιλείαν
3122 1977 3222 2047 τὴν
3254 1978 3349 2031 τοῦ
3396 1977 3529 2031 Θεοῦ
3576 1978 3636 2031 οὐ
3684 1979 3758 2049 μὴ
3790 1980 3991 2050 κληρο-

2423 2066 2743 2134 νομήσουσι.
2774 2086 2792 2116 ι

2494 2155 2555 2209 ε’.
2596 2155 2758 2208 Ἀλλά
2810 2158 2916 2225 πρὸ
2966 2160 3167 2212 τούτων
3201 2158 3417 2213 πάντων
3447 2160 3503 2212 δὲ
3543 2162 3638 2214 καὶ
3674 2163 3778 2214 τῶν
3810 2162 3991 2216 ἄλλων

2427 2247 2686 2300 ἁπάντων
2732 2247 2831 2314 τὴν
2858 2247 2951 2299 τοῦ
2995 2250 3142 2302 θείου
3178 2249 3551 2320 βαπτίσματος
3583 2255 3819 2324 φρικτὴν
3858 2257 3991 2324 ὀμο-

2423 2335 2633 2403 λογίαν,
2660 2336 2727 2407 ἦν
2753 2338 3099 2391 ἀπαιτεῖσθαι
3120 2341 3385 2410 μέλλομεν
3412 2342 3596 2410 μικροί
3621 2358 3678 2394 τε
3699 2347 3789 2395 καὶ
3814 2347 3988 2414 μεγὰο

2422 2423 2505 2476 λοι
2552 2426 2607 2477 ἐν
2642 2426 2890 2493 μέλλοντι
2936 2428 3111 2482 αἰῶνι.
3162 2429 3268 2480 Καὶ
3307 2431 3413 2499 γὰρ
3451 2432 3876 2499 ἁποτασσόμεθα
3907 2435 3988 2502 τῷ

2425 2515 2654 2585 διαϐόλῳ
2674 2517 2892 2581 πάντες,
2914 2520 3005 2569 καὶ
3028 2522 3136 2580 τοῖς
3160 2520 3340 2587 ἔργοις
3366 2522 3527 2574 αὑτοῦ
3554 2524 3705 2583 πᾶσι,
3726 2524 3817 2574 καὶ
3840 2525 3988 2594 πάσῃ

2424 2608 2651 2679 λατρεία
2686 2609 2782 2661 καὶ
2807 2612 2956 2678 πάσῃ
2994 2614 3059 2680 τῇ
3097 2616 3285 2681 πομπῇ
3320 2614 3484 2666 αὐτοῦ
3527 2617 3760 2682 τρισσῶς
3797 2618 3991 2685 ὁμολο-

2425 2698 2665 2767 γοῦντες.
2698 2702 2806 2751 Καὶ
2848 2701 2917 2753 τὰ
2975 2702 3071 2770 μὲν
3112 2702 3318 2770 ψυχικὲι
3346 2704 3491 2772 πάϐη
3543 2706 3988 2775 ἀπαριθμοῦνται

2423 2790 2621 2852 οῦτωςν
2649 2792 2864 2859 πρῶτον
2890 2792 3286 2862 ὑπερηφανεῖα,
3306 2794 3496 2861 φθόνος
3528 2795 3660 2863 ὁμοῦ
3693 2801 3783 2848 καὶ
3810 2800 3988 2864 μῖτος,

2425 2882 2756 2951 παράλογος,
2795 2884 2886 2934 καὶ
2921 2885 3016 2935 σὺν
3036 2886 3229 2947 αὐτοῖς
3261 2888 3286 2937 ό
3331 2887 3545 2951 φθόνος,
3570 2887 3830 2954 ἐπιθυμία
3858 2890 3988 2942 ἀτο-

2424 2988 2543 3037 πος,
2583 2973 2772 3042 θυμὸς,
2798 2972 2937 3042 ὀργὴ
2953 2977 3216 3042 ἀπρεπεῖς
3238 2976 3484 3045 λογισμοί
3504 2995 3559 3031 τε
3578 3018 3591 3039 ,
3607 2977 3864 3046 λοιδορία,
3890 2996 3989 3031 κα-

2421 3062 2692 3130 τάκρισις,
2727 3062 2902 3132 ζῆλος,
2942 3064 3243 3127 πλεονεξία,
3272 3065 3486 3133 κλεψία,
3529 3068 3691 3135 μέθη,
3735 3070 3988 3136 ἁρπαγὴ,

759 3140 848 3193 lia.
883 3138 1134 3192 Carnalia
1167 3145 1345 3188 autem
1380 3134 1581 3202 pariter
1609 3136 1686 3186 sic
1712 3143 2067 3187 numerantur
2101 3153 2114 3188 :
2145 3136 2322 3187 molii-
2348 3173 2390 3230 ο

2348 3173 2390 3230 C
2425 3153 2518 3203 xui.
2550 3154 2747 3220 ἀκηδία
2790 3156 2968 3205 πᾶσα·
2996 3154 3169 3208 ταῦτά
3197 3160 3302 3209 είσι
3343 3158 3412 3209 τὰ
3450 3157 3655 3227 ψυχαὶ
3708 3158 3845 3227 ἔργα
3894 3160 4002 3211 τοῦ»

758 3232 880 3295 ties,
938 3228 1244 3289 fornicatio,
1308 3226 1657 3289 adulterium,
1714 3226 2079 3278 masculorum
2121 3241 2317 3293 puero-

755 3336 987 3389 rumque
1019 3333 1219 3371 vesana
1252 3317 1714 3385 concupiscentia,
1773 3318 1966 3384 triplex
2021 3317 2319 3370 bestialilas

754 3428 817 3467 ac
867 3411 1226 3472 volucrilitas,
1285 3420 1337 3461 et
1388 3410 1679 3477 cujuslibet
1733 3410 2063 3477 iinpuritatis
2115 3409 2316 3462 studia.

751 3505 944 3559 Cultus
975 3518 1102 3555 vero
1133 3502 1366 3561 Satanae,
1401 3512 1460 3553 ut
1520 3502 1593 3554 ita
1648 3502 1850 3566 dicam,
1905 3509 1985 3553 est
2020 3519 2033 3554 :
2085 3500 2319 3558 Credere

756 3598 1143 3657 divinationes,
1204 3608 1487 3646 recurrere
1524 3592 1588 3645 ad
1648 3609 1869 3661 magos,
1928 3595 2229 3661 astrologos
2267 3602 2320 3645 et

756 3690 1204 3745 necromanticos
1257 3688 1546 3749 invocare,
1602 3688 1838 3738 amulela
1888 3695 1943 3738 et
1986 3685 2319 3756 pbylaeteria

755 3785 1052 3851 suscipere,
1079 3788 1250 3842 vates,
1283 3787 1337 3831 et
1360 3778 1800 3840 hordeomantas,
1822 3778 2088 3829 daemonia
2116 3778 2321 3829 haben-

754 3885 860 3935 tes,
886 3884 1144 3941 augures,
1186 3869 1480 3935 omniaque
1509 3882 1842 3934 paganorum
1907 3873 1961 3918 et
2018 3865 2318 3919 inﬁdelium

755 3966 934 4019 studia
966 3962 1270 4014 admittere.
1310 3957 1434 4012 Haec
1485 3958 1665 4009 omnia
1708 3958 1913 4010 cultum
1946 3956 2145 4010 diaboli
2186 3971 2320 4009 col;-

755 4057 1009 4108 stituunt.
1069 4049 1365 4103 Dicendum
1416 4063 1545 4116 ergo
1596 4056 1843 4115 superest
1874 4062 1996 4114 quae
2026 4047 2097 4099 sit
2127 4060 2319 4113 pompa

755 4145 968 4198 Satanae
1004 4157 1018 4193 ί
1052 4138 1330 4207 tragoedia:
1356 4147 1583 4190 etomne
1604 4139 1749 4189 aliud
1775 4152 2035 4206 organum
2066 4136 2315 4198 luxuriae,

758 4247 1038 4289 taurorum
1077 4244 1470 4298 seniorumque
1520 4228 1840 4290 certamina,
1910 4238 2072 4296 atque
2125 4228 2321 4296 hippo-

755 4326 953 4379 dromi.
989 4326 1113 4375 [late
1165 4324 1218 4374 in
1258 4322 1442 4372 divino
1504 4319 1720 4370 lavacro
1767 4319 2063 4370 abominati
2127 4334 2318 4372 sumus

754 4432 973 4486 unaque
1035 4415 1293 4468 Satanam
1360 4411 1506 4464 velut
1573 4411 1789 4464 illorum
1850 4409 2207 4479 magistrum,
2266 4421 2320 4464 et

756 4509 975 4561 Christo
1018 4521 1212 4559 sumus
1244 4504 1461 4571 obligati
1516 4502 1581 4553 ad
1632 4510 1779 4553 recte
1833 4500 1933 4567 ipsi
1966 4502 2317 4565 credendum,
2346 4539 2399 4598 Β

757 4598 1285 4663 ctistodLendumque
1315 4600 1578 4661 praecepta
1608 4591 1698 4643 Dei
1747 4600 1800 4644 et
1849 4590 2169 4655 Salvatoris,
2199 4607 2319 4661 qua:

756 4704 882 4743 cum
914 4688 1029 4743 suis
1055 4685 1318 4755 apostolis
1359 4682 1730 4737 conversando
1784 4683 1988 4746 docuit,
2017 4684 2318 4738 abhorren-

758 4785 885 4834 dum
918 4780 1132 4846 quidem
1170 4793 1199 4828 a
1248 4776 1403 4827 malis
1436 4775 1579 4827 velut
1616 4774 1872 4842 operibus
1901 4775 2123 4837 diaboli,
2157 4784 2319 4844 atque

759 4870 1135 4927 inhaerendum
1189 4867 1343 4921 bonis
1408 4874 1463 4919 ut
1553 4864 1765 4918 Domini
1832 4866 2123 4919 mandatis.
2175 4866 2314 4930 Quid

761 4963 972 5020 multa?
1002 4962 1133 5016 lluic
1164 4961 1283 5014 vitm
1332 4961 1590 5014 divinitus
1637 4970 1850 5014 statutae
1895 4960 2195 5013 conditioni
2220 4959 2317 5012 ad-

759 5058 885 5110 dicti
909 5056 1060 5124 parvi
1095 5063 1149 5107 et
1180 5053 1383 5121 magni,
1415 5052 1651 5121 episcopi
1680 5062 1733 5104 et
1764 5067 1937 5120 reges,
1962 5053 2213 5104 monachi
2263 5060 2317 5105 et

759 5147 975 5216 plebeii,
1015 5152 1291 5213 magnatcs
1319 5151 1373 5196 et
1400 5158 1685 5212 pauperes,
1744 5146 2031 5211 omnisque
2083 5142 2321 5197 ﬁdelium

760 5236 1051 5289 multitudo
1082 5235 1365 5304 .rationetn
1402 5237 1627 5287 reddere
1671 5235 1951 5287 debemus.
1984 5231 2109 5287 llzec
2141 5244 2319 5287 autem

758 5346 878 5400 qua:
934 5329 1127 5399 scripsi
1166 5343 1273 5381 non
1317 5338 1444 5380 sunt
1492 5329 1711 5397 propria
1767 5328 2188 5389 monachorum,
2222 5328 2318 5381 sed

760 5424 1005 5477 omnium
1038 5422 1276 5475 ﬁdelium
1305 5420 1614 5488 Christique
1655 5422 1854 5489 gregis.

2428 3242 2700 3293 διαϐόλου.
2721 3244 2993 3307 Ὡσαύτως
3016 3246 3084 3297 τὰ
3111 3252 3400 3316 σωματικὰ
3433 3249 3871 3321 ἀπαριθμοῦνται
3901 3250 3996 3302 οὖ·

2428 3349 2556 3394 τωςο
2587 3333 2851 3402 μαλακία,
2876 3338 3101 3403 πορνεία
3133 3355 3191 3390 τε
3225 3340 3319 3391 καὶ
3354 3344 3539 3410 μοιχία
3571 3344 3664 3394 σὺν
3701 3344 3932 3404 τούτοις.
3958 3346 3991 3409 ἡ

2428 3425 2801 3492 ἀρρενομανία
2834 3442 2892 3477 τε
2927 3429 3021 3479 καὶ
3069 3429 3100 3497 ἡ
3135 3430 3517 3499 παιδοφθορία,
3555 3434 3886 3499 κτηνοϐατῖα
3935 3451 3997 3486 τε

2426 3515 2625 3583 τριπλῆ
2659 3519 2751 3568 7.1".
2783 3519 2816 3585 ἡ
2846 3521 3201 3585 πτηνοϐατία,
3230 3522 3323 3572 καὶ
3353 3525 3421 3573 τά
3450 3523 3859 3591 ἐπιτηδεύματα
3889 3525 3996 3577 πά-

2431 3623 2529 3674 σης
2548 3607 2910 3677 ἀκαθαρσίας.
2926 3609 2987 3661 Ἠ
3014 3611 3067 3662 δε
3086 3612 3307 3680 λατρεία
3338 3613 3431 3664 τοῦ
3452 3614 3770 3676 Σατανᾶ,ὠς
3793 3617 3991 3679 εἰπεῖν,

2426 3696 2572 3750 ἐστιν
2596 3697 2731 3769 αῦτη
2755 3714 2772 3729 ·
2807 3701 2865 3752 τὸ
2909 3701 3187 3752 πιστεύειν
3225 3703 3577 3770 μαντεύματα
3624 3707 3852 3766 καὶτοῖς
3883 3708 3991 3773 μά-

2428 3805 2543 3855 γοις
2570 3791 2950 3857 προστρέχειν,
2978 3792 3105 3850 τοὺς
3135 3792 3504 3860 ἀστρονόμους
3536 3794 3863 3861 προσκαλεῖν
3897 3796 3993 3847 καὶ

2427 3881 2551 3940 τοὺς
2609 3881 3013 3947 νεφοδιώκταςο
3052 3882 3113 3933 τὸ
3169 3882 3416 3951 φνλακτὲι
3467 3885 3861 3953 προσδέχεσθαι
3897 3888 3995 3937 καὶ

2425 3969 2492 4021 τά
2527 3970 2803 4035 περίαπτά
2849 3988 2930 4034 τε,
2964 3971 3221 4039 γοητείας
3270 3974 3677 4043 παραδέχεσθαι
3722 3977 3816 4028 καὶ
3863 3979 3996 4036 τοὺς

2427 4062 2917 4130 κριθαρομάντεις,
2970 4063 3097 4125 τοὺς
3143 4063 3364 4132 ἔχοντας
3403 4069 3525 4123 τοὺς
3560 4067 3839 4136 δαίμονας,
3898 4070 3995 4119 καὶ

2425 4152 2554 4214 τοὺς
2605 4153 3021 4221 όρνεοσκόπους,
3052 4156 3145 4219 καὶ
3189 4157 3338 4208 ἅπαν
3378 4157 3720 4226 ἐπιτήδευμα
3762 4158 3995 4209 ἐθνικῶν

2428 4244 2522 4296 καὶ
2562 4244 2834 4296 ἀπίστων’
2871 4243 3044 4296 ταῦτα
3093 4246 3316 4315 λατρεία
3348 4248 3560 4313 πέφυκε
3610 4249 3703 4299 τοῦ
3738 4248 3992 4300 διαϐόλου

2430 4335 2629 4387 πάντα.
2676 4336 2939 4387 Λείπεται
2986 4332 3079 4388 οὖν
3125 4336 3314 4389 λοιπὸν
3366 4341 3543 4389 εἰπεῖν
3593 4339 3735 4408 τίςὴ
3793 4342 3992 4407 πομπὴ

2428 4428 2645 4479 Σατανᾶ
2678 4426 2935 4495 ὑπήρχει.
2983 4426 3243 4495 Μάτζεφε
3294 4429 3701 4499 τραγῳδηματα
3746 4432 3839 4482 καὶ
3883 4433 3993 4481 πᾶν

2426 4517 2659 4586 ὄργανον
2686 4518 2834 4581 ἄλλο,
2860 4516 3056 4570 ταυλία
3090 4520 3182 4569 καὶ
3213 4517 3472 4585 ζατρίκια
3506 4522 3601 4570 καὶ
3652 4522 3707 4569 αἱ
3734 4520 3996 4587 ἱπποδρο-

2434 4608 2591 4678 μίαν
2648 4608 2820 4661 ταῦτα
2852 4608 3209 4674 ἀπευξάμεθα
3252 4610 3309 4659 ὲν
3356 4611 3433 4677 τῷ
3472 4609 3678 4677 λουτρῷ
3730 4608 3808 4677 τῷ
3839 4610 3992 4679 θείῳ,

2430 4701 2523 4752 καὶ
2556 4702 2651 4753 σὺν
2682 4701 2864 4761 αὐτοῖς
2894 4700 2985 4751 τὸν
3033 4699 3276 4751 Σατανᾶν
3303 4700 3375 4761 ὡς
3415 4699 3731 4751 διδάσκαλον
3761 4698 3992 4761 τιύτων,

2430 4790 2523 4841 καὶ
2572 4788 2947 4858 συνετάγημεν
2994 4788 3236 4857 Χριστῷ,
3277 4789 3451 4858 ὀρθῶς
3496 4788 3644 4856 αὑτῷ
3688 4790 3993 4851 πιστεῦεν,

2430 4879 2720 4945 φυλάττειν
2768 4895 2828 4929 τε
2882 4878 3211 4947 πρόσταγμα
3260 4878 3354 4930 τοῦ
3401 4877 3537 4929 Θεοῦ
3569 4878 3663 4928 καὶ
3712 4876 3994 4944 Σωτῆρος,

2431 4962 2577 5031 ἆπερ
2610 4964 2858 5016 ἐδίδασκε
2916 4965 3089 5020 συνὼν
3134 4968 3248 5027 τοῖς
3279 4966 3442 5019 αὑτοῦ
3500 4965 3844 5026 ἀποστόλοις,
3885 4965 3995 5014 τᾶν

2432 5056 2533 5123 μὲν
2560 5058 2746 5109 κακῶν
2798 5059 3099 5128 ἀπέχεσθαι
3134 5060 3207 5121 ὡς
3253 5058 3431 5127 ἔργων
3476 5057 3753 5117 διαϐόλου,
3794 5056 3903 5106 τῶν
3938 5056 3995 5106 δὲ

2428 5148 2608 5200 καλῶν
2643 5149 2965 5218 ἀντέχεσθαι
3006 5151 3081 5214 ὼς
3118 5151 3349 5203 ἐντολῶν
3381 5149 3606 5217 Κυρίου.
3635 5146 3854 5213 Ταύτην
3888 5146 3996 5196 λοι-

2430 5240 2551 5301 πὸν,
2577 5242 2651 5303 ὡς
2677 5243 2917 5312 εἴρηται,
2951 5244 3050 5312 τὴν
3081 5245 3349 5310 συνταγὴν
3388 5244 3484 5309 τὴν
3541 5241 3688 5292 Θείαν
3737 5255 3995 5305 προσαπ-

2426 5332 2696 5385 αιτεῖσθαι
2738 5334 3001 5403 μέλλομεν
3046 5335 3233 5403 μικροί
3265 5351 3321 5386 τε
3364 5336 3460 5387 καὶ
3488 5334 3739 5402 μεγάλοι,
3768 5334 3995 5384 ἐπίσκο-

2425 5438 2514 5473 ποι
2548 5424 2642 5474 καὶ
2675 5422 2934 5492 βασιλεῖς,
2974 5428 3194 5495 μοναχοὶ
3225 5426 3320 5478 καὶ
3359 5424 3603 5493 μιγάδες,
3648 5424 3911 5491 ἄρχοντές
3937 5438 3993 5471 τε

760 5514 853 5565 καὶ
894 5515 1146 5581 πένητες,
1204 5513 1299 5565 καὶ
1334 5513 1440 5573 πᾶς
1488 5512 1694 5564 πιστῶν
1730 5514 1757 5562 ό
1802 5511 1995 5579 δῆμος.
2047 5509 2233 5564 Ταῦτα
2268 5514 2322 5564 δὲ
2362 5512 2503 5584 ἅπερ
2569 5517 2801 5588 ἔγραψα,
2855 5519 2954 5571 οὐκ
3020 5520 3125 5572 εἰσὶ
3171 5518 3537 5589 μοναζόντων,
3583 5514 3719 5570 ἀλλὰ
3769 5517 3989 5567 παντων

756 5607 862 5658 τῶν
888 5604 1091 5657 πιστῶν
1121 5606 1213 5656 καὶ
1242 5602 1477 5674 Χριστοῦ
1509 5603 1604 5671 τῆς
1634 5603 1899 5673 μερίδοςά

864 5769 907 5800 ¹³
932 5766 1116 5821 Mulli).
1157 5782 1268 5832 XIX,
1300 5766 1387 5821 ⁸21.
1470 5766 1507 5797 ’⁸
1536 5768 1709 5821 Calai.
1752 5784 1801 5831 κ’,
1830 5767 1918 5820 ‘22.

2001 5767 2087 5820 ιιι
2120 5766 2248 5822 Cor.
2277 5781 2353 5833 vi,
2389 5766 2441 5820 9.
