  <div class='ocr_page' id='page_1' title='image "/cluster/home/n/w/nwhite01/storage/ocr_20150623/111/nnc1.0046979743/204.png"; bbox 0 0 4208 6432; ppageno 0'>
   <div class='ocr_carea' id='block_1_1' title="bbox 209 433 309 494">
    <p class='ocr_par' dir='ltr' id='par_1_1' title="bbox 209 433 309 494">
     <span class='ocr_line' id='line_1_1' title="bbox 209 433 309 494; baseline 0 0"><span class='ocrx_word' id='word_1_1' title='bbox 209 433 309 494; x_wconf 75' lang='lat'><strong>397</strong></span> 
     </span>
    </p>
   </div>
   <div class='ocr_carea' id='block_1_2' title="bbox 1441 402 2247 470">
    <p class='ocr_par' dir='ltr' id='par_1_2' title="bbox 1441 402 2247 470">
     <span class='ocr_line' id='line_1_2' title="bbox 1441 402 2247 470; baseline -0.012 0"><span class='ocrx_word' id='word_1_2' title='bbox 1441 410 1541 470; x_wconf 89' lang='lat' dir='ltr'><strong>DE</strong></span> <span class='ocrx_word' id='word_1_3' title='bbox 1582 406 1758 470; x_wconf 90' lang='lat' dir='ltr'><strong>VITA</strong></span> <span class='ocrx_word' id='word_1_4' title='bbox 1795 402 2247 465; x_wconf 81' lang='lat' dir='ltr'><strong>MONAS’I‘ICA.</strong></span> 
     </span>
    </p>
   </div>
   <div class='ocr_carea' id='block_1_3' title="bbox 3339 407 3442 477">
    <p class='ocr_par' dir='ltr' id='par_1_3' title="bbox 3339 407 3442 477">
     <span class='ocr_line' id='line_1_3' title="bbox 3339 407 3442 477; baseline 0.058 -6"><span class='ocrx_word' id='word_1_5' title='bbox 3339 407 3442 477; x_wconf 73' lang='lat'><strong>393</strong></span> 
     </span>
    </p>
   </div>
   <div class='ocr_carea' id='block_1_4' title="bbox 283 513 1945 603">
    <p class='ocr_par' dir='ltr' id='par_1_4' title="bbox 283 523 1861 603">
     <span class='ocr_line' id='line_1_4' title="bbox 283 523 1861 603; baseline -0.014 -12"><span class='ocrx_word' id='word_1_6' title='bbox 283 546 361 603; x_wconf 82' lang='grc' dir='ltr'>ς’.</span> <span class='ocrx_word' id='word_1_7' title='bbox 396 536 517 589; x_wconf 88' lang='grc' dir='ltr'>Τῶν</span> <span class='ocrx_word' id='word_1_8' title='bbox 579 533 829 603; x_wconf 84' lang='grc' dir='ltr'>μοναχῶν</span> <span class='ocrx_word' id='word_1_9' title='bbox 885 530 963 593; x_wconf 82' lang='grc' dir='ltr'>δὲ,</span> <span class='ocrx_word' id='word_1_10' title='bbox 1013 529 1086 592; x_wconf 84' lang='grc' dir='ltr'>ὼς</span> <span class='ocrx_word' id='word_1_11' title='bbox 1129 524 1286 595; x_wconf 75' lang='grc' dir='ltr'>ἔφην,</span> <span class='ocrx_word' id='word_1_12' title='bbox 1347 523 1502 586; x_wconf 84' lang='grc' dir='ltr'>ἀλλος</span> <span class='ocrx_word' id='word_1_13' title='bbox 1549 523 1784 590; x_wconf 81' lang='grc' dir='ltr'><strong>ὑπάρχει</strong></span> <span class='ocrx_word' id='word_1_14' title='bbox 1815 525 1861 578; x_wconf 76' lang='grc' dir='ltr'><strong>Α</strong></span> 
     </span>
    </p>
   </div>
   <div class='ocr_carea' id='block_1_5' title="bbox 1780 513 3442 603">
    <p class='ocr_par' dir='ltr' id='par_1_5' title="bbox 1780 513 3442 581">
     <span class='ocr_line' id='line_1_5' title="bbox 1780 513 3442 581; baseline 0.002 -12"><span class='ocrx_word' id='word_1_15' title='bbox 1780 559 1784 569; x_wconf 93' lang='grc'><strong>.</strong></span> <span class='ocrx_word' id='word_1_16' title='bbox 1815 525 1861 578; x_wconf 75' lang='grc' dir='ltr'><strong>Α</strong></span> <span class='ocrx_word' id='word_1_17' title='bbox 1957 515 2009 569; x_wconf 88' lang='lat'><strong>6.</strong></span> <span class='ocrx_word' id='word_1_18' title='bbox 2043 514 2430 570; x_wconf 85' lang='lat' dir='ltr'><strong>Monacborum</strong></span> <span class='ocrx_word' id='word_1_19' title='bbox 2459 529 2587 570; x_wconf 85' lang='lat' dir='ltr'><strong>vero</strong></span> <span class='ocrx_word' id='word_1_20' title='bbox 2615 516 2751 570; x_wconf 82' lang='lat' dir='ltr'><strong>sicut</strong></span> <span class='ocrx_word' id='word_1_21' title='bbox 2780 515 2912 581; x_wconf 82' lang='lat' dir='ltr'><strong>dixi,</strong></span> <span class='ocrx_word' id='word_1_22' title='bbox 2945 516 3082 572; x_wconf 90' lang='lat' dir='ltr'><strong>alius</strong></span> <span class='ocrx_word' id='word_1_23' title='bbox 3116 528 3196 573; x_wconf 84' lang='lat' dir='ltr'><strong>est</strong></span> <span class='ocrx_word' id='word_1_24' title='bbox 3232 513 3442 573; x_wconf 75' lang='lat' dir='ltr'><strong>vivendi</strong></span> 
     </span>
    </p>
   </div>
   <div class='ocr_carea' id='block_1_6' title="bbox 211 607 1780 701">
    <p class='ocr_par' dir='ltr' id='par_1_6' title="bbox 211 607 1780 701">
     <span class='ocr_line' id='line_1_6' title="bbox 211 607 1780 701; baseline -0.004 -21"><span class='ocrx_word' id='word_1_25' title='bbox 211 632 356 701; x_wconf 75' lang='grc' dir='ltr'>βίος,</span> <span class='ocrx_word' id='word_1_26' title='bbox 396 629 529 680; x_wconf 73' lang='grc' dir='ltr'>διότι</span> <span class='ocrx_word' id='word_1_27' title='bbox 583 625 971 694; x_wconf 84' lang='grc' dir='ltr'>ἀπηρνήσαντο</span> <span class='ocrx_word' id='word_1_28' title='bbox 1011 622 1102 673; x_wconf 80' lang='grc' dir='ltr'><strong>τὸν</strong></span> <span class='ocrx_word' id='word_1_29' title='bbox 1137 619 1314 671; x_wconf 84' lang='grc' dir='ltr'>πάντα</span> <span class='ocrx_word' id='word_1_30' title='bbox 1367 617 1570 683; x_wconf 78' lang='grc' dir='ltr'><strong>κόσμον</strong></span> <span class='ocrx_word' id='word_1_31' title='bbox 1612 607 1780 701; x_wconf 54' lang='grc' dir='ltr'>οὗτοι,</span> 
     </span>
    </p>
   </div>
   <div class='ocr_carea' id='block_1_7' title="bbox 212 700 1786 786">
    <p class='ocr_par' dir='ltr' id='par_1_7' title="bbox 212 700 1786 786">
     <span class='ocr_line' id='line_1_7' title="bbox 212 700 1786 786; baseline -0.013 -16"><span class='ocrx_word' id='word_1_32' title='bbox 212 700 314 770; x_wconf 76' lang='grc' dir='ltr'>καὶ</span> <span class='ocrx_word' id='word_1_33' title='bbox 350 717 569 786; x_wconf 78' lang='grc' dir='ltr'>ἔχουσιν</span> <span class='ocrx_word' id='word_1_34' title='bbox 621 711 907 782; x_wconf 76' lang='grc' dir='ltr'>ἀκρίϐειαν</span> <span class='ocrx_word' id='word_1_35' title='bbox 947 709 1186 778; x_wconf 75' lang='grc' dir='ltr'>φοϐερὰν</span> <span class='ocrx_word' id='word_1_36' title='bbox 1232 707 1325 758; x_wconf 60' lang='grc' dir='ltr'>καὶ.</span> <span class='ocrx_word' id='word_1_37' title='bbox 1368 702 1634 774; x_wconf 81' lang='grc' dir='ltr'><strong>μεγάλην.</strong></span> <span class='ocrx_word' id='word_1_38' title='bbox 1677 700 1786 752; x_wconf 78' lang='grc' dir='ltr'>Καὶ</span> 
     </span>
    </p>
   </div>
   <div class='ocr_carea' id='block_1_8' title="bbox 213 791 1787 880">
    <p class='ocr_par' dir='ltr' id='par_1_8' title="bbox 213 791 1787 880">
     <span class='ocr_line' id='line_1_8' title="bbox 213 791 1787 880; baseline -0.015 -18"><span class='ocrx_word' id='word_1_39' title='bbox 213 810 326 880; x_wconf 69' lang='grc' dir='ltr'>γὰρ</span> <span class='ocrx_word' id='word_1_40' title='bbox 382 806 521 877; x_wconf 85' lang='grc' dir='ltr'><strong>μετά</strong></span> <span class='ocrx_word' id='word_1_41' title='bbox 581 802 692 856; x_wconf 90' lang='grc' dir='ltr'><strong>τῶν</strong></span> <span class='ocrx_word' id='word_1_42' title='bbox 749 801 957 856; x_wconf 85' lang='grc' dir='ltr'>ἀνωθεν</span> <span class='ocrx_word' id='word_1_43' title='bbox 1024 797 1343 869; x_wconf 75' lang='grc' dir='ltr'>γραφέντων</span> <span class='ocrx_word' id='word_1_44' title='bbox 1436 791 1787 880; x_wconf 74' lang='grc' dir='ltr'>ἐνταλμάτων</span> 
     </span>
    </p>
   </div>
   <div class='ocr_carea' id='block_1_9' title="bbox 216 877 1793 964">
    <p class='ocr_par' dir='ltr' id='par_1_9' title="bbox 216 877 1793 964">
     <span class='ocr_line' id='line_1_9' title="bbox 216 877 1793 964; baseline -0.015 -12"><span class='ocrx_word' id='word_1_45' title='bbox 216 877 448 952; x_wconf 75' lang='grc' dir='ltr'>πλείονα</span> <span class='ocrx_word' id='word_1_46' title='bbox 474 897 574 964; x_wconf 80' lang='grc' dir='ltr'>τὴν</span> <span class='ocrx_word' id='word_1_47' title='bbox 598 893 884 960; x_wconf 77' lang='grc' dir='ltr'>ἀκρίϐειαν</span> <span class='ocrx_word' id='word_1_48' title='bbox 910 885 1412 959; x_wconf 82' lang='grc' dir='ltr'>προσαπαιτοῦνται</span> <span class='ocrx_word' id='word_1_49' title='bbox 1435 877 1597 947; x_wconf 77' lang='grc' dir='ltr'>οὗτοι,</span> <span class='ocrx_word' id='word_1_50' title='bbox 1627 883 1793 947; x_wconf 76' lang='grc' dir='ltr'><strong>ἀκτη⁴</strong></span> 
     </span>
    </p>
   </div>
   <div class='ocr_carea' id='block_1_10' title="bbox 220 969 1789 1064">
    <p class='ocr_par' dir='ltr' id='par_1_10' title="bbox 220 969 1789 1064">
     <span class='ocr_line' id='line_1_10' title="bbox 220 969 1789 1064; baseline -0.013 -22"><span class='ocrx_word' id='word_1_51' title='bbox 220 989 473 1064; x_wconf 83' lang='grc' dir='ltr'>μοσύνην</span> <span class='ocrx_word' id='word_1_52' title='bbox 505 987 763 1052; x_wconf 77' lang='grc' dir='ltr'>παντελῆ,</span> <span class='ocrx_word' id='word_1_53' title='bbox 793 982 1089 1053; x_wconf 80' lang='grc' dir='ltr'>παρθενίαν</span> <span class='ocrx_word' id='word_1_54' title='bbox 1133 981 1212 1039; x_wconf 85' lang='grc' dir='ltr'>εἰς</span> <span class='ocrx_word' id='word_1_55' title='bbox 1242 976 1431 1042; x_wconf 80' lang='grc' dir='ltr'>ἄκρον,</span> <span class='ocrx_word' id='word_1_56' title='bbox 1463 969 1789 1064; x_wconf 75' lang='grc' dir='ltr'>ἐγκράτειάν</span> 
     </span>
    </p>
   </div>
   <div class='ocr_carea' id='block_1_11' title="bbox 215 1060 1788 1141">
    <p class='ocr_par' dir='ltr' id='par_1_11' title="bbox 215 1060 1788 1141">
     <span class='ocr_line' id='line_1_11' title="bbox 215 1060 1788 1141; baseline -0.016 -7"><span class='ocrx_word' id='word_1_57' title='bbox 215 1060 282 1135; x_wconf 73' lang='grc' dir='ltr'><strong>τε</strong></span> <span class='ocrx_word' id='word_1_58' title='bbox 313 1079 426 1132; x_wconf 87' lang='grc' dir='ltr'><strong>τῶν</strong></span> <span class='ocrx_word' id='word_1_59' title='bbox 466 1075 655 1130; x_wconf 80' lang='grc' dir='ltr'>παθῶν</span> <span class='ocrx_word' id='word_1_60' title='bbox 700 1071 835 1141; x_wconf 81' lang='grc' dir='ltr'>ὁμοῦ</span> <span class='ocrx_word' id='word_1_61' title='bbox 866 1071 959 1124; x_wconf 85' lang='grc' dir='ltr'>καὶ</span> <span class='ocrx_word' id='word_1_62' title='bbox 990 1070 1098 1123; x_wconf 89' lang='grc' dir='ltr'><strong>τῶν</strong></span> <span class='ocrx_word' id='word_1_63' title='bbox 1136 1067 1462 1137; x_wconf 80' lang='grc' dir='ltr'><strong>βρωμάτων,</strong></span> <span class='ocrx_word' id='word_1_64' title='bbox 1503 1060 1788 1129; x_wconf 78' lang='grc' dir='ltr'>αἰσθήσεις</span> 
     </span>
    </p>
   </div>
   <div class='ocr_carea' id='block_1_12' title="bbox 215 1151 1784 1240">
    <p class='ocr_par' dir='ltr' id='par_1_12' title="bbox 215 1151 1784 1240">
     <span class='ocr_line' id='line_1_12' title="bbox 215 1151 1784 1240; baseline -0.014 -17"><span class='ocrx_word' id='word_1_65' title='bbox 215 1171 640 1240; x_wconf 80' lang='grc' dir='ltr'>χαλιναγωγεῖν.</span> <span class='ocrx_word' id='word_1_66' title='bbox 676 1164 787 1216; x_wconf 87' lang='grc' dir='ltr'><strong>τῶν</strong></span> <span class='ocrx_word' id='word_1_67' title='bbox 827 1161 1013 1215; x_wconf 85' lang='grc' dir='ltr'>κακῶν</span> <span class='ocrx_word' id='word_1_68' title='bbox 1053 1175 1106 1210; x_wconf 84' lang='grc' dir='ltr'><strong>τι</strong></span> <span class='ocrx_word' id='word_1_69' title='bbox 1137 1159 1212 1228; x_wconf 81' lang='grc' dir='ltr'>μὴ</span> <span class='ocrx_word' id='word_1_70' title='bbox 1249 1157 1535 1226; x_wconf 83' lang='grc' dir='ltr'>πράττειν,</span> <span class='ocrx_word' id='word_1_71' title='bbox 1573 1151 1784 1221; x_wconf 86' lang='grc' dir='ltr'>ὅρασιν,</span> 
     </span>
    </p>
   </div>
   <div class='ocr_carea' id='block_1_13' title="bbox 215 1240 1792 1329">
    <p class='ocr_par' dir='ltr' id='par_1_13' title="bbox 215 1240 1792 1329">
     <span class='ocr_line' id='line_1_13' title="bbox 215 1240 1792 1329; baseline -0.015 -14"><span class='ocrx_word' id='word_1_72' title='bbox 215 1263 518 1329; x_wconf 75' lang='grc' dir='ltr'>ὖσφρησιν,</span> <span class='ocrx_word' id='word_1_73' title='bbox 559 1255 727 1324; x_wconf 80' lang='grc' dir='ltr'>ἁφὴν,</span> <span class='ocrx_word' id='word_1_74' title='bbox 770 1252 959 1320; x_wconf 79' lang='grc' dir='ltr'>ἀκοὴν,</span> <span class='ocrx_word' id='word_1_75' title='bbox 1003 1249 1098 1302; x_wconf 73' lang='grc' dir='ltr'>καὶ</span> <span class='ocrx_word' id='word_1_76' title='bbox 1123 1247 1222 1318; x_wconf 78' lang='grc' dir='ltr'>τὴν</span> <span class='ocrx_word' id='word_1_77' title='bbox 1261 1247 1450 1311; x_wconf 81' lang='grc' dir='ltr'>γεῦσιν</span> <span class='ocrx_word' id='word_1_78' title='bbox 1474 1258 1490 1275; x_wconf 88' lang='grc'><strong>·</strong></span> <span class='ocrx_word' id='word_1_79' title='bbox 1519 1241 1618 1310; x_wconf 78' lang='grc' dir='ltr'><strong>τὴν</strong></span> <span class='ocrx_word' id='word_1_80' title='bbox 1651 1240 1792 1310; x_wconf 73' lang='grc' dir='ltr'>ψαλ-</span> 
     </span>
    </p>
   </div>
   <div class='ocr_carea' id='block_1_14' title="bbox 223 1334 1792 1422">
    <p class='ocr_par' dir='ltr' id='par_1_14' title="bbox 223 1334 1792 1422">
     <span class='ocr_line' id='line_1_14' title="bbox 223 1334 1792 1422; baseline -0.013 -19"><span class='ocrx_word' id='word_1_81' title='bbox 223 1352 440 1422; x_wconf 74' lang='grc' dir='ltr'>μιρδίαν</span> <span class='ocrx_word' id='word_1_82' title='bbox 464 1351 743 1401; x_wconf 73' lang='grc' dir='ltr'>ἄπαυστον</span> <span class='ocrx_word' id='word_1_83' title='bbox 779 1342 874 1396; x_wconf 79' lang='grc' dir='ltr'>καὶ</span> <span class='ocrx_word' id='word_1_84' title='bbox 903 1339 1104 1408; x_wconf 79' lang='grc' dir='ltr'>πολλὴν</span> <span class='ocrx_word' id='word_1_85' title='bbox 1137 1334 1470 1405; x_wconf 87' lang='grc' dir='ltr'>ἀγρυπνίαν,</span> <span class='ocrx_word' id='word_1_86' title='bbox 1503 1334 1792 1403; x_wconf 83' lang='grc' dir='ltr'>χαμευνεῖν</span> 
     </span>
    </p>
   </div>
   <div class='ocr_carea' id='block_1_15' title="bbox 221 1423 1793 1506">
    <p class='ocr_par' dir='ltr' id='par_1_15' title="bbox 221 1423 1793 1506">
     <span class='ocr_line' id='line_1_15' title="bbox 221 1423 1793 1506; baseline -0.013 -13"><span class='ocrx_word' id='word_1_87' title='bbox 221 1443 322 1493; x_wconf 71' lang='grc' dir='ltr'><strong>καὶ</strong></span> <span class='ocrx_word' id='word_1_88' title='bbox 367 1437 674 1506; x_wconf 69' lang='grc' dir='ltr'>ξηροσιτεῖν</span> <span class='ocrx_word' id='word_1_89' title='bbox 719 1431 815 1485; x_wconf 77' lang='grc' dir='ltr'>καὶ</span> <span class='ocrx_word' id='word_1_90' title='bbox 850 1429 1109 1484; x_wconf 80' lang='grc' dir='ltr'>ἀλουσίαν</span> <span class='ocrx_word' id='word_1_91' title='bbox 1157 1424 1323 1493; x_wconf 77' lang='grc' dir='ltr'>ἔχειν.</span> <span class='ocrx_word' id='word_1_92' title='bbox 1377 1423 1793 1476; x_wconf 80' lang='grc' dir='ltr'>Συνδιαιτᾶσθαι</span> 
     </span>
    </p>
   </div>
   <div class='ocr_carea' id='block_1_16' title="bbox 220 1513 1795 1599">
    <p class='ocr_par' dir='ltr' id='par_1_16' title="bbox 220 1513 1795 1599">
     <span class='ocr_line' id='line_1_16' title="bbox 220 1513 1795 1599; baseline -0.012 -16"><span class='ocrx_word' id='word_1_93' title='bbox 220 1529 481 1599; x_wconf 78' lang='grc' dir='ltr'>γυναιξὶν</span> <span class='ocrx_word' id='word_1_94' title='bbox 513 1527 544 1597; x_wconf 84' lang='grc' dir='ltr'>ἢ</span> <span class='ocrx_word' id='word_1_95' title='bbox 588 1527 726 1584; x_wconf 85' lang='grc' dir='ltr'>ὅλως</span> <span class='ocrx_word' id='word_1_96' title='bbox 757 1524 907 1591; x_wconf 87' lang='grc' dir='ltr'>σχεῖν</span> <span class='ocrx_word' id='word_1_97' title='bbox 964 1517 1149 1586; x_wconf 87' lang='grc' dir='ltr'>φιλίαν</span> <span class='ocrx_word' id='word_1_98' title='bbox 1186 1515 1521 1586; x_wconf 81' lang='grc' dir='ltr'>ἀπαγορεύει</span> <span class='ocrx_word' id='word_1_99' title='bbox 1559 1518 1586 1568; x_wconf 89' lang='grc' dir='ltr'>ὁ</span> <span class='ocrx_word' id='word_1_100' title='bbox 1616 1513 1795 1567; x_wconf 82' lang='grc' dir='ltr'>κανὼν</span> 
     </span>
    </p>
   </div>
   <div class='ocr_carea' id='block_1_17' title="bbox 219 1603 1794 1687">
    <p class='ocr_par' dir='ltr' id='par_1_17' title="bbox 219 1603 1794 1687">
     <span class='ocr_line' id='line_1_17' title="bbox 219 1603 1794 1687; baseline -0.01 -14"><span class='ocrx_word' id='word_1_101' title='bbox 219 1624 340 1680; x_wconf 80' lang='grc' dir='ltr'>τοῖς</span> <span class='ocrx_word' id='word_1_102' title='bbox 383 1619 636 1687; x_wconf 82' lang='grc' dir='ltr'>μοναχοῖς</span> <span class='ocrx_word' id='word_1_103' title='bbox 681 1612 923 1674; x_wconf 83' lang='grc' dir='ltr'>τελείως,</span> <span class='ocrx_word' id='word_1_104' title='bbox 970 1610 1176 1680; x_wconf 80' lang='grc' dir='ltr'>μᾶλλον</span> <span class='ocrx_word' id='word_1_105' title='bbox 1205 1608 1261 1660; x_wconf 89' lang='grc' dir='ltr'>δὲ</span> <span class='ocrx_word' id='word_1_106' title='bbox 1298 1607 1394 1659; x_wconf 77' lang='grc' dir='ltr'>καὶ</span> <span class='ocrx_word' id='word_1_107' title='bbox 1442 1603 1794 1673; x_wconf 84' lang='grc' dir='ltr'>προσομιλεῖν</span> 
     </span>
    </p>
   </div>
   <div class='ocr_carea' id='block_1_18' title="bbox 221 1694 1792 1780">
    <p class='ocr_par' dir='ltr' id='par_1_18' title="bbox 221 1694 1792 1780">
     <span class='ocr_line' id='line_1_18' title="bbox 221 1694 1792 1780; baseline -0.011 -16"><span class='ocrx_word' id='word_1_108' title='bbox 221 1712 256 1780; x_wconf 73' lang='grc' dir='ltr'>ἢ</span> <span class='ocrx_word' id='word_1_109' title='bbox 286 1712 425 1771; x_wconf 76' lang='grc' dir='ltr'>ὅλως</span> <span class='ocrx_word' id='word_1_110' title='bbox 451 1705 781 1770; x_wconf 81' lang='grc' dir='ltr'>συνοδεύειν,</span> <span class='ocrx_word' id='word_1_111' title='bbox 813 1694 998 1756; x_wconf 81' lang='grc' dir='ltr'>παιδία.</span> <span class='ocrx_word' id='word_1_112' title='bbox 1021 1717 1080 1753; x_wconf 86' lang='grc' dir='ltr'><strong>τε</strong></span> <span class='ocrx_word' id='word_1_113' title='bbox 1127 1701 1201 1770; x_wconf 82' lang='grc' dir='ltr'>μὴ</span> <span class='ocrx_word' id='word_1_114' title='bbox 1233 1696 1556 1769; x_wconf 81' lang='grc' dir='ltr'>προσίεσθαι</span> <span class='ocrx_word' id='word_1_115' title='bbox 1600 1696 1632 1766; x_wconf 83' lang='grc' dir='ltr'>ἢ</span> <span class='ocrx_word' id='word_1_116' title='bbox 1659 1697 1792 1760; x_wconf 85' lang='grc' dir='ltr'>ὅλως</span> 
     </span>
    </p>
   </div>
   <div class='ocr_carea' id='block_1_19' title="bbox 227 1785 1796 1861">
    <p class='ocr_par' dir='ltr' id='par_1_19' title="bbox 227 1785 1796 1861">
     <span class='ocr_line' id='line_1_19' title="bbox 227 1785 1796 1861; baseline -0.01 -9"><span class='ocrx_word' id='word_1_117' title='bbox 227 1800 578 1861; x_wconf 77' lang='grc' dir='ltr'>συνδυαζειν,</span> <span class='ocrx_word' id='word_1_118' title='bbox 625 1792 947 1846; x_wconf 85' lang='grc' dir='ltr'>καταλαλεῖν</span> <span class='ocrx_word' id='word_1_119' title='bbox 1010 1789 1044 1858; x_wconf 83' lang='grc' dir='ltr'>ἢ</span> <span class='ocrx_word' id='word_1_120' title='bbox 1087 1789 1365 1859; x_wconf 82' lang='grc' dir='ltr'>λοιδορεῖν,</span> <span class='ocrx_word' id='word_1_121' title='bbox 1399 1785 1432 1856; x_wconf 80' lang='grc' dir='ltr'><strong>ἢ</strong></span> <span class='ocrx_word' id='word_1_122' title='bbox 1470 1786 1602 1847; x_wconf 87' lang='grc' dir='ltr'>ὅλως</span> <span class='ocrx_word' id='word_1_123' title='bbox 1628 1801 1796 1837; x_wconf 87' lang='grc' dir='ltr'>κατα-</span> 
     </span>
    </p>
   </div>
   <div class='ocr_carea' id='block_1_20' title="bbox 1889 607 3442 679">
    <p class='ocr_par' dir='ltr' id='par_1_20' title="bbox 1889 607 3442 679">
     <span class='ocr_line' id='line_1_20' title="bbox 1889 607 3442 679; baseline 0.002 -18"><span class='ocrx_word' id='word_1_124' title='bbox 1889 607 2122 668; x_wconf 89' lang='lat' dir='ltr'><strong>modus.</strong></span> <span class='ocrx_word' id='word_1_125' title='bbox 2175 607 2440 676; x_wconf 87' lang='lat' dir='ltr'><strong>siquidem</strong></span> <span class='ocrx_word' id='word_1_126' title='bbox 2485 616 2651 660; x_wconf 89' lang='lat' dir='ltr'><strong>totum</strong></span> <span class='ocrx_word' id='word_1_127' title='bbox 2703 608 2756 660; x_wconf 92' lang='lat' dir='ltr'><strong>hi</strong></span> <span class='ocrx_word' id='word_1_128' title='bbox 2829 608 3082 662; x_wconf 91' lang='lat' dir='ltr'><strong>mundum</strong></span> <span class='ocrx_word' id='word_1_129' title='bbox 3129 610 3442 679; x_wconf 66' lang='lat' dir='ltr'><strong>repudiave~</strong></span> 
     </span>
    </p>
   </div>
   <div class='ocr_carea' id='block_1_21' title="bbox 1890 695 3448 761">
    <p class='ocr_par' dir='ltr' id='par_1_21' title="bbox 1890 695 3448 761">
     <span class='ocr_line' id='line_1_21' title="bbox 1890 695 3448 761; baseline 0.003 -14"><span class='ocrx_word' id='word_1_130' title='bbox 1890 705 2038 759; x_wconf 74' lang='lat' dir='ltr'><strong>riunt,</strong></span> <span class='ocrx_word' id='word_1_131' title='bbox 2066 702 2120 747; x_wconf 88' lang='lat' dir='ltr'><strong>et</strong></span> <span class='ocrx_word' id='word_1_132' title='bbox 2146 695 2438 748; x_wconf 84' lang='lat' dir='ltr'><strong>verendam</strong></span> <span class='ocrx_word' id='word_1_133' title='bbox 2488 709 2551 749; x_wconf 91' lang='lat' dir='ltr'><strong>ac</strong></span> <span class='ocrx_word' id='word_1_134' title='bbox 2598 709 2845 761; x_wconf 79' lang='lat' dir='ltr'><strong>magnam</strong></span> <span class='ocrx_word' id='word_1_135' title='bbox 2895 699 3262 752; x_wconf 82' lang='lat' dir='ltr'><strong>austeritatem</strong></span> <span class='ocrx_word' id='word_1_136' title='bbox 3294 714 3448 753; x_wconf 76' lang='lat' dir='ltr'><strong>exer-</strong></span> 
     </span>
    </p>
   </div>
   <div class='ocr_carea' id='block_1_22' title="bbox 1890 785 3446 858">
    <p class='ocr_par' dir='ltr' id='par_1_22' title="bbox 1890 785 3446 858">
     <span class='ocr_line' id='line_1_22' title="bbox 1890 785 3446 858; baseline 0.003 -20"><span class='ocrx_word' id='word_1_137' title='bbox 1890 793 2032 839; x_wconf 84' lang='lat' dir='ltr'><strong>cent.</strong></span> <span class='ocrx_word' id='word_1_138' title='bbox 2069 785 2271 838; x_wconf 65' lang='lat' dir='ltr'><strong>Prazter</strong></span> <span class='ocrx_word' id='word_1_139' title='bbox 2294 785 2437 838; x_wconf 90' lang='lat' dir='ltr'><strong>enim</strong></span> <span class='ocrx_word' id='word_1_140' title='bbox 2469 787 2724 839; x_wconf 88' lang='lat' dir='ltr'><strong>mandata</strong></span> <span class='ocrx_word' id='word_1_141' title='bbox 2757 785 2986 854; x_wconf 75' lang='lat' dir='ltr'><strong>desuper</strong></span> <span class='ocrx_word' id='word_1_142' title='bbox 3017 789 3238 856; x_wconf 88' lang='lat' dir='ltr'><strong>scripta,</strong></span> <span class='ocrx_word' id='word_1_143' title='bbox 3276 791 3446 858; x_wconf 88' lang='lat' dir='ltr'><strong>major</strong></span> 
     </span>
    </p>
   </div>
   <div class='ocr_carea' id='block_1_23' title="bbox 1890 873 3448 949">
    <p class='ocr_par' dir='ltr' id='par_1_23' title="bbox 1890 873 3448 949">
     <span class='ocr_line' id='line_1_23' title="bbox 1890 873 3448 949; baseline 0.004 -20"><span class='ocrx_word' id='word_1_144' title='bbox 1890 878 1956 929; x_wconf 89' lang='lat' dir='ltr'><strong>ab</strong></span> <span class='ocrx_word' id='word_1_145' title='bbox 1983 876 2113 943; x_wconf 84' lang='lat' dir='ltr'><strong>ipsis</strong></span> <span class='ocrx_word' id='word_1_146' title='bbox 2145 873 2405 944; x_wconf 79' lang='lat' dir='ltr'><strong>perfectio</strong></span> <span class='ocrx_word' id='word_1_147' title='bbox 2435 877 2760 946; x_wconf 82' lang='lat' dir='ltr'><strong>requiretur.</strong></span> <span class='ocrx_word' id='word_1_148' title='bbox 2787 878 3104 931; x_wconf 84' lang='lat' dir='ltr'><strong>utnnimoda</strong></span> <span class='ocrx_word' id='word_1_149' title='bbox 3136 893 3448 949; x_wconf 78' lang='lat' dir='ltr'><strong>paupertas.</strong></span> 
     </span>
    </p>
   </div>
   <div class='ocr_carea' id='block_1_24' title="bbox 1893 965 3451 1036">
    <p class='ocr_par' dir='ltr' id='par_1_24' title="bbox 1893 965 3451 1036">
     <span class='ocr_line' id='line_1_24' title="bbox 1893 965 3451 1036; baseline 0.004 -20"><span class='ocrx_word' id='word_1_150' title='bbox 1893 966 2173 1034; x_wconf 73' lang='lat' dir='ltr'><strong>virginitas</strong></span> <span class='ocrx_word' id='word_1_151' title='bbox 2205 965 2434 1034; x_wconf 80' lang='lat' dir='ltr'><strong>integra,</strong></span> <span class='ocrx_word' id='word_1_152' title='bbox 2468 966 2780 1034; x_wconf 84' lang='lat' dir='ltr'><strong>passionum</strong></span> <span class='ocrx_word' id='word_1_153' title='bbox 2815 968 3311 1036; x_wconf 83' lang='lat' dir='ltr'><strong>alimentorumque</strong></span> <span class='ocrx_word' id='word_1_154' title='bbox 3337 987 3451 1022; x_wconf 89' lang='lat' dir='ltr'><strong>mo-</strong></span> 
     </span>
    </p>
   </div>
   <div class='ocr_carea' id='block_1_25' title="bbox 1894 1054 3451 1123">
    <p class='ocr_par' dir='ltr' id='par_1_25' title="bbox 1894 1054 3451 1123">
     <span class='ocr_line' id='line_1_25' title="bbox 1894 1054 3451 1123; baseline 0.004 -15"><span class='ocrx_word' id='word_1_155' title='bbox 1894 1054 2122 1118; x_wconf 90' lang='lat' dir='ltr'><strong>deratio,</strong></span> <span class='ocrx_word' id='word_1_156' title='bbox 2156 1069 2418 1110; x_wconf 87' lang='lat' dir='ltr'><strong>sensuum</strong></span> <span class='ocrx_word' id='word_1_157' title='bbox 2453 1054 2950 1123; x_wconf 81' lang='lat' dir='ltr'><strong>refrenatio,visus,</strong></span> <span class='ocrx_word' id='word_1_158' title='bbox 2978 1056 3232 1122; x_wconf 81' lang='lat' dir='ltr'><strong>olfactus,</strong></span> <span class='ocrx_word' id='word_1_159' title='bbox 3254 1066 3451 1114; x_wconf 85' lang='lat' dir='ltr'><strong>tactus.</strong></span> 
     </span>
    </p>
   </div>
   <div class='ocr_carea' id='block_1_26' title="bbox 1893 1145 3454 1215">
    <p class='ocr_par' dir='ltr' id='par_1_26' title="bbox 1893 1145 3454 1215">
     <span class='ocr_line' id='line_1_26' title="bbox 1893 1145 3454 1215; baseline 0.004 -17"><span class='ocrx_word' id='word_1_160' title='bbox 1893 1145 2110 1198; x_wconf 88' lang='lat' dir='ltr'><strong>attditus</strong></span> <span class='ocrx_word' id='word_1_161' title='bbox 2142 1156 2195 1200; x_wconf 87' lang='lat' dir='ltr'><strong>et</strong></span> <span class='ocrx_word' id='word_1_162' title='bbox 2241 1158 2453 1215; x_wconf 86' lang='lat' dir='ltr'><strong>gustus,</strong></span> <span class='ocrx_word' id='word_1_163' title='bbox 2500 1163 2529 1200; x_wconf 88' lang='lat' dir='ltr'><strong>a</strong></span> <span class='ocrx_word' id='word_1_164' title='bbox 2565 1147 2726 1201; x_wconf 83' lang='lat' dir='ltr'><strong>malis</strong></span> <span class='ocrx_word' id='word_1_165' title='bbox 2783 1152 3070 1214; x_wconf 87' lang='lat' dir='ltr'><strong>custodia;</strong></span> <span class='ocrx_word' id='word_1_166' title='bbox 3113 1150 3454 1204; x_wconf 77' lang='lat' dir='ltr'><strong>incessabilis</strong></span> 
     </span>
    </p>
   </div>
   <div class='ocr_carea' id='block_1_27' title="bbox 1892 1233 3456 1308">
    <p class='ocr_par' dir='ltr' id='par_1_27' title="bbox 1892 1233 3456 1308">
     <span class='ocr_line' id='line_1_27' title="bbox 1892 1233 3456 1308; baseline 0.004 -22"><span class='ocrx_word' id='word_1_167' title='bbox 1892 1233 2217 1302; x_wconf 85' lang='lat' dir='ltr'><strong>psalmodia,</strong></span> <span class='ocrx_word' id='word_1_168' title='bbox 2257 1237 2451 1305; x_wconf 70' lang='lat' dir='ltr'><strong>vigilim</strong></span> <span class='ocrx_word' id='word_1_169' title='bbox 2492 1238 2695 1302; x_wconf 65' lang='lat' dir='ltr'><strong>multae,</strong></span> <span class='ocrx_word' id='word_1_170' title='bbox 2729 1239 2876 1292; x_wconf 90' lang='lat' dir='ltr'><strong>humi</strong></span> <span class='ocrx_word' id='word_1_171' title='bbox 2907 1239 3148 1302; x_wconf 84' lang='lat' dir='ltr'><strong>cubatio,</strong></span> <span class='ocrx_word' id='word_1_172' title='bbox 3187 1243 3456 1308; x_wconf 72' lang='lat' dir='ltr'><strong>xemplta-</strong></span> 
     </span>
    </p>
   </div>
   <div class='ocr_carea' id='block_1_28' title="bbox 1894 1323 3454 1396">
    <p class='ocr_par' dir='ltr' id='par_1_28' title="bbox 1894 1323 3454 1396">
     <span class='ocr_line' id='line_1_28' title="bbox 1894 1323 3454 1396; baseline 0.008 -22"><span class='ocrx_word' id='word_1_173' title='bbox 1894 1323 2002 1393; x_wconf 79' lang='lat' dir='ltr'><strong>gia,</strong></span> <span class='ocrx_word' id='word_1_174' title='bbox 2039 1340 2240 1396; x_wconf 87' lang='lat' dir='ltr'><strong>corpus</strong></span> <span class='ocrx_word' id='word_1_175' title='bbox 2282 1326 2518 1392; x_wconf 87' lang='lat' dir='ltr'><strong>illotum,</strong></span> <span class='ocrx_word' id='word_1_176' title='bbox 2543 1345 2664 1382; x_wconf 83' lang='lat' dir='ltr'><strong>eum</strong></span> <span class='ocrx_word' id='word_1_177' title='bbox 2701 1331 3019 1385; x_wconf 84' lang='lat' dir='ltr'><strong>mulieribus</strong></span> <span class='ocrx_word' id='word_1_178' title='bbox 3066 1334 3338 1386; x_wconf 88' lang='lat' dir='ltr'><strong>convivari</strong></span> <span class='ocrx_word' id='word_1_179' title='bbox 3370 1333 3454 1387; x_wconf 88' lang='lat' dir='ltr'><strong>vel</strong></span> 
     </span>
    </p>
   </div>
   <div class='ocr_carea' id='block_1_29' title="bbox 1896 1417 3454 1492">
    <p class='ocr_par' dir='ltr' id='par_1_29' title="bbox 1896 1417 3454 1492">
     <span class='ocr_line' id='line_1_29' title="bbox 1896 1417 3454 1492; baseline 0.007 -25"><span class='ocrx_word' id='word_1_180' title='bbox 1896 1417 2115 1470; x_wconf 89' lang='lat' dir='ltr'><strong>onmiuo</strong></span> <span class='ocrx_word' id='word_1_181' title='bbox 2147 1429 2328 1473; x_wconf 90' lang='lat' dir='ltr'><strong>tenere</strong></span> <span class='ocrx_word' id='word_1_182' title='bbox 2366 1421 2659 1473; x_wconf 82' lang='lat' dir='ltr'><strong>amicitiam</strong></span> <span class='ocrx_word' id='word_1_183' title='bbox 2700 1424 2880 1491; x_wconf 83' lang='lat' dir='ltr'><strong>regula</strong></span> <span class='ocrx_word' id='word_1_184' title='bbox 2918 1422 3202 1478; x_wconf 84' lang='lat' dir='ltr'><strong>monachis</strong></span> <span class='ocrx_word' id='word_1_185' title='bbox 3229 1438 3454 1492; x_wconf 76' lang='lat' dir='ltr'><strong>prorsus</strong></span> 
     </span>
    </p>
   </div>
   <div class='ocr_carea' id='block_1_30' title="bbox 1897 1508 3454 1580">
    <p class='ocr_par' dir='ltr' id='par_1_30' title="bbox 1897 1508 3454 1580">
     <span class='ocr_line' id='line_1_30' title="bbox 1897 1508 3454 1580; baseline 0.008 -20"><span class='ocrx_word' id='word_1_186' title='bbox 1897 1508 2188 1576; x_wconf 86' lang='lat' dir='ltr'><strong>interdicit,</strong></span> <span class='ocrx_word' id='word_1_187' title='bbox 2251 1512 2449 1566; x_wconf 86' lang='lat' dir='ltr'><strong>nedum</strong></span> <span class='ocrx_word' id='word_1_188' title='bbox 2507 1513 2872 1580; x_wconf 79' lang='lat' dir='ltr'><strong>frequentare,</strong></span> <span class='ocrx_word' id='word_1_189' title='bbox 2905 1518 2989 1570; x_wconf 84' lang='lat' dir='ltr'><strong>vel</strong></span> <span class='ocrx_word' id='word_1_190' title='bbox 3051 1516 3156 1570; x_wconf 89' lang='lat' dir='ltr'><strong>iter</strong></span> <span class='ocrx_word' id='word_1_191' title='bbox 3207 1532 3328 1571; x_wconf 89' lang='lat' dir='ltr'><strong>cum</strong></span> <span class='ocrx_word' id='word_1_192' title='bbox 3375 1517 3454 1572; x_wconf 92' lang='lat' dir='ltr'><strong>eis</strong></span> 
     </span>
    </p>
   </div>
   <div class='ocr_carea' id='block_1_31' title="bbox 1896 1604 3454 1672">
    <p class='ocr_par' dir='ltr' id='par_1_31' title="bbox 1896 1604 3454 1672">
     <span class='ocr_line' id='line_1_31' title="bbox 1896 1604 3454 1672; baseline 0.005 -18"><span class='ocrx_word' id='word_1_193' title='bbox 1896 1615 2078 1669; x_wconf 78' lang='lat' dir='ltr'><strong>agere,</strong></span> <span class='ocrx_word' id='word_1_194' title='bbox 2119 1617 2426 1672; x_wconf 85' lang='lat' dir='ltr'><strong>puerosque</strong></span> <span class='ocrx_word' id='word_1_195' title='bbox 2448 1604 2589 1671; x_wconf 89' lang='lat' dir='ltr'><strong>apud</strong></span> <span class='ocrx_word' id='word_1_196' title='bbox 2626 1619 2685 1658; x_wconf 81' lang='lat' dir='ltr'><strong>se</strong></span> <span class='ocrx_word' id='word_1_197' title='bbox 2720 1606 3064 1660; x_wconf 86' lang='lat' dir='ltr'><strong>introducere</strong></span> <span class='ocrx_word' id='word_1_198' title='bbox 3103 1617 3199 1660; x_wconf 90' lang='lat' dir='ltr'><strong>aut</strong></span> <span class='ocrx_word' id='word_1_199' title='bbox 3227 1608 3454 1662; x_wconf 90' lang='lat' dir='ltr'><strong>omnino</strong></span> 
     </span>
    </p>
   </div>
   <div class='ocr_carea' id='block_1_32' title="bbox 1897 1691 3458 1762">
    <p class='ocr_par' dir='ltr' id='par_1_32' title="bbox 1897 1691 3458 1762">
     <span class='ocr_line' id='line_1_32' title="bbox 1897 1691 3458 1762; baseline 0.004 -18"><span class='ocrx_word' id='word_1_200' title='bbox 1897 1691 2125 1759; x_wconf 84' lang='lat' dir='ltr'><strong>singulis</strong></span> <span class='ocrx_word' id='word_1_201' title='bbox 2157 1706 2279 1745; x_wconf 89' lang='lat' dir='ltr'><strong>cum</strong></span> <span class='ocrx_word' id='word_1_202' title='bbox 2314 1694 2543 1762; x_wconf 78' lang='lat' dir='ltr'><strong>singulis</strong></span> <span class='ocrx_word' id='word_1_203' title='bbox 2591 1695 2824 1755; x_wconf 84' lang='lat' dir='ltr'><strong>sociari,</strong></span> <span class='ocrx_word' id='word_1_204' title='bbox 2877 1696 3266 1760; x_wconf 86' lang='lat' dir='ltr'><strong>contradicere,</strong></span> <span class='ocrx_word' id='word_1_205' title='bbox 3326 1713 3458 1751; x_wconf 81' lang='lat' dir='ltr'><strong>con-</strong></span> 
     </span>
    </p>
   </div>
   <div class='ocr_carea' id='block_1_33' title="bbox 1901 1781 3456 1855">
    <p class='ocr_par' dir='ltr' id='par_1_33' title="bbox 1901 1781 3456 1855">
     <span class='ocr_line' id='line_1_33' title="bbox 1901 1781 3456 1855; baseline 0.007 -23"><span class='ocrx_word' id='word_1_206' title='bbox 1901 1781 2085 1835; x_wconf 90' lang='lat' dir='ltr'><strong>viciari</strong></span> <span class='ocrx_word' id='word_1_207' title='bbox 2117 1782 2198 1836; x_wconf 89' lang='lat' dir='ltr'><strong>vel</strong></span> <span class='ocrx_word' id='word_1_208' title='bbox 2245 1785 2494 1837; x_wconf 84' lang='lat' dir='ltr'><strong>censuris</strong></span> <span class='ocrx_word' id='word_1_209' title='bbox 2548 1785 2812 1839; x_wconf 86' lang='lat' dir='ltr'><strong>lacessere</strong></span> <span class='ocrx_word' id='word_1_210' title='bbox 2845 1787 3174 1855; x_wconf 77' lang='lat' dir='ltr'><strong>quibitslibet</strong></span> <span class='ocrx_word' id='word_1_211' title='bbox 3211 1789 3456 1843; x_wconf 83' lang='lat' dir='ltr'><strong>iidelibns</strong></span> 
     </span>
    </p>
   </div>
   <div class='ocr_carea' id='block_1_34' title="bbox 225 1847 1887 1955">
    <p class='ocr_par' dir='ltr' id='par_1_34' title="bbox 225 1847 1872 1955">
     <span class='ocr_line' id='line_1_34' title="bbox 225 1847 1872 1955; baseline -0.009 -12"><span class='ocrx_word' id='word_1_212' title='bbox 225 1891 461 1955; x_wconf 82' lang='grc' dir='ltr'>κρίνειν,</span> <span class='ocrx_word' id='word_1_213' title='bbox 497 1888 630 1938; x_wconf 77' lang='grc' dir='ltr'>πᾶσι</span> <span class='ocrx_word' id='word_1_214' title='bbox 668 1885 880 1944; x_wconf 87' lang='grc' dir='ltr'>πιστοῖς</span> <span class='ocrx_word' id='word_1_215' title='bbox 918 1878 1255 1934; x_wconf 79' lang='grc' dir='ltr'>κεκώλυται·</span> <span class='ocrx_word' id='word_1_216' title='bbox 1293 1878 1444 1944; x_wconf 77' lang='grc' dir='ltr'>πόσῳ</span> <span class='ocrx_word' id='word_1_217' title='bbox 1488 1893 1550 1944; x_wconf 88' lang='grc' dir='ltr'><strong>γε</strong></span> <span class='ocrx_word' id='word_1_218' title='bbox 1597 1875 1798 1946; x_wconf 83' lang='grc' dir='ltr'>μᾶλλον</span> <span class='ocrx_word' id='word_1_219' title='bbox 1829 1847 1872 1902; x_wconf 72' lang='grc' dir='ltr'><strong>Β</strong></span> 
     </span>
    </p>
   </div>
   <div class='ocr_carea' id='block_1_35' title="bbox 1796 1847 3458 1955">
    <p class='ocr_par' dir='ltr' id='par_1_35' title="bbox 1796 1847 3458 1950">
     <span class='ocr_line' id='line_1_35' title="bbox 1796 1847 3458 1950; baseline 0.007 -26"><span class='ocrx_word' id='word_1_220' title='bbox 1796 1895 1798 1908; x_wconf 65' lang='grc' dir='ltr'><strong>ι</strong></span> <span class='ocrx_word' id='word_1_221' title='bbox 1829 1847 1872 1902; x_wconf 72' lang='grc' dir='ltr'><strong>Β</strong></span> <span class='ocrx_word' id='word_1_222' title='bbox 1905 1881 2117 1926; x_wconf 77' lang='lat' dir='ltr'><strong>velatur</strong></span> <span class='ocrx_word' id='word_1_223' title='bbox 2150 1891 2164 1928; x_wconf 92' lang='lat'><strong>:</strong></span> <span class='ocrx_word' id='word_1_224' title='bbox 2208 1885 2416 1942; x_wconf 89' lang='lat' dir='ltr'><strong>quanto</strong></span> <span class='ocrx_word' id='word_1_225' title='bbox 2452 1878 2624 1945; x_wconf 79' lang='lat' dir='ltr'><strong>magis</strong></span> <span class='ocrx_word' id='word_1_226' title='bbox 2665 1878 2813 1932; x_wconf 90' lang='lat' dir='ltr'><strong>illis?</strong></span> <span class='ocrx_word' id='word_1_227' title='bbox 2857 1879 3054 1934; x_wconf 83' lang='lat' dir='ltr'><strong>Jurare</strong></span> <span class='ocrx_word' id='word_1_228' title='bbox 3095 1881 3176 1935; x_wconf 90' lang='lat' dir='ltr'><strong>vel</strong></span> <span class='ocrx_word' id='word_1_229' title='bbox 3212 1882 3458 1950; x_wconf 90' lang='lat' dir='ltr'><strong>pejerare</strong></span> 
     </span>
    </p>
   </div>
   <div class='ocr_carea' id='block_1_36' title="bbox 221 1971 1796 2048">
    <p class='ocr_par' dir='ltr' id='par_1_36' title="bbox 221 1971 1796 2048">
     <span class='ocr_line' id='line_1_36' title="bbox 221 1971 1796 2048; baseline -0.009 -13"><span class='ocrx_word' id='word_1_230' title='bbox 221 1987 439 2041; x_wconf 71' lang='grc' dir='ltr'>τούτοις</span> <span class='ocrx_word' id='word_1_231' title='bbox 466 1997 482 2045; x_wconf 91' lang='grc'><strong>;</strong></span> <span class='ocrx_word' id='word_1_232' title='bbox 521 1977 830 2048; x_wconf 81' lang='grc' dir='ltr'>Ὀμνύναιῆ</span> <span class='ocrx_word' id='word_1_233' title='bbox 858 1976 1171 2044; x_wconf 88' lang='grc' dir='ltr'>περιορκεῖν</span> <span class='ocrx_word' id='word_1_234' title='bbox 1199 1971 1570 2039; x_wconf 79' lang='grc' dir='ltr'>ἀπηγόρευται</span> <span class='ocrx_word' id='word_1_235' title='bbox 1599 1972 1796 2037; x_wconf 83' lang='grc' dir='ltr'>πάντη.</span> 
     </span>
    </p>
   </div>
   <div class='ocr_carea' id='block_1_37' title="bbox 223 2056 1799 2138">
    <p class='ocr_par' dir='ltr' id='par_1_37' title="bbox 223 2056 1799 2138">
     <span class='ocr_line' id='line_1_37' title="bbox 223 2056 1799 2138; baseline -0.009 -16"><span class='ocrx_word' id='word_1_236' title='bbox 223 2067 635 2138; x_wconf 73' lang='grc' dir='ltr'>Φιλάργυρονῆ</span> <span class='ocrx_word' id='word_1_237' title='bbox 689 2065 951 2133; x_wconf 78' lang='grc' dir='ltr'>φίλαυτον</span> <span class='ocrx_word' id='word_1_238' title='bbox 998 2065 1059 2121; x_wconf 87' lang='grc' dir='ltr'>οὑ</span> <span class='ocrx_word' id='word_1_239' title='bbox 1091 2064 1171 2115; x_wconf 87' lang='grc' dir='ltr'><strong>δεῖ</strong></span> <span class='ocrx_word' id='word_1_240' title='bbox 1223 2060 1454 2130; x_wconf 76' lang='grc' dir='ltr'>μοναχὸν</span> <span class='ocrx_word' id='word_1_241' title='bbox 1505 2056 1670 2111; x_wconf 81' lang='grc' dir='ltr'>εἶναι·</span> <span class='ocrx_word' id='word_1_242' title='bbox 1705 2059 1799 2110; x_wconf 66' lang='grc' dir='ltr'>καὶ</span> 
     </span>
    </p>
   </div>
   <div class='ocr_carea' id='block_1_38' title="bbox 227 2148 1801 2227">
    <p class='ocr_par' dir='ltr' id='par_1_38' title="bbox 227 2148 1801 2227">
     <span class='ocr_line' id='line_1_38' title="bbox 227 2148 1801 2227; baseline -0.01 -13"><span class='ocrx_word' id='word_1_243' title='bbox 227 2165 318 2222; x_wconf 75' lang='grc' dir='ltr'>ἶνα</span> <span class='ocrx_word' id='word_1_244' title='bbox 347 2162 400 2212; x_wconf 87' lang='grc' dir='ltr'><strong>τί</strong></span> <span class='ocrx_word' id='word_1_245' title='bbox 434 2158 734 2227; x_wconf 84' lang='grc' dir='ltr'>φιλολογῶν</span> <span class='ocrx_word' id='word_1_246' title='bbox 767 2157 858 2209; x_wconf 79' lang='grc' dir='ltr'><strong>τὸν</strong></span> <span class='ocrx_word' id='word_1_247' title='bbox 881 2154 1071 2224; x_wconf 69' lang='grc' dir='ltr'>καιρὸν</span> <span class='ocrx_word' id='word_1_248' title='bbox 1100 2152 1404 2216; x_wconf 77' lang='grc' dir='ltr'>ἀναλίσκω;</span> <span class='ocrx_word' id='word_1_249' title='bbox 1437 2152 1497 2203; x_wconf 86' lang='grc' dir='ltr'>Εί</span> <span class='ocrx_word' id='word_1_250' title='bbox 1524 2148 1801 2220; x_wconf 76' lang='grc' dir='ltr'>βασιλείας</span> 
     </span>
    </p>
   </div>
   <div class='ocr_carea' id='block_1_39' title="bbox 222 2235 1800 2316">
    <p class='ocr_par' dir='ltr' id='par_1_39' title="bbox 222 2235 1800 2316">
     <span class='ocr_line' id='line_1_39' title="bbox 222 2235 1800 2316; baseline -0.007 -18"><span class='ocrx_word' id='word_1_251' title='bbox 222 2245 482 2316; x_wconf 78' lang='grc' dir='ltr'>οὐρανῶν</span> <span class='ocrx_word' id='word_1_252' title='bbox 540 2235 816 2312; x_wconf 76' lang='grc' dir='ltr'>ἐπιτυχεῖν</span> <span class='ocrx_word' id='word_1_253' title='bbox 861 2242 1088 2303; x_wconf 76' lang='grc' dir='ltr'>ἐθέλοις,</span> <span class='ocrx_word' id='word_1_254' title='bbox 1127 2240 1368 2308; x_wconf 75' lang='grc' dir='ltr'>ἀπόσχου</span> <span class='ocrx_word' id='word_1_255' title='bbox 1421 2240 1640 2293; x_wconf 83' lang='grc' dir='ltr'>πάντων</span> <span class='ocrx_word' id='word_1_256' title='bbox 1691 2236 1800 2288; x_wconf 86' lang='grc' dir='ltr'><strong>τῶν</strong></span> 
     </span>
    </p>
   </div>
   <div class='ocr_carea' id='block_1_40' title="bbox 223 2330 1797 2402">
    <p class='ocr_par' dir='ltr' id='par_1_40' title="bbox 223 2330 1797 2402">
     <span class='ocr_line' id='line_1_40' title="bbox 223 2330 1797 2402; baseline -0.006 -13"><span class='ocrx_word' id='word_1_257' title='bbox 223 2338 447 2398; x_wconf 81' lang='grc' dir='ltr'>κακῶν,</span> <span class='ocrx_word' id='word_1_258' title='bbox 484 2337 578 2389; x_wconf 74' lang='grc' dir='ltr'><strong>καὶ</strong></span> <span class='ocrx_word' id='word_1_259' title='bbox 610 2335 715 2389; x_wconf 86' lang='grc' dir='ltr'><strong>τῶν</strong></span> <span class='ocrx_word' id='word_1_260' title='bbox 752 2335 934 2389; x_wconf 88' lang='grc' dir='ltr'>καλῶν</span> <span class='ocrx_word' id='word_1_261' title='bbox 965 2334 1191 2402; x_wconf 81' lang='grc' dir='ltr'>ἀντέχου</span> <span class='ocrx_word' id='word_1_262' title='bbox 1219 2350 1233 2364; x_wconf 75' lang='grc' dir='ltr'><strong><em>ο</em></strong></span> <span class='ocrx_word' id='word_1_263' title='bbox 1270 2332 1528 2386; x_wconf 86' lang='grc' dir='ltr'>ἀδύνατον</span> <span class='ocrx_word' id='word_1_264' title='bbox 1564 2330 1671 2400; x_wconf 76' lang='grc' dir='ltr'>γὰρ</span> <span class='ocrx_word' id='word_1_265' title='bbox 1701 2330 1797 2382; x_wconf 80' lang='grc' dir='ltr'>πέ-</span> 
     </span>
    </p>
   </div>
   <div class='ocr_carea' id='block_1_41' title="bbox 224 2420 1797 2497">
    <p class='ocr_par' dir='ltr' id='par_1_41' title="bbox 224 2420 1797 2497">
     <span class='ocr_line' id='line_1_41' title="bbox 224 2420 1797 2497; baseline -0.005 -17"><span class='ocrx_word' id='word_1_266' title='bbox 224 2445 370 2495; x_wconf 72' lang='grc' dir='ltr'>φυκε</span> <span class='ocrx_word' id='word_1_267' title='bbox 404 2429 502 2480; x_wconf 76' lang='grc' dir='ltr'>καὶ</span> <span class='ocrx_word' id='word_1_268' title='bbox 527 2427 786 2497; x_wconf 82' lang='grc' dir='ltr'>δυσχερὲς</span> <span class='ocrx_word' id='word_1_269' title='bbox 819 2426 900 2486; x_wconf 88' lang='grc' dir='ltr'><strong>είς</strong></span> <span class='ocrx_word' id='word_1_270' title='bbox 943 2425 1089 2478; x_wconf 83' lang='grc' dir='ltr'>ἆπαν</span> <span class='ocrx_word' id='word_1_271' title='bbox 1116 2425 1396 2493; x_wconf 79' lang='grc' dir='ltr'>φιλήδονον</span> <span class='ocrx_word' id='word_1_272' title='bbox 1427 2420 1736 2490; x_wconf 83' lang='grc' dir='ltr'>ὑπάρχοντα</span> <span class='ocrx_word' id='word_1_273' title='bbox 1766 2420 1797 2490; x_wconf 81' lang='grc' dir='ltr'>ἦ</span> 
     </span>
    </p>
   </div>
   <div class='ocr_carea' id='block_1_42' title="bbox 225 2510 1800 2586">
    <p class='ocr_par' dir='ltr' id='par_1_42' title="bbox 225 2510 1800 2586">
     <span class='ocr_line' id='line_1_42' title="bbox 225 2510 1800 2586; baseline -0.005 -17"><span class='ocrx_word' id='word_1_274' title='bbox 225 2520 512 2582; x_wconf 71' lang='grc' dir='ltr'>κενόδοξον</span> <span class='ocrx_word' id='word_1_275' title='bbox 566 2519 703 2580; x_wconf 88' lang='grc' dir='ltr'>ὅλως</span> <span class='ocrx_word' id='word_1_276' title='bbox 744 2518 1020 2586; x_wconf 77' lang='grc' dir='ltr'>ἐπιτυχεῖν</span> <span class='ocrx_word' id='word_1_277' title='bbox 1065 2515 1166 2584; x_wconf 82' lang='grc' dir='ltr'><strong>τῆς</strong></span> <span class='ocrx_word' id='word_1_278' title='bbox 1217 2510 1451 2583; x_wconf 79' lang='grc' dir='ltr'>ἀληθοῦς</span> <span class='ocrx_word' id='word_1_279' title='bbox 1502 2511 1645 2580; x_wconf 82' lang='grc' dir='ltr'>ζωῆς</span> <span class='ocrx_word' id='word_1_280' title='bbox 1700 2511 1800 2580; x_wconf 77' lang='grc' dir='ltr'>τῆς</span> 
     </span>
    </p>
   </div>
   <div class='ocr_carea' id='block_1_43' title="bbox 224 2608 478 2663">
    <p class='ocr_par' dir='ltr' id='par_1_43' title="bbox 224 2608 478 2663">
     <span class='ocr_line' id='line_1_43' title="bbox 224 2608 478 2663; baseline 0.02 -5"><span class='ocrx_word' id='word_1_281' title='bbox 224 2608 478 2663; x_wconf 79' lang='grc' dir='ltr'>αἰωνίου.</span> 
     </span>
    </p>
   </div>
   <div class='ocr_carea' id='block_1_44' title="bbox 302 2691 1800 2767">
    <p class='ocr_par' dir='ltr' id='par_1_44' title="bbox 302 2691 1800 2767">
     <span class='ocr_line' id='line_1_44' title="bbox 302 2691 1800 2767; baseline -0.008 -12"><span class='ocrx_word' id='word_1_282' title='bbox 302 2697 370 2762; x_wconf 80' lang='grc' dir='ltr'><strong>ζ’.</strong></span> <span class='ocrx_word' id='word_1_283' title='bbox 407 2697 518 2750; x_wconf 79' lang='grc' dir='ltr'><strong>Καὶ</strong></span> <span class='ocrx_word' id='word_1_284' title='bbox 563 2695 737 2750; x_wconf 80' lang='grc' dir='ltr'>ταῦτα</span> <span class='ocrx_word' id='word_1_285' title='bbox 790 2697 888 2767; x_wconf 84' lang='grc' dir='ltr'><strong>μέν</strong></span> <span class='ocrx_word' id='word_1_286' title='bbox 945 2713 1028 2752; x_wconf 78' lang='grc' dir='ltr'><strong>σοι</strong></span> <span class='ocrx_word' id='word_1_287' title='bbox 1073 2694 1286 2767; x_wconf 71' lang='grc' dir='ltr'>ἔγραψα</span> <span class='ocrx_word' id='word_1_288' title='bbox 1331 2695 1396 2747; x_wconf 85' lang='grc' dir='ltr'>ὲκ</span> <span class='ocrx_word' id='word_1_289' title='bbox 1440 2694 1546 2748; x_wconf 86' lang='grc' dir='ltr'><strong>τῶν</strong></span> <span class='ocrx_word' id='word_1_290' title='bbox 1590 2691 1800 2746; x_wconf 79' lang='grc' dir='ltr'>πολλῶν</span> 
     </span>
    </p>
   </div>
   <div class='ocr_carea' id='block_1_45' title="bbox 228 2784 1797 2858">
    <p class='ocr_par' dir='ltr' id='par_1_45' title="bbox 228 2784 1797 2858">
     <span class='ocr_line' id='line_1_45' title="bbox 228 2784 1797 2858; baseline -0.003 -17"><span class='ocrx_word' id='word_1_291' title='bbox 228 2791 410 2855; x_wconf 80' lang='grc' dir='ltr'>ὀλίγα.</span> <span class='ocrx_word' id='word_1_292' title='bbox 449 2790 520 2841; x_wconf 79' lang='grc' dir='ltr'><strong>Σὺ</strong></span> <span class='ocrx_word' id='word_1_293' title='bbox 545 2789 652 2858; x_wconf 75' lang='grc' dir='ltr'>γὰρ</span> <span class='ocrx_word' id='word_1_294' title='bbox 681 2789 974 2842; x_wconf 80' lang='grc' dir='ltr'>ἐπίστασαι</span> <span class='ocrx_word' id='word_1_295' title='bbox 995 2788 1174 2848; x_wconf 81' lang='grc' dir='ltr'>καλῶς</span> <span class='ocrx_word' id='word_1_296' title='bbox 1198 2789 1295 2856; x_wconf 81' lang='grc' dir='ltr'><strong>τὴν</strong></span> <span class='ocrx_word' id='word_1_297' title='bbox 1321 2786 1458 2857; x_wconf 77' lang='grc' dir='ltr'>ἐμὴν</span> <span class='ocrx_word' id='word_1_298' title='bbox 1488 2784 1797 2852; x_wconf 86' lang='grc' dir='ltr'>ἀγροικίαν.</span> 
     </span>
    </p>
   </div>
   <div class='ocr_carea' id='block_1_46' title="bbox 230 2877 1798 2949">
    <p class='ocr_par' dir='ltr' id='par_1_46' title="bbox 230 2877 1798 2949">
     <span class='ocr_line' id='line_1_46' title="bbox 230 2877 1798 2949; baseline -0.004 -16"><span class='ocrx_word' id='word_1_299' title='bbox 230 2882 343 2933; x_wconf 76' lang='grc' dir='ltr'>Καὶ</span> <span class='ocrx_word' id='word_1_300' title='bbox 370 2880 482 2948; x_wconf 74' lang='grc' dir='ltr'>γὰρ</span> <span class='ocrx_word' id='word_1_301' title='bbox 518 2880 680 2932; x_wconf 76' lang='grc' dir='ltr'>πάλιν</span> <span class='ocrx_word' id='word_1_302' title='bbox 729 2880 1022 2949; x_wconf 71' lang='grc' dir='ltr'>ἐπείγομαι</span> <span class='ocrx_word' id='word_1_303' title='bbox 1062 2881 1140 2941; x_wconf 84' lang='grc' dir='ltr'><strong>είς</strong></span> <span class='ocrx_word' id='word_1_304' title='bbox 1181 2879 1438 2930; x_wconf 73' lang='grc' dir='ltr'>ὑπόθεσιν</span> <span class='ocrx_word' id='word_1_305' title='bbox 1483 2877 1668 2945; x_wconf 68' lang='grc' dir='ltr'>ἀλλην,</span> <span class='ocrx_word' id='word_1_306' title='bbox 1705 2877 1798 2942; x_wconf 88' lang='grc' dir='ltr'>δη-</span> 
     </span>
    </p>
   </div>
   <div class='ocr_carea' id='block_1_47' title="bbox 230 2965 1796 3036">
    <p class='ocr_par' dir='ltr' id='par_1_47' title="bbox 230 2965 1796 3036">
     <span class='ocr_line' id='line_1_47' title="bbox 230 2965 1796 3036; baseline -0.003 -17"><span class='ocrx_word' id='word_1_307' title='bbox 230 2968 530 3034; x_wconf 82' lang='grc' dir='ltr'>λοποιῆσαι</span> <span class='ocrx_word' id='word_1_308' title='bbox 551 2967 810 3036; x_wconf 81' lang='grc' dir='ltr'>ἀμυδρῶς</span> <span class='ocrx_word' id='word_1_309' title='bbox 835 2968 952 3030; x_wconf 85' lang='grc' dir='ltr'><strong>πῶς</strong></span> <span class='ocrx_word' id='word_1_310' title='bbox 982 2967 1223 3034; x_wconf 79' lang='grc' dir='ltr'>ὀφείλεις</span> <span class='ocrx_word' id='word_1_311' title='bbox 1249 2967 1475 3032; x_wconf 76' lang='grc' dir='ltr'>διάγειν,</span> <span class='ocrx_word' id='word_1_312' title='bbox 1501 2968 1580 3026; x_wconf 71' lang='grc' dir='ltr'>εἷς</span> <span class='ocrx_word' id='word_1_313' title='bbox 1609 2965 1796 3032; x_wconf 76' lang='grc' dir='ltr'>εὐχὴν,</span> 
     </span>
    </p>
   </div>
   <div class='ocr_carea' id='block_1_48' title="bbox 229 3055 1795 3126">
    <p class='ocr_par' dir='ltr' id='par_1_48' title="bbox 229 3055 1795 3126">
     <span class='ocr_line' id='line_1_48' title="bbox 229 3055 1795 3126; baseline -0.003 -18"><span class='ocrx_word' id='word_1_314' title='bbox 229 3058 307 3116; x_wconf 83' lang='grc' dir='ltr'>εἰς</span> <span class='ocrx_word' id='word_1_315' title='bbox 343 3057 676 3124; x_wconf 66' lang='grc' dir='ltr'>ἐγκράτειαν</span> <span class='ocrx_word' id='word_1_316' title='bbox 697 3059 790 3108; x_wconf 83' lang='grc' dir='ltr'><strong>καὶ</strong></span> <span class='ocrx_word' id='word_1_317' title='bbox 822 3058 998 3126; x_wconf 79' lang='grc' dir='ltr'>ἀληθῆ</span> <span class='ocrx_word' id='word_1_318' title='bbox 1043 3056 1318 3122; x_wconf 78' lang='grc' dir='ltr'>νηστείαν,</span> <span class='ocrx_word' id='word_1_319' title='bbox 1365 3056 1445 3106; x_wconf 79' lang='grc' dir='ltr'>ἔτι</span> <span class='ocrx_word' id='word_1_320' title='bbox 1476 3055 1532 3106; x_wconf 83' lang='grc' dir='ltr'>δὲ</span> <span class='ocrx_word' id='word_1_321' title='bbox 1562 3055 1795 3120; x_wconf 81' lang='grc' dir='ltr'>δίαιταν,</span> 
     </span>
    </p>
   </div>
   <div class='ocr_carea' id='block_1_49' title="bbox 1899 1963 3460 2036">
    <p class='ocr_par' dir='ltr' id='par_1_49' title="bbox 1899 1963 3460 2036">
     <span class='ocr_line' id='line_1_49' title="bbox 1899 1963 3460 2036; baseline 0.009 -23"><span class='ocrx_word' id='word_1_322' title='bbox 1899 1963 2060 2030; x_wconf 89' lang='lat' dir='ltr'><strong>plane</strong></span> <span class='ocrx_word' id='word_1_323' title='bbox 2092 1964 2430 2030; x_wconf 83' lang='lat' dir='ltr'><strong>prohibetur.</strong></span> <span class='ocrx_word' id='word_1_324' title='bbox 2494 1970 2715 2036; x_wconf 77' lang='lat' dir='ltr'><strong>Argenti</strong></span> <span class='ocrx_word' id='word_1_325' title='bbox 2759 1971 2840 2023; x_wconf 85' lang='lat' dir='ltr'><strong>vel</strong></span> <span class='ocrx_word' id='word_1_326' title='bbox 2884 1972 2967 2024; x_wconf 89' lang='lat' dir='ltr'><strong>sui</strong></span> <span class='ocrx_word' id='word_1_327' title='bbox 3019 1982 3286 2025; x_wconf 85' lang='lat' dir='ltr'><strong>amantem</strong></span> <span class='ocrx_word' id='word_1_328' title='bbox 3339 1987 3460 2027; x_wconf 88' lang='lat' dir='ltr'><strong>esse</strong></span> 
     </span>
    </p>
   </div>
   <div class='ocr_carea' id='block_1_50' title="bbox 1902 2053 3460 2130">
    <p class='ocr_par' dir='ltr' id='par_1_50' title="bbox 1902 2053 3460 2130">
     <span class='ocr_line' id='line_1_50' title="bbox 1902 2053 3460 2130; baseline 0.008 -27"><span class='ocrx_word' id='word_1_329' title='bbox 1902 2053 2227 2106; x_wconf 88' lang='lat' dir='ltr'><strong>monachum</strong></span> <span class='ocrx_word' id='word_1_330' title='bbox 2290 2069 2396 2106; x_wconf 90' lang='lat' dir='ltr'><strong>non</strong></span> <span class='ocrx_word' id='word_1_331' title='bbox 2470 2057 2616 2109; x_wconf 87' lang='lat' dir='ltr'><strong>licet.</strong></span> <span class='ocrx_word' id='word_1_332' title='bbox 2687 2058 2792 2113; x_wconf 90' lang='lat' dir='ltr'><strong>Sed</strong></span> <span class='ocrx_word' id='word_1_333' title='bbox 2849 2062 3037 2130; x_wconf 83' lang='lat' dir='ltr'><strong>utquid</strong></span> <span class='ocrx_word' id='word_1_334' title='bbox 3104 2062 3460 2118; x_wconf 89' lang='lat' dir='ltr'><strong>discurrendo</strong></span> 
     </span>
    </p>
   </div>
   <div class='ocr_carea' id='block_1_51' title="bbox 1904 2148 3464 2219">
    <p class='ocr_par' dir='ltr' id='par_1_51' title="bbox 1904 2148 3464 2219">
     <span class='ocr_line' id='line_1_51' title="bbox 1904 2148 3464 2219; baseline 0.01 -25"><span class='ocrx_word' id='word_1_335' title='bbox 1904 2152 2116 2212; x_wconf 89' lang='lat' dir='ltr'><strong>tempus</strong></span> <span class='ocrx_word' id='word_1_336' title='bbox 2145 2148 2504 2200; x_wconf 82' lang='lat' dir='ltr'><strong>consumam?</strong></span> <span class='ocrx_word' id='word_1_337' title='bbox 2535 2149 2590 2201; x_wconf 91' lang='lat' dir='ltr'><strong>Si</strong></span> <span class='ocrx_word' id='word_1_338' title='bbox 2640 2166 2862 2219; x_wconf 81' lang='lat' dir='ltr'><strong>regnum</strong></span> <span class='ocrx_word' id='word_1_339' title='bbox 2898 2155 3160 2207; x_wconf 64' lang='lat' dir='ltr'><strong>caelorum</strong></span> <span class='ocrx_word' id='word_1_340' title='bbox 3217 2155 3464 2209; x_wconf 84' lang='lat' dir='ltr'><strong>obtinere</strong></span> 
     </span>
    </p>
   </div>
   <div class='ocr_carea' id='block_1_52' title="bbox 1901 2236 3462 2304">
    <p class='ocr_par' dir='ltr' id='par_1_52' title="bbox 1901 2236 3462 2304">
     <span class='ocr_line' id='line_1_52' title="bbox 1901 2236 3462 2304; baseline 0.012 -17"><span class='ocrx_word' id='word_1_341' title='bbox 1901 2236 2082 2303; x_wconf 86' lang='lat' dir='ltr'><strong>cupis,</strong></span> <span class='ocrx_word' id='word_1_342' title='bbox 2115 2236 2182 2288; x_wconf 90' lang='lat' dir='ltr'><strong>ab</strong></span> <span class='ocrx_word' id='word_1_343' title='bbox 2201 2239 2456 2296; x_wconf 84' lang='lat' dir='ltr'><strong>omnibus</strong></span> <span class='ocrx_word' id='word_1_344' title='bbox 2487 2243 2645 2295; x_wconf 85' lang='lat' dir='ltr'><strong>malis</strong></span> <span class='ocrx_word' id='word_1_345' title='bbox 2675 2243 2905 2303; x_wconf 87' lang='lat' dir='ltr'><strong>abstine,</strong></span> <span class='ocrx_word' id='word_1_346' title='bbox 2935 2256 2986 2298; x_wconf 88' lang='lat' dir='ltr'><strong>et</strong></span> <span class='ocrx_word' id='word_1_347' title='bbox 3015 2247 3232 2300; x_wconf 90' lang='lat' dir='ltr'><strong>cunctis</strong></span> <span class='ocrx_word' id='word_1_348' title='bbox 3263 2248 3462 2304; x_wconf 75' lang='lat' dir='ltr'><strong>inliterc</strong></span> 
     </span>
    </p>
   </div>
   <div class='ocr_carea' id='block_1_53' title="bbox 1901 2325 3465 2403">
    <p class='ocr_par' dir='ltr' id='par_1_53' title="bbox 1901 2325 3465 2403">
     <span class='ocr_line' id='line_1_53' title="bbox 1901 2325 3465 2403; baseline 0.01 -26"><span class='ocrx_word' id='word_1_349' title='bbox 1901 2325 2077 2379; x_wconf 82' lang='lat' dir='ltr'><strong>bonis.</strong></span> <span class='ocrx_word' id='word_1_350' title='bbox 2130 2325 2365 2382; x_wconf 85' lang='lat' dir='ltr'><strong>Prorsus</strong></span> <span class='ocrx_word' id='word_1_351' title='bbox 2426 2330 2568 2384; x_wconf 85' lang='lat' dir='ltr'><strong>enim</strong></span> <span class='ocrx_word' id='word_1_352' title='bbox 2618 2340 2704 2384; x_wconf 87' lang='lat' dir='ltr'><strong>est</strong></span> <span class='ocrx_word' id='word_1_353' title='bbox 2749 2331 2960 2385; x_wconf 80' lang='lat' dir='ltr'><strong>diiiicile</strong></span> <span class='ocrx_word' id='word_1_354' title='bbox 3002 2332 3084 2387; x_wconf 89' lang='lat' dir='ltr'><strong>vel</strong></span> <span class='ocrx_word' id='word_1_355' title='bbox 3136 2335 3465 2403; x_wconf 85' lang='lat' dir='ltr'><strong>impossibile</strong></span> 
     </span>
    </p>
   </div>
   <div class='ocr_carea' id='block_1_54' title="bbox 1902 2417 3464 2499">
    <p class='ocr_par' dir='ltr' id='par_1_54' title="bbox 1902 2417 3464 2499">
     <span class='ocr_line' id='line_1_54' title="bbox 1902 2417 3464 2499; baseline 0.012 -33"><span class='ocrx_word' id='word_1_356' title='bbox 1902 2417 2194 2484; x_wconf 86' lang='lat' dir='ltr'><strong>voluptatis</strong></span> <span class='ocrx_word' id='word_1_357' title='bbox 2225 2427 2317 2472; x_wconf 86' lang='lat' dir='ltr'><strong>aut</strong></span> <span class='ocrx_word' id='word_1_358' title='bbox 2347 2420 2532 2488; x_wconf 69' lang='lat' dir='ltr'><strong>gloria:</strong></span> <span class='ocrx_word' id='word_1_359' title='bbox 2577 2423 2832 2491; x_wconf 85' lang='lat' dir='ltr'><strong>cupidum</strong></span> <span class='ocrx_word' id='word_1_360' title='bbox 2867 2440 3046 2478; x_wconf 82' lang='lat' dir='ltr'><strong>veram</strong></span> <span class='ocrx_word' id='word_1_361' title='bbox 3095 2434 3464 2499; x_wconf 76' lang='lat' dir='ltr'><strong>a-ternamque</strong></span> 
     </span>
    </p>
   </div>
   <div class='ocr_carea' id='block_1_55' title="bbox 1904 2505 2344 2576">
    <p class='ocr_par' dir='ltr' id='par_1_55' title="bbox 1904 2505 2344 2576">
     <span class='ocr_line' id='line_1_55' title="bbox 1904 2505 2344 2576; baseline 0.023 -23"><span class='ocrx_word' id='word_1_362' title='bbox 1904 2505 2064 2557; x_wconf 79' lang='lat' dir='ltr'><strong>vitam</strong></span> <span class='ocrx_word' id='word_1_363' title='bbox 2091 2506 2344 2576; x_wconf 89' lang='lat' dir='ltr'><strong>adipisci.</strong></span> 
     </span>
    </p>
   </div>
   <div class='ocr_carea' id='block_1_56' title="bbox 1977 2685 3463 2771">
    <p class='ocr_par' dir='ltr' id='par_1_56' title="bbox 1977 2685 3463 2771">
     <span class='ocr_line' id='line_1_56' title="bbox 1977 2685 3463 2771; baseline 0.013 -31"><span class='ocrx_word' id='word_1_364' title='bbox 1977 2685 2180 2744; x_wconf 52' lang='lat' dir='ltr'><strong>Illaec</strong></span> <span class='ocrx_word' id='word_1_365' title='bbox 2241 2690 2456 2760; x_wconf 86' lang='lat' dir='ltr'><strong>quidem</strong></span> <span class='ocrx_word' id='word_1_366' title='bbox 2489 2709 2550 2748; x_wconf 82' lang='lat' dir='ltr'><strong>ex</strong></span> <span class='ocrx_word' id='word_1_367' title='bbox 2614 2695 2799 2750; x_wconf 86' lang='lat' dir='ltr'><strong>multis</strong></span> <span class='ocrx_word' id='word_1_368' title='bbox 2851 2711 3023 2766; x_wconf 84' lang='lat' dir='ltr'><strong>pauca</strong></span> <span class='ocrx_word' id='word_1_369' title='bbox 3079 2699 3171 2754; x_wconf 82' lang='lat' dir='ltr'><strong>tibi</strong></span> <span class='ocrx_word' id='word_1_370' title='bbox 3222 2702 3463 2771; x_wconf 83' lang='lat' dir='ltr'><strong>scripsi:</strong></span> 
     </span>
    </p>
   </div>
   <div class='ocr_carea' id='block_1_57' title="bbox 1911 2779 3465 2854">
    <p class='ocr_par' dir='ltr' id='par_1_57' title="bbox 1911 2779 3465 2854">
     <span class='ocr_line' id='line_1_57' title="bbox 1911 2779 3465 2854; baseline 0.012 -23"><span class='ocrx_word' id='word_1_371' title='bbox 1911 2779 2022 2833; x_wconf 87' lang='lat' dir='ltr'><strong>scis</strong></span> <span class='ocrx_word' id='word_1_372' title='bbox 2045 2779 2191 2834; x_wconf 90' lang='lat' dir='ltr'><strong>enim</strong></span> <span class='ocrx_word' id='word_1_373' title='bbox 2230 2797 2402 2836; x_wconf 85' lang='lat' dir='ltr'><strong>meam</strong></span> <span class='ocrx_word' id='word_1_374' title='bbox 2437 2786 2860 2854; x_wconf 81' lang='lat' dir='ltr'><strong>simplicitatem.</strong></span> <span class='ocrx_word' id='word_1_375' title='bbox 2910 2790 3173 2845; x_wconf 66' lang='lat' dir='ltr'><strong>Praeterea</strong></span> <span class='ocrx_word' id='word_1_376' title='bbox 3205 2797 3270 2846; x_wconf 90' lang='lat' dir='ltr'><strong>ad</strong></span> <span class='ocrx_word' id='word_1_377' title='bbox 3318 2797 3465 2852; x_wconf 85' lang='lat' dir='ltr'><strong>aliud</strong></span> 
     </span>
    </p>
   </div>
   <div class='ocr_carea' id='block_1_58' title="bbox 1915 2871 3468 2948">
    <p class='ocr_par' dir='ltr' id='par_1_58' title="bbox 1915 2871 3468 2948">
     <span class='ocr_line' id='line_1_58' title="bbox 1915 2871 3468 2948; baseline 0.014 -28"><span class='ocrx_word' id='word_1_378' title='bbox 1915 2871 2162 2938; x_wconf 88' lang='lat' dir='ltr'><strong>impellor</strong></span> <span class='ocrx_word' id='word_1_379' title='bbox 2199 2877 2534 2942; x_wconf 89' lang='lat' dir='ltr'><strong>propositum</strong></span> <span class='ocrx_word' id='word_1_380' title='bbox 2565 2917 2578 2940; x_wconf 91' lang='lat'><strong>,</strong></span> <span class='ocrx_word' id='word_1_381' title='bbox 2645 2878 3041 2948; x_wconf 86' lang='lat' dir='ltr'><strong>aliquantisper</strong></span> <span class='ocrx_word' id='word_1_382' title='bbox 3093 2883 3468 2941; x_wconf 74' lang='lat' dir='ltr'><strong>demonstrare</strong></span> 
     </span>
    </p>
   </div>
   <div class='ocr_carea' id='block_1_59' title="bbox 1903 2961 3464 3041">
    <p class='ocr_par' dir='ltr' id='par_1_59' title="bbox 1903 2961 3464 3041">
     <span class='ocr_line' id='line_1_59' title="bbox 1903 2961 3464 3041; baseline 0.012 -31"><span class='ocrx_word' id='word_1_383' title='bbox 1903 2961 2176 3025; x_wconf 86' lang='lat' dir='ltr'><strong>quomodo</strong></span> <span class='ocrx_word' id='word_1_384' title='bbox 2196 2963 2360 3016; x_wconf 90' lang='lat' dir='ltr'><strong>vitam</strong></span> <span class='ocrx_word' id='word_1_385' title='bbox 2388 2965 2672 3020; x_wconf 73' lang='lat' dir='ltr'><strong>instituere</strong></span> <span class='ocrx_word' id='word_1_386' title='bbox 2689 2969 2908 3032; x_wconf 74' lang='lat' dir='ltr'><strong>debeas,</strong></span> <span class='ocrx_word' id='word_1_387' title='bbox 2934 2973 3112 3040; x_wconf 87' lang='lat' dir='ltr'><strong>quoad</strong></span> <span class='ocrx_word' id='word_1_388' title='bbox 3142 2977 3464 3041; x_wconf 87' lang='lat' dir='ltr'><strong>orationem,</strong></span> 
     </span>
    </p>
   </div>
   <div class='ocr_carea' id='block_1_60' title="bbox 1905 3052 3463 3132">
    <p class='ocr_par' dir='ltr' id='par_1_60' title="bbox 1905 3052 3463 3132">
     <span class='ocr_line' id='line_1_60' title="bbox 1905 3052 3463 3132; baseline 0.015 -34"><span class='ocrx_word' id='word_1_389' title='bbox 1905 3052 2359 3117; x_wconf 84' lang='lat' dir='ltr'><strong>temperantiam,</strong></span> <span class='ocrx_word' id='word_1_390' title='bbox 2400 3068 2698 3124; x_wconf 85' lang='lat' dir='ltr'><strong>verumque</strong></span> <span class='ocrx_word' id='word_1_391' title='bbox 2751 3058 3040 3126; x_wconf 74' lang='lat' dir='ltr'><strong>jejunium,</strong></span> <span class='ocrx_word' id='word_1_392' title='bbox 3100 3071 3260 3132; x_wconf 89' lang='lat' dir='ltr'><strong>atque</strong></span> <span class='ocrx_word' id='word_1_393' title='bbox 3304 3067 3463 3121; x_wconf 84' lang='lat' dir='ltr'><strong>etiam</strong></span> 
     </span>
    </p>
   </div>
   <div class='ocr_carea' id='block_1_61' title="bbox 227 3139 1889 3233">
    <p class='ocr_par' dir='ltr' id='par_1_61' title="bbox 227 3144 1870 3233">
     <span class='ocr_line' id='line_1_61' title="bbox 227 3144 1870 3233; baseline -0.002 -35"><span class='ocrx_word' id='word_1_394' title='bbox 227 3148 403 3215; x_wconf 72' lang='grc' dir='ltr'>φημὶ,</span> <span class='ocrx_word' id='word_1_395' title='bbox 437 3147 628 3208; x_wconf 78' lang='grc' dir='ltr'>ἁπλῶς</span> <span class='ocrx_word' id='word_1_396' title='bbox 656 3147 752 3199; x_wconf 81' lang='grc' dir='ltr'>τοῦ</span> <span class='ocrx_word' id='word_1_397' title='bbox 786 3147 907 3198; x_wconf 85' lang='grc' dir='ltr'>ὅλου</span> <span class='ocrx_word' id='word_1_398' title='bbox 931 3147 1145 3215; x_wconf 73' lang='grc' dir='ltr'>χρόνον,</span> <span class='ocrx_word' id='word_1_399' title='bbox 1194 3146 1364 3214; x_wconf 74' lang='grc' dir='ltr'>ἀρχὴν</span> <span class='ocrx_word' id='word_1_400' title='bbox 1388 3145 1482 3198; x_wconf 80' lang='grc' dir='ltr'>τοῦ</span> <span class='ocrx_word' id='word_1_401' title='bbox 1520 3145 1676 3211; x_wconf 74' lang='grc' dir='ltr'>λόγου</span> <span class='ocrx_word' id='word_1_402' title='bbox 1710 3144 1801 3196; x_wconf 86' lang='grc' dir='ltr'>θέ-</span> <span class='ocrx_word' id='word_1_403' title='bbox 1825 3172 1870 3233; x_wconf 78' lang='lat' dir='ltr'>C</span> 
     </span>
    </p>
   </div>
   <div class='ocr_carea' id='block_1_62' title="bbox 1804 3139 3466 3233">
    <p class='ocr_par' dir='ltr' id='par_1_62' title="bbox 1825 3139 3466 3233">
     <span class='ocr_line' id='line_1_62' title="bbox 1825 3139 3466 3233; baseline 0.014 -47"><span class='ocrx_word' id='word_1_404' title='bbox 1825 3172 1870 3233; x_wconf 65' lang='grc' dir='ltr'>Ο</span> <span class='ocrx_word' id='word_1_405' title='bbox 1903 3139 2145 3205; x_wconf 80' lang='lat' dir='ltr'><strong>quolibet</strong></span> <span class='ocrx_word' id='word_1_406' title='bbox 2203 3150 2447 3211; x_wconf 88' lang='lat' dir='ltr'><strong>tempore</strong></span> <span class='ocrx_word' id='word_1_407' title='bbox 2481 3145 2907 3212; x_wconf 80' lang='lat' dir='ltr'><strong>observantiam,</strong></span> <span class='ocrx_word' id='word_1_408' title='bbox 2940 3151 3157 3208; x_wconf 86' lang='lat' dir='ltr'><strong>initium</strong></span> <span class='ocrx_word' id='word_1_409' title='bbox 3198 3160 3466 3211; x_wconf 48' lang='lat' dir='ltr'><strong>sermonis</strong></span> 
     </span>
    </p>
   </div>
   <div class='ocr_carea' id='block_1_63' title="bbox 232 3235 1796 3309">
    <p class='ocr_par' dir='ltr' id='par_1_63' title="bbox 232 3235 1796 3309">
     <span class='ocr_line' id='line_1_63' title="bbox 232 3235 1796 3309; baseline -0.003 -19"><span class='ocrx_word' id='word_1_410' title='bbox 232 3256 396 3306; x_wconf 85' lang='grc' dir='ltr'>μενος</span> <span class='ocrx_word' id='word_1_411' title='bbox 445 3241 526 3299; x_wconf 84' lang='grc' dir='ltr'><strong>εἰς</strong></span> <span class='ocrx_word' id='word_1_412' title='bbox 577 3237 752 3309; x_wconf 79' lang='grc' dir='ltr'>ἀρχὴν</span> <span class='ocrx_word' id='word_1_413' title='bbox 793 3238 890 3305; x_wconf 81' lang='grc' dir='ltr'>τῆς</span> <span class='ocrx_word' id='word_1_414' title='bbox 954 3237 1248 3288; x_wconf 84' lang='grc' dir='ltr'>ίνδείκτου⁶</span> <span class='ocrx_word' id='word_1_415' title='bbox 1305 3236 1428 3287; x_wconf 82' lang='grc' dir='ltr'>ὅθεν</span> <span class='ocrx_word' id='word_1_416' title='bbox 1487 3237 1580 3288; x_wconf 68' lang='grc' dir='ltr'><strong>καὶ</strong></span> <span class='ocrx_word' id='word_1_417' title='bbox 1625 3235 1706 3287; x_wconf 86' lang='grc' dir='ltr'><strong>δεῖ</strong></span> <span class='ocrx_word' id='word_1_418' title='bbox 1737 3252 1796 3286; x_wconf 89' lang='grc' dir='ltr'><strong>σε</strong></span> 
     </span>
    </p>
   </div>
   <div class='ocr_carea' id='block_1_64' title="bbox 232 3323 1801 3395">
    <p class='ocr_par' dir='ltr' id='par_1_64' title="bbox 232 3323 1801 3395">
     <span class='ocr_line' id='line_1_64' title="bbox 232 3323 1801 3395; baseline 0 -19"><span class='ocrx_word' id='word_1_419' title='bbox 232 3325 484 3395; x_wconf 79' lang='grc' dir='ltr'>φυλακὴν</span> <span class='ocrx_word' id='word_1_420' title='bbox 512 3326 655 3394; x_wconf 77' lang='grc' dir='ltr'>ἔχειν</span> <span class='ocrx_word' id='word_1_421' title='bbox 683 3330 739 3378; x_wconf 81' lang='grc' dir='ltr'>ἐν</span> <span class='ocrx_word' id='word_1_422' title='bbox 764 3328 829 3394; x_wconf 77' lang='grc' dir='ltr'>τῇ</span> <span class='ocrx_word' id='word_1_423' title='bbox 873 3326 1114 3395; x_wconf 77' lang='grc' dir='ltr'>νηστείᾳ.</span> <span class='ocrx_word' id='word_1_424' title='bbox 1147 3325 1239 3394; x_wconf 80' lang='grc' dir='ltr'><strong>Μὴ</strong></span> <span class='ocrx_word' id='word_1_425' title='bbox 1272 3323 1526 3390; x_wconf 84' lang='grc' dir='ltr'>νηστείαν</span> <span class='ocrx_word' id='word_1_426' title='bbox 1557 3324 1613 3376; x_wconf 81' lang='grc' dir='ltr'>δὲ</span> <span class='ocrx_word' id='word_1_427' title='bbox 1643 3325 1801 3378; x_wconf 89' lang='grc' dir='ltr'>ποίαν</span> 
     </span>
    </p>
   </div>
   <div class='ocr_carea' id='block_1_65' title="bbox 232 3414 1802 3484">
    <p class='ocr_par' dir='ltr' id='par_1_65' title="bbox 232 3414 1802 3484">
     <span class='ocr_line' id='line_1_65' title="bbox 232 3414 1802 3484; baseline -0.002 -17"><span class='ocrx_word' id='word_1_428' title='bbox 232 3419 377 3484; x_wconf 79' lang='grc' dir='ltr'>φημὶ</span> <span class='ocrx_word' id='word_1_429' title='bbox 398 3417 510 3467; x_wconf 87' lang='grc' dir='ltr'><strong>τῶν</strong></span> <span class='ocrx_word' id='word_1_430' title='bbox 533 3416 758 3483; x_wconf 81' lang='grc' dir='ltr'>ἡμερῶν</span> <span class='ocrx_word' id='word_1_431' title='bbox 786 3416 893 3467; x_wconf 87' lang='grc' dir='ltr'><strong>τῶν</strong></span> <span class='ocrx_word' id='word_1_432' title='bbox 910 3415 1024 3477; x_wconf 86' lang='grc' dir='ltr'>δύο,</span> <span class='ocrx_word' id='word_1_433' title='bbox 1050 3415 1284 3484; x_wconf 81' lang='grc' dir='ltr'>τετράδα</span> <span class='ocrx_word' id='word_1_434' title='bbox 1304 3416 1399 3467; x_wconf 79' lang='grc' dir='ltr'><strong>καὶ</strong></span> <span class='ocrx_word' id='word_1_435' title='bbox 1426 3414 1802 3484; x_wconf 75' lang='grc' dir='ltr'>παρασκευὴν,</span> 
     </span>
    </p>
   </div>
   <div class='ocr_carea' id='block_1_66' title="bbox 226 3505 1800 3576">
    <p class='ocr_par' dir='ltr' id='par_1_66' title="bbox 226 3505 1800 3576">
     <span class='ocr_line' id='line_1_66' title="bbox 226 3505 1800 3576; baseline -0.002 -19"><span class='ocrx_word' id='word_1_436' title='bbox 226 3507 304 3568; x_wconf 83' lang='grc' dir='ltr'>ὡς</span> <span class='ocrx_word' id='word_1_437' title='bbox 327 3506 379 3558; x_wconf 83' lang='grc' dir='ltr'><strong>οί</strong></span> <span class='ocrx_word' id='word_1_438' title='bbox 406 3507 652 3574; x_wconf 86' lang='grc' dir='ltr'>Πατέρες</span> <span class='ocrx_word' id='word_1_439' title='bbox 671 3505 930 3572; x_wconf 74' lang='grc' dir='ltr'>ἔφασκον,</span> <span class='ocrx_word' id='word_1_440' title='bbox 962 3506 1162 3576; x_wconf 83' lang='grc' dir='ltr'>ίχθύων</span> <span class='ocrx_word' id='word_1_441' title='bbox 1181 3523 1240 3558; x_wconf 90' lang='grc' dir='ltr'><strong>τε</strong></span> <span class='ocrx_word' id='word_1_442' title='bbox 1263 3505 1587 3574; x_wconf 84' lang='grc' dir='ltr'>ἀπέχεσθαι,</span> <span class='ocrx_word' id='word_1_443' title='bbox 1622 3505 1800 3556; x_wconf 74' lang='grc' dir='ltr'>ἐλαίου</span> 
     </span>
    </p>
   </div>
   <div class='ocr_carea' id='block_1_67' title="bbox 228 3594 1799 3666">
    <p class='ocr_par' dir='ltr' id='par_1_67' title="bbox 228 3594 1799 3666">
     <span class='ocr_line' id='line_1_67' title="bbox 228 3594 1799 3666; baseline -0.003 -18"><span class='ocrx_word' id='word_1_444' title='bbox 228 3614 290 3648; x_wconf 86' lang='grc' dir='ltr'><strong>τε</strong></span> <span class='ocrx_word' id='word_1_445' title='bbox 325 3597 424 3647; x_wconf 71' lang='grc' dir='ltr'><strong>καλ⁸</strong></span> <span class='ocrx_word' id='word_1_446' title='bbox 447 3595 616 3660; x_wconf 81' lang='grc' dir='ltr'>οἴνου,</span> <span class='ocrx_word' id='word_1_447' title='bbox 645 3594 986 3665; x_wconf 66' lang='grc' dir='ltr'>ξηροφαγίαν</span> <span class='ocrx_word' id='word_1_448' title='bbox 1007 3597 1225 3658; x_wconf 76' lang='grc' dir='ltr'>λύοντες</span> <span class='ocrx_word' id='word_1_449' title='bbox 1253 3597 1398 3660; x_wconf 80' lang='grc' dir='ltr'>ἀπαξ</span> <span class='ocrx_word' id='word_1_450' title='bbox 1423 3597 1480 3646; x_wconf 86' lang='grc' dir='ltr'><strong>ἐν</strong></span> <span class='ocrx_word' id='word_1_451' title='bbox 1507 3598 1570 3665; x_wconf 82' lang='grc' dir='ltr'>τῇ</span> <span class='ocrx_word' id='word_1_452' title='bbox 1599 3595 1765 3666; x_wconf 81' lang='grc' dir='ltr'>ἐνάτῃ</span> <span class='ocrx_word' id='word_1_453' title='bbox 1785 3610 1799 3624; x_wconf 75' lang='grc' dir='ltr'><strong>ο</strong></span> 
     </span>
    </p>
   </div>
   <div class='ocr_carea' id='block_1_68' title="bbox 231 3685 1805 3757">
    <p class='ocr_par' dir='ltr' id='par_1_68' title="bbox 231 3685 1805 3757">
     <span class='ocr_line' id='line_1_68' title="bbox 231 3685 1805 3757; baseline -0.001 -18"><span class='ocrx_word' id='word_1_454' title='bbox 231 3686 374 3739; x_wconf 86' lang='grc' dir='ltr'><strong>ἀλλά</strong></span> <span class='ocrx_word' id='word_1_455' title='bbox 412 3703 479 3753; x_wconf 88' lang='grc' dir='ltr'><strong>γε</strong></span> <span class='ocrx_word' id='word_1_456' title='bbox 529 3688 595 3738; x_wconf 82' lang='grc' dir='ltr'><strong>σὺ</strong></span> <span class='ocrx_word' id='word_1_457' title='bbox 641 3687 716 3748; x_wconf 85' lang='grc' dir='ltr'><strong>ὡς</strong></span> <span class='ocrx_word' id='word_1_458' title='bbox 750 3687 982 3754; x_wconf 80' lang='grc' dir='ltr'>ἀσθενὴς</span> <span class='ocrx_word' id='word_1_459' title='bbox 1033 3685 1163 3756; x_wconf 76' lang='grc' dir='ltr'>οἴνῳ</span> <span class='ocrx_word' id='word_1_460' title='bbox 1215 3685 1380 3756; x_wconf 81' lang='grc' dir='ltr'>ὀλίγῳ</span> <span class='ocrx_word' id='word_1_461' title='bbox 1412 3687 1614 3757; x_wconf 78' lang='grc' dir='ltr'>χρήσῃ.</span> <span class='ocrx_word' id='word_1_462' title='bbox 1650 3686 1712 3738; x_wconf 89' lang='grc' dir='ltr'>Εἰ</span> <span class='ocrx_word' id='word_1_463' title='bbox 1747 3686 1805 3739; x_wconf 80' lang='grc' dir='ltr'>δὲ</span> 
     </span>
    </p>
   </div>
   <div class='ocr_carea' id='block_1_69' title="bbox 230 3775 1806 3846">
    <p class='ocr_par' dir='ltr' id='par_1_69' title="bbox 230 3775 1806 3846">
     <span class='ocr_line' id='line_1_69' title="bbox 230 3775 1806 3846; baseline -0.003 -16"><span class='ocrx_word' id='word_1_464' title='bbox 230 3779 331 3832; x_wconf 75' lang='grc' dir='ltr'><strong>καὶ</strong></span> <span class='ocrx_word' id='word_1_465' title='bbox 358 3777 556 3829; x_wconf 79' lang='grc' dir='ltr'>τούτου</span> <span class='ocrx_word' id='word_1_466' title='bbox 587 3775 825 3845; x_wconf 80' lang='grc' dir='ltr'>δυνηθῇς</span> <span class='ocrx_word' id='word_1_467' title='bbox 873 3775 1174 3846; x_wconf 84' lang='grc' dir='ltr'>ἀπέχεσθαι</span> <span class='ocrx_word' id='word_1_468' title='bbox 1204 3775 1302 3845; x_wconf 82' lang='grc' dir='ltr'>τὴν</span> <span class='ocrx_word' id='word_1_469' title='bbox 1325 3777 1542 3846; x_wconf 74' lang='grc' dir='ltr'>χρῆσιν,</span> <span class='ocrx_word' id='word_1_470' title='bbox 1585 3777 1806 3828; x_wconf 86' lang='grc' dir='ltr'>πλείονα</span> 
     </span>
    </p>
   </div>
   <div class='ocr_carea' id='block_1_70' title="bbox 233 3865 1805 3937">
    <p class='ocr_par' dir='ltr' id='par_1_70' title="bbox 233 3865 1805 3937">
     <span class='ocr_line' id='line_1_70' title="bbox 233 3865 1805 3937; baseline -0.001 -19"><span class='ocrx_word' id='word_1_471' title='bbox 233 3871 377 3937; x_wconf 80' lang='grc' dir='ltr'>σχῇς</span> <span class='ocrx_word' id='word_1_472' title='bbox 421 3867 696 3933; x_wconf 63' lang='grc' dir='ltr'>ὠφέλειαν</span> <span class='ocrx_word' id='word_1_473' title='bbox 717 3867 815 3934; x_wconf 87' lang='grc' dir='ltr'>τὴν</span> <span class='ocrx_word' id='word_1_474' title='bbox 845 3867 1064 3935; x_wconf 76' lang='grc' dir='ltr'>ἐντολὴν</span> <span class='ocrx_word' id='word_1_475' title='bbox 1099 3865 1415 3936; x_wconf 85' lang='grc' dir='ltr'>πληρώσας.</span> <span class='ocrx_word' id='word_1_476' title='bbox 1442 3868 1502 3918; x_wconf 79' lang='grc' dir='ltr'>Οί</span> <span class='ocrx_word' id='word_1_477' title='bbox 1539 3866 1672 3917; x_wconf 87' lang='grc' dir='ltr'>Θεῖοι</span> <span class='ocrx_word' id='word_1_478' title='bbox 1698 3865 1805 3936; x_wconf 77' lang='grc' dir='ltr'><strong>γὰρ</strong></span> 
     </span>
    </p>
   </div>
   <div class='ocr_carea' id='block_1_71' title="bbox 232 3955 1808 4026">
    <p class='ocr_par' dir='ltr' id='par_1_71' title="bbox 232 3955 1808 4026">
     <span class='ocr_line' id='line_1_71' title="bbox 232 3955 1808 4026; baseline -0.003 -15"><span class='ocrx_word' id='word_1_479' title='bbox 232 3959 530 4011; x_wconf 66' lang='grc' dir='ltr'>ἀπόστολοι</span> <span class='ocrx_word' id='word_1_480' title='bbox 570 3959 628 4009; x_wconf 79' lang='grc' dir='ltr'>ὲν</span> <span class='ocrx_word' id='word_1_481' title='bbox 657 3957 883 4016; x_wconf 82' lang='grc' dir='ltr'>ταύταις</span> <span class='ocrx_word' id='word_1_482' title='bbox 922 3959 1042 4019; x_wconf 81' lang='grc' dir='ltr'>ταῖς</span> <span class='ocrx_word' id='word_1_483' title='bbox 1079 3957 1332 4026; x_wconf 76' lang='grc' dir='ltr'>ἡμέραις,</span> <span class='ocrx_word' id='word_1_484' title='bbox 1364 3955 1498 4009; x_wconf 84' lang='grc' dir='ltr'><strong>ἀλλά</strong></span> <span class='ocrx_word' id='word_1_485' title='bbox 1541 3973 1606 4023; x_wconf 86' lang='grc' dir='ltr'><strong>γε</strong></span> <span class='ocrx_word' id='word_1_486' title='bbox 1642 3958 1734 4008; x_wconf 72' lang='grc' dir='ltr'>καὶ</span> <span class='ocrx_word' id='word_1_487' title='bbox 1759 3957 1808 4008; x_wconf 87' lang='grc' dir='ltr'><strong>οί</strong></span> 
     </span>
    </p>
   </div>
   <div class='ocr_carea' id='block_1_72' title="bbox 236 4045 1807 4116">
    <p class='ocr_par' dir='ltr' id='par_1_72' title="bbox 236 4045 1807 4116">
     <span class='ocr_line' id='line_1_72' title="bbox 236 4045 1807 4116; baseline -0.001 -19"><span class='ocrx_word' id='word_1_488' title='bbox 236 4046 357 4116; x_wconf 82' lang='grc' dir='ltr'>μετ’</span> <span class='ocrx_word' id='word_1_489' title='bbox 399 4047 602 4106; x_wconf 69' lang='grc' dir='ltr'>αὐτοὺς</span> <span class='ocrx_word' id='word_1_490' title='bbox 655 4045 902 4113; x_wconf 84' lang='grc' dir='ltr'>θεοφόροι</span> <span class='ocrx_word' id='word_1_491' title='bbox 948 4046 1190 4114; x_wconf 83' lang='grc' dir='ltr'>Πατέρες</span> <span class='ocrx_word' id='word_1_492' title='bbox 1236 4045 1520 4116; x_wconf 77' lang='grc' dir='ltr'>ἀκρίϐειαν</span> <span class='ocrx_word' id='word_1_493' title='bbox 1566 4045 1807 4113; x_wconf 77' lang='grc' dir='ltr'>ὁρίζουσι</span> 
     </span>
    </p>
   </div>
   <div class='ocr_carea' id='block_1_73' title="bbox 233 4137 1805 4208">
    <p class='ocr_par' dir='ltr' id='par_1_73' title="bbox 233 4137 1805 4208">
     <span class='ocr_line' id='line_1_73' title="bbox 233 4137 1805 4208; baseline -0.003 -18"><span class='ocrx_word' id='word_1_494' title='bbox 233 4137 483 4208; x_wconf 67' lang='grc' dir='ltr'>φοϐερὰν</span> <span class='ocrx_word' id='word_1_495' title='bbox 527 4138 624 4188; x_wconf 73' lang='grc' dir='ltr'>καὶ</span> <span class='ocrx_word' id='word_1_496' title='bbox 674 4137 937 4206; x_wconf 85' lang='grc' dir='ltr'>μεγάλην,</span> <span class='ocrx_word' id='word_1_497' title='bbox 979 4138 1128 4204; x_wconf 81' lang='grc' dir='ltr'>ἄρτῳ</span> <span class='ocrx_word' id='word_1_498' title='bbox 1159 4137 1254 4188; x_wconf 77' lang='grc' dir='ltr'>καὶ</span> <span class='ocrx_word' id='word_1_499' title='bbox 1303 4138 1448 4206; x_wconf 83' lang='grc' dir='ltr'><strong>μόνῳ</strong></span> <span class='ocrx_word' id='word_1_500' title='bbox 1488 4137 1805 4207; x_wconf 80' lang='grc' dir='ltr'>τρέφεσθαι,</span> 
     </span>
    </p>
   </div>
   <div class='ocr_carea' id='block_1_74' title="bbox 234 4228 1808 4300">
    <p class='ocr_par' dir='ltr' id='par_1_74' title="bbox 234 4228 1808 4300">
     <span class='ocr_line' id='line_1_74' title="bbox 234 4228 1808 4300; baseline -0.001 -16"><span class='ocrx_word' id='word_1_501' title='bbox 234 4232 322 4284; x_wconf 85' lang='grc' dir='ltr'><strong>ἀλί</strong></span> <span class='ocrx_word' id='word_1_502' title='bbox 354 4247 415 4281; x_wconf 86' lang='grc' dir='ltr'><strong>τε</strong></span> <span class='ocrx_word' id='word_1_503' title='bbox 453 4231 545 4281; x_wconf 78' lang='grc' dir='ltr'>καὶ</span> <span class='ocrx_word' id='word_1_504' title='bbox 580 4229 854 4298; x_wconf 81' lang='grc' dir='ltr'>λαχάνοις,</span> <span class='ocrx_word' id='word_1_505' title='bbox 885 4229 1063 4282; x_wconf 80' lang='grc' dir='ltr'>καὶτὸ</span> <span class='ocrx_word' id='word_1_506' title='bbox 1097 4230 1246 4297; x_wconf 77' lang='grc' dir='ltr'>πόμα</span> <span class='ocrx_word' id='word_1_507' title='bbox 1277 4246 1339 4296; x_wconf 91' lang='grc' dir='ltr'><strong>γε</strong></span> <span class='ocrx_word' id='word_1_508' title='bbox 1371 4229 1630 4292; x_wconf 80' lang='grc' dir='ltr'>ὡσαύτως</span> <span class='ocrx_word' id='word_1_509' title='bbox 1665 4228 1808 4300; x_wconf 79' lang='grc' dir='ltr'>ὕδωρ</span> 
     </span>
    </p>
   </div>
   <div class='ocr_carea' id='block_1_75' title="bbox 232 4319 1808 4389">
    <p class='ocr_par' dir='ltr' id='par_1_75' title="bbox 232 4319 1808 4389">
     <span class='ocr_line' id='line_1_75' title="bbox 232 4319 1808 4389; baseline 0.001 -17"><span class='ocrx_word' id='word_1_510' title='bbox 232 4322 331 4374; x_wconf 69' lang='grc' dir='ltr'><strong>καὶ</strong></span> <span class='ocrx_word' id='word_1_511' title='bbox 365 4321 532 4389; x_wconf 74' lang='grc' dir='ltr'>μόνον</span> <span class='ocrx_word' id='word_1_512' title='bbox 564 4319 739 4384; x_wconf 78' lang='grc' dir='ltr'>ἔσται,</span> <span class='ocrx_word' id='word_1_513' title='bbox 771 4321 819 4372; x_wconf 85' lang='grc' dir='ltr'>εἰ</span> <span class='ocrx_word' id='word_1_514' title='bbox 848 4323 922 4389; x_wconf 85' lang='grc' dir='ltr'>μή</span> <span class='ocrx_word' id='word_1_515' title='bbox 959 4337 1059 4374; x_wconf 89' lang='grc' dir='ltr'><strong>που</strong></span> <span class='ocrx_word' id='word_1_516' title='bbox 1092 4319 1158 4372; x_wconf 79' lang='grc' dir='ltr'>δι’</span> <span class='ocrx_word' id='word_1_517' title='bbox 1186 4319 1474 4374; x_wconf 82' lang='grc' dir='ltr'>ἀσθένειάν</span> <span class='ocrx_word' id='word_1_518' title='bbox 1497 4339 1576 4384; x_wconf 88' lang='grc' dir='ltr'><strong>τις</strong></span> <span class='ocrx_word' id='word_1_519' title='bbox 1613 4322 1808 4374; x_wconf 85' lang='grc' dir='ltr'>ἀδυνά-</span> 
     </span>
    </p>
   </div>
   <div class='ocr_carea' id='block_1_76' title="bbox 231 4410 1806 4482">
    <p class='ocr_par' dir='ltr' id='par_1_76' title="bbox 231 4410 1806 4482">
     <span class='ocr_line' id='line_1_76' title="bbox 231 4410 1806 4482; baseline 0.001 -17"><span class='ocrx_word' id='word_1_520' title='bbox 231 4431 343 4476; x_wconf 84' lang='grc' dir='ltr'><strong>τως</strong></span> <span class='ocrx_word' id='word_1_521' title='bbox 375 4412 514 4480; x_wconf 74' lang='grc' dir='ltr'>ἔχει,</span> <span class='ocrx_word' id='word_1_522' title='bbox 545 4411 673 4479; x_wconf 69' lang='grc' dir='ltr'>οἴνῳ</span> <span class='ocrx_word' id='word_1_523' title='bbox 701 4411 867 4481; x_wconf 82' lang='grc' dir='ltr'>ὀλίγῳ</span> <span class='ocrx_word' id='word_1_524' title='bbox 911 4410 1194 4480; x_wconf 85' lang='grc' dir='ltr'>χρώμενος</span> <span class='ocrx_word' id='word_1_525' title='bbox 1220 4413 1308 4464; x_wconf 85' lang='grc' dir='ltr'><strong>διά</strong></span> <span class='ocrx_word' id='word_1_526' title='bbox 1332 4412 1431 4482; x_wconf 79' lang='grc' dir='ltr'><strong>τὴν</strong></span> <span class='ocrx_word' id='word_1_527' title='bbox 1475 4414 1806 4482; x_wconf 65' lang='grc' dir='ltr'>ἀρρωστίαν.</span> 
     </span>
    </p>
   </div>
   <div class='ocr_carea' id='block_1_77' title="bbox 1905 3231 3464 3305">
    <p class='ocr_par' dir='ltr' id='par_1_77' title="bbox 1905 3231 3464 3305">
     <span class='ocr_line' id='line_1_77' title="bbox 1905 3231 3464 3305; baseline 0.014 -24"><span class='ocrx_word' id='word_1_528' title='bbox 1905 3244 2066 3282; x_wconf 87' lang='lat' dir='ltr'><strong>orsus</strong></span> <span class='ocrx_word' id='word_1_529' title='bbox 2099 3231 2164 3283; x_wconf 89' lang='lat' dir='ltr'><strong>de</strong></span> <span class='ocrx_word' id='word_1_530' title='bbox 2196 3233 2463 3301; x_wconf 81' lang='lat' dir='ltr'><strong>principio</strong></span> <span class='ocrx_word' id='word_1_531' title='bbox 2503 3237 2851 3305; x_wconf 77' lang='lat' dir='ltr'><strong>obligationis</strong></span> <span class='ocrx_word' id='word_1_532' title='bbox 2880 3258 2894 3294; x_wconf 88' lang='lat'><strong>:</strong></span> <span class='ocrx_word' id='word_1_533' title='bbox 2921 3245 3064 3296; x_wconf 89' lang='lat' dir='ltr'><strong>unde</strong></span> <span class='ocrx_word' id='word_1_534' title='bbox 3102 3254 3152 3296; x_wconf 90' lang='lat' dir='ltr'><strong>te</strong></span> <span class='ocrx_word' id='word_1_535' title='bbox 3191 3262 3374 3300; x_wconf 82' lang='lat' dir='ltr'><strong>curaui</strong></span> <span class='ocrx_word' id='word_1_536' title='bbox 3411 3251 3464 3303; x_wconf 87' lang='lat' dir='ltr'><strong>in</strong></span> 
     </span>
    </p>
   </div>
   <div class='ocr_carea' id='block_1_78' title="bbox 1902 3315 3466 3406">
    <p class='ocr_par' dir='ltr' id='par_1_78' title="bbox 1902 3315 3466 3406">
     <span class='ocr_line' id='line_1_78' title="bbox 1902 3315 3466 3406; baseline 0.015 -40"><span class='ocrx_word' id='word_1_537' title='bbox 1902 3315 2113 3387; x_wconf 79' lang='lat' dir='ltr'><strong>jejunio</strong></span> <span class='ocrx_word' id='word_1_538' title='bbox 2138 3334 2339 3387; x_wconf 85' lang='lat' dir='ltr'><strong>ponere</strong></span> <span class='ocrx_word' id='word_1_539' title='bbox 2380 3334 2612 3391; x_wconf 83' lang='lat' dir='ltr'><strong>oportet,</strong></span> <span class='ocrx_word' id='word_1_540' title='bbox 2638 3342 2744 3378; x_wconf 89' lang='lat' dir='ltr'><strong>non</strong></span> <span class='ocrx_word' id='word_1_541' title='bbox 2778 3329 2844 3380; x_wconf 89' lang='lat' dir='ltr'><strong>de</strong></span> <span class='ocrx_word' id='word_1_542' title='bbox 2890 3329 2992 3384; x_wconf 91' lang='lat' dir='ltr'><strong>hoc</strong></span> <span class='ocrx_word' id='word_1_543' title='bbox 3034 3332 3239 3400; x_wconf 83' lang='lat' dir='ltr'><strong>jejunio</strong></span> <span class='ocrx_word' id='word_1_544' title='bbox 3275 3335 3466 3406; x_wconf 80' lang='lat' dir='ltr'><strong>loquor</strong></span> 
     </span>
    </p>
   </div>
   <div class='ocr_carea' id='block_1_79' title="bbox 1907 3413 3467 3494">
    <p class='ocr_par' dir='ltr' id='par_1_79' title="bbox 1907 3413 3467 3494">
     <span class='ocr_line' id='line_1_79' title="bbox 1907 3413 3467 3494; baseline 0.018 -31"><span class='ocrx_word' id='word_1_545' title='bbox 1907 3413 2137 3468; x_wconf 87' lang='lat' dir='ltr'><strong>duarum</strong></span> <span class='ocrx_word' id='word_1_546' title='bbox 2191 3419 2426 3485; x_wconf 86' lang='lat' dir='ltr'><strong>dierum,</strong></span> <span class='ocrx_word' id='word_1_547' title='bbox 2476 3433 2667 3491; x_wconf 85' lang='lat' dir='ltr'><strong>quarta</strong></span> <span class='ocrx_word' id='word_1_548' title='bbox 2705 3437 2756 3478; x_wconf 91' lang='lat' dir='ltr'><strong>et</strong></span> <span class='ocrx_word' id='word_1_549' title='bbox 2808 3442 3119 3494; x_wconf 85' lang='lat' dir='ltr'><strong>parasceve,</strong></span> <span class='ocrx_word' id='word_1_550' title='bbox 3167 3443 3224 3486; x_wconf 85' lang='lat' dir='ltr'><strong>ut</strong></span> <span class='ocrx_word' id='word_1_551' title='bbox 3276 3434 3467 3490; x_wconf 83' lang='lat' dir='ltr'><strong>Patres</strong></span> 
     </span>
    </p>
   </div>
   <div class='ocr_carea' id='block_1_80' title="bbox 1904 3499 3469 3590">
    <p class='ocr_par' dir='ltr' id='par_1_80' title="bbox 1904 3499 3469 3590">
     <span class='ocr_line' id='line_1_80' title="bbox 1904 3499 3469 3590; baseline 0.015 -39"><span class='ocrx_word' id='word_1_552' title='bbox 1904 3499 2178 3564; x_wconf 86' lang='lat' dir='ltr'><strong>dicebant,</strong></span> <span class='ocrx_word' id='word_1_553' title='bbox 2243 3507 2484 3572; x_wconf 84' lang='lat' dir='ltr'><strong>piscibus</strong></span> <span class='ocrx_word' id='word_1_554' title='bbox 2534 3510 2918 3566; x_wconf 87' lang='lat' dir='ltr'><strong>abstinendum</strong></span> <span class='ocrx_word' id='word_1_555' title='bbox 2966 3532 3087 3570; x_wconf 69' lang='lat' dir='ltr'><strong>esse</strong></span> <span class='ocrx_word' id='word_1_556' title='bbox 3127 3520 3356 3590; x_wconf 81' lang='lat' dir='ltr'><strong>oleoque</strong></span> <span class='ocrx_word' id='word_1_557' title='bbox 3403 3540 3469 3576; x_wconf 84' lang='lat' dir='ltr'><strong>ae</strong></span> 
     </span>
    </p>
   </div>
   <div class='ocr_carea' id='block_1_81' title="bbox 1906 3589 3466 3668">
    <p class='ocr_par' dir='ltr' id='par_1_81' title="bbox 1906 3589 3466 3668">
     <span class='ocr_line' id='line_1_81' title="bbox 1906 3589 3466 3668; baseline 0.017 -26"><span class='ocrx_word' id='word_1_558' title='bbox 1906 3589 2056 3655; x_wconf 76' lang='lat' dir='ltr'><strong>vino,</strong></span> <span class='ocrx_word' id='word_1_559' title='bbox 2085 3595 2468 3665; x_wconf 78' lang='lat' dir='ltr'><strong>xerOphagiam</strong></span> <span class='ocrx_word' id='word_1_560' title='bbox 2521 3601 2898 3667; x_wconf 83' lang='lat' dir='ltr'><strong>permittentes</strong></span> <span class='ocrx_word' id='word_1_561' title='bbox 2929 3614 3094 3660; x_wconf 84' lang='lat' dir='ltr'><strong>semel</strong></span> <span class='ocrx_word' id='word_1_562' title='bbox 3148 3609 3212 3663; x_wconf 88' lang='lat' dir='ltr'><strong>ad</strong></span> <span class='ocrx_word' id='word_1_563' title='bbox 3246 3589 3466 3668; x_wconf 82' lang='lat' dir='ltr'><strong>nonam.</strong></span> 
     </span>
    </p>
   </div>
   <div class='ocr_carea' id='block_1_82' title="bbox 1907 3681 3465 3758">
    <p class='ocr_par' dir='ltr' id='par_1_82' title="bbox 1907 3681 3465 3758">
     <span class='ocr_line' id='line_1_82' title="bbox 1907 3681 3465 3758; baseline 0.015 -24"><span class='ocrx_word' id='word_1_564' title='bbox 1907 3681 1986 3734; x_wconf 89' lang='lat' dir='ltr'><strong>Tu</strong></span> <span class='ocrx_word' id='word_1_565' title='bbox 2013 3693 2209 3750; x_wconf 86' lang='lat' dir='ltr'><strong>tamen,</strong></span> <span class='ocrx_word' id='word_1_566' title='bbox 2241 3697 2297 3739; x_wconf 90' lang='lat' dir='ltr'><strong>ut</strong></span> <span class='ocrx_word' id='word_1_567' title='bbox 2340 3689 2560 3754; x_wconf 84' lang='lat' dir='ltr'><strong>debilis,</strong></span> <span class='ocrx_word' id='word_1_568' title='bbox 2599 3705 2769 3758; x_wconf 84' lang='lat' dir='ltr'><strong>pauco</strong></span> <span class='ocrx_word' id='word_1_569' title='bbox 2820 3695 2947 3748; x_wconf 83' lang='lat' dir='ltr'><strong>vino</strong></span> <span class='ocrx_word' id='word_1_570' title='bbox 2999 3699 3186 3752; x_wconf 85' lang='lat' dir='ltr'><strong>uteris.</strong></span> <span class='ocrx_word' id='word_1_571' title='bbox 3238 3701 3291 3752; x_wconf 85' lang='lat' dir='ltr'><strong>Si</strong></span> <span class='ocrx_word' id='word_1_572' title='bbox 3341 3719 3465 3757; x_wconf 89' lang='lat' dir='ltr'><strong>vero</strong></span> 
     </span>
    </p>
   </div>
   <div class='ocr_carea' id='block_1_83' title="bbox 1909 3773 3462 3857">
    <p class='ocr_par' dir='ltr' id='par_1_83' title="bbox 1909 3773 3462 3857">
     <span class='ocr_line' id='line_1_83' title="bbox 1909 3773 3462 3857; baseline 0.014 -32"><span class='ocrx_word' id='word_1_573' title='bbox 1909 3773 2065 3828; x_wconf 89' lang='lat' dir='ltr'><strong>istius</strong></span> <span class='ocrx_word' id='word_1_574' title='bbox 2101 3777 2220 3828; x_wconf 84' lang='lat' dir='ltr'><strong>usui</strong></span> <span class='ocrx_word' id='word_1_575' title='bbox 2285 3787 2435 3844; x_wconf 83' lang='lat' dir='ltr'><strong>potes</strong></span> <span class='ocrx_word' id='word_1_576' title='bbox 2489 3783 2820 3846; x_wconf 86' lang='lat' dir='ltr'><strong>renuntiare,</strong></span> <span class='ocrx_word' id='word_1_577' title='bbox 2856 3786 3108 3853; x_wconf 86' lang='lat' dir='ltr'><strong>majorem</strong></span> <span class='ocrx_word' id='word_1_578' title='bbox 3160 3791 3462 3857; x_wconf 81' lang='lat' dir='ltr'><strong>utilitatem,</strong></span> 
     </span>
    </p>
   </div>
   <div class='ocr_carea' id='block_1_84' title="bbox 1911 3873 3468 3959">
    <p class='ocr_par' dir='ltr' id='par_1_84' title="bbox 1911 3873 3468 3959">
     <span class='ocr_line' id='line_1_84' title="bbox 1911 3873 3468 3959; baseline 0.017 -44"><span class='ocrx_word' id='word_1_579' title='bbox 1911 3873 2126 3918; x_wconf 85' lang='lat' dir='ltr'><strong>servato</strong></span> <span class='ocrx_word' id='word_1_580' title='bbox 2165 3880 2470 3939; x_wconf 67' lang='lat' dir='ltr'><strong>pra-cepto,</strong></span> <span class='ocrx_word' id='word_1_581' title='bbox 2509 3875 2793 3944; x_wconf 88' lang='lat' dir='ltr'><strong>percipies.</strong></span> <span class='ocrx_word' id='word_1_582' title='bbox 2835 3877 2948 3932; x_wconf 78' lang='lat' dir='ltr'><strong>Divi</strong></span> <span class='ocrx_word' id='word_1_583' title='bbox 2984 3881 3122 3934; x_wconf 88' lang='lat' dir='ltr'><strong>enim</strong></span> <span class='ocrx_word' id='word_1_584' title='bbox 3155 3887 3381 3952; x_wconf 80' lang='lat' dir='ltr'><strong>apostoli</strong></span> <span class='ocrx_word' id='word_1_585' title='bbox 3413 3889 3468 3959; x_wconf 74' lang='lat' dir='ltr'><strong>in</strong></span> 
     </span>
    </p>
   </div>
   <div class='ocr_carea' id='block_1_85' title="bbox 1912 3956 3464 4038">
    <p class='ocr_par' dir='ltr' id='par_1_85' title="bbox 1912 3956 3464 4038">
     <span class='ocr_line' id='line_1_85' title="bbox 1912 3956 3464 4038; baseline 0.015 -32"><span class='ocrx_word' id='word_1_586' title='bbox 1912 3956 2028 4008; x_wconf 86' lang='lat' dir='ltr'><strong>istis</strong></span> <span class='ocrx_word' id='word_1_587' title='bbox 2081 3957 2292 4023; x_wconf 89' lang='lat' dir='ltr'><strong>diebus,</strong></span> <span class='ocrx_word' id='word_1_588' title='bbox 2327 3971 2379 4014; x_wconf 88' lang='lat' dir='ltr'><strong>et</strong></span> <span class='ocrx_word' id='word_1_589' title='bbox 2412 3972 2532 4030; x_wconf 93' lang='lat' dir='ltr'><strong>post</strong></span> <span class='ocrx_word' id='word_1_590' title='bbox 2588 3967 2732 4032; x_wconf 86' lang='lat' dir='ltr'><strong>ipsos</strong></span> <span class='ocrx_word' id='word_1_591' title='bbox 2771 3970 3100 4024; x_wconf 77' lang='lat' dir='ltr'><strong>sanctissimi</strong></span> <span class='ocrx_word' id='word_1_592' title='bbox 3140 3973 3348 4038; x_wconf 88' lang='lat' dir='ltr'><strong>Patres,</strong></span> <span class='ocrx_word' id='word_1_593' title='bbox 3407 3956 3464 4030; x_wconf 81' lang='lat' dir='ltr'><strong>in</strong></span> 
     </span>
    </p>
   </div>
   <div class='ocr_carea' id='block_1_86' title="bbox 1912 4046 3469 4131">
    <p class='ocr_par' dir='ltr' id='par_1_86' title="bbox 1912 4046 3469 4131">
     <span class='ocr_line' id='line_1_86' title="bbox 1912 4046 3469 4131; baseline 0.016 -33"><span class='ocrx_word' id='word_1_594' title='bbox 1912 4046 2013 4101; x_wconf 90' lang='lat' dir='ltr'><strong>hoc</strong></span> <span class='ocrx_word' id='word_1_595' title='bbox 2074 4065 2325 4120; x_wconf 83' lang='lat' dir='ltr'><strong>magnam</strong></span> <span class='ocrx_word' id='word_1_596' title='bbox 2385 4059 2866 4130; x_wconf 79' lang='lat' dir='ltr'><strong>venerandamquc</strong></span> <span class='ocrx_word' id='word_1_597' title='bbox 2955 4063 3469 4131; x_wconf 70' lang='lat' dir='ltr'><strong>perfectionent&#39;si-</strong></span> 
     </span>
    </p>
   </div>
   <div class='ocr_carea' id='block_1_87' title="bbox 1910 4142 3463 4226">
    <p class='ocr_par' dir='ltr' id='par_1_87' title="bbox 1910 4142 3463 4226">
     <span class='ocr_line' id='line_1_87' title="bbox 1910 4142 3463 4226; baseline 0.017 -38"><span class='ocrx_word' id='word_1_598' title='bbox 1910 4147 2080 4202; x_wconf 84' lang='lat' dir='ltr'><strong>stunt,</strong></span> <span class='ocrx_word' id='word_1_599' title='bbox 2113 4142 2230 4195; x_wconf 89' lang='lat' dir='ltr'><strong>solo</strong></span> <span class='ocrx_word' id='word_1_600' title='bbox 2267 4159 2404 4212; x_wconf 90' lang='lat' dir='ltr'><strong>pane</strong></span> <span class='ocrx_word' id='word_1_601' title='bbox 2445 4162 2568 4201; x_wconf 91' lang='lat' dir='ltr'><strong>cum</strong></span> <span class='ocrx_word' id='word_1_602' title='bbox 2625 4149 2741 4205; x_wconf 84' lang='lat' dir='ltr'><strong>sale</strong></span> <span class='ocrx_word' id='word_1_603' title='bbox 2800 4153 3268 4226; x_wconf 78' lang='lat' dir='ltr'><strong>lcguminibusque</strong></span> <span class='ocrx_word' id='word_1_604' title='bbox 3302 4164 3463 4221; x_wconf 87' lang='lat' dir='ltr'><strong>vesci.</strong></span> 
     </span>
    </p>
   </div>
   <div class='ocr_carea' id='block_1_88' title="bbox 1913 4228 3467 4320">
    <p class='ocr_par' dir='ltr' id='par_1_88' title="bbox 1913 4228 3467 4320">
     <span class='ocr_line' id='line_1_88' title="bbox 1913 4228 3467 4320; baseline 0.016 -40"><span class='ocrx_word' id='word_1_605' title='bbox 1913 4228 2166 4286; x_wconf 79' lang='lat' dir='ltr'><strong>simiitcr</strong></span> <span class='ocrx_word' id='word_1_606' title='bbox 2196 4249 2294 4302; x_wconf 91' lang='lat' dir='ltr'><strong>pro</strong></span> <span class='ocrx_word' id='word_1_607' title='bbox 2321 4245 2448 4303; x_wconf 85' lang='lat' dir='ltr'><strong>potu</strong></span> <span class='ocrx_word' id='word_1_608' title='bbox 2507 4240 2677 4293; x_wconf 88' lang='lat' dir='ltr'><strong>solam</strong></span> <span class='ocrx_word' id='word_1_609' title='bbox 2725 4256 2922 4310; x_wconf 88' lang='lat' dir='ltr'><strong>aquam</strong></span> <span class='ocrx_word' id='word_1_610' title='bbox 2958 4244 3177 4309; x_wconf 83' lang='lat' dir='ltr'><strong>habere,</strong></span> <span class='ocrx_word' id='word_1_611' title='bbox 3211 4247 3312 4302; x_wconf 90' lang='lat' dir='ltr'><strong>nisi</strong></span> <span class='ocrx_word' id='word_1_612' title='bbox 3344 4252 3467 4320; x_wconf 87' lang='lat' dir='ltr'><strong>quis</strong></span> 
     </span>
    </p>
   </div>
   <div class='ocr_carea' id='block_1_89' title="bbox 1913 4325 3467 4404">
    <p class='ocr_par' dir='ltr' id='par_1_89' title="bbox 1913 4325 3467 4404">
     <span class='ocr_line' id='line_1_89' title="bbox 1913 4325 3467 4404; baseline 0.008 -34"><span class='ocrx_word' id='word_1_613' title='bbox 1913 4331 2130 4388; x_wconf 89' lang='lat' dir='ltr'><strong>pr0pter</strong></span> <span class='ocrx_word' id='word_1_614' title='bbox 2169 4325 2495 4380; x_wconf 89' lang='lat' dir='ltr'><strong>debilitatem</strong></span> <span class='ocrx_word' id='word_1_615' title='bbox 2549 4344 2654 4382; x_wconf 88' lang='lat' dir='ltr'><strong>non</strong></span> <span class='ocrx_word' id='word_1_616' title='bbox 2700 4332 2904 4396; x_wconf 84' lang='lat' dir='ltr'><strong>valeat;</strong></span> <span class='ocrx_word' id='word_1_617' title='bbox 2955 4333 3040 4387; x_wconf 92' lang='lat' dir='ltr'><strong>hic</strong></span> <span class='ocrx_word' id='word_1_618' title='bbox 3093 4336 3238 4388; x_wconf 87' lang='lat' dir='ltr'><strong>enim</strong></span> <span class='ocrx_word' id='word_1_619' title='bbox 3295 4351 3467 4404; x_wconf 64' lang='lat' dir='ltr'><strong>pauci.</strong></span> 
     </span>
    </p>
   </div>
   <div class='ocr_carea' id='block_1_90' title="bbox 1912 4407 3462 4489">
    <p class='ocr_par' dir='ltr' id='par_1_90' title="bbox 1912 4407 3462 4489">
     <span class='ocr_line' id='line_1_90' title="bbox 1912 4407 3462 4489; baseline 0.012 -31"><span class='ocrx_word' id='word_1_620' title='bbox 1912 4407 2036 4461; x_wconf 86' lang='lat' dir='ltr'><strong>vino</strong></span> <span class='ocrx_word' id='word_1_621' title='bbox 2077 4422 2296 4478; x_wconf 82' lang='lat' dir='ltr'><strong>prepter</strong></span> <span class='ocrx_word' id='word_1_622' title='bbox 2344 4415 2710 4468; x_wconf 80' lang='lat' dir='ltr'><strong>inﬁrmitatem</strong></span> <span class='ocrx_word' id='word_1_623' title='bbox 2747 4428 2953 4474; x_wconf 90' lang='lat' dir='ltr'><strong>utatur.</strong></span> <span class='ocrx_word' id='word_1_624' title='bbox 3007 4421 3232 4477; x_wconf 64' lang='lat' dir='ltr'><strong>(laeteris</strong></span> <span class='ocrx_word' id='word_1_625' title='bbox 3262 4433 3462 4489; x_wconf 85' lang='lat' dir='ltr'><strong>autem,</strong></span> 
     </span>
    </p>
   </div>
   <div class='ocr_carea' id='block_1_91' title="bbox 233 4497 1895 4582">
    <p class='ocr_par' dir='ltr' id='par_1_91' title="bbox 233 4497 1880 4570">
     <span class='ocr_line' id='line_1_91' title="bbox 233 4497 1880 4570; baseline 0.002 -18"><span class='ocrx_word' id='word_1_626' title='bbox 233 4498 356 4552; x_wconf 84' lang='grc' dir='ltr'>Τῶν</span> <span class='ocrx_word' id='word_1_627' title='bbox 386 4499 444 4551; x_wconf 82' lang='grc' dir='ltr'>δὲ</span> <span class='ocrx_word' id='word_1_628' title='bbox 477 4498 701 4562; x_wconf 85' lang='grc' dir='ltr'>λοιπῶν,</span> <span class='ocrx_word' id='word_1_629' title='bbox 727 4499 801 4561; x_wconf 87' lang='grc' dir='ltr'>ὡς</span> <span class='ocrx_word' id='word_1_630' title='bbox 821 4499 1095 4567; x_wconf 82' lang='grc' dir='ltr'>γέγραφα,</span> <span class='ocrx_word' id='word_1_631' title='bbox 1119 4500 1360 4570; x_wconf 83' lang='grc' dir='ltr'>ἀπόσχου</span> <span class='ocrx_word' id='word_1_632' title='bbox 1385 4499 1614 4570; x_wconf 77' lang='grc' dir='ltr'>πάμπαν</span> <span class='ocrx_word' id='word_1_633' title='bbox 1643 4502 1798 4565; x_wconf 88' lang='grc' dir='ltr'>ὅλως,</span> <span class='ocrx_word' id='word_1_634' title='bbox 1829 4497 1880 4555; x_wconf 90' lang='grc' dir='ltr'><strong>Ι)</strong></span> 
     </span>
    </p>
   </div>
   <div class='ocr_carea' id='block_1_92' title="bbox 1806 4497 3468 4582">
    <p class='ocr_par' dir='ltr' id='par_1_92' title="bbox 1829 4497 3468 4582">
     <span class='ocr_line' id='line_1_92' title="bbox 1829 4497 3468 4582; baseline 0.009 -27"><span class='ocrx_word' id='word_1_635' title='bbox 1829 4497 1880 4555; x_wconf 90' lang='grc' dir='ltr'><strong>Ι)</strong></span> <span class='ocrx_word' id='word_1_636' title='bbox 1909 4507 1965 4551; x_wconf 86' lang='grc' dir='ltr'><strong>ιιι</strong></span> <span class='ocrx_word' id='word_1_637' title='bbox 1988 4503 2204 4568; x_wconf 89' lang='lat' dir='ltr'><strong>scripsi.</strong></span> <span class='ocrx_word' id='word_1_638' title='bbox 2235 4520 2464 4572; x_wconf 87' lang='lat' dir='ltr'><strong>prorsus</strong></span> <span class='ocrx_word' id='word_1_639' title='bbox 2496 4509 2797 4576; x_wconf 89' lang='lat' dir='ltr'><strong>abstineas,</strong></span> <span class='ocrx_word' id='word_1_640' title='bbox 2830 4513 2930 4566; x_wconf 84' lang='lat' dir='ltr'><strong>nisi</strong></span> <span class='ocrx_word' id='word_1_641' title='bbox 2967 4529 3073 4582; x_wconf 88' lang='lat' dir='ltr'><strong>qua</strong></span> <span class='ocrx_word' id='word_1_642' title='bbox 3099 4515 3343 4569; x_wconf 78' lang='lat' dir='ltr'><strong>debilitas</strong></span> <span class='ocrx_word' id='word_1_643' title='bbox 3377 4530 3468 4571; x_wconf 89' lang='lat' dir='ltr'><strong>aut</strong></span> 
     </span>
    </p>
   </div>
   <div class='ocr_carea' id='block_1_93' title="bbox 235 4587 1805 4660">
    <p class='ocr_par' dir='ltr' id='par_1_93' title="bbox 235 4587 1805 4660">
     <span class='ocr_line' id='line_1_93' title="bbox 235 4587 1805 4660; baseline 0.005 -22"><span class='ocrx_word' id='word_1_644' title='bbox 235 4590 282 4639; x_wconf 85' lang='grc' dir='ltr'>εἰ</span> <span class='ocrx_word' id='word_1_645' title='bbox 312 4589 391 4658; x_wconf 84' lang='grc' dir='ltr'>μή</span> <span class='ocrx_word' id='word_1_646' title='bbox 429 4587 534 4638; x_wconf 89' lang='grc' dir='ltr'><strong>πού</strong></span> <span class='ocrx_word' id='word_1_647' title='bbox 566 4605 652 4649; x_wconf 86' lang='grc' dir='ltr'><strong>τις</strong></span> <span class='ocrx_word' id='word_1_648' title='bbox 692 4587 944 4640; x_wconf 84' lang='grc' dir='ltr'>ἀσθένεια</span> <span class='ocrx_word' id='word_1_649' title='bbox 978 4590 1258 4660; x_wconf 79' lang='grc' dir='ltr'>ἢάφορμὴ</span> <span class='ocrx_word' id='word_1_650' title='bbox 1297 4592 1535 4654; x_wconf 79' lang='grc' dir='ltr'>ἐπέλθοι,</span> <span class='ocrx_word' id='word_1_651' title='bbox 1571 4591 1685 4646; x_wconf 84' lang='grc' dir='ltr'>ἀλλ’</span> <span class='ocrx_word' id='word_1_652' title='bbox 1713 4591 1805 4646; x_wconf 78' lang='grc' dir='ltr'><strong>οὖν</strong></span> 
     </span>
    </p>
   </div>
   <div class='ocr_carea' id='block_1_94' title="bbox 234 4676 1804 4748">
    <p class='ocr_par' dir='ltr' id='par_1_94' title="bbox 234 4676 1804 4748">
     <span class='ocr_line' id='line_1_94' title="bbox 234 4676 1804 4748; baseline 0.004 -19"><span class='ocrx_word' id='word_1_653' title='bbox 234 4679 268 4748; x_wconf 76' lang='grc' dir='ltr'><strong>ὴ</strong></span> <span class='ocrx_word' id='word_1_654' title='bbox 297 4679 399 4746; x_wconf 72' lang='grc' dir='ltr'>οὐχ</span> <span class='ocrx_word' id='word_1_655' title='bbox 443 4677 520 4736; x_wconf 78' lang='grc' dir='ltr'>ὡς</span> <span class='ocrx_word' id='word_1_656' title='bbox 550 4676 765 4746; x_wconf 77' lang='grc' dir='ltr'>ἔτυχεν,</span> <span class='ocrx_word' id='word_1_657' title='bbox 810 4678 925 4730; x_wconf 83' lang='grc' dir='ltr'>ἀλλ’</span> <span class='ocrx_word' id='word_1_658' title='bbox 976 4678 1250 4747; x_wconf 87' lang='grc' dir='ltr'>ἀναγκαία</span> <span class='ocrx_word' id='word_1_659' title='bbox 1281 4681 1446 4734; x_wconf 85' lang='grc' dir='ltr'>πάνυ.</span> <span class='ocrx_word' id='word_1_660' title='bbox 1493 4683 1604 4735; x_wconf 74' lang='grc' dir='ltr'><strong>Καὶ</strong></span> <span class='ocrx_word' id='word_1_661' title='bbox 1629 4683 1804 4735; x_wconf 80' lang='grc' dir='ltr'>ταῦτα</span> 
     </span>
    </p>
   </div>
   <div class='ocr_carea' id='block_1_95' title="bbox 236 4768 1802 4843">
    <p class='ocr_par' dir='ltr' id='par_1_95' title="bbox 236 4768 1802 4843">
     <span class='ocr_line' id='line_1_95' title="bbox 236 4768 1802 4843; baseline 0.001 -22"><span class='ocrx_word' id='word_1_662' title='bbox 236 4770 497 4836; x_wconf 76' lang='grc' dir='ltr'>γέγραφα</span> <span class='ocrx_word' id='word_1_663' title='bbox 525 4768 711 4829; x_wconf 83' lang='grc' dir='ltr'>ἁπλῶς</span> <span class='ocrx_word' id='word_1_664' title='bbox 744 4769 874 4836; x_wconf 74' lang='grc' dir='ltr'>περὶ</span> <span class='ocrx_word' id='word_1_665' title='bbox 906 4768 1100 4831; x_wconf 76' lang='grc' dir='ltr'>παντὸς</span> <span class='ocrx_word' id='word_1_666' title='bbox 1132 4770 1228 4822; x_wconf 83' lang='grc' dir='ltr'>τοῦ</span> <span class='ocrx_word' id='word_1_667' title='bbox 1259 4771 1472 4840; x_wconf 85' lang='grc' dir='ltr'>χρόνου.</span> <span class='ocrx_word' id='word_1_668' title='bbox 1502 4773 1649 4843; x_wconf 73' lang='grc' dir='ltr'>Αὕτη</span> <span class='ocrx_word' id='word_1_669' title='bbox 1681 4772 1736 4824; x_wconf 84' lang='grc' dir='ltr'><strong>δὲ</strong></span> <span class='ocrx_word' id='word_1_670' title='bbox 1769 4774 1802 4841; x_wconf 84' lang='grc' dir='ltr'>ή</span> 
     </span>
    </p>
   </div>
   <div class='ocr_carea' id='block_1_96' title="bbox 236 4857 1806 4934">
    <p class='ocr_par' dir='ltr' id='par_1_96' title="bbox 236 4857 1806 4934">
     <span class='ocr_line' id='line_1_96' title="bbox 236 4857 1806 4934; baseline 0.005 -25"><span class='ocrx_word' id='word_1_671' title='bbox 236 4857 503 4928; x_wconf 82' lang='grc' dir='ltr'>ἀκρίΰεια</span> <span class='ocrx_word' id='word_1_672' title='bbox 533 4858 642 4910; x_wconf 90' lang='grc' dir='ltr'><strong>τῶν</strong></span> <span class='ocrx_word' id='word_1_673' title='bbox 691 4860 956 4927; x_wconf 86' lang='grc' dir='ltr'>νηστειῶν</span> <span class='ocrx_word' id='word_1_674' title='bbox 1002 4861 1068 4930; x_wconf 73' lang='grc' dir='ltr'>ἣν</span> <span class='ocrx_word' id='word_1_675' title='bbox 1114 4862 1331 4930; x_wconf 75' lang='grc' dir='ltr'>γράφω,</span> <span class='ocrx_word' id='word_1_676' title='bbox 1361 4863 1421 4914; x_wconf 77' lang='grc' dir='ltr'><strong>οὐ</strong></span> <span class='ocrx_word' id='word_1_677' title='bbox 1471 4864 1606 4934; x_wconf 83' lang='grc' dir='ltr'>πρὸς</span> <span class='ocrx_word' id='word_1_678' title='bbox 1659 4865 1806 4934; x_wconf 78' lang='grc' dir='ltr'>ἡμᾶς</span> 
     </span>
    </p>
   </div>
   <div class='ocr_carea' id='block_1_97' title="bbox 239 4951 1808 5028">
    <p class='ocr_par' dir='ltr' id='par_1_97' title="bbox 239 4951 1808 5028">
     <span class='ocr_line' id='line_1_97' title="bbox 239 4951 1808 5028; baseline 0.003 -28"><span class='ocrx_word' id='word_1_679' title='bbox 239 4954 363 5012; x_wconf 77' lang='grc' dir='ltr'>τοὺς</span> <span class='ocrx_word' id='word_1_680' title='bbox 420 4951 691 5019; x_wconf 75' lang='grc' dir='ltr'>μοναχοὺς</span> <span class='ocrx_word' id='word_1_681' title='bbox 746 4952 1066 5022; x_wconf 74' lang='grc' dir='ltr'>ἐγράφησαν</span> <span class='ocrx_word' id='word_1_682' title='bbox 1099 4955 1194 5008; x_wconf 68' lang='grc' dir='ltr'>καὶ</span> <span class='ocrx_word' id='word_1_683' title='bbox 1253 4955 1434 5024; x_wconf 75' lang='grc' dir='ltr'>μόνον,</span> <span class='ocrx_word' id='word_1_684' title='bbox 1485 4957 1618 5008; x_wconf 79' lang='grc' dir='ltr'>ἀλλὰ</span> <span class='ocrx_word' id='word_1_685' title='bbox 1674 4957 1808 5028; x_wconf 69' lang='grc' dir='ltr'>πρὸς</span> 
     </span>
    </p>
   </div>
   <div class='ocr_carea' id='block_1_98' title="bbox 241 5042 1810 5115">
    <p class='ocr_par' dir='ltr' id='par_1_98' title="bbox 241 5042 1810 5115">
     <span class='ocr_line' id='line_1_98' title="bbox 241 5042 1810 5115; baseline 0.004 -23"><span class='ocrx_word' id='word_1_686' title='bbox 241 5042 454 5102; x_wconf 80' lang='grc' dir='ltr'>πάντας</span> <span class='ocrx_word' id='word_1_687' title='bbox 475 5043 606 5102; x_wconf 78' lang='grc' dir='ltr'>τοὺς</span> <span class='ocrx_word' id='word_1_688' title='bbox 633 5043 858 5104; x_wconf 81' lang='grc' dir='ltr'>πιστοὺς</span> <span class='ocrx_word' id='word_1_689' title='bbox 883 5043 974 5094; x_wconf 77' lang='grc' dir='ltr'><strong>καὶ</strong></span> <span class='ocrx_word' id='word_1_690' title='bbox 1008 5043 1245 5114; x_wconf 80' lang='grc' dir='ltr'>Χριστοῦ</span> <span class='ocrx_word' id='word_1_691' title='bbox 1271 5046 1366 5115; x_wconf 82' lang='grc' dir='ltr'>τῆς</span> <span class='ocrx_word' id='word_1_692' title='bbox 1397 5045 1634 5114; x_wconf 86' lang='grc' dir='ltr'>μερίδος.</span> <span class='ocrx_word' id='word_1_693' title='bbox 1667 5048 1810 5112; x_wconf 76' lang='grc' dir='ltr'>Πρὸς</span> 
     </span>
    </p>
   </div>
   <div class='ocr_carea' id='block_1_99' title="bbox 242 5119 1813 5206">
    <p class='ocr_par' dir='ltr' id='par_1_99' title="bbox 242 5119 1813 5206">
     <span class='ocr_line' id='line_1_99' title="bbox 242 5119 1813 5206; baseline 0.004 -24"><span class='ocrx_word' id='word_1_694' title='bbox 242 5133 390 5201; x_wconf 74' lang='grc' dir='ltr'>ἡμᾶς</span> <span class='ocrx_word' id='word_1_695' title='bbox 419 5132 479 5183; x_wconf 80' lang='grc' dir='ltr'>δὲ</span> <span class='ocrx_word' id='word_1_696' title='bbox 519 5133 646 5194; x_wconf 77' lang='grc' dir='ltr'>τοὺς</span> <span class='ocrx_word' id='word_1_697' title='bbox 675 5138 942 5204; x_wconf 78' lang='grc' dir='ltr'>μοναχοὺς</span> <span class='ocrx_word' id='word_1_698' title='bbox 977 5138 1024 5190; x_wconf 81' lang='lat' dir='ltr'><strong>oi</strong></span> <span class='ocrx_word' id='word_1_699' title='bbox 1051 5119 1195 5203; x_wconf 77' lang='grc' dir='ltr'>ἅγιοι</span> <span class='ocrx_word' id='word_1_700' title='bbox 1227 5138 1468 5205; x_wconf 85' lang='grc' dir='ltr'>Πατέρες</span> <span class='ocrx_word' id='word_1_701' title='bbox 1501 5137 1813 5206; x_wconf 89' lang='grc' dir='ltr'>μονοσιτίαν</span> 
     </span>
    </p>
   </div>
   <div class='ocr_carea' id='block_1_100' title="bbox 242 5223 1815 5298">
    <p class='ocr_par' dir='ltr' id='par_1_100' title="bbox 242 5223 1815 5298">
     <span class='ocr_line' id='line_1_100' title="bbox 242 5223 1815 5298; baseline 0.004 -24"><span class='ocrx_word' id='word_1_702' title='bbox 242 5223 548 5290; x_wconf 78' lang='grc' dir='ltr'>γράφουσιν</span> <span class='ocrx_word' id='word_1_703' title='bbox 588 5223 733 5291; x_wconf 75' lang='grc' dir='ltr'>ἔχειν</span> <span class='ocrx_word' id='word_1_704' title='bbox 763 5226 820 5277; x_wconf 83' lang='grc' dir='ltr'>τὸ</span> <span class='ocrx_word' id='word_1_705' title='bbox 857 5228 979 5280; x_wconf 86' lang='grc' dir='ltr'>καθ’</span> <span class='ocrx_word' id='word_1_706' title='bbox 1009 5229 1244 5298; x_wconf 71' lang='grc' dir='ltr'>ἡμέραν,</span> <span class='ocrx_word' id='word_1_707' title='bbox 1283 5228 1536 5279; x_wconf 77' lang='grc' dir='ltr'>Σάὅὸατα</span> <span class='ocrx_word' id='word_1_708' title='bbox 1569 5229 1664 5280; x_wconf 67' lang='grc' dir='ltr'>καὶ</span> <span class='ocrx_word' id='word_1_709' title='bbox 1701 5229 1815 5280; x_wconf 82' lang='grc' dir='ltr'><strong>Κυ-</strong></span> 
     </span>
    </p>
   </div>
   <div class='ocr_carea' id='block_1_101' title="bbox 247 5313 1812 5390">
    <p class='ocr_par' dir='ltr' id='par_1_101' title="bbox 247 5313 1812 5390">
     <span class='ocr_line' id='line_1_101' title="bbox 247 5313 1812 5390; baseline 0.006 -27"><span class='ocrx_word' id='word_1_710' title='bbox 247 5319 408 5384; x_wconf 85' lang='grc' dir='ltr'>ριακῇ</span> <span class='ocrx_word' id='word_1_711' title='bbox 432 5313 531 5366; x_wconf 80' lang='grc' dir='ltr'>τοῦ</span> <span class='ocrx_word' id='word_1_712' title='bbox 562 5315 637 5384; x_wconf 85' lang='grc' dir='ltr'>μὴ</span> <span class='ocrx_word' id='word_1_713' title='bbox 664 5317 943 5385; x_wconf 86' lang='grc' dir='ltr'>νηστεύειν</span> <span class='ocrx_word' id='word_1_714' title='bbox 973 5320 1130 5383; x_wconf 89' lang='grc' dir='ltr'>ὅλως.</span> <span class='ocrx_word' id='word_1_715' title='bbox 1163 5321 1276 5372; x_wconf 78' lang='grc' dir='ltr'><strong>Νῦν</strong></span> <span class='ocrx_word' id='word_1_716' title='bbox 1309 5316 1402 5372; x_wconf 83' lang='grc' dir='ltr'><strong>οὖν</strong></span> <span class='ocrx_word' id='word_1_717' title='bbox 1429 5321 1613 5374; x_wconf 74' lang='grc' dir='ltr'>λοιπὸν</span> <span class='ocrx_word' id='word_1_718' title='bbox 1635 5320 1812 5390; x_wconf 79' lang='grc' dir='ltr'>ἀπάρ-</span> 
     </span>
    </p>
   </div>
   <div class='ocr_carea' id='block_1_102' title="bbox 249 5404 1159 5476">
    <p class='ocr_par' dir='ltr' id='par_1_102' title="bbox 249 5404 1159 5476">
     <span class='ocr_line' id='line_1_102' title="bbox 249 5404 1159 5476; baseline 0.011 -20"><span class='ocrx_word' id='word_1_719' title='bbox 249 5404 405 5474; x_wconf 82' lang='grc' dir='ltr'>ξομαι</span> <span class='ocrx_word' id='word_1_720' title='bbox 437 5407 535 5458; x_wconf 78' lang='grc' dir='ltr'>τοῦ</span> <span class='ocrx_word' id='word_1_721' title='bbox 576 5408 808 5476; x_wconf 73' lang='grc' dir='ltr'>γράφειν</span> <span class='ocrx_word' id='word_1_722' title='bbox 836 5405 937 5463; x_wconf 76' lang='grc' dir='ltr'>ὦδε</span> <span class='ocrx_word' id='word_1_723' title='bbox 977 5412 1159 5466; x_wconf 82' lang='grc' dir='ltr'>πάλιν.</span> 
     </span>
    </p>
   </div>
   <div class='ocr_carea' id='block_1_103' title="bbox 297 5495 1818 5576">
    <p class='ocr_par' dir='ltr' id='par_1_103' title="bbox 297 5495 1818 5576">
     <span class='ocr_line' id='line_1_103' title="bbox 297 5495 1818 5576; baseline 0.006 -28"><span class='ocrx_word' id='word_1_724' title='bbox 297 5495 384 5576; x_wconf 42' lang='grc' dir='ltr'>ἠ’.</span> <span class='ocrx_word' id='word_1_725' title='bbox 419 5498 535 5560; x_wconf 66' lang='grc' dir='ltr'>Τὰς</span> <span class='ocrx_word' id='word_1_726' title='bbox 568 5499 762 5566; x_wconf 78' lang='grc' dir='ltr'>ἑορτὰς</span> <span class='ocrx_word' id='word_1_727' title='bbox 798 5500 864 5563; x_wconf 79' lang='grc' dir='ltr'>ἃς</span> <span class='ocrx_word' id='word_1_728' title='bbox 896 5504 1126 5573; x_wconf 86' lang='grc' dir='ltr'>λέγομεν</span> <span class='ocrx_word' id='word_1_729' title='bbox 1155 5505 1487 5568; x_wconf 78' lang='grc' dir='ltr'>Δεσποτικάς</span> <span class='ocrx_word' id='word_1_730' title='bbox 1533 5507 1582 5558; x_wconf 91' lang='grc' dir='ltr'><strong>οί</strong></span> <span class='ocrx_word' id='word_1_731' title='bbox 1621 5506 1818 5566; x_wconf 83' lang='grc' dir='ltr'>πάντες</span> 
     </span>
    </p>
   </div>
   <div class='ocr_carea' id='block_1_104' title="bbox 251 5587 1818 5664">
    <p class='ocr_par' dir='ltr' id='par_1_104' title="bbox 251 5587 1818 5664">
     <span class='ocr_line' id='line_1_104' title="bbox 251 5587 1818 5664; baseline 0.006 -28"><span class='ocrx_word' id='word_1_732' title='bbox 251 5589 339 5636; x_wconf 74' lang='grc' dir='ltr'><strong>καὶ</strong></span> <span class='ocrx_word' id='word_1_733' title='bbox 370 5587 576 5656; x_wconf 80' lang='grc' dir='ltr'>λύομεν</span> <span class='ocrx_word' id='word_1_734' title='bbox 610 5589 669 5639; x_wconf 81' lang='grc' dir='ltr'>ἐν</span> <span class='ocrx_word' id='word_1_735' title='bbox 706 5591 876 5643; x_wconf 80' lang='grc' dir='ltr'>ἀπασι</span> <span class='ocrx_word' id='word_1_736' title='bbox 911 5595 988 5655; x_wconf 88' lang='grc' dir='ltr'><strong>είς</strong></span> <span class='ocrx_word' id='word_1_737' title='bbox 1038 5593 1239 5664; x_wconf 78' lang='grc' dir='ltr'>βρῶσίν</span> <span class='ocrx_word' id='word_1_738' title='bbox 1272 5613 1330 5647; x_wconf 90' lang='grc' dir='ltr'><strong>τε</strong></span> <span class='ocrx_word' id='word_1_739' title='bbox 1366 5597 1460 5649; x_wconf 80' lang='grc' dir='ltr'><strong>καὶ</strong></span> <span class='ocrx_word' id='word_1_740' title='bbox 1496 5596 1674 5648; x_wconf 77' lang='grc' dir='ltr'>πόσιν.</span> <span class='ocrx_word' id='word_1_741' title='bbox 1711 5595 1818 5647; x_wconf 70' lang='grc' dir='ltr'>Καὶ</span> 
     </span>
    </p>
   </div>
   <div class='ocr_carea' id='block_1_105' title="bbox 254 5677 1820 5758">
    <p class='ocr_par' dir='ltr' id='par_1_105' title="bbox 254 5677 1820 5758">
     <span class='ocr_line' id='line_1_105' title="bbox 254 5677 1820 5758; baseline 0.007 -32"><span class='ocrx_word' id='word_1_742' title='bbox 254 5677 592 5744; x_wconf 80' lang='grc' dir='ltr'>προτιθέσθω</span> <span class='ocrx_word' id='word_1_743' title='bbox 645 5683 909 5752; x_wconf 69' lang='grc' dir='ltr'>πρότερον</span> <span class='ocrx_word' id='word_1_744' title='bbox 955 5685 1212 5756; x_wconf 76' lang='grc' dir='ltr'>γέννησις</span> <span class='ocrx_word' id='word_1_745' title='bbox 1257 5687 1355 5756; x_wconf 79' lang='grc' dir='ltr'>τῆς</span> <span class='ocrx_word' id='word_1_746' title='bbox 1407 5688 1685 5758; x_wconf 79' lang='grc' dir='ltr'>Παρθένου</span> <span class='ocrx_word' id='word_1_747' title='bbox 1726 5693 1820 5738; x_wconf 73' lang='grc' dir='ltr'><strong>καὶ</strong></span> 
     </span>
    </p>
   </div>
   <div class='ocr_carea' id='block_1_106' title="bbox 251 5770 1819 5852">
    <p class='ocr_par' dir='ltr' id='par_1_106' title="bbox 251 5770 1819 5852">
     <span class='ocr_line' id='line_1_106' title="bbox 251 5770 1819 5852; baseline 0.007 -33"><span class='ocrx_word' id='word_1_748' title='bbox 251 5770 509 5822; x_wconf 77' lang='grc' dir='ltr'>Θεοτόκου</span> <span class='ocrx_word' id='word_1_749' title='bbox 542 5770 758 5839; x_wconf 66' lang='grc' dir='ltr'>ἀλὲηθῶς</span> <span class='ocrx_word' id='word_1_750' title='bbox 786 5773 884 5841; x_wconf 77' lang='grc' dir='ltr'><strong>τῆς</strong></span> <span class='ocrx_word' id='word_1_751' title='bbox 904 5776 1178 5842; x_wconf 80' lang='grc' dir='ltr'>πανάγνου</span> <span class='ocrx_word' id='word_1_752' title='bbox 1203 5779 1495 5852; x_wconf 70' lang='grc' dir='ltr'>Δεσποίνης</span> <span class='ocrx_word' id='word_1_753' title='bbox 1515 5794 1530 5809; x_wconf 79' lang='grc' dir='ltr'><strong>ο</strong></span> <span class='ocrx_word' id='word_1_754' title='bbox 1564 5778 1819 5840; x_wconf 77' lang='grc' dir='ltr'>ὡσαύτως</span> 
     </span>
    </p>
   </div>
   <div class='ocr_carea' id='block_1_107' title="bbox 1907 4588 3466 4671">
    <p class='ocr_par' dir='ltr' id='par_1_107' title="bbox 1907 4588 3466 4671">
     <span class='ocr_line' id='line_1_107' title="bbox 1907 4588 3466 4671; baseline 0.012 -31"><span class='ocrx_word' id='word_1_755' title='bbox 1907 4588 2008 4642; x_wconf 90' lang='lat' dir='ltr'><strong>alia</strong></span> <span class='ocrx_word' id='word_1_756' title='bbox 2037 4605 2226 4658; x_wconf 83' lang='lat' dir='ltr'><strong>causa,</strong></span> <span class='ocrx_word' id='word_1_757' title='bbox 2268 4611 2376 4648; x_wconf 91' lang='lat' dir='ltr'><strong>non</strong></span> <span class='ocrx_word' id='word_1_758' title='bbox 2422 4610 2598 4650; x_wconf 90' lang='lat' dir='ltr'><strong>autem</strong></span> <span class='ocrx_word' id='word_1_759' title='bbox 2636 4600 3048 4671; x_wconf 85' lang='lat' dir='ltr'><strong>qualiscunque,</strong></span> <span class='ocrx_word' id='word_1_760' title='bbox 3103 4605 3195 4658; x_wconf 89' lang='lat' dir='ltr'><strong>sed</strong></span> <span class='ocrx_word' id='word_1_761' title='bbox 3241 4608 3466 4660; x_wconf 78' lang='lat' dir='ltr'><strong>omnino</strong></span> 
     </span>
    </p>
   </div>
   <div class='ocr_carea' id='block_1_108' title="bbox 1909 4683 3470 4766">
    <p class='ocr_par' dir='ltr' id='par_1_108' title="bbox 1909 4683 3470 4766">
     <span class='ocr_line' id='line_1_108' title="bbox 1909 4683 3470 4766; baseline 0.012 -35"><span class='ocrx_word' id='word_1_762' title='bbox 1909 4683 2234 4747; x_wconf 80' lang='lat' dir='ltr'><strong>necessaria,</strong></span> <span class='ocrx_word' id='word_1_763' title='bbox 2272 4690 2640 4757; x_wconf 71' lang='lat' dir='ltr'><strong>superveniat.</strong></span> <span class='ocrx_word' id='word_1_764' title='bbox 2680 4689 2804 4746; x_wconf 68' lang='lat' dir='ltr'><strong>Haec</strong></span> <span class='ocrx_word' id='word_1_765' title='bbox 2834 4702 3012 4746; x_wconf 83' lang='lat' dir='ltr'><strong>autem</strong></span> <span class='ocrx_word' id='word_1_766' title='bbox 3055 4695 3210 4762; x_wconf 88' lang='lat' dir='ltr'><strong>plane</strong></span> <span class='ocrx_word' id='word_1_767' title='bbox 3240 4697 3303 4749; x_wconf 82' lang='lat' dir='ltr'><strong>de</strong></span> <span class='ocrx_word' id='word_1_768' title='bbox 3333 4713 3470 4766; x_wconf 88' lang='lat' dir='ltr'><strong>quo-</strong></span> 
     </span>
    </p>
   </div>
   <div class='ocr_carea' id='block_1_109' title="bbox 1909 4773 3470 4855">
    <p class='ocr_par' dir='ltr' id='par_1_109' title="bbox 1909 4773 3470 4855">
     <span class='ocr_line' id='line_1_109' title="bbox 1909 4773 3470 4855; baseline 0.01 -31"><span class='ocrx_word' id='word_1_769' title='bbox 1909 4773 2037 4826; x_wconf 85' lang='lat' dir='ltr'><strong>libet</strong></span> <span class='ocrx_word' id='word_1_770' title='bbox 2060 4782 2300 4843; x_wconf 90' lang='lat' dir='ltr'><strong>tempore</strong></span> <span class='ocrx_word' id='word_1_771' title='bbox 2338 4779 2546 4848; x_wconf 87' lang='lat' dir='ltr'><strong>scripsi.</strong></span> <span class='ocrx_word' id='word_1_772' title='bbox 2575 4780 2678 4834; x_wconf 89' lang='lat' dir='ltr'><strong>lsta</strong></span> <span class='ocrx_word' id='word_1_773' title='bbox 2712 4797 2834 4836; x_wconf 83' lang='lat' dir='ltr'><strong>vero</strong></span> <span class='ocrx_word' id='word_1_774' title='bbox 2855 4784 3182 4850; x_wconf 80' lang='lat' dir='ltr'><strong>jejuniorum</strong></span> <span class='ocrx_word' id='word_1_775' title='bbox 3210 4788 3470 4855; x_wconf 83' lang='lat' dir='ltr'><strong>perfectio</strong></span> 
     </span>
    </p>
   </div>
   <div class='ocr_carea' id='block_1_110' title="bbox 1910 4863 3469 4938">
    <p class='ocr_par' dir='ltr' id='par_1_110' title="bbox 1910 4863 3469 4938">
     <span class='ocr_line' id='line_1_110' title="bbox 1910 4863 3469 4938; baseline 0.008 -24"><span class='ocrx_word' id='word_1_776' title='bbox 1910 4863 1975 4915; x_wconf 89' lang='lat' dir='ltr'><strong>de</strong></span> <span class='ocrx_word' id='word_1_777' title='bbox 1995 4881 2096 4933; x_wconf 88' lang='lat' dir='ltr'><strong>qua</strong></span> <span class='ocrx_word' id='word_1_778' title='bbox 2119 4867 2331 4934; x_wconf 88' lang='lat' dir='ltr'><strong>loquor,</strong></span> <span class='ocrx_word' id='word_1_779' title='bbox 2365 4886 2468 4922; x_wconf 88' lang='lat' dir='ltr'><strong>non</strong></span> <span class='ocrx_word' id='word_1_780' title='bbox 2503 4871 2565 4923; x_wconf 88' lang='lat' dir='ltr'><strong>ad</strong></span> <span class='ocrx_word' id='word_1_781' title='bbox 2587 4887 2683 4924; x_wconf 88' lang='lat' dir='ltr'><strong>nos</strong></span> <span class='ocrx_word' id='word_1_782' title='bbox 2702 4878 3218 4930; x_wconf 87' lang='lat' dir='ltr'><strong>tantummonaebos</strong></span> <span class='ocrx_word' id='word_1_783' title='bbox 3247 4878 3469 4938; x_wconf 81' lang='lat' dir='ltr'><strong>directa,</strong></span> 
     </span>
    </p>
   </div>
   <div class='ocr_carea' id='block_1_111' title="bbox 1913 4954 3478 5021">
    <p class='ocr_par' dir='ltr' id='par_1_111' title="bbox 1913 4954 3478 5021">
     <span class='ocr_line' id='line_1_111' title="bbox 1913 4954 3478 5021; baseline 0.012 -18"><span class='ocrx_word' id='word_1_784' title='bbox 1913 4961 1998 5005; x_wconf 86' lang='lat' dir='ltr'><strong>est</strong></span> <span class='ocrx_word' id='word_1_785' title='bbox 2038 4954 2131 5006; x_wconf 85' lang='lat' dir='ltr'><strong>sed</strong></span> <span class='ocrx_word' id='word_1_786' title='bbox 2160 4956 2224 5007; x_wconf 90' lang='lat' dir='ltr'><strong>ad</strong></span> <span class='ocrx_word' id='word_1_787' title='bbox 2252 4970 2443 5010; x_wconf 89' lang='lat' dir='ltr'><strong>omnes</strong></span> <span class='ocrx_word' id='word_1_788' title='bbox 2472 4959 2672 5012; x_wconf 81' lang='lat' dir='ltr'><strong>Christi</strong></span> <span class='ocrx_word' id='word_1_789' title='bbox 2703 4961 2905 5016; x_wconf 67' lang='lat' dir='ltr'><strong>fideles.</strong></span> <span class='ocrx_word' id='word_1_790' title='bbox 2934 4963 3041 5016; x_wconf 75' lang='lat' dir='ltr'><strong>Nos</strong></span> <span class='ocrx_word' id='word_1_791' title='bbox 3073 4976 3251 5018; x_wconf 84' lang='lat' dir='ltr'><strong>autem</strong></span> <span class='ocrx_word' id='word_1_792' title='bbox 3291 4982 3478 5021; x_wconf 47' lang='lat' dir='ltr'><strong>mona.</strong></span> 
     </span>
    </p>
   </div>
   <div class='ocr_carea' id='block_1_112' title="bbox 1919 5040 3476 5110">
    <p class='ocr_par' dir='ltr' id='par_1_112' title="bbox 1919 5040 3476 5110">
     <span class='ocr_line' id='line_1_112' title="bbox 1919 5040 3476 5110; baseline 0.011 -18"><span class='ocrx_word' id='word_1_793' title='bbox 1919 5040 2054 5096; x_wconf 86' lang='lat' dir='ltr'><strong>chos</strong></span> <span class='ocrx_word' id='word_1_794' title='bbox 2093 5043 2266 5097; x_wconf 88' lang='lat' dir='ltr'><strong>sancti</strong></span> <span class='ocrx_word' id='word_1_795' title='bbox 2304 5045 2488 5099; x_wconf 84' lang='lat' dir='ltr'><strong>l’atres</strong></span> <span class='ocrx_word' id='word_1_796' title='bbox 2516 5048 2759 5102; x_wconf 87' lang='lat' dir='ltr'><strong>scribunt</strong></span> <span class='ocrx_word' id='word_1_797' title='bbox 2819 5067 2980 5105; x_wconf 86' lang='lat' dir='ltr'><strong>unam</strong></span> <span class='ocrx_word' id='word_1_798' title='bbox 3030 5053 3225 5108; x_wconf 90' lang='lat' dir='ltr'><strong>habere</strong></span> <span class='ocrx_word' id='word_1_799' title='bbox 3268 5070 3476 5110; x_wconf 68' lang='lat' dir='ltr'><strong>coenant</strong></span> 
     </span>
    </p>
   </div>
   <div class='ocr_carea' id='block_1_113' title="bbox 1919 5135 3473 5215">
    <p class='ocr_par' dir='ltr' id='par_1_113' title="bbox 1919 5135 3473 5215">
     <span class='ocr_line' id='line_1_113' title="bbox 1919 5135 3473 5215; baseline 0.012 -31"><span class='ocrx_word' id='word_1_800' title='bbox 1919 5135 2184 5200; x_wconf 86' lang='lat' dir='ltr'><strong>quotidie,</strong></span> <span class='ocrx_word' id='word_1_801' title='bbox 2205 5151 2310 5190; x_wconf 91' lang='lat' dir='ltr'><strong>non</strong></span> <span class='ocrx_word' id='word_1_802' title='bbox 2328 5136 2550 5192; x_wconf 86' lang='lat' dir='ltr'><strong>Sautem</strong></span> <span class='ocrx_word' id='word_1_803' title='bbox 2582 5143 2790 5195; x_wconf 87' lang='lat' dir='ltr'><strong>abbatis</strong></span> <span class='ocrx_word' id='word_1_804' title='bbox 2820 5153 2873 5196; x_wconf 91' lang='lat' dir='ltr'><strong>et</strong></span> <span class='ocrx_word' id='word_1_805' title='bbox 2905 5143 3179 5199; x_wconf 88' lang='lat' dir='ltr'><strong>Dominica</strong></span> <span class='ocrx_word' id='word_1_806' title='bbox 3205 5145 3473 5215; x_wconf 71' lang='lat' dir='ltr'><strong>jejunare.</strong></span> 
     </span>
    </p>
   </div>
   <div class='ocr_carea' id='block_1_114' title="bbox 1917 5226 3132 5299">
    <p class='ocr_par' dir='ltr' id='par_1_114' title="bbox 1917 5226 3132 5299">
     <span class='ocr_line' id='line_1_114' title="bbox 1917 5226 3132 5299; baseline 0.008 -21"><span class='ocrx_word' id='word_1_807' title='bbox 1917 5226 2120 5280; x_wconf 69' lang='lat' dir='ltr'><strong>Cirtera</strong></span> <span class='ocrx_word' id='word_1_808' title='bbox 2152 5242 2295 5282; x_wconf 80' lang='lat' dir='ltr'><strong>mine</strong></span> <span class='ocrx_word' id='word_1_809' title='bbox 2323 5229 2569 5299; x_wconf 83' lang='lat' dir='ltr'><strong>incipiam</strong></span> <span class='ocrx_word' id='word_1_810' title='bbox 2601 5233 2873 5287; x_wconf 78' lang='lat' dir='ltr'><strong>memoria:</strong></span> <span class='ocrx_word' id='word_1_811' title='bbox 2904 5235 3132 5290; x_wconf 82' lang='lat' dir='ltr'><strong>tradere.</strong></span> 
     </span>
    </p>
   </div>
   <div class='ocr_carea' id='block_1_115' title="bbox 1992 5503 3484 5580">
    <p class='ocr_par' dir='ltr' id='par_1_115' title="bbox 1992 5503 3484 5580">
     <span class='ocr_line' id='line_1_115' title="bbox 1992 5503 3484 5580; baseline 0.003 -23"><span class='ocrx_word' id='word_1_812' title='bbox 1992 5505 2042 5557; x_wconf 90' lang='lat'><strong>8.</strong></span> <span class='ocrx_word' id='word_1_813' title='bbox 2075 5503 2418 5560; x_wconf 84' lang='lat' dir='ltr'><strong>Festivitates</strong></span> <span class='ocrx_word' id='word_1_814' title='bbox 2456 5522 2592 5577; x_wconf 85' lang='lat' dir='ltr'><strong>quas</strong></span> <span class='ocrx_word' id='word_1_815' title='bbox 2641 5523 2896 5561; x_wconf 85' lang='lat' dir='ltr'><strong>vocamus</strong></span> <span class='ocrx_word' id='word_1_816' title='bbox 2915 5507 3243 5574; x_wconf 79' lang='lat' dir='ltr'><strong>Dominicas,</strong></span> <span class='ocrx_word' id='word_1_817' title='bbox 3273 5526 3484 5580; x_wconf 66' lang='lat' dir='ltr'><strong>semper</strong></span> 
     </span>
    </p>
   </div>
   <div class='ocr_carea' id='block_1_116' title="bbox 1923 5599 3484 5671">
    <p class='ocr_par' dir='ltr' id='par_1_116' title="bbox 1923 5599 3484 5671">
     <span class='ocr_line' id='line_1_116' title="bbox 1923 5599 3484 5671; baseline 0.002 -20"><span class='ocrx_word' id='word_1_818' title='bbox 1923 5599 2159 5651; x_wconf 80' lang='lat' dir='ltr'><strong>adesum</strong></span> <span class='ocrx_word' id='word_1_819' title='bbox 2227 5607 2280 5653; x_wconf 89' lang='lat' dir='ltr'><strong>et</strong></span> <span class='ocrx_word' id='word_1_820' title='bbox 2320 5608 2503 5669; x_wconf 88' lang='lat' dir='ltr'><strong>potum</strong></span> <span class='ocrx_word' id='word_1_821' title='bbox 2552 5601 2815 5655; x_wconf 87' lang='lat' dir='ltr'><strong>habemus</strong></span> <span class='ocrx_word' id='word_1_822' title='bbox 2862 5603 3090 5656; x_wconf 89' lang='lat' dir='ltr'><strong>solutas.</strong></span> <span class='ocrx_word' id='word_1_823' title='bbox 3130 5601 3484 5671; x_wconf 60' lang='lat' dir='ltr'><strong>Praeponatur</strong></span> 
     </span>
    </p>
   </div>
   <div class='ocr_carea' id='block_1_117' title="bbox 1925 5686 3484 5762">
    <p class='ocr_par' dir='ltr' id='par_1_117' title="bbox 1925 5686 3484 5762">
     <span class='ocr_line' id='line_1_117' title="bbox 1925 5686 3484 5762; baseline 0.004 -20"><span class='ocrx_word' id='word_1_824' title='bbox 1925 5691 2099 5760; x_wconf 90' lang='lat' dir='ltr'><strong>primo</strong></span> <span class='ocrx_word' id='word_1_825' title='bbox 2133 5686 2400 5744; x_wconf 83' lang='lat' dir='ltr'><strong>Nativitas</strong></span> <span class='ocrx_word' id='word_1_826' title='bbox 2432 5689 2670 5761; x_wconf 81' lang='lat' dir='ltr'><strong>Virginis</strong></span> <span class='ocrx_word' id='word_1_827' title='bbox 2697 5701 2752 5745; x_wconf 89' lang='lat' dir='ltr'><strong>et</strong></span> <span class='ocrx_word' id='word_1_828' title='bbox 2805 5709 2931 5747; x_wconf 88' lang='lat' dir='ltr'><strong>vere</strong></span> <span class='ocrx_word' id='word_1_829' title='bbox 2967 5692 3226 5762; x_wconf 73' lang='lat' dir='ltr'><strong>Deipam,</strong></span> <span class='ocrx_word' id='word_1_830' title='bbox 3253 5699 3484 5748; x_wconf 69' lang='lat' dir='ltr'><strong>sancti-s-</strong></span> 
     </span>
    </p>
   </div>
   <div class='ocr_carea' id='block_1_118' title="bbox 1927 5779 3484 5848">
    <p class='ocr_par' dir='ltr' id='par_1_118' title="bbox 1927 5779 3484 5848">
     <span class='ocr_line' id='line_1_118' title="bbox 1927 5779 3484 5848; baseline 0.001 -11"><span class='ocrx_word' id='word_1_831' title='bbox 1927 5784 2076 5837; x_wconf 71' lang='lat' dir='ltr'><strong>simtc</strong></span> <span class='ocrx_word' id='word_1_832' title='bbox 2112 5779 2390 5848; x_wconf 68' lang='lat' dir='ltr'><strong>Dentium;</strong></span> <span class='ocrx_word' id='word_1_833' title='bbox 2426 5783 2672 5839; x_wconf 89' lang='lat' dir='ltr'><strong>similiter</strong></span> <span class='ocrx_word' id='word_1_834' title='bbox 2703 5785 2848 5839; x_wconf 85' lang='lat' dir='ltr'><strong>illius</strong></span> <span class='ocrx_word' id='word_1_835' title='bbox 2883 5787 2947 5840; x_wconf 91' lang='lat' dir='ltr'><strong>ad</strong></span> <span class='ocrx_word' id='word_1_836' title='bbox 2982 5787 3241 5844; x_wconf 81' lang='lat' dir='ltr'><strong>templum</strong></span> <span class='ocrx_word' id='word_1_837' title='bbox 3278 5787 3484 5839; x_wconf 83' lang='lat' dir='ltr'><strong>Domini</strong></span> 
     </span>
    </p>
   </div>
  </div>
