4208 6432
765 425 873 490 399

1900 434 2210 495 NICOLAI
2251 436 2363 498 CP.
2406 437 2921 500 PATItIARCHXE

3902 448 4019 509 400

768 538 1146 607 praesentatio;
1175 550 1360 610 postea
1392 541 1604 596 Domini
1624 542 1726 595 mei
1749 540 2017 598 Nativitas
2038 546 2328 600 secundum

2446 548 2645 613 εἴσοδος
2675 553 2845 623 αὐτῆς
2879 553 2959 615 εἰς
2986 549 3110 606 vain)
3134 551 3227 604 τοῦ
3252 555 3455 626 Κυρίου
3484 575 3495 586 ·
3527 554 3760 629 λοιπὸνή
3794 561 3883 613 τοῦ
3914 566 4017 613 Δε-

763 647 1026 699 earnem;
1065 650 1257 689 rursus
1282 635 1431 690 illius
1474 647 1692 706 prepter
1723 652 1823 692 nos
1885 640 2128 709 perditos
2168 640 2331 708 bapti-

765 724 1013 787 smus,ad
1047 725 1418 779 renovandum
1442 741 1538 781 nos
1564 729 1614 780 i'n
1637 726 1896 783 Jordanis
1922 727 2164 796 liuentis;
2182 732 2329 801 ejus-

763 811 880 862 dem
917 811 972 863 in
1007 822 1254 866 sanetum
1281 813 1540 882 templum
1565 817 2107 885 prazsentatio,quam
2139 833 2330 873 omnes

761 899 1060 955 Drenrsum
1083 903 1293 956 Domini
1320 917 1596 960 vocamus.
1620 906 1768 960 Adde
1782 922 1943 975 super
1968 907 2189 962 Thabor
2214 911 2332 964 vul-

766 1000 850 1041 tus
870 990 1323 1045 illuminationcm
1350 1009 1364 1045 :
1389 993 1467 1048 sic
1482 994 1625 1047 enim
1645 995 1843 1049 Christi
1885 995 2125 1049 divinam
2147 1006 2329 1054 trans—

766 1079 1140 1147 ﬁgurationem
1176 1081 1430 1137 dicimus.
1465 1083 1826 1139 Immaculata:
1878 1086 1972 1140 Dei
2019 1086 2205 1142 Matris
2244 1104 2332 1143 se-

764 1174 997 1225 cundum
1020 1187 1239 1226 carnem
1261 1171 1545 1238 Dormitio,
1576 1176 1801 1229 illustris
1842 1176 2211 1251 mirabilisque
2231 1179 2333 1233 mi-

765 1263 960 1331 gratio,
994 1272 1122 1317 ante
1159 1279 1321 1333 quam
1352 1264 1624 1333 jejunium
1660 1268 1923 1321 canonice
1959 1279 2329 1324 consecratur.

764 1351 1097 1423 Principium
1114 1362 1166 1408 et
1188 1355 1346 1407 linem
1374 1355 1698 1428 venerandae
1754 1356 2061 1423 divinaque
2088 1357 2334 1427 Deipa‘ra:

765 1442 1059 1512 Mati-isque
1105 1444 1314 1498 Domini
1392 1443 1714 1499 festivitates
1766 1458 2169 1516 sumpserunt:
2228 1450 2334 1502 ini-

764 1535 902 1588 tium
935 1535 1098 1588 habet
1127 1534 1417 1602 Nativitas,
1484 1536 1643 1589 linem
1678 1538 1960 1591 Dormitio.
2020 1537 2115 1593 His
2145 1540 2335 1608 adjun-

766 1636 964 1695 gantur
1016 1626 1124 1681 duo
1196 1627 1557 1682 Praecursoris
1607 1627 1767 1693 festa,
1807 1629 1925 1696 ejus
2002 1630 2332 1685 honorabilis

766 1720 1104 1789 illustrisque
1134 1720 1413 1784 nativitas,
1461 1728 1627 1788 atque
1657 1719 1845 1788 iniqua
1872 1719 2070 1789 capitis
2100 1721 2332 1775 obtrun-

764 1811 930 1867 catio.
959 1810 1170 1877 Quibus
1196 1812 1419 1881 adjicies
1441 1810 1573 1866 festa
1604 1811 1911 1866 divinorum
1937 1814 2329 1881 apostolorum,

2444 643 2647 695 σπότου
2683 660 2784 709 μου
2822 644 3075 713 γέννησις
3118 643 3260 697 κατὰ
3299 648 3514 715 σάρκα·
3548 651 3580 717 ἡ
3625 649 3813 703 τούτου
3846 653 4014 705 πάλιν

2442 733 2695 801 βάπτισις
2724 735 2790 787 δι’
2818 736 2967 803 ἡμᾶς
3013 737 3139 800 τώς
3176 735 3503 805 φθαρέντας,
3537 743 3883 795 ἀνακαινίσαι
3920 745 4014 797 θέ-

2440 825 2624 887 λοντος
2650 828 2707 879 ἐν
2732 827 2969 896 ῥείθροις
3007 828 3274 898 Ἰορδάνου
3300 845 3313 860 °
3348 832 3379 899 ὴ
3417 831 3607 885 τούτου
3638 831 3893 897 είσένεξις
3928 837 4014 897 είς

2442 914 2567 968 ναόν
2591 931 2650 967 τε
2678 916 2769 968 τὸν
2789 917 2949 981 Θεῖον,
2974 918 3040 988 ἥν
3058 918 3259 983 πάντες
3285 920 3625 991 ὀνομάζομεν
3651 924 4015 989 ’Υπαπαντὴν

2440 1007 2647 1077 Κυρίου
2675 1023 2688 1036 ·
2721 1010 2837 1085 ,σὺν
2875 1010 3099 1072 ταύταις
3126 1011 3158 1079 ή
3183 1011 3241 1061 ἐν
3278 1014 3353 1082 τῷ
3391 1014 3589 1083 Θαϐὼρ
3615 1015 3870 1086 ἐλλαμψις
3903 1016 4005 1067 τοῦ

2441 1097 2755 1169 προσώπου·
2780 1099 3036 1167 ,Χριστοῦ
3083 1100 3190 1170 γὰρ
3232 1102 3407 1167 οὔτως
3439 1104 3672 1172 λέγομεν
3723 1106 4004 1174 μεταμόρ-

2441 1204 2615 1255 φωσιν
2646 1187 2816 1241 Θείαν.
2846 1189 2957 1259 Τῆς
2988 1192 3331 1262 παναμὼμου
3368 1196 3460 1247 καὶ
3493 1192 3713 1266 Μητρὸς
3734 1196 3829 1248 τοῦ
3862 1194 4003 1248 Θεοῦ

2384 1307 2391 1322 ι
2440 1275 2582 1327 κατὰ
2617 1277 2797 1345 σάρκα
2840 1278 2872 1347 η
2903 1278 3163 1345 κοίμησις
3190 1296 3203 1309 ·
3237 1283 3270 1350 ἡ
3311 1281 3517 1344 ἔνδοξος
3550 1285 3642 1336 καὶ
3687 1284 3809 1353 ξένη
3838 1287 4007 1353 ἐκδηη

2443 1364 2573 1434 μία,
2602 1368 2658 1417 έν
2698 1363 2985 1438 ᾖνηστεία
3034 1369 3139 1437 πρὸ
3189 1373 3357 1441 αὐτῆς
3407 1376 3705 1436 κανονικῶς
3745 1374 4006 1438 τελεῖται,

2440 1453 2615 1525 ἀρχὴν
2637 1457 2731 1506 καὶ
2750 1458 2904 1520 τέλος
2925 1460 3210 1529 είληφασιν
3239 1461 3294 1513 αἱ
3323 1463 3575 1532 πάντιμοι
3613 1465 3708 1516 καὶ
3737 1465 3876 1518 θεῖαι
3903 1466 4008 1534 τῆς

2440 1547 2702 1600 Θεοτόκου
2770 1549 2959 1617 ἑορταὶ
2989 1557 3084 1605 καὶ
3120 1553 3341 1622 Μητρὸς
3405 1555 3500 1607 τοῦ
3530 1553 3733 1624 Κυρίου
3787 1572 3803 1588 ο
3833 1557 4011 1625 ἀρχὴν

2441 1638 2597 1707 ἔσχεν
2631 1640 2664 1708 ἡ
2688 1637 2962 1708 γέννησις,
2994 1642 3027 1709 ἡ
3056 1644 3316 1713 κοίμησις
3346 1642 3403 1697 τὸ
3424 1644 3595 1707 τέλος.
3629 1648 4009 1717 Προσκείσθω-

2443 1745 2542 1780 σαν
2568 1730 2764 1792 αὐταῖς
2786 1730 2970 1785 λοιπὸν
3003 1733 3060 1785 αἱ
3095 1732 3189 1785 δύο
3221 1734 3315 1786 τοῦ
3359 1736 3701 1806 Προδρόμου,
3738 1739 3770 1807 ἡ
3809 1740 4008 1808 γέννη-

2442 1836 2526 1882 σις
2556 1822 2589 1888 ἡ
2624 1823 2892 1893 πάντιμος
2923 1824 3018 1876 καὶ
3061 1825 3365 1893 παράδοξος
3396 1828 3585 1893 ὅντως,
3631 1829 3733 1898 τῆς
3760 1831 4010 1899 κεφαλῆς

758 1903 921 1957 Pauli
947 1903 1214 1972 praeconis
1239 1910 1295 1956 et
1348 1901 1621 1973 coryphaei
1673 1900 1817 1956 Petri
1866 1903 1982 1972 :|in
2036 1904 2120 1958 bis
2171 1904 2328 1974 igitur

2436 1911 2467 1981 ή
2501 1913 2709 1982 ὲκτομὴ
2735 1904 3039 1984 ἣνύπὲστη
3089 1916 3313 1979 ἀδίκως.
3359 1920 3743 1988 Ἐπισυνάψεις
3788 1914 3879 1972 οὖν
3911 1921 4010 1972 αύ-

766 1994 943 2057 festis,
967 1995 1166 2063 quibus
1218 1994 1458 2049 occurrit
1509 2002 1704 2063 quarta
1762 1993 1844 2047 vel
1900 2003 2053 2048 sexta
2085 1994 2225 2060 dies,
2278 1995 2323 2048 si

769 2084 1018 2137 relaxare
1051 2085 1555 2153 libet,pulmentum
1581 2085 1867 2153 oleumque
1898 2086 2075 2139 solum
2114 2085 2333 2141 adhibe.

770 2173 827 2227 Si
861 2174 941 2229 vis
965 2184 1017 2228 et
1046 2188 1383 2239 easeum,me
1414 2174 1873 2243 judice,quatuor
1908 2183 2115 2229 tantum
2157 2192 2338 2232 eome-

765 2268 861 2320 des
914 2265 1325 2330 festivitatibus,
1386 2266 1685 2320 Nativitate
1730 2266 1958 2331 Christi,
2006 2264 2334 2335 Epiphania,

767 2357 1218 2421 Przesentatione,
1242 2367 1294 2412 et
1314 2356 1837 2428 Transﬁguratione.
1855 2356 1910 2410 In
1931 2360 2159 2424 caeteris,
2177 2360 2337 2427 pisci—

767 2449 870 2501 bus
900 2457 955 2502 et
981 2447 1110 2500 vino
1137 2456 1427 2501 contentus
1455 2460 1593 2502 esto.
1620 2446 1734 2501 Non
1765 2456 1946 2501 autem
1978 2450 2218 2516 regulam
2245 2460 2339 2503 aut

770 2538 942 2607 legem
1016 2539 1327 2603 statuimus,
1382 2546 1477 2593 aut
1566 2540 1716 2609 juxta
1794 2549 2035 2593 tenorem
2111 2538 2333 2595 Patrum

763 2628 980 2698 loquor,
1010 2631 1101 2683 sed
1132 2630 1431 2685 secundum
1469 2629 1799 2685 debilitatem
1830 2640 2072 2685 nostram
2131 2633 2334 2686 scribo.

2435 2005 2561 2076 ταῖς
2588 2003 2697 2057 τῶν
2722 2004 2885 2058 θείων
2926 2008 3267 2069 ἀποστόλων,
3298 2008 3511 2060 Παύλου
3546 2009 3691 2080 φημὶ
3713 2009 3806 2062 τοῦ
3835 2011 4012 2078 κήρυ-

2439 2112 2551 2157 κος,
2588 2096 2684 2147 καὶ
2734 2096 2829 2148 τοῦ
2885 2099 3188 2167 κορυφαίου
3233 2100 3463 2168 Πέτρου.
3510 2099 3598 2152 Ἐν
3646 2101 3867 2163 ταύταις
3913 2098 4011 2154 οὖν

2436 2190 2557 2249 ταῖς
2593 2188 2810 2255 ἑορταῖς
2860 2191 2909 2241 εἰ
2948 2190 3165 2258 μέλλεις
3197 2193 3511 2257 καταλύειν,
3551 2192 3607 2244 ὲν
3652 2191 3738 2255 αἷς
3771 2194 4009 2262 ύττὲρχει

2438 2281 2471 2347 ἠ
2500 2280 2695 2349 τετρὰς
2743 2280 2851 2333 τῶν
2892 2262 3117 2352 ἡμερῶν
3158 2284 3191 2352 ἦ
3235 2284 3392 2353 ἕκτη,
3422 2284 3647 2355 ὀψάριον
3689 2286 3781 2335 καὶ
3827 2284 4011 2337 ἔλαιον

2439 2371 2677 2423 κατάλυε
2708 2375 2801 2425 καὶ
2834 2374 3013 2443 μόνον.
3046 2374 3109 2427 Et
3136 2375 3191 2427 δέ
3220 2393 3284 2443 γε
3320 2376 3498 2439 Θέλεις
3519 2378 3613 2429 καὶ
3640 2376 3823 2444 τυρὸν,
3852 2377 4011 2428 οὐδέν

2442 2480 2532 2532 μοι
2577 2465 2856 2537 διαφέρειν
2887 2469 2945 2519 έν
2996 2468 3189 2537 μόναις
3214 2468 3307 2520 καὶ
3352 2473 3475 2532 ταῖς
3510 2470 3803 2539 τέσσαρσιν
3832 2468 4011 2529 οὓτως

2438 2550 2773 2624 ὲστιαθήσῃ·
2827 2555 2882 2608 ἔν
2933 2572 2992 2608 τε
3045 2558 3294 2626 γεννήσει
3348 2556 3438 2610 τοῦ
3478 2557 3716 2626 Χριστοῦ
3760 2558 3853 2609 καὶ
3894 2556 4010 2607 τῶν

2439 2640 2751 2720 Θειοφανίων
2774 2660 2787 2674 ·
2827 2646 2918 2728 acati.
3086 2648 3179 2700 καὶ
3211 2650 3275 2716 τῇ
3318 2648 3638 2718 ’Υτταπαντῇ
3681 2649 3777 2701 σὺν
3805 2652 3871 2718 τῇ
3908 2664 4011 2714 με·

760 2720 1117 2790 ταμορφώσει
1140 2737 1153 2750 °
1182 2724 1276 2775 καὶ
1305 2724 1425 2784 ταῖς
1456 2722 1674 2785 λοιπαῖς
1702 2722 2005 2793 ἀρκέσθητι
2032 2725 2111 2785 είς
2142 2724 2332 2793 ἰχθύας
2369 2731 2464 2783 καὶ
2513 2728 2675 2787 οἶνον.
2726 2720 2868 2787 Ἀλλἱ
2929 2737 3005 2800 ὠς
3037 2738 3098 2790 οὐ
3148 2739 3541 2809 χρονίζοντεῆ
3616 2738 3737 2789 οὐδὲ
3779 2739 4009 2807 voyage-

761 2810 1003 2878 τοῦντες,
1034 2813 1153 2866 οὐδὲ
1182 2817 1317 2885 πρὸς
1345 2816 1444 2884 τὴν
1478 2813 1764 2884 ἀκρίϐειαν
1832 2815 1929 2886 τὴν
1964 2815 2073 2867 τῶν
2138 2818 2399 2890 Πατέρων
2437 2823 2601 2893 λέγω,
2653 2827 2790 2881 ἀλλὰ
2857 2828 2993 2898 πρὸς
3044 2831 3145 2901 τὴν
3212 2830 3502 2883 ἀσθένειαν
3562 2830 3660 2901 τὴν
3721 2831 4008 2901 ἡμετέραν

762 2904 981 2974 γράφωο

834 2999 889 3053 9.
914 2999 1151 3052 Cmteras
1186 3006 1364 3052 autem
1415 2997 1740 3053 festivitates
1798 2998 1853 3052 in
1906 2998 2107 3067 quibus
2159 3001 2330 3053 otium

760 3098 862 3152 cst,
890 3091 1147 3144 horarum
1179 3097 1232 3144 et
1256 3091 1456 3158 operis,
1487 3102 1539 3144 et
1570 3106 1693 3160 qua:
1732 3090 1843 3145 sint
1874 3091 2011 3155 istae,
2052 3092 2183 3145 mihi
2214 3091 2326 3161 jam

2510 2999 2573 3054 θ’.
2616 3003 2727 3063 Τὰς
2771 3002 2828 3057 δὲ
2876 3006 3065 3067 λοιπὰς
3103 3006 3212 3059 τῶν
3251 3007 3455 3077 ἑορτῶν
3500 3003 3600 3069 αἷς
3634 3009 3780 3060 ἐστιν
3818 3012 4006 3079 ἀργία,

2437 3090 2639 3161 ἀργίαν
2666 3092 2721 3145 δὲ
2751 3094 2912 3149 ποίαν
2941 3096 3084 3167 φημὶ
3113 3097 3217 3149 τῶν
3244 3097 3400 3165 ὡρῶν
3430 3098 3521 3151 καὶ
3554 3098 3648 3150 τοῦ
3682 3099 3842 3166 ἔργον
3866 3116 3879 3128 ο
3914 3102 4009 3151 καὶ

760 3190 844 3235 est
896 3180 1391 3250 computandum':
1444 3182 1822 3250 apostolorum
1873 3192 2230 3251 augustorum
2277 3193 2328 3238 et

2433 3183 2580 3248 τίνες
2615 3184 2672 3238 δὲ
2722 3186 3084 3257 ὑπάρχουσιν,
3122 3188 3524 3257 ἀπαριθμῶμαι
3571 3191 3693 3257 ἤδη.
3723 3191 3844 3242 Τῶν
3873 3192 4011 3243 ἀπο-

761 3271 965 3325 Christi
995 3271 1359 3334 consortium,
1413 3272 1776 3337 admirabilis,
1813 3272 2131 3327 honoranda
2188 3272 2329 3327 divi-

762 3378 940 3432 naque
968 3362 1262 3428 duodeeas,
1318 3372 1371 3417 et
1422 3364 1644 3418 fortium
1697 3374 2001 3433 martyrum
2032 3406 2045 3429 ,
2095 3380 2329 3434 quorum

765 3456 1034 3524 praecipua
1079 3464 1163 3509 est
1194 3452 1478 3518 memoria,
1538 3470 1758 3524 unaque
1791 3454 2111 3525 pontificum
2144 3472 2332 3511 sacro-

765 3560 992 3614 rumque
1024 3556 1323 3614 martyrum
1359 3545 1758 3598 monachorum
1811 3545 1905 3613 qui
1953 3545 2163 3599 caeteris
2194 3560 2330 3613 pra:-

761 3637 984 3699 eellunt,
1011 3646 1229 3689 caterva
1256 3648 1269 3687 :
1297 3634 1349 3687 in
1372 3635 1458 3688 his
1493 3634 1656 3703 igitur
1686 3634 1844 3688 festis
1868 3634 2325 3702 solvejejunium;

762 3726 829 3780 ad
858 3740 1013 3780 esum
1046 3725 1221 3779 solum
1248 3725 1452 3788 oleum,
1480 3731 1534 3777 et
1564 3724 1748 3776 vinutn
1774 3724 1841 3777 ad
1886 3731 2071 3791 potum
2107 3716 2328 3787 adhibe,

762 3816 856 3869 sed
904 3814 1042 3867 nihil
1103 3813 1251 3867 aliud
1305 3813 1358 3865 in
1421 3812 1506 3866 his
1550 3812 1744 3866 diebus
1797 3812 1996 3873 deliba,
2053 3812 2157 3864 nisi
2215 3812 2330 3863 sola

766 3905 1215 3961 Annuntiationis
1270 3903 1569 3958 festivitate
1630 3921 1645 3957 :
1707 3903 2073 3957 venerandam
2152 3910 2330 3954 autem

766 3998 1250 4065 bonorandamque
1298 4010 1549 4067 magnam
1615 3995 2033 4060 hebdomadam,
2074 4008 2194 4063 qua:
2230 3996 2330 4047 Do-

767 4089 901 4142 mini
930 4087 1265 4142 salutiferam
1311 4087 1622 4155 passionem
1668 4086 1852 4149 habet,
1923 4084 2073 4138 velut
2125 4084 2328 4137 nullam

765 4180 1057 4244 aliam,sic
1080 4189 1130 4232 te
1158 4186 1371 4247 oportet
1420 4178 1733 4239 observare,
1786 4176 2069 4243 semelque
2121 4185 2331 4229 tantum

768 4272 823 4324 in
872 4270 975 4323 hae
1015 4268 1355 4322 hebdomada
1408 4267 1693 4330 relaxare,
1761 4267 1808 4321 si
1861 4267 1916 4320 in
1971 4282 2076 4320 una
2121 4266 2331 4320 diermn

768 4361 1064 4415 lestivitate
1098 4359 1375 4423 occurrit;
1436 4357 1781 4412 festivitatem
1812 4368 1992 4411 autem
2030 4358 2175 4411 illam
2211 4357 2332 4410 (lico

764 4467 885 4519 qua:
943 4458 1105 4519 caput
1162 4451 1446 4513 omnium,
1504 4449 1557 4501 in
1619 4464 1725 4517 qua
1787 4448 2028 4516 Virginis
2090 4449 2332 4517 Deiparze

2435 3276 2640 3327 στόλων
2678 3276 2787 3328 τῶν
2818 3277 3031 3329 σεπτῶν
3071 3277 3165 3329 καὶ
3199 3276 3421 3345 μυστῶν
3446 3277 3540 3329 τοῦ
3576 3278 3808 3346 Κυρίου,
3842 3282 3873 3346 ἡ
3907 3280 4012 3330 διοι-

2432 3367 2595 3430 δεκάς
2626 3369 2659 3437 ή
2703 3366 2996 3436 θαυμαστὴ
3026 3369 3122 3419 καὶ
3155 3369 3422 3435 πάντιμος
3466 3367 3559 3419 καὶ
3601 3368 3742 3434 θεία,
3775 3372 3869 3420 καὶ
3898 3372 3961 3420 τέ’
3984 3390 4012 3421 ν

2436 3455 2733 3526 μαρτύρων
2764 3455 2871 3507 τῶν
2922 3455 3188 3525 στερρῶν,
3221 3447 3294 3507 ὢν
3318 3455 3514 3523 ἐξόχως
3548 3456 3603 3506 αί
3636 3457 3868 3524 μνῆμαι,
3910 3460 4011 3509 σᾉν

2432 3550 2644 3610 τούτοις
2684 3549 2793 3601 τῶν
2833 3549 3104 3619 ἱεραρχῶν
3153 3548 3247 3600 καὶ
3284 3546 3699 3617 ίερομαρτύρων
3747 3549 4009 3615 ἀσκητῶν

2435 3641 2466 3708 ἠ
2506 3641 2777 3710 ῥμήγυρις
2815 3640 3156 3708 προεχόντων
3176 3637 3284 3690 τῶν
3306 3638 3499 3691 ἄλλων.
3545 3639 3631 3690 Ἐν
3655 3638 3882 3701 ταύταις
3912 3636 4009 3692 οὖν

2432 3731 2555 3791 ταῖς
2584 3728 2799 3796 ἑορταῖς
2831 3727 2990 3779 ἔκλυε
3027 3729 3127 3795 τὴν
3147 3725 3419 3795 ένηστείαν
3443 3742 3458 3757 ο
3495 3726 3573 3787 είς
3598 3726 3803 3795 βρῶσιν
3845 3729 4010 3796 μίνον

2435 3823 2614 3875 ἔλαιον
2649 3823 2747 3874 xui.
2792 3824 2871 3883 εἰς
2908 3822 3007 3893 τὴν
3044 3822 3205 3875 πόσιν
3231 3816 3395 3884 οἶνον,
3422 3820 3549 3875 ἄλλο
3575 3820 3631 3873 δέ
3670 3838 3721 3874 τι
3766 3823 3842 3890 μὴ
3874 3822 4011 3889 Ξᾷαι

2435 3914 2493 3967 ὲν
2530 3914 2753 3974 ταύταις
2787 3913 2905 3972 ταῖς
2934 3911 3190 3981 ἡμέραις,
3219 3912 3279 3972 ,εί
3329 3910 3405 3980 μὴ
3443 3910 3536 3964 τοῦ
3588 3911 4011 3980 Εὑαγγελισμοῦ

2433 4002 2533 4074 τὴν
2563 4004 2758 4072 ἑορτὴν
2794 4004 2889 4054 κα)⁸
2921 4003 3113 4072 μόνην,
3147 4003 3258 4070 Τὴν
3291 4002 3344 4053 δὲ
3376 4002 3578 4072 σεπτὴν
3617 4002 3710 4052 καὶ
3740 4003 4014 4069 πάντιμον

2437 4093 2683 4163 μεγάλην
2732 4092 3021 4161 ἑϐδομάδα,
3059 4092 3133 4154 ὡς
3164 4090 3259 4145 τοῦ
3303 4091 3509 4159 Κυρίου
3543 4091 3771 4158 ἔχουσαν
3808 4090 3869 4141 τῦ
3905 4106 4011 4142 sto-

2436 4186 2625 4254 τήριον
2649 4184 2841 4247 πάθος,
2869 4182 3043 4246 οὕτως
3078 4199 3136 4233 σε
3162 4183 3243 4235 δεῖ
3270 4181 3610 4249 φυλάξασθαι
3647 4183 3722 4244 ὡς
3748 4184 4011 4253 οὐδεμίαν

2435 4276 2626 4345 ἄλληνο
2655 4275 2804 4338 ἅπαξ
2830 4275 2923 4326 καὶ
2949 4275 3111 4343 μόνον
3140 4274 3299 4325 λῦσαι
3325 4273 3403 4324 δεῖ
3430 4276 3496 4342 τῇ
3524 4274 3774 4342 έδδομάδι
3808 4276 4008 4345 ταύτῃ,

2438 4369 2485 4421 εί
2513 4357 2568 4419 ὲν
2603 4369 2703 4438 μιᾷ
2732 4367 2837 4420 τῶν
2865 4366 3088 4437 ἡμερῶν
3120 4368 3278 4436 ἑορτῇ
3326 4367 3654 4435 ἀπαντήσει.
3699 4368 3929 4437 Ἰἰορτὴν
3953 4370 4009 4421 εξ

2440 4460 2600 4511 ποίαν
2635 4459 2807 4526 φημὶ,
2840 4457 2937 4525 τὴν
2975 4457 3217 4524 κεφαλὴν
3250 4457 3529 4519 ἁπάντων,
3574 4461 3629 4508 ἐν
3724 4460 3749 4509 ὁ
3776 4461 4010 4526 εὐαγγε-

762 4542 1066 4595 celehratur
1109 4540 1489 4606 Annuntiatio;
1551 4555 1659 4592 non
1683 4548 1860 4593 tamen
1889 4540 2083 4606 pisces,
2117 4548 2176 4591 ut
2204 4538 2327 4605 qui—

2437 4549 2630 4618 λισμὸς
2677 4549 2776 4615 τῆς
2826 4547 3090 4600 Θεοτόκου
3146 4547 3359 4615 Κόρης*
3396 4547 3510 4598 ἀλλ’
3559 4549 3658 4599 οὐκ
3698 4548 3888 4616 ἰχθύας
3934 4548 4011 4612 ὦς

760 4633 1269 4700 dam,adhibendo,
1332 4631 1425 4685 sed
1480 4631 1657 4685 oleum
1718 4641 1772 4683 et
1833 4631 2039 4683 vinum.
2095 4628 2330 4683 Czeteras

764 4737 944 4781 autem
1008 4727 1124 4779 dies
1176 4737 1642 4793 supervacaneum
1720 4731 1802 4775 est
1867 4722 2188 4791 designare;
2248 4720 2334 4773 vel

762 4820 962 4887 porius.
987 4818 1032 4869 si
1069 4825 1245 4884 potes,
1287 4815 1500 4867 duabus
1531 4813 1696 4867 simul
1722 4812 2015 4878 adiunctis,
2042 4825 2332 4880 paraseeve

684 4966 687 4973 _
758 4922 809 4965 et
869 4909 1106 4963 Sabbato
1134 4910 1341 4974 absque
1399 4905 1523 4959 cibo
1585 4918 1928 4972 permaneas,
1963 4917 2138 4972 usque
2199 4902 2328 4954 dum

758 5015 915 5054 saera
943 4998 1162 5067 liturgia
1193 4997 1354 5049 (litem
1388 4996 1583 5049 habeat
1615 5006 1667 5048 et
1719 5005 1847 5048 tunc
1878 5008 2100 5047 vescere
2130 4992 2335 5061 gratias

754 5107 921 5159 agens
991 5090 1242 5142 Domino.
1299 5085 1437 5140 Ecce
1491 5086 1809 5155 supervenit
1855 5085 1972 5139 dies
2016 5084 2330 5147 adoranda,

761 5180 969 5235 Christi
1027 5178 1389 5243 resurrectio,
1420 5174 1657 5230 fidelium
1708 5176 1944 5229 ltetitia:
2008 5176 2332 5242 proculeans

762 5271 909 5325 enim
943 5280 1176 5323 mortem
1212 5277 1271 5320 ut
1305 5268 1446 5321 Deus
1471 5277 1525 5321 et
1558 5268 1843 5331 Dominus,
1899 5269 2138 5321 surrexit
2176 5267 2330 5320 tertia

762 5363 850 5415 die
902 5362 1046 5415 sient
1103 5361 1232 5413 olim
1291 5360 1636 5428 praedixerat.
1687 5360 1838 5414 Exue
1889 5360 2056 5429 igitur
2114 5370 2167 5415 et
2218 5360 2332 5428 ipse

756 5451 1051 5519 lugubrem
1082 5460 1289 5505 vestem
1315 5460 1368 5504 et
1395 5450 1661 5519 jejunium
1693 5467 1847 5506 cessa
1876 5470 1889 5505 :
1932 5466 2039 5506 non
2065 5460 2147 5506 est
2181 5454 2325 5507 enim

756 5539 1047 5610 jejunium,
1098 5542 1191 5596 sed
1236 5543 1524 5597 exsultatio
1571 5545 1941 5613 gaudiumque
1991 5545 2139 5615 quod
2178 5559 2325 5598 nunc

757 5634 1039 5689 monachis
1066 5635 1345 5689 convenit.

829 5725 916 5780 10.
944 5724 1054 5781 Hoc
1076 5726 1129 5780 in
1167 5726 1286 5782 loco
1315 5729 1518 5797 aliquid
1550 5744 1615 5784 ex
1648 5731 2076 5798 sapientissimis
2106 5732 2319 5787 aureis-

758 5831 863 5883 que
891 5816 1267 5878 Chrvsostomi
1309 5822 1654 5876 sermonibus
1697 5837 1989 5892 excerpere
2020 5825 2142 5879 volo
2174 5827 2314 5881 :etsi

2846 4639 2860 4651 .
3047 4656 3061 4666 ,
3117 4637 3130 4654 .
3225 4634 3260 4669 τι
3498 4654 3516 4665 ρ
3802 4640 3854 4667 ._
3942 4641 3966 4651 -

2661 4655 2758 4691 au.
2816 4638 2997 4691 ἔλαιον
3049 4655 3140 4690 και
3196 4654 3359 4693 οινον.
3407 4636 3513 4699 Τά,
3562 4637 3617 4689 δὲ
3664 4638 3853 4701 λοιπα..
3896 4656 4010 4693 των

2440 4732 2665 4802 ἡμερῶν
2729 4732 3002 4801 παρέλκον
3052 4731 3170 4783 ἐστὶ
3208 4729 3465 4799 γράφειν.
3497 4731 3715 4784 Μᾶλλον
3751 4732 3850 4798 μὲν
3891 4734 4009 4797 οὖν,

2434 4825 2483 4874 εί
2510 4823 2755 4884 δύνασαι,
2806 4822 2901 4883 τὰς
2933 4822 3026 4873 δύο
3075 4836 3165 4888 μοι
3192 4820 3457 4887 συνάψας,
3510 4822 3869 4890 παρασκευὴν
3915 4825 4009 4874 καὶ

2436 4911 2714 4966 Σάϐὁατον
2736 4906 2919 4973 ἄσιτος
2945 4910 3249 4979 διαμείνῃς,
3275 4909 3377 4971 ἕως
3402 4909 3550 4971 τέλος
3581 4910 3797 4977 δέξηται
3822 4912 3855 4980 ἡ
3891 4912 4007 4966 θεία

2435 5004 2769 5073 λειτουργία,
2794 5004 2889 5055 καὶ
2915 5000 3085 5062 οὕτως
3112 4998 3391 5070 έστιάθητι
3423 5000 3764 5067 εὐχαριστῶν
3791 5001 3938 5067 Κυρί
3957 5024 4005 5067 ει.

2448 5096 2580 5149 Ἰδοὺ
2629 5096 2817 5150 λοιπὸν
2860 5096 3167 5164 ἐφέστηκεν
3213 5093 3394 5162 ἡμέρα
3436 5092 3792 5161 λατροφὸρος,
3843 5095 3875 5162 ἠ
3911 5093 4006 5146 τοῦ

2436 5174 2673 5260 Χριστοῦ
2713 5188 3056 5250 ’Λνάστασις,
3100 5184 3312 5237 πιστῶν
3356 5186 3389 5251 ἡ
3441 5184 3785 5252 εὐφροσύνη·
3831 5187 4005 5251 πατήο

2436 5289 2534 5341 σας
2581 5279 2689 5347 γάρ
2737 5278 2829 5329 τὸν
2876 5276 3103 5328 θάνατον
3134 5275 3210 5337 ὡς
3240 5274 3369 5336 Θεὸς
3406 5275 3499 5327 καὶ
3539 5272 3840 5340 Δεσπότης,
3881 5272 4007 5336 ὲξι,

2432 5373 2595 5438 νέστη
2638 5371 2959 5441 τριήμερος,
2994 5368 3184 5437 ὥσπερ
3224 5365 3391 5418 πάλαι
3444 5366 3723 5433 προεῖπεν.
3767 5364 4001 5415 Ἀπόθου

2432 5462 2611 5515 τοίνυν
2643 5462 2736 5513 καὶ
2767 5460 2930 5523 αὐτὸς
2965 5461 3055 5513 τὸν
3094 5459 3339 5528 πενθήρη
3381 5458 3606 5527 χιτῶνα,
3641 5455 3736 5507 καὶ
3775 5454 3876 5521 τὴν
3908 5471 3994 5522 νη-

2433 5554 2615 5605 στείαν
2640 5552 2924 5621 σχόλασον.
2952 5553 3066 5604 Οὐκ
3098 5551 3214 5602 ἔστι
3241 5552 3348 5622 γὰρ
3372 5549 3615 5618 νηστεία,
3650 5547 3763 5601 ἀλλ’
3800 5546 3992 5617 εὐφρο·

2433 5640 2564 5711 σύνη
2594 5643 2687 5693 καὶ
2714 5644 2857 5711 χαρὰ
2891 5642 2967 5703 ὼς
2996 5643 3249 5712 μοναχοῖς
3285 5639 3533 5709 ἁρμόζει.

2504 5733 2554 5790 ι’.
2604 5737 2873 5791 Ἐνταῦθα
2902 5737 2957 5789 δὲ
2982 5737 3274 5806 γενόμενος
3306 5732 3568 5803 βούλομαί
3591 5749 3643 5785 τι
3676 5730 3992 5801 προσθεῖναι

2428 5828 2490 5881 ὲκ
2512 5827 2618 5881 τῶν
2653 5827 2947 5894 πανσόφων
2981 5828 3075 5880 καὶ
3103 5825 3319 5892 χρυσῶν
3358 5826 3531 5890 λόγων
3557 5821 3651 5878 τοῦ
3680 5822 3992 5878 Xenoni-

2434 4658 2601 4702 τινες,
