4208 6432
180 371 286 435 401

1416 366 1515 426 DE
1553 364 1729 428 VITA
1766 361 2230 425 MONASTICA.

3316 358 3424 416 4U?

188 493 321 545 μου.
362 477 598 539 Ἐκεῖνος
628 475 738 545 γὰρ
767 474 1068 544 ἐφθέγξατο
1095 473 1172 538 εἰς
1199 473 1297 527 ἕνα
1321 472 1525 526 τούτων
1548 473 1721 535 οὕτως
1748 487 1761 503 ’

1814 473 1932 532 \ad
1994 474 2222 528 istorum
2279 485 2448 526 unum
2509 466 2781 522 clamabat
2822 485 2836 524 :
2871 463 3177 524 Venerandi
3233 464 3422 532 jejunii

186 567 250 638 Et
309 568 408 621 καὶ
437 565 716 636 παρῆλθεν
755 569 784 619 ὁ
825 565 1014 635 καιρὸς
1041 567 1142 633 τῆς
1187 563 1455 634 παντίμου
1485 565 1758 635 νηστείας,

182 656 306 708 ἀλλ’
334 658 369 725 ἡ
414 655 582 722 αὐτῆς
616 653 855 722 ὠφέλεια
885 653 943 704 ἑν
973 653 1107 722 ἡμῖν
1134 651 1223 704 ἀεὶ
1251 650 1423 703 ἐστωο
1448 650 1573 703 ὅθεν
1605 649 1761 718 κάγώ

185 764 271 799 σοι
307 744 594 816 παραινῶν
621 739 724 798 ὧδέ
767 762 882 807 πως
916 745 1134 813 γράφω·
1162 743 1223 794 ΕΞ
1254 743 1395 809 τάχα
1428 744 1521 796 καὶ
1555 743 1762 810 παρῆλ-

185 837 280 888 θεν
312 839 342 888 ὁ
388 836 490 904 τῆς
519 835 774 905 νηστείας
809 833 1022 905 χρόνος,
1052 833 1312 902 ἀλλὰιτῆς
1347 833 1672 902 ἐγκρατείας
1701 849 1764 898 γε

183 926 548 995 παρέδραμεν
587 923 696 976 οὐδ’
723 925 881 986 ὅλως,
927 921 1024 974 καὶ
1052 922 1134 974 δεῖ
1175 939 1234 974 σε
1271 921 1478 992 ταύτην
1506 920 1765 989 ἀσφαλῶς

181 1016 260 1078 ὡς
281 1015 505 1083 τιθηνὸν
534 1013 780 1082 κατέχειν
801 1027 817 1041 ⁶
861 1013 963 1065 κᾶν
994 1013 1176 1084 διέλθῃ
1211 1013 1244 1082 ἡ
1294 1013 1535 1081 ἑϐδομὰς
1560 1014 1659 1080 τῆς
1687 1012 1760 1064 δι’

185 1105 549 1173 ἀκινησίμου,
602 1104 1046 1173 μονοπροσὼπως
1095 1105 1333 1172 φύλαττε
1380 1103 1614 1172 τετράδα
1669 1105 1765 1156 καὶ

186 1196 293 1265 τὴν
326 1195 520 1264 ἕκτην.
551 1193 734 1263 Τυροῦ
763 1194 972 1264 ἀπέχου
1001 1196 1098 1247 καὶ
1128 1193 1265 1258 ὠοῦ,
1297 1194 1398 1249 καὶ
1419 1194 1529 1246 τῶν
1560 1194 1763 1250 λοιπῶν

193 1287 426 1356 μηκέτι,
485 1283 601 1336 ἀλλ’
653 1283 744 1336 ἔσο
799 1283 894 1336 νῦν
944 1282 1233 1353 ἐλεύθερος
1267 1285 1329 1336 ἐν
1374 1282 1600 1345 ταύταις
1641 1284 1764 1344 ταῖς

187 1383 464 1449 ἡμέραις·
496 1376 724 1444 νηστεία
751 1374 861 1442 γὰρ
891 1374 952 1425 οὑ
999 1373 1308 1443 γέγραπται
1346 1373 1480 1446 οὐδὲ.
1514 1371 1766 1439 γονυκλι-

187 1472 312 1523 σία·
353 1468 566 1529 ταύτας
601 1467 712 1535 γὰρ
744 1465 842 1528 τὰς
876 1467 1218 1534 πεντήκοντα
1243 1465 1291 1515 οἱ
1339 1462 1487 1532 ἆγιοι
1523 1464 1767 1533 Πατέρες

185 1557 624 1620 ἀνακαλοῦντες
687 1556 896 1624 ἔφησαν
959 1553 1173 1622 ἡμέραν
1233 1549 1370 1605 εἶναι
1432 1552 1579 1622 μίαν.
1631 1554 1766 1622 Περὶ

185 1651 402 1704 τούτων
445 1651 503 1703 δὲ
547 1649 734 1702 λοιπὸν
783 1647 1084 1716 ἀρκέσθητι
1130 1644 1382 1699 ἐνταῦθα.
1441 1646 1614 1711 Ἀγὼν
1658 1647 1766 1715 γάρ

187 1759 283 1811 μοι
314 1741 593 1794 ἐπίκειται
628 1739 788 1792 πάλιν
832 1735 1081 1788 ἐντεῦθεν
1115 1735 1295 1802 ἄλλος,
1327 1737 1384 1788 αι
1417 1735 1512 1786 δύο
1557 1736 1767 1786 Τεσσα-

188 1830 463 1898 ρακοσταὶ
495 1827 934 1894 κατελείφθησαν
987 1823 1160 1885 οὕτως
1181 1840 1196 1853 ’
1251 1823 1451 1890 μᾶλλον
1483 1824 1576 1877 καὶ
1609 1826 1640 1894 ἡ
1675 1823 1766 1876 τὸν

185 1917 494 1983 αὖγουστον
524 1914 822 1984 τελουμὲνη
847 1912 1093 1982 νηστεία,
1123 1913 1188 1982 ἦν
1219 1913 1400 1967 πολλοὶ
1433 1915 1764 1982 ἁϐροδίαιτοι

183 2008 542 2060 διαϐάλλουσι
566 2007 799 2075 πάμπαν
832 2021 845 2035 ⁸
883 2007 979 2056 καὶ
1009 2007 1136 2074 περὶ
1163 2007 1370 2059 τούτων
1392 2006 1472 2058 δεῖ
1492 2010 1668 2060 εἰπεῖν
1691 2009 1765 2072 ὡς

185 2101 417 2152 δυνατὸν
468 2099 741 2166 ὑπάρχει·
791 2097 884 2149 καὶ
940 2099 1203 2168 πρότερον
1247 2098 1582 2169 δηλώσωμεν
1637 2103 1766 2168 περὶ

185 2192 297 2243 τῶν
346 2190 590 2260 Χριστοῦ
636 2189 863 2258 γεννῶν.
898 2191 1205 2259 Παράδοσιν
1253 2190 1522 2259 ἐλάϐομεν
1567 2191 1632 2242 ὲκ
1659 2191 1767 2244 τῶν

187 2281 434 2335 ἔκπαλαι
499 2281 709 2350 χρόνων
749 2283 804 2332 έν
837 2281 1008 2352 ταύτῃ
1056 2285 1121 2352 τῇ
1158 2284 1574 2351 τεσσαρακοστῇ
1611 2300 1768 2351 μονο-

184 2378 368 2429 σιτίαν
427 2376 596 2446 ἔχειν,
641 2375 756 2429 ἀλλ’
804 2376 913 2428 οὐδ’
968 2374 1166 2446 ἰχθύων
1225 2375 1494 2429 ἅπτεσθαι
1542 2379 1598 2428 ἑν
1649 2379 1767 2439 ταῖς

183 2469 369 2537 τρισὶν
398 2467 662 2536 ἡμέραις,
698 2465 982 2532 δευτέραν,
1016 2465 1230 2534 τρίτην.
1265 2463 1424 2531 Λέγω
1444 2465 1506 2535 δὴ
1545 2466 1640 2517 σὺν
1671 2467 1768 2517 αύ-

186 2565 301 2621 τατς
328 2561 426 2610 καὶ
463 2557 561 2626 τὴν
587 2564 647 2618 ε’,
675 2555 908 2621 τετράδα
933 2556 1025 2606 καὶ
1055 2555 1432 2624 παρασκευὴν,
1455 2556 1553 2607 οὐκ
1587 2555 1765 2608 ἔλαιον

188 2649 284 2702 sint
310 2644 460 2701 οἶνον
487 2647 756 2716 Σαϐϐάτῳ
787 2649 881 2700 καὶ
919 2646 1164 2716 κυριακῇ
1199 2646 1498 2715 λαμϐάνειν
1529 2647 1762 2708 πάντως.

189 2743 296 2794 Καὶ
332 2740 458 2801 an;
493 2738 592 2808 μὲν
633 2741 762 2806 περὶ
803 2738 972 2807 αὐτῆς
999 2751 1012 2766 ⁸
1043 2737 1104 2789 οὔ
1138 2737 1246 2807 γὰρ
1287 2737 1371 2788 δεῖ
1418 2735 1578 2788 πλέον
1629 2737 1767 2805 γρά-

188 2851 333 2901 φειν.

259 2923 354 2980 ια’.
407 2923 653 2992 Ἀνάγκη
683 2922 861 2974 τοένυν
877 2920 1109 2973 διελθεῖν
1140 2920 1268 2990 περὶ
1291 2920 1400 2972 τῶν
1417 2919 1762 3000 τελευταίων.

190 3015 465 3083 Συνήθεια
509 3013 858 3082 κεκράτηκεν
888 3013 944 3063 έν
974 3013 1096 3074 ταῖς
1129 3011 1405 3079 νηστείαις
1436 3011 1661 3071 ταύταις
1686 3011 1767 3072 δὶς

187 3108 286 3174 τῆς
333 3105 557 3174 ἡμέρας
605 3103 827 3169 ὲσθέειν,
869 3105 969 3155 οὐκ
999 3100 1098 3156 οἶδ’
1133 3097 1770 3171 ὃθεν).αμϐάνοντες,ιοῖο

194 3214 290 3264 μαι
309 3197 371 3248 δὲ
401 3196 490 3248 διὰ
511 3194 604 3246 τὸν
636 3194 824 3262 καιρὸν
855 3193 986 3245 δντα
1003 3192 1256 3260 καυσώδη
1277 3192 1418 3244 τότε.
1457 3191 1597 3244 Ἀλλ’
1615 3194 1676 3244 οὐ
1703 3196 1766 3264 τῇ

191 3289 461 3357 συνηθείᾳ
481 3286 884 3354 δεῖλπροσέχειν
914 3285 1060 3352 ἡμᾶς
1089 3284 1246 3347 ὅλως,
1291 3285 1408 3338 οὐδὲ
1441 3285 1500 3337 τὸ
1533 3287 1645 3348 πῶς
1673 3287 1765 3339 καὶ

188 3382 274 3431 διὰ
302 3381 356 3430 τί
386 3380 694 3446 πράττεται
721 3378 838 3428 τόδε
862 3376 1062 3440 λέγειν,
1090 3376 1206 3433 ἀλλ’
1232 3378 1460 3444 ἐρευνᾷν
1489 3379 1584 3430 καὶ
1613 3379 1764 3448 ἀκρι-

188 3471 319 3521 ϐοῦν
370 3467 499 3528 τοὺς
535 3467 726 3534 λόγους
779 3466 886 3517 τῶν
927 3467 1188 3535 Πατέρων
1233 3470 1323 3518 καὶ
1361 3469 1486 3529 τοὺς
1536 3472 1768 3532 κανόνας

188 3562 294 3612 τῶν
360 3559 546 3625 σοφῶν
583 3560 678 3610 καὶ
733 3555 894 3608 θείων
921 3556 1256 3617 ἀποστόλων,
1312 3557 1378 3608 δι’
1422 3553 1496 3609 ὧν
1539 3560 1632 3611 καὶ
1680 3560 1771 3611 τὸν

191 3650 468 3718 ἡμέτερον
496 3647 670 3707 οὕτως
703 3647 815 3713 βίον
845 3645 1152 3714 ῥυθμίζειν.
1183 3645 1373 3714 Ὅμως
1403 3647 1452 3698 εί
1480 3648 1578 3716 τὴν
1612 3649 1772 3718 ἀκρί-

188 3742 347 3790 ϐειαν
400 3739 496 3787 καὶ
552 3736 758 3787 τούτων
809 3735 955 3803 ἔχειν
1005 3735 1198 3796 θέλεις,
1251 3735 1487 3804 ζήτησον
1543 3737 1770 3789 ὄπισθεν

193 3826 398 3894 μικρὸν
428 3825 487 3876 ἐν
517 3826 584 3893 τῇ
634 3825 743 3875 τῶν
779 3823 1016 3892 Χριστοῦ
1044 3824 1272 3892 γεννῶν,
1313 3827 1475 3878 κάκεῖ
1519 3826 1771 3898 εὑρήσεις

187 3919 216 3967 ὃ
253 3920 468 3987 ζητεῖς,
506 3916 599 3968 καὶ
637 3917 775 3984 ὅπερ
807 3915 1009 3983 βούλει,
1041 3917 1274 3984 πρᾶττε.

263 4016 354 4084 ιβ’.
402 4011 667 4065 Ἐνταῦθα
707 4011 1015 4080 ἐϐουλόμην
1047 4010 1142 4062 νῦν
1175 4010 1530 4064 καταπαῦσαι
1561 4013 1650 4064 τον
1681 4013 1768 4064 λό-

189 4126 308 4174 γον,
345 4105 484 4158 ἀλλὰ
511 4104 601 4173 βία
641 4121 730 4173 μοι
761 4103 1026 4172 πρόσεστι
1061 4103 1235 4171 μικρά
1275 4120 1397 4154 τινα
1429 4102 1766 4172 προσθεῖναι.

186 4201 420 4252 Δέδοικα
455 4197 516 4250 δὲ
569 4197 646 4265 μὴ
681 4195 940 4265 φορτικὸς
990 4194 1249 4265 φανῶμαί
1297 4211 1380 4248 σοι
1416 4198 1474 4247 ὲν
1518 4195 1766 4256 τούτοις·

188 4290 551 4360 γονυκλισίας
581 4289 661 4341 δεῖ
688 4290 864 4342 ποιεῖν
896 4289 1074 4341 πάντα
1107 4286 1200 4339 τὸν
1233 4287 1426 4356 χρόνον
1447 4287 1587 4351 ὅλον,
1622 4289 1670 4339 εἰ
1697 4289 1768 4357 μή

189 4401 294 4436 που
330 4383 491 4452 τύχοι
525 4382 687 4450 ἑορτὴ
718 4380 975 4448 νηστείας
1003 4380 1078 4448 μὴ
1125 4379 1410 4448 παρούσης
1446 4381 1504 4430 ἐν
1604 4381 1772 4446 ἀργία

1863 575 2075 630 tempus
2103 563 2202 618 etsi
2227 560 2506 631 prmteriit,
2539 559 2685 614 illius
2723 559 2925 612 utilitas
2947 559 3000 611 in
3033 555 3186 611 nobis
3209 570 3424 624 semper

1863 663 2100 710 maneat.
2130 653 2279 708 Unde
2297 663 2350 707 et
2369 669 2466 724 ego
2495 652 2747 708 similiter
2767 649 3060 704 adhortans
3082 649 3176 704 tibi
3205 649 3383 703 scribo
3411 667 3422 701 :

1863 749 1909 802 si
1968 745 2106 800 forte
2141 745 2405 813 przeteriit
2463 743 2656 812 jejunii
2716 750 2968 810 tempus,
3026 751 3262 794 attamen
3317 754 3424 791 nott

1863 838 2090 891 omnino
2117 833 2489 905 temperantia)
2518 833 2733 886 transiit
2788 848 2802 886 :
2849 833 2991 885 hanc
3022 839 3073 883 te
3118 844 3330 898 semper
3369 838 3430 881 ut

1865 927 2129 979 nutricem
2189 933 2405 994 oportet
2453 935 2796 978 conservare.
2847 920 2962 976 Etsi
3047 918 3184 971 abiit
3217 918 3427 971 hebdo-

1867 1016 2025 1068 mada
2066 1016 2256 1084 jejunii
2301 1017 2352 1068 in
2393 1014 2648 1068 absoluto
2702 1011 2815 1065 otio
2860 1010 3222 1065 nihilominus
3269 1022 3428 1077 quar-

1869 1113 1974 1157 tam
2040 1112 2094 1156 et
2147 1112 2354 1158 sextam
2411 1105 2552 1157 diem
2601 1100 2812 1157 custodi
2859 1117 2873 1152 :
2943 1114 2972 1151 a
3027 1113 3186 1152 caseo
3227 1105 3298 1176 et.
3329 1110 3433 1146 ovo

1866 1197 2096 1261 abstine,
2124 1209 2220 1250 nec
2255 1205 2433 1250 tamen
2482 1211 2510 1249 a
2538 1195 2784 1260 exteris;
2816 1205 2938 1244 nam
2997 1191 3050 1243 in
3107 1191 3192 1244 his
3239 1187 3433 1242 diebus

1869 1287 2002 1340 liber
2056 1296 2196 1340 esto.
2253 1287 2367 1340 Non
2451 1287 2594 1340 enim
2655 1282 2922 1355 jejunium
2980 1295 3075 1333 nec
3133 1279 3433 1347 genunexiu

1869 1377 2288 1446 praescribitun:
2330 1378 2449 1430 illas
2511 1377 2652 1429 enim
2706 1371 3262 1442 quinquaginta‘dies
3291 1406 3305 1430 ,
3380 1369 3432 1420 in

1869 1470 2053 1523 orbem
2107 1469 2451 1528 reducentes,
2500 1467 2672 1519 sancti
2730 1469 2915 1520 Patres
2966 1478 3130 1517 unam
3187 1461 3412 1513 dixeiuu

1867 1575 1988 1615 esse
2013 1560 2154 1614 diem
2196 1577 2210 1613 :
2245 1568 2502 1614 caeterum
2557 1573 2721 1627 super
2751 1557 2836 1640 bis
2865 1556 3126 1623 satisjam
3166 1554 3429 1607 diximus.

1831 1694 1840 1708 .
1870 1636 2028 1705 Aliud
2067 1653 2210 1705 enim
2237 1651 2575 1719 propositum
2621 1664 2706 1703 me
2739 1636 2940 1708 manet,
2977 1650 3095 1699 dua:
3123 1646 3437 1712 Quadrage-

1873 1740 2023 1790 sima:
2059 1753 2178 1804 qua:
2230 1739 2309 1791 sic
2349 1736 2477 1789 mihi
2511 1736 2850 1804 superfuere,
2890 1735 3192 1802 przcsertim
3253 1744 3434 1784 autem

1873 1841 2252 1886 consecratum
2287 1833 2338 1884 in
2392 1839 2624 1900 augusto
2662 1829 2952 1896 jejunium,
2987 1828 3130 1893 quod
3165 1825 3315 1877 multi
3347 1825 3439 1876 de—

1875 1924 2033 1978 licate
2085 1925 2327 1976 viventes
2381 1936 2609 1990 prorsus
2684 1920 2960 1988 rejieinnt.
3016 1921 3087 1971 De
3139 1919 3222 1970 his
3273 1917 3436 1968 etiam

1873 2013 2099 2067 facultas
2181 2013 2524 2065 attribuenda
2578 2014 2702 2064 erit.
2793 2009 3034 2062 Primum
3115 2009 3180 2061 de
3235 2008 3436 2060 Christi

1873 2101 2154 2157 Natalibns
2181 2104 2705 2172 argumentahimur.
2745 2101 2820 2153 Ex
2860 2101 3054 2168 priscis
3103 2099 3438 2167 temporibus

1874 2194 2212 2246 traditionem
2240 2193 2554 2262 accepimus
2587 2193 2638 2243 in
2679 2191 2776 2243 hac
2800 2189 3236 2256 Quadragesima
3274 2204 3434 2240 unam

1877 2281 2075 2334 habere
2101 2297 2335 2344 cumam,
2395 2283 2638 2350 pisi-ibus
2671 2295 2775 2332 non
2812 2279 2951 2331 vesci
2988 2278 3072 2331 his
3116 2277 3292 2331 tribus
3321 2276 3440 2331 die-

1875 2372 1974 2426 bus
2003 2411 2018 2432 ,
2049 2373 2286 2427 secunda
2311 2413 2324 2432 ,
2363 2375 2519 2424 tertia
2580 2381 2632 2424 et
2685 2371 2910 2440 quinta;
2948 2370 3148 2438 quibus
3204 2369 3441 2437 adjungo

1873 2473 2146 2531 quartam,
2192 2472 2512 2531 sextamque
2540 2463 2724 2526 diem;
2771 2461 2948 2514 oleum
2996 2470 3049 2515 et
3084 2461 3268 2516 vinum
3308 2458 3444 2513 Sab-

1875 2557 2000 2608 hato
2057 2564 2111 2608 et
2141 2555 2420 2608 Dominica
2469 2568 2694 2622 prorsus
2759 2569 2864 2606 non
2929 2569 3164 2607 sumere.
3221 2553 3295 2607 De
3337 2553 3442 2606 hac

1877 2655 2058 2700 autem
2092 2645 2225 2699 satis
2253 2661 2266 2696 :
2301 2644 2435 2698 nihil
2467 2643 2610 2697 enim
2637 2643 2748 2710 jam
2775 2643 3123 2699 scribendum
3179 2651 3364 2698 restat.
3437 2631 3448 2644 ’

1949 2929 2037 2983 ll.
2090 2927 2326 2982 Necesse
2380 2928 2541 2996 igitur
2589 2935 2672 2980 est
2724 2926 2789 2980 ad
2831 2936 3126 2980 extremam
3189 2927 3442 2981 devenire

1887 3015 2394 3083 Quadragesimam.
2429 3016 2482 3070 In
2518 3016 2600 3070 his
2655 3015 2878 3083 jejuniis
2916 3031 3034 3068 mos
3083 3015 3311 3069 invaluit
3358 3017 3440 3069 bis

1798 3135 1840 3193 α
1880 3109 1933 3162 in
1981 3109 2069 3164 die
2129 3109 2404 3172 vescendi,
2446 3124 2608 3176 quem
2647 3110 2788 3162 unde
2841 3109 3175 3178 sumpserint
3236 3111 3438 3175 nescio,

1877 3212 2007 3272 puto
2040 3203 2167 3272 quia
2215 3213 2343 3257 tunc
2393 3211 2604 3271 tempus
2653 3202 2930 3256 fervidum
2992 3213 3094 3256 est.
3129 3202 3232 3256 Sed
3283 3205 3440 3258 nobis

1879 3307 2102 3360 prorsus
2135 3308 2241 3344 non
2290 3301 2374 3346 est
2431 3291 2810 3345 consuetudini
2867 3291 3288 3355 attendendum,
3343 3308 3441 3344 nee

1875 3384 2151 3452 quomodo
2193 3394 2285 3437 aut
2341 3399 2442 3436 cur
2498 3381 2638 3434 istud
2691 3390 2883 3448 agatur
2937 3381 3246 3444 dicendum,
3305 3380 3443 3436 bene

1878 3489 2007 3526 vero
2034 3473 2390 3527 scrutandum
2429 3487 2490 3525 ac
2519 3473 2931 3540 disquirendunt
2985 3472 3308 3524 documenta
3342 3472 3444 3525 Pa-

1879 3575 2046 3628 trum,
2075 3579 2280 3618 necnon
2327 3565 2632 3632 sapientum
2665 3564 3022 3630 divorumque
3064 3563 3439 3630 apostolorum

1879 3652 2359 3720 canones,quibus
2384 3654 2494 3706 vita
2543 3661 2728 3707 nostra
2771 3653 3103 3706 instituenda
3139 3663 3240 3707 est.
3291 3655 3445 3708 Atta-

1881 3761 2002 3800 men
2048 3747 2094 3800 si
2145 3747 2224 3800 vis
2272 3746 2485 3800 illorum
2537 3747 2731 3799 habere
2774 3757 3084 3800 accuratam
3145 3749 3444 3807 notionem,

1881 3837 2098 3905 require
2127 3838 2288 3905 paulo
2315 3837 2565 3905 superius
2598 3837 2650 3890 in
2685 3839 2895 3908 jejunio
2933 3839 3132 3892 Christi
3159 3840 3442 3897 natalium.

1881 3929 2061 3996 ibique
2083 3931 2228 3998 quod
2253 3931 2452 3997 qumris
2478 3929 2740 3993 invenies,
2782 3942 2835 3984 et
2865 3933 3005 4000 quod
3043 3932 3122 3984 ris
3148 3948 3266 4000 age.

1949 4022 2034 4074 19..
2071 4020 2167 4075 llic
2199 4022 2441 4075 volebant
2479 4023 2632 4075 finire
2664 4038 2993 4082 sermonem.
3028 4025 3118 4076 sed
3149 4023 3447 4076 IltICtESsilzts

1879 4126 1964 4164 me
1984 4113 2129 4179 cogit
2163 4127 2334 4181 pauca
2400 4113 2823 4181 superadjicere.
2856 4113 3046 4166 Timeo
3087 4129 3215 4166 vero
3251 4129 3317 4166 ne
3349 4115 3444 4167 tilii

1879 4201 2063 4254 videar
2093 4201 2144 4253 in
2173 4202 2291 4255 istis
2331 4217 2622 4256 onerosus.
2649 4202 2808 4256 Omni
2842 4214 3082 4271 tempore
3109 4203 3442 4269 gennllexiu-

1879 4307 1975 4347 nes
2031 4302 2244 4360 Oportet
2302 4294 2498 4356 facere,
2561 4293 2662 4346 nisi
2727 4295 3072 4360 superveniat
3137 4293 3442 4354 festivitas,

1881 4391 2089 4438 semoto
2111 4384 2336 4452 jejunio,
2371 4399 2475 4452 qua
2536 4387 2594 4437 lit
2649 4385 2904 4437 horarum
2944 4386 3231 4452 operisque
3261 4400 3446 4438 cessa-

187 4476 404 4539 γίνεται
437 4473 551 4524 τῶν
587 4471 748 4542 ὡρῶν
783 4473 876 4524 καὶ⁸
918 4471 1009 4524 τοῦ
1058 4470 1244 4541 ἔργου.
1278 4471 1368 4540 Μὴ
1404 4471 1651 4541 φοϐηθῇς
1681 4475 1767 4523 τὸν

1814 4486 1846 4540 ἱ)
1882 4478 1977 4530 tio.
2013 4476 2308 4530 annerutn
2359 4490 2422 4527 nc
2482 4475 2764 4537 formides,
2817 4477 3178 4543 paucissimus
3226 4484 3351 4528 est:
3391 4475 3443 4528 itt

188 4563 453 4634 ἀριθμὸν,
503 4562 782 4626 ὀλιγοστὸς
816 4562 1076 4632 ὑπάρχει.
1107 4562 1328 4614 Δώδεκα
1359 4561 1574 4629 μέλλεις
1617 4562 1771 4632 ἀριθ-

193 4660 315 4723 μεῖν
355 4657 416 4706 ὲν
441 4656 564 4716 ταῖς
594 4654 771 4715 λιταῖς
811 4653 1046 4723 ἡμέραις
1065 4668 1080 4682 ο
1110 4653 1208 4714 τὰς
1242 4653 1298 4704 δέ
1345 4669 1408 4720 γε
1437 4670 1773 4722 τεσσαρακοο

193 4749 324 4807 στας
359 4743 627 4814 ψηφίζειν
670 4744 971 4796 δεκαπέντε
1035 4746 1094 4796 ἐν
1122 4747 1189 4814 τῇ
1220 4743 1329 4796 τῶν
1369 4745 1609 4812 Χριστοῦ
1651 4762 1772 4812 γεν-

190 4836 298 4888 νῶν
330 4837 430 4887 καὶ
478 4836 590 4886 τῶν
623 4834 716 4886 δύο
751 4833 954 4886 λοιπῶν
1001 4850 1105 4888 σοι.
1139 4835 1251 4902 Τὴν
1291 4834 1334 4885 δ’
1371 4834 1537 4903 ἄλλην
1570 4851 1770 4889 τεσσα-

197 4928 478 4996 ρακοστὴν
509 4921 578 4996 ἧς
603 4928 636 4995 ἡ
671 4925 862 4995 κλῆσις
903 4925 1112 4994 μεγάλη
1159 4925 1540 4990 διπλασιάζειν
1566 4927 1771 4990 ταύτας

192 5037 280 5085 γε,
314 5021 487 5086 εἴπερ
521 5017 616 5068 καὶ
635 5017 737 5068 οὐκ
758 5015 1032 5080 όκλάζεις.
1057 5017 1119 5068 Et
1151 5017 1205 5069 δὲ
1238 5017 1376 5086 βαρύ
1406 5033 1490 5070 σοι
1520 5017 1771 5084 φαίνεται

193 5110 286 5160 τοῦ
338 5110 665 5176 ὲκςλετρεῖν,
698 5108 800 5160 κᾶν
827 5107 924 5168 τὰς
970 5107 1142 5160 είκοσι
1188 5109 1460 5179 τέσσαρας
1488 5109 1772 5178 πλήρωσον

195 5203 317 5268 {ita
363 5199 555 5266 λόγου.
595 5199 671 5250 υύ
721 5201 827 5267 μὴν
870 5199 1079 5270 amen
1131 5200 1384 5271 δεύτερον
1421 5201 1522 5270 τῆς
1560 5201 1772 5270 ἡμέρας

197 5293 441 5353 τελέσεις
461 5307 476 5320 ο
517 5289 632 5342 ἀλλ’
669 5288 1019 5362 ὼςιὲδίδαξεν
1047 5293 1194 5361 ἡμᾶς
1227 5292 1392 5344 Δαϐὶδ
1423 5295 1450 5364 δ
1487 5291 1771 5360 θεοπάτωρ

197 5382 330 5432 Θεὸν
368 5381 546 5433 αἰνεῖν
576 5381 949 5450 προτρέπεται
997 5382 1225 5445 ἑπτάκις
1259 5384 1356 5452 τῆς
1387 5385 1618 5453 ἡμέρας.
1651 5383 1773 5450 Ῥη--

200 5472 360 5539 gaias;
390 5470 486 5523 οὖν
537 5471 615 5532 ὡς
645 5473 902 5540 νουνεχὴς
947 5474 1200 5542 εὑρήσεις
1240 5474 1377 5544 ὅπερ
1427 5476 1591 5541 λέγω.
1641 5474 1772 5525 ’Λπο

202 5564 378 5631 φωτὸς
409 5562 755 5632 ἁπάρξομαι,
792 5566 887 5615 καὶ
917 5565 1061 5633 λήξω
1103 5569 1182 5629 εἰς
1209 5566 1268 5617 τὸ
1314 5567 1504 5628 σκότος
1527 5583 1538 5596 ο
1575 5565 1770 5636 ὄρθρος

200 5655 297 5708 καὶ
323 5654 517 5725 πρώτη
545 5656 706 5724 τρίτη
731 5672 789 5706 τε
819 5656 954 5726 ἕκτη
986 5661 1081 5713 καὶ
1106 5660 1293 5729 ἐνάτη,
1324 5659 1611 5730 ἐσπερινὸν
1641 5659 1772 5713 ἀπό-

200 5744 414 5801 δειπνον
447 5749 550 5802 σὺν
582 5747 659 5815 τῷ
692 5751 1050 5817 μεσονυκτίῳ.

1876 4568 2069 4622 diebus
2123 4566 2467 4634 simplicibus
2523 4566 2809 4619 duodecim
2871 4579 3161 4618 numerare
3238 4565 3445 4629 debes,

1876 4657 2190 4727 quindecim
2245 4667 2421 4710 autem
2491 4657 2544 4709 in
2590 4656 3058 4724 Quznlragesimis,
3131 4656 3182 4707 in
3233 4656 3443 4724 jejunio

1877 4748 2081 4802 Christi
2106 4749 2366 4802 natalium
2401 4757 2453 4800 et
2478 4748 2712 4800 duorum
2746 4762 2866 4816 quae
2903 4747 2999 4799 tibi
3027 4755 3341 4814 supersunt.
3387 4750 3442 4799 In

1876 4841 1975 4894 hac
2028 4850 2207 4892 autem
2253 4840 2358 4892 alia
2408 4837 2856 4905 Quadragesima,
2913 4835 3074 4903 cujus
3122 4844 3204 4887 est
3251 4851 3442 4902 magna

1875 4932 2190 4997 destinatio,
2218 4931 2339 4984 illas
2361 4931 2640 4997 duplicare
2685 4929 2872 4991 debes,
2924 4928 3024 4981 etsi
3063 4943 3167 4979 non
3212 4928 3440 4996 genibus

1874 5022 2026 5076 ﬂexis
2059 5038 2301 5075 maneas.
2344 5020 2408 5074 Et
2439 5020 2480 5073 si
2530 5020 2621 5072 tibi
2657 5019 2906 5072 videatur
2935 5018 3116 5088 gravis
3163 5029 3439 5086 computu-

1875 5114 1974 5176 tio,
2007 5129 2100 5167 eas
2149 5112 2338 5181 viginti
2373 5119 2608 5180 quatuor
2635 5110 2871 5178 azlimple
2922 5113 3038 5163 sine
3069 5111 3434 5171 hmsitatione;

1875 5219 1981 5258 non
2047 5196 2224 5257 tamen
2261 5201 2425 5255 semel
2469 5210 2564 5253 aut
2613 5201 2698 5254 bis
2730 5202 2782 5254 in
2834 5201 2920 5254 die
2972 5201 3304 5270 complebis;
3343 5203 3433 5254 sed

1871 5297 2024 5364 juxta
2053 5296 2194 5364 qnml
2251 5292 2569 5346 nos-docuit
2611 5293 2863 5360 Deipater
2899 5291 3064 5345 llavid
3118 5293 3208 5359 qui
3264 5291 3430 5343 lteum

1875 5386 2091 5438 laudare
2127 5384 2320 5451 septies
2350 5383 2400 5435 in
2437 5383 2579 5436 diem
2615 5383 2881 5436 hortatur.
2914 5381 3177 5435 Judieans
3219 5391 3276 5433 ut
3310 5397 3430 5448 pru-

1874 5476 2029 5538 dens,
2076 5473 2319 5526 invenies
2375 5473 2517 5540 quod
2557 5470 2677 5524 dico
2727 5490 2742 5526 ι
2789 5472 2832 5523 Λ
2883 5472 2999 5522 luce
3054 5469 3335 5538 incipiant,
3384 5479 3436 5521 et

1875 5580 2174 5635 prosequar
2226 5580 2396 5634 usque
2453 5565 2518 5618 ad
2569 5565 2817 5618 tenebras
2854 5603 2866 5616 .
2903 5578 3098 5618 aurora
3127 5605 3142 5626 ,
3203 5577 3372 5628 prima
3416 5600 3430 5616 .

1879 5661 2056 5724 tertia,
2082 5671 2250 5722 sexta,
2296 5674 2458 5724 nona,
2486 5672 2707 5726 vespera
2745 5667 2863 5727 post
2902 5671 3113 5712 cam-am
3159 5664 3210 5708 et
3257 5652 3435 5706 nte-lia

1877 5765 2002 5804 IIUX.
