4208 6432
744 346 849 414 403

741 564 795 608 et
858 557 959 611 hoc
1014 560 1288 627 posterius
1338 560 1646 615 elucidasse
1710 577 1797 617 me
1865 579 1935 618 ne
1973 562 2303 619 crimineris.

739 646 906 699 Istam
941 646 1161 700 intendo
1193 648 1585 703 hebdomadam
1611 660 1737 707 ante
1753 666 1971 707 carnem
2012 652 2305 707 tollendam

739 748 902 800 quam
964 737 1416 805 cognominamus
1490 740 1780 793 Arteiborii
1856 740 2302 795 hebdomadam:

740 825 983 894 plerique
1039 842 1245 881 morem
1282 828 1524 897 jucunde
1576 830 1834 900 epulandi
1890 840 2301 897 contraxerunt,

742 916 882 969 male
910 924 1161 985 putantes
1193 920 1337 986 quod
1375 920 1633 974 mundani
1660 937 1878 975 carnem
1904 937 2139 985 sumere.
2163 922 2307 977 sicut

740 1008 993 1061 monachi
1029 1023 1273 1075 caseum,
1308 1020 1559 1080 possunt,
1609 1022 1663 1066 et
1711 1012 1784 1067 ita
1814 1013 2096 1069 facientes.
2147 1014 2203 1068 Si
2241 1015 2307 1070 de

740 1098 883 1151 tribu
917 1099 1137 1164 quidem
1170 1097 1553 1156 Armeniorum
1602 1103 1993 1158 descenderent
2029 1105 2309 1159 haeresim-

737 1203 842 1251 que
889 1189 1177 1245 Arteiborii
1232 1200 1478 1263 tenerent
1511 1235 1526 1259 ,
1579 1195 1715 1249 bene
1771 1194 2011 1249 lacerent
2084 1210 2302 1249 omnem

736 1278 1006 1335 solventes
1065 1281 1428 1350 suspicionem
1472 1285 1613 1353 ;qui
1668 1295 1848 1339 autem
1903 1287 1969 1341 ab
2026 1287 2143 1340 avis
2177 1295 2305 1342 sunt

737 1369 922 1425 lideles
952 1371 1263 1436 orthodoxi,
1288 1372 1485 1427 frustra
1517 1375 1644 1443 quid
1677 1387 1979 1444 praetexunt
2028 1379 2304 1433 solventes
2332 1378 2333 1383 “

732 1462 1022 1530 jejunium.
1050 1462 1129 1516 llli
1168 1465 1312 1518 enim
1362 1475 1469 1518 tota
1500 1466 1836 1523 bebdomada
1874 1470 2143 1538 jejunant,
2186 1470 2303 1525 solo

737 1566 872 1616 pane
902 1566 1028 1604 cum
1071 1567 1207 1620 aqua
1237 1552 1461 1622 saleque
1496 1565 1780 1610 vescentes
1817 1572 1832 1609 :
1868 1573 1969 1613 nos
2010 1566 2191 1611 autem
2234 1558 2303 1611 ab

742 1642 857 1706 ipsa
909 1642 1147 1696 secunda
1180 1643 1268 1698 die
1300 1645 1583 1699 solvimus.
1616 1645 1731 1701 Hoc
1770 1647 1888 1715 ipso
1914 1658 2167 1702 caeterum
2204 1664 2302 1703 nos

735 1747 858 1785 cum
892 1733 1007 1787 istis
1037 1748 1146 1787 non
1176 1736 1582 1791 communicare
1612 1738 1951 1795 ostendimus
1976 1754 1991 1805 ;
2015 1746 2069 1794 et
2087 1739 2298 1794 frustra

736 1822 1074 1887 praetendunt
1103 1822 1157 1877 hi
1206 1822 1599 1891 Arteiborium,

803 2008 892 2062 H.
934 2008 1069 2063 Cum
1114 2020 1293 2063 autem
1339 2026 1436 2064 nos
1491 2011 1736 2079 quaedam
1790 2014 2015 2082 parvula
2072 2016 2300 2085 quaestio

732 2100 927 2162 latuit,
978 2102 1044 2153 ad
1106 2116 1223 2155 eam
1305 2101 1706 2157 dilucidandam
1772 2104 1863 2161 hic
1918 2107 2099 2160 venio.
2136 2108 2293 2162 Casei

733 2192 1067 2247 hebdoniada
1120 2193 1298 2248 soluta
1357 2203 1578 2257 manet,
1634 2211 1753 2249 cum
1830 2207 2023 2265 quarta
2082 2214 2294 2253 necnon

731 2292 881 2338 sexta
946 2285 1056 2340 die.
1125 2286 1191 2339 Et
1235 2285 1378 2339 unde
1438 2286 1577 2350 hoc,
1638 2285 1821 2341 forsan
1871 2288 2018 2343 dicet
2066 2290 2295 2358 aliquis.

734 2377 933 2431 factum
997 2387 1080 2432 est
1130 2379 1524 2433 manifestum?
1581 2380 1863 2447 Jacobitze,
1911 2382 2053 2434 sicut
2084 2382 2296 2443 dicunt,

734 2469 875 2519 hanc
908 2468 1303 2524 hebdomadam
1338 2481 1396 2525 ut
1426 2480 1828 2526 sacrosanctam
1866 2487 1927 2525 ac
1950 2473 2296 2539 purissimam

731 2558 1027 2622 celebrant,
1056 2561 1173 2614 solo
1203 2576 1340 2629 pane
1370 2572 1422 2616 et
1445 2576 1584 2631 aqua
1613 2572 1824 2617 utentes
1859 2581 1871 2616 :
1898 2574 1953 2615 et
1997 2564 2120 2617 ideo
2170 2580 2299 2619 vere

733 2653 1062 2706 honcraliilis
1138 2652 1508 2723 Nicephorus,
1560 2654 2106 2722 Constantinopoleos
2178 2671 2295 2709 nia-

734 2757 873 2810 gnus
908 2741 1169 2810 pontifex.
1188 2744 1272 2797 his
1297 2744 1488 2799 diebus
1509 2744 1753 2798 solvendi
1786 2745 2045 2798 canonice
2073 2745 2299 2798 tradidit

731 2852 912 2900 usuin,
972 2838 1038 2889 ad
1096 2833 1386 2890 evertenda
1422 2834 1674 2900 dogmata
1726 2834 1956 2887 duarum
1992 2834 2295 2901 luereseon,

727 2927 939 2991 Jacobi,
999 2928 1218 2994 inquam
1255 2964 1271 2990 ,
1335 2932 1388 2979 et
1423 2923 1845 2990 Quadritarum.
1898 2923 2105 2979 Exinde
2150 2925 2299 2980 venit

732 3019 1194 3072 monasteriorum
1222 3016 1579 3081 consuetudo,
1615 3018 1765 3071 lini-ta
1802 3031 1943 3070 nona
1987 3018 2298 3086 liymnoque
2342 3080 2345 3083 _

1472 353 1780 416 NICOLAI
1818 358 1926 417 (ΣΡ.
1961 352 2474 417 PATRIARCH/E
2497 355 2593 417 DE
2623 355 2802 418 νΙΤΑ
2830 359 3283 423 MONASTICA.

811 467 899 522 l5.
931 467 1110 524 Unum
1140 484 1303 539 porro
1355 471 1573 527 tandem
1616 474 1868 543 adjiciam
1907 473 2303 540 necessarium,
2330 471 2386 532 Α

2327 1804 2376 1862 Β

3872 362 3980 429 404

2482 473 2571 541 ιγ’.
2610 476 2731 529 Ἔτι
2778 477 3076 549 προσθήσω
3105 472 3198 532 οῦν
3226 475 3413 532 λοιπὸν
3442 478 3540 533 σὺν
3568 478 3778 544 τούτοις
3803 484 3981 553 ἀναγο

2411 565 2590 628 καῖον,
2641 565 2735 619 καὶ
2782 569 2857 636 μὴ
2913 567 3153 637 μεμφθῶ
3203 568 3280 630 ῶς
3323 567 3553 638 ὕστερον
3601 570 3759 624 τοῦτο
3787 570 3981 626 διασα-

2408 654 2609 723 φήσας.
2648 656 2750 709 Ἦν
2801 656 3069 725 ἑϐδομάδα
3110 657 3253 725 λέγω
3281 657 3374 711 οὖν
3404 658 3504 730 τὴν
3554 661 3663 730 πρὸ
3705 662 3801 731 τῆς
3835 664 3980 716 ἀπο-

2409 744 2593 812 κρέου,
2624 746 2725 816 τὴν
2755 748 2851 800 καὶ
2879 748 3291 818 ἐπονομάζομεν
3314 749 3414 819 τὴν
3438 749 3533 803 τοῦ
3569 751 3978 824 ’Δρτζιϐουρίου

2408 835 2728 889 οἱπλεῖστοι
2776 837 2896 901 ἔθος
2928 840 3123 914 ἔλαϐον
3158 841 3329 904 ἀδεῶς
3369 842 3660 895 καταλύειν
3685 860 3699 872 ·
3740 845 3977 914 τετράδα

2410 928 2503 980 καὶ
2535 930 2892 999 παρασκευὴν
2917 932 2965 983 οί
2994 935 3254 1000 κοσμικοὶ
3275 933 3337 984 τὸ
3364 933 3553 1001 κρέας.
3586 934 3849 995 ὡσαύτως
3877 937 3977 989 καὶ

2407 1018 2458 1070 oi
2493 1020 2719 1105 μοναχρὶ
2766 1019 2932 1087 τυροῦ
2978 1021 3437 1089 μεταλαμϐάνειν,
3491 1021 3677 1085 κακῶς
3731 1022 3977 1086 νοοῦντες

2406 1107 2623 1176 άληθῶς
2653 1111 2746 1161 καὶ¹
2776 1111 3106 1178 πράττοντες
3131 1111 3352 1181 ὁμοίως.
3385 1113 3450 1167 Εί
3490 1115 3587 1184 μέν
3628 1115 3799 1183 φυλῆς
3840 1133 3979 1172 κατ-

2406 1199 2632 1266 άγονται
2679 1201 2743 1253 ἐκ
2781 1200 2883 1268 τῆς
2921 1200 3031 1253 τῶν
3083 1203 3405 1273 Ἀρμενίων,
3439 1206 3533 1257 καὶ
3578 1201 3722 1275 εἶχον
3754 1207 3847 1260 καὶ
3874 1208 3978 1278 τὴν

2406 1289 2618 1359 αἵρεσιν
2645 1289 2743 1359 τὴν
2761 1290 2855 1342 τοῦ
2887 1291 3316 1363 Ἀρτζιϐουρίου,
3358 1294 3540 1357 καλῶς
3579 1297 3794 1351 ποιοῦσι
3823 1299 3980 1353 λύον-

2405 1398 2497 1443 τες
2522 1381 2744 1436 ἆπασαν
2771 1382 3008 1451 ὑποψίαν
3026 1399 3041 1413 ο
3065 1383 3112 1435 εί
3135 1383 3195 1437 δέ
3231 1387 3413 1439 πιστοὶ
3442 1387 3711 1457 ὀρθόδοξοί
3739 1392 3844 1443 είσι
3878 1394 3979 1446 καὶ

2408 1472 2471 1522 ἐκ
2506 1471 2810 1540 προγόνων,
2845 1473 2925 1534 εἰς
2957 1472 3133 1541 μάτην
3161 1475 3591 1541 προφασίζονται
3622 1478 3839 1540 λύοντες
3872 1483 3977 1549 τὴν

2404 1559 2679 1628 νηστείαν.
2734 1562 2964 1613 Ἐκεῖνοι
2997 1562 3106 1631 γὰρ
3138 1564 3492 1632 νηστεύουσιν
3531 1567 3659 1635 ὅλην
3692 1570 3792 1638 τὴν
3823 1570 3979 1624 ἐϐδο-

2408 1651 2573 1719 μάδα,
2604 1652 2756 1722 ἄρτῳ
2790 1652 2937 1721 μόνῳ
2956 1652 3303 1722 τρεφόμενοι,
3333 1654 3485 1707 ὕδατι
3512 1656 3668 1710 ἅλατί
3688 1675 3777 1710 τεο
3812 1663 3979 1728 ἡμεῖς

2407 1741 2461 1794 δὲ
2491 1742 2837 1811 καταλύομεν
2889 1742 2985 1796 ἀπ’
3016 1743 3187 1812 αὐτῆς
3233 1745 3332 1813 τῆς
3360 1745 3639 1816 δευτέρας.
3675 1750 3875 1803 Λοιπὸν
3906 1753 3976 1804 ἐκ

2404 1832 2595 1885 τούτου
2653 1833 2943 1901 δείκνυμεν
2990 1837 3064 1903 μὴ
3100 1837 3492 1901 κοινωνοῦντες
3523 1841 3818 1905 τοιούτοις·
3878 1845 3976 1896 καὶ

2405 1924 2583 1993 μάτην
2609 1925 3038 1993 προφασίζονται
3067 1922 3212 1981 οῦτοι
3244 1929 3334 1980 τὸν
3379 1929 3809 2001 Ἀρτςιϐούριον.

2475 2017 2555 2069 ιδ’.
2602 2017 2756 2069 Ἐπεὶ
2796 2018 2854 2070 δὲ
2899 2018 3092 2072 ἔλαθεν
3136 2022 3285 2090 ἡμᾶς
3329 2021 3588 2086 ὑπόθεσις
3645 2025 3821 2094 μικρά
3864 2045 3975 2091 τιςο

2401 2110 2732 2179 διασαφῆσαι
2781 2110 3011 2179 ἔρχομαι
3059 2114 3155 2164 κα)⁸
3202 2113 3332 2183 περὶ
3374 2116 3577 2184 ταύτης
3626 2115 3816 2178 οὕτως.
3861 2118 3979 2187 Τῆς

2401 2201 2629 2268 τυρινῆς
2660 2201 2693 2266 ή
2732 2199 2969 2267 ἑϐδομὰς
2996 2200 3271 2269 λελυμένη
3296 2203 3554 2272 ὑπάρχει,
3582 2206 3675 2258 καὶ
3703 2208 3735 2274 ἡ
3777 2208 3977 2274 τετράς

2400 2289 2507 2342 τῶν
2538 2289 2779 2359 ἡμερῶν,
2814 2288 3078 2352 ὡσαύτως
3109 2291 3203 2344 καὶ
3242 2294 3273 2360 ἡ
3322 2292 3479 2361 ἕκτη.
3519 2295 3633 2347 Καὶ
3679 2296 3842 2348 πόθεν
3872 2297 3973 2364 δῆ-

2402 2381 2492 2433 λον
2520 2382 2765 2448 πὲφυκεν
2796 2380 2977 2445 τοῦτο,
3023 2381 3150 2451 εἴπῃ
3195 2400 3278 2445 τις
3319 2383 3487 2450 ῖσω;;
3534 2384 3863 2449 Ἰακωϐῖται,
3896 2385 3976 2447 ῶς

2404 2488 2558 2538 φασι,
2582 2470 2681 2540 τὴν
2715 2470 2983 2540 ἑϐδομάδα
3008 2476 3211 2544 ταύτην
3238 2475 3495 2541 δλὸαγνον
3519 2474 3850 2543 φυλάσσουσι
3878 2478 3977 2529 καὶ

2402 2562 2648 2630 καθαράν
2695 2562 2937 2625 τελείως,
2981 2564 3148 2631 ἄρτου
3192 2563 3355 2633 μόνου
3390 2569 3676 2633 γευόμενοι
3719 2568 3812 2617 καὶ
3838 2567 3975 2620 ῦδαο

2399 2672 2489 2717 τος
2517 2654 2721 2725 ὁμοίως
2743 2670 2758 2685 ⁸
2788 2654 2881 2706 καὶ
2909 2654 2998 2705 διὰ
3032 2653 3191 2706 τοῦτο
3223 2657 3250 2705 ὁ
3280 2656 3443 2715 καλὸς
3468 2658 3545 2725 τῷ
3571 2657 3683 2709 ὄντι
3719 2658 3973 2727 Νικηφὸο

2407 2765 2493 2818 ρος
2517 2750 2543 2799 ὁ
2579 2746 3201 2807 Κωνσταντινουπόλεως
3240 2747 3268 2798 δ
3300 2747 3477 2815 μέγας
3518 2747 3778 2817 ίεράρχης
3807 2766 3974 2800 κανο-

2404 2838 2567 2899 νικῶς
2597 2838 2885 2904 παρέδωκε
2917 2837 3009 2888 τοῦ
3042 2837 3331 2888 καταλύειν
3363 2837 3610 2901 ταύταις,
3640 2838 3975 2908 ἀνατρέπων

2401 2931 2468 2981 τά
2500 2930 2747 2997 δόγματα
2768 2927 3032 2996 αἱρέσεων
3058 2928 3166 2980 τῶν
3185 2928 3299 2989 δύο,
3321 2928 3415 2980 τοῦ
3456 2929 3718 2982 Ἰακώϐου
3744 2946 3803 2981 τε
3826 2931 3976 2999 φημὶ

2404 3020 2500 3071 σὺν
2534 3019 2627 3072 καὶ
2669 3021 2782 3081 τοῖς
2823 3016 3193 3088 Τετραδίταις.
3223 3021 3383 3074 Ὅθεν
3412 3021 3479 3073 τά
3516 3024 3849 3090 μοναστήρια
3878 3022 3975 3073 οῦ·-

730 3122 965 3175 ιοεμειεειε
994 3105 1160 3168 dicto,
1200 3115 1325 3158 tunc
1352 3105 1568 3159 demum
1597 3106 1661 3159 ad
1693 3120 2035 3160 communem
2059 3120 2300 3160 mensam
2331 3138 2339 3180 ε

2366 3129 2513 3182 ιτως
2557 3112 2770 3180 ἔχουσιν
2819 3110 2961 3176 ἔθος,
3010 3110 3108 3179 τὴν
3155 3111 3383 3179 ἐννάτην
3434 3111 3826 3180 πληρώσαντες
3877 3114 3975 3167 καὶ

730 3203 794 3252 ad
831 3214 983 3252 csum
1011 3198 1175 3261 casei,
1205 3198 1431 3266 piscium
1459 3207 1511 3251 et
1536 3205 1719 3266 petunt
1748 3197 1857 3250 vini
1891 3196 2242 3250 conveniendi
2282 3213 2298 3261 ;

733 3306 833 3344 nos
903 3303 1032 3342 vero
1090 3288 1235 3355 quod
1269 3286 1486 3357 quidem
1515 3288 1776 3357 scriptum
1810 3286 2135 3351 invenimus,
2170 3287 2302 3339 scri-

734 3383 945 3449 psimus
984 3396 998 3431 :
1030 3380 1074 3433 si
1113 3379 1233 3447 quis
1276 3388 1454 3431 autem
1484 3393 1586 3431 non
1611 3378 1802 3446 recipit
1844 3392 1943 3431 nec
1966 3378 2139 3431 credit
2174 3376 2299 3441 ista,

730 3477 871 3527 sicut
908 3472 1021 3525 vult
1076 3480 1128 3523 et
1185 3470 1325 3523 sicut
1383 3469 1457 3521 illi
1516 3471 1715 3537 placet,
1774 3470 1952 3523 abeat.
2027 3468 2300 3537 Adjiciain

734 3580 913 3620 tamen
944 3565 1085 3617 aliul
1158 3563 1301 3615 circa
1361 3563 1586 3613 alteram
1642 3560 2066 3623 hebdomadam,
2134 3575 2297 3628 quam

732 3659 973 3713 omnium
1015 3657 1338 3710 Sanctorum
1392 3653 1841 3722 cognominamus
1888 3668 2051 3721 quam
2080 3653 2299 3721 quidam

734 3754 875 3805 mala
920 3751 1232 3820 conjectura
1296 3749 1563 3817 planaque
1629 3747 1959 3814 ignorantia,
2024 3763 2133 3799 non
2181 3762 2300 3802 esse

734 3846 966 3898 solutam
1002 3843 1341 3896 existimant.
1379 3839 1492 3892 Divi
1529 3839 1673 3892 enim
1723 3839 1954 3908 apostoli
1984 3849 2039 3892 et
2082 3840 2301 3908 legisla-

734 3948 876 3989 tures
907 3934 1146 3985 omnium
1184 3947 1297 3983 eam
1333 3946 1453 3984 esse
1511 3931 1743 3984 solutam
1791 3931 2157 3999 scripserunt.
2192 3931 2298 3985 Sed

736 4034 873 4079 torte
908 4024 1297 4078 Gnosticorum
1352 4022 1548 4087 aliquis
1601 4023 1935 4076 contradicet
1970 4061 1985 4085 ,
2040 4022 2129 4075 ubi
2194 4024 2299 4077 hoc

736 4114 1152 4169 memoraverim
1205 4113 1454 4181 discipuli
1493 4112 1672 4176 verbi,
1708 4114 2047 4180 deposcens;
2111 4114 2299 4167 scdulo

736 4217 1009 4261 scrutetur
1037 4213 1090 4258 et
1121 4204 1221 4256 hoc
1256 4212 1403 4257 certe
1434 4202 1673 4255 inveniet
1705 4219 1719 4254 :
1753 4218 1860 4254 non
1890 4218 2115 4270 possum
2149 4203 2295 4256 cnim

733 4308 929 4352 iuncta
966 4298 1249 4366 speciatim
1282 4294 1577 4363 explicare.
1612 4292 1716 4357 Qui
1776 4308 1904 4346 vero
1960 4293 2296 4363 Seripturam

733 4393 962 4461 impigre
990 4398 1329 4454 scrutantur,
1372 4386 1667 4457 perfectam
1694 4402 1756 4442 ex
1804 4401 1866 4441 ea
1896 4388 2295 4443 convictionem

731 4485 1041 4555 acquirunt.

808 4766 893 4819 l5.
931 4763 1057 4816 llazc
1113 4761 1277 4830 igitur
1336 4760 1479 4814 inter
1512 4758 1687 4812 multa
1726 4749 1822 4811 tibi
1857 4773 2029 4827 pauca
2079 4758 2295 4829 scripsi.

742 4857 1027 4912 Testilicor
1075 4862 1253 4907 autem
1284 4861 1337 4905 et
1394 4850 1678 4905 certiorem
1734 4860 1784 4905 te
1830 4850 1970 4911 volo,
2029 4853 2199 4920 quod,
2252 4850 2297 4905 si

738 4949 926 5001 talium
957 4945 1194 5000 videaris
1229 4952 1436 5005 custos,
1466 4942 1776 4996 cautionem
1808 4943 2113 5009 interpono,
2155 4952 2299 4996 stare

735 5040 802 5094 ad
833 5040 1108 5094 dexteram
1137 5036 1460 5100 Salvatoris,
1496 5045 1549 5088 et
1607 5050 1730 5089 cum
1764 5036 1882 5104 ipso
1924 5051 2137 5103 unaquc
2172 5051 2297 5088 cum

738 5132 992 5184 omnibus
1047 5129 1295 5189 sanctis,
1358 5126 1678 5180 btereditare
1733 5141 1955 5193 regnum
2038 5126 2296 5178 ctelornm

737 5235 1106 5289 artcrnamquc
1164 5219 1325 5272 vitam
1416 5218 1678 5270 obtinere.
1739 5218 1872 5269 l-lcce
1925 5232 2088 5284 ergo,
2173 5216 2242 5268 [ili
2282 5258 2294 5281 ,

736 5316 1053 5384 petitionem
1106 5322 1250 5365 luam
1320 5326 1416 5378 pro
1486 5309 1693 5363 viribus
1753 5318 1806 5362 et
1865 5310 2117 5363 facultate
2179 5327 2296 5363 mea

736 5405 1001 5474 complevi
1027 5422 1040 5457 :
1070 5414 1121 5457 tu
1178 5405 1289 5456 scis
1320 5403 1464 5456 enim
1514 5416 1599 5454 me
1627 5416 1852 5469 prorsus
1896 5401 2212 5455 illiteratum
2244 5410 2298 5454 et

739 5498 805 5549 ad
863 5496 990 5549 talia
1028 5493 1333 5547 scribenda
1381 5492 1541 5561 plane
1593 5490 1804 5545 rudem.
1864 5489 1920 5543 Si
1953 5491 2096 5559 quod
2141 5491 2297 5558 juxta

739 5588 887 5641 vires
915 5587 993 5648 lit,
1031 5582 1141 5636 Deo
1176 5592 1389 5652 gratum
1428 5592 1537 5643 est,
1601 5582 1786 5649 accipe
1816 5591 1868 5634 et
1919 5592 1975 5633 tti
2038 5590 2293 5649 tanquam

736 5678 939 5733 bonum
976 5676 1150 5731 solam
1183 5676 1560 5729 intentionem.
1594 5674 1690 5727 Hic
1742 5675 1956 5727 tandem
2016 5674 2295 5743 proposito

739 5768 1085 5839 sermonique
1145 5765 1304 5823 linem
1363 5766 1692 5837 imponimus.
1758 5767 1811 5822 Si
1856 5767 1947 5821 tibi
2011 5767 2115 5822 sint
2183 5768 2296 5823 haec

2408 3203 2574 3271 ὕμνον
2607 3204 2705 3269 τῆς
2739 3202 2999 3271 ἑσπέρας,
3034 3200 3205 3263 οὕτως
3237 3203 3577 3271 εἰσέρχονται
3604 3202 3787 3254 λοιπὸν
3818 3206 3875 3255 ἐν
3905 3205 3974 3271 τῇ

2402 3296 2557 3364 κοινῇ
2597 3294 2868 3363 τραπέζῃ,
2901 3293 3066 3363 τυροῦ
3114 3293 3626 3361 μεταλαμϐάνοντες
3676 3293 3875 3361 ίχθύων
3910 3310 3975 3345 τε

2403 3386 2501 3439 καὶ
2549 3386 2720 3439 οἴνου.
2751 3386 2861 3438 Καὶ
2900 3386 3061 3453 ἡμεῖς
3111 3385 3211 3453 μὲν
3246 3382 3567 3452 ἐγράψαμεν
3611 3382 3685 3445 ὡς
3730 3381 3975 3449 εῦρομεν

2404 3477 2696 3546 ἐγγράφως
2724 3492 2739 3509 ·
2782 3477 2830 3528 εί
2878 3475 2933 3527 δέ
2979 3492 3065 3536 τις
3112 3475 3173 3526 οὐ
3225 3473 3510 3542 προσίεται
3556 3472 3676 3523 οὐδὲ
3727 3471 3975 3523 πιστεύει

2402 3568 2593 3631 ταῦτα,
2624 3567 2697 3629 ὡς
2737 3567 2879 3619 θέλει
2928 3567 3021 3618 καὶ
3070 3565 3142 3626 ὡς
3194 3564 3465 3632 βούλεται,
3522 3562 3693 3625 οὕτως
3734 3563 3828 3615 καὶ
3874 3580 3974 3615 πο-

2407 3658 2669 3727 ρευέσθω.
2717 3657 3017 3728 Προσθήσω
3051 3656 3227 3707 τοίνυν
3276 3656 3465 3724 ἓτερον
3499 3653 3565 3704 δι’
3613 3654 3779 3721 ἄλλην
3820 3653 3974 3705 ἐϐδο-

2406 3750 2570 3819 μάδα,
2599 3750 2665 3818 ἢν
2700 3750 2793 3800 καὶ
2835 3748 3251 3816 ἐπονομάζομεν
3291 3745 3390 3813 τὴν
3440 3743 3550 3795 τῶν
3594 3743 3793 3809 Ἀγίων
3838 3746 3972 3795 πάν-

2401 3855 2549 3894 τωνο
2610 3840 2755 3901 τινὲς
2804 3838 3284 3905 ὑπολαμϐάνοντες
3336 3835 3409 3904 μὴ
3461 3831 3603 3887 εἶναι
3649 3833 3972 3902 λελυμένην,

2403 3935 2589 3995 κακῶς
2624 3931 3060 3995 ὑποτοπάζοντες
3093 3931 3187 3981 καὶ
3216 3930 3352 3991 ὅλως
3376 3927 3720 3994 ἀγνοοῦντες.
3751 3927 3815 3979 Ol
3841 3926 3978 3977 θεῖοι

2403 4029 2511 4096 γὰρ
2543 4025 2835 4078 ἀπόστολοι
2863 4024 2958 4075 καὶ
2991 4022 3279 4091 νομοθέται
3312 4021 3528 4071 πάντων
3557 4020 3653 4070 καὶ
3687 4019 3814 4085 περὶ
3837 4021 3972 4070 ταύ-

2399 4138 2498 4187 της
2532 4118 2780 4187 ἔγραψαν
2814 4116 2910 4167 τοῦ
2962 4110 3103 4167 εἶναι
3153 4112 3474 4182 λελυμένην.
3524 4110 3664 4163 Ἀλλ’
3706 4110 3835 4169 ἴσως
3882 4113 3974 4162 ἀν-

2412 4210 2757 4281 τιφθέγξοιτὸ
2783 4226 2866 4272 τις
2896 4207 3003 4260 τῶν
3041 4204 3525 4272 γνωστικωτέρων,
3566 4204 3662 4255 καὶ
3698 4202 3807 4255 Ποῦ
3840 4203 3971 4254 ταύ⁹

2404 4322 2501 4373 της
2518 4303 2868 4371 ἐμνήσθησαν
2896 4300 2946 4352 οἱ
2972 4299 3211 4367 μαθηταὶ
3239 4297 3330 4349 τοῦ
3355 4297 3527 4363 Λόγου
3552 4312 3568 4360 ;
3604 4297 3974 4365 Ἐρευνησάτο·

2405 4393 2651 4464 ἀκριϐῶς
2690 4392 2784 4443 καὶ
2814 4390 3031 4451 πάντως
3074 4388 3211 4457 εὕρῃ
3243 4386 3404 4439 τοῦτο
3431 4402 3445 4415 ’
3480 4386 3727 4439 ἀδυνατῶ
3770 4385 3880 4455 γάρ
3920 4388 3975 4441 ἐν

2332 4459 2379 4514 D
2410 4485 2593 4553 λεπτῷ
2624 4484 2800 4537 πάντα
2829 4480 3225 4533 ἀναδιδάσκειν.
3257 4478 3322 4531 Οἱ
3349 4479 3403 4532 δὲ
3435 4477 3863 4546 φιλοπονώτερον
3877 4480 3974 4544 τὴν

2413 4578 2637 4648 Γραφὴν
2686 4573 3012 4644 ἐρευνῶντες
3056 4569 3429 4641 πληροφορίαν
3490 4569 3747 4621 λαϐοῦσιν
3786 4569 3845 4632 ἐξ
3874 4572 3972 4622 αὑο

2411 4672 2507 4739 τῆς
2535 4671 2635 4738 τὴν
2668 4668 2903 4719 τελείαν.

2484 4766 2564 4815 ιε’.
2598 4758 2785 4811 Ταῦτά
2811 4775 2892 4810 σοι
2912 4755 3087 4808 τοίνυν
3112 4754 3327 4821 ἔγραψα
3350 4755 3413 4805 ὲκ
3440 4754 3548 4805 τῶν
3571 4753 3777 4806 πολλῶν
3798 4754 3958 4820 ὀλίγα

2425 4850 2564 4903 Ἀλλ’
2596 4849 2688 4902 οῦν
2733 4847 3175 4920 διαμαρτύρομαι
3214 4848 3307 4898 καὶ
3343 4845 3548 4912 βεϐαιῶ
3597 4862 3677 4897 σοι
3707 4848 3887 4909 τοῦτο,
3930 4848 3975 4898 εἰ

2410 4943 2616 4995 τούτων
2647 4940 2825 5010 φύλαξ
2867 4956 2926 4991 τε
2957 4941 3154 5007 φανῇς,
3189 4936 3472 5005 ἐγγυῶμαι
3510 4954 3591 4988 σοι
3621 4936 3817 4999 ταῦτα,
3850 4937 3975 4988 στά·

2413 5052 2547 5097 σεως
2574 5034 2673 5101 τῆς
2703 5035 2763 5085 ἐκ
2787 5031 2975 5095 δεξιῶν
3007 5029 3103 5083 τοῦ
3140 5031 3385 5097 Σωτῆρος
3427 5031 3610 5097 τυχεῖν
3640 5045 3720 5087 σε,
3754 5029 3849 5079 καὶ
3882 5028 3977 5080 σὺν

2412 5124 2560 5193 αὑτῷ
2617 5124 2972 5192 κληρονομεῖν
3003 5121 3098 5173 καὶ
3154 5121 3285 5172 πᾶσι
3333 5122 3446 5179 τοῖς
3474 5119 3651 5184 ἁγίοις
3699 5117 3977 5185 βασιλείαν

2409 5216 2517 5266 τῶν
2567 5213 2814 5282 οὐρανῶν
2854 5212 2947 5263 καὶ
2999 5210 3145 5278 ζωὴν
3202 5211 3303 5276 τὴν
3362 5210 3574 5276 ἀγήρω.
3616 5208 3746 5260 Ἰδοὺ
3796 5208 3977 5258 τοῖνυν

2412 5304 2752 5372 πεπλήρωκα
2796 5301 2893 5369 τὴν
2946 5300 3161 5367 αἴτησίν
3206 5316 3326 5361 σου,
3378 5298 3587 5358 τέκνον,
3628 5297 3703 5357 ῶς
3754 5296 3977 5359 ἐφικτὸν

2409 5395 2617 5464 ὑπῆρχέ
2679 5409 2769 5461 μοι
2811 5393 2903 5443 καὶ
2953 5390 3235 5457 δυνάμεως
3285 5385 3452 5456 εἶχον.
3504 5387 3576 5439 Σὺ
3632 5386 3740 5454 γάρ
3792 5386 3977 5448 καλῶς

2408 5487 2699 5538 ἐπίστασαι
2724 5484 2785 5534 τὸ
2818 5483 3050 5551 πάμπαν
3084 5479 3322 5550 ἄμουσόν
3359 5496 3459 5545 μου
3492 5478 3585 5530 καὶ
3608 5478 3741 5538 ὅλως
3778 5478 3974 5529 ἰδιωτι-

2407 5578 2501 5630 κὸν
2534 5577 2669 5644 πρὸς
2702 5577 2763 5627 τὸ
2802 5574 3028 5627 τοιαῦτα
3062 5573 3319 5643 γράφειν.
3351 5572 3410 5622 ΕΞ
3440 5570 3495 5622 δὲ
3546 5570 3607 5621 τὸ
3637 5571 3778 5621 κατὰ
3817 5568 3975 5621 δύνα-

2408 5690 2499 5741 μιν
2529 5672 2680 5741 φίλον
2706 5669 2823 5740 Θεῷ
2854 5671 3114 5740 ὑπάρχει,
3137 5665 3285 5729 δέξαι
3316 5664 3410 5717 καὶ
3444 5665 3507 5716 σὺ
3547 5664 3621 5725 ὠς
3642 5660 3850 5729 ἀγαθὸν
3873 5663 3973 5728 τὴν

2406 5767 2722 5837 προαίρεσιν
2779 5765 2964 5834 μόνην.
3022 5760 3286 5816 Ἐνταῦθα
3333 5759 3598 5825 σταίημεν
3639 5756 3823 5808 λοιπὸν
3875 5754 3969 5807 τοῦ
