4208 6432
184 356 296 418 405

1595 352 2029 417 ANONYMUS.

3329 354 3433 417 406

184 461 395 516 σκοποῦ
429 462 523 515 καὶ
566 457 662 512 τοῦ
707 460 887 527 λόγου.
922 458 984 511 Ei
1027 457 1127 528 μὲν
1162 456 1466 512 ἀποδεκτέα
1512 474 1616 521 σοι,
1651 458 1771 532 Θεῷ

1813 472 1845 528 Α
1876 461 2250 532 acceptabilia,
2282 463 2333 515 in
2374 461 2477 516 hoc
2524 461 2632 516 Deo
2686 461 2891 532 gratias
2941 480 2953 516 :
2987 461 3033 517 si
3069 476 3198 516 vero
3232 463 3430 531 saepius

184 554 349 623 χάρις
382 556 438 606 ὲν
464 552 641 623 τούτῳ
666 569 680 583 ⁸
727 555 773 604 εἰ
805 551 861 605 δὲ
890 550 1149 614 πολλάκις
1182 551 1439 622 φορτικὰ,
1473 551 1549 614 ὡς
1583 551 1761 620 βούλει

182 650 374 701 λοιπὸν
406 652 638 719 πρᾶττε.
695 648 754 701 Ὀ
785 648 841 702 δὲ
870 648 980 701 τῶν
1012 649 1230 701 πάντων
1260 647 1467 717 Κύριος
1513 648 1608 700 καὶ
1633 645 1766 709 Θεὸς

185 743 285 795 καὶ
315 743 597 809 Δεσπότης
628 743 656 793 ὁ
691 740 860 792 Θέλων
894 740 1105 800 πάντας
1147 737 1418 800 σώζεσθαι
1451 737 1541 791 διὰ
1581 737 1769 806 φιλαν-

184 833 464 901 θρωπίαν,
502 831 667 893 αὐτὸς
707 832 803 885 καὶ
836 832 897 884 σὲ
930 828 1172 901 στηρίξει
1212 832 1270 882 ὲν
1309 829 1648 901 ἀγαθοεργίᾳ
1676 828 1770 882 τοῦ

183 924 490 993 πληρωτὴν
531 924 787 990 γενέσθαι
834 940 893 974 σε
928 922 1035 975 τῶν
1079 922 1243 974 αὐτοῦ
1274 922 1647 991 ὲνταλμάτων,
1678 923 1773 975 καὶ

187 1014 477 1081 βασιλείας
523 1014 771 1083 οὐρανῶν
820 1014 1052 1081 ὀφθῆναι
1091 1013 1430 1083 κληρονόμον
1470 1016 1526 1066 ὲν
1551 1013 1774 1083 Χριστῷ

183 1102 266 1171 τῷ
305 1103 501 1172 Κυρίῳ
540 1120 665 1171 μου,
711 1096 754 1171 ᾧ
799 1104 832 1172 ἡ
882 1102 1009 1169 δόξα
1058 1103 1150 1155 καὶ
1197 1103 1396 1173 κράτος
1440 1103 1519 1165 εἰς
1569 1104 1772 1165 αἰῶνας

184 1192 409 1248 αἰώνων
444 1212 505 1246 τε
536 1196 627 1247 καὶ
655 1195 748 1248 ἐπὶ
784 1193 1024 1249 αἰώνων.
1070 1196 1269 1267 ’Δμήν.

1872 568 2124 620 onerosa,
2150 556 2214 607 de
2236 562 2431 609 caetero
2454 555 2595 609 sicut
2628 554 2706 608 vis
2737 569 2855 624 age.
2888 554 3223 608 Cunctorum
3250 564 3429 607 autem

1875 648 2136 705 Dominus
2171 656 2226 700 et
2258 646 2399 701 Deus
2430 648 2773 718 omnipotens
2800 648 3018 717 qui,pro
3043 647 3309 702 charitate
3335 662 3432 701 sua

1877 737 1992 791 vult
2023 753 2212 794 omnes
2246 736 2311 791 ad
2344 737 2573 792 salutem
2612 739 2821 801 venire,
2853 737 2970 811 ipse
3015 750 3066 793 te
3093 736 3434 794 confirmabit

1871 829 1924 883 in
1946 831 2256 898 operatione
2274 828 2399 884 boni
2420 831 2484 884 ad
2509 820 2915 907 exsequendum
2948 831 3118 899 ipsius
3146 840 3432 900 praecepta,

1873 931 1934 975 ut
1965 922 2061 976 tias
2094 924 2242 992 regni
2274 923 2536 977 caelorum
2602 923 2770 978 haires
2831 924 2884 979 in
2930 920 3149 976 Christo
3204 921 3435 975 Domino

1872 1030 2014 1077 meo,
2048 1013 2132 1067 cui
2185 1014 2353 1083 gloria
2385 1024 2439 1069 et
2470 1022 2710 1085 potestas
2756 1014 2808 1067 in
2866 1014 3064 1071 saecula
3112 992 3433 1072 sreculorum

1872 1112 1926 1159 ct
1962 1106 2126 1160 ultra.
2154 1108 2346 1161 Amen.
2623 1094 2631 1099 ’

260 1289 351 1365 Ea:
385 1292 815 1365 codiceCoUegii
846 1293 1157 1365 ercarnmr
1175 1295 1228 1346 in
1265 1294 1406 1347 alma
1444 1295 1573 1347 urbe
1610 1295 1941 1365 desumplum
1983 1316 2014 1350 a
2065 1313 2143 1350 me
2181 1297 2280 1364 fuit
2330 1297 2623 1363 prmredens
2660 1294 2987 1363 opusculum.
3020 1293 3083 1346 In
3114 1295 3220 1365 alio
3264 1303 3437 1365 autem

184 1360 434 1434 ejusdem
462 1360 682 1431 Collegii
716 1363 891 1434 codice
941 1364 1194 1434 ηοηηιιίία
1234 1365 1462 1434 analoga
1508 1360 1974 1430 deprehendebam.
2024 1360 2308 1433 Postquam
2331 1360 2486 1418 enim
2532 1367 2595 1417 de
2626 1360 2791 1417 tribus
2845 1364 3065 1431 jejuniis
3122 1363 3438 1416 solemnibus

186 1440 373 1483 actum
405 1431 529 1499 fuit,
566 1443 691 1484 ante
720 1432 949 1493 Pascha,
981 1444 1101 1485 ante
1130 1432 1372 1501 Deipara:
1398 1431 1710 1497 transitum,
1741 1446 1792 1489 et
1825 1446 1945 1489 ante
1982 1431 2204 1489 Natalia
2239 1436 2472 1501 Domini,
2505 1436 2579 1487 sic
2604 1436 2771 1503 pergit
2812 1444 2997 1487 auctor
3040 1450 3333 1502 anonymus
3369 1448 3388 1486 :

262 1524 349 1577 Τὰ
381 1525 544 1594 ὅμοια
574 1525 768 1579 τούτου
808 1527 901 1579 καὶ
941 1528 1196 1599 Ἰωάννης
1238 1529 1266 1580 ὁ
1294 1529 1530 1592 Νικαίας
1570 1547 1773 1600 μητρο-

194 1615 427 1682 πολίτης
455 1615 622 1682 φησὶν
673 1617 731 1668 ἐν
771 1618 837 1686 τῇ
878 1617 1014 1686 πρὸς
1060 1619 1151 1672 τὸν
1182 1620 1469 1673 καθολικὸν
1494 1620 1603 1671 τῶν
1645 1620 1774 1692 Ἀρ-

1946 1529 2085 1584 Iluic
2113 1530 2309 1583 similia
2340 1531 2579 1583 Joannes
2594 1544 2812 1598 quoque
2853 1526 3064 1582 Nicmus
3093 1526 3438 1595 metmpolita

1875 1619 2010 1673 dixit
2038 1622 2090 1673 in
2115 1619 2341 1685 epistola
2369 1621 2432 1673 ad
2467 1620 2762 1673 concilium
2797 1619 3180 1672 Armeniorum
3215 1618 3438 1686 soripta.

194 1704 403 1773 μενίων
450 1706 726 1776 γραφείσῃ
765 1708 1043 1779 ἐπιστολῇ.
1093 1710 1150 1763 '0
1207 1709 1262 1789 δὲ
1304 1710 1606 1789 ἁγιώτατος
1670 1729 1774 1765 πα-

1813 1739 1849 1796 Β
1880 1712 2271 1766 Sanctissimus
2325 1720 2506 1766 autem
2536 1710 2847 1781 patriarcha
2889 1709 3441 1777 Constantinopoleos

190 1797 467 1867 τριάρχης
542 1799 1176 1864 Κωνσταντινουπόλεως
1249 1801 1438 1872 κύριος
1506 1802 1775 1864 Νικόλαος

192 1891 487 1959 ἠρωτήθη,
528 1892 622 1943 ἐπὶ
656 1894 874 1946 συνόδου
912 1895 1330 1965 προκαθήμενος
1362 1894 1513 1965 παρὰ
1549 1895 1657 1947 τῶν
1686 1912 1809 1977 μοη

192 1985 380 2054 ναχῶν
419 1986 513 2039 τοῦ
548 1986 735 2054 Ἀγίου
779 1989 963 2060 ὅρους,
991 1991 1039 2040 εί
1071 1988 1177 2061 χρὴ
1216 1988 1496 2059 νηστεύειν
1521 1990 1779 2059 νηστείαν

196 2077 307 2145 πρὸ
335 2077 441 2143 τῆς
465 2080 780 2148 κοιμήσεως
817 2080 917 2151 τῆς
948 2082 1304 2149 πανυμνήτου
1347 2080 1613 2134 Θεοτόκου
1638 2095 1651 2110 ⁸
1684 2083 1780 2134 καὶ

193 2169 464 2235 ἐξέδωκεν
486 2171 657 2233 οὕτως
688 2174 1001 2245 ἐγγράφως.
1025 2173 1172 2243 Αὕτη
1196 2172 1264 2246 ἦν
1277 2174 1503 2243 νηστεία
1516 2177 1779 2244 πρότερον

194 2265 253 2314 ἐν
274 2263 356 2331 τῷ
395 2264 577 2334 καιρῷ
605 2265 782 2336 τούτῳ
803 2266 896 2319 τοῦ
934 2267 1267 2335 Αὐγούστου,
1290 2267 1554 2338 μετετέθη
1586 2268 1640 2321 δὲ
1692 2267 1781 2321 διὰ

192 2356 257 2406 τὸ
284 2357 674 2425 παραπίπτειν
719 2361 840 2420 ταῖς
872 2360 1015 2412 κατὰ
1055 2359 1150 2411 τὸν
1187 2361 1379 2429 καιρὸν
1421 2361 1609 2414 τοῦτον
1637 2378 1784 2429 γινο-

198 2450 397 2517 μέναις
422 2450 664 2513 ἐθνικαῖς
688 2452 991 2521 νηστείαις.
1020 2452 1164 2522 Πλὴν
1191 2455 1283 2506 καὶ
1305 2454 1385 2507 ἔτι
1407 2454 1505 2525 τὴν
1526 2455 1782 2523 νηστείαν

195 2542 412 2611 ταύτην
440 2543 791 2613 φυλάσσομεν
835 2546 925 2597 καὶ
973 2546 1339 2615 νηστεύομεν·
1377 2545 1517 2599 ὥστε
1553 2550 1615 2600 ὲκ
1657 2546 1783 2599 τού-

197 2651 295 2687 του
342 2634 508 2703 δῆλόν
538 2638 675 2699 ἐστι,
709 2637 891 2699 καθὼς
936 2638 1168 2709 ἔφημεν,
1210 2639 1293 2691 ὅτι
1333 2642 1431 2707 μία
1470 2636 1539 2710 ἦν
1574 2642 1606 2708 ὴ
1634 2642 1782 2694 πᾶσα

196 2727 432 2795 νηστεία
466 2728 498 2796 ὴ
534 2730 675 2796 μετὰ
696 2731 796 2799 τὴν
832 2730 963 2799 μίαν
990 2730 1090 2800 τῆς
1123 2737 1165 2785 ν’
1205 2731 1473 2801 ἑϐδομάδα
1523 2732 1655 2801 ἄχρι
1684 2732 1784 2801 τῆς

199 2820 540 2887 Κοιμήσεως
572 2820 976 2889 τῆς·Θεοτόκου
1004 2838 1015 2849 ·
1053 2823 1156 2875 ὑπὸ
1186 2823 1241 2876 δὲ
1266 2823 1373 2876 τῶν
1405 2824 1576 2891 ἁγίων
1614 2824 1786 2877 Πατέ-

202 2928 315 2979 ρων
351 2912 444 2964 διὰ
472 2912 789 2981 οἰκονομίαν
816 2914 1076 2982 ἐξεκόπη.
1124 2914 1406 2985 Ἐτυπὼθη
1441 2917 1496 2969 δὲ
1533 2918 1660 2987 ἄχρι
1685 2916 1788 2984 τῆς

200 3004 401 3073 ἑορτῆς
418 3005 529 3057 τῶν
561 3001 762 3073 Ἀγίων
802 3007 1143 3060 Ἀποστόλων
1166 3009 1449 3078 νηστεύειν
1471 3025 1484 3040 ο
1501 3007 1787 3073 εἷθόὖτως

202 3095 484 3147 ἐπιλύειν·
526 3095 720 3149 ἔπειτα
771 3097 867 3151 ἀπ’
901 3098 1089 3174 ’ἀρχῆς
1137 3099 1449 3169 Αὐγούστου
1504 3102 1787 3170 νηστεύειν

203 3187 335 3257 ἄχρι
361 3188 465 3255 τῆς
492 3189 826 3259 Κοιμήσεως
854 3190 953 3259 τῆς
996 3191 1262 3245 Θεοτόκου
1285 3210 1303 3227 ο
1348 3194 1442 3246 καὶ
1480 3194 1642 3247 πάλιν
1670 3195 1787 3248 δια-

204 3279 378 3333 λύειν.
398 3279 467 3341 Τί
492 3277 588 3333 οὖν
611 3281 909 3352 ἐμέλλομεν
935 3286 1127 3350 ποιεῖν,
1161 3286 1210 3337 εί
1242 3286 1550 3349 ἀδιακόπως
1578 3286 1784 3359 ταύτην

204 3371 623 3441 ἑνηστεύομεν;
672 3373 853 3443 Ἔχεις
903 3369 996 3429 οὖν
1038 3377 1066 3429 ὀ
1109 3376 1468 3446 ἀμφιϐάλλων
1504 3382 1636 3450 περὶ
1682 3381 1790 3434 τῶν

206 3462 472 3515 τοιούτων
505 3465 771 3533 νηστειῶν
830 3466 932 3537 τὴν
975 3468 1280 3537 μαρτυρίαν
1314 3471 1378 3522 ἐκ
1417 3469 1526 3524 τῶν
1557 3471 1791 3525 ἀποστο-

209 3554 381 3609 iuva
426 3556 526 3609 καὶ
568 3558 987 3629 πατριαρχικῶν
1034 3562 1383 3631 παραδόσεων
1410 3579 1424 3594 ·
1463 3565 1556 3617 καὶ
1606 3564 1791 3617 λοιπὸν

215 3648 290 3715 μὴ
318 3648 625 3717 ἀμφίϐαλε,
658 3650 744 3703 ἵνα
768 3651 844 3722 μὴ
871 3652 1212 3724 κατακριοῇς
1234 3653 1310 3717 ὡς
1336 3654 1660 3725 παραϐάτης
1686 3657 1794 3709 τῶν

213 3740 378 3793 Θείων
411 3741 717 3808 διατάξεων
748 3744 845 3813 (1).

1876 1807 2129 1862 dominus
2154 1804 2435 1868 Nicolaus,
2468 1805 2675 1873 synodo
2701 1802 3016 1871 praesidens,
3075 1801 3442 1869 interrogatus

1875 1908 1958 1953 est
1988 1913 2018 1953 a
2046 1899 2327 1954 monachis
2373 1898 2523 1952 Sacri
2561 1898 2760 1951 montis
2806 1911 2933 1949 num
2970 1902 3094 1948 ante
3146 1893 3445 1947 Dormitio-

1879 2006 2001 2045 nem
2028 1992 2355 2048 venerabilis
2394 1990 2635 2059 Deipara:
2682 1991 2751 2043 sit
2807 1988 3184 2057 jejunandum.
3238 1986 3304 2041 Et
3360 1986 3443 2041 sic

1881 2084 2102 2139 tradidit
2137 2083 2401 2153 scriptum
2432 2102 2445 2136 :
2502 2082 2618 2137 Hoc
2641 2082 2912 2151 jejunium
2939 2081 3176 2147 primum
3196 2088 3313 2133 erat
3338 2078 3444 2132 hoc

1880 2177 2114 2246 Augusti
2142 2186 2405 2245 tempore,
2437 2176 2528 2229 sed
2558 2184 2778 2245 prOpter
2804 2174 3084 2242 gentilium
3110 2169 3316 2241 jejunia
3346 2171 3447 2225 hoc

1882 2276 2124 2337 tempore
2151 2268 2492 2323 occurrentia
2549 2269 2866 2322 translatum
2910 2273 3013 2321 est.
3065 2266 3315 2320 Attamen
3345 2265 3449 2319 hoc

1877 2358 2145 2429 jejunium
2176 2361 2533 2416 observamus
2565 2360 2742 2416 adhuc
2794 2367 2846 2413 et
2898 2357 3254 2425 jejunamus;
3305 2354 3448 2409 unde

1883 2451 2236 2505 manifestum
2268 2460 2494 2520 apparet
2542 2451 2707 2519 quod,
2744 2458 2802 2503 ut
2831 2448 3092 2510 diximus,
3138 2461 3303 2501 unum
3334 2453 3451 2500 erat

1883 2555 2111 2608 prorsus
2147 2540 2420 2610 jejunium
2472 2548 2597 2609 post
2649 2554 2811 2593 unam
2851 2539 3206 2593 Pentecostes
3245 2537 3452 2592 hebdo-

1885 2632 2097 2687 madam
2140 2648 2312 2702 usque
2367 2634 2433 2687 ad
2491 2632 2887 2687 Dormitionem
2946 2633 3237 2701 Deiparaa;
3288 2629 3381 2685 sed
3421 2642 3451 2681 ιι

1887 2726 2091 2779 sanctis
2140 2723 2393 2778 Patribus
2436 2738 2532 2792 per
2597 2722 2956 2777 oeconomiam
2999 2730 3263 2777 resectum
3307 2719 3451 2775 fuit:

1886 2825 2152 2871 statutum
2212 2826 2390 2871 tamen
2444 2826 2526 2871 cst
2558 2831 2732 2885 usque
2773 2817 2841 2870 ad
2892 2814 3088 2869 festum
3119 2815 3446 2868 Sanctorum

1887 2908 2271 2977 Apostolorum
2292 2908 2590 2977 jejunium;
2617 2907 2814 2962 deinde
2832 2906 3156 2963 cessandum
3181 2922 3194 2968 ;
3217 2904 3445 2971 posthac

1885 2998 2241 3069 jejunandum
2296 3001 2363 3054 ab
2409 3000 2564 3054 initio
2616 2998 2845 3068 Augusti
2901 3012 3073 3067 usque
3109 2997 3175 3050 ad
3211 2996 3454 3062 Deipara:

1813 3086 1857 3148 C
1892 3091 2304 3157 Dormitionem,
2355 3100 2409 3145 et
2440 3092 2620 3146 denuo
2654 3106 2775 3145 esse
2812 3090 3155 3144 solvendum.
3187 3087 3326 3154 Quid
3354 3087 3456 3157 igie-

1891 3194 1980 3238 tur
2003 3184 2179 3238 facere
2204 3184 2537 3239 debebamus
2587 3186 2630 3239 si
2689 3184 2791 3239 hoc
2827 3198 2933 3237 non
2982 3194 3288 3236 resccantes
3315 3180 3455 3250 jeju-

1894 3276 2203 3329 nahamus?
2247 3274 2325 3328 Ex
2349 3275 2725 3343 apostolorum
2777 3280 2833 3327 et
2864 3272 3296 3342 patriarcharum
3344 3280 3458 3324 tra-

1887 3367 2188 3422 ditionibus
2234 3368 2375 3420 circa
2430 3365 2556 3419 talia
2585 3364 2790 3434 jejunia
2830 3364 3204 3419 testimonium
3255 3360 3458 3431 ponde-

1890 3475 2013 3515 rare
2040 3468 2191 3527 potes
2236 3477 2249 3513 :
2287 3467 2545 3514 caeterum
2596 3474 2705 3513 non
2737 3459 2947 3523 hmsita,
2984 3473 3053 3512 ne
3084 3457 3230 3511 sicut
3273 3464 3456 3512 trans-

1892 3567 2110 3621 gressor
2135 3552 2443 3606 divinarum
2474 3551 2945 3621 praescriptionum
2980 3547 3384 3605 condemneris.

285 3883 599 3950 (I)Confer
648 3900 710 3939 ea
763 3902 883 3956 qua:
913 3887 1183 3942 habentur
1240 3888 1383 3957 apud
1431 3886 1781 3953 Cotelerium,

1821 3885 1900 3941 Μ.
1932 3888 1996 3941 Ε.
2034 3888 2120 3953 6.,
2155 3897 2191 3943 ι.
2229 3888 2290 3953 ll,
2320 3903 2373 3958 p.
2405 3887 2527 3953 495,
2565 3895 2683 3940 ett.
2712 3884 2798 3951 Ill,
2830 3899 2884 3954 p.
2954 3882 3079 3935 451.

215 4026 3455 4076 m

1471 4205 1642 4251 ANNO
1672 4205 1893 4251 DOMINI
1924 4208 2195 4252 CMXXIX.

1184 4387 1478 4566 AN
1491 4388 2452 4569 ONYMUS.

1651 4761 2039 4821 MONITUM.

1244 4930 1391 4993 (Aug.
1420 4927 1514 4976 Mat
1553 4928 1602 4975 in
1631 4926 1803 4989 Spicil.
1830 4928 1968 4975 llom.
1998 4934 2112 4976 tom.
2142 4926 2199 4987 V,
2222 4940 2268 4987 ρ.
2294 4924 2427 4986 598.)

296 5076 364 5133 In
396 5078 606 5131 duobus
637 5077 957 5146 bombycinis
988 5076 1314 5129 bibliotheca:
1357 5076 1621 5130 Vaticana:
1658 5077 1947 5140 codicibus,
1970 5076 2151 5131 Ottob.
2185 5076 2273 5139 77,
2308 5075 2352 5145 f.
2376 5075 2465 5139 2‘2,
2490 5086 2537 5127 et
2582 5073 2699 5127 Vat.
2728 5073 2888 5137 1455,
2923 5074 2964 5142 f.
3000 5074 3121 5127 item
3166 5075 3236 5129 ‘25
3293 5077 3469 5146 (cujus

230 5186 405 5222 recens
443 5167 803 5233 apographum
835 5176 912 5219 est
940 5166 994 5218 in
1030 5165 1149 5218 Vat.
1183 5166 1343 5226 7H'5,
1375 5166 1416 5234 f.
1456 5166 1603 5235 550.)
1640 5167 1953 5234 deprehendi
1981 5165 2223 5219 ercum
2264 5164 2547 5231 ponii/irin:
2580 5163 2820 5215 historia:
2861 5163 3237 5231 fragmentum,
3264 5182 3379 5215 cum
3416 5182 3474 5217 eo

230 5256 492 5323 perbrevi,
528 5270 679 5323 quem
710 5255 919 5321 scripsi,
958 5254 1111 5306 titulo
1140 5255 1272 5323 Περὶ
1304 5254 1411 5305 τῶν
1448 5256 1654 5307 Πὰπων
1691 5256 1782 5306 ἀπὶ

1829 5254 1923 5307 τοῦ
1951 5251 2209 5322 χρονικοῦ
2249 5253 2321 5304 Dc
2353 5248 2520 5317 Papis
2556 5266 2618 5301 ex
2656 5249 2944 5302 Chronico.
2980 5247 3141 5316 Papit’
3168 5252 3397 5318 quidem,
3428 5259 3476 5302 et

232 5346 498 5397 interdum
529 5343 814 5409 antipapa’,
845 5342 941 5393 hoc
981 5342 1276 5411 fragmento
1307 5343 1817 5410 comprehenduntur
1871 5344 2142 5405 tredecim,
2176 5359 2204 5393 a
2239 5338 2493 5392 Formosa
2552 5340 2620 5390 ad
2679 5339 2951 5391 obtrnsnm
2991 5337 3251 5391 Joannem
3290 5341 3478 5391 decimi

235 5446 615 5484 successorem.
653 5429 889 5493 (i’idesis
931 5428 1571 5493 Bernardum'Guidonis,
1616 5448 1667 5499 p.
1708 5431 1998 5499 ἕξω-22³3..)
2050 5429 2332 5493 Quodnam
2381 5443 2499 5479 vero
2539 5427 2694 5494 fuerit
2737 5426 2871 5476 illud
2905 5424 3473 5487 Grn'cumchronicon,

236 5528 367 5571 unde
392 5521 490 5571 hoc
514 5518 970 5585 ἀποσπασμάτιον
1002 5527 1267 5584 ,ςιιςιιμᾷιιυι
1300 5532 1395 5581 est,
1438 5534 1616 5572 neuter
1640 5519 1782 5572 coclea

1836 5522 2182 5577 demonstrat,
2205 5518 2325 5585 quin
2346 5516 2595 5566 nimirum
2632 5517 2679 5565 in
2704 5524 2920 5581 utroque
2952 5514 3186 5565 misce/Ia
3213 5516 3476 5582 congeries

242 5617 313 5659 cst
370 5606 708 5657 diversarum
762 5622 955 5666 rerum,
1021 5622 1138 5674 qua:
1168 5606 1234 5658 ad
1279 5610 1476 5659 dictum
1511 5609 1795 5661 chronieon
1851 5607 1994 5659 nullo
2048 5609 2200 5660 modo
2249 5604 2528 5672 pertinent.
2572 5599 2843 5669 Reliquum
2895 5602 3055 5670 igitur
3088 5603 3212 5654 mihi
3246 5612 3385 5665 erat,
3423 5611 3477 5652 nt

246 5695 330 5745 Iioc
361 5694 747 5761 fragmentum,
805 5691 995 5745 bonum
1035 5710 1161 5747 sane
1235 5706 1389 5763 atque
1438 5698 1746 5765 pretiosum,
1790 5699 1913 5766 quia
1960 5699 2009 5749 in
2063 5698 2283 5751 obscura
2316 5709 2403 5746 seu
2430 5700 2565 5746 certe
2594 5689 2895 5742 turbulenta
2929 5692 3216 5758 ponti/irin:
3242 5692 3478 5744 historia:

248 5791 395 5848 parte
426 5787 695 5845 versatur,
731 5778 813 5833 hic
841 5780 1121 5835 lectoribus
1163 5782 1479 5839 exhiberem.
