  <div class='ocr_page' id='page_1' title='image "/cluster/home/n/w/nwhite01/storage/ocr_20150623/111/nnc1.0046979743/209.png"; bbox 0 0 4208 6432; ppageno 0'>
   <div class='ocr_carea' id='block_1_1' title="bbox 755 381 860 449">
    <p class='ocr_par' dir='ltr' id='par_1_1' title="bbox 755 381 860 449">
     <span class='ocr_line' id='line_1_1' title="bbox 755 381 860 449; baseline 0.019 -4"><span class='ocrx_word' id='word_1_1' title='bbox 755 381 860 449; x_wconf 70' lang='lat'><strong>407</strong></span> 
     </span>
    </p>
   </div>
   <div class='ocr_carea' id='block_1_2' title="bbox 2191 374 2539 436">
    <p class='ocr_par' dir='ltr' id='par_1_2' title="bbox 2191 374 2539 436">
     <span class='ocr_line' id='line_1_2' title="bbox 2191 374 2539 436; baseline 0.009 -3"><span class='ocrx_word' id='word_1_2' title='bbox 2191 374 2539 436; x_wconf 82' lang='grc' dir='ltr'><strong>ΑΝΟΝΥΜΙ</strong></span> 
     </span>
    </p>
   </div>
   <div class='ocr_carea' id='block_1_3' title="bbox 3877 371 3985 435">
    <p class='ocr_par' dir='ltr' id='par_1_3' title="bbox 3877 371 3985 435">
     <span class='ocr_line' id='line_1_3' title="bbox 3877 371 3985 435; baseline 0.019 -3"><span class='ocrx_word' id='word_1_3' title='bbox 3877 371 3985 435; x_wconf 71' lang='grc'><strong>408</strong></span> 
     </span>
    </p>
   </div>
   <div class='ocr_carea' id='block_1_4' title="bbox 1574 656 3157 772">
    <p class='ocr_par' dir='ltr' id='par_1_4' title="bbox 1574 656 3157 772">
     <span class='ocr_line' id='line_1_4' title="bbox 1574 656 3157 772; baseline -0.001 0"><span class='ocrx_word' id='word_1_4' title='bbox 1574 659 1977 772; x_wconf 87' lang='grc' dir='ltr'><strong>ΠΕΡΙ</strong></span> <span class='ocrx_word' id='word_1_5' title='bbox 2084 657 2418 770; x_wconf 87' lang='grc' dir='ltr'>ΤΩΝ</span> <span class='ocrx_word' id='word_1_6' title='bbox 2531 656 3157 771; x_wconf 86' lang='grc' dir='ltr'>ΠΑΠΩΝ</span> 
     </span>
    </p>
   </div>
   <div class='ocr_carea' id='block_1_5' title="bbox 1994 872 2732 929">
    <p class='ocr_par' dir='ltr' id='par_1_5' title="bbox 1994 872 2732 929">
     <span class='ocr_line' id='line_1_5' title="bbox 1994 872 2732 929; baseline -0.001 -2"><span class='ocrx_word' id='word_1_7' title='bbox 1994 873 2133 928; x_wconf 77' lang='grc' dir='ltr'><strong>ΑῐιΟ</strong></span> <span class='ocrx_word' id='word_1_8' title='bbox 2171 873 2308 929; x_wconf 87' lang='grc' dir='ltr'><strong>ΤΟΥ</strong></span> <span class='ocrx_word' id='word_1_9' title='bbox 2352 872 2732 928; x_wconf 81' lang='grc' dir='ltr'><strong>ΧΡΟΝΙΚΟΥ.</strong></span> 
     </span>
    </p>
   </div>
   <div class='ocr_carea' id='block_1_6' title="bbox 1456 1201 3268 1321">
    <p class='ocr_par' dir='ltr' id='par_1_6' title="bbox 1456 1201 3268 1321">
     <span class='ocr_line' id='line_1_6' title="bbox 1456 1201 3268 1321; baseline -0.002 -5"><span class='ocrx_word' id='word_1_10' title='bbox 1456 1205 1635 1316; x_wconf 90' lang='lat' dir='ltr'><strong>DE</strong></span> <span class='ocrx_word' id='word_1_11' title='bbox 1730 1202 2128 1314; x_wconf 88' lang='lat' dir='ltr'><strong>PAPIS</strong></span> <span class='ocrx_word' id='word_1_12' title='bbox 2220 1204 2405 1321; x_wconf 73' lang='lat' dir='ltr'><strong>EX</strong></span> <span class='ocrx_word' id='word_1_13' title='bbox 2488 1201 3268 1318; x_wconf 85' lang='lat' dir='ltr'><strong>CHRONICO.</strong></span> 
     </span>
    </p>
   </div>
   <div class='ocr_carea' id='block_1_7' title="bbox 823 1529 3157 1608">
    <p class='ocr_par' dir='ltr' id='par_1_7' title="bbox 823 1529 3154 1608">
     <span class='ocr_line' id='line_1_7' title="bbox 823 1529 3154 1608; baseline -0.005 -13"><span class='ocrx_word' id='word_1_14' title='bbox 823 1539 1119 1595; x_wconf 88' lang='lat' dir='ltr'><strong>Formosus</strong></span> <span class='ocrx_word' id='word_1_15' title='bbox 1163 1536 1450 1608; x_wconf 84' lang='lat' dir='ltr'><strong>episcopus</strong></span> <span class='ocrx_word' id='word_1_16' title='bbox 1514 1533 1754 1604; x_wconf 88' lang='lat' dir='ltr'><strong>primum</strong></span> <span class='ocrx_word' id='word_1_17' title='bbox 1810 1534 1914 1588; x_wconf 80' lang='lat' dir='ltr'><strong>fuit</strong></span> <span class='ocrx_word' id='word_1_18' title='bbox 1963 1533 2317 1597; x_wconf 82' lang='lat' dir='ltr'><strong>Portuensis,</strong></span> <span class='ocrx_word' id='word_1_19' title='bbox 2347 1538 2398 1594; x_wconf 79' lang='grc' dir='ltr'>Α</span> <span class='ocrx_word' id='word_1_20' title='bbox 2493 1538 2766 1607; x_wconf 76' lang='grc' dir='ltr'><strong>Φόρμοσος</strong></span> <span class='ocrx_word' id='word_1_21' title='bbox 2791 1534 3086 1596; x_wconf 74' lang='grc' dir='ltr'><strong>ἐπίσκοπος</strong></span> <span class='ocrx_word' id='word_1_22' title='bbox 3118 1529 3154 1603; x_wconf 83' lang='grc' dir='ltr'>ἦ</span> 
     </span>
    </p>
   </div>
   <div class='ocr_carea' id='block_1_8' title="bbox 2438 1529 3996 1608">
    <p class='ocr_par' dir='ltr' id='par_1_8' title="bbox 2493 1529 3996 1607">
     <span class='ocr_line' id='line_1_8' title="bbox 2493 1529 3996 1607; baseline -0.005 -18"><span class='ocrx_word' id='word_1_23' title='bbox 2493 1538 2766 1607; x_wconf 76' lang='grc' dir='ltr'><strong>Φόρμοσος</strong></span> <span class='ocrx_word' id='word_1_24' title='bbox 2791 1534 3086 1596; x_wconf 74' lang='grc' dir='ltr'><strong>ἐπίσκοπος</strong></span> <span class='ocrx_word' id='word_1_25' title='bbox 3118 1529 3186 1603; x_wconf 82' lang='grc' dir='ltr'><strong>ἦν</strong></span> <span class='ocrx_word' id='word_1_26' title='bbox 3209 1534 3270 1584; x_wconf 78' lang='grc' dir='ltr'><strong>τὸ</strong></span> <span class='ocrx_word' id='word_1_27' title='bbox 3297 1532 3560 1602; x_wconf 84' lang='grc' dir='ltr'><strong>πρότερον</strong></span> <span class='ocrx_word' id='word_1_28' title='bbox 3591 1531 3996 1600; x_wconf 77' lang='grc' dir='ltr'><strong>Πορτουένσης,</strong></span> 
     </span>
    </p>
   </div>
   <div class='ocr_carea' id='block_1_9' title="bbox 754 1623 2318 1691">
    <p class='ocr_par' dir='ltr' id='par_1_9' title="bbox 754 1623 2318 1691">
     <span class='ocr_line' id='line_1_9' title="bbox 754 1623 2318 1691; baseline -0.005 -10"><span class='ocrx_word' id='word_1_29' title='bbox 754 1627 945 1683; x_wconf 88' lang='lat' dir='ltr'><strong>deinde</strong></span> <span class='ocrx_word' id='word_1_30' title='bbox 989 1626 1166 1681; x_wconf 76' lang='lat' dir='ltr'><strong>iactus</strong></span> <span class='ocrx_word' id='word_1_31' title='bbox 1224 1635 1306 1680; x_wconf 90' lang='lat' dir='ltr'><strong>est</strong></span> <span class='ocrx_word' id='word_1_32' title='bbox 1365 1625 1550 1690; x_wconf 85' lang='lat' dir='ltr'><strong>Papa,</strong></span> <span class='ocrx_word' id='word_1_33' title='bbox 1611 1635 1664 1676; x_wconf 88' lang='lat' dir='ltr'><strong>et</strong></span> <span class='ocrx_word' id='word_1_34' title='bbox 1736 1623 2018 1691; x_wconf 76' lang='lat' dir='ltr'><strong>occupavit</strong></span> <span class='ocrx_word' id='word_1_35' title='bbox 2064 1624 2318 1676; x_wconf 91' lang='lat' dir='ltr'><strong>thronum</strong></span> 
     </span>
    </p>
   </div>
   <div class='ocr_carea' id='block_1_10' title="bbox 756 1713 2320 1788">
    <p class='ocr_par' dir='ltr' id='par_1_10' title="bbox 756 1713 2320 1788">
     <span class='ocr_line' id='line_1_10' title="bbox 756 1713 2320 1788; baseline -0.004 -15"><span class='ocrx_word' id='word_1_36' title='bbox 756 1733 928 1773; x_wconf 89' lang='lat' dir='ltr'><strong>annos</strong></span> <span class='ocrx_word' id='word_1_37' title='bbox 968 1718 1229 1788; x_wconf 85' lang='lat' dir='ltr'><strong>quinque,</strong></span> <span class='ocrx_word' id='word_1_38' title='bbox 1278 1730 1495 1770; x_wconf 89' lang='lat' dir='ltr'><strong>menses</strong></span> <span class='ocrx_word' id='word_1_39' title='bbox 1539 1728 1657 1769; x_wconf 81' lang='lat' dir='ltr'><strong>sex.</strong></span> <span class='ocrx_word' id='word_1_40' title='bbox 1691 1715 1790 1768; x_wconf 93' lang='lat' dir='ltr'><strong>Illo</strong></span> <span class='ocrx_word' id='word_1_41' title='bbox 1841 1723 2077 1778; x_wconf 89' lang='lat' dir='ltr'><strong>mortuo,</strong></span> <span class='ocrx_word' id='word_1_42' title='bbox 2113 1713 2320 1767; x_wconf 83' lang='lat' dir='ltr'><strong>vaeavit</strong></span> 
     </span>
    </p>
   </div>
   <div class='ocr_carea' id='block_1_11' title="bbox 758 1803 2322 1876">
    <p class='ocr_par' dir='ltr' id='par_1_11' title="bbox 758 1803 2322 1876">
     <span class='ocr_line' id='line_1_11' title="bbox 758 1803 2322 1876; baseline -0.006 -10"><span class='ocrx_word' id='word_1_43' title='bbox 758 1812 998 1866; x_wconf 79' lang='lat' dir='ltr'><strong>Ecclesia</strong></span> <span class='ocrx_word' id='word_1_44' title='bbox 1034 1810 1223 1863; x_wconf 90' lang='lat' dir='ltr'><strong>diebus</strong></span> <span class='ocrx_word' id='word_1_45' title='bbox 1252 1809 1385 1862; x_wconf 91' lang='lat' dir='ltr'><strong>satis</strong></span> <span class='ocrx_word' id='word_1_46' title='bbox 1416 1807 1618 1862; x_wconf 91' lang='lat' dir='ltr'><strong>multis.</strong></span> <span class='ocrx_word' id='word_1_47' title='bbox 1648 1805 1758 1861; x_wconf 89' lang='lat' dir='ltr'><strong>lste</strong></span> <span class='ocrx_word' id='word_1_48' title='bbox 1791 1808 2003 1876; x_wconf 76' lang='lat' dir='ltr'><strong>pictura</strong></span> <span class='ocrx_word' id='word_1_49' title='bbox 2038 1803 2322 1859; x_wconf 77' lang='lat' dir='ltr'><strong>renovavit</strong></span> 
     </span>
    </p>
   </div>
   <div class='ocr_carea' id='block_1_12' title="bbox 758 1894 2320 1966">
    <p class='ocr_par' dir='ltr' id='par_1_12' title="bbox 758 1894 2320 1966">
     <span class='ocr_line' id='line_1_12' title="bbox 758 1894 2320 1966; baseline -0.004 -10"><span class='ocrx_word' id='word_1_50' title='bbox 758 1911 927 1956; x_wconf 87' lang='lat' dir='ltr'><strong>totam</strong></span> <span class='ocrx_word' id='word_1_51' title='bbox 963 1899 1249 1955; x_wconf 76' lang='lat' dir='ltr'><strong>ecclesiam</strong></span> <span class='ocrx_word' id='word_1_52' title='bbox 1281 1899 1421 1952; x_wconf 85' lang='lat' dir='ltr'><strong>beati</strong></span> <span class='ocrx_word' id='word_1_53' title='bbox 1453 1897 1596 1951; x_wconf 85' lang='lat' dir='ltr'><strong>Petri</strong></span> <span class='ocrx_word' id='word_1_54' title='bbox 1630 1897 2001 1966; x_wconf 87' lang='lat' dir='ltr'><strong>apostolorum</strong></span> <span class='ocrx_word' id='word_1_55' title='bbox 2034 1894 2320 1964; x_wconf 77' lang='lat' dir='ltr'><strong>principis.</strong></span> 
     </span>
    </p>
   </div>
   <div class='ocr_carea' id='block_1_13' title="bbox 760 1985 2322 2060">
    <p class='ocr_par' dir='ltr' id='par_1_13' title="bbox 760 1985 2322 2060">
     <span class='ocr_line' id='line_1_13' title="bbox 760 1985 2322 2060; baseline -0.006 -12"><span class='ocrx_word' id='word_1_56' title='bbox 760 1995 867 2048; x_wconf 88' lang='lat' dir='ltr'><strong>Iste</strong></span> <span class='ocrx_word' id='word_1_57' title='bbox 897 1993 1025 2046; x_wconf 89' lang='lat' dir='ltr'><strong>olim</strong></span> <span class='ocrx_word' id='word_1_58' title='bbox 1064 2007 1156 2060; x_wconf 89' lang='lat' dir='ltr'><strong>per</strong></span> <span class='ocrx_word' id='word_1_59' title='bbox 1191 2000 1391 2044; x_wconf 91' lang='lat' dir='ltr'><strong>metum</strong></span> <span class='ocrx_word' id='word_1_60' title='bbox 1426 2003 1575 2057; x_wconf 70' lang='lat' dir='ltr'><strong>papae</strong></span> <span class='ocrx_word' id='word_1_61' title='bbox 1604 1987 1828 2042; x_wconf 83' lang='lat' dir='ltr'><strong>Joannis</strong></span> <span class='ocrx_word' id='word_1_62' title='bbox 1856 1987 2070 2055; x_wconf 79' lang='lat' dir='ltr'><strong>fugiens</strong></span> <span class='ocrx_word' id='word_1_63' title='bbox 2114 1985 2322 2054; x_wconf 88' lang='lat' dir='ltr'><strong>episco-</strong></span> 
     </span>
    </p>
   </div>
   <div class='ocr_carea' id='block_1_14' title="bbox 761 2076 2322 2150">
    <p class='ocr_par' dir='ltr' id='par_1_14' title="bbox 761 2076 2322 2150">
     <span class='ocr_line' id='line_1_14' title="bbox 761 2076 2322 2150; baseline -0.003 -16"><span class='ocrx_word' id='word_1_64' title='bbox 761 2092 947 2150; x_wconf 81' lang='lat' dir='ltr'><strong>patum</strong></span> <span class='ocrx_word' id='word_1_65' title='bbox 1001 2082 1355 2135; x_wconf 83' lang='lat' dir='ltr'><strong>Portuensem</strong></span> <span class='ocrx_word' id='word_1_66' title='bbox 1407 2079 1730 2146; x_wconf 89' lang='lat' dir='ltr'><strong>dereliquit;</strong></span> <span class='ocrx_word' id='word_1_67' title='bbox 1787 2087 1836 2131; x_wconf 90' lang='lat' dir='ltr'><strong>et</strong></span> <span class='ocrx_word' id='word_1_68' title='bbox 1887 2076 2104 2146; x_wconf 90' lang='lat' dir='ltr'><strong>quando</strong></span> <span class='ocrx_word' id='word_1_69' title='bbox 2133 2076 2322 2144; x_wconf 88' lang='lat' dir='ltr'><strong>jussus</strong></span> 
     </span>
    </p>
   </div>
   <div class='ocr_carea' id='block_1_15' title="bbox 759 2166 2321 2236">
    <p class='ocr_par' dir='ltr' id='par_1_15' title="bbox 759 2166 2321 2236">
     <span class='ocr_line' id='line_1_15' title="bbox 759 2166 2321 2236; baseline -0.006 -7"><span class='ocrx_word' id='word_1_70' title='bbox 759 2174 939 2229; x_wconf 75' lang='lat' dir='ltr'><strong>redire</strong></span> <span class='ocrx_word' id='word_1_71' title='bbox 968 2173 1164 2236; x_wconf 89' lang='lat' dir='ltr'><strong>noluit,</strong></span> <span class='ocrx_word' id='word_1_72' title='bbox 1200 2171 1693 2226; x_wconf 86' lang='lat' dir='ltr'><strong>anathematizatus</strong></span> <span class='ocrx_word' id='word_1_73' title='bbox 1738 2179 1838 2224; x_wconf 90' lang='lat' dir='ltr'><strong>est.</strong></span> <span class='ocrx_word' id='word_1_74' title='bbox 1891 2169 1994 2224; x_wconf 85' lang='lat' dir='ltr'><strong>Sed</strong></span> <span class='ocrx_word' id='word_1_75' title='bbox 2029 2166 2224 2222; x_wconf 81' lang='lat' dir='ltr'><strong>deinde</strong></span> <span class='ocrx_word' id='word_1_76' title='bbox 2267 2167 2321 2220; x_wconf 92' lang='lat' dir='ltr'><strong>in</strong></span> 
     </span>
    </p>
   </div>
   <div class='ocr_carea' id='block_1_16' title="bbox 759 2259 2324 2331">
    <p class='ocr_par' dir='ltr' id='par_1_16' title="bbox 759 2259 2324 2331">
     <span class='ocr_line' id='line_1_16' title="bbox 759 2259 2324 2331; baseline -0.004 -13"><span class='ocrx_word' id='word_1_77' title='bbox 759 2262 986 2318; x_wconf 84' lang='lat' dir='ltr'><strong>Galliam</strong></span> <span class='ocrx_word' id='word_1_78' title='bbox 1047 2261 1126 2331; x_wconf 60' lang='lat' dir='ltr'><strong>{ad</strong></span> <span class='ocrx_word' id='word_1_79' title='bbox 1186 2261 1384 2331; x_wconf 84' lang='lat' dir='ltr'><strong>Papam</strong></span> <span class='ocrx_word' id='word_1_80' title='bbox 1442 2277 1566 2316; x_wconf 90' lang='lat' dir='ltr'><strong>cum</strong></span> <span class='ocrx_word' id='word_1_81' title='bbox 1639 2261 1862 2325; x_wconf 89' lang='lat' dir='ltr'><strong>ivisset,</strong></span> <span class='ocrx_word' id='word_1_82' title='bbox 1925 2259 1991 2314; x_wconf 91' lang='lat' dir='ltr'><strong>ad</strong></span> <span class='ocrx_word' id='word_1_83' title='bbox 2059 2259 2324 2313; x_wconf 89' lang='lat' dir='ltr'><strong>laieorum</strong></span> 
     </span>
    </p>
   </div>
   <div class='ocr_carea' id='block_1_17' title="bbox 763 2351 2324 2423">
    <p class='ocr_par' dir='ltr' id='par_1_17' title="bbox 763 2351 2324 2423">
     <span class='ocr_line' id='line_1_17' title="bbox 763 2351 2324 2423; baseline -0.004 -12"><span class='ocrx_word' id='word_1_84' title='bbox 763 2355 1012 2411; x_wconf 81' lang='lat' dir='ltr'><strong>ordinem</strong></span> <span class='ocrx_word' id='word_1_85' title='bbox 1061 2355 1131 2409; x_wconf 89' lang='lat' dir='ltr'><strong>ab</strong></span> <span class='ocrx_word' id='word_1_86' title='bbox 1167 2353 1288 2423; x_wconf 87' lang='lat' dir='ltr'><strong>ejus</strong></span> <span class='ocrx_word' id='word_1_87' title='bbox 1339 2354 1599 2408; x_wconf 87' lang='lat' dir='ltr'><strong>tribunali</strong></span> <span class='ocrx_word' id='word_1_88' title='bbox 1633 2353 1874 2422; x_wconf 90' lang='lat' dir='ltr'><strong>dejectus</strong></span> <span class='ocrx_word' id='word_1_89' title='bbox 1919 2361 2022 2406; x_wconf 91' lang='lat' dir='ltr'><strong>est.</strong></span> <span class='ocrx_word' id='word_1_90' title='bbox 2061 2351 2324 2405; x_wconf 68' lang='lat' dir='ltr'><strong>Praeterea</strong></span> 
     </span>
    </p>
   </div>
   <div class='ocr_carea' id='block_1_18' title="bbox 755 2443 2324 2514">
    <p class='ocr_par' dir='ltr' id='par_1_18' title="bbox 755 2443 2324 2514">
     <span class='ocr_line' id='line_1_18' title="bbox 755 2443 2324 2514; baseline -0.005 -12"><span class='ocrx_word' id='word_1_91' title='bbox 755 2447 961 2513; x_wconf 76' lang='lat' dir='ltr'><strong>iuravit</strong></span> <span class='ocrx_word' id='word_1_92' title='bbox 990 2460 1274 2514; x_wconf 87' lang='lat' dir='ltr'><strong>nunquam</strong></span> <span class='ocrx_word' id='word_1_93' title='bbox 1307 2443 1536 2499; x_wconf 83' lang='lat' dir='ltr'><strong>Romam</strong></span> <span class='ocrx_word' id='word_1_94' title='bbox 1579 2445 1803 2510; x_wconf 89' lang='lat' dir='ltr'><strong>intrare,</strong></span> <span class='ocrx_word' id='word_1_95' title='bbox 1842 2458 2020 2511; x_wconf 91' lang='lat' dir='ltr'><strong>neque</strong></span> <span class='ocrx_word' id='word_1_96' title='bbox 2054 2443 2119 2496; x_wconf 87' lang='lat' dir='ltr'><strong>ad</strong></span> <span class='ocrx_word' id='word_1_97' title='bbox 2166 2456 2324 2495; x_wconf 90' lang='lat' dir='ltr'><strong>suum</strong></span> 
     </span>
    </p>
   </div>
   <div class='ocr_carea' id='block_1_19' title="bbox 759 2532 2330 2606">
    <p class='ocr_par' dir='ltr' id='par_1_19' title="bbox 759 2532 2330 2606">
     <span class='ocr_line' id='line_1_19' title="bbox 759 2532 2330 2606; baseline -0.004 -13"><span class='ocrx_word' id='word_1_98' title='bbox 759 2538 1134 2606; x_wconf 88' lang='lat' dir='ltr'><strong>episcopatum</strong></span> <span class='ocrx_word' id='word_1_99' title='bbox 1166 2537 1390 2590; x_wconf 80' lang='lat' dir='ltr'><strong>reverti.</strong></span> <span class='ocrx_word' id='word_1_100' title='bbox 1426 2535 1625 2590; x_wconf 85' lang='lat' dir='ltr'><strong>Deinde</strong></span> <span class='ocrx_word' id='word_1_101' title='bbox 1657 2551 1784 2590; x_wconf 82' lang='lat' dir='ltr'><strong>vero</strong></span> <span class='ocrx_word' id='word_1_102' title='bbox 1817 2551 1845 2590; x_wconf 92' lang='lat' dir='ltr'><strong>a</strong></span> <span class='ocrx_word' id='word_1_103' title='bbox 1892 2534 2138 2588; x_wconf 79' lang='lat' dir='ltr'><strong>Mariano</strong></span> <span class='ocrx_word' id='word_1_104' title='bbox 2165 2532 2330 2586; x_wconf 79' lang='lat' dir='ltr'><strong>Joan-</strong></span> 
     </span>
    </p>
   </div>
   <div class='ocr_carea' id='block_1_20' title="bbox 757 2625 2326 2697">
    <p class='ocr_par' dir='ltr' id='par_1_20' title="bbox 757 2625 2326 2697">
     <span class='ocr_line' id='line_1_20' title="bbox 757 2625 2326 2697; baseline -0.002 -15"><span class='ocrx_word' id='word_1_105' title='bbox 757 2629 845 2684; x_wconf 84' lang='lat' dir='ltr'><strong>nis</strong></span> <span class='ocrx_word' id='word_1_106' title='bbox 876 2643 1195 2683; x_wconf 88' lang='lat' dir='ltr'><strong>successore</strong></span> <span class='ocrx_word' id='word_1_107' title='bbox 1223 2627 1422 2697; x_wconf 87' lang='lat' dir='ltr'><strong>prioris</strong></span> <span class='ocrx_word' id='word_1_108' title='bbox 1445 2628 1740 2696; x_wconf 87' lang='lat' dir='ltr'><strong>juramenti</strong></span> <span class='ocrx_word' id='word_1_109' title='bbox 1773 2626 2047 2681; x_wconf 85' lang='lat' dir='ltr'><strong>contraria</strong></span> <span class='ocrx_word' id='word_1_110' title='bbox 2078 2625 2326 2694; x_wconf 87' lang='lat' dir='ltr'><strong>adeptus,</strong></span> 
     </span>
    </p>
   </div>
   <div class='ocr_carea' id='block_1_21' title="bbox 757 2715 2325 2784">
    <p class='ocr_par' dir='ltr' id='par_1_21' title="bbox 757 2715 2325 2784">
     <span class='ocr_line' id='line_1_21' title="bbox 757 2715 2325 2784; baseline -0.002 -12"><span class='ocrx_word' id='word_1_111' title='bbox 757 2735 868 2774; x_wconf 87' lang='lat' dir='ltr'><strong>non</strong></span> <span class='ocrx_word' id='word_1_112' title='bbox 908 2719 1086 2774; x_wconf 90' lang='lat' dir='ltr'><strong>solum</strong></span> <span class='ocrx_word' id='word_1_113' title='bbox 1121 2719 1351 2774; x_wconf 83' lang='lat' dir='ltr'><strong>Romam</strong></span> <span class='ocrx_word' id='word_1_114' title='bbox 1388 2733 1640 2773; x_wconf 87' lang='lat' dir='ltr'><strong>reversus</strong></span> <span class='ocrx_word' id='word_1_115' title='bbox 1669 2727 1776 2781; x_wconf 93' lang='lat' dir='ltr'><strong>est,</strong></span> <span class='ocrx_word' id='word_1_116' title='bbox 1808 2717 1903 2772; x_wconf 90' lang='lat' dir='ltr'><strong>sed</strong></span> <span class='ocrx_word' id='word_1_117' title='bbox 1935 2717 2124 2771; x_wconf 71' lang='lat' dir='ltr'><strong>Roma:</strong></span> <span class='ocrx_word' id='word_1_118' title='bbox 2151 2715 2325 2784; x_wconf 78' lang='lat' dir='ltr'><strong>ipsius</strong></span> 
     </span>
    </p>
   </div>
   <div class='ocr_carea' id='block_1_22' title="bbox 758 2806 2325 2877">
    <p class='ocr_par' dir='ltr' id='par_1_22' title="bbox 758 2806 2325 2877">
     <span class='ocr_line' id='line_1_22' title="bbox 758 2806 2325 2877; baseline -0.004 -14"><span class='ocrx_word' id='word_1_119' title='bbox 758 2823 1035 2863; x_wconf 86' lang='lat' dir='ltr'><strong>summum</strong></span> <span class='ocrx_word' id='word_1_120' title='bbox 1081 2807 1456 2877; x_wconf 79' lang='lat' dir='ltr'><strong>pontiﬁcatum</strong></span> <span class='ocrx_word' id='word_1_121' title='bbox 1507 2806 1721 2874; x_wconf 88' lang='lat' dir='ltr'><strong>accepit</strong></span> <span class='ocrx_word' id='word_1_122' title='bbox 1751 2824 1764 2859; x_wconf 89' lang='lat'><strong>:</strong></span> <span class='ocrx_word' id='word_1_123' title='bbox 1799 2807 1920 2860; x_wconf 89' lang='lat' dir='ltr'><strong>ideo</strong></span> <span class='ocrx_word' id='word_1_124' title='bbox 1969 2806 2063 2859; x_wconf 93' lang='lat' dir='ltr'><strong>illo</strong></span> <span class='ocrx_word' id='word_1_125' title='bbox 2108 2812 2325 2858; x_wconf 89' lang='lat' dir='ltr'><strong>mortuo</strong></span> 
     </span>
    </p>
   </div>
   <div class='ocr_carea' id='block_1_23' title="bbox 760 2895 2330 2968">
    <p class='ocr_par' dir='ltr' id='par_1_23' title="bbox 760 2895 2330 2968">
     <span class='ocr_line' id='line_1_23' title="bbox 760 2895 2330 2968; baseline -0.001 -17"><span class='ocrx_word' id='word_1_126' title='bbox 760 2913 990 2968; x_wconf 77' lang='lat' dir='ltr'><strong>magnus</strong></span> <span class='ocrx_word' id='word_1_127' title='bbox 1050 2897 1320 2955; x_wconf 79' lang='lat' dir='ltr'><strong>tumultus</strong></span> <span class='ocrx_word' id='word_1_128' title='bbox 1369 2896 1544 2952; x_wconf 77' lang='lat' dir='ltr'><strong>factus</strong></span> <span class='ocrx_word' id='word_1_129' title='bbox 1592 2907 1693 2962; x_wconf 91' lang='lat' dir='ltr'><strong>est,</strong></span> <span class='ocrx_word' id='word_1_130' title='bbox 1745 2907 1804 2952; x_wconf 94' lang='lat' dir='ltr'><strong>ut</strong></span> <span class='ocrx_word' id='word_1_131' title='bbox 1862 2897 1914 2950; x_wconf 94' lang='lat' dir='ltr'><strong>in</strong></span> <span class='ocrx_word' id='word_1_132' title='bbox 1976 2895 2330 2965; x_wconf 85' lang='lat' dir='ltr'><strong>sequentibus</strong></span> 
     </span>
    </p>
   </div>
   <div class='ocr_carea' id='block_1_24' title="bbox 763 2991 1102 3046">
    <p class='ocr_par' dir='ltr' id='par_1_24' title="bbox 763 2991 1102 3046">
     <span class='ocr_line' id='line_1_24' title="bbox 763 2991 1102 3046; baseline 0.009 -3"><span class='ocrx_word' id='word_1_133' title='bbox 763 2991 1102 3046; x_wconf 69' lang='lat' dir='ltr'><strong>ostendetur;</strong></span> 
     </span>
    </p>
   </div>
   <div class='ocr_carea' id='block_1_25' title="bbox 833 3265 2312 3339">
    <p class='ocr_par' dir='ltr' id='par_1_25' title="bbox 833 3265 2312 3339">
     <span class='ocr_line' id='line_1_25' title="bbox 833 3265 2312 3339; baseline -0.003 -17"><span class='ocrx_word' id='word_1_134' title='bbox 833 3268 1147 3323; x_wconf 74' lang='lat' dir='ltr'><strong>Bonifacius</strong></span> <span class='ocrx_word' id='word_1_135' title='bbox 1181 3282 1322 3338; x_wconf 80' lang='lat' dir='ltr'><strong>papa</strong></span> <span class='ocrx_word' id='word_1_136' title='bbox 1368 3267 1614 3339; x_wconf 74' lang='lat' dir='ltr'><strong>regnavit</strong></span> <span class='ocrx_word' id='word_1_137' title='bbox 1643 3267 1758 3322; x_wconf 90' lang='lat' dir='ltr'><strong>dies</strong></span> <span class='ocrx_word' id='word_1_138' title='bbox 1783 3265 1881 3332; x_wconf 73' lang='lat'><strong>15;</strong></span> <span class='ocrx_word' id='word_1_139' title='bbox 1924 3274 2038 3318; x_wconf 89' lang='lat' dir='ltr'><strong>erat</strong></span> <span class='ocrx_word' id='word_1_140' title='bbox 2084 3265 2174 3319; x_wconf 85' lang='lat' dir='ltr'><strong>ille</strong></span> <span class='ocrx_word' id='word_1_141' title='bbox 2216 3281 2312 3319; x_wconf 53' lang='lat' dir='ltr'><strong>na.</strong></span> 
     </span>
    </p>
   </div>
   <div class='ocr_carea' id='block_1_26' title="bbox 763 3360 1247 3416">
    <p class='ocr_par' dir='ltr' id='par_1_26' title="bbox 763 3360 1247 3416">
     <span class='ocr_line' id='line_1_26' title="bbox 763 3360 1247 3416; baseline -0.002 0"><span class='ocrx_word' id='word_1_142' title='bbox 763 3360 913 3416; x_wconf 74' lang='lat' dir='ltr'><strong>tione</strong></span> <span class='ocrx_word' id='word_1_143' title='bbox 944 3360 1247 3415; x_wconf 84' lang='lat' dir='ltr'><strong>&#39;l&#39;uscanus.</strong></span> 
     </span>
    </p>
   </div>
   <div class='ocr_carea' id='block_1_27' title="bbox 841 3453 2333 3523">
    <p class='ocr_par' dir='ltr' id='par_1_27' title="bbox 841 3453 2333 3523">
     <span class='ocr_line' id='line_1_27' title="bbox 841 3453 2333 3523; baseline -0.001 -16"><span class='ocrx_word' id='word_1_144' title='bbox 841 3453 1000 3508; x_wconf 86' lang='lat' dir='ltr'><strong>llune</strong></span> <span class='ocrx_word' id='word_1_145' title='bbox 1082 3453 1283 3523; x_wconf 80' lang='lat' dir='ltr'><strong>excipit</strong></span> <span class='ocrx_word' id='word_1_146' title='bbox 1391 3454 1731 3523; x_wconf 87' lang='lat' dir='ltr'><strong>Stephanus;</strong></span> <span class='ocrx_word' id='word_1_147' title='bbox 1814 3469 2086 3510; x_wconf 88' lang='lat' dir='ltr'><strong>summum</strong></span> <span class='ocrx_word' id='word_1_148' title='bbox 2198 3468 2333 3522; x_wconf 84' lang='lat' dir='ltr'><strong>pon-</strong></span> 
     </span>
    </p>
   </div>
   <div class='ocr_carea' id='block_1_28' title="bbox 775 3547 2330 3601">
    <p class='ocr_par' dir='ltr' id='par_1_28' title="bbox 775 3547 2330 3601">
     <span class='ocr_line' id='line_1_28' title="bbox 775 3547 2330 3601; baseline -0.003 -3"><span class='ocrx_word' id='word_1_149' title='bbox 775 3547 1042 3601; x_wconf 76' lang='lat' dir='ltr'><strong>tiﬁcatum</strong></span> <span class='ocrx_word' id='word_1_150' title='bbox 1100 3547 1274 3599; x_wconf 90' lang='lat' dir='ltr'><strong>tenuit</strong></span> <span class='ocrx_word' id='word_1_151' title='bbox 1329 3559 1532 3599; x_wconf 87' lang='lat' dir='ltr'><strong>annum</strong></span> <span class='ocrx_word' id='word_1_152' title='bbox 1593 3560 1760 3598; x_wconf 89' lang='lat' dir='ltr'><strong>unum</strong></span> <span class='ocrx_word' id='word_1_153' title='bbox 1804 3555 1858 3599; x_wconf 91' lang='lat' dir='ltr'><strong>et</strong></span> <span class='ocrx_word' id='word_1_154' title='bbox 1937 3559 2153 3599; x_wconf 89' lang='lat' dir='ltr'><strong>menses</strong></span> <span class='ocrx_word' id='word_1_155' title='bbox 2199 3553 2330 3597; x_wconf 86' lang='lat' dir='ltr'><strong>tres.</strong></span> 
     </span>
    </p>
   </div>
   <div class='ocr_carea' id='block_1_29' title="bbox 768 3637 2338 3700">
    <p class='ocr_par' dir='ltr' id='par_1_29' title="bbox 768 3637 2338 3700">
     <span class='ocr_line' id='line_1_29' title="bbox 768 3637 2338 3700; baseline -0.001 -11"><span class='ocrx_word' id='word_1_156' title='bbox 768 3637 869 3691; x_wconf 90' lang='lat' dir='ltr'><strong>Illo</strong></span> <span class='ocrx_word' id='word_1_157' title='bbox 916 3646 1134 3691; x_wconf 88' lang='lat' dir='ltr'><strong>mortuo</strong></span> <span class='ocrx_word' id='word_1_158' title='bbox 1169 3639 1397 3691; x_wconf 86' lang='lat' dir='ltr'><strong>vacavit</strong></span> <span class='ocrx_word' id='word_1_159' title='bbox 1435 3637 1676 3692; x_wconf 82' lang='lat' dir='ltr'><strong>Ecclesia</strong></span> <span class='ocrx_word' id='word_1_160' title='bbox 1726 3637 1917 3691; x_wconf 91' lang='lat' dir='ltr'><strong>diebus</strong></span> <span class='ocrx_word' id='word_1_161' title='bbox 1949 3637 2165 3700; x_wconf 88' lang='lat' dir='ltr'><strong>tribus;</strong></span> <span class='ocrx_word' id='word_1_162' title='bbox 2218 3643 2338 3688; x_wconf 91' lang='lat' dir='ltr'><strong>erat</strong></span> 
     </span>
    </p>
   </div>
   <div class='ocr_carea' id='block_1_30' title="bbox 773 3729 2337 3800">
    <p class='ocr_par' dir='ltr' id='par_1_30' title="bbox 773 3729 2337 3800">
     <span class='ocr_line' id='line_1_30' title="bbox 773 3729 2337 3800; baseline -0.004 -16"><span class='ocrx_word' id='word_1_163' title='bbox 773 3738 955 3785; x_wconf 89' lang='lat' dir='ltr'><strong>autem</strong></span> <span class='ocrx_word' id='word_1_164' title='bbox 1008 3730 1287 3784; x_wconf 81' lang='lat' dir='ltr'><strong>Romanus</strong></span> <span class='ocrx_word' id='word_1_165' title='bbox 1339 3743 1556 3800; x_wconf 80' lang='lat' dir='ltr'><strong>genere.</strong></span> <span class='ocrx_word' id='word_1_166' title='bbox 1613 3729 1763 3783; x_wconf 79' lang='lat' dir='ltr'><strong>Idem</strong></span> <span class='ocrx_word' id='word_1_167' title='bbox 1813 3744 1841 3782; x_wconf 89' lang='lat' dir='ltr'><strong>a</strong></span> <span class='ocrx_word' id='word_1_168' title='bbox 1893 3729 2157 3783; x_wconf 85' lang='lat' dir='ltr'><strong>Formoso</strong></span> <span class='ocrx_word' id='word_1_169' title='bbox 2202 3741 2337 3795; x_wconf 86' lang='lat' dir='ltr'><strong>papa</strong></span> 
     </span>
    </p>
   </div>
   <div class='ocr_carea' id='block_1_31' title="bbox 772 3817 2341 3890">
    <p class='ocr_par' dir='ltr' id='par_1_31' title="bbox 772 3817 2341 3890">
     <span class='ocr_line' id='line_1_31' title="bbox 772 3817 2341 3890; baseline -0.003 -15"><span class='ocrx_word' id='word_1_170' title='bbox 772 3821 1065 3890; x_wconf 89' lang='lat' dir='ltr'><strong>episcopus</strong></span> <span class='ocrx_word' id='word_1_171' title='bbox 1099 3821 1385 3875; x_wconf 85' lang='lat' dir='ltr'><strong>ordinatus</strong></span> <span class='ocrx_word' id='word_1_172' title='bbox 1415 3819 1594 3874; x_wconf 77' lang='lat' dir='ltr'><strong>fuerat</strong></span> <span class='ocrx_word' id='word_1_173' title='bbox 1628 3820 1781 3874; x_wconf 89' lang='lat' dir='ltr'><strong>urbis</strong></span> <span class='ocrx_word' id='word_1_174' title='bbox 1828 3819 2074 3882; x_wconf 63' lang='lat' dir='ltr'><strong>Ananiae,</strong></span> <span class='ocrx_word' id='word_1_175' title='bbox 2125 3826 2177 3872; x_wconf 90' lang='lat' dir='ltr'><strong>et</strong></span> <span class='ocrx_word' id='word_1_176' title='bbox 2208 3817 2341 3871; x_wconf 87' lang='lat' dir='ltr'><strong>For-</strong></span> 
     </span>
    </p>
   </div>
   <div class='ocr_carea' id='block_1_32' title="bbox 774 3910 2340 3983">
    <p class='ocr_par' dir='ltr' id='par_1_32' title="bbox 774 3910 2340 3983">
     <span class='ocr_line' id='line_1_32' title="bbox 774 3910 2340 3983; baseline -0.003 -14"><span class='ocrx_word' id='word_1_177' title='bbox 774 3929 990 3969; x_wconf 90' lang='lat' dir='ltr'><strong>mosum</strong></span> <span class='ocrx_word' id='word_1_178' title='bbox 1044 3929 1240 3983; x_wconf 77' lang='lat' dir='ltr'><strong>papam</strong></span> <span class='ocrx_word' id='word_1_179' title='bbox 1295 3921 1614 3982; x_wconf 87' lang='lat' dir='ltr'><strong>persecutus</strong></span> <span class='ocrx_word' id='word_1_180' title='bbox 1652 3922 1755 3976; x_wconf 91' lang='lat' dir='ltr'><strong>est,</strong></span> <span class='ocrx_word' id='word_1_181' title='bbox 1800 3921 1852 3966; x_wconf 90' lang='lat' dir='ltr'><strong>et</strong></span> <span class='ocrx_word' id='word_1_182' title='bbox 1907 3925 2098 3966; x_wconf 91' lang='lat' dir='ltr'><strong>omnes</strong></span> <span class='ocrx_word' id='word_1_183' title='bbox 2151 3910 2218 3963; x_wconf 85' lang='lat' dir='ltr'><strong>ab</strong></span> <span class='ocrx_word' id='word_1_184' title='bbox 2277 3925 2340 3964; x_wconf 91' lang='lat' dir='ltr'><strong>eo</strong></span> 
     </span>
    </p>
   </div>
   <div class='ocr_carea' id='block_1_33' title="bbox 773 4001 2338 4072">
    <p class='ocr_par' dir='ltr' id='par_1_33' title="bbox 773 4001 2338 4072">
     <span class='ocr_line' id='line_1_33' title="bbox 773 4001 2338 4072; baseline -0.004 -12"><span class='ocrx_word' id='word_1_185' title='bbox 773 4007 1054 4060; x_wconf 80' lang='lat' dir='ltr'><strong>institutas</strong></span> <span class='ocrx_word' id='word_1_186' title='bbox 1120 4005 1412 4072; x_wconf 74' lang='lat' dir='ltr'><strong>dignitates</strong></span> <span class='ocrx_word' id='word_1_187' title='bbox 1481 4004 1720 4058; x_wconf 86' lang='lat' dir='ltr'><strong>amoveri</strong></span> <span class='ocrx_word' id='word_1_188' title='bbox 1779 4002 2062 4072; x_wconf 86' lang='lat' dir='ltr'><strong>judicavit.</strong></span> <span class='ocrx_word' id='word_1_189' title='bbox 2144 4001 2338 4055; x_wconf 86' lang='lat' dir='ltr'><strong>Fertur</strong></span> 
     </span>
    </p>
   </div>
   <div class='ocr_carea' id='block_1_34' title="bbox 774 4093 2342 4166">
    <p class='ocr_par' dir='ltr' id='par_1_34' title="bbox 774 4093 2342 4166">
     <span class='ocr_line' id='line_1_34' title="bbox 774 4093 2342 4166; baseline -0.004 -15"><span class='ocrx_word' id='word_1_190' title='bbox 774 4097 938 4151; x_wconf 92' lang='lat' dir='ltr'><strong>etiam</strong></span> <span class='ocrx_word' id='word_1_191' title='bbox 975 4097 1262 4166; x_wconf 89' lang='lat' dir='ltr'><strong>scriptum,</strong></span> <span class='ocrx_word' id='word_1_192' title='bbox 1295 4097 1444 4149; x_wconf 91' lang='lat' dir='ltr'><strong>illum</strong></span> <span class='ocrx_word' id='word_1_193' title='bbox 1478 4111 1680 4166; x_wconf 89' lang='lat' dir='ltr'><strong>corpus</strong></span> <span class='ocrx_word' id='word_1_194' title='bbox 1719 4093 1963 4148; x_wconf 82' lang='lat' dir='ltr'><strong>Formosi</strong></span> <span class='ocrx_word' id='word_1_195' title='bbox 2007 4094 2061 4146; x_wconf 92' lang='lat' dir='ltr'><strong>in</strong></span> <span class='ocrx_word' id='word_1_196' title='bbox 2104 4093 2342 4146; x_wconf 90' lang='lat' dir='ltr'><strong>concilio</strong></span> 
     </span>
    </p>
   </div>
   <div class='ocr_carea' id='block_1_35' title="bbox 2407 2173 3659 2251">
    <p class='ocr_par' dir='ltr' id='par_1_35' title="bbox 2407 2173 3659 2251">
     <span class='ocr_line' id='line_1_35' title="bbox 2407 2173 3659 2251; baseline -0.007 -18"><span class='ocrx_word' id='word_1_197' title='bbox 2407 2183 2524 2251; x_wconf 60' lang='grc' dir='ltr'><strong>⁴’τὴν</strong></span> <span class='ocrx_word' id='word_1_198' title='bbox 2580 2178 2881 2247; x_wconf 77' lang='grc' dir='ltr'><strong>ἐπισκοπὴν</strong></span> <span class='ocrx_word' id='word_1_199' title='bbox 2933 2175 3310 2245; x_wconf 84' lang='grc' dir='ltr'><strong>Πορτουένσην</strong></span> <span class='ocrx_word' id='word_1_200' title='bbox 3364 2173 3659 2226; x_wconf 77' lang='grc' dir='ltr'><strong>κατέλιπε’</strong></span> 
     </span>
    </p>
   </div>
   <div class='ocr_carea' id='block_1_36' title="bbox 2425 1620 3996 1701">
    <p class='ocr_par' dir='ltr' id='par_1_36' title="bbox 2425 1620 3996 1701">
     <span class='ocr_line' id='line_1_36' title="bbox 2425 1620 3996 1701; baseline -0.004 -19"><span class='ocrx_word' id='word_1_201' title='bbox 2425 1631 2651 1701; x_wconf 82' lang='grc' dir='ltr'><strong>ὕστερον</strong></span> <span class='ocrx_word' id='word_1_202' title='bbox 2679 1629 2871 1696; x_wconf 85' lang='grc' dir='ltr'><strong>γέγονε</strong></span> <span class='ocrx_word' id='word_1_203' title='bbox 2909 1626 3118 1690; x_wconf 84' lang='grc' dir='ltr'><strong>πάπας,</strong></span> <span class='ocrx_word' id='word_1_204' title='bbox 3159 1625 3248 1678; x_wconf 76' lang='grc' dir='ltr'><strong>καὶ</strong></span> <span class='ocrx_word' id='word_1_205' title='bbox 3275 1620 3341 1695; x_wconf 83' lang='grc' dir='ltr'><strong>ἦν</strong></span> <span class='ocrx_word' id='word_1_206' title='bbox 3371 1625 3646 1694; x_wconf 79' lang='grc' dir='ltr'><strong>ἐγκρατὴς</strong></span> <span class='ocrx_word' id='word_1_207' title='bbox 3673 1624 3764 1677; x_wconf 79' lang='grc' dir='ltr'><strong>τοῦ</strong></span> <span class='ocrx_word' id='word_1_208' title='bbox 3797 1624 3996 1694; x_wconf 70' lang='grc' dir='ltr'><strong>θρόνου</strong></span> 
     </span>
    </p>
   </div>
   <div class='ocr_carea' id='block_1_37' title="bbox 2424 1714 4002 1791">
    <p class='ocr_par' dir='ltr' id='par_1_37' title="bbox 2424 1714 4002 1791">
     <span class='ocr_line' id='line_1_37' title="bbox 2424 1714 4002 1791; baseline -0.007 -17"><span class='ocrx_word' id='word_1_209' title='bbox 2424 1721 2646 1791; x_wconf 79' lang='grc' dir='ltr'><strong>χρόνους</strong></span> <span class='ocrx_word' id='word_1_210' title='bbox 2671 1726 2736 1784; x_wconf 85' lang='grc' dir='ltr'><strong>ε’,</strong></span> <span class='ocrx_word' id='word_1_211' title='bbox 2776 1717 2952 1788; x_wconf 83' lang='grc' dir='ltr'><strong>μῆνας</strong></span> <span class='ocrx_word' id='word_1_212' title='bbox 2974 1715 3048 1782; x_wconf 82' lang='grc' dir='ltr'><strong>ς’.</strong></span> <span class='ocrx_word' id='word_1_213' title='bbox 3088 1717 3520 1786; x_wconf 76' lang='grc' dir='ltr'><strong>Τελευτήσαντος</strong></span> <span class='ocrx_word' id='word_1_214' title='bbox 3568 1716 3624 1767; x_wconf 77' lang='grc' dir='ltr'><strong>δὲ</strong></span> <span class='ocrx_word' id='word_1_215' title='bbox 3650 1714 3814 1769; x_wconf 81' lang='grc' dir='ltr'><strong>αὐτοῦ</strong></span> <span class='ocrx_word' id='word_1_216' title='bbox 3866 1716 4002 1783; x_wconf 71' lang='grc' dir='ltr'><strong>ὲχήο</strong></span> 
     </span>
    </p>
   </div>
   <div class='ocr_carea' id='block_1_38' title="bbox 2425 1800 4002 1883">
    <p class='ocr_par' dir='ltr' id='par_1_38' title="bbox 2425 1800 4002 1883">
     <span class='ocr_line' id='line_1_38' title="bbox 2425 1800 4002 1883; baseline -0.004 -18"><span class='ocrx_word' id='word_1_217' title='bbox 2425 1829 2581 1883; x_wconf 85' lang='grc' dir='ltr'><strong>ρευεν</strong></span> <span class='ocrx_word' id='word_1_218' title='bbox 2627 1811 2660 1880; x_wconf 76' lang='grc' dir='ltr'>ἡ</span> <span class='ocrx_word' id='word_1_219' title='bbox 2707 1807 3003 1878; x_wconf 75' lang='grc' dir='ltr'><strong>Ἐκκλησία</strong></span> <span class='ocrx_word' id='word_1_220' title='bbox 3041 1808 3253 1876; x_wconf 78' lang='grc' dir='ltr'><strong>ἡμέρας</strong></span> <span class='ocrx_word' id='word_1_221' title='bbox 3308 1806 3521 1868; x_wconf 74' lang='grc' dir='ltr'><strong>ἱκανάς.</strong></span> <span class='ocrx_word' id='word_1_222' title='bbox 3551 1800 3720 1869; x_wconf 72' lang='grc' dir='ltr'><strong>Οὗτος</strong></span> <span class='ocrx_word' id='word_1_223' title='bbox 3774 1807 3864 1859; x_wconf 68' lang='grc' dir='ltr'><strong>διὰ</strong></span> <span class='ocrx_word' id='word_1_224' title='bbox 3891 1805 4002 1865; x_wconf 73' lang='grc' dir='ltr'><strong>ξω·-</strong></span> 
     </span>
    </p>
   </div>
   <div class='ocr_carea' id='block_1_39' title="bbox 2423 1896 4000 1973">
    <p class='ocr_par' dir='ltr' id='par_1_39' title="bbox 2423 1896 4000 1973">
     <span class='ocr_line' id='line_1_39' title="bbox 2423 1896 4000 1973; baseline -0.006 -17"><span class='ocrx_word' id='word_1_225' title='bbox 2423 1903 2662 1973; x_wconf 71' lang='grc' dir='ltr'><strong>γραφίας</strong></span> <span class='ocrx_word' id='word_1_226' title='bbox 2701 1900 3009 1954; x_wconf 81' lang='grc' dir='ltr'><strong>ἀνεκαίνισε</strong></span> <span class='ocrx_word' id='word_1_227' title='bbox 3060 1899 3158 1966; x_wconf 79' lang='grc' dir='ltr'><strong>τὴν</strong></span> <span class='ocrx_word' id='word_1_228' title='bbox 3216 1897 3344 1966; x_wconf 76' lang='grc' dir='ltr'><strong>ὅλην</strong></span> <span class='ocrx_word' id='word_1_229' title='bbox 3409 1896 3710 1965; x_wconf 77' lang='grc' dir='ltr'><strong>ἐκκλησίαν</strong></span> <span class='ocrx_word' id='word_1_230' title='bbox 3759 1897 3852 1948; x_wconf 76' lang='grc' dir='ltr'><strong>τοῦ</strong></span> <span class='ocrx_word' id='word_1_231' title='bbox 3891 1915 4000 1964; x_wconf 80' lang='grc' dir='ltr'><strong>μα-</strong></span> 
     </span>
    </p>
   </div>
   <div class='ocr_carea' id='block_1_40' title="bbox 2426 1987 3997 2066">
    <p class='ocr_par' dir='ltr' id='par_1_40' title="bbox 2426 1987 3997 2066">
     <span class='ocr_line' id='line_1_40' title="bbox 2426 1987 3997 2066; baseline -0.004 -19"><span class='ocrx_word' id='word_1_232' title='bbox 2426 1995 2619 2066; x_wconf 81' lang='grc' dir='ltr'><strong>καρίου</strong></span> <span class='ocrx_word' id='word_1_233' title='bbox 2681 1995 2886 2061; x_wconf 85' lang='grc' dir='ltr'><strong>Πέτρου</strong></span> <span class='ocrx_word' id='word_1_234' title='bbox 2947 1988 3041 2044; x_wconf 82' lang='grc' dir='ltr'><strong>τοῦ</strong></span> <span class='ocrx_word' id='word_1_235' title='bbox 3103 1988 3404 2059; x_wconf 70' lang='grc' dir='ltr'><strong>κορυφαίου</strong></span> <span class='ocrx_word' id='word_1_236' title='bbox 3470 1988 3579 2040; x_wconf 80' lang='grc' dir='ltr'><strong>τῶν</strong></span> <span class='ocrx_word' id='word_1_237' title='bbox 3654 1987 3997 2040; x_wconf 74' lang='grc' dir='ltr'><strong>ἀποστόλων.</strong></span> 
     </span>
    </p>
   </div>
   <div class='ocr_carea' id='block_1_41' title="bbox 2470 2077 4001 2149">
    <p class='ocr_par' dir='ltr' id='par_1_41' title="bbox 2470 2077 4001 2149">
     <span class='ocr_line' id='line_1_41' title="bbox 2470 2077 4001 2149; baseline -0.008 -10"><span class='ocrx_word' id='word_1_238' title='bbox 2470 2083 2590 2149; x_wconf 72' lang='grc' dir='ltr'><strong>ὗτὸς</strong></span> <span class='ocrx_word' id='word_1_239' title='bbox 2609 2102 2738 2137; x_wconf 86' lang='grc' dir='ltr'><strong>ποτε</strong></span> <span class='ocrx_word' id='word_1_240' title='bbox 2763 2084 2851 2136; x_wconf 70' lang='grc' dir='ltr'><strong>διὰ</strong></span> <span class='ocrx_word' id='word_1_241' title='bbox 2875 2083 2966 2134; x_wconf 70' lang='grc' dir='ltr'><strong>τὸν</strong></span> <span class='ocrx_word' id='word_1_242' title='bbox 2996 2081 3158 2149; x_wconf 77' lang='grc' dir='ltr'><strong>φὸὅον</strong></span> <span class='ocrx_word' id='word_1_243' title='bbox 3183 2080 3276 2133; x_wconf 82' lang='grc' dir='ltr'><strong>τοῦ</strong></span> <span class='ocrx_word' id='word_1_244' title='bbox 3303 2079 3462 2132; x_wconf 85' lang='grc' dir='ltr'><strong>πάπα</strong></span> <span class='ocrx_word' id='word_1_245' title='bbox 3507 2078 3752 2131; x_wconf 81' lang='grc' dir='ltr'><strong>Ἰωάννου</strong></span> <span class='ocrx_word' id='word_1_246' title='bbox 3778 2077 4001 2144; x_wconf 76' lang='grc' dir='ltr'><strong>φεύγων</strong></span> 
     </span>
    </p>
   </div>
   <div class='ocr_carea' id='block_1_42' title="bbox 3723 2171 4005 2223">
    <p class='ocr_par' dir='ltr' id='par_1_42' title="bbox 3723 2171 4005 2223">
     <span class='ocr_line' id='line_1_42' title="bbox 3723 2171 4005 2223; baseline -0.007 0"><span class='ocrx_word' id='word_1_247' title='bbox 3723 2171 3816 2223; x_wconf 75' lang='grc' dir='ltr'><strong>καὶ</strong></span> <span class='ocrx_word' id='word_1_248' title='bbox 3874 2171 4005 2222; x_wconf 75' lang='grc' dir='ltr'><strong>ἐπεὶ</strong></span> 
     </span>
    </p>
   </div>
   <div class='ocr_carea' id='block_1_43' title="bbox 2427 2263 4004 2338">
    <p class='ocr_par' dir='ltr' id='par_1_43' title="bbox 2427 2263 4004 2338">
     <span class='ocr_line' id='line_1_43' title="bbox 2427 2263 4004 2338; baseline -0.01 -12"><span class='ocrx_word' id='word_1_249' title='bbox 2427 2269 2868 2338; x_wconf 82' lang='grc' dir='ltr'><strong>ἀνακαλούμενος</strong></span> <span class='ocrx_word' id='word_1_250' title='bbox 2922 2265 3165 2320; x_wconf 79' lang='grc' dir='ltr'><strong>ἀνελθεῖν</strong></span> <span class='ocrx_word' id='word_1_251' title='bbox 3217 2265 3318 2318; x_wconf 82' lang='grc' dir='ltr'><strong>οὒκ</strong></span> <span class='ocrx_word' id='word_1_252' title='bbox 3367 2263 3670 2334; x_wconf 71' lang='grc' dir='ltr'><strong>ἠθέλησεν,</strong></span> <span class='ocrx_word' id='word_1_253' title='bbox 3728 2263 4004 2330; x_wconf 83' lang='grc' dir='ltr'><strong>ἀνεθεμα-</strong></span> 
     </span>
    </p>
   </div>
   <div class='ocr_carea' id='block_1_44' title="bbox 2427 2351 4002 2432">
    <p class='ocr_par' dir='ltr' id='par_1_44' title="bbox 2427 2351 4002 2432">
     <span class='ocr_line' id='line_1_44' title="bbox 2427 2351 4002 2432; baseline -0.009 -16"><span class='ocrx_word' id='word_1_254' title='bbox 2427 2362 2585 2432; x_wconf 87' lang='grc' dir='ltr'><strong>τίσθη</strong></span> <span class='ocrx_word' id='word_1_255' title='bbox 2607 2377 2621 2392; x_wconf 89' lang='grc'><strong>·</strong></span> <span class='ocrx_word' id='word_1_256' title='bbox 2668 2358 2810 2413; x_wconf 83' lang='grc' dir='ltr'><strong>Ἀλλ’</strong></span> <span class='ocrx_word' id='word_1_257' title='bbox 2836 2357 3064 2426; x_wconf 80' lang='grc' dir='ltr'><strong>ὕστερον</strong></span> <span class='ocrx_word' id='word_1_258' title='bbox 3093 2357 3172 2419; x_wconf 78' lang='grc' dir='ltr'><strong>εἰς</strong></span> <span class='ocrx_word' id='word_1_259' title='bbox 3210 2355 3309 2426; x_wconf 78' lang='grc' dir='ltr'><strong>τὴν</strong></span> <span class='ocrx_word' id='word_1_260' title='bbox 3342 2352 3576 2407; x_wconf 79' lang='grc' dir='ltr'><strong>Γαλλίαν</strong></span> <span class='ocrx_word' id='word_1_261' title='bbox 3602 2352 3738 2423; x_wconf 66' lang='grc' dir='ltr'><strong>πρὸς</strong></span> <span class='ocrx_word' id='word_1_262' title='bbox 3765 2353 3854 2405; x_wconf 76' lang='grc' dir='ltr'><strong>τὸν</strong></span> <span class='ocrx_word' id='word_1_263' title='bbox 3891 2351 4002 2402; x_wconf 80' lang='grc' dir='ltr'><strong>πά-</strong></span> 
     </span>
    </p>
   </div>
   <div class='ocr_carea' id='block_1_45' title="bbox 2429 2442 4004 2518">
    <p class='ocr_par' dir='ltr' id='par_1_45' title="bbox 2429 2442 4004 2518">
     <span class='ocr_line' id='line_1_45' title="bbox 2429 2442 4004 2518; baseline -0.01 -9"><span class='ocrx_word' id='word_1_264' title='bbox 2429 2473 2539 2509; x_wconf 83' lang='grc' dir='ltr'><strong>παν</strong></span> <span class='ocrx_word' id='word_1_265' title='bbox 2577 2451 2746 2506; x_wconf 80' lang='grc' dir='ltr'><strong>ἐλθὼν</strong></span> <span class='ocrx_word' id='word_1_266' title='bbox 2778 2451 2884 2511; x_wconf 81' lang='grc' dir='ltr'><strong>ἓως</strong></span> <span class='ocrx_word' id='word_1_267' title='bbox 2926 2450 3005 2510; x_wconf 84' lang='grc' dir='ltr'><strong>είς</strong></span> <span class='ocrx_word' id='word_1_268' title='bbox 3054 2447 3249 2518; x_wconf 79' lang='grc' dir='ltr'><strong>λαῖκὴν</strong></span> <span class='ocrx_word' id='word_1_269' title='bbox 3283 2445 3438 2510; x_wconf 86' lang='grc' dir='ltr'><strong>τάξιν</strong></span> <span class='ocrx_word' id='word_1_270' title='bbox 3490 2445 3599 2499; x_wconf 79' lang='grc' dir='ltr'><strong>ἀπὸ</strong></span> <span class='ocrx_word' id='word_1_271' title='bbox 3642 2443 3736 2497; x_wconf 76' lang='grc' dir='ltr'><strong>τοῦ</strong></span> <span class='ocrx_word' id='word_1_272' title='bbox 3789 2442 4004 2514; x_wconf 74' lang='grc' dir='ltr'><strong>βαθμοῦ</strong></span> 
     </span>
    </p>
   </div>
   <div class='ocr_carea' id='block_1_46' title="bbox 2429 2532 4005 2608">
    <p class='ocr_par' dir='ltr' id='par_1_46' title="bbox 2429 2532 4005 2608">
     <span class='ocr_line' id='line_1_46' title="bbox 2429 2532 4005 2608; baseline -0.011 -9"><span class='ocrx_word' id='word_1_273' title='bbox 2429 2543 2594 2600; x_wconf 77' lang='grc' dir='ltr'><strong>αὑτοῦ</strong></span> <span class='ocrx_word' id='word_1_274' title='bbox 2642 2538 3031 2608; x_wconf 69' lang='grc' dir='ltr'><strong>κατεὸιΰάσθη.</strong></span> <span class='ocrx_word' id='word_1_275' title='bbox 3076 2537 3199 2590; x_wconf 77' lang='grc' dir='ltr'><strong>Ἐπὶ</strong></span> <span class='ocrx_word' id='word_1_276' title='bbox 3243 2536 3452 2598; x_wconf 83' lang='grc' dir='ltr'><strong>τούτοις</strong></span> <span class='ocrx_word' id='word_1_277' title='bbox 3490 2535 3671 2602; x_wconf 78' lang='grc' dir='ltr'><strong>ὤμοσε</strong></span> <span class='ocrx_word' id='word_1_278' title='bbox 3725 2535 3861 2602; x_wconf 74' lang='grc' dir='ltr'><strong>μήτε</strong></span> <span class='ocrx_word' id='word_1_279' title='bbox 3900 2532 4005 2602; x_wconf 76' lang='grc' dir='ltr'><strong>τὴν</strong></span> 
     </span>
    </p>
   </div>
   <div class='ocr_carea' id='block_1_47' title="bbox 2443 2623 4005 2704">
    <p class='ocr_par' dir='ltr' id='par_1_47' title="bbox 2443 2623 4005 2704">
     <span class='ocr_line' id='line_1_47' title="bbox 2443 2623 4005 2704; baseline -0.009 -16"><span class='ocrx_word' id='word_1_280' title='bbox 2443 2634 2662 2704; x_wconf 83' lang='grc' dir='ltr'><strong>Ῥώμην</strong></span> <span class='ocrx_word' id='word_1_281' title='bbox 2725 2631 3004 2694; x_wconf 80' lang='grc' dir='ltr'><strong>εἰσελθεῖν,</strong></span> <span class='ocrx_word' id='word_1_282' title='bbox 3070 2629 3205 2697; x_wconf 83' lang='grc' dir='ltr'><strong>μήτε</strong></span> <span class='ocrx_word' id='word_1_283' title='bbox 3258 2627 3338 2688; x_wconf 80' lang='grc' dir='ltr'><strong>εἰς</strong></span> <span class='ocrx_word' id='word_1_284' title='bbox 3367 2626 3468 2692; x_wconf 79' lang='grc' dir='ltr'><strong>τὴν</strong></span> <span class='ocrx_word' id='word_1_285' title='bbox 3525 2623 3718 2676; x_wconf 77' lang='grc' dir='ltr'><strong>ἑαυτοῦ</strong></span> <span class='ocrx_word' id='word_1_286' title='bbox 3775 2624 4005 2675; x_wconf 71' lang='grc' dir='ltr'><strong>ἐπισκο-</strong></span> 
     </span>
    </p>
   </div>
   <div class='ocr_carea' id='block_1_48' title="bbox 2432 2714 4006 2796">
    <p class='ocr_par' dir='ltr' id='par_1_48' title="bbox 2432 2714 4006 2796">
     <span class='ocr_line' id='line_1_48' title="bbox 2432 2714 4006 2796; baseline -0.007 -18"><span class='ocrx_word' id='word_1_287' title='bbox 2432 2727 2539 2796; x_wconf 79' lang='grc' dir='ltr'><strong>πὴν</strong></span> <span class='ocrx_word' id='word_1_288' title='bbox 2591 2722 3016 2792; x_wconf 85' lang='grc' dir='ltr'><strong>ἐπαναδραμεῖν.</strong></span> <span class='ocrx_word' id='word_1_289' title='bbox 3052 2719 3319 2787; x_wconf 85' lang='grc' dir='ltr'><strong>’Υστερον</strong></span> <span class='ocrx_word' id='word_1_290' title='bbox 3372 2717 3428 2768; x_wconf 80' lang='grc' dir='ltr'><strong>δὲ</strong></span> <span class='ocrx_word' id='word_1_291' title='bbox 3463 2716 3569 2769; x_wconf 88' lang='grc' dir='ltr'><strong>άπὸ</strong></span> <span class='ocrx_word' id='word_1_292' title='bbox 3619 2715 3860 2784; x_wconf 82' lang='grc' dir='ltr'><strong>Μαρίνου</strong></span> <span class='ocrx_word' id='word_1_293' title='bbox 3903 2714 4006 2767; x_wconf 73' lang='grc' dir='ltr'><strong>τοῦ</strong></span> 
     </span>
    </p>
   </div>
   <div class='ocr_carea' id='block_1_49' title="bbox 2431 2808 4006 2887">
    <p class='ocr_par' dir='ltr' id='par_1_49' title="bbox 2431 2808 4006 2887">
     <span class='ocr_line' id='line_1_49' title="bbox 2431 2808 4006 2887; baseline -0.009 -15"><span class='ocrx_word' id='word_1_294' title='bbox 2431 2815 2813 2887; x_wconf 80' lang='grc' dir='ltr'><strong>διαδεξαμένου</strong></span> <span class='ocrx_word' id='word_1_295' title='bbox 2863 2815 2955 2866; x_wconf 78' lang='grc' dir='ltr'><strong>τὸν</strong></span> <span class='ocrx_word' id='word_1_296' title='bbox 3013 2812 3269 2879; x_wconf 82' lang='grc' dir='ltr'><strong>Ἰωάννην</strong></span> <span class='ocrx_word' id='word_1_297' title='bbox 3315 2810 3532 2864; x_wconf 76' lang='grc' dir='ltr'><strong>ἐναντία</strong></span> <span class='ocrx_word' id='word_1_298' title='bbox 3584 2808 3678 2860; x_wconf 81' lang='grc' dir='ltr'><strong>τοῦ</strong></span> <span class='ocrx_word' id='word_1_299' title='bbox 3731 2808 4006 2875; x_wconf 83' lang='grc' dir='ltr'><strong>προτέρου</strong></span> 
     </span>
    </p>
   </div>
   <div class='ocr_carea' id='block_1_50' title="bbox 2434 2899 4005 2980">
    <p class='ocr_par' dir='ltr' id='par_1_50' title="bbox 2434 2899 4005 2980">
     <span class='ocr_line' id='line_1_50' title="bbox 2434 2899 4005 2980; baseline -0.01 -17"><span class='ocrx_word' id='word_1_300' title='bbox 2434 2913 2599 2980; x_wconf 78' lang='grc' dir='ltr'><strong>ὅρκου</strong></span> <span class='ocrx_word' id='word_1_301' title='bbox 2629 2905 3069 2974; x_wconf 76' lang='grc' dir='ltr'><strong>διαπραξάμενος</strong></span> <span class='ocrx_word' id='word_1_302' title='bbox 3103 2903 3161 2954; x_wconf 81' lang='grc' dir='ltr'><strong>ού</strong></span> <span class='ocrx_word' id='word_1_303' title='bbox 3206 2903 3365 2970; x_wconf 85' lang='grc' dir='ltr'><strong>μόνον</strong></span> <span class='ocrx_word' id='word_1_304' title='bbox 3398 2901 3497 2968; x_wconf 85' lang='grc' dir='ltr'><strong>τῆς</strong></span> <span class='ocrx_word' id='word_1_305' title='bbox 3536 2899 3756 2968; x_wconf 74' lang='grc' dir='ltr'><strong>Ῥώμης</strong></span> <span class='ocrx_word' id='word_1_306' title='bbox 3807 2899 4005 2964; x_wconf 74' lang='grc' dir='ltr'><strong>ἐπέϐη,</strong></span> 
     </span>
    </p>
   </div>
   <div class='ocr_carea' id='block_1_51' title="bbox 2434 2991 4004 3064">
    <p class='ocr_par' dir='ltr' id='par_1_51' title="bbox 2434 2991 4004 3064">
     <span class='ocr_line' id='line_1_51' title="bbox 2434 2991 4004 3064; baseline -0.013 -2"><span class='ocrx_word' id='word_1_307' title='bbox 2434 3001 2568 3057; x_wconf 72' lang='grc' dir='ltr'><strong>ἀλλὰ</strong></span> <span class='ocrx_word' id='word_1_308' title='bbox 2599 3000 2690 3053; x_wconf 71' lang='grc' dir='ltr'><strong>καὶ</strong></span> <span class='ocrx_word' id='word_1_309' title='bbox 2735 2998 2953 3064; x_wconf 79' lang='grc' dir='ltr'><strong>Ῥώμης</strong></span> <span class='ocrx_word' id='word_1_310' title='bbox 2985 2996 3154 3064; x_wconf 79' lang='grc' dir='ltr'><strong>αὐτῆς</strong></span> <span class='ocrx_word' id='word_1_311' title='bbox 3184 2995 3282 3064; x_wconf 83' lang='grc' dir='ltr'><strong>τὴν</strong></span> <span class='ocrx_word' id='word_1_312' title='bbox 3312 2992 3726 3063; x_wconf 70' lang='grc' dir='ltr'><strong>ἀρχιερωσύνην</strong></span> <span class='ocrx_word' id='word_1_313' title='bbox 3758 2991 4004 3054; x_wconf 76' lang='grc' dir='ltr'><strong>ἐδέξατο.</strong></span> 
     </span>
    </p>
   </div>
   <div class='ocr_carea' id='block_1_52' title="bbox 2435 3084 4011 3156">
    <p class='ocr_par' dir='ltr' id='par_1_52' title="bbox 2435 3084 4011 3156">
     <span class='ocr_line' id='line_1_52' title="bbox 2435 3084 4011 3156; baseline -0.008 -9"><span class='ocrx_word' id='word_1_314' title='bbox 2435 3096 2526 3148; x_wconf 74' lang='grc' dir='ltr'><strong>Διὸ</strong></span> <span class='ocrx_word' id='word_1_315' title='bbox 2551 3092 2845 3152; x_wconf 86' lang='grc' dir='ltr'><strong>τεθνεῶτος</strong></span> <span class='ocrx_word' id='word_1_316' title='bbox 2871 3088 3036 3142; x_wconf 70' lang='grc' dir='ltr'><strong>αὑτοῦ</strong></span> <span class='ocrx_word' id='word_1_317' title='bbox 3065 3087 3278 3156; x_wconf 80' lang='grc' dir='ltr'><strong>μεγάλη</strong></span> <span class='ocrx_word' id='word_1_318' title='bbox 3307 3085 3528 3155; x_wconf 79' lang='grc' dir='ltr'><strong>ὄχλησις</strong></span> <span class='ocrx_word' id='word_1_319' title='bbox 3559 3085 3803 3151; x_wconf 82' lang='grc' dir='ltr'><strong>γέγονεν,</strong></span> <span class='ocrx_word' id='word_1_320' title='bbox 3839 3084 3915 3146; x_wconf 82' lang='grc' dir='ltr'><strong>ὡς</strong></span> <span class='ocrx_word' id='word_1_321' title='bbox 3946 3085 4011 3134; x_wconf 83' lang='grc' dir='ltr'><strong>ἐν</strong></span> 
     </span>
    </p>
   </div>
   <div class='ocr_carea' id='block_1_53' title="bbox 2435 3179 3296 3253">
    <p class='ocr_par' dir='ltr' id='par_1_53' title="bbox 2435 3179 3296 3253">
     <span class='ocr_line' id='line_1_53' title="bbox 2435 3179 3296 3253; baseline -0.01 -14"><span class='ocrx_word' id='word_1_322' title='bbox 2435 3190 2547 3248; x_wconf 84' lang='grc' dir='ltr'><strong>τοῖς</strong></span> <span class='ocrx_word' id='word_1_323' title='bbox 2575 3182 2868 3253; x_wconf 77' lang='grc' dir='ltr'><strong>ἑπομένοις</strong></span> <span class='ocrx_word' id='word_1_324' title='bbox 2903 3179 3296 3250; x_wconf 75' lang='grc' dir='ltr'><strong>δηλωθήσεται.</strong></span> 
     </span>
    </p>
   </div>
   <div class='ocr_carea' id='block_1_54' title="bbox 2506 3268 3614 3346">
    <p class='ocr_par' dir='ltr' id='par_1_54' title="bbox 2506 3268 3614 3346">
     <span class='ocr_line' id='line_1_54' title="bbox 2506 3268 3614 3346; baseline -0.012 -14"><span class='ocrx_word' id='word_1_325' title='bbox 2506 3279 2823 3346; x_wconf 72' lang='grc' dir='ltr'><strong>Βονιφάτιος</strong></span> <span class='ocrx_word' id='word_1_326' title='bbox 2855 3273 3042 3335; x_wconf 82' lang='grc' dir='ltr'><strong>πάπας</strong></span> <span class='ocrx_word' id='word_1_327' title='bbox 3083 3268 3248 3342; x_wconf 76' lang='grc' dir='ltr'><strong>ἧρξεν</strong></span> <span class='ocrx_word' id='word_1_328' title='bbox 3275 3270 3486 3340; x_wconf 79' lang='grc' dir='ltr'><strong>ἡμέρας</strong></span> <span class='ocrx_word' id='word_1_329' title='bbox 3519 3274 3614 3320; x_wconf 84' lang='grc' dir='ltr'><strong>ιεό</strong></span> 
     </span>
    </p>
   </div>
   <div class='ocr_carea' id='block_1_55' title="bbox 2439 3367 3079 3441">
    <p class='ocr_par' dir='ltr' id='par_1_55' title="bbox 2439 3367 3079 3441">
     <span class='ocr_line' id='line_1_55' title="bbox 2439 3367 3079 3441; baseline -0.005 -18"><span class='ocrx_word' id='word_1_330' title='bbox 2439 3373 2586 3441; x_wconf 81' lang='grc' dir='ltr'><strong>γένει</strong></span> <span class='ocrx_word' id='word_1_331' title='bbox 2621 3371 2718 3439; x_wconf 83' lang='grc' dir='ltr'><strong>μὲν</strong></span> <span class='ocrx_word' id='word_1_332' title='bbox 2746 3367 3079 3427; x_wconf 86' lang='grc' dir='ltr'><strong>Τουσκάνος.</strong></span> 
     </span>
    </p>
   </div>
   <div class='ocr_carea' id='block_1_56' title="bbox 2511 3442 4015 3531">
    <p class='ocr_par' dir='ltr' id='par_1_56' title="bbox 2511 3442 4015 3531">
     <span class='ocr_line' id='line_1_56' title="bbox 2511 3442 4015 3531; baseline -0.01 -15"><span class='ocrx_word' id='word_1_333' title='bbox 2511 3462 2825 3531; x_wconf 86' lang='grc' dir='ltr'><strong>Διαδέχεται</strong></span> <span class='ocrx_word' id='word_1_334' title='bbox 2856 3459 3018 3512; x_wconf 79' lang='grc' dir='ltr'><strong>αὐτὸν</strong></span> <span class='ocrx_word' id='word_1_335' title='bbox 3057 3457 3328 3525; x_wconf 85' lang='grc' dir='ltr'><strong>Στέφανος</strong></span> <span class='ocrx_word' id='word_1_336' title='bbox 3348 3471 3362 3486; x_wconf 74' lang='grc' dir='ltr'><strong><em>ο</em></strong></span> <span class='ocrx_word' id='word_1_337' title='bbox 3395 3451 3791 3524; x_wconf 70' lang='grc' dir='ltr'><strong>ἀρχιεράτευσε</strong></span> <span class='ocrx_word' id='word_1_338' title='bbox 3832 3449 3889 3502; x_wconf 77' lang='grc' dir='ltr'><strong>δὲ</strong></span> <span class='ocrx_word' id='word_1_339' title='bbox 3915 3442 4015 3502; x_wconf 66' lang='grc' dir='ltr'><strong>οἴα-</strong></span> 
     </span>
    </p>
   </div>
   <div class='ocr_carea' id='block_1_57' title="bbox 2440 3546 4016 3626">
    <p class='ocr_par' dir='ltr' id='par_1_57' title="bbox 2440 3546 4016 3626">
     <span class='ocr_line' id='line_1_57' title="bbox 2440 3546 4016 3626; baseline -0.01 -16"><span class='ocrx_word' id='word_1_340' title='bbox 2440 3574 2530 3620; x_wconf 89' lang='grc' dir='ltr'><strong>τος</strong></span> <span class='ocrx_word' id='word_1_341' title='bbox 2559 3557 2751 3626; x_wconf 81' lang='grc' dir='ltr'><strong>χρόνον</strong></span> <span class='ocrx_word' id='word_1_342' title='bbox 2777 3573 2810 3607; x_wconf 92' lang='grc' dir='ltr'><strong>α</strong></span> <span class='ocrx_word' id='word_1_343' title='bbox 2858 3553 2950 3604; x_wconf 67' lang='grc' dir='ltr'><strong>καὶ</strong></span> <span class='ocrx_word' id='word_1_344' title='bbox 2993 3552 3163 3620; x_wconf 78' lang='grc' dir='ltr'><strong>μῆνας</strong></span> <span class='ocrx_word' id='word_1_345' title='bbox 3195 3548 3266 3617; x_wconf 85' lang='grc' dir='ltr'><strong>γ’.</strong></span> <span class='ocrx_word' id='word_1_346' title='bbox 3296 3547 3470 3601; x_wconf 76' lang='grc' dir='ltr'><strong>Αὑτοῦ</strong></span> <span class='ocrx_word' id='word_1_347' title='bbox 3505 3549 3561 3600; x_wconf 80' lang='grc' dir='ltr'><strong>δὲ</strong></span> <span class='ocrx_word' id='word_1_348' title='bbox 3586 3546 4016 3614; x_wconf 78' lang='grc' dir='ltr'><strong>τελευτήσαντος</strong></span> 
     </span>
    </p>
   </div>
   <div class='ocr_carea' id='block_1_58' title="bbox 2440 3634 4019 3717">
    <p class='ocr_par' dir='ltr' id='par_1_58' title="bbox 2440 3634 4019 3717">
     <span class='ocr_line' id='line_1_58' title="bbox 2440 3634 4019 3717; baseline -0.008 -17"><span class='ocrx_word' id='word_1_349' title='bbox 2440 3650 2735 3717; x_wconf 80' lang='grc' dir='ltr'><strong>ἐχήρευσεν</strong></span> <span class='ocrx_word' id='word_1_350' title='bbox 2781 3647 2813 3713; x_wconf 81' lang='grc' dir='ltr'><strong>ἡ</strong></span> <span class='ocrx_word' id='word_1_351' title='bbox 2859 3643 3155 3712; x_wconf 82' lang='grc' dir='ltr'><strong>Ἐκκλησία</strong></span> <span class='ocrx_word' id='word_1_352' title='bbox 3200 3642 3413 3710; x_wconf 84' lang='grc' dir='ltr'><strong>ἡμέρας</strong></span> <span class='ocrx_word' id='word_1_353' title='bbox 3434 3646 3481 3707; x_wconf 81' lang='grc' dir='ltr'><strong>γ’</strong></span> <span class='ocrx_word' id='word_1_354' title='bbox 3507 3656 3520 3671; x_wconf 87' lang='grc'>·</span> <span class='ocrx_word' id='word_1_355' title='bbox 3551 3634 3619 3707; x_wconf 81' lang='grc' dir='ltr'><strong>ἦν</strong></span> <span class='ocrx_word' id='word_1_356' title='bbox 3652 3637 3709 3688; x_wconf 83' lang='grc' dir='ltr'><strong>δὲ</strong></span> <span class='ocrx_word' id='word_1_357' title='bbox 3741 3636 3818 3703; x_wconf 83' lang='grc' dir='ltr'><strong>τῷ</strong></span> <span class='ocrx_word' id='word_1_358' title='bbox 3863 3635 4019 3702; x_wconf 79' lang='grc' dir='ltr'><strong>γένει</strong></span> 
     </span>
    </p>
   </div>
   <div class='ocr_carea' id='block_1_59' title="bbox 2451 3728 4021 3803">
    <p class='ocr_par' dir='ltr' id='par_1_59' title="bbox 2451 3728 4021 3803">
     <span class='ocr_line' id='line_1_59' title="bbox 2451 3728 4021 3803; baseline -0.01 -10"><span class='ocrx_word' id='word_1_359' title='bbox 2451 3741 2721 3803; x_wconf 75' lang='grc' dir='ltr'><strong>Ῥωμαῖος</strong></span> <span class='ocrx_word' id='word_1_360' title='bbox 2751 3738 2848 3803; x_wconf 82' lang='grc'><strong>(1).</strong></span> <span class='ocrx_word' id='word_1_361' title='bbox 2878 3729 3045 3797; x_wconf 73' lang='grc' dir='ltr'><strong>Οὗτος</strong></span> <span class='ocrx_word' id='word_1_362' title='bbox 3069 3734 3177 3788; x_wconf 74' lang='grc' dir='ltr'><strong>ἀπὸ</strong></span> <span class='ocrx_word' id='word_1_363' title='bbox 3214 3731 3495 3802; x_wconf 81' lang='grc' dir='ltr'><strong>Φορμόσου</strong></span> <span class='ocrx_word' id='word_1_364' title='bbox 3525 3731 3681 3783; x_wconf 87' lang='grc' dir='ltr'><strong>πάπα</strong></span> <span class='ocrx_word' id='word_1_365' title='bbox 3713 3728 4021 3788; x_wconf 80' lang='grc' dir='ltr'><strong>ἐπίσκοπος</strong></span> 
     </span>
    </p>
   </div>
   <div class='ocr_carea' id='block_1_60' title="bbox 2445 3819 4020 3898">
    <p class='ocr_par' dir='ltr' id='par_1_60' title="bbox 2445 3819 4020 3898">
     <span class='ocr_line' id='line_1_60' title="bbox 2445 3819 4020 3898; baseline -0.008 -18"><span class='ocrx_word' id='word_1_366' title='bbox 2445 3829 2830 3898; x_wconf 81' lang='grc' dir='ltr'><strong>προεχειρίσθη</strong></span> <span class='ocrx_word' id='word_1_367' title='bbox 2873 3824 3082 3886; x_wconf 77' lang='grc' dir='ltr'><strong>πόλεως</strong></span> <span class='ocrx_word' id='word_1_368' title='bbox 3124 3821 3429 3884; x_wconf 82' lang='grc' dir='ltr'><strong>Ἀνανείας,</strong></span> <span class='ocrx_word' id='word_1_369' title='bbox 3463 3819 3682 3873; x_wconf 75' lang='grc' dir='ltr'><strong>καὶτὸν</strong></span> <span class='ocrx_word' id='word_1_370' title='bbox 3733 3819 4020 3886; x_wconf 83' lang='grc' dir='ltr'><strong>Φόρμοσον</strong></span> 
     </span>
    </p>
   </div>
   <div class='ocr_carea' id='block_1_61' title="bbox 2445 3907 4022 3982">
    <p class='ocr_par' dir='ltr' id='par_1_61' title="bbox 2445 3907 4022 3982">
     <span class='ocr_line' id='line_1_61' title="bbox 2445 3907 4022 3982; baseline -0.008 -10"><span class='ocrx_word' id='word_1_371' title='bbox 2445 3923 2635 3974; x_wconf 85' lang='grc' dir='ltr'><strong>πάπαν</strong></span> <span class='ocrx_word' id='word_1_372' title='bbox 2679 3917 2890 3982; x_wconf 84' lang='grc' dir='ltr'><strong>ἐδίωξε,</strong></span> <span class='ocrx_word' id='word_1_373' title='bbox 2927 3915 3020 3969; x_wconf 74' lang='grc' dir='ltr'><strong>καὶ</strong></span> <span class='ocrx_word' id='word_1_374' title='bbox 3069 3915 3250 3976; x_wconf 77' lang='grc' dir='ltr'><strong>πάσας</strong></span> <span class='ocrx_word' id='word_1_375' title='bbox 3293 3913 3390 3975; x_wconf 74' lang='grc' dir='ltr'><strong>τὰς</strong></span> <span class='ocrx_word' id='word_1_376' title='bbox 3428 3909 3559 3981; x_wconf 85' lang='grc' dir='ltr'><strong>παρ’</strong></span> <span class='ocrx_word' id='word_1_377' title='bbox 3612 3907 3774 3962; x_wconf 76' lang='grc' dir='ltr'><strong>αὐτοῦ</strong></span> <span class='ocrx_word' id='word_1_378' title='bbox 3821 3908 4022 3979; x_wconf 71' lang='grc' dir='ltr'><strong>προδι-</strong></span> 
     </span>
    </p>
   </div>
   <div class='ocr_carea' id='block_1_62' title="bbox 2447 3999 4021 4074">
    <p class='ocr_par' dir='ltr' id='par_1_62' title="bbox 2447 3999 4021 4074">
     <span class='ocr_line' id='line_1_62' title="bbox 2447 3999 4021 4074; baseline -0.004 -13"><span class='ocrx_word' id='word_1_379' title='bbox 2447 4007 2741 4069; x_wconf 76' lang='grc' dir='ltr'><strong>δασθείσας</strong></span> <span class='ocrx_word' id='word_1_380' title='bbox 2788 4005 2971 4068; x_wconf 83' lang='grc' dir='ltr'><strong>τάξεις</strong></span> <span class='ocrx_word' id='word_1_381' title='bbox 3017 4003 3318 4074; x_wconf 78' lang='grc' dir='ltr'><strong>διωχθῆναι</strong></span> <span class='ocrx_word' id='word_1_382' title='bbox 3363 4002 3619 4070; x_wconf 84' lang='grc' dir='ltr'><strong>διέκρινε.</strong></span> <span class='ocrx_word' id='word_1_383' title='bbox 3671 4000 3900 4069; x_wconf 77' lang='grc' dir='ltr'><strong>Φέρεται</strong></span> <span class='ocrx_word' id='word_1_384' title='bbox 3958 3999 4021 4054; x_wconf 69' lang='grc' dir='ltr'><strong>δέ</strong></span> 
     </span>
    </p>
   </div>
   <div class='ocr_carea' id='block_1_63' title="bbox 2448 4091 4020 4166">
    <p class='ocr_par' dir='ltr' id='par_1_63' title="bbox 2448 4091 4020 4166">
     <span class='ocr_line' id='line_1_63' title="bbox 2448 4091 4020 4166; baseline -0.006 -15"><span class='ocrx_word' id='word_1_385' title='bbox 2448 4099 2544 4151; x_wconf 74' lang='grc' dir='ltr'><strong>καὶ</strong></span> <span class='ocrx_word' id='word_1_386' title='bbox 2589 4098 2976 4166; x_wconf 80' lang='grc' dir='ltr'><strong>γεγραμμένον</strong></span> <span class='ocrx_word' id='word_1_387' title='bbox 3016 4097 3096 4148; x_wconf 79' lang='grc' dir='ltr'><strong>ὅτι</strong></span> <span class='ocrx_word' id='word_1_388' title='bbox 3135 4093 3299 4156; x_wconf 82' lang='grc' dir='ltr'><strong>αὐτὸς</strong></span> <span class='ocrx_word' id='word_1_389' title='bbox 3328 4091 3505 4145; x_wconf 71' lang='grc' dir='ltr'><strong>καὶτὸ</strong></span> <span class='ocrx_word' id='word_1_390' title='bbox 3548 4091 3704 4158; x_wconf 84' lang='grc' dir='ltr'><strong>σῶμα</strong></span> <span class='ocrx_word' id='word_1_391' title='bbox 3733 4092 4020 4160; x_wconf 68' lang='grc' dir='ltr'><strong>Φορμὸσου</strong></span> 
     </span>
    </p>
   </div>
   <div class='ocr_carea' id='block_1_64' title="bbox 3647 3258 4011 3336">
    <p class='ocr_par' dir='ltr' id='par_1_64' title="bbox 3647 3258 4011 3336">
     <span class='ocr_line' id='line_1_64' title="bbox 3647 3258 4011 3336; baseline -0.011 -18"><span class='ocrx_word' id='word_1_392' title='bbox 3647 3262 3714 3336; x_wconf 79' lang='grc' dir='ltr'><strong>ἦν</strong></span> <span class='ocrx_word' id='word_1_393' title='bbox 3745 3258 3903 3326; x_wconf 77' lang='grc' dir='ltr'><strong>οὗτος</strong></span> <span class='ocrx_word' id='word_1_394' title='bbox 3928 3263 4011 3333; x_wconf 76' lang='grc' dir='ltr'><strong>τῷ</strong></span> 
     </span>
    </p>
   </div>
   <div class='ocr_carea' id='block_1_65' title="bbox 768 4181 3157 4258">
    <p class='ocr_par' dir='ltr' id='par_1_65' title="bbox 768 4186 3157 4258">
     <span class='ocr_line' id='line_1_65' title="bbox 768 4186 3157 4258; baseline -0.002 -17"><span class='ocrx_word' id='word_1_395' title='bbox 768 4189 962 4256; x_wconf 88' lang='lat' dir='ltr'><strong>jacens</strong></span> <span class='ocrx_word' id='word_1_396' title='bbox 1003 4189 1314 4258; x_wconf 65' lang='lat' dir='ltr'><strong>‘pontilicali</strong></span> <span class='ocrx_word' id='word_1_397' title='bbox 1380 4189 1516 4243; x_wconf 91' lang='lat' dir='ltr'><strong>stola</strong></span> <span class='ocrx_word' id='word_1_398' title='bbox 1566 4188 1814 4251; x_wconf 79' lang='lat' dir='ltr'><strong>exuisse,</strong></span> <span class='ocrx_word' id='word_1_399' title='bbox 1870 4195 1923 4240; x_wconf 90' lang='lat' dir='ltr'><strong>et</strong></span> <span class='ocrx_word' id='word_1_400' title='bbox 1984 4186 2160 4239; x_wconf 89' lang='lat' dir='ltr'><strong>laicali</strong></span> <span class='ocrx_word' id='word_1_401' title='bbox 2197 4196 2343 4236; x_wconf 87' lang='lat' dir='ltr'><strong>veste</strong></span> <span class='ocrx_word' id='word_1_402' title='bbox 2368 4189 2412 4247; x_wconf 62' lang='grc' dir='ltr'><strong>ί]</strong></span> <span class='ocrx_word' id='word_1_403' title='bbox 2447 4193 2506 4242; x_wconf 75' lang='grc' dir='ltr'><strong>ἐν</strong></span> <span class='ocrx_word' id='word_1_404' title='bbox 2533 4189 2613 4258; x_wconf 79' lang='grc' dir='ltr'><strong>τῷ</strong></span> <span class='ocrx_word' id='word_1_405' title='bbox 2645 4188 2959 4258; x_wconf 75' lang='grc' dir='ltr'><strong>συμϐουλίῳ</strong></span> <span class='ocrx_word' id='word_1_406' title='bbox 2983 4186 3157 4254; x_wconf 59' lang='lat' dir='ltr'><strong>ustum</strong></span> 
     </span>
    </p>
   </div>
   <div class='ocr_carea' id='block_1_66' title="bbox 2438 4181 4022 4258">
    <p class='ocr_par' dir='ltr' id='par_1_66' title="bbox 2447 4181 4022 4258">
     <span class='ocr_line' id='line_1_66' title="bbox 2447 4181 4022 4258; baseline -0.006 -16"><span class='ocrx_word' id='word_1_407' title='bbox 2447 4193 2506 4242; x_wconf 80' lang='grc' dir='ltr'><strong>έν</strong></span> <span class='ocrx_word' id='word_1_408' title='bbox 2533 4189 2613 4258; x_wconf 79' lang='grc' dir='ltr'><strong>τῷ</strong></span> <span class='ocrx_word' id='word_1_409' title='bbox 2645 4188 2959 4258; x_wconf 78' lang='grc' dir='ltr'><strong>συμϐουλίῳ</strong></span> <span class='ocrx_word' id='word_1_410' title='bbox 2983 4186 3235 4254; x_wconf 82' lang='grc' dir='ltr'><strong>κείμενον</strong></span> <span class='ocrx_word' id='word_1_411' title='bbox 3270 4184 3366 4253; x_wconf 74' lang='grc' dir='ltr'><strong>τὴν</strong></span> <span class='ocrx_word' id='word_1_412' title='bbox 3396 4183 3788 4252; x_wconf 75' lang='grc' dir='ltr'><strong>ἀρχιερατικὴν</strong></span> <span class='ocrx_word' id='word_1_413' title='bbox 3824 4181 4022 4250; x_wconf 73' lang='grc' dir='ltr'><strong>στολὴν</strong></span> 
     </span>
    </p>
   </div>
   <div class='ocr_carea' id='block_1_67' title="bbox 773 4276 2341 4349">
    <p class='ocr_par' dir='ltr' id='par_1_67' title="bbox 773 4276 2341 4349">
     <span class='ocr_line' id='line_1_67' title="bbox 773 4276 2341 4349; baseline -0.004 -15"><span class='ocrx_word' id='word_1_414' title='bbox 773 4279 1040 4341; x_wconf 86' lang='lat' dir='ltr'><strong>induisse,</strong></span> <span class='ocrx_word' id='word_1_415' title='bbox 1089 4295 1152 4334; x_wconf 91' lang='lat' dir='ltr'><strong>ac</strong></span> <span class='ocrx_word' id='word_1_416' title='bbox 1180 4283 1483 4349; x_wconf 86' lang='lat' dir='ltr'><strong>‘postquam</strong></span> <span class='ocrx_word' id='word_1_417' title='bbox 1532 4294 1724 4334; x_wconf 89' lang='lat' dir='ltr'><strong>manus</strong></span> <span class='ocrx_word' id='word_1_418' title='bbox 1774 4279 1893 4346; x_wconf 81' lang='lat' dir='ltr'><strong>eius</strong></span> <span class='ocrx_word' id='word_1_419' title='bbox 1935 4279 2173 4331; x_wconf 72' lang='lat' dir='ltr'><strong>dextera:</strong></span> <span class='ocrx_word' id='word_1_420' title='bbox 2202 4276 2341 4328; x_wconf 91' lang='lat' dir='ltr'><strong>duos</strong></span> 
     </span>
    </p>
   </div>
   <div class='ocr_carea' id='block_1_68' title="bbox 773 4367 2230 4438">
    <p class='ocr_par' dir='ltr' id='par_1_68' title="bbox 773 4367 2230 4438">
     <span class='ocr_line' id='line_1_68' title="bbox 773 4367 2230 4438; baseline -0.001 -16"><span class='ocrx_word' id='word_1_421' title='bbox 773 4368 976 4438; x_wconf 80' lang='lat' dir='ltr'><strong>digitos</strong></span> <span class='ocrx_word' id='word_1_422' title='bbox 1009 4377 1368 4438; x_wconf 86' lang='lat' dir='ltr'><strong>amputasset,</strong></span> <span class='ocrx_word' id='word_1_423' title='bbox 1404 4368 1458 4422; x_wconf 94' lang='lat' dir='ltr'><strong>in</strong></span> <span class='ocrx_word' id='word_1_424' title='bbox 1485 4369 1708 4422; x_wconf 82' lang='lat' dir='ltr'><strong>ﬂuvium</strong></span> <span class='ocrx_word' id='word_1_425' title='bbox 1741 4367 1938 4438; x_wconf 87' lang='lat' dir='ltr'><strong>conjici</strong></span> <span class='ocrx_word' id='word_1_426' title='bbox 1977 4368 2230 4435; x_wconf 66' lang='lat' dir='ltr'><strong>iussisse.</strong></span> 
     </span>
    </p>
   </div>
   <div class='ocr_carea' id='block_1_69' title="bbox 847 4548 2344 4624">
    <p class='ocr_par' dir='ltr' id='par_1_69' title="bbox 847 4548 2344 4624">
     <span class='ocr_line' id='line_1_69' title="bbox 847 4548 2344 4624; baseline -0.005 -16"><span class='ocrx_word' id='word_1_427' title='bbox 847 4553 1173 4609; x_wconf 89' lang='lat' dir='ltr'><strong>Theodorus</strong></span> <span class='ocrx_word' id='word_1_428' title='bbox 1201 4569 1338 4624; x_wconf 88' lang='lat' dir='ltr'><strong>papa</strong></span> <span class='ocrx_word' id='word_1_429' title='bbox 1369 4560 1529 4622; x_wconf 71' lang='lat' dir='ltr'><strong>gente</strong></span> <span class='ocrx_word' id='word_1_430' title='bbox 1560 4551 1879 4616; x_wconf 77' lang='lat' dir='ltr'><strong>Romanus;</strong></span> <span class='ocrx_word' id='word_1_431' title='bbox 1943 4551 2034 4605; x_wconf 81' lang='lat' dir='ltr'><strong>ille</strong></span> <span class='ocrx_word' id='word_1_432' title='bbox 2069 4548 2344 4604; x_wconf 87' lang='lat' dir='ltr'><strong>contraria</strong></span> 
     </span>
    </p>
   </div>
   <div class='ocr_carea' id='block_1_70' title="bbox 774 4641 2347 4718">
    <p class='ocr_par' dir='ltr' id='par_1_70' title="bbox 774 4641 2347 4718">
     <span class='ocr_line' id='line_1_70' title="bbox 774 4641 2347 4718; baseline -0.006 -15"><span class='ocrx_word' id='word_1_433' title='bbox 774 4661 931 4718; x_wconf 79' lang='lat' dir='ltr'><strong>papa:</strong></span> <span class='ocrx_word' id='word_1_434' title='bbox 960 4646 1239 4713; x_wconf 84' lang='lat' dir='ltr'><strong>Stephano</strong></span> <span class='ocrx_word' id='word_1_435' title='bbox 1266 4646 1533 4711; x_wconf 87' lang='lat' dir='ltr'><strong>sentiens,</strong></span> <span class='ocrx_word' id='word_1_436' title='bbox 1567 4643 1807 4699; x_wconf 87' lang='lat' dir='ltr'><strong>restituit</strong></span> <span class='ocrx_word' id='word_1_437' title='bbox 1836 4658 2027 4698; x_wconf 88' lang='lat' dir='ltr'><strong>onmes</strong></span> <span class='ocrx_word' id='word_1_438' title='bbox 2057 4641 2347 4712; x_wconf 76' lang='lat' dir='ltr'><strong>dignitates</strong></span> 
     </span>
    </p>
   </div>
   <div class='ocr_carea' id='block_1_71' title="bbox 777 4738 1369 4795">
    <p class='ocr_par' dir='ltr' id='par_1_71' title="bbox 777 4738 1369 4795">
     <span class='ocr_line' id='line_1_71' title="bbox 777 4738 1369 4795; baseline -0.008 0"><span class='ocrx_word' id='word_1_439' title='bbox 777 4756 809 4795; x_wconf 86' lang='lat' dir='ltr'><strong>a</strong></span> <span class='ocrx_word' id='word_1_440' title='bbox 840 4738 1107 4794; x_wconf 88' lang='lat' dir='ltr'><strong>Formoso</strong></span> <span class='ocrx_word' id='word_1_441' title='bbox 1139 4747 1369 4793; x_wconf 86' lang='lat' dir='ltr'><strong>creatas.</strong></span> 
     </span>
    </p>
   </div>
   <div class='ocr_carea' id='block_1_72' title="bbox 851 4823 2348 4898">
    <p class='ocr_par' dir='ltr' id='par_1_72' title="bbox 851 4823 2348 4898">
     <span class='ocr_line' id='line_1_72' title="bbox 851 4823 2348 4898; baseline -0.007 -13"><span class='ocrx_word' id='word_1_442' title='bbox 851 4829 1094 4885; x_wconf 78' lang='lat' dir='ltr'><strong>Joannes</strong></span> <span class='ocrx_word' id='word_1_443' title='bbox 1125 4843 1263 4898; x_wconf 88' lang='lat' dir='ltr'><strong>papa</strong></span> <span class='ocrx_word' id='word_1_444' title='bbox 1298 4827 1554 4882; x_wconf 86' lang='lat' dir='ltr'><strong>thronum</strong></span> <span class='ocrx_word' id='word_1_445' title='bbox 1588 4827 1821 4882; x_wconf 84' lang='lat' dir='ltr'><strong>obtinuit</strong></span> <span class='ocrx_word' id='word_1_446' title='bbox 1844 4841 2015 4880; x_wconf 89' lang='lat' dir='ltr'><strong>annos</strong></span> <span class='ocrx_word' id='word_1_447' title='bbox 2043 4824 2202 4886; x_wconf 87' lang='lat' dir='ltr'><strong>duos,</strong></span> <span class='ocrx_word' id='word_1_448' title='bbox 2232 4823 2348 4876; x_wconf 88' lang='lat' dir='ltr'><strong>dies</strong></span> 
     </span>
    </p>
   </div>
   <div class='ocr_carea' id='block_1_73' title="bbox 779 4914 2347 4992">
    <p class='ocr_par' dir='ltr' id='par_1_73' title="bbox 779 4914 2347 4992">
     <span class='ocr_line' id='line_1_73' title="bbox 779 4914 2347 4992; baseline -0.006 -16"><span class='ocrx_word' id='word_1_449' title='bbox 779 4922 1046 4992; x_wconf 87' lang='lat' dir='ltr'><strong>quinque.</strong></span> <span class='ocrx_word' id='word_1_450' title='bbox 1115 4919 1211 4973; x_wconf 91' lang='lat' dir='ltr'><strong>llle</strong></span> <span class='ocrx_word' id='word_1_451' title='bbox 1270 4925 1461 4972; x_wconf 90' lang='lat' dir='ltr'><strong>contra</strong></span> <span class='ocrx_word' id='word_1_452' title='bbox 1514 4915 1794 4970; x_wconf 77' lang='lat' dir='ltr'><strong>Romanos</strong></span> <span class='ocrx_word' id='word_1_453' title='bbox 1849 4915 2108 4980; x_wconf 87' lang='lat' dir='ltr'><strong>bellavit;</strong></span> <span class='ocrx_word' id='word_1_454' title='bbox 2170 4923 2226 4968; x_wconf 85' lang='lat' dir='ltr'><strong>et</strong></span> <span class='ocrx_word' id='word_1_455' title='bbox 2282 4914 2347 4967; x_wconf 90' lang='lat' dir='ltr'><strong>ad</strong></span> 
     </span>
    </p>
   </div>
   <div class='ocr_carea' id='block_1_74' title="bbox 783 5007 2346 5075">
    <p class='ocr_par' dir='ltr' id='par_1_74' title="bbox 783 5007 2346 5075">
     <span class='ocr_line' id='line_1_74' title="bbox 783 5007 2346 5075; baseline -0.006 -9"><span class='ocrx_word' id='word_1_456' title='bbox 783 5013 1105 5068; x_wconf 86' lang='lat' dir='ltr'><strong>validiorem</strong></span> <span class='ocrx_word' id='word_1_457' title='bbox 1157 5011 1459 5065; x_wconf 79' lang='lat' dir='ltr'><strong>faciendam</strong></span> <span class='ocrx_word' id='word_1_458' title='bbox 1516 5008 1966 5064; x_wconf 87' lang='lat' dir='ltr'><strong>restaurationem</strong></span> <span class='ocrx_word' id='word_1_459' title='bbox 2019 5007 2346 5075; x_wconf 81' lang='lat' dir='ltr'><strong>dignitatum</strong></span> 
     </span>
    </p>
   </div>
   <div class='ocr_carea' id='block_1_75' title="bbox 784 5097 2350 5174">
    <p class='ocr_par' dir='ltr' id='par_1_75' title="bbox 784 5097 2350 5174">
     <span class='ocr_line' id='line_1_75' title="bbox 784 5097 2350 5174; baseline -0.008 -13"><span class='ocrx_word' id='word_1_460' title='bbox 784 5106 1060 5168; x_wconf 88' lang='lat' dir='ltr'><strong>Formosi,</strong></span> <span class='ocrx_word' id='word_1_461' title='bbox 1113 5103 1382 5174; x_wconf 85' lang='lat' dir='ltr'><strong>synodum</strong></span> <span class='ocrx_word' id='word_1_462' title='bbox 1429 5101 1495 5154; x_wconf 68' lang='grc'><strong>74</strong></span> <span class='ocrx_word' id='word_1_463' title='bbox 1527 5101 1905 5168; x_wconf 90' lang='lat' dir='ltr'><strong>episcoporum</strong></span> <span class='ocrx_word' id='word_1_464' title='bbox 1964 5099 2016 5151; x_wconf 93' lang='lat' dir='ltr'><strong>in</strong></span> <span class='ocrx_word' id='word_1_465' title='bbox 2056 5099 2188 5151; x_wconf 83' lang='lat' dir='ltr'><strong>urbe</strong></span> <span class='ocrx_word' id='word_1_466' title='bbox 2241 5097 2350 5149; x_wconf 62' lang='lat' dir='ltr'><strong>lla-</strong></span> 
     </span>
    </p>
   </div>
   <div class='ocr_carea' id='block_1_76' title="bbox 786 5191 2354 5264">
    <p class='ocr_par' dir='ltr' id='par_1_76' title="bbox 786 5191 2354 5264">
     <span class='ocr_line' id='line_1_76' title="bbox 786 5191 2354 5264; baseline -0.003 -16"><span class='ocrx_word' id='word_1_467' title='bbox 786 5210 964 5249; x_wconf 85' lang='lat' dir='ltr'><strong>venua</strong></span> <span class='ocrx_word' id='word_1_468' title='bbox 1005 5193 1378 5264; x_wconf 78' lang='lat' dir='ltr'><strong>congregavit,</strong></span> <span class='ocrx_word' id='word_1_469' title='bbox 1412 5193 1500 5246; x_wconf 85' lang='lat' dir='ltr'><strong>ubi</strong></span> <span class='ocrx_word' id='word_1_470' title='bbox 1539 5192 1803 5261; x_wconf 84' lang='lat' dir='ltr'><strong>synodum</strong></span> <span class='ocrx_word' id='word_1_471' title='bbox 1848 5206 2010 5258; x_wconf 88' lang='lat' dir='ltr'><strong>quam</strong></span> <span class='ocrx_word' id='word_1_472' title='bbox 2045 5191 2354 5258; x_wconf 84' lang='lat' dir='ltr'><strong>Stephanus</strong></span> 
     </span>
    </p>
   </div>
   <div class='ocr_carea' id='block_1_77' title="bbox 777 5283 2124 5359">
    <p class='ocr_par' dir='ltr' id='par_1_77' title="bbox 777 5283 2124 5359">
     <span class='ocr_line' id='line_1_77' title="bbox 777 5283 2124 5359; baseline -0.007 -16"><span class='ocrx_word' id='word_1_473' title='bbox 777 5304 920 5359; x_wconf 86' lang='lat' dir='ltr'><strong>papa</strong></span> <span class='ocrx_word' id='word_1_474' title='bbox 952 5295 1142 5343; x_wconf 88' lang='lat' dir='ltr'><strong>contra</strong></span> <span class='ocrx_word' id='word_1_475' title='bbox 1174 5285 1498 5340; x_wconf 83' lang='lat' dir='ltr'><strong>Formosum</strong></span> <span class='ocrx_word' id='word_1_476' title='bbox 1537 5286 1761 5347; x_wconf 80' lang='lat' dir='ltr'><strong>iecerat,</strong></span> <span class='ocrx_word' id='word_1_477' title='bbox 1796 5283 2124 5352; x_wconf 86' lang='lat' dir='ltr'><strong>reprobavit.</strong></span> 
     </span>
    </p>
   </div>
   <div class='ocr_carea' id='block_1_78' title="bbox 857 5536 2356 5609">
    <p class='ocr_par' dir='ltr' id='par_1_78' title="bbox 857 5536 2356 5609">
     <span class='ocr_line' id='line_1_78' title="bbox 857 5536 2356 5609; baseline -0.003 -16"><span class='ocrx_word' id='word_1_478' title='bbox 857 5539 933 5609; x_wconf 65' lang='grc' dir='ltr'><strong>(ιι)</strong></span> <span class='ocrx_word' id='word_1_479' title='bbox 968 5538 1048 5592; x_wconf 89' lang='lat' dir='ltr'><strong>En</strong></span> <span class='ocrx_word' id='word_1_480' title='bbox 1082 5547 1139 5609; x_wconf 80' lang='lat' dir='ltr'><strong>ut</strong></span> <span class='ocrx_word' id='word_1_481' title='bbox 1171 5537 1389 5592; x_wconf 67' lang='lat' dir='ltr'><strong>Graecus</strong></span> <span class='ocrx_word' id='word_1_482' title='bbox 1439 5536 1902 5609; x_wconf 75' lang='lat' dir='ltr'><strong>cltronograplms.</strong></span> <span class='ocrx_word' id='word_1_483' title='bbox 1925 5551 1994 5609; x_wconf 82' lang='lat' dir='ltr'><strong>ex</strong></span> <span class='ocrx_word' id='word_1_484' title='bbox 2040 5549 2356 5609; x_wconf 82' lang='lat' dir='ltr'><strong>successore</strong></span> 
     </span>
    </p>
   </div>
   <div class='ocr_carea' id='block_1_79' title="bbox 785 5606 2358 5678">
    <p class='ocr_par' dir='ltr' id='par_1_79' title="bbox 785 5606 2358 5678">
     <span class='ocr_line' id='line_1_79' title="bbox 785 5606 2358 5678; baseline -0.004 -13"><span class='ocrx_word' id='word_1_485' title='bbox 785 5606 1046 5678; x_wconf 83' lang='lat' dir='ltr'><strong>Stephani</strong></span> <span class='ocrx_word' id='word_1_486' title='bbox 1085 5608 1331 5662; x_wconf 79' lang='lat' dir='ltr'><strong>Romano</strong></span> <span class='ocrx_word' id='word_1_487' title='bbox 1367 5608 1531 5677; x_wconf 88' lang='lat' dir='ltr'><strong>(apud</strong></span> <span class='ocrx_word' id='word_1_488' title='bbox 1560 5625 1656 5661; x_wconf 84' lang='lat' dir='ltr'><strong>nos</strong></span> <span class='ocrx_word' id='word_1_489' title='bbox 1713 5623 1766 5675; x_wconf 89' lang='lat' dir='ltr'><strong>p.</strong></span> <span class='ocrx_word' id='word_1_490' title='bbox 1797 5606 1943 5674; x_wconf 68' lang='lat' dir='ltr'><strong>2H)</strong></span> <span class='ocrx_word' id='word_1_491' title='bbox 1975 5608 2206 5678; x_wconf 85' lang='lat' dir='ltr'><strong>patriam</strong></span> <span class='ocrx_word' id='word_1_492' title='bbox 2239 5607 2358 5658; x_wconf 61' lang='lat' dir='ltr'><strong>Steo</strong></span> 
     </span>
    </p>
   </div>
   <div class='ocr_carea' id='block_1_80' title="bbox 789 5676 2358 5749">
    <p class='ocr_par' dir='ltr' id='par_1_80' title="bbox 789 5676 2358 5749">
     <span class='ocr_line' id='line_1_80' title="bbox 789 5676 2358 5749; baseline -0.003 -17"><span class='ocrx_word' id='word_1_493' title='bbox 789 5676 950 5749; x_wconf 82' lang='lat' dir='ltr'><strong>phani</strong></span> <span class='ocrx_word' id='word_1_494' title='bbox 977 5678 1159 5742; x_wconf 83' lang='lat' dir='ltr'><strong>eilicit,</strong></span> <span class='ocrx_word' id='word_1_495' title='bbox 1192 5676 1396 5749; x_wconf 82' lang='lat' dir='ltr'><strong>omisso</strong></span> <span class='ocrx_word' id='word_1_496' title='bbox 1429 5680 1676 5749; x_wconf 72' lang='lat' dir='ltr'><strong>Romano</strong></span> <span class='ocrx_word' id='word_1_497' title='bbox 1701 5678 1974 5749; x_wconf 79' lang='lat' dir='ltr'><strong>pontitiee,</strong></span> <span class='ocrx_word' id='word_1_498' title='bbox 2001 5676 2097 5749; x_wconf 86' lang='lat' dir='ltr'><strong>qui</strong></span> <span class='ocrx_word' id='word_1_499' title='bbox 2134 5685 2217 5749; x_wconf 77' lang='lat' dir='ltr'><strong>est</strong></span> <span class='ocrx_word' id='word_1_500' title='bbox 2242 5692 2358 5728; x_wconf 88' lang='lat' dir='ltr'><strong>ma-</strong></span> 
     </span>
    </p>
   </div>
   <div class='ocr_carea' id='block_1_81' title="bbox 789 5747 2361 5816">
    <p class='ocr_par' dir='ltr' id='par_1_81' title="bbox 789 5747 2361 5816">
     <span class='ocr_line' id='line_1_81' title="bbox 789 5747 2361 5816; baseline -0.005 -8"><span class='ocrx_word' id='word_1_501' title='bbox 789 5747 1021 5808; x_wconf 79' lang='lat' dir='ltr'><strong>nifestus</strong></span> <span class='ocrx_word' id='word_1_502' title='bbox 1069 5764 1240 5806; x_wconf 86' lang='lat' dir='ltr'><strong>error.</strong></span> <span class='ocrx_word' id='word_1_503' title='bbox 1270 5748 1573 5811; x_wconf 66' lang='lat' dir='ltr'><strong>Caeteronui</strong></span> <span class='ocrx_word' id='word_1_504' title='bbox 1609 5749 1660 5802; x_wconf 91' lang='lat' dir='ltr'><strong>in</strong></span> <span class='ocrx_word' id='word_1_505' title='bbox 1696 5747 1900 5802; x_wconf 78' lang='lat' dir='ltr'><strong>cat-teris</strong></span> <span class='ocrx_word' id='word_1_506' title='bbox 1927 5748 2079 5801; x_wconf 88' lang='lat' dir='ltr'><strong>valde</strong></span> <span class='ocrx_word' id='word_1_507' title='bbox 2120 5747 2361 5816; x_wconf 84' lang='lat' dir='ltr'><strong>mireque</strong></span> 
     </span>
    </p>
   </div>
   <div class='ocr_carea' id='block_1_82' title="bbox 2445 4274 4020 4350">
    <p class='ocr_par' dir='ltr' id='par_1_82' title="bbox 2445 4274 4020 4350">
     <span class='ocr_line' id='line_1_82' title="bbox 2445 4274 4020 4350; baseline -0.007 -14"><span class='ocrx_word' id='word_1_508' title='bbox 2445 4284 2684 4346; x_wconf 77' lang='grc' dir='ltr'><strong>ἐξέδυσε,</strong></span> <span class='ocrx_word' id='word_1_509' title='bbox 2714 4282 2807 4335; x_wconf 78' lang='grc' dir='ltr'><strong>καὶ</strong></span> <span class='ocrx_word' id='word_1_510' title='bbox 2856 4280 3050 4350; x_wconf 80' lang='grc' dir='ltr'><strong>λαῖκὴν</strong></span> <span class='ocrx_word' id='word_1_511' title='bbox 3084 4279 3322 4343; x_wconf 80' lang='grc' dir='ltr'><strong>ἐνέδυσε,</strong></span> <span class='ocrx_word' id='word_1_512' title='bbox 3368 4277 3464 4328; x_wconf 73' lang='grc' dir='ltr'><strong>καὶ</strong></span> <span class='ocrx_word' id='word_1_513' title='bbox 3492 4278 3615 4338; x_wconf 71' lang='grc' dir='ltr'><strong>τοὺς</strong></span> <span class='ocrx_word' id='word_1_514' title='bbox 3647 4275 3692 4340; x_wconf 79' lang='grc' dir='ltr'><strong>β’</strong></span> <span class='ocrx_word' id='word_1_515' title='bbox 3717 4274 4020 4335; x_wconf 62' lang='grc' dir='ltr'><strong>δακτύλους</strong></span> 
     </span>
    </p>
   </div>
   <div class='ocr_carea' id='block_1_83' title="bbox 2447 4367 4024 4444">
    <p class='ocr_par' dir='ltr' id='par_1_83' title="bbox 2447 4367 4024 4444">
     <span class='ocr_line' id='line_1_83' title="bbox 2447 4367 4024 4444; baseline -0.01 -13"><span class='ocrx_word' id='word_1_516' title='bbox 2447 4375 2545 4444; x_wconf 78' lang='grc' dir='ltr'><strong>τῆς</strong></span> <span class='ocrx_word' id='word_1_517' title='bbox 2590 4373 2768 4438; x_wconf 78' lang='grc' dir='ltr'><strong>δεξιᾶς</strong></span> <span class='ocrx_word' id='word_1_518' title='bbox 2798 4371 2968 4425; x_wconf 73' lang='grc' dir='ltr'><strong>αὐτοῦ</strong></span> <span class='ocrx_word' id='word_1_519' title='bbox 3015 4371 3198 4441; x_wconf 73' lang='grc' dir='ltr'><strong>χειρὸς</strong></span> <span class='ocrx_word' id='word_1_520' title='bbox 3245 4371 3549 4440; x_wconf 64' lang='grc' dir='ltr'><strong>ἀποκόψας,</strong></span> <span class='ocrx_word' id='word_1_521' title='bbox 3577 4373 3633 4422; x_wconf 79' lang='grc' dir='ltr'><strong>ἐν</strong></span> <span class='ocrx_word' id='word_1_522' title='bbox 3675 4368 3750 4438; x_wconf 83' lang='grc' dir='ltr'><strong>τῷ</strong></span> <span class='ocrx_word' id='word_1_523' title='bbox 3784 4367 4024 4436; x_wconf 77' lang='grc' dir='ltr'><strong>ποταμῷ</strong></span> 
     </span>
    </p>
   </div>
   <div class='ocr_carea' id='block_1_84' title="bbox 2450 4463 3030 4537">
    <p class='ocr_par' dir='ltr' id='par_1_84' title="bbox 2450 4463 3030 4537">
     <span class='ocr_line' id='line_1_84' title="bbox 2450 4463 3030 4537; baseline -0.009 -19"><span class='ocrx_word' id='word_1_524' title='bbox 2450 4467 2672 4537; x_wconf 76' lang='grc' dir='ltr'><strong>ῥιφῆναι</strong></span> <span class='ocrx_word' id='word_1_525' title='bbox 2711 4463 3030 4531; x_wconf 83' lang='grc' dir='ltr'><strong>προσέταξε.</strong></span> 
     </span>
    </p>
   </div>
   <div class='ocr_carea' id='block_1_85' title="bbox 2517 4545 4027 4626">
    <p class='ocr_par' dir='ltr' id='par_1_85' title="bbox 2517 4545 4027 4626">
     <span class='ocr_line' id='line_1_85' title="bbox 2517 4545 4027 4626; baseline -0.003 -18"><span class='ocrx_word' id='word_1_526' title='bbox 2517 4556 2794 4626; x_wconf 84' lang='grc' dir='ltr'><strong>Θεόδωρος</strong></span> <span class='ocrx_word' id='word_1_527' title='bbox 2823 4555 3011 4617; x_wconf 82' lang='grc' dir='ltr'><strong>πάπας</strong></span> <span class='ocrx_word' id='word_1_528' title='bbox 3040 4553 3118 4621; x_wconf 86' lang='grc' dir='ltr'><strong>τῷ</strong></span> <span class='ocrx_word' id='word_1_529' title='bbox 3149 4553 3299 4621; x_wconf 87' lang='grc' dir='ltr'><strong>γένει</strong></span> <span class='ocrx_word' id='word_1_530' title='bbox 3338 4553 3609 4622; x_wconf 70' lang='grc' dir='ltr'><strong>Ῥωμαῖος</strong></span> <span class='ocrx_word' id='word_1_531' title='bbox 3636 4568 3652 4584; x_wconf 81' lang='grc' dir='ltr'><strong>ο</strong></span> <span class='ocrx_word' id='word_1_532' title='bbox 3691 4545 3848 4613; x_wconf 72' lang='grc' dir='ltr'><strong>οὗτος</strong></span> <span class='ocrx_word' id='word_1_533' title='bbox 3875 4555 4027 4605; x_wconf 83' lang='grc' dir='ltr'><strong>ἐναν-</strong></span> 
     </span>
    </p>
   </div>
   <div class='ocr_carea' id='block_1_86' title="bbox 2449 4641 4026 4716">
    <p class='ocr_par' dir='ltr' id='par_1_86' title="bbox 2449 4641 4026 4716">
     <span class='ocr_line' id='line_1_86' title="bbox 2449 4641 4026 4716; baseline -0.003 -16"><span class='ocrx_word' id='word_1_534' title='bbox 2449 4649 2538 4700; x_wconf 76' lang='grc' dir='ltr'><strong>τία</strong></span> <span class='ocrx_word' id='word_1_535' title='bbox 2567 4647 2645 4715; x_wconf 84' lang='grc' dir='ltr'><strong>τῷ</strong></span> <span class='ocrx_word' id='word_1_536' title='bbox 2677 4647 2836 4716; x_wconf 78' lang='grc' dir='ltr'><strong>πάπᾳ</strong></span> <span class='ocrx_word' id='word_1_537' title='bbox 2868 4645 3124 4714; x_wconf 73' lang='grc' dir='ltr'><strong>Στεφάνῳ</strong></span> <span class='ocrx_word' id='word_1_538' title='bbox 3150 4645 3364 4714; x_wconf 77' lang='grc' dir='ltr'><strong>φρονῶν</strong></span> <span class='ocrx_word' id='word_1_539' title='bbox 3402 4641 3810 4715; x_wconf 84' lang='grc' dir='ltr'><strong>ἀποκατήλλαξε</strong></span> <span class='ocrx_word' id='word_1_540' title='bbox 3842 4642 4026 4706; x_wconf 82' lang='grc' dir='ltr'><strong>πάσας</strong></span> 
     </span>
    </p>
   </div>
   <div class='ocr_carea' id='block_1_87' title="bbox 2449 4737 3360 4805">
    <p class='ocr_par' dir='ltr' id='par_1_87' title="bbox 2449 4737 3360 4805">
     <span class='ocr_line' id='line_1_87' title="bbox 2449 4737 3360 4805; baseline -0.002 -13"><span class='ocrx_word' id='word_1_541' title='bbox 2449 4742 2547 4803; x_wconf 75' lang='grc' dir='ltr'><strong>τάς</strong></span> <span class='ocrx_word' id='word_1_542' title='bbox 2571 4739 2751 4804; x_wconf 81' lang='grc' dir='ltr'><strong>τάξεις</strong></span> <span class='ocrx_word' id='word_1_543' title='bbox 2785 4742 2885 4800; x_wconf 83' lang='grc' dir='ltr'><strong>τάς</strong></span> <span class='ocrx_word' id='word_1_544' title='bbox 2915 4737 3024 4790; x_wconf 78' lang='grc' dir='ltr'><strong>άπὸ</strong></span> <span class='ocrx_word' id='word_1_545' title='bbox 3054 4738 3360 4805; x_wconf 80' lang='grc' dir='ltr'><strong>Φορμὸσου.</strong></span> 
     </span>
    </p>
   </div>
   <div class='ocr_carea' id='block_1_88' title="bbox 2536 4829 4026 4900">
    <p class='ocr_par' dir='ltr' id='par_1_88' title="bbox 2536 4829 4026 4900">
     <span class='ocr_line' id='line_1_88' title="bbox 2536 4829 4026 4900; baseline -0.008 -13"><span class='ocrx_word' id='word_1_546' title='bbox 2536 4833 2788 4899; x_wconf 83' lang='grc' dir='ltr'><strong>Ἰωάννης</strong></span> <span class='ocrx_word' id='word_1_547' title='bbox 2831 4830 3017 4893; x_wconf 85' lang='grc' dir='ltr'><strong>πάπας</strong></span> <span class='ocrx_word' id='word_1_548' title='bbox 3064 4833 3295 4900; x_wconf 82' lang='grc' dir='ltr'><strong>κατέσχε</strong></span> <span class='ocrx_word' id='word_1_549' title='bbox 3327 4833 3416 4882; x_wconf 68' lang='grc' dir='ltr'><strong>τὸν</strong></span> <span class='ocrx_word' id='word_1_550' title='bbox 3462 4829 3654 4898; x_wconf 71' lang='grc' dir='ltr'><strong>θρόνον</strong></span> <span class='ocrx_word' id='word_1_551' title='bbox 3694 4829 3922 4897; x_wconf 74' lang='grc' dir='ltr'><strong>χρόνους</strong></span> <span class='ocrx_word' id='word_1_552' title='bbox 3961 4829 4026 4897; x_wconf 72' lang='grc' dir='ltr'><strong>β’,</strong></span> 
     </span>
    </p>
   </div>
   <div class='ocr_carea' id='block_1_89' title="bbox 2452 4915 4029 4995">
    <p class='ocr_par' dir='ltr' id='par_1_89' title="bbox 2452 4915 4029 4995">
     <span class='ocr_line' id='line_1_89' title="bbox 2452 4915 4029 4995; baseline -0.005 -18"><span class='ocrx_word' id='word_1_553' title='bbox 2452 4924 2670 4995; x_wconf 83' lang='grc' dir='ltr'><strong>ἡμέρας</strong></span> <span class='ocrx_word' id='word_1_554' title='bbox 2718 4921 2760 4977; x_wconf 86' lang='grc' dir='ltr'><strong>ε’</strong></span> <span class='ocrx_word' id='word_1_555' title='bbox 2809 4923 2909 4992; x_wconf 67' lang='grc' dir='ltr'><strong>(Ξ).</strong></span> <span class='ocrx_word' id='word_1_556' title='bbox 2961 4915 3130 4986; x_wconf 77' lang='grc' dir='ltr'><strong>Οὗτος</strong></span> <span class='ocrx_word' id='word_1_557' title='bbox 3176 4922 3484 4992; x_wconf 82' lang='grc' dir='ltr'><strong>ἐμαχέσατο</strong></span> <span class='ocrx_word' id='word_1_558' title='bbox 3542 4919 3868 4987; x_wconf 75' lang='grc' dir='ltr'><strong>Ῥωμαίοιςο</strong></span> <span class='ocrx_word' id='word_1_559' title='bbox 3933 4923 4029 4971; x_wconf 75' lang='grc' dir='ltr'><strong>καὶ</strong></span> 
     </span>
    </p>
   </div>
   <div class='ocr_carea' id='block_1_90' title="bbox 2454 5011 4030 5088">
    <p class='ocr_par' dir='ltr' id='par_1_90' title="bbox 2454 5011 4030 5088">
     <span class='ocr_line' id='line_1_90' title="bbox 2454 5011 4030 5088; baseline -0.005 -18"><span class='ocrx_word' id='word_1_560' title='bbox 2454 5020 2590 5088; x_wconf 69' lang='grc' dir='ltr'><strong>πρὸς</strong></span> <span class='ocrx_word' id='word_1_561' title='bbox 2618 5019 2678 5070; x_wconf 87' lang='grc' dir='ltr'><strong>τὸ</strong></span> <span class='ocrx_word' id='word_1_562' title='bbox 2733 5016 2956 5084; x_wconf 78' lang='grc' dir='ltr'><strong>ποιῆσαι</strong></span> <span class='ocrx_word' id='word_1_563' title='bbox 2990 5014 3342 5084; x_wconf 72' lang='grc' dir='ltr'><strong>βεϐαιοτέραν</strong></span> <span class='ocrx_word' id='word_1_564' title='bbox 3381 5014 3480 5083; x_wconf 77' lang='grc' dir='ltr'><strong>τὴν</strong></span> <span class='ocrx_word' id='word_1_565' title='bbox 3525 5011 3872 5080; x_wconf 78' lang='grc' dir='ltr'><strong>καταλλαγὴν</strong></span> <span class='ocrx_word' id='word_1_566' title='bbox 3919 5012 4030 5064; x_wconf 75' lang='grc' dir='ltr'><strong>τῶν</strong></span> 
     </span>
    </p>
   </div>
   <div class='ocr_carea' id='block_1_91' title="bbox 2454 5102 4028 5174">
    <p class='ocr_par' dir='ltr' id='par_1_91' title="bbox 2454 5102 4028 5174">
     <span class='ocr_line' id='line_1_91' title="bbox 2454 5102 4028 5174; baseline -0.008 -12"><span class='ocrx_word' id='word_1_567' title='bbox 2454 5110 2561 5162; x_wconf 75' lang='grc' dir='ltr'><strong>ἀπὸ</strong></span> <span class='ocrx_word' id='word_1_568' title='bbox 2588 5106 2867 5174; x_wconf 76' lang='grc' dir='ltr'><strong>Φορμὸσου</strong></span> <span class='ocrx_word' id='word_1_569' title='bbox 2903 5106 3130 5170; x_wconf 80' lang='grc' dir='ltr'><strong>τάξεων,</strong></span> <span class='ocrx_word' id='word_1_570' title='bbox 3168 5104 3381 5156; x_wconf 77' lang='grc' dir='ltr'><strong>σύνοδον</strong></span> <span class='ocrx_word' id='word_1_571' title='bbox 3421 5103 3492 5155; x_wconf 85' lang='grc' dir='ltr'><strong>οδ¹</strong></span> <span class='ocrx_word' id='word_1_572' title='bbox 3524 5102 3842 5154; x_wconf 70' lang='grc' dir='ltr'><strong>ἐπισκόπων</strong></span> <span class='ocrx_word' id='word_1_573' title='bbox 3876 5104 3950 5174; x_wconf 60' lang='grc' dir='ltr'><strong>ἐν⁸</strong></span> <span class='ocrx_word' id='word_1_574' title='bbox 3965 5105 4028 5170; x_wconf 84' lang='grc' dir='ltr'><strong>τῇ</strong></span> 
     </span>
    </p>
   </div>
   <div class='ocr_carea' id='block_1_92' title="bbox 2452 5171 4030 5268">
    <p class='ocr_par' dir='ltr' id='par_1_92' title="bbox 2452 5171 4030 5268">
     <span class='ocr_line' id='line_1_92' title="bbox 2452 5171 4030 5268; baseline -0.004 -18"><span class='ocrx_word' id='word_1_575' title='bbox 2452 5200 2602 5251; x_wconf 76' lang='grc' dir='ltr'><strong>πόλει</strong></span> <span class='ocrx_word' id='word_1_576' title='bbox 2633 5198 2904 5268; x_wconf 76' lang='grc' dir='ltr'><strong>Ἰἀὸέννῃ</strong></span> <span class='ocrx_word' id='word_1_577' title='bbox 2935 5196 3314 5264; x_wconf 69' lang='grc' dir='ltr'><strong>συνῄθροισεν,</strong></span> <span class='ocrx_word' id='word_1_578' title='bbox 3351 5198 3485 5248; x_wconf 82' lang='grc' dir='ltr'><strong>ὅπου</strong></span> <span class='ocrx_word' id='word_1_579' title='bbox 3507 5196 3604 5264; x_wconf 83' lang='grc' dir='ltr'><strong>τὴν</strong></span> <span class='ocrx_word' id='word_1_580' title='bbox 3630 5192 3866 5255; x_wconf 75' lang='grc' dir='ltr'><strong>σύνοδον,</strong></span> <span class='ocrx_word' id='word_1_581' title='bbox 3906 5171 3974 5259; x_wconf 58' lang='grc' dir='ltr'><strong>ἦν</strong></span> <span class='ocrx_word' id='word_1_582' title='bbox 4003 5198 4030 5243; x_wconf 70' lang='grc' dir='ltr'>ὁ</span> 
     </span>
    </p>
   </div>
   <div class='ocr_carea' id='block_1_93' title="bbox 2453 5282 4030 5356">
    <p class='ocr_par' dir='ltr' id='par_1_93' title="bbox 2453 5282 4030 5356">
     <span class='ocr_line' id='line_1_93' title="bbox 2453 5282 4030 5356; baseline -0.006 -13"><span class='ocrx_word' id='word_1_583' title='bbox 2453 5290 2725 5356; x_wconf 77' lang='grc' dir='ltr'><strong>Στέφανος</strong></span> <span class='ocrx_word' id='word_1_584' title='bbox 2760 5289 2947 5350; x_wconf 84' lang='grc' dir='ltr'><strong>πάπας</strong></span> <span class='ocrx_word' id='word_1_585' title='bbox 2978 5287 3120 5340; x_wconf 73' lang='grc' dir='ltr'><strong>κατὰ</strong></span> <span class='ocrx_word' id='word_1_586' title='bbox 3154 5287 3436 5356; x_wconf 78' lang='grc' dir='ltr'><strong>Φορμὸσου</strong></span> <span class='ocrx_word' id='word_1_587' title='bbox 3473 5285 3797 5354; x_wconf 80' lang='grc' dir='ltr'><strong>πεποίηκεν,</strong></span> <span class='ocrx_word' id='word_1_588' title='bbox 3826 5282 4030 5335; x_wconf 69' lang='grc' dir='ltr'><strong>ἀπεδο-</strong></span> 
     </span>
    </p>
   </div>
   <div class='ocr_carea' id='block_1_94' title="bbox 2457 5381 2678 5451">
    <p class='ocr_par' dir='ltr' id='par_1_94' title="bbox 2457 5381 2678 5451">
     <span class='ocr_line' id='line_1_94' title="bbox 2457 5381 2678 5451; baseline -0.014 -18"><span class='ocrx_word' id='word_1_589' title='bbox 2457 5381 2678 5451; x_wconf 79' lang='grc' dir='ltr'><strong>κίμασε.</strong></span> 
     </span>
    </p>
   </div>
   <div class='ocr_carea' id='block_1_95' title="bbox 2467 5534 4031 5606">
    <p class='ocr_par' dir='ltr' id='par_1_95' title="bbox 2467 5534 4031 5606">
     <span class='ocr_line' id='line_1_95' title="bbox 2467 5534 4031 5606; baseline 0.002 -16"><span class='ocrx_word' id='word_1_590' title='bbox 2467 5537 2716 5606; x_wconf 77' lang='lat' dir='ltr'><strong>congruit</strong></span> <span class='ocrx_word' id='word_1_591' title='bbox 2749 5550 2871 5590; x_wconf 89' lang='lat' dir='ltr'><strong>cum</strong></span> <span class='ocrx_word' id='word_1_592' title='bbox 2923 5536 3113 5590; x_wconf 82' lang='lat' dir='ltr'><strong>Latina</strong></span> <span class='ocrx_word' id='word_1_593' title='bbox 3151 5535 3408 5590; x_wconf 74' lang='lat' dir='ltr'><strong>liernardi</strong></span> <span class='ocrx_word' id='word_1_594' title='bbox 3435 5535 3662 5591; x_wconf 85' lang='lat' dir='ltr'><strong>historia</strong></span> <span class='ocrx_word' id='word_1_595' title='bbox 3686 5535 3910 5590; x_wconf 71' lang='lat' dir='ltr'><strong>Graecus</strong></span> <span class='ocrx_word' id='word_1_596' title='bbox 3946 5534 4031 5593; x_wconf 85' lang='lat' dir='ltr'><strong>hic</strong></span> 
     </span>
    </p>
   </div>
   <div class='ocr_carea' id='block_1_96' title="bbox 2471 5623 2796 5677">
    <p class='ocr_par' dir='ltr' id='par_1_96' title="bbox 2471 5623 2796 5677">
     <span class='ocr_line' id='line_1_96' title="bbox 2471 5623 2796 5677; baseline 0 -16"><span class='ocrx_word' id='word_1_597' title='bbox 2471 5623 2796 5677; x_wconf 83' lang='lat' dir='ltr'><strong>anonymus.</strong></span> 
     </span>
    </p>
   </div>
   <div class='ocr_carea' id='block_1_97' title="bbox 2539 5676 3533 5748">
    <p class='ocr_par' dir='ltr' id='par_1_97' title="bbox 2539 5676 3533 5748">
     <span class='ocr_line' id='line_1_97' title="bbox 2539 5676 3533 5748; baseline 0.001 -19"><span class='ocrx_word' id='word_1_598' title='bbox 2539 5676 2950 5748; x_wconf 60' lang='lat' dir='ltr'><strong>(“Zchrnat&#39;dus</strong></span> <span class='ocrx_word' id='word_1_599' title='bbox 2969 5677 3153 5734; x_wconf 83' lang='lat' dir='ltr'><strong>scribit</strong></span> <span class='ocrx_word' id='word_1_600' title='bbox 3184 5676 3296 5742; x_wconf 70' lang='grc' dir='ltr'><strong>ΧΥ,</strong></span> <span class='ocrx_word' id='word_1_601' title='bbox 3336 5692 3444 5730; x_wconf 83' lang='lat' dir='ltr'><strong>non</strong></span> <span class='ocrx_word' id='word_1_602' title='bbox 3473 5677 3533 5730; x_wconf 74' lang='grc' dir='ltr'><strong>ν.</strong></span> 
     </span>
    </p>
   </div>
  </div>
