4208 6432
197 400 310 465 4119

1332 400 1799 459 FRAGMENTA
1840 400 2271 459 IIISTOItICA.

3321 384 3425 450 410

270 509 584 573 Βενὲδικτος
616 511 805 572 πὰπας
839 508 916 580 τῷ
936 509 1082 576 γένει
1116 508 1384 576 Ῥωμαῖος
1413 507 1768 561 ἐπισκοπεύει
1800 512 1841 568 Α

1761 526 1768 559 ι
1800 512 1841 568 Α
1941 506 2265 561 Benedictus
2306 519 2441 575 papa
2496 518 2694 574 genere
2733 504 3015 558 Romanus
3051 498 3423 568 pontiﬁcatum

195 603 433 672 χρόνους
463 601 536 668 γ’,
573 602 754 669 μῆνας
795 600 840 669 β’
861 617 875 630 ο
910 602 1002 654 καὶ
1028 598 1167 667 μετὰ
1185 599 1285 667 τὴν
1312 598 1569 668 τελευτὴν
1601 597 1763 651 αὑτοῦ

196 692 425 762 χηρεύει
452 692 486 762 ἠ
528 690 821 759 Ἐκκλησία
870 689 1156 757 Ῥωμαίων
1182 687 1397 758 ἡμέρας
1423 694 1496 751 ς’,

272 785 431 837 Λέων
453 783 668 852 ἡμέρας
717 781 768 852 μ’
794 799 807 813 ·
834 780 1019 835 τοῦτον
1065 780 1121 833 δὲ
1155 780 1294 851 μετὰ
1323 781 1421 843 τὰς
1473 778 1769 850 εἰρημένας

198 875 419 943 ἡμέρας
449 875 558 928 ἀπὸ
603 875 701 943 τῆς
732 875 935 939 τάξεως
962 873 1129 926 αὑτοῦ
1161 872 1534 941 Χριστοφόρος
1575 872 1603 922 ό
1636 885 1768 939 πρε-

200 965 471 1034 σϐύτερος
515 964 680 1019 αὑτοῦ
752 965 1115 1033 ἀπωσάμενος
1162 965 1242 1026 εις
1289 962 1533 1030 φυλακὴν
1584 959 1766 1023 ἔϐαλε,

200 1059 298 1110 καὶ
330 1057 509 1119 οὕτως
543 1058 761 1127 ἥρπασε
795 1057 895 1127 τὴν
943 1056 1255 1125 προεδρίαν.
1306 1053 1465 1105 Ἀλλὰ
1496 1054 1587 1105 καὶ
1616 1047 1768 1112 οὗτος

200 1150 346 1217 μετὰ
381 1148 427 1213 ζ’
454 1152 626 1218 μῆνας
652 1150 751 1215 τῆς
801 1150 974 1218 ἀρχῆς
1016 1148 1121 1200 ὑπὸ
1160 1145 1386 1216 Σεργίου
1429 1142 1642 1213 ἐξώσθη
1674 1140 1767 1195 τοῦ

200 1240 421 1310 θρόνου,
456 1243 551 1293 καὶ
585 1242 665 1303 εἰς
691 1239 937 1309 φυλακὴν
970 1237 1347 1308 παραδίδοται.

272 1333 651 1401 Χριστοφόρος
687 1332 864 1401 μῆνας
899 1330 945 1395 ζ’
969 1347 985 1362 ο
1020 1325 1174 1394 οὗτος
1214 1330 1270 1383 δὲ
1317 1327 1411 1381 τοῦ
1448 1327 1660 1396 Θρόνου,
1694 1326 1768 1388 ὼς

197 1423 442 1493 εἴρηται,
471 1424 749 1485 ἀπωσθεὶς
779 1424 970 1490 γέγονε
1001 1422 1231 1493 μοναχός
1261 1422 1359 1491 (5).

272 1614 506 1681 Σέργιος
550 1613 580 1663 ὁ
616 1608 859 1663 καθελὼν
887 1607 1259 1678 Χριστοφόρον
1309 1605 1466 1676 ἄρχει
1502 1604 1600 1673 τῆς
1644 1602 1769 1655 Ἐκ-

198 1706 437 1775 κλησίας
471 1704 721 1773 (χρόνους
768 1700 832 1771 ζ’)
874 1702 1047 1770 μῆνας
1086 1705 1155 1766 γ’,
1201 1698 1412 1767 ἡμέρας
1446 1694 1574 1760 κςό
1618 1693 1773 1762 ἐσχό-

198 1799 333 1848 λασε
365 1796 425 1847 δὲ
451 1796 542 1847 καὶ
584 1794 613 1845 ὁ
646 1792 834 1862 Θρόνος
872 1790 1087 1859 ἡμέρας
1118 1794 1215 1841 κε’.
1253 1786 1457 1839 Τούτου
1496 1784 1572 1853 τῷ
1594 1781 1771 1850 καιρῷ

197 1892 229 1959 ἠ
270 1887 543 1956 ἐκκλησία
592 1885 687 1937 τοῦ
732 1881 1045 1951 Λατεράιου
1088 1879 1351 1948 διεςρΘάρη
1382 1918 1397 1942 ,
1465 1877 1533 1947 ῆν
1590 1877 1770 1929 πᾶσαν

198 1984 310 2035 ἀπὸ
339 1980 607 2048 Θεμελίων
642 1978 670 2029 ὀ
701 1976 992 2047 εἰρημένος
1034 1973 1252 2027 ἁνανεοῖ
1295 1971 1501 2031 πάπας.
1548 1962 1714 2029 Οὗτος
1745 1967 1773 2018 ὁ

198 2075 433 2142 Σέργιος
482 2071 726 2129 διακονος
773 2065 849 2118 ὢν
895 2064 1063 2118 πάλαι
1127 2063 1219 2115 καὶ
1269 2061 1542 2126 ἐπίδοξος,
1593 2057 1685 2109 ἐπὶ
1716 2057 1773 2109 τὸ

200 2161 634 2232 ἀρχιερατεῦσαι
675 2157 917 2226 Ῥώμης.
954 2156 1057 2208 ὑπὸ
1095 2154 1377 2225 Φορμόσου
1427 2150 1772 2219 ἐκκρούεται,

202 2253 652 2322 ἀντεισαχϐἑντος
680 2250 910 2304 ἐκείνου.
946 2249 1103 2302 Μετὰ
1133 2248 1233 2315 τὴν
1262 2245 1519 2310 τελευτὴν
1545 2243 1773 2304 ἐκείνου,

200 2350 296 2402 τοῦ
343 2346 724 2416 Χριστοφόρου
759 2344 851 2397 τὸν
892 2342 1080 2413 Ορὸνον
1128 2340 1404 2403 λαϐόντος,
1454 2332 1605 2399 οὗτος
1639 2338 1775 2389 ἀπέ-

200 2444 414 2510 δραμεν
450 2439 529 2500 είς
558 2437 685 2498 τοὺς
714 2436 1021 2504 Φρὰγγους,
1051 2433 1144 2486 καὶ
1181 2435 1246 2503 τῇ
1289 2430 1511 2502 βοηθείᾳ
1555 2431 1777 2483 ἐκείνων

199 2531 529 2604 ὀχυρωοεὶς,
590 2532 681 2583 καὶ
719 2528 814 2582 τοῦ
852 2527 1044 2598 θρόνου
1097 2524 1515 2594 ἐπειλημμένος,
1546 2524 1636 2576 τὸν
1679 2522 1778 2592 μὲν

203 2626 585 2696 Χριστοφόρον
616 2623 795 2687 ζῶντα
841 2623 934 2675 τοῦ
963 2620 1152 2691 θρόνου
1186 2618 1514 2685 καταγαγὼν
1563 2615 1776 2685 φυλακῇ

204 2719 615 2788 παραδίδωσιν·
684 2716 1025 2784 ἀμυνόμενος
1074 2713 1131 2766 δὲ
1199 2712 1294 2765 καὶ
1340 2712 1619 2781 Φόρμοσον
1676 2707 1776 2776 ἥδη

201 2808 640 2877 τετελευτηκότα
683 2808 780 2875 τῆς
827 2805 994 2857 πάλαι
1040 2802 1362 2871 διαφθορᾶς,
1398 2800 1493 2852 καὶ
1550 2797 1779 2849 ἐκδικῶν

206 2904 405 2956 ἑαυτὸν
436 2904 531 2970 τῆς
560 2901 907 2961 ἐκπτώσεως,
940 2899 1123 2965 ἐξάγει
1158 2898 1252 2949 τοῦ
1282 2896 1453 2963 τάφον
1478 2894 1777 2963 Φόρμοσον,

208 3000 305 3051 καὶ
341 2999 402 3049 ἐν
437 2996 613 3066 θρόνῳ
653 2993 912 3065 ἱερατικῷ
943 2991 1233 3062 ἱερατικῶς
1270 2988 1613 3056 ἐνδεδυμένον
1643 2988 1780 3039 ἁποδ

208 3089 611 3158 κεφαλισοῆναι
641 3085 962 3155 προσέταξε,
995 3085 1087 3136 καὶ
1123 3084 1203 3145 εἰς
1234 3083 1324 3134 τὸν
1359 3080 1580 3150 Τίϐεριν
1610 3079 1779 3148 ἀπορο

206 3182 459 3249 ῥιφῆναι,
498 3181 592 3231 καὶ
647 3179 826 3239 πάσας
878 3177 974 3237 τὰς
1024 3175 1116 3227 ὑπ’
1163 3172 1328 3226 αὑτοῦ
1375 3169 1783 3237 καθεσταμένας
1811 3190 1852 3248 C

204 3272 394 3335 τέξεις
424 3268 830 3338 ἁποῦληοῆναι.
862 3268 1095 3334 Λέγεται
1122 3266 1179 3318 δέ
1216 3265 1335 3334 μετ’
1361 3265 1420 3316 οὐ
1459 3264 1591 3316 πολὺ
1627 3262 1779 3331 παρὰ

204 3366 409 3421 ἀὶιέων
471 3362 776 3433 εὑρημένον
819 3361 1120 3430 Φόρμοσον,
1160 3361 1253 3409 καὶ
1294 3357 1352 3407 ἐν
1397 3358 1459 3424 τῇ
1515 3355 1779 3423 ἐκκλησίᾳ

204 3460 300 3513 τοῦ
332 3457 617 3527 μακαρίου
664 3453 872 3521 Πέτρου
902 3449 1148 3511 τεθέντα,
1184 3449 1415 3517 ὀφθῆναι
1458 3447 1673 3508 εἰκόνας
1703 3464 1783 3497 τι·

205 3557 313 3607 νῶν
359 3552 539 3617 ἁγίων
568 3544 977 3619 προσκυνοῦσας
1012 3544 1103 3595 καί
1138 3541 1371 3610 ἐντίμως
1401 3538 1781 3607 ὑπαγορενού-

208 3662 310 3707 σας
346 3642 540 3702 αὑτὸν,
564 3640 659 3691 καὶ
689 3637 848 3690 τοῦτο
877 3635 1035 3703 δῆλον
1066 3632 1280 3693 πολλοῖς
1313 3632 1526 3697 γέγονε.

281 3733 443 3788 Μετὰ
497 3731 723 3798 Σὲργιον
782 3726 1131 3785 ’Λναστάσιος
1187 3720 1596 3791 ἀρχιερατεύει,
1630 3719 1784 3785 γένος

212 3824 312 3891 μὲν
355 3819 650 3887 Ῥωμαῖος,
706 3817 900 3886 κρατεῖ
941 3814 997 3867 δὲ
1045 3813 1143 3880 τῆς
1188 3810 1513 3878 Ἐκκλησίας
1561 3809 1786 3878 χρῦιονς

208 3912 305 3962 δὺο
335 3911 432 3962 καὶ
470 3911 646 3975 μῆνας
689 3906 800 3966 δύο,
836 3901 950 3957 εἶτα
993 3902 1251 3971 τελευτᾷ⁸
1290 3899 1513 3969 χηρεύει
1546 3898 1601 3949 δὲ
1636 3898 1730 3949 καὶ
1758 3898 1785 3948 ὁ

210 4004 401 4074 θρόνος
434 4002 648 4070 ἡμέρας
681 3999 763 4064 ἕξ.

281 4094 445 4151 Μετὰ
491 4090 846 4144 ’Λναςτὰσιον
899 4086 1126 4147 Λοῦνδῡς
1180 4086 1326 4153 γένει
1371 4082 1641 4150 Ῥωμῖῖοἶ
1693 4082 1785 4135 καὶ

212 4188 377 4248 nisi;
427 4185 615 4244 πὰπας
642 4182 851 4248 γίνεται
888 4181 1061 4249 μῆνας
1092 4178 1151 4242 ἒξ
1175 4195 1189 4209 ·
1240 4176 1491 4245 σχολάζει
1535 4175 1717 4226 δὲ.κα1.
1750 4176 1782 4244 ἡ

224 4279 433 4347 Ἐκκλη
446 4278 532 4328 3E1
567 4275 779 4344 ἡμέρας
808 4270 918 4335 διε-⁸.

283 4371 446 4425 Μετὰ
492 4364 684 4417 τοῦτον
724 4360 1105 4432 ἁρχιερατεύει
1149 4360 1398 4425 Ἰωάννης
1446 4360 1670 4428 χρόνους
1695 4362 1783 4423 ιγ’,

216 4459 397 4528 μῆνας
425 4453 493 4524 β’,
518 4453 731 4522 ἡμέρας
772 4451 844 4519 γ’.
886 4448 1049 4512 Οὗτος
1081 4450 1194 4512 υἱὸς
1236 4449 1460 4516 Σεργίου
1503 4449 1659 4501 non:
1696 4449 1787 4500 καὶ

1867 597 2110 651 exercuit
2154 610 2326 649 annos
2383 604 2492 649 tres
2522 607 2757 658 menses,
2814 592 2985 656 duos;
3043 598 3101 645 et
3146 596 3269 658 post
3313 588 3428 653 ejus

1869 697 2096 741 mortem
2136 685 2347 740 vacavit
2380 683 2746 739 Romanorum
2782 680 3024 736 Ecclesia
3068 680 3260 735 diebus
3310 692 3424 730 sex.

1938 779 2047 832 Leo
2077 779 2195 831 dies
2241 776 2603 846 quadraginta
2662 773 2940 845 regnavit;
2998 781 3051 827 et
3096 781 3219 842 post
3252 772 3427 825 dictos

1866 870 1984 925 dies
2020 869 2168 922 illum
2191 884 2220 921 a
2250 868 2512 937 dignitate
2537 866 2964 934 Cbristophorus
2990 862 3113 930 ejus
3143 863 3427 931 presbyter

1868 970 2125 1010 amovens
2156 955 2208 1008 in
2236 955 2542 1009 custodiam
2572 951 2777 1021 injecit,
2817 961 2872 1007 et
2910 953 2981 1007 ita
3024 950 3424 1020 przcsidentiam

1869 1046 2069 1114 rapuit.
2138 1045 2243 1099 Sed
2296 1045 2399 1100 iste
2456 1053 2582 1114 post
2643 1057 2859 1096 menses
2914 1050 3120 1111 septem
3186 1040 3333 1108 regni
3398 1056 3423 1090 a

1872 1135 2062 1206 Sergio
2117 1136 2313 1191 throno
2368 1135 2623 1205 depulsus
2675 1140 2759 1187 est
2811 1140 2866 1186 et
2918 1132 2972 1185 in
3019 1144 3293 1185 carcerem
3344 1128 3396 1181 in

1870 1227 2074 1282 elusus.

1944 1318 2372 1388 Christophorus
2430 1318 2708 1389 mensibus
2760 1322 3006 1383 septem;
3074 1312 3165 1366 ille
3242 1321 3423 1364 autem

1871 1410 2091 1475 throno,
2150 1418 2208 1463 ut
2259 1410 2463 1465 dictum
2509 1417 2619 1475 est,
2675 1408 2936 1477 depulsus
3002 1403 3306 1458 monachus
3350 1402 3427 1456 ta—

1872 1511 1994 1555 ctus
2026 1510 2131 1555 est.

1943 1606 2164 1674 Sergius
2207 1606 2605 1675 Christophoro
2658 1603 2956 1658 succedens
3009 1602 3278 1672 gubernat
3329 1600 3433 1654 Ee-

1873 1696 2089 1751 clesiam
2133 1696 2323 1764 (annos
2362 1693 2589 1762 septem)
2640 1708 2859 1747 menses
2908 1702 3041 1751 tres,
3091 1690 3207 1744 dies
3243 1705 3335 1743 sex
3379 1699 3434 1742 ct

1875 1787 2085 1857 viginti.
2128 1786 2350 1840 Vacavit
2400 1794 2581 1838 autem
2636 1784 2794 1838 sedes
2840 1784 3034 1837 diebus
3084 1782 3329 1852 quinque
3380 1791 3433 1833 ct

1873 1879 2081 1949 viginti.
2121 1878 2270 1931 Illius
2304 1886 2545 1945 tempore
2597 1876 2822 1929 ecclesia
2870 1873 3121 1928 Laterani
3155 1876 3429 1927 destructa

1873 1982 1978 2033 est,
2014 1986 2175 2039 quam
2212 1977 2379 2023 totam
2428 1983 2455 2021 a
2501 1966 2869 2021 fundamentis
2895 1966 3070 2019 dictus
3109 1966 3251 2033 Papa
3284 1977 3434 2016 reno-

1875 2058 2036 2113 vavit.
2100 2060 2203 2112 Iste
2251 2058 2473 2123 Sergius
2526 2058 2789 2111 diaconus
2838 2071 2960 2110 cum
3011 2062 3153 2109 esset
3201 2055 3327 2105 olim
3382 2063 3437 2105 ct

1875 2151 2125 2212 illustris,
2160 2149 2226 2202 ad
2259 2148 2613 2202 obtinendum
2644 2147 2945 2200 Romanum
2976 2145 3374 2212 pontiﬁcatum,
3408 2158 3436 2195 a

1875 2239 2135 2293 Formoso
2181 2247 2510 2300 removetur,
2570 2237 2688 2305 ipso
2734 2236 2911 2289 locum
2968 2236 3087 2302 ejus
3143 2235 3434 2287 subeunte.

1876 2331 2003 2385 Post
2027 2341 2257 2384 mortem
2292 2329 2566 2392 Formosi,
2615 2327 3010 2393 Christophoro
3055 2327 3310 2378 thronmn
3343 2340 3439 2377 occ

1876 2432 2147 2491 cupantc,
2206 2424 2306 2476 istc
2367 2421 2594 2475 secessit
2650 2421 2715 2473 ad
2772 2418 3063 2479 Francos,
3118 2428 3171 2471 et
3238 2416 3440 2470 auxilio

1875 2531 2062 2569 eorum
2111 2514 2325 2582 adjutus
2356 2521 2409 2566 et
2456 2512 2651 2565 throno
2702 2511 2926 2580 potitus,
2981 2510 3439 2579 Cltristophorum

1877 2605 2093 2673 quidem
2159 2604 2338 2656 vivum
2391 2617 2424 2657 θ
2481 2603 2678 2656 throno
2732 2600 2994 2668 dejiciens
3052 2600 3105 2652 in
3168 2613 3441 2651 carcerem

1880 2695 2150 2757 includit;
2186 2694 2511 2748 Formosum
2540 2703 2720 2747 autem
2742 2692 2854 2760 jam
2892 2700 3161 2744 mortuum
3196 2690 3263 2744 de
3292 2690 3445 2744 clade

1878 2803 2041 2856 quam
2088 2786 2216 2839 olim
2254 2786 2496 2839 subierat
2527 2784 2783 2853 puniens,
2842 2794 2894 2837 et
2944 2784 3124 2852 ipsum
3168 2785 3239 2835 ob
3288 2797 3443 2835 suam

1880 2879 2252 2947 expulsionem
2304 2877 2700 2937 condemnatis,
2740 2890 2768 2927 e
2816 2874 3069 2943 sepulcro
3120 2872 3441 2925 Formosum

1881 2969 2121 3025 extrahit
2150 2978 2203 3022 et
2234 2968 2287 3020 in
2344 2967 2543 3021 throno
2586 2964 2883 3033 pontiﬁcali
2928 2964 3184 3017 vestitum
3226 2960 3446 3027 pontiﬁ-

1883 3062 2071 3115 caliter
2101 3058 2276 3127 capite
2316 3056 2557 3112 truncari
2585 3056 2750 3124 jussit
2773 3065 2825 3109 et
2857 3055 2907 3107 in
2954 3053 3196 3106 Tiberim
3232 3052 3446 3121 projici,

1887 3166 2187 3220 omnesque
2239 3151 2307 3203 ab
2359 3164 2425 3202 eo
2471 3149 2797 3203 constitutas
2841 3146 3132 3215 dignitates
3184 3145 3447 3197 amoveri.

1890 3244 2094 3299 Dicitur
2120 3258 2249 3298 vero
2280 3258 2386 3297 non
2423 3241 2594 3294 multo
2630 3247 2751 3308 post
2790 3255 2818 3292 a
2856 3235 3219 3308 piscatoribus
3250 3237 3444 3289 inven.

1884 3345 1996 3389 tum
2022 3331 2341 3386 Formosum
2367 3341 2417 3384 et
2442 3329 2493 3382 in
2523 3329 2755 3383 ecclesia
2800 3327 2948 3380 beati
2979 3325 3122 3379 Petri
3144 3324 3445 3393 depositum

1883 3440 2024 3489 esse,
2073 3431 2206 3477 tunc
2231 3424 2375 3477 visas
2407 3435 2528 3475 esse
2570 3420 2833 3488 imagines
2865 3418 3172 3486 aliquorum
3228 3426 3446 3470 sancto-

1886 3534 2007 3571 rum
2038 3517 2329 3570 adorantes
2374 3514 2525 3567 illum
2559 3523 2612 3567 et
2646 3527 2766 3565 cum
2816 3512 3023 3565 honore
3066 3509 3405 3576 alloquentes
3433 3544 3445 3566 ,

1886 3620 1938 3663 et
1971 3612 2070 3661 hoc
2100 3621 2285 3661 coram
2318 3605 2500 3659 multis
2528 3604 2797 3657 evenisse.

1958 3699 2087 3753 Post
2129 3698 2375 3767 Sergium
2429 3696 2748 3750 Anastasius
2800 3707 3071 3748 summum
3117 3690 3446 3757 pontiﬁcium

1887 3792 2113 3859 adeptus
2161 3799 2262 3854 est,
2310 3803 2507 3858 genere
2542 3788 2843 3847 lictnanns,
2880 3784 3129 3853 regitque
3156 3781 3446 3835 Eeclesiam

1890 3901 2063 3941 annos
2124 3884 2284 3945 duos,
2334 3891 2387 3936 et
2439 3896 2653 3935 menses
2716 3880 2888 3943 duos;
2938 3878 3132 3931 deinde
3195 3874 3450 3931 moritur,

1888 3991 2045 4033 vacat
2074 3987 2254 4032 autem
2287 3976 2519 4030 thronus
2551 3973 2742 4028 diebus
2777 3988 2892 4026 sex.

1960 4070 2087 4125 Post
2116 4069 2469 4123 Anastasium
2510 4067 2733 4121 Lundns
2776 4078 2973 4133 genere
3010 4061 3290 4116 Romanus
3319 4075 3450 4128 papa

1892 4168 1947 4218 lit
1990 4164 2267 4218 mensibus
2297 4176 2415 4222 sex,
2448 4169 2603 4214 vacat
2633 4172 2758 4212 vero
2795 4155 3032 4210 Ecclesia
3065 4155 3254 4209 diebus
3283 4168 3373 4207 sex
3406 4162 3458 4206 ct

1891 4256 2101 4326 viginti.

1961 4357 2093 4410 Post
2140 4371 2261 4421 eum
2314 4353 2688 4424 pontiﬁcatum
2740 4359 2956 4404 exercet
3000 4345 3236 4401 Joannes
3282 4360 3457 4397 annos

1895 4450 2194 4511 tredecim,
2263 4461 2476 4501 menses
2532 4444 2671 4498 duos
2715 4451 2769 4496 et
2810 4441 2927 4495 dies
2971 4450 3101 4494 tres.
3152 4436 3257 4491 lste
3314 4436 3458 4489 ﬁlius

214 4555 520 4608 ἐπίσκοπος
567 4543 859 4611 Ῥαἴέννης
889 4543 963 4605 ὼς
990 4542 1090 4610 μέν
1112 4559 1193 4593 τοι
1219 4542 1499 4611 ἐπιϐήτωρ
1530 4542 1629 4607 τῆς
1670 4541 1793 4593 Ἐκ·
1823 4547 1866 4601 D

1823 4547 1866 4601 D
1897 4541 2069 4610 Sergii
2126 4554 2275 4609 papa:
2313 4547 2367 4591 et
2417 4537 2706 4605 episcopus
2751 4531 3044 4593 ltaventne,
3096 4540 3155 4583 ut
3203 4527 3458 4582 Ecclesia:

216 4640 452 4711 κλησίας
504 4636 713 4688 ἐκεῖῡεν
759 4633 850 4686 καὶ
880 4633 987 4686 ἀπὸ
1036 4633 1234 4694 παντὸς
1278 4630 1369 4683 τοῦ
1419 4630 1547 4683 λαοῦ
1602 4629 1694 4682 τοῦ
1731 4632 1787 4682 ἐν

226 4734 498 4801 Ῥαϐέννῃ
532 4725 872 4780 ἐκϐάλλεται.
903 4724 1106 4778 Τούτου
1134 4726 1198 4793 τῇ
1249 4723 1409 4793 βουλῇ
1445 4724 1538 4776 καὶ
1569 4727 1633 4794 τῇ
1664 4724 1789 4792 βοη-

218 4829 340 4896 Θεὶᾳ
386 4825 436 4877 οἱ
497 4819 806 4889 Σαρακηνοὶ
848 4819 895 4869 oi
951 4815 1298 4885 κυριεύοντες
1346 4814 1574 4876 Ἰταλίας
1623 4816 1791 4882 ἐγγὺς

229 4919 457 4986 Ῥώμης
507 4914 791 4981 ἥττηνται.
841 4904 974 4960 Εἶτα
1020 4907 1180 4970 αὐτὸς
1215 4908 1242 4959 ὁ
1287 4907 1475 4968 πάπας
1538 4907 1791 4974 Ἰωάννης

221 5010 361 5080 μετὰ
412 5006 744 5073 Μαρκίωνος
807 4999 1123 5067 ’Λλῦερίκου
1181 4999 1511 5059 εἰσελθόντες
1562 4999 1640 5061 είς
1693 4997 1791 5066 τὴν

228 5100 529 5155 Ἀπουλίαν
564 5096 705 5148 κατὰ
752 5092 1081 5162 Σαρακηνῶν
1132 5092 1281 5161 παρὰ
1319 5091 1663 5161 Γαριλιανδν,
1698 5093 1792 5142 καὶ

220 5192 633 5264 συμϐάλλοντες
666 5188 779 5249 τοῖς
823 5186 1156 5255 Σαρακηνοῖς
1200 5184 1457 5254 ἐνίκησαν
1501 5184 1596 5237 καὶ⁸
1633 5183 1792 5236 πάλιν

218 5286 418 5346 αὐτοὺς
454 5279 601 5333 κατᾶ
635 5277 857 5347 κράτος.
889 5271 1018 5327 Εἶτα
1051 5274 1387 5338 εἰσελθόντες
1413 5275 1470 5326 ἐν
1504 5277 1567 5343 τῇ
1605 5274 1791 5342 Ῥώμῃ

218 5378 368 5447 περὶ
401 5371 607 5431 meo;
657 5368 752 5421 τοῦ
783 5366 913 5421 λαοῦ
947 5368 1004 5419 ὲν
1032 5368 1177 5437 χαρᾷ
1224 5368 1318 5419 καὶ
1353 5369 1485 5436 τιμῇ
1535 5366 1791 5436 προσεόἑς

221 5470 463 5537 χῢησαν·
520 5460 640 5513 ἀλλ’
690 5459 919 5521 ὕστερον
953 5458 1250 5524 διαφωνίας
1304 5457 1688 5525 ἐπισυμϐασης
1734 5460 1793 5509 ἐν

221 5559 579 5627 ἀμφοτέροις,
612 5555 639 5603 ὁ
682 5551 947 5618 Μαρκίων
985 5549 1266 5611 ἐξωθεῖται
1301 5551 1397 5618 τῆς
1438 5548 1665 5612 τζὸλευιςξ
1701 5550 1793 5602 καὶ

222 5647 539 5704 uarii).th
585 5659 636 5694 τι
684 5642 856 5713 ὄνομα
885 5642 1056 5709 "Opta
1105 5645 1403 5714 κρατήσας,
1449 5644 1564 5695 ἐκεῖ
1601 5642 1793 5695 ἑαυτὸν

1898 4634 2061 4702 bujus
2110 4640 2401 4700 usurpator
2431 4629 2497 4681 ab
2540 4626 2690 4680 omni
2731 4621 3076 4678 Ravenncnsi
3105 4622 3258 4689 plebe
3304 4618 3453 4680 ejici-

1897 4735 2005 4780 tur.
2063 4722 2193 4793 Ejus
2256 4721 2484 4775 consilio
2528 4729 2582 4771 et
2628 4731 2729 4786 ope
2784 4715 3040 4769 Saraceni
3109 4713 3200 4779 qui
3254 4710 3456 4763 Italiam

1896 4814 2214 4871 obtinebant
2280 4813 2423 4866 circa
2489 4808 2718 4863 Romam
2785 4806 2979 4860 devicti
3041 4815 3188 4857 sunt.
3260 4800 3460 4855 Deinde

1894 4910 2008 4979 ipse
2041 4922 2173 4976 papa
2216 4902 2453 4958 Joannes
2498 4912 2554 4956 et
2583 4900 2824 4955 tnareltio
2877 4898 3155 4951 Albericus
3193 4893 3460 4946 intrantes

1896 5003 1947 5055 in
1981 4998 2229 5069 Apuliam
2265 5007 2455 5051 contra
2490 4994 2796 5049 Saracenos
2825 4990 2977 5059 juxta
3007 4987 3371 5043 Gariliannm,
3408 4995 3460 5035 ct

1896 5108 2017 5148 011111
2054 5091 2137 5144 eis
2170 5105 2361 5143 manus
2389 5090 2790 5142 committentes
2818 5083 3014 5136 iterum
3040 5093 3133 5132 808
3162 5077 3290 5129 totis
3334 5091 3455 5128 Cllltl

1893 5185 2107 5239 viribus
2162 5182 2439 5236 fuderunt.
2496 5178 2689 5231 Postea
2738 5174 2968 5227 Romam
3042 5170 3330 5223 redeuntes
3392 5166 3461 5216 ab

1896 5277 2040 5330 omni
2088 5275 2288 5343 populo
2343 5273 2395 5324 in
2445 5270 2641 5339 gaudio
2672 5278 2727 5321 et
2773 5267 2982 5319 honore
3034 5260 3245 5328 excepti
3294 5266 3459 5318 sunt;

1898 5368 1987 5423 sed
2030 5366 2227 5419 deinde
2258 5362 2527 5417 discordia
2566 5360 2705 5413 inter
2743 5358 2863 5410 illos
2909 5362 3183 5422 surgente,
3215 5347 3459 5402 mat-chio

1898 5460 1965 5513 ab
1999 5460 2131 5511 urbe
2161 5457 2469 5526 expellitur,
2495 5463 2549 5507 et
2574 5451 2797 5506 castello
2817 5448 2946 5501 Orta
2976 5444 3195 5497 nomine
3230 5441 3461 5509 potitus,

1901 5552 2006 5605 illic
2042 5566 2100 5604 se
2142 5551 2365 5611 detinet,
2420 5546 2586 5599 mittit
2626 5553 2803 5597 autem
2843 5542 3042 5607 legatos
3081 5536 3146 5589 ad
3184 5533 3456 5599 llungros,

1898 5653 1955 5696 ut
1990 5641 2209 5695 veniant
2256 5648 2309 5691 et
2358 5636 2670 5706 possideant
2700 5634 3069 5686 Romanorum
3117 5634 3328 5686 terras;
3367 5618 3458 5687 qui

294 5808 365 5877 (3)
390 5802 699 5873 Utramque
738 5803 1103 5860 narrationem
1136 5802 1200 5858 de
1231 5818 1445 5859 carcere
1474 5810 1525 5857 ct
1554 5801 1618 5857 de
1654 5797 1979 5854 monacltatu
2045 5791 2420 5861 Cltristopbori
2452 5789 2613 5848 refert
2647 5788 2806 5845 etiam
2843 5784 3165 5843 Bcrnat‘dus.
