4208 6432
770 377 870 441 411

1804 377 2090 437 BASILII
2132 378 2711 442 NEOPATRENSIS
2749 384 2991 446 EPISC.

3921 385 4036 451 412

772 492 1045 547 venientes
1090 504 1306 546 omnem
1356 488 1613 544 Tusciam
1646 490 2071 558 perlustrat-unt,
2103 503 2160 545 et
2196 508 2329 560 puc-
2366 503 2411 558 Α

2366 503 2411 558 Α
2438 496 2730 550 διανέπαυε
2753 515 2768 531 ο
2804 499 3014 568 πέμπει
3043 499 3099 552 δὲ
3127 501 3221 553 καὶ
3251 500 3509 571 πρέσϐεις
3540 501 3672 571 πρὸς
3704 500 4025 570 Οῦγγρσυς,

773 597 862 635 ros
910 595 975 633 ac
1030 581 1314 642 mulieres,
1377 592 1432 633 et
1486 580 1751 647 quidquid
1804 578 2024 633 auferre
2069 591 2343 649 poterant,

774 672 1049 739 capientes
1096 673 1147 724 in
1192 668 1536 740 Hungariam
1568 666 1935 724 abduxerunt.
1958 672 2083 727 Ideo
2113 671 2347 727 Romani

775 766 860 817 his
901 764 1127 832 pt‘l‘llttili
1157 763 1361 819 dictum
1418 763 1790 819 Inarcliiouem
1826 763 2162 817 occiderunt.
2197 763 2349 817 lluu-

778 855 893 923 μή
930 856 1091 922 igitur
1125 864 1486 921 posteaanno
1517 868 1736 922 qu0que
1767 868 1860 921 per
1894 854 2111 923 longum
2136 866 2348 924 tempus

776 948 1078 1000 latrociniis
1120 946 1394 1000 Romanos
1440 946 1576 1001 male
1610 946 1933 1000 tractabant.
1973 944 2214 1001 Joannes
2255 962 2350 1000 au-

778 1048 886 1091 tem
922 1040 1101 1092 dictus
1131 1055 1266 1107 papa
1308 1055 1337 1092 a
1373 1039 1645 1092 militibus
1686 1039 2142 1106 comprehensus,
2197 1048 2248 1094 et
2292 1040 2344 1093 in

776 1131 1079 1183 custodiam
1121 1132 1372 1197 injectus,
1409 1131 1479 1183 ibi
1517 1130 1732 1182 tandem
1778 1139 2067 1184 mactatur.

2460 587 2547 640 ἵνα
2585 588 2792 641 ἔλθοιεν
2838 590 2933 642 καὶ
2968 592 3279 660 κτήσωνται
3324 591 3424 662 τὴν
3462 594 3566 660 γῆν
3611 591 3932 659 Ῥωμαίων·
3980 592 4039 645 οἳ

2455 678 2705 741 ἐλθόντες
2733 681 2915 732 πᾶσαν
2941 680 3041 751 τὴν
3077 682 3348 734 Τουσκίαν
3382 682 3748 751 κατέδραμον,
3781 683 3877 734 καὶ
3903 685 4041 734 παῖ-

2453 770 2549 833 δας
2574 774 2670 824 καὶ
2702 776 2991 841 γυναῖκας,
3028 776 3119 827 καὶ
3149 777 3279 828 εἴτι
3304 775 3489 845 ἓτερον
3521 776 3709 849 φέρειν
3739 774 4035 843 ἠδύναντο,

2455 859 2710 926 λαϐόντες
2744 867 2823 927 εἰς
2856 866 3138 936 Οὑγγρίαν
3191 868 3497 937 ἀπήγαγον.
3544 868 3636 918 Διὸ
3680 867 3729 917 ot
3770 867 4043 935 Ῥωμαῖοι

2447 955 2819 1023 ταραχθέντες
2868 958 2959 1008 ἐπὶ
3008 956 3183 1027 τούτῳ
3230 958 3322 1010 τὸν
3372 960 3666 1027 εἰρημένον
3720 958 4039 1026 Μαρκίωνσι

2451 1046 2825 1116 διεχρήσαντο.
2881 1051 2945 1100 Οἱ
2976 1049 3077 1118 μέν
3121 1066 3205 1102 τοι
3257 1048 3499 1117 Οΰγγροι
3534 1048 3763 1117 ὕστερον
3812 1048 4039 1114 ἑκάστῳ

2451 1133 2563 1188 ἔτει
2598 1140 2737 1189 κατὰ
2756 1137 2982 1198 πολλοὺς
3003 1137 3059 1190 δὲ
3087 1138 3314 1207 χρόνους
3334 1137 3693 1209 λῃστεύοντες
3723 1134 4039 1204 Ῥωμαίους

776 1220 965 1283 κακῶς
1008 1220 1245 1272 διέθεντο
1272 1237 1285 1251 ·
1343 1222 1596 1290 Ἰωάννης
1644 1219 1701 1273 δὲ
1753 1222 1782 1273 ὁ
1830 1222 2121 1291 εἰρημένος
2164 1223 2379 1289 πάπας,
2423 1222 2527 1277 ὑπὸ
2559 1227 2908 1295 στρατιωτῶν
2950 1226 3299 1298 συλληφθεὶς,
3342 1230 3437 1281 καὶ
3498 1230 3578 1292 είς
3617 1227 3865 1294 φυλακὴν
3896 1224 4041 1296 βλη-

778 1310 911 1374 θεὶς,
932 1314 1047 1365 ἐκεῖ
1071 1311 1717 1383 ὕστεροννδιαφθείρεται.

856 1402 1216 1456 Substituitur
1262 1404 1312 1455 in
1361 1404 1479 1470 ejus
1531 1404 1706 1458 locum
1755 1404 1888 1457 alter
1917 1401 2194 1467 Joannes;
2225 1419 2346 1457 cum

778 1506 907 1541 vero
956 1491 1094 1545 trale
1180 1492 1538 1561 principatum
1607 1495 1878 1556 obtinuit,
1930 1509 2050 1546 nuo:
2110 1495 2351 1561 deiectus

778 1586 894 1641 est;
934 1580 1005 1634 ob
1030 1596 1144 1632 eam
1174 1596 1285 1633 rem
1320 1581 1372 1636 in
1420 1583 1660 1650 eatalogo
1692 1586 2005 1652 pontilicum
2043 1601 2149 1636 non
2183 1599 2342 1655 appo-

781 1667 951 1719 nitur.

2541 1402 2950 1471 Ἀντεισάγεται
2994 1406 3053 1458 δὲ
3107 1408 3189 1468 εἰς
3238 1406 3330 1458 τδν
3380 1406 3570 1458 τούτου
3622 1406 3789 1459 τόπον
3842 1406 4041 1477 ἕτερος

2470 1494 2725 1564 Ἰωάννης
2746 1512 2759 1526 ο
2796 1497 2917 1548 ἐπεὶ
2945 1497 3002 1550 δὲ
3051 1499 3238 1559 κακῶς
3272 1497 3370 1567 τὴν
3400 1500 3577 1568 ἀρχὴν
3611 1499 3879 1566 εἰσῆλθεν,
3929 1500 4041 1551 αὐ-

2456 1586 2583 1636 τίκα
2610 1587 2667 1638 δὲ
2695 1587 2788 1638 καὶ
2813 1586 3076 1657 ἐξεϐλήθη
3100 1602 3112 1615 ·
3138 1588 3227 1641 διὰ
3248 1589 3407 1641 τοῦτο
3429 1594 3522 1641 καὶ
3553 1593 3611 1641 ὲν
3637 1589 3714 1658 τῷ
3738 1589 4039 1659 καταλόγῳ

2456 1676 2565 1733 τῶν
2597 1678 2903 1747 ἀρχιερέων
2941 1679 3002 1731 σὺ
3036 1678 3267 1732 τίθεται.

791 1862 4009 1913 lum—.—

2042 2068 2211 2112 ANNO
2254 2068 2478 2113 DOMINI
2519 2070 2767 2115 CMXXX.

1022 2222 1365 2355 ΤΟΥ
1467 2222 2808 2361 ΜΑΚΑΡΙΩΤΑΤΟΥ
2908 2227 3798 2367 ΒΑΣΙΛΕΙΟΥ

1789 2460 2338 2516 ΜΗΤΡΟΠΟΛΙΤΟΥ
2377 2461 2565 2515 ΝΕΩΝ
2621 2461 2901 2516 ΠΑΤΡΩΝ
2940 2461 3016 2533 (Ι)

1324 2619 1722 2672 ΠΡΟΛΟΓΟΣ
1765 2620 1904 2673 ΤΗΣ
1942 2622 2373 2674 ΕΡΜΗΝΕΙΑΣ
2415 2621 2554 2676 ΤΩΝ
2580 2622 2802 2675 ΛΓΙΩΝ
2830 2622 2921 2675 IB'
2957 2622 3353 2676 ΠΡΟΦΗΤΩΝ
3386 2621 3486 2693 (Ξ).

1449 2974 2542 3135 BEATISSIMI
2654 2979 3359 3138 BASILII

1866 3267 2377 3325 METROPOLlT/E
2418 3268 2947 3326 NEOPATRENSIS

1139 3447 1543 3510 PROLOGUS
1582 3447 2340 3510 INTERPRET-ATIONIS
2383 3447 2853 3510 SANCTORUM
2903 3448 3019 3508 XII
3060 3446 3674 3509 PBOPHETARUM.

1826 3607 1943 3670 (MAI
1976 3608 2109 3656 Nova
2146 3608 2275 3659 Bibl.
2309 3611 2440 3659 Patr.
2476 3616 2593 3659 tom.
2622 3609 2729 3670 VII,
2771 3623 2820 3672 p.
2843 3610 2975 3673 540.)

851 3935 903 3990 1.
938 3933 1069 4001 Quae
1097 3934 1315 4003 quidem
1352 3934 1537 3989 divina
1571 3936 1741 4003 gratia
1793 3949 2029 4005 superne
2078 3951 2174 4006 per
2212 3937 2349 3992 divi-
2383 3943 2429 4003 B

2383 3943 2429 4003 B
2528 3935 2597 3992 α’.
2641 3938 2708 3990 Ἀ
2754 3937 2851 4007 μὲν
2897 3936 2931 4006 ἠ
2973 3934 3093 3989 θεία
3148 3938 3311 4007 χάρις
3364 3935 3571 3990 ἀνωθεν
3630 3940 4041 4010 φρυκτωροῦσσ

778 4043 907 4081 num
940 4027 1199 4096 Spiritum
1224 4026 1509 4082 cﬂundens
1535 4028 1585 4080 in
1616 4027 1763 4081 hisce
1786 4028 2068 4097 inspiratis
2098 4045 2128 4083 a
2159 4029 2268 4084 Deo
2297 4040 2352 4085 ct

778 4118 1113 4172 beatissimis
1138 4119 1416 4187 praptietis
1469 4119 1971 4186 pricmanilestavit,
2020 4122 2137 4191 ipsa
2166 4135 2349 4177 autem

779 4224 971 4263 rursus
1000 4226 1122 4263 vere
1147 4210 1328 4263 divina
1361 4210 1452 4263 Dei
1482 4211 1533 4263 in
1561 4223 1751 4265 sancto
1797 4212 2001 4280 Spiritu
2030 4214 2199 4284 gratia
2245 4230 2349 4268 no-

777 4305 862 4359 bis
904 4306 1224 4371 humilibus,
1287 4306 1521 4360 illucens
1548 4306 1764 4374 aperuit
1818 4306 1999 4359 divina
2065 4307 2346 4377 mysteria,

779 4410 889 4449 non
914 4397 1239 4450 cessandum
1274 4397 1490 4450 videtur
1513 4398 1661 4450 clara
1690 4397 2144 4465 interpretatione
2175 4399 2350 4466 expli-

778 4501 922 4541 care.
976 4486 1132 4552 Quod
1190 4489 1337 4542 enim
1389 4489 1624 4557 simplici
1658 4498 1924 4557 quantum
1967 4491 2020 4543 in
2075 4491 2234 4545 nobis
2265 4499 2350 4545 est

780 4593 1054 4639 sermone,
1095 4579 1173 4633 vel
1208 4588 1267 4633 ut
1298 4579 1479 4634 verius
1509 4580 1818 4648 loquamur,
1860 4582 2004 4648 quod
2036 4582 2350 4650 operatione

778 4669 979 4723 Clu-isti
1007 4669 1094 4723 Dei
1119 4679 1172 4724 et
1196 4670 1321 4724 boni
1340 4671 1637 4726 Salvatoris
1660 4673 1833 4726 nostri
1858 4673 2041 4726 datum
2067 4681 2148 4727 cst
2170 4674 2348 4741 nobis,

778 4778 900 4815 cum
924 4763 1256 4832 gratitudine
1279 4764 1632 4833 excipientes,
1654 4764 1770 4819 haec
1792 4765 2128 4832 interpretati
2157 4781 2348 4820 sumus

779 4864 833 4905 et
859 4855 1236 4921 exposuimus,
1273 4853 1338 4906 ad
1360 4855 1814 4908 abundantiorem
1845 4855 2128 4908 scientiam
2164 4865 2217 4908 et
2255 4870 2349 4909 co-

778 4943 1072 5012 gnitionem
1123 4961 1310 5000 eorum
1358 4948 1451 5016 qui
1487 4946 1629 5002 circa
1665 4962 1761 5000 nos
1801 4946 2051 5015 legerint.
2085 4945 2222 5000 Nam
2250 4946 2349 5001 ob-

776 5052 937 5090 scura
982 5052 1106 5091 cum
1128 5040 1237 5091 sint
1261 5049 1313 5093 et
1334 5050 1542 5109 aperta,
1564 5041 1707 5093 velut
1728 5040 2065 5094 cernentium
2093 5040 2231 5093 male
2250 5055 2347 5094 cx-

778 5123 1010 5190 planata:
1046 5127 1423 5193 cogitationes,
1456 5139 1510 5181 et
1533 5129 2151 5196 multisinintclligibilia
2184 5130 2347 5182 simul

777 5223 830 5265 et
861 5215 1432 5285 incomprehensibilia
1472 5229 1730 5287 tauquam
1787 5236 1815 5273 a
1852 5221 2033 5273 divina
2083 5229 2347 5289 potestate

2458 4031 2587 4097 θείῳ
2651 4028 2929 4097 Πνεύματι
2995 4029 3172 4081 τοῖσδε
3231 4031 3290 4081 ὲν
3374 4033 3483 4094 τοίς
3561 4032 3882 4102 θεολήπτοις
3941 4040 4038 4088 καὶ

2459 4123 2907 4194 μακαριωτάτοις
2951 4120 3235 4191 προῠφηνε
3288 4124 3623 4193 προφήταις,
3677 4125 3815 4195 αὑτὴ
3884 4127 3941 4179 δὲ
4006 4130 4040 4192 ή

2455 4218 2625 4279 ὅντως
2677 4217 2773 4270 καὶ
2826 4211 2895 4271 αὖ
2945 4215 3067 4269 θεία
3111 4215 3247 4268 Θεοῦ
3283 4217 3342 4268 ἐν
3383 4217 3526 4286 ἁγίῳ
3562 4217 3841 4287 Πνεὺματι
3878 4220 4040 4289 χάρις

2456 4313 2590 4383 ἡμῖν
2638 4311 2755 4371 τοῖς
2808 4310 3086 4368 ταπεινοῖς
3135 4308 3499 4375 ὲπιλάμψασα
3563 4309 3864 4378 διεσάφησε
3916 4311 4039 4366 θεῖα

2459 4402 2772 4473 μυστήρια,
2833 4401 2932 4452 οὐκ
2977 4399 3237 4469 ὀκνητέον
3296 4400 3522 4465 γέγονεν
3576 4402 3657 4460 είς
3706 4403 4032 4472 τούμφανὲς

2452 4492 2891 4562 ἐνσημήνασθαι.
2948 4491 3113 4542 Ὅσον
3167 4490 3276 4559 γὰρ
3337 4490 3399 4542 τὸ
3449 4492 3573 4543 καθ’
3622 4493 3768 4561 ἡμᾶς
3824 4496 4037 4566 μετρίῳ

2451 4584 2615 4654 λόγῳ,
2652 4583 2853 4653 μᾶλλον
2882 4582 2938 4634 δὲ
2966 4581 3201 4651 τάληθὲς
3232 4583 3432 4645 εἰπεῖν,
3464 4582 3589 4633 ὅσον
3618 4584 3694 4651 ζτῇ
3737 4585 4037 4654 συνεργείᾳ.

2450 4674 2690 4745 Χριστοῦ
2708 4674 2801 4727 τοῦ
2832 4672 2967 4726 Θεοῦ
2997 4675 3091 4727 καὶ
3126 4672 3331 4739 ἀγαθοῦ
3374 4673 3629 4743 Σωτῆρος
3679 4672 3837 4742 ήμῶν
3871 4675 4032 4745 ἐδόθη

2450 4770 2607 4837 ἡμῖν,
2645 4768 2703 4818 ὲν
2736 4766 3031 4833 ἐπιγνώσει
3073 4764 3353 4829 λαϐόντες,
3386 4763 3558 4817 ταῦτα
3599 4766 3695 4816 καὶ
3746 4766 4032 4834 ήρμηνεύο

2453 4876 2627 4927 σαμεν
2661 4858 2753 4911 καὶ
2776 4857 3136 4925 τεθείκαμεν,
3161 4857 3241 4919 είς
3265 4855 3663 4926 περισσοτέραν
3702 4856 3911 4924 είδησιν
3936 4857 4033 4908 καὶ

2449 4948 2653 5017 γνῶσιν
2707 4948 2818 5000 τῶν
2859 4947 2985 5000 καθ’
3021 4949 3170 5018 ἡμᾶς
3218 4947 3640 5016 ἐντευξομένων.
3704 4947 4031 5018 Ἀσυμφανῆ

2449 5044 2558 5111 γὰρ
2611 5041 2743 5093 ϐντα
2787 5042 2881 5093 καὶ
2911 5041 3118 5108 ἀσαφῆ,
3151 5038 3227 5102 ὡς
3267 5038 3388 5091 λίαν
3422 5039 3477 5090 δὲ
3505 5038 3891 5107 δυστέκμαρτα
3924 5041 4033 5093 τῶν

2452 5132 2756 5200 βλεπόντων
2786 5132 2854 5183 τὰ
2881 5133 3157 5201 νοήματα,
3194 5130 3290 5181 καὶ
3332 5131 3445 5191 τοῖς
3486 5129 3699 5189 πολλοῖς
3742 5128 4033 5199 δύσληπτα

2449 5224 2537 5275 ὅτε
2568 5224 2662 5275 καὶ
2709 5223 2967 5291 ἀκίχητα,
3014 5221 3202 5291 ὥσπερ
3262 5222 3367 5273 ὑπὸ
3414 5219 3561 5282 θείας
3606 5219 3914 5289 δυνάμεως,
3956 5220 4033 5282 ὡς

778 5315 919 5373 orta,
951 5317 1011 5362 ut
1051 5324 1238 5364 verum
1289 5314 1514 5367 omnino
1558 5326 1640 5369 est
1691 5315 1837 5384 quod
1881 5314 2088 5366 dictum
2132 5324 2236 5376 est,
2275 5314 2348 5366 ita
2378 5305 2419 5362 C

2378 5305 2419 5362 C
2454 5312 2686 5381 ἀτρεκὲς
2739 5314 2800 5366 τὸ
2850 5313 3165 5382 λεγόμενον,
3193 5310 3366 5374 οὕτως
3396 5310 3758 5381 ὲνηχηθέντες
3796 5310 4030 5374 ἄνωθεν,

852 5459 1105 5534 (Ι)ηᾼῃισ
1143 5465 1289 5518 hunc
1332 5465 1614 5532 prologum
1649 5466 1907 5518 scribitur
1940 5466 2197 5534 anonymi
2246 5467 2351 5520 hoc

779 5532 963 5584 Basilii
994 5532 1377 5599 Neopatrensis
1409 5551 1549 5602 opus
1574 5538 2012 5589 connuemlanlis
2042 5532 2348 5588 admonitio

781 5604 1002 5674 ιιι-αἰνὴ,
1042 5619 1160 5672 quae
1193 5605 1381 5671 incipit
1419 5620 1435 5660 :
1474 5607 1532 5656 Ὀ
1566 5605 1887 5671 ὑπερούςιος
1940 5609 2029 5657 καὶ
2072 5606 2347 5674 ἀνενδεὴς-

852 5670 927 5735 (2)
976 5670 1072 5725 De“
1105 5674 1205 5726 hoc
1260 5670 1611 5728 sanctissimo
1664 5670 1917 5742 etiiseopo
1971 5678 2207 5727 nondum
2254 5670 2350 5729 nos

784 5742 1080 5813 quidquam
1116 5743 1317 5813 liquide
1340 5746 1719 5813 Comperimus.
1764 5744 1969 5797 Etenim
2005 5762 2177 5813 neque
2201 5762 2229 5797 a
2254 5745 2353 5797 Lc-

786 5812 971 5874 quinio
997 5814 1092 5867 0r.
1125 5811 1217 5870 cli.
1250 5811 1313 5867 Τ.
1350 5813 1412 5870 ιι.
1445 5811 1495 5882 p.
1537 5814 1659 5879 l77,
1699 5814 1820 5881 178,
1871 5817 1923 5868 in
1955 5811 2223 5884 episcopis
2252 5832 2350 5871 no-

2451 5481 2641 5519 varum
2673 5466 2952 5519 Patrarum
2990 5464 3468 5534 (Tliessallcarum;
3506 5480 3756 5533 ponitur;
3786 5481 3964 5533 neque
3998 5484 4027 5521 a

2454 5534 2670 5589 Labbeo
2707 5538 2758 5588 ili
2791 5537 2968 5603 primo
2999 5546 3257 5603 apparatu
3297 5536 3664 5590 Conciliorum
3698 5536 3841 5587 inter
3874 5538 4025 5591 Basi-

2454 5606 2555 5675 lius
2611 5609 2898 5675 episcopos
2951 5616 3279 5661 reccnsctur.
3342 5603 3725 5658 Verumtamen
3773 5603 4024 5672 Lequinii

2455 5674 2764 5743 Labbeique
2790 5674 3043 5743 catalogi,
3072 5691 3235 5743 quam
3266 5675 3375 5728 sint
3411 5675 3705 5741 imperfecti
3734 5716 3749 5737 ,
3777 5675 4027 5743 quotidie

2456 5746 2860 5811 cognoscimus,
2891 5747 3018 5798 dum
3046 5760 3112 5799 ex
3147 5745 3302 5800 novis
3336 5746 3702 5800 monumentis
3759 5760 3900 5799 nova
3923 5762 4023 5799 no-

2458 5818 2604 5870 inina
2637 5817 2840 5885 passim
2895 5814 3135 5870 elucent.
