4208 6432
150 394 258 460 413

1281 398 1364 459 ΙΝ
1404 399 1855 460 PROPHETAS
1901 401 2271 466 MINORES.

3294 403 3398 467 ιιι

150 508 244 561 καὶ
277 506 361 575 τῷ
394 506 513 559 ὄντι
552 504 727 559 εἰπεῖν
754 503 960 573 νοερῶς
1000 504 1421 576 ἐπιτραπέντες,
1454 507 1550 560 καὶ
1599 509 1715 575 ὁρι-

1822 522 2055 577 superne
2079 511 2256 564 edocti
2281 521 2335 566 et
2371 513 2551 583 reipsa
2602 516 2880 585 sapienter
2926 514 3078 584 loqui
3123 515 3399 570 conliden-

151 599 373 659 σθέντες
401 596 538 667 πρὸς
574 597 733 658 Θεοῦ,
771 595 945 649 ταῦτα
975 598 1055 660 εἰς
1090 595 1368 671 προῦπτον
1403 597 1725 667 λευκότερον

150 686 589 756 έσαφηνεσαμεν.
627 687 691 739 Οἱ
722 685 828 756 γὰρ
856 686 963 756 πρὸ
982 687 1140 757 ἡμῶν
1171 688 1436 742 θειότατοι
1480 688 1572 741 καὶ
1605 688 1725 741 θεο-

151 779 308 848 φόροι
343 779 612 847 Πατέρες,
666 778 723 830 έν
756 778 1063 848 καταλήψει
1119 778 1271 833 ταῦτ’
1321 779 1571 849 ἔχοντες,
1628 781 1727 848 οὐχ

150 870 373 922 ἅπαντα
418 867 855 937 διηρμήνευσαν,
907 870 1055 923 ἐστιν
1114 872 1313 935 εἰπεῖν,
1354 870 1499 940 nam
1541 872 1630 924 διά
1665 870 1728 923 τὸ

151 958 509 1027 πολυπληθὲς
552 960 665 1012 τῶν
708 959 994 1029 νοημάτων
1027 962 1096 1016 τά
1122 962 1293 1015 πολλά
1328 964 1725 1033 παρεάσαντες,

152 1053 185 1121 ἢ
208 1052 296 1104 ὅτι
330 1050 456 1104 θεία
511 1069 597 1115 τις
640 1050 733 1103 καὶ
758 1053 895 1121 πρὸς
914 1053 977 1106 τὸ
1004 1054 1183 1123 τέρμα
1208 1054 1360 1107 τοῦδε
1394 1056 1488 1108 τοῦ
1521 1057 1727 1121 κόσμου

150 1143 511 1213 ταμιεύσασα
564 1143 837 1212 τετήρηκε
889 1144 1012 1199 θεία
1063 1146 1245 1215 χάρις,
1300 1146 1389 1199 διὰ
1434 1146 1497 1197 τὸ
1529 1146 1729 1199 καὶτὰ

151 1232 278 1285 καθ’
310 1234 461 1301 ἡμᾶς
486 1232 586 1301 ἤδη
618 1233 790 1303 πέρας
838 1232 1005 1301 ἔχειν,
1040 1235 1135 1287 καὶ
1182 1235 1319 1304 πρὸς
1351 1234 1524 1289 αἰῶνα
1554 1236 1730 1288 νεύειν

150 1326 243 1376 τον
272 1324 669 1392 ἐπερχόμενον.
699 1324 831 1377 Οὐδὲ
861 1325 970 1396 γάρ
998 1326 1119 1396 εἰκῇ
1168 1325 1261 1377 τὸν
1292 1325 1521 1395 τυχόντα
1569 1328 1729 1381 πόνον

152 1417 248 1466 καὶ
274 1413 481 1484 ἱδρῶτα
536 1416 684 1468 τόνδε
720 1396 822 1467 τὸν⁸
840 1417 1165 1489 ὀνησιφόρον
1185 1416 1623 1489 κατεὸαλόμεθα,
1652 1420 1732 1481 εις

150 1506 298 1575 ἀέρα
330 1508 494 1577 μόνον
517 1508 609 1561 τὸν
639 1508 761 1562 νοῦν
785 1511 1054 1579 δέροντες.

221 1598 295 1665 β’.
331 1599 473 1653 Ἀλλ’
494 1602 685 1669 ἐπειδὴ
703 1600 964 1670 ἑωρῶμεν
982 1602 1105 1664 τοὺς
1122 1602 1436 1672 ἀλιτηρίους
1452 1600 1732 1670 Ἐϐραίους

158 1691 302 1756 μετὰ
327 1691 602 1749 τοσαύτας
628 1692 875 1755 παιδείας
903 1692 1000 1746 καὶ
1039 1693 1433 1759 έξωκείλαντας
1461 1693 1553 1746 τοῦ
1594 1695 1735 1761 ἁγα-

156 1782 277 1845 θοῦ,
314 1784 414 1834 καὶ
436 1782 517 1834 ἔτι
546 1783 976 1853 τληπαθοῦντας,
1003 1789 1099 1837 καὶ
1131 1783 1274 1838 πάνυ
1307 1801 1369 1851 γε
1402 1783 1736 1857 κερτομοῦν-

153 1888 275 1935 τας.
342 1872 757 1944 ἀθυροστόμους
809 1893 867 1928 τε
914 1875 1360 1946 βρενουομένους,
1402 1880 1495 1930 καὶ
1538 1877 1591 1929 εἴ
1632 1895 1734 1930 που

154 1964 374 2031 τύχοιεν
406 1966 531 2027 τοὺς
578 1965 972 2035 ἀφελεστέρους
1028 1968 1437 2035 φενακίζοντας,
1481 1970 1575 2022 καὶ
1624 1970 1735 2022 δει-

157 2055 262 2113 νῶς
304 2056 785 2126 διατεινομένους,
836 2061 933 2110 καὶ
988 2060 1406 2126 ἀντιλέγοντας,
1463 2061 1537 2124 ὡς
1584 2060 1736 2113 οεπω

156 2143 281 2196 κατ’
315 2146 517 2208 αὐτοὺς
567 2148 595 2198 ὁ
620 2149 856 2218 Χριστὸς
884 2145 1013 2219 ἧκε,
1056 2152 1517 2221 προσδεχομένους
1552 2168 1609 2203 τε
1643 2152 1736 2203 καὶ

158 2238 610 2306 καραδοκοῦντας
648 2242 727 2301 εἰς
764 2240 970 2308 μάταια
1013 2242 1106 2294 τὸν
1158 2242 1527 2311 Ἀντίχριστον
1554 2244 1737 2304 αὐτοῖς

158 2329 383 2381 ἔσεσθαι
415 2332 475 2381 τὸ
511 2330 703 2383 δοκοῦν
731 2332 820 2384 τὸν
874 2333 1110 2400 δυσσεϐῆ
1160 2336 1253 2386 καὶ
1301 2335 1499 2389 πλάνον
1521 2352 1533 2366 ·
1569 2336 1736 2389 πολλά

157 2419 210 2473 δὲ
242 2421 338 2474 καὶ
394 2420 531 2474 ἄλλα
586 2421 868 2491 δεινότερα
912 2423 1056 2475 κατὰ
1100 2424 1197 2493 τῆς
1247 2425 1550 2494 ἀμωμήτου
1580 2410 1737 2496 ήμῶν

160 2513 266 2565 τῶν
291 2514 641 2585 Χριστιανῶν
662 2515 898 2577 πίστεως
922 2514 1259 2584 βλασφήμως
1291 2518 1737 2587 έρεσχελοῦντας,

162 2606 255 2658 καὶ
309 2607 395 2666 εἰς
449 2605 613 2663 κενὰς
664 2603 888 2666 ἐλπίδας
943 2608 1241 2675 κεχηνότας
1290 2607 1417 2669 τοὺς
1473 2606 1738 2677 ἄφρονας,

163 2697 298 2747 ἀλλὰ
351 2697 450 2746 καὶ
516 2696 625 2747 τῶν
684 2696 805 2749 κατ’
845 2698 1045 2760 αὐτοὺς
1089 2698 1301 2751 ἀσεϐῶν
1350 2688 1739 2768 αἱρετικῶναά

167 2787 380 2854 βὶάσφη
389 2804 467 2853 μα
511 2788 754 2855 στόματα
785 2788 900 2856 μετ’
924 2787 1103 2840 αὐτῶν
1136 2788 1243 2841 τῶν
1266 2790 1469 2858 ὁμοίων
1504 2794 1567 2861 τῇ
1603 2792 1739 2846 Θεοῦ

168 2878 465 2947 συνεργείᾳ
490 2879 770 2946 ἐμφράξαι
799 2878 1133 2947 βουλόμενοι,
1168 2880 1262 2932 καὶ
1281 2881 1471 2947 δεῖξαι,
1493 2884 1589 2935 καὶ
1621 2886 1742 2937 πεῖ-

168 2985 273 3030 σαι,
324 2968 401 3029 ῶς
436 2965 540 3038 ἧκε
593 2970 827 3038 Χριστὸς
876 2971 971 3022 καὶ
1018 2969 1189 3022 ἔπαθε
1224 2975 1564 3041 σαρκοφορος
1592 2974 1742 3039 γενο-

168 3077 348 3124 ρενος,
380 3062 476 3112 καὶ
510 3061 741 3128 τέθνηκε
782 3062 872 3112 καὶ
895 3063 1122 3133 ἀνέστη,
1156 3064 1250 3115 καὶ
1290 3065 1568 3136 ἀνελήφθη
1607 3068 1741 3137 πρὸς

167 3153 251 3202 τὸν
287 3150 518 3220 Πατέρα
564 3154 643 3215 εἰς
695 3153 956 3221 οὐρανοὺς
1009 3156 1144 3225 μετά
1179 3156 1453 3224 σώματος,
1489 3160 1582 3211 καὶ
1624 3160 1739 3228 ἥξει

167 3244 329 3297 πάλιν
360 3245 389 3295 ὁ
420 3243 585 3306 αὐτὸς
619 3243 691 3304 ὡς
731 3244 1079 3313 θεάνορωπος
1108 3245 1183 3297 ῶν
1235 3249 1373 3315 μετά
1398 3250 1496 3316 τῆς
1530 3248 1743 3319 ἀφθάρ-

164 3353 256 3386 του
309 3336 517 3405 σαρκὸς
576 3336 742 3388 αὐτοῦ
774 3353 788 3367 ·
826 3337 922 3389 καὶ
982 3338 1065 3389 ὅτι
1103 3331 1260 3400 οὗτός
1314 3341 1463 3392 ἐστιν
1493 3341 1521 3391 ὁ
1562 3342 1692 3403 Θεὸς
1718 3341 1746 3393 ὁ

166 3430 359 3491 ἀΐδιος.
424 3427 608 3481 Ταῦτα
686 3430 857 3495 δεῖξαι
934 3430 1248 3500 βουλόμενοι
1301 3434 1380 3496 εἰς
1456 3435 1748 3487 κατάλυσιν

168 3523 274 3573 τῶν
339 3521 586 3582 ἀσεϐῶν,
642 3522 737 3573 καὶ
795 3525 873 3586 εἰς
928 3524 1269 3577 ἀνακαίνισιν
1328 3526 1437 3577 τῶν
1485 3526 1744 3591 εὐσεϐῶν,

168 3612 239 3673 ὡς
287 3614 351 3663 ἐν
433 3612 744 3679 προφήταις
800 3614 1099 3679 ὁμοφώνως
1162 3615 1502 3683 δηλούμενα,
1578 3617 1747 3669 ταῦτα

166 3702 544 3770 ἆιεξήλθομεν,
581 3704 690 3753 πᾶν
741 3704 917 3772 νόημα
968 3708 1067 3773 τῆς
1116 3706 1276 3773 ἁγίας
1332 3708 1555 3775 Γραφῇ
1608 3711 1748 3761 κατὰ

172 3794 387 3847 Παῦλον
457 3795 547 3845 τον
603 3796 775 3861 μέγαν
823 3794 1120 3848 ἀπόστολον
1191 3796 1277 3848 ἐπ’
1333 3798 1567 3869 ὠφελείᾳ
1642 3801 1749 3852 τῶν

171 3884 484 3935 ἀκουόντων
531 3884 818 3952 εἰρημένον
849 3887 925 3945 εἰς
959 3885 1192 3953 Χριστὸν
1227 3888 1745 3956 αἰχμαλωτίζοντες.

242 3977 313 4043 γ’.
345 3977 460 4031 Καί
488 3995 578 4045 μοι
603 3978 690 4027 τὸν
728 3978 849 4028 νοῦν
874 3978 1113 4041 εὐσεϐῶς
1146 3980 1479 4049 ὲπιστήσατε
1510 3984 1625 4035 ὅσοι
1654 3988 1749 4053 τῆς

177 4070 464 4139 μακαρίας
510 4069 658 4136 ζωῆς
712 4074 767 4121 ἑν
824 4071 1039 4139 μεθέξει
1097 4073 1353 4139 γενέσθαι
1408 4078 1649 4145 ἐφίεσθε,
1683 4080 1749 4131 ἵν’

174 4163 321 4232 ἴδητε
383 4160 503 4221 πῶς
559 4155 703 4213 οἷόεν
742 4162 799 4213 ὲν
842 4163 1057 4232 ὀργάνῳ
1106 4167 1347 4234 πενιχρῷ
1374 4168 1613 4236 ταπεινῷ
1658 4170 1750 4221 καὶ

176 4250 401 4320 σμικρῷ
432 4252 459 4300 ὁ
490 4251 621 4312 θεὸς
678 4250 859 4303 λαλεῖν
890 4253 958 4304 τὰ
1004 4252 1167 4305 αὐτοῦ
1189 4267 1202 4281 ’
1258 4254 1447 4323 μηδεὶς
1476 4255 1749 4324 ἀντελογος

175 4342 339 4405 ἔστω,
396 4341 773 4411 φιλόχριστοι·
830 4343 924 4411 οὐχ
988 4343 1260 4413 ἡμέτερον
1303 4346 1363 4397 τὸ
1413 4348 1617 4417 δρᾶμα,
1658 4350 1751 4402 τοῦ

178 4430 311 4485 Θεοῦ
350 4431 464 4501 γὰρ
498 4432 530 4499 ἡ
575 4432 755 4499 χάρις,
784 4432 872 4483 ἵνα
904 4432 1051 4503 δείξῃ
1097 4434 1179 4486 ὅτι
1232 4436 1299 4487 τὰ
1354 4436 1751 4507 ἐξουθενημένα

1827 612 1932 664 tes,
1961 611 2014 655 et
2057 618 2123 656 ex
2156 601 2267 658 Deo
2292 604 2632 672 deﬁnientes,
2672 608 2784 662 haec
2816 609 2867 662 in
2901 608 3263 677 limpidiorem
3289 611 3403 662 ela-

1824 692 2039 745 ritatem
2075 695 2480 763 proposuimus.
2518 698 2622 763 Qui
2654 700 2797 752 enim
2842 709 2967 753 ante
3000 715 3101 755 nos
3165 701 3404 755 sanctis-

1827 781 1948 835 simi
2011 792 2066 836 et
2098 782 2267 837 divini
2311 784 2497 839 Patres
2518 791 2712 843 horum
2749 790 3163 857 intelligentiam
3201 793 3407 845 habue-

1829 878 1975 933 runt,
2010 886 2115 924 non
2156 874 2341 927 omnia
2378 873 2903 944 interpretati‘sunt,
2948 878 2998 931 id
3030 887 3133 936 est.
3162 880 3243 931 vel
3277 881 3402 947 quia

1828 960 2217 1012 sententiarum
2281 962 2679 1017 multitudinem
2736 967 3056 1035 plerumque
3106 970 3405 1036 pra’tcrmi-

1829 1060 2039 1112 serunt,
2109 1051 2192 1104 vel
2250 1055 2379 1121 quia
2426 1055 2613 1110 divina
2676 1059 2921 1126 quaedam
2966 1059 3019 1113 in
3071 1058 3257 1111 mundi
3289 1058 3405 1124 ejus

1828 1140 2121 1192 terminum
2156 1153 2425 1208 seponens
2460 1144 2634 1215 gratia
2682 1149 3022 1213 reservavit,
3075 1148 3237 1203 rebus
3285 1162 3412 1216 qua:

1830 1228 1975 1283 circa
2000 1242 2101 1282 nos
2130 1240 2257 1284 sunt
2286 1232 2444 1286 linem
2491 1250 2616 1289 mox
2664 1236 3014 1301 habentibus,
3064 1247 3119 1292 et
3147 1239 3212 1292 ad
3256 1239 3405 1292 futu-

1831 1334 1951 1372 rum
1999 1321 2249 1375 sreculum
2282 1324 2648 1382 tendentibus.
2688 1327 2806 1384 Non
2843 1329 2987 1383 enim
3035 1338 3236 1383 temere
3268 1347 3406 1399 prae-

1834 1419 2040 1464 sentem
2085 1412 2322 1467 laborem
2356 1424 2409 1469 et
2454 1416 2681 1472 sudores
2736 1420 2872 1474 istos
2915 1422 3182 1475 salutares
3214 1435 3405 1474 susce-

1834 1501 2031 1571 pimus,
2064 1503 2116 1557 in
2148 1518 2326 1558 aerem
2366 1515 2573 1559 tantum
2622 1521 2852 1564 mentem
2888 1511 3237 1580 dissipantes.

1902 1592 1957 1645 2.
1994 1592 2097 1647 Sed
2127 1594 2384 1660 quoniam
2418 1598 2655 1653 vidimus
2710 1599 2947 1654 nefarios
2998 1599 3256 1657 llebrzeos
3285 1611 3407 1673 post

1838 1690 1944 1734 tam
1971 1682 2171 1736 multas
2206 1684 2593 1750 castigationes
2624 1702 2844 1743 aversos
2865 1704 2892 1741 a
2926 1689 3091 1753 bono,
3124 1701 3177 1744 et
3203 1692 3255 1743 iu
3292 1692 3406 1759 ipsa

1837 1774 2011 1827 adhuc
2038 1788 2197 1842 poena
2234 1774 2466 1829 multum
2520 1776 2868 1839 insultantes.
2916 1780 3213 1849 linguaque
3245 1778 3409 1832 ell‘re-

1770 1848 1810 1910 Β
1842 1876 1964 1919 nata
1997 1864 2392 1933 superbientes,
2433 1876 2487 1920 et
2519 1868 2564 1921 si
2606 1868 2697 1936 qui
2732 1848 3079 1923 oceurreriut
3112 1869 3412 1923 modestio-

1845 1970 1933 2009 res
1988 1956 2335 2023 pertinaciter
2387 1958 2714 2022 obstinatos,
2746 1961 3204 2022 contradicentes,
3252 1962 3409 2030 quasi

1843 2049 2081 2102 nondum
2110 2050 2363 2105 Christus
2420 2054 2560 2120 apud
2612 2052 2735 2106 illos
2781 2054 3009 2117 venerit,
3038 2063 3315 2119 sperantes
3361 2064 3414 2106 et

1843 2151 2219 2211 exspectantes
2249 2146 2300 2196 in
2348 2157 2546 2198 vanum
2591 2146 2987 2201 Autichristum
3026 2147 3134 2201 illis
3172 2146 3412 2201 futurum

1843 2247 1986 2295 esse,
2014 2248 2123 2302 quo
2151 2234 2419 2288 videbitur
2444 2236 2644 2305 impius
2675 2248 2727 2291 et
2755 2238 2983 2291 mendax
3023 2254 3036 2303 ;
3073 2238 3239 2292 multa
3271 2254 3417 2309 quo-

1844 2340 1949 2394 que
1982 2325 2088 2379 alia
2114 2326 2351 2379 truciora
2387 2326 2440 2380 in
2488 2337 2731 2383 nostram
2771 2328 3206 2383 Christianorqu
3235 2331 3417 2383 incor-

1845 2427 2056 2487 ruptam
2102 2418 2258 2473 lidem
2305 2435 2428 2473 cum
2484 2420 2840 2490 hlasphemiis
2890 2423 3227 2491 cavillantes,
3275 2433 3327 2477 et
3364 2425 3416 2477 in

1845 2525 1995 2579 spem
2027 2512 2241 2564 inanem
2273 2521 2332 2565 ut
2361 2512 2559 2566 stultos
2589 2513 2825 2578 hiantes,
2854 2514 3104 2567 volumus
3130 2517 3417 2584 impiorum

1848 2603 1988 2655 inter
2019 2601 2140 2655 illos
2172 2609 2227 2655 et
2255 2603 2634 2657 haereticorum
2666 2605 3095 2673 blasphemantia
3130 2621 3224 2660 ora
3258 2607 3419 2675 ipsis-

1848 2702 1956 2746 met
1998 2692 2276 2748 similibus
2308 2694 2613 2749 rationibus
2642 2693 2752 2750 Deo
2786 2696 3081 2765 adjuvante
3107 2697 3418 2762 occlude-re,

1847 2785 2133 2839 ostendere
2162 2794 2215 2837 et
2247 2787 2592 2853 persuadere.
2638 2786 2916 2842 Christum
2978 2791 3089 2857 jam
3124 2792 3338 2845 venisse
3369 2802 3423 2846 et

1849 2890 2067 2943 passum
2099 2891 2220 2931 esse
2251 2878 2303 2930 iu
2336 2893 2500 2933 carne
2549 2880 2774 2944 factum,
2831 2892 3110 2935 mortuum
3155 2898 3312 2947 esse,
3340 2899 3422 2938 re—

1850 2968 2178 3030 surrexisse,
2243 2970 2555 3023 ascendisse
2614 2972 2680 3025 ad
2739 2970 2951 3025 Patrem
3001 2975 3053 3026 iu
3086 2974 3250 3028 caelus
3294 2990 3419 3029 cum

1851 3070 2077 3125 corpore
2131 3072 2253 3120 suo,
2302 3069 2358 3113 et
2410 3070 2699 3115 venturum
2739 3078 2861 3117 esse
2918 3064 3110 3118 iterum
3166 3067 3415 3119 eumdem

1850 3147 2019 3202 Deum
2072 3150 2232 3203 simul
2288 3160 2342 3204 et
2376 3153 2649 3206 hominem
2706 3169 2829 3208 cum
2881 3170 2979 3209 sua
3020 3157 3417 3225 incorruptibili

1850 3255 2034 3304 carne,
2062 3241 2293 3295 ethunc
2338 3240 2507 3296 Dettm
2551 3259 2673 3300 esse
2725 3257 2985 3300 attentum
3019 3264 3032 3300 :
3063 3250 3177 3302 hle
3227 3258 3417 3305 osten-

1851 3330 1986 3384 dere
2018 3330 2262 3385 volentes
2297 3332 2350 3385 in
2380 3333 2811 3390 destructionem
2855 3338 3141 3405 impiorum
3183 3350 3235 3393 et
3257 3356 3420 3392 reuo-

1851 3421 2122 3475 vationem
2162 3425 2395 3491 piorum,
2422 3434 2477 3479 ut
2508 3425 2648 3495 apud
2686 3429 2982 3497 prophetas
3019 3430 3261 3483 unanimi
3290 3446 3422 3481 eon-

1850 3529 2014 3568 sensu
2054 3515 2420 3571 manifestata.
2459 3517 2582 3572 llaec
2610 3522 2985 3588 exposuimus,
3029 3535 3246 3573 omnem
3288 3537 3420 3574 sun-

1850 3617 1949 3659 ctu:
1996 3606 2295 3675 Scriptura:
2348 3612 2853 3682 seutentiamjuxta
2904 3614 3128 3667 Paulum
3165 3630 3418 3683 magnum

1850 3698 2173 3764 Apostolqu
2209 3700 2248 3761 ‘,
2289 3700 2355 3753 ad
2412 3703 2699 3757 utilitatem
2759 3706 3095 3759 audientium
3154 3706 3419 3771 prclatam

1860 3790 1915 3842 in
1951 3791 2226 3846 Christum
2252 3794 2607 3862 captivantes.

1921 3981 1972 4033 5.
1996 3979 2561 4050 Μίιιὶςῑείιυινηιοηιοη]
2588 3982 2672 4051 pie
2695 3983 2962 4047 adh‘bete,
2982 3988 3428 4055 quotquotbeatze

1852 4073 1972 4125 vitae
1996 4083 2277 4127 consortes
2305 4074 2417 4127 fieri
2448 4075 2666 4143 cupitis,
2711 4086 2768 4129 ut
2794 4078 3018 4132 videatis
3050 4082 3322 4147 quomodo
3358 4083 3409 4133 in

1853 4178 2061 4233 organo
2083 4164 2268 4228 debili,
2303 4166 2489 4218 humili
2521 4177 2574 4220 et
2601 4182 2767 4235 parvo
2798 4170 3014 4222 sciverit
3041 4169 3179 4223 Deus
3201 4188 3294 4225 sua
3319 4174 3429 4225 clo-

1854 4261 1945 4325 qui
1983 4273 1997 4319 ;
2031 4258 2212 4310 nullus
2268 4260 2627 4322 c0ntradicat,
2693 4260 2899 4313 Christi
2961 4273 3234 4317 amatores
3266 4282 3279 4317 :
3318 4281 3430 4318 non

1855 4362 2100 4403 nostrum
2128 4359 2207 4403 est
2246 4365 2423 4416 Optts;
2461 4352 2549 4403 Dei
2596 4352 2740 4403 enim
2782 4354 2953 4420 gratia
2981 4364 3086 4416 est,
3149 4364 3207 4407 ut
3241 4364 3431 4409 osten-

1854 4442 2015 4495 datur
2043 4443 2463 4509 contemptihitia
2482 4452 2530 4495 et
2553 4444 2773 4497 humilia
2798 4460 2825 4497 a
2872 4444 2979 4498 Deo
3016 4448 3191 4500 electa
3221 4463 3339 4500 esse
3362 4446 3427 4498 azl

178 4525 273 4575 καὶ
332 4522 405 4573 τὰ
461 4522 696 4574 ταπεινά
725 4521 1005 4587 ἐξελέξατο
1048 4526 1076 4577 ὀ
1116 4525 1269 4590 Θεὲις,
1299 4528 1388 4579 ἵνα
1416 4531 1741 4600 καταισχύνῃ

1812 4544 1827 4596 ι
1855 4534 2297 4588 confundendum
2333 4534 2492 4588 fortia
2525 4537 2566 4589 ².
2598 4534 2700 4600 Qui
2734 4537 2879 4590 enim
2927 4553 3026 4607 ego
3056 4553 3198 4599 sum,
3230 4554 3431 4606 parvus

178 4616 247 4667 τὰ
278 4616 503 4683 ἰσχυρά.
546 4613 643 4674 Τίς
691 4613 796 4683 γὰρ
853 4613 964 4682 ἐγὼ
1002 4619 1029 4669 ὁ
1075 4619 1267 4687 μικρὸς
1297 4620 1387 4672 καὶ
1421 4622 1630 4690 πτωχὸς
1656 4627 1751 4677 καὶ

179 4706 509 4775 ἀμαρτωλος
553 4704 860 4774 ἄνθρωπος,
896 4708 983 4759 ἵνα
1027 4710 1094 4762 τὰ
1137 4710 1277 4761 αὐτὰ
1316 4713 1395 4774 εἰς
1428 4713 1551 4765 νοῦν
1577 4714 1757 4767 λαϐὼν

181 4800 290 4856 τοῖς
342 4794 486 4865 ἐμοῦ
544 4796 815 4864 ὲξείποιμι
865 4800 1207 4865 κρείττοσιν;
1264 4801 1387 4855 ὅθεν
1422 4804 1633 4857 εἴσεσθε
1666 4808 1760 4859 καὶ

180 4886 359 4952 αὖθις,
412 4889 517 4941 οῦκ
554 4887 611 4952 ἐξ
648 4889 805 4957 ἐμοῦ,
859 4889 993 4942 ἀλλά
1024 4891 1161 4944 Θεοῦ
1207 4894 1266 4945 τὸ
1313 4893 1503 4963 δῶρον.
1540 4897 1629 4964 Μὴ
1668 4896 1761 4949 οῦν

182 4982 269 5033 δια
297 4981 359 5032 τὸ
396 4979 646 5041 etiame;
679 4980 859 5033 καὶού
885 4982 1058 5051 πάντη
1115 4984 1460 5053 καταληπτὸν
1493 4987 1592 5055 τὴν
1625 4990 1763 5056 ἀγα·

184 5073 282 5140 θὴν
306 5071 518 5138 ταύτην
550 5071 757 5140 εἶδησίν
780 5090 862 5134 τις
898 5073 1292 5151 ἐκμυκτηριεῖ;
1314 5077 1446 5129 Θεοῦ
1497 5080 1603 5146 γάρ
1633 5082 1745 5131 ἐστι

189 5166 349 5230 μόνον
402 5166 465 5215 τὸ
518 5164 627 5215 πᾶν
670 5164 983 5228 ἀπταίστως
1058 5168 1597 5236 καταλαμϐάνεσθαι.
1665 5174 1754 5225 Διὸ

185 5253 440 5317 δυσωπῶ,
508 5254 809 5325 σκοπητὲον
853 5255 992 5309 ἔστω
1043 5260 1153 5320 τοίς
1182 5260 1471 5326 φιλοοέοις,
1519 5264 1593 5333 μὴ
1640 5268 1753 5327 τοῖς

188 5344 452 5405 ἐναντίοις
478 5360 530 5394 τι
560 5344 668 5395 τῶν
697 5345 874 5397 καλῶν
907 5348 1190 5417 προέσθαι,
1224 5351 1359 5405 ἀλλὰ
1410 5355 1671 5423 νουνεχῶς
1697 5372 1754 5407 τε

189 5436 284 5486 καὶ
319 5437 765 5504 ἐπιστημονικῶς
798 5440 854 5490 ἐν
887 5441 1141 5511 ἀκριϐείᾳ
1173 5442 1347 5497 ταῦτα
1394 5446 1753 5515 διαλέγεσθαι,

195 5529 268 5594 μὴ
330 5527 738 5595 παροδευτικῶς
791 5531 924 5598 μηδὲ
987 5534 1327 5601 φιλονείκως,
1390 5541 1481 5607 ἀφ’
1525 5535 1587 5595 οῦ
1634 5543 1755 5597 οὐδὲ

195 5617 472 5687 λοσιτελὴς
512 5620 544 5688 ἡ
574 5619 835 5686 ὠφέλεια,
870 5622 1002 5676 ἀλλὰ
1034 5625 1292 5693 φιλοοέως
1334 5632 1424 5685 καὶ
1458 5648 1757 5703 πνευματι-

278 5782 289 5810 ¹
324 5781 341 5834 1
374 5781 518 5836 Tim.
558 5793 637 5845 ut,
674 5780 757 5834 lti.
837 5784 855 5813 ¹
889 5780 1056 5839 lCor.
1095 5800 1129 5847 ι,
1158 5785 1246 5838 ‘27.

1860 4639 1913 4681 et
1971 4626 2247 4680 mendicus
2284 4636 2337 4680 et
2368 4636 2617 4691 peccator
2646 4628 2830 4690 homo,
2872 4639 2929 4682 ut
2951 4629 3136 4682 eadem
3163 4631 3213 4682 in
3252 4641 3430 4683 mente

1859 4719 2194 4787 perSpiciens
2219 4718 2538 4773 melioribus
2584 4735 2669 4773 me
2714 4722 3005 4773 enarrem?
3034 4720 3212 4786 Quare
3244 4721 3432 4775 sciatis

1859 4813 2076 4874 iterum,
2132 4811 2182 4863 id
2236 4826 2340 4863 non
2387 4827 2449 4863 ex
2493 4828 2576 4863 me
2606 4829 2748 4877 esse,
2806 4812 2898 4866 sed
2941 4813 3031 4866 Dei
3095 4814 3323 4867 donum.
3356 4814 3433 4868 Ne

1862 4904 2025 4972 igitur
2055 4912 2278 4971 propter
2304 4902 2575 4956 defectum
2608 4912 2702 4956 aut
2732 4904 3192 4967 insullicientiam,
3229 4906 3428 4957 bonam

1867 4996 2005 5049 hanc
2055 4994 2362 5047 doctrinam
2405 4996 2602 5064 aliquis
2636 4997 2899 5049 irrideat:
2937 4996 3027 5049 Dei
3074 4997 3218 5049 enim
3260 4997 3431 5049 solius

1864 5093 1945 5139 est
2002 5095 2172 5139 totum
2218 5086 2569 5141 inl'ullihilitcr
2616 5087 3097 5154 comprehemlere.
3152 5087 3272 5139 Ideo
3306 5102 3432 5153 rogo

1864 5187 1920 5231 ut
1949 5176 2071 5230 talis
2111 5178 2182 5230 sit
2218 5176 2305 5230 Dei
2362 5178 2554 5231 amicis
2592 5193 2813 5245 scopus,
2840 5196 2905 5230 ne
2938 5178 3082 5230 velut
3131 5176 3429 5230 adversarii

1866 5268 2068 5334 aliquid
2136 5270 2257 5321 boni
2305 5270 2739 5337 prietermittaut,
2796 5273 2887 5323 sed
2920 5279 2976 5321 ut
3032 5270 3324 5337 prudenter
3379 5274 3431 5317 ct

1865 5361 2141 5428 sapienter
2174 5375 2294 5413 eum
2322 5360 2597 5429 diligentia
2645 5360 2757 5414 hmc
2789 5368 3060 5424 tractent;
3106 5375 3210 5411 nun
3237 5372 3433 5427 prope-

1864 5451 2036 5506 rando
2098 5468 2271 5522 neque
2338 5454 2678 5517 aemulando,
2739 5453 2881 5506 unde
2949 5452 3096 5505 nulla
3171 5450 3431 5505 salutaris

1866 5544 2073 5598 utilitas
2117 5546 2311 5607 oritur,
2360 5544 2452 5597 sed
2495 5560 2618 5597 cum
2660 5543 2750 5598 Dei
2796 5558 2980 5596 amore
3010 5551 3063 5597 ct
3120 5543 3173 5595 in
3221 5540 3427 5609 Spiritu

1864 5651 1990 5691 cum
2016 5638 2278 5694 modestia
2304 5638 2416 5695 haec
2444 5638 2689 5709 accipite,
2717 5646 2768 5694 et
2793 5637 3087 5706 explorate,
3119 5646 3176 5691 ut
3204 5648 3297 5689 tos
3325 5648 3430 5686 ma-
