4208 6432
806 371 914 435 415

1546 378 1835 441 BASILII
1879 378 2254 448 NEOPATR.
2292 386 2411 449 ΕΡ.
2452 388 2532 448 1N
2573 391 3021 455 PROPHETAS
3060 395 3228 456 MIN.

3925 402 4035 464 416

796 482 886 549 jus
934 481 1147 535 lucrum
1199 482 1461 547 eﬂicialis,
1511 494 1564 537 et
1612 488 1704 554 qui
1771 488 2035 542 docentur
2081 492 2359 547 meliorem
2388 497 2521 557 Ακὸ

2464 497 2573 560 κῶς
2603 499 2667 551 ἐν
2698 502 2969 574 ἐπιεικείᾳ
3014 501 3189 556 ταῦτα
3212 502 3627 572 διαλαμϐάνετε,
3675 507 3769 560 καὶ
3817 508 4035 580 διεξέρ-

800 569 1089 625 utilitatem
1111 572 1427 640 percipiant.
1448 572 1607 627 Certe
1632 577 1858 629 multum
1883 578 2151 647 imprimis
2174 596 2361 635 curam

799 658 1056 712 eximiam
1090 661 1408 717 adhibentes
1433 702 1448 727 ,
1477 674 1531 718 et
1575 681 1695 734 qua:
1724 682 1790 719 ex
1833 682 1891 721 se
1936 670 2363 740 interpretabilia

797 757 926 801 sunt
953 750 1093 816 apud
1140 752 1431 821 prophetas
1463 771 1493 808 a
1543 757 1650 809 Deo
1686 757 2006 827 inspiratos,
2036 772 2091 816 et
2119 779 2241 831 qua:
2273 781 2365 819 oc-

796 840 1015 894 casione
1061 856 1239 896 rerum
1284 849 1652 914 quarumlibet
1718 851 1991 908 intellectu
2033 854 2177 909 facili
2217 857 2360 913 dicta

793 919 955 981 verba
995 930 1047 982 in
1106 930 1459 990 fundamento
1512 953 1657 1004 esse,
1704 953 1762 994 ut
1814 944 1968 997 decet
2003 985 2019 1011 ,
2074 947 2359 1014 sinamus:

710 1044 713 1045 ν
795 1033 915 1085 quae
969 1036 1099 1073 vero
1148 1033 1277 1077 sunt
1330 1025 1564 1083 diﬂicilis
1616 1032 2006 1103 intelligentia,
2067 1040 2362 1111 multisque

791 1108 1026 1164 obscura
1060 1120 1114 1165 et
1140 1118 1665 1187 parum'explanata,
1695 1124 1857 1178 etiam
1880 1135 2062 1182 autem
2086 1139 2141 1184 et
2164 1108 2363 1200 myste-

791 1199 873 1252 ria
909 1216 1030 1269 qua:
1065 1203 1291 1259 tendunt
1322 1210 1389 1261 ad
1417 1208 1653 1264 divinam
1679 1212 1878 1270 Christi
1912 1199 2356 1290 incarnationem,

796 1299 853 1343 ut
872 1305 1060 1346 eorum
1085 1293 1465 1352 obscuriorum
1491 1301 1899 1374 intelligentiam
1938 1309 2356 1378 illustraremus,

796 1382 1174 1449 multipliciter
1203 1397 1257 1440 et
1308 1390 1496 1444 multis
1530 1395 1707 1465 modis
1759 1398 1812 1450 in
1868 1397 1957 1452 illa
2019 1404 2357 1470 explananda

791 1471 968 1527 solum
1018 1475 1389 1544 incubuimus,
1454 1485 1746 1539 multarum
1797 1493 2186 1548 sententiarum
2249 1498 2356 1553 vim

791 1576 1170 1633 congerentes,
1191 1579 1245 1622 et
1264 1571 1317 1624 in
1345 1577 1817 1632 eonlirmationem
1844 1582 2114 1636 dictorum
2140 1599 2359 1658 propter

794 1653 1095 1710 invidentes
1140 1668 1195 1714 et
1225 1660 1426 1718 invidia
1476 1669 1938 1740 contradicentes,
1974 1676 2287 1733 testimonia
2327 1696 2357 1735 e

791 1746 976 1800 multis
1013 1762 1294 1821 assumpta
1343 1755 1682 1825 adducimus,
1720 1750 1986 1818 stabilitas
2028 1774 2082 1819 et
2124 1769 2209 1835 pie
2259 1772 2357 1825 ob-

2464 588 2642 654 χεσθε,
2668 588 2747 651 είς
2774 590 2839 642 τὸ
2866 592 2960 643 καὶ
2984 592 3126 661 ὑμᾶς
3154 608 3207 644 τι
3238 592 3399 646 πλέον
3426 594 3731 661 κερδανεῖν,
3760 598 3854 649 καὶ
3896 602 4031 661 τοὺς

2465 678 2938 749 μαθητευομένους
2991 682 3170 745 καλῶς
3208 683 3556 752 ὠφελεῖσθαι.
3624 687 3840 756 Ἀμέλει
3895 693 4032 761 περὶ

2463 768 2661 823 πολλοῦ
2693 772 2923 837 μάλιστα
2956 775 3187 845 σπουδὴν
3218 776 3432 843 ἀγαθὴν
3468 779 3765 847 τιθέμενοι,
3791 782 3892 832 ὅσα
3925 783 4031 849 μὲν

2463 859 2876 930 αὐθερμήνευτα
2905 866 3016 925 τοῖς
3046 864 3321 940 θεοσόφοις
3351 868 3655 936 προφήταις
3677 886 3691 900 ο
3720 871 3818 922 ὅσα
3850 870 3906 922 δὲ
3944 873 4030 926 εἰς

2462 967 2621 1004 τινων
2654 954 2839 1017 ἁπλῶς
2897 956 3239 1025 πραγμάτων
3272 958 3400 1010 ὄντα
3448 956 3717 1026 εὔληπτον
3754 962 4030 1028 πρόφασιν

2465 1045 2682 1112 ῥήματα
2709 1043 2786 1112 τῷ
2815 1044 3048 1117 θεμελίῳ
3103 1043 3241 1101 εἶναι
3284 1049 3360 1110 ὡς
3413 1050 3711 1119 προσῆκεν,
3748 1052 4027 1120 ἐάσαμενο

2462 1135 2561 1187 ὅσα
2591 1136 2646 1189 δὲ
2671 1138 2746 1199 είς
2779 1138 3073 1208 ἁσυμιρανῆ
3124 1139 3223 1209 τὴν
3259 1140 3569 1208 διάγνωσιν,
3619 1143 3712 1195 καὶ
3744 1145 3855 1204 τοῖς
3888 1147 4031 1198 πολ-

2462 1226 2572 1287 λοῖς
2588 1228 2795 1298 ἀσαφῆ,
2822 1230 2917 1281 καὶ
2933 1230 3320 1302 δυστέκμαρτα
3346 1232 3492 1295 ὄντα,
3521 1234 3600 1288 ἔτι
3621 1234 3678 1287 δὲ
3699 1241 3791 1288 καὶ
3817 1237 3895 1298 εἰς
3923 1237 4033 1305 τὴν

2463 1316 2603 1367 κατὰ
2632 1318 2807 1386 σάρκα
2841 1317 2991 1370 θείαν
3034 1320 3351 1388 οἰκονομίαν
3388 1323 3621 1392 Χριστοῦ
3677 1326 4031 1379 συντείνοντα

2465 1412 2758 1477 μυστήρια,
2781 1409 2873 1462 ἅτε
2896 1410 2962 1480 δὴ
2997 1412 3092 1465 ἆτε
3120 1414 3229 1463 τῶν
3266 1412 3650 1484 λαφυροτέρων
3685 1419 3783 1486 τὴν
3814 1420 4032 1472 ἔννοιαν

2461 1498 2883 1571 ἐμφανίζοντες,
2925 1503 3244 1573 πολυμερῶς
3296 1521 3354 1557 τε
3404 1509 3515 1558 ,καὶ
3560 1508 3914 1579 πολυτρόπως
3968 1513 4031 1564 ἐν

2461 1593 2587 1659 τῇδε
2615 1591 2948 1660 διασαφῆσαι
2983 1594 3140 1660 μόνον
3185 1596 3441 1665 ἐθέμεθα,
3493 1598 3703 1652 πολλῶν
3736 1603 4031 1669 νοημάτων

2463 1683 2814 1752 ἀθροίσαντες
2846 1683 3097 1752 δύναμιν,
3139 1687 3232 1739 καὶ
3281 1692 3362 1749 εἰς
3393 1690 3683 1758 βεϐαίωσιν
3710 1692 3817 1744 τῶν
3838 1693 4034 1745 λαλου-
4114 1680 4123 1688 ’

2465 1774 2643 1840 μένων
2694 1773 2781 1825 διὰ
2838 1774 3067 1837 πολλοὺς
3106 1778 3234 1838 τοὺς
3267 1776 3659 1845 βασκαίνοντας
3696 1783 3790 1835 καὶ
3818 1784 4036 1836 ἀντιλέ-

791 1837 1035 1895 lirmatas
1060 1843 1541 1913 interpretationes
1569 1853 1909 1917 colligentes,
1952 1867 2006 1910 et
2036 1874 2099 1912 ex
2129 1861 2353 1931 antiquo
2382 1854 2428 1913 B
2455 1879 2520 1929 γο

2458 1837 2648 1929 κοντας
2673 1864 2875 1933 φθόνῳ,
2898 1866 2997 1927 τὰς
3037 1869 3101 1919 ὲκ
3128 1837 3339 1920 πολλῶν
3365 1837 3668 1941 μαρτυρίας
3694 1874 4035 1941 χρησάμενοι

790 1930 993 1996 Moyse,
1034 1934 1141 1987 filio
1180 1935 1348 2003 Nave,
1384 1940 1507 2007 Job,
1558 1942 1723 1997 David
1761 1956 1816 2000 et
1864 1948 2175 2016 Salomone,
2210 1930 2356 2010 etiex

791 2026 1104 2091 apostolicis
1141 2039 1196 2084 et
1242 2035 1570 2102 evangelicis
1615 2041 1853 2096 oraculis
1884 2047 2173 2100 concordia
2207 2049 2357 2103 testi-

789 2121 971 2173 monia
1005 2124 1367 2190 proferentes.

2465 1957 2923 2026 προτεθείκαμεν,
2947 1960 3347 2030 ὲρηρεισμένας
3376 1964 3469 2015 καὶ
3486 1963 3724 2027 εὐσεϐῶς
3749 1966 4034 2035 ἡδρασμέ-

2463 2064 2559 2109 νας
2586 2048 2683 2109 τὰς
2715 2049 3013 2117 ἑρμηνείας
3062 2050 3447 2114 συντάξαντες.
3482 2053 3547 2107 ἐκ
3574 2072 3634 2106 τε
3674 2054 3768 2107 τοῦ
3795 2056 4033 2107 παλαιοῦ

2460 2141 2737 2201 Μωῦσέως
2764 2157 2823 2191 τε
2854 2141 2949 2193 καὶ
2977 2141 3070 2194 τοῦ
3104 2143 3261 2211 Ναυῆ
3290 2144 3470 2212 γόνου,
3512 2146 3631 2197 Ἰὼϐ
3660 2164 3740 2210 τε,
3780 2148 3945 2200 Δαϐίδ
3972 2165 4035 2199 τε

724 2238 733 2249 ι
790 2207 882 2259 καὶ
916 2209 1277 2278 Σολομῶντος,
1313 2217 1685 2273 ἀποστολικῶν
1709 2239 1767 2275 τε
1789 2224 1885 2276 καὶ
1916 2226 2291 2293 εὐαγγελικῶν
2314 2229 2704 2298 θεσπισμάτων
2729 2232 2828 2293 τὰς
2876 2234 3201 2300 συμφώνους
3239 2235 3526 2303 ὁμολογίας
3578 2239 4030 2306 παρατιθέμενον

858 2298 913 2352 4.
948 2299 1094 2355 llanc
1125 2303 1288 2371 igitur
1316 2308 1486 2362 aciem
1520 2312 1804 2379 habentes,
1838 2328 1912 2381 et,
1950 2329 2007 2371 ut
2044 2322 2224 2376 verius
2263 2322 2350 2375 di-

788 2404 930 2454 cam,
962 2392 1103 2449 hanc
1131 2396 1530 2465 defensionem,
1556 2421 1622 2458 ne
1647 2406 1954 2473 timeamus,
1984 2412 2348 2469 dilectissimi.

785 2482 1007 2539 auribus
1042 2484 1331 2555 itupiorum
1368 2493 1615 2547 intonare
1640 2534 1655 2558 ,
1688 2512 1874 2551 eorum
1904 2502 2191 2556 stultitiam
2222 2521 2351 2559 con-

789 2571 1101 2644 fundamus,
1128 2588 1182 2635 et
1210 2583 1450 2637 nitamur
1480 2601 1576 2641 eos
1631 2593 1903 2645 monendo
1949 2596 2120 2664 magis
2149 2598 2351 2667 alloqui

788 2677 843 2720 et
871 2669 937 2720 ad
970 2669 1247 2725 Christum
1288 2674 1579 2732 adducere.
1627 2680 1703 2733 lta
1736 2683 1882 2736 enim
1914 2687 2005 2753 qui
2042 2689 2376 2746 inuumeras'

789 2770 977 2827 gentes
1010 2761 1062 2815 in
1114 2766 1430 2820 servitutem
1468 2770 1716 2839 redigunt
1769 2777 1974 2829 strenul
2014 2778 2232 2843 milites,
2269 2782 2351 2834 in-

786 2853 1102 2907 strumentis
1128 2855 1337 2912 bellicis
1354 2868 1407 2912 et
1429 2860 1621 2928 gladiis
1640 2865 1844 2927 usi,eos
1867 2867 2083 2933 quidem
2108 2872 2352 2938 capiunt,

766 2937 839 2993 ‘ct
863 2943 1033 3011 spolia
1068 2959 1345 3003 sumentes
1380 2953 1616 3019 przcmiis
1672 2967 2025 3022 exornantur,
2051 2961 2353 3029 subjectos-

2527 2322 2588 2376 δ’.
2622 2323 2889 2376 Τοσοῦτον
2909 2321 3002 2376 οὖν
3037 2322 3255 2393 ἔχοντες
3289 2329 3688 2397 συνασπισμὸν,
3722 2329 3919 2398 μᾶλλον
3974 2333 4033 2382 δὲ

2457 2412 2688 2482 τάληθὲς
2722 2416 2898 2466 είπείν
2922 2414 3361 2484 ὑπερασπισμὸν,
3414 2418 3489 2485 μὴ
3514 2419 3858 2488 ὀκνήσαιμεν,
3900 2423 4034 2487 ἀγα-

2459 2504 2644 2573 πητοὶ,
2679 2505 2787 2557 τῶν
2812 2505 3024 2557 ἀσεϐῶν
3078 2507 3510 2577 καταϐροντῆσαι
3568 2509 3634 2562 τά
3662 2504 3774 2562 ὦτα
3806 2528 3819 2540 ·
3848 2513 4031 2580 πάσης

2460 2593 2714 2660 εὐηθείας
2748 2593 2926 2645 αὐτῶν
2980 2596 3360 2663 καταγνῶμεν,
3414 2596 3504 2649 καὶ
3555 2598 3878 2667 σπεύσωμεν
3904 2617 4034 2652 νου-

2463 2684 2823 2753 θετικώτερον
2846 2685 3041 2747 αὐτοὺς
3069 2685 3366 2750 διαλαϐεῖν,
3413 2689 3504 2740 καὶ
3543 2692 3624 2751 είς
3654 2692 3694 2741 Χ
3704 2691 3883 2761 ριστὸν
3904 2693 4032 2744 ἑπι-

2460 2774 2795 2828 σπάσασθαι.
2819 2776 2974 2828 Οὕτω
3006 2777 3113 2846 γὰρ
3141 2779 3189 2829 οἱ
3217 2779 3708 2847 αἰχμαλωτίζοντες
3738 2782 3864 2851 ἔθνη
3899 2784 4029 2836 ἀλό-

2458 2879 2619 2930 γιστα
2668 2864 2905 2933 ἀνδρεῖοι
2942 2870 3243 2936 στρατηγοὶ
3280 2870 3454 2933 ὄντες,
3501 2871 3752 2940 ὀργάνοις
3779 2875 4030 2944 ἀμυντη-

2463 2953 2594 3021 ρίοις
2623 2956 2715 3006 καὶ
2741 2954 2922 3024 ξίφεσι
2966 2958 3260 3027 χρώμενοι.
3302 2960 3394 3011 καὶ
3427 2960 3520 3021 οὒς
3567 2962 3664 3030 μὲν
3703 2963 4036 3033 λαφυραγω-

785 3046 893 3099 quc
943 3035 1043 3087 sibi
1108 3049 1389 3093 servantes
1433 3044 1499 3096 ad
1546 3060 1725 3111 regem
1791 3048 2071 3105 dueuntet
2100 3052 2353 3110 laudibus
2381 3044 2425 3103 (ἶ
2458 3061 2521 3111 γο

2458 3043 2703 3111 γοῦντες,
2732 3046 2903 3098 σκύλα
2916 3064 2974 3099 τε
2996 3048 3362 3116 λαμϐάνοντες
3388 3052 3513 3114 τοὺς
3541 3053 3730 3117 δλϐους
3757 3056 4032 3109 ἐπικτῶν-

789 3120 1165 3192 honorantur;
1200 3130 1549 3188 adversantes
1577 3147 1755 3190 autem
1782 3180 1794 3201 ,
1828 3141 1908 3193 vel
1932 3158 2073 3196 saeve
2101 3152 2153 3197 et
2187 3148 2353 3212 perti-

785 3214 992 3267 uaciter
1021 3230 1322 3285 pugnantes
1357 3224 1465 3277 cito
1500 3226 1806 3284 destruunt.
1836 3230 1979 3285 Idem
2018 3245 2069 3288 et
2113 3252 2210 3290 nos
2241 3237 2350 3303 jam

787 3303 1072 3374 faciemus,
1098 3311 1300 3365 bellum
1324 3316 1610 3383 spirituale
1633 3320 1684 3372 in
1720 3323 2061 3379 adversarios
2078 3342 2350 3395 geremus.

786 3391 1056 3451 Habemus
1087 3416 1234 3455 arma
1257 3419 1362 3458 tere
1385 3407 1571 3461 divino
1596 3410 1879 3479 fabricala,
1906 3404 2177 3471 sexdecim
2226 3436 2353 3474 san-

789 3494 874 3534 eta
955 3486 1316 3544 instrumenta
1381 3494 1569 3551 bellica
1639 3513 1832 3567 praeter
1883 3506 2029 3558 mille
2110 3509 2351 3579 clypeos,

785 3584 961 3639 scuta,
996 3578 1225 3647 gladios,
1259 3582 1503 3652 lanceas,
1547 3593 1774 3659 sagittas
1812 3604 1864 3647 et
1912 3598 2013 3650 tela
2039 3641 2051 3661 ,
2087 3610 2140 3652 et
2167 3612 2353 3657 contra

793 3665 915 3720 illos
963 3669 1213 3735 pluribus
1260 3676 1382 3728 aliis
1426 3688 1662 3746 utemur,
1718 3684 1985 3752 imprimis
2030 3698 2111 3743 ter
2146 3691 2355 3760 fulgen-

787 3774 895 3809 ψ...
943 3768 996 3811 et
1029 3762 1241 3816 unicam
1293 3766 1466 3821 luecm
1512 3771 1563 3823 in
1617 3775 1875 3827 auxilium
1923 3779 2201 3846 habentes,
2235 3785 2354 3841 illos

783 3850 1028 3918 captivos
1062 3869 1316 3922 agemus:
1361 3876 1498 3929 quos
1530 3863 1743 3931 quidem
1782 3869 1912 3921 mihi
1960 3873 2143 3926 animo
2178 3876 2353 3942 subji-

782 3942 989 3995 cientes
1018 3958 1074 3998 se
1107 3948 1425 4019 viderimus,
1462 3954 1545 4007 his
1578 3970 1883 4023 pareamus,
1926 3976 2099 4030 neque
2144 3980 2238 4033 per
2266 3983 2352 4019 ar-

783 4035 1086 4097 rogantiam
1118 4040 1514 4104 proculcemus,
1545 4059 1578 4096 o
1608 4045 1906 4101 fortissime
1938 4048 2027 4103 Dei
2057 4057 2351 4118 exercitus;

783 4124 876 4175 sed
914 4119 1193 4193 rapiamus
1232 4131 1393 4185 vitam
1428 4134 1622 4189 anima:
1664 4137 1922 4193 dantibus
1958 4144 2157 4207 verbis,
2205 4154 2258 4199 et
2286 4148 2351 4200 ad

784 4212 981 4267 Christi
1016 4218 1399 4274 universorum
1445 4224 1605 4293 Regis
1635 4228 1800 4295 pedes
1840 4233 2227 4287 submittamus
2252 4275 2265 4297 ,
2294 4246 2353 4291 ut

782 4306 849 4358 ab
873 4322 940 4359 eo
968 4309 1411 4379 hoaorilieemur,
1440 4328 1493 4369 et
1518 4318 1571 4370 iu
1593 4334 1660 4371 eo
1678 4320 1971 4375 salvemur.
1993 4326 2140 4388 Quos
2167 4336 2345 4381 autem

782 4406 1145 4464 repugnantes
1189 4402 1521 4467 viderimus,
1580 4424 1757 4478 neque
1813 4412 1949 4466 bene
2013 4414 2345 4480 obedientes,

782 4487 1160 4551 destruamus.
1195 4496 1469 4552 credamus
1524 4514 1637 4560 eos,
1690 4513 1746 4554 ut
1798 4503 2121 4561 Madiauitas
2168 4509 2352 4563 divino

786 4576 1023 4645 Spiritus
1042 4583 1238 4649 gladio.
1268 4584 1519 4643 Nitamur
1539 4608 1668 4661 ergo
1691 4607 1956 4661 quantum
1986 4600 2037 4650 in
2065 4601 2220 4654 uobis
2244 4613 2345 4667 est,

782 4668 1144 4735 dilectissimi,
1194 4690 1384 4745 capere
1409 4678 1493 4747 pie
1545 4682 1779 4749 praedam
1840 4684 1945 4738 Deo
1972 4687 2268 4753 jucundam
2300 4699 2355 4745 et
2390 4674 2401 4687 ’

786 4770 993 4827 gratam
1031 4765 1243 4821 animus
1276 4785 1463 4824 eorum
1517 4774 1610 4841 qui
1671 4776 1972 4833 salvantur.
2019 4778 2116 4833 Sin
2170 4794 2351 4835 autem

783 4850 833 4903 id
866 4853 938 4941 ab
967 4854 1088 4910 aliis
1126 4868 1183 4911 ut
1226 4859 1625 4918 infructuosum
1655 4866 1972 4935 despicitur,
2002 4882 2055 4924 et
2083 4887 2186 4924 non
2224 4888 2352 4941 pos.

781 4931 938 4997 sihilé
967 4957 1051 5000 est
1093 4963 1288 5017 capere
1320 4952 1521 5023 aliquid
1563 4971 1629 5010 ex
1680 4958 1763 5011 his
1789 4960 1880 5026 qui
1929 4962 2124 5016 nolunt
2156 4965 2205 5016 in
2240 4963 2350 5019 Deo

785 5035 1008 5101 salvnri,
1041 5050 1277 5096 attamen
1315 5062 1414 5100 nos
1448 5047 1595 5115 ipsos
1624 5063 2014 5107 conservemus
2049 5054 2099 5107 iu
2129 5054 2231 5109 fide
2260 5056 2347 5109 di-

784 5130 908 5181 vina
935 5128 1223 5197 loquendo,
1245 5144 1298 5188 et
1330 5138 1415 5205 pie
1448 5149 1501 5192 et
1531 5142 1734 5195 utiliter
1758 5144 2025 5207 vivamus,
2062 5155 2119 5199 ut
2148 5158 2348 5202 aeterna

786 5219 925 5269 bona
972 5221 1342 5289 adipiscamur
1380 5228 1433 5279 in
1470 5228 1692 5285 Christo
1718 5230 1847 5285 Jesu
1879 5234 2105 5290 Domino
2139 5246 2347 5293 nostro.

786 5305 954 5362 liabet
983 5322 1165 5365 autem
1198 5315 1277 5368 sic
1301 5319 1592 5386 expositio.
1621 5320 1858 5376 Textura
1882 5326 2062 5382 omnis
2092 5342 2215 5381 cum
2266 5328 2352 5382 iu-

785 5402 1165 5467 terpretatioue
1211 5405 1271 5457 41
1314 5426 1326 5461 :
1372 5426 1391 5459 ι
1439 5410 1503 5464 Et
1547 5412 1685 5467 dixit
1739 5406 2005 5473 Dominus
2059 5418 2125 5473 ad
2170 5418 2348 5475 Osee:
2393 5414 2406 5431 ’

785 5490 952 5545 Sume
983 5494 1077 5547 tibi
1108 5498 1389 5553 mulierem
1423 5502 1465 5566 ³,
1506 5522 1523 5554 ι
1556 5516 1666 5559 etc.

2457 3153 2569 3197 ται,
2604 3139 2729 3199 τοὺς
2769 3138 3184 3203 ὐποκύπτοντας
3229 3144 3314 3209 ἐφ’
3354 3145 3581 3205 ἑαυτοὺς
3628 3146 4029 3214 λαμϐάνοντες,

2456 3231 2648 3296 ἄγουσι
2682 3230 2761 3298 τῷ
2785 3231 3013 3299 βασιλεῖ,
3043 3234 3137 3285 καὶ
3160 3237 3436 3294 ὲπαινετοὶ
3462 3236 3831 3306 καθεστήκασι
3858 3254 3873 3268 ·
3899 3241 4031 3302 τοὺς

2458 3321 2911 3384 ἁντιστατοῦντας
2956 3322 3037 3386 δὲ,
3070 3322 3102 3392 ἢ
3140 3324 3234 3375 καὶ
3263 3325 3465 3385 κακῶς
3498 3327 3589 3376 καὶ
3629 3326 3817 3388 δεινῶς
3853 3345 4029 3395 μαχο-

2460 3412 2657 3479 μένους
2719 3412 2913 3465 θᾶττον
2972 3413 3344 3485 ἀναιροῦντες.
3372 3415 3543 3468 Τοῦτο
3583 3420 3677 3469 καὶ
3724 3418 3883 3485 ἡμεῖς
3923 3419 4027 3487 ήδη

2460 3504 2781 3571 ποιήσομεν,
2838 3503 3075 3573 πόλεμον
3132 3505 3508 3572 πνευματικὸν
3575 3508 3687 3568 τοῖς
3730 3508 4029 3569 ἀντιδίκοις

2456 3595 2860 3663 ἐπιδειξόμεθα.
2896 3596 3132 3666 Ἔχομεῦ
3167 3600 3232 3651 τὰ
3286 3600 3425 3651 ὅπλα
3453 3600 3521 3651 τὰ
3547 3601 3931 3668 θεοχάλκευτα,
3968 3604 4030 3666 ἒξ

2458 3688 2552 3739 καὶ
2595 3687 2724 3739 δέκα
2768 3689 2899 3755 ἇγια
2925 3691 3239 3760 ἀμυντήρια
3272 3692 3412 3760 ὑπὲρ
3461 3693 3729 3762 μυριάδας
3769 3695 4027 3756 ἀσπίδας.

2456 3776 2549 3827 καὶ
2580 3775 2804 3845 θυρεοὺς
2854 3777 3109 3844 φάσγανά
3156 3796 3215 3829 τε
3268 3782 3360 3830 καὶ
3388 3780 3589 3849 δόρατα
3633 3782 3723 3833 καὶ
3762 3780 3891 3845 τόξα
3932 3784 4031 3834 καὶ

2458 3866 2617 3935 βέλη⁶
2646 3868 2739 3919 καὶ
2798 3866 2933 3937 πρὸς
2989 3868 3187 3928 αὐτοὺς
3225 3868 3319 3921 καὶ
3359 3869 3538 3933 ἄλλοις
3579 3871 3790 3922 πλείοσι
3821 3874 4029 3941 χρησόο

2460 3958 2600 4027 μεθα
2622 3974 2634 3988 °
2666 3960 2864 4027 μᾶλλον
2909 3959 2965 4012 δὲ
3001 3959 3062 4011 τὸ
3091 3960 3399 4030 τριλαμπὲς
3428 3963 3521 4014 καὶ
3554 3963 3763 4014 ἑνιαῖοντ
3791 3962 3907 4031 φῶς
3942 3966 4028 4025 εἰς

2458 4052 2775 4120 συμμαχίαν
2834 4050 3070 4120 ἔχοντες,
3130 4053 3329 4116 αὐτοὺς
3386 4053 3880 4124 προνομεύσομεν·
3930 4054 4029 4115 οὓς

2459 4144 2555 4212 μὲν
2581 4140 2951 4211 ἡπιογνὼμως
2978 4142 3367 4211 ὑποκύψαντας
3416 4146 3644 4211 ἴδοιμεν,
3680 4145 4026 4213 φεισώμεθα,

2460 4235 2533 4305 μὴ
2558 4234 2837 4303 ἀνελῶμεν
2888 4236 3151 4307 ἀκρασίᾳ,
3186 4235 3231 4288 ὦ
3272 4238 3652 4305 ἀνδρειότατον
3691 4239 3835 4289 θεῖον
3860 4238 4030 4305 στρά-

2458 4345 2630 4396 τευμα
2650 4344 2665 4358 ο
2692 4327 2946 4397 λάϐωμεν
2976 4328 3033 4380 δὲ
3060 4328 3532 4398 ζωοψυχοσώμως,
3575 4331 3669 4383 καὶ
3698 4331 3919 4399 Χριστῷ
3946 4332 4029 4400 τῷ

2454 4418 2791 4485 παμϐασιλεῖ
2808 4419 3038 4488 ,ἀξωμεν
3071 4419 3175 4471 ὑπὸ
3198 4420 3384 4485 πόδας,
3420 4422 3507 4473 ἵνα
3545 4420 3638 4490 καὶ
3678 4420 4031 4489 δσξασθῶμεν

2453 4507 2546 4560 ὑπ’
2577 4507 2766 4571 αὑτοῦ,
2794 4510 2887 4561 καὶ
2924 4509 3013 4560 ἐπ’
3037 4508 3186 4578 αὐτῷ
3219 4510 3615 4575 σωθησὼμεοα.
3649 4510 3753 4570 Οὓς
3782 4510 3839 4562 δὲ
3874 4513 4031 4562 ἀντι-

2456 4600 2764 4667 μαχοῦντας
2800 4599 3024 4666 ἴδοιμεν,
3061 4600 3158 4652 καὶ
3185 4600 3259 4669 μὴ
3309 4600 3633 4662 ὑπείκοντας
3659 4601 3861 4661 καλῶς,
3896 4601 4025 4652 ἀνέ-

2452 4689 2653 4759 λωμεν,
2682 4688 3008 4757 πατάξωμεν
3046 4690 3363 4751 αὑτοὺς.ιί›ς
3383 4693 3472 4743 καὶ
3502 4692 3626 4753 τοὺς
3658 4692 4028 4754 Μαδιαναίους

2454 4785 2517 4850 τῇ
2563 4782 2683 4849 θείᾳ
2723 4781 3044 4851 παραξιφίδι
3088 4781 3183 4833 τοῦ
3233 4781 3566 4849 Πνεύματος.
3620 4782 4027 4851 Σπουδάσωμεν

2454 4874 2547 4927 οὖν
2607 4875 2668 4925 τὸ
2738 4874 2958 4943 μᾶλλον,
3020 4872 3317 4942 ἀγαπητοὶ,
3393 4872 3485 4925 τοῦ
3534 4873 3798 4942 θηρεῦσαι
3839 4874 4020 4943 θήραν

2453 4963 2695 5026 εὐσεϐῶς
2737 4963 2815 5032 τῷ
2862 4962 2981 5031 Θεῷ
3035 4963 3327 5033 εὐάρεστον
3350 4962 3447 5015 καὶ
3486 4962 3749 5030 ἐράσμιον
3778 4964 3879 5025 τὰς
3910 4965 4021 5016 τῶν

2455 5058 2777 5126 σωζομένων
2806 5058 3002 5129 ψυχάς.
3037 5058 3097 5108 Εἰ
3129 5057 3186 5110 δέ
3230 5074 3289 5124 γε
3314 5055 3471 5107 τοῦτο
3501 5057 3811 5119 ἀλυσιτελὲς
3835 5058 4021 5120 ἄλλοις

2450 5150 2725 5219 παροφθῇ,
2786 5155 2879 5202 καὶ
2923 5152 3023 5218 οὐχ
3077 5144 3187 5201 οἷόν
3234 5148 3295 5200 τέ
3338 5150 3451 5200 ἐστι
3481 5149 3666 5202 λαϐεῖν
3707 5167 3759 5200 τι
3799 5150 3910 5202 τῶν
3946 5152 4021 5219 μὴ

2446 5241 2793 5311 βουλομένων
2846 5238 3117 5302 σώζεσθαι
3161 5240 3255 5292 ἐπὶ
3308 5239 3428 5309 Θεῷ
3453 5257 3467 5270 ·
3497 5238 3602 5292 κᾶν
3632 5240 3861 5301 ἑαυτοὺς
3887 5238 4023 5305 γοῦν

2452 5334 2881 5404 συντηρὴσωμεν
2919 5335 2985 5402 τῇ
3017 5330 3137 5401 θείᾳ
3192 5331 3369 5383 πίστει
3412 5331 3771 5399 φραξάμενοι,
3802 5329 3897 5383 καὶ
3929 5331 4025 5381 εὐ·

2454 5426 2624 5487 σεϐῶς
2661 5426 2755 5477 καὶ
2811 5424 3061 5494 χρηστῶς
3123 5422 3595 5491 πολιτευσώμεθα,
3632 5422 3720 5473 ἵνα
3759 5423 3855 5473 καὶ
3909 5421 4022 5472 τῶν

2452 5514 2681 5566 αἰωνίων
2725 5513 2948 5581 ἀγαθῶν
2974 5511 3322 5581 ὲπιτύχωμεν
3367 5514 3424 5559 δν
3466 5510 3689 5583 Χριστῷ
3718 5509 3911 5587 ’Ἰησοῦ
3944 5510 4023 5579 τῷ

784 5586 975 5657 Κυρίῳ
996 5588 1171 5658 ἡμῶν.
1219 5595 1373 5664 Ἔχει
1412 5597 1468 5651 δὲ
1519 5600 1695 5665 οὕτως
1738 5603 2050 5675 ἡδήλωσις.
2102 5607 2175 5662 Τὸ
2249 5607 2381 5672 ὕφος
2420 5608 2565 5663 ἂπαν
2616 5608 2754 5677 μετᾶ
2795 5606 3089 5679 ἑρμηνείας
3126 5605 3234 5677 μα’.
3272 5627 3289 5659 ι
3357 5609 3466 5662 Καὶ
3502 5603 3621 5661 εἷπε
3654 5605 3857 5676 Κύριος
3884 5603 4025 5674 πρὸς

796 5681 956 5753 Ὥσηέ
982 5697 999 5715 ⁸
1029 5684 1176 5737 Λάϐε
1203 5689 1410 5760 σεαυτῷ
1435 5695 1688 5762 γυναῖκα,
1721 5713 1740 5748 ι
1780 5715 1833 5752 κ.
1862 5715 1913 5753 τ.
1945 5699 1997 5754 λ.

861 5803 881 5835 ³
910 5803 1048 5860 Osce
1076 5821 1113 5866 t.
1148 5808 1205 5861 2.
