4208 6432
739 406 842 471 419
1901 396 2279 459 GREGORII
2318 397 2793 458 PRESBYTERI

3870 406 3981 465 1‘20

744 550 3946 578 Μ

1872 704 2845 838 ΓΡΗΓΟΡΙΟΥ

1141 947 1938 1041 ΠΡΕΣΒΥΤΕΡΟΥ
1998 939 2668 1031 ΚΑΙΣΑΡΕΙΑΣ
2758 935 3579 1034 ΚᾹΠΠΑΔΟΚΙΑΣ

2261 1125 2473 1176 ΛΟΓΟΣ

1608 1217 1654 1240 a-

754 1285 879 1337 ΕΙΣ
923 1281 1106 1335 ΤΟΥΣ
1140 1277 1410 1329 ΟΣΙΟΥΣ
1474 1276 1611 1328 ΤΙΗ¹
1651 1271 2089 1327 ΘΕΟΦΟΡΟΥΣ
2129 1272 2492 1336 ΠΑΤΕΡΑΣ,
2532 1272 2667 1324 ΚΑΙ
2729 1272 2856 1326 ΕΙΣ
2892 1273 3447 1331 ΚΩΝΣΤΔΝΤΙΝΟΝ
3500 1276 3636 1330 ΤΟΝ
3676 1278 3992 1335 ΕΥΣΕΒΕ-

2037 1365 2176 1418 ΣΤΑ
2188 1364 2319 1417 ἸῸΝ
2370 1366 2592 1418 ΒΑΣΙΛ
2604 1367 2717 1418 ΕΑ.

1921 1695 2843 1853 GREGORII

1258 1984 2002 2077 PRESBYTERI
2081 1983 2670 2074 CAESAREIE
2745 1985 3108 2076 CAPPA
3133 1985 3521 2081 DOCIIE

2252 2170 2492 2223 ORATIO

764 2334 868 2399 ΙΝ
896 2328 1269 2396 SANCTOS
1314 2322 1818 2389 TRECENIOS
1858 2321 2169 2383 DECEM
2216 2320 2338 2382 ΕΤ
2372 2318 2591 2381 OCTO
2626 2322 3050 2385 DEIFEROS
3104 2327 3456 2390 PATRES.
3501 2328 3625 2389 ET
3656 2332 3754 2393 IN
3812 2332 4018 2395 CON-

1460 2426 1978 2492 STANTINUM
2005 2422 2469 2487 PIISSIMUM
2500 2423 3147 2489 IMPERATOREM
3186 2428 3294 2507 (1).

1872 2587 2150 2649 (Combeﬁs.
2185 2588 2391 2638 Auctar.
2424 2601 2542 2638 nov.
2577 2596 2692 2638 tom.
2728 2587 2792 2649 Il,
2824 2603 2873 2651 p.
2899 2591 3032 2652 5n.)

861 2895 1178 2966 Praepositis
1220 2892 1441 2947 obedire
1483 2891 1673 2960 jussus
1723 2899 1977 2945 monente
2020 2886 2279 2957 Apostolo
2307 2886 2351 2952 ¹,

2529 2884 2824 2938 Πείθεσθαι
2873 2887 2988 2945 τοῖς
3036 2885 3368 2955 ἡγουμένοις
3413 2887 3478 2939 ἐκ
3523 2889 3619 2953 τῆς
3654 2891 4031 2963 ἀποστολικῆς

773 3008 808 3046 o
838 2987 1156 3059 TheOphile,
1184 3000 1247 3039 ac
1282 2999 1418 3037 meae
1458 2983 1608 3036 velut
1672 2981 1876 3036 oblitus
1937 2977 2347 3040 imbecillitatis,

2471 2977 2780 3045 ιπιτραπεὶς
2811 2977 3209 3045 παραινέσεως,
3235 2971 3279 3030 ὧ
3306 2978 3545 3046 θεὸφιλε,
3582 2985 3673 3034 καὶ
3705 2984 3891 3055 ῶσπερ
3920 2989 4027 3055 τῆς

768 3078 1135 3147 neglectaque
1185 3073 1397 3127 dicendi
1465 3071 1757 3138 elegantia,
1824 3066 1983 3137 parui
2037 3064 2350 3119 venerando

2471 3067 2662 3130 ιίκείας
2693 3067 2927 3135 ἐμαυτὸν
2952 3067 3343 3136 ἐπιλαθόμενος
3382 3070 3689 3135 ἀσθενείας,
3748 3076 3809 3127 τό
3840 3094 3896 3127 τε
3926 3078 4030 3132 τοῦ

784 3170 956 3231 Patri,
1025 3164 1389 3235 proponenti,
1450 3173 1509 3215 ut
1561 3161 1795 3215 breviter
1849 3160 1916 3213 de
1983 3166 2348 3212 trecentorum

2471 3160 2616 3228 ιόγου
2665 3158 2940 3227 ὑπεριδὼν
2973 3158 3228 3225 ἀκαλλὲς,
3280 3160 3561 3230 ὑπετάγην
3610 3166 3772 3232 τιμίῳ
3828 3170 4035 3239 Πατρὶ,

776 3262 967 3315 decem
1025 3267 1080 3311 et
1123 3266 1248 3309 octo
1281 3264 1591 3307 sanctorum
1642 3254 1866 3306 Patrum
1917 3250 2059 3318 apud
2117 3246 2354 3301 Nica'am

780 3361 1049 3408 conventu
1096 3349 1413 3410 scriberem,
1459 3347 1685 3414 ejusque
1751 3344 1877 3397 huic
1901 3350 2102 3397 sancta:
2130 3341 2357 3395 Nica-na‘.

781 3440 1058 3503 Ecclesiae,
1116 3438 1381 3491 traderem
1416 3454 1428 3487 :
1466 3445 1527 3489 ut
1572 3449 1806 3503 quorum
1856 3434 2059 3486 meruit
2092 3432 2197 3485 frui
2230 3446 2356 3484 cor-

782 3532 957 3602 porali
1032 3528 1356 3599 prmsentia.
1430 3541 1619 3579 eorum
1700 3538 1919 3592 quoque
1973 3520 2358 3576 deccrtationis

784 3622 1021 3689 scriptas
1052 3618 1247 3671 habeat
1283 3616 1644 3668 narrationes.
1696 3616 1772 3666 Ac
1816 3627 1844 3664 a
1877 3626 1962 3664 me
1992 3612 2235 3679 quidem,
2264 3622 2362 3677 pro

784 3713 924 3766 meis
960 3711 1169 3763 viribus
1199 3709 1366 3769 dicta,
1424 3714 1482 3758 ut
1536 3718 1724 3758 eorum
1782 3702 2172 3771 magnitudinis
2220 3701 2361 3754 ratio

788 3804 1076 3865 habeatur,
1111 3816 1228 3868 quae
1262 3815 1291 3852 a
1336 3797 1587 3851 I’atribus
1617 3805 1767 3849 recte
1806 3804 1859 3847 et
1888 3811 1952 3846 cx
1984 3794 2181 3845 virtute
2216 3802 2363 3859 gesta

785 3902 939 3959 sunt,
970 3894 1114 3948 tenui
1143 3908 1243 3961 ego
1282 3891 1389 3943 rori
1423 3904 1545 3943 cum
1580 3887 1803 3940 marinis
1835 3892 2088 3939 conserto
2108 3883 2365 3937 fluctibus

788 3986 969 4040 dicam
1001 3985 1221 4038 similia.
1262 3983 1446 4035 Fuerit
1477 3989 1659 4033 autem
1710 3978 1857 4032 illius
1904 3975 2283 4045 perfectionis,
2308 3984 2367 4028 ut

788 4093 898 4133 non
930 4078 1217 4129 verborum
1246 4073 1564 4143 qualitatem
1594 4069 1857 4131 attendat,
1890 4069 1981 4122 sed
2012 4075 2273 4136 prompta:
2305 4080 2368 4119 ac

2460 3250 2884 3322 προϐαλλομένῳ
2917 3268 3007 3317 μοι
3036 3253 3347 3324 συγγράψαι
3371 3255 3458 3308 διὰ
3492 3255 3742 3327 βραχέων
3771 3266 3899 3328 περὶ
3927 3266 4031 3334 τῆς

2457 3346 2567 3396 τῶν
2619 3345 2793 3411 ἁγίων
2841 3343 3175 3413 τριακοσίων
3234 3346 3365 3398 δέκα
3426 3348 3524 3400 καὶ
3581 3350 3725 3402 ὀκτὼ
3775 3353 4041 3423 Πατέρων

2459 3436 2610 3489 κατὰ
2646 3436 2882 3489 Νίκαιαν
2937 3435 3347 3501 συνελεύσεως,
3398 3439 3647 3493 ἐκδοῦναι
3704 3461 3761 3495 τε
3808 3450 3872 3514 τῇ
3913 3450 4043 3500 κατ’

2462 3529 2625 3582 αὐτὸν
2674 3530 2731 3580 ἐν
2776 3527 2985 3596 Νικαία
3018 3529 3300 3599 ἁγιωτάτῃ
3347 3531 3675 3603 Ἐκκλησία·
3710 3536 3793 3588 ἵνα
3822 3532 3897 3591 ὧν
3929 3542 4039 3609 τῆς

2463 3622 2521 3673 ὲν
2567 3619 2780 3688 σώματι
2829 3620 3117 3685 ἀπήλαυσε
3168 3624 3492 3691 παρουσίας,
3543 3627 3751 3678 τούτων
3801 3631 3895 3682 καὶ
3934 3633 4044 3700 τῆς

2463 3711 2847 3779 πνευματικῆς
2893 3712 3137 3779 ἀγωνίας
3179 3712 3512 3781 ἀνάγραπτα
3545 3718 3698 3785 φέροι
3741 3722 3808 3773 τὰ
3838 3723 4043 3794 διηγή-

2470 3819 2638 3871 ματα.
2672 3803 2781 3855 Καὶ
2832 3801 2899 3853 τά
2955 3802 3053 3869 μὲν
3110 3802 3235 3869 ἐμοὶ
3281 3804 3425 3856 κατά
3468 3806 3566 3874 τὴν
3595 3809 3732 3879 ἐμὴν
3779 3812 4049 3883 εἰρημένα

2465 3892 2694 3961 δύναμιν
2722 3894 2858 3962 πρδς
2896 3892 2956 3944 τὸ
2990 3893 3089 3962 τῆς
3139 3895 3395 3965 ἐναρέτου
3443 3898 3551 3949 τῶν
3584 3902 3841 3970 Πατέρων
3886 3906 4048 3958 πολι-

2467 3985 2619 4046 τείας
2652 3984 2958 4053 ὑπέρογκον
3005 3985 3196 4053 δρύσου
3230 3988 3523 4057 λεπτότητι
3556 3993 3723 4062 φαίην
3753 3995 3819 4046 ἂν
3870 3998 4051 4050 ὲοικέ-

2469 4092 2555 4127 ναι
2599 4074 2880 4141 πελαγίοις
2932 4074 3293 4148 ἁμιλλωμένη
3330 4078 3537 4148 κύμασι
3564 4097 3578 4111 ⁸
3623 4084 3723 4149 τῆς
3762 4086 3973 4138 ἐκείνου
4002 4090 4050 4141 δ’

788 4170 956 4223 alacri
1021 4168 1087 4221 ad
1161 4164 1571 4234 obsequendum
1646 4160 1950 4223 voluntati,
2020 4159 2363 4213 ambitiosam

2472 4164 2538 4216 ἂν
2578 4166 2662 4234 εἴη
2689 4163 3055 4244 τελειότητος
3116 4166 3193 4237 μὴ
3254 4171 3577 4240 πηλικότητι
3615 4174 3723 4225 τῶν
3759 4177 4049 4244 ὀνομάτων

788 4260 1235 4331 compassioncm
1270 4256 1551 4325 rependat.

866 4442 1004 4495 Cum
1029 4437 1414 4498 Maximianus,
1443 4434 1813 4503 Liciniusque,
1842 4445 1895 4487 et
1920 4430 2249 4495 Maxentius,
2273 4431 2367 4498 qui

798 4534 985 4588 Romae
1042 4530 1204 4599 impie
1253 4530 1609 4597 imperarunt,
1666 4538 1719 4581 et
1774 4527 2003 4590 multos,
2061 4525 2156 4592 qui
2211 4534 2369 4577 erant

795 4623 1126 4679 Christianae
1153 4622 1301 4685 fidei,
1326 4620 1665 4674 daemonibus
1695 4620 2005 4674 sacrificare
2027 4628 2369 4681 recusantes,

797 4714 1083 4784 suppliciis
1112 4720 1166 4767 et
1189 4721 1364 4765 morte
1387 4711 1708 4769 aﬂecerunt.
1734 4711 1928 4767 insano
1953 4709 2371 4765 simulacrorum

802 4805 953 4859 cultu
995 4804 1217 4871 dignum
1259 4799 1598 4853 invenissent
1644 4798 1896 4862 exitium,
1940 4798 2282 4860 mirabiliter,
2310 4811 2374 4851 ac

803 4909 955 4965 spem
988 4894 1240 4947 vincente
1265 4899 1489 4955 eventu,
1517 4888 1586 4944 ab
1608 4888 1905 4945 Occidente
1932 4891 2107 4944 instar
2136 4888 2373 4945 Luciferi

880 5010 897 5039 ‘
938 5009 1105 5064 Hebr.
1133 5023 1229 5062 xm
1290 5010 1375 5061 17.

2469 4242 2833 4324 προσανέχειν
2876 4257 2967 4309 τὸν
3009 4257 3161 4325 νοῦν,
3210 4259 3288 4327 τῷ
3350 4260 3407 4313 δὲ
3442 4263 3709 4335 προθύμῳ
3751 4242 3867 4334 τῆς
3900 4269 4051 4322 ὑπαι-

2471 4346 2602 4415 κοῆς
2660 4346 2722 4399 τὸ
2775 4348 2875 4415 τῆς
2916 4348 3263 4417 συμπαθείας
3306 4349 3699 4422 ἀντιμετρῆσαι
3743 4356 4052 4427 φιλότιμον.

2540 4436 2887 4505 Μαξιμιανοῦ
2919 4440 3015 4490 καὶ
3048 4440 3329 4491 Λικιννίου
3364 4444 3460 4492 καὶ
3492 4446 3800 4507 Μαξεντίου
3841 4451 3953 4501 τῶν
3986 4455 4048 4504 ὲν

2481 4527 2672 4599 Ῥώμῃ
2710 4528 2986 4591 δυσσεϐῶς
3023 4529 3514 4598 βεϐασιλευκὸτων,
3548 4537 3643 4587 καὶ
3678 4539 3909 4603 πολλοὺς
3942 4544 4050 4613 τῆς

2470 4620 2578 4673 τῶν
2610 4619 2962 4690 Χριστιανῶν
2986 4620 3224 4683 πίστεως
3275 4620 3423 4674 θύειν
3478 4625 3891 4695 ἀρνησαμένους
3931 4637 4049 4696 τοῖς

2480 4709 2747 4779 δαίμοσιν,
2816 4713 3099 4779 αἰκισμοῖς
3163 4713 3259 4764 καὶ
3341 4712 3556 4785 θανάτῳ
3630 4718 4056 4787 ὑποϐαλόντων,

2481 4801 2637 4865 ἀξίαν
2671 4820 2733 4854 τε
2770 4803 2870 4871 τῆς
2918 4803 3309 4872 εἰδωλομανίας
3358 4804 3456 4875 τὴν
3505 4812 3900 4881 καταστροφὴν
3955 4816 4051 4867 τού

2482 4891 2601 4962 βίου
2624 4892 2969 4964 εὐραμένων,
3005 4894 3326 4964 παραδόξως
3349 4898 3413 4949 ὲκ
3444 4897 3553 4951 τῶν
3593 4898 3896 4970 Ἐσπερίων
3930 4908 4027 4959 ἀνέ

2077 5107 2179 5165 Fr.
2222 5105 2585 5170 Combeﬁsii
2616 5118 2801 5172 notas.

885 5227 959 5349 (l2
1001 5226 1229 5280 Videtur
1287 5226 1586 5296 Gregorius
1635 5227 1725 5281 hic
1771 5227 1932 5281 medii
1991 5230 2089 5282 aevi
2122 5232 2377 5298 scriptor,

891 5299 906 5349 i
957 5312 1094 5349 once
1149 5296 1389 5349 abfuerit
1437 5312 1467 5349 a
1518 5298 1754 5349 concilio
1804 5296 2045 5349 Niceno.
2080 5310 2377 5349 roaatunue

813 5299 906 5369 qui
936 5296 1404 5369 longe__abfuerit
1437 5312 1467 5350 a
1518 5298 1754 5369 concilio
1804 5296 2045 5361 Niceno,
2080 5296 2383 5369 rogataque

812 5364 1053 5436 episcopi
1095 5364 1318 5427 Nicaeui,
1358 5367 1671 5421 historicam
1728 5368 1868 5419 hanc
1902 5364 2383 5423 narrationem-ex

816 5438 1057 5506 antiquis
1083 5438 1467 5499 monumentis,
1501 5438 1644 5490 circa
1678 5436 1819 5491 forte
1857 5437 2085 5490 lleraclii
2117 5448 2383 5506 tempora,

817 5517 872 5576 et
898 5507 988 5558 ubi
1013 5504 1216 5566 Persa),
1247 5521 1387 5573 quos
1416 5507 1626 5560 videtur
1660 5521 1854 5559 vocare
1887 5508 2141 5575 Assyrios
2170 5504 2385 5576 iniperii

820 5574 1049 5628 Comani
1083 5576 1375 5644 plerasque
1401 5576 1710 5644 provincias
1737 5574 2132 5640 devastassent,
2164 5574 2388 5631 concin-

820 5645 1370 5716 naverit,jeidemque
1419 5644 1647 5699 Nicmna:
1680 5644 1960 5710 Ecclesiae,
1997 5663 2161 5716 quam
2190 5647 2378 5701 Patres

820 5714 1103 5783 prasentia
1138 5716 1517 5779 illustrassent,
1558 5716 1837 5769 cimelium
1871 5714 2189 5783 praeclarum
2222 5718 2380 5770 tradi-

820 5782 977 5838 derit.
1014 5781 1160 5852 Opus
1190 5784 1479 5855 egregium
1517 5784 1707 5842 Latine
1737 5781 1945 5841 tantum
1979 5787 2242 5844 hactenus
2268 5790 2382 5842 edi-

2479 5243 2590 5287 tum
2616 5252 2631 5300 ;
2657 5235 2818 5287 libuit
2863 5236 2929 5289 ad
2970 5235 3173 5304 justam
3209 5238 3447 5305 aliquam
3485 5238 3845 5303 quantitatem
3879 5238 4059 5291 nostri

2481 5305 2532 5356 in
2563 5321 2615 5358 vr
2649 5306 2839 5366 synodi
2885 5316 3005 5358 acta
3054 5307 3372 5367 voluminis,
3426 5316 3655 5372 utraque
3704 5306 4060 5367 submittere,

2480 5388 2600 5426 cum
2652 5374 2772 5445 aliis
2818 5375 3011 5445 synodi
3049 5376 3281 5429 Nicasnae
3336 5376 3473 5428 actis
3503 5377 3815 5444 anonymis.
3856 5377 4063 5442 quibus

2481 5452 2629 5511 gesta
2664 5443 2717 5495 in
2753 5443 2930 5510 primo
2968 5446 3059 5498 illo
3084 5445 3429 5499 cecumenico
3455 5443 3744 5508 conventu,
3778 5460 3886 5494 non
3927 5446 4063 5497 nihil

2482 5520 2537 5565 et
2563 5516 2678 5581 ipsa
2703 5514 2960 5566 illustrari
2992 5515 3419 5582 possint.Latina
3438 5516 3816 5582 componimus
3832 5512 4063 5576 Graecis,

2484 5583 2537 5634 in
2571 5585 2757 5651 paucis
2784 5584 2954 5637 secuti
3008 5587 3356 5652 interpretem
3406 5583 3710 5651 Lipomani,
3764 5598 3872 5635 non
3924 5585 4065 5636 satis

2485 5652 2539 5705 in
2570 5653 2753 5734 multis
2776 5663 3111 5721 accuratum,
3142 5654 3298 5724 cujus
3331 5653 3510 5723 aliqua
3544 5654 3692 5707 hisce
3756 5652 3905 5706 nolis
3933 5667 4065 5723 per-

2489 5732 2826 5791 stringimus.
