4208 6432
161 388 259 451 £31

1323 379 1419 439 DE
1461 379 1817 440 CONCIHO
1857 378 2159 438 NICJZNO
2202 379 2245 437 ῐ.

3306 382 3415 445 421

160 504 336 570 τειλε,
395 501 552 571 δίκην
596 497 932 567 Ἑωσφόρου,
968 496 1381 559 Κωνσταντϊνος
1420 496 1448 547 ό
1490 495 1739 565 φιλοχρι-

1844 502 2074 548 exortus
2135 503 2219 547 est
2278 492 2484 547 Christi
2546 496 2961 551 amantissimus
3021 495 3405 552 Constantinus

162 598 443 659 στότατος,
478 596 505 647 ό
544 592 642 660 τῆς
678 589 967 660 όρθοδόξου
1019 588 1296 651 πολιτείας
1342 588 1602 657 ἀρχηγὸς,
1641 590 1733 641 καὶ

160 688 257 757 τῆς
302 685 540 754 ἀμώμου
596 682 836 740 πίστεως
889 679 1193 741 πρόϐολος·
1254 679 1313 740 ὃς
1367 676 1483 746 ἅμα
1535 679 1614 747 τῷ
1664 676 1735 729 τὰ

164 776 427 843 σκῆπτρα
476 775 539 825 ἐκ
577 774 687 825 τῶν
742 770 1041 840 Ἐσπερίων
1098 769 1190 820 ἐπὶ
1245 767 1345 839 τήν
1395 767 1512 820 Ἐω
1565 784 1734 838 μετα-

162 867 417 934 ποιῆσαι,
449 865 527 932 τῷ
583 862 715 930 θείῳ
757 863 897 930 φωτὶ
923 862 1025 931 τὴν
1064 860 1246 929 ψυχὴν
1290 858 1734 929 καταυγάξεταιο

162 959 255 1010 καὶ
293 960 363 1027 τῇ
406 954 656 1023 εὐσεϐείᾳ
685 956 787 1023 τὴν
831 954 1074 1006 διάνοιαν
1108 951 1476 1021 ἀλειψάμενος
1516 950 1733 1018 πρῶτον

161 1050 351 1117 ἀγῶνα
408 1048 544 1115 πρὸς
589 1046 681 1098 τὸν
726 1042 971 1097 διάϐολον
1019 1042 1355 1095 ἀποδύεταιο
1404 1043 1502 1096 καὶ
1551 1041 1734 1110 τίθησι

160 1141 305 1190 κατὰ
329 1135 497 1187 τόπον
532 1132 874 1204 Χριστιανῶν
920 1130 1233 1202 ἐλευθερίας
1280 1130 1695 1200 προγράμματα
1721 1146 1735 1161 ο

162 1229 282 1281 λύει
329 1228 430 1295 τὴν
476 1227 541 1278 ἐκ
573 1224 683 1276 τῶν
718 1224 939 1292 ἀνόμων
984 1226 1096 1285 τοῖς
1130 1228 1347 1283 πιστοῖς
1379 1222 1734 1292 ἐνσκήψασαν

164 1319 473 1385 κατήφειαν
497 1330 509 1345 ’
539 1314 867 1367 καταϐάλλει
895 1314 1004 1366 τῶν
1028 1313 1265 1365 εἰδώλων
1292 1313 1359 1364 τὰ
1384 1310 1700 1380 σεϐάσματα
1717 1328 1732 1343 ο

163 1404 493 1474 θριαμὸεῦει
517 1404 608 1456 τοῦ
635 1403 861 1472 ψεύδους
888 1406 949 1456 τὸ
968 1403 1320 1471 ἀνύπαρκτον
1346 1417 1360 1433 ’
1392 1405 1617 1473 φανεροί
1638 1403 1737 1469 τῆς

162 1494 427 1563 ἀληθείας
465 1495 525 1546 τὸ
559 1494 855 1563 κήρυγμα·
892 1492 1216 1560 μεταδίδωσι
1243 1492 1410 1562 τιμῆς
1454 1497 1550 1546 καὶ
1597 1494 1740 1564 παρ·

164 1586 368 1655 ρησίας
414 1590 529 1648 τοῖς
570 1585 893 1654 τετιμηκόσι
921 1584 1016 1636 τὸν
1049 1583 1254 1653 Κύριον
1279 1600 1293 1615 ο
1325 1584 1738 1654 ἀναρρώννυται

166 1678 403 1745 σώματα
441 1676 646 1729 πιστῶν
695 1675 1061 1743 κεκακωμένα
1112 1677 1236 1737 ταῖς
1277 1674 1538 1743 μάστιξι·
1577 1692 1738 1745 στρε-

162 1768 367 1820 acina:
402 1769 494 1820 καὶ
529 1765 765 1834 ἐξορίαις
804 1765 1199 1819 ὑποϐάλλονται
1256 1766 1307 1818 οἱ
1350 1768 1739 1836 προσκείμενοι

159 1858 406 1928 δαίμοσι.
434 1857 540 1909 Καὶ
564 1852 630 1927 ἦν
658 1858 783 1909 ἰδεῖν
809 1858 917 1911 τῶν
950 1875 1010 1909 τε
1043 1856 1250 1909 πιστῶν
1274 1858 1338 1911 ἐκ
1368 1857 1462 1910 τοῦ
1490 1858 1733 1927 διωγμοῦ

160 1952 258 2018 τὴν
301 1950 601 2018 ἀνάκλησιν
626 1990 640 2014 ,
679 1951 775 2002 καὶ
806 1948 915 2001 τῶν
945 1950 1010 2001 ἐκ
1039 1951 1138 2018 τῆς
1162 1948 1488 2018 δαιμονικῆς
1526 1949 1733 2018 πλάνης

160 2042 258 2111 τὴν
291 2040 584 2111 ἀνάνηψιν,
617 2040 813 2109 ὁμοίαν
842 2042 1109 2111 ἁγγελικῇ
1134 2042 1494 2111 χοροστασίᾳ,
1514 2041 1736 2095 πάντων

163 2135 221 2185 ἐν
252 2133 550 2202 παρρησία
578 2132 1009 2199 δοξολογούντων
1034 2134 1125 2184 τὸν
1157 2133 1382 2205 Κύριον.

237 2319 509 2391 Ἐχαιρεν
550 2314 647 2371 οὖν
679 2320 707 2370 ὁ
737 2316 1060 2379 πιστότατος
1091 2316 1346 2387 βασιλεὺς
1378 2316 1475 2368 ἐπὶ
1506 2317 1572 2386 τῇ
1601 2315 1735 2369 καθ-

164 2411 386 2483 ημέραν
458 2408 747 2479 προσθήκῃ
780 2409 889 2461 τῶν
929 2407 1301 2477 Χριστιανῶν,
1345 2406 1639 2473 συμδαλὼν
1680 2410 1738 2462 ἐν

164 2505 231 2569 τῃ
267 2500 485 2569 διανοίᾳ
517 2500 681 2552 αὑτοῦ
730 2499 880 2561 θείας
910 2495 1052 2550 εἶναι
1081 2499 1141 2549 τὸ
1163 2498 1272 2549 πᾶν
1304 2498 1608 2567 ἐνεργείας,
1635 2497 1738 2566 τῆς

167 2594 220 2641 ὲν
242 2591 421 2659 ὀλίγῳ
471 2591 532 2642 τὸ
591 2590 834 2657 ὑπήκοον
859 2587 1010 2657 αὐτῷ
1061 2588 1199 2657 πρὸς
1244 2588 1343 2658 τὴν
1393 2588 1489 2641 τοῦ
1525 2587 1736 2657 Κυρίου

175 2680 357 2750 Ἰησοῦ
395 2681 639 2749 Χριστοῦ
692 2680 1069 2749 ἐλκυσαμένης
1117 2681 1435 2748 ἐπίγνωσιν.
1472 2674 1597 2732 Οἷον
1631 2678 1739 2749 γὰρ

163 2776 389 2826 κάκεῖνο
424 2774 540 2834 τοῖς
571 2772 814 2841 φθάσασι
854 2772 1198 2841 συνέδραμες
1236 2771 1358 2824 Τῶν
1400 2772 1510 2842 γὰρ
1550 2788 1737 2841 παρα-

164 2864 443 2935 κειμένων
492 2863 683 2927 ἐθνῶν,
728 2862 826 2914 ἅτε
873 2862 942 2915 τὰ
1000 2862 1242 2915 σπονδῶν
1288 2862 1402 2933 [γρ.
1433 2863 1737 2932 ἁσπόνδων,

163 2957 237 3011 ut
269 2971 338 3010 ea:
368 2954 495 3023 Lip.
522 2956 590 3008 τὰ
619 2953 863 3005 σπονδῶν
894 2953 970 3023 μὴ
1006 2950 1270 3023 ἑχόντων]
1296 2957 1407 3017 τοῖς
1434 2955 1543 3024 πρὸ
1569 2955 1735 3008 αὑτοῦ

166 3046 459 3118 βασιλεῦσι
507 3043 983 3113 ἐπανισταμένων,
1013 3045 1111 3124 ιιαὶτ
1141 3042 1250 3096 τῶν
1282 3045 1563 3111 ἐμφυλίων
1610 3044 1742 3097 στά-

1839 588 2153 656 imperator,
2186 586 2502 639 orthodoxa:
2557 586 2867 655 reipublicae
2905 597 3099 641 auctor
3154 602 3217 638 ac
3261 588 3394 655 prin-

1839 694 1968 747 ceps
2001 677 2100 749 (2),
2134 688 2188 731 et
2225 677 2514 746 inculpata:
2548 677 2668 730 fidei
2721 686 3092 748 propugnator
3128 695 3140 729 :
3177 678 3223 730 is
3250 681 3406 731 simul

1838 781 2000 839 atque
2032 779 2246 837 sceptra
2280 784 2346 822 ex
2377 770 2673 823 Occidente
2719 770 2772 822 in
2809 769 3081 824 Orientem
3114 772 3408 835 transtulit,

1838 862 2019 918 divina
2097 862 2221 914 luce
2289 861 2472 913 animo
2537 860 2920 930 perfunditur;
2996 862 3409 930 instructusque

1836 957 2072 1024 pietate,
2134 952 2368 1021 primum
2438 953 2699 1007 adversus
2785 952 3060 1005 diabolum
3130 963 3406 1008 certamen

1839 1045 2091 1108 instituit,
2117 1054 2278 1112 atque
2303 1042 2519 1112 publica
2552 1057 2649 1108 pro
2671 1042 3110 1096 Christianorum
3135 1041 3405 1105 libertate,

1839 1139 2012 1193 edicta
2048 1135 2321 1206 proponit.
2352 1135 2527 1201 Quam
2570 1133 2721 1202 impii
2752 1134 3063 1188 molestiam
3092 1133 3409 1203 ingerebant

1844 1229 2138 1291 ﬁdelibus,
2211 1227 2466 1294 depellit;
2549 1224 2783 1280 destruit
2835 1226 3100 1278 idolorum
3163 1224 3408 1288 cultum;

1841 1322 2058 1374 inanem
2120 1317 2243 1372 falsi
2298 1315 2817 1385 consistentiam(5)
2858 1315 3124 1377 traducit;
3168 1315 3411 1369 veritatis

1839 1408 2281 1481 praedicationem
2328 1408 2383 1461 in
2440 1408 2615 1473 palam
2675 1406 2839 1470 facit;
2903 1419 2998 1460 eos
3047 1406 3137 1472 qui
3180 1405 3410 1459 Domino

1843 1499 2556 1568 bonorem.impendissent,
2590 1497 2796 1551 honore
2831 1512 2897 1551 ac
2938 1496 3195 1551 libertate
3225 1495 3409 1549 allicit.

1842 1593 2238 1653 Instant-antur,
2289 1605 2353 1644 ac
2394 1590 2540 1643 vires
2589 1589 2859 1656 recipiunt
2906 1588 3048 1642 male
3091 1586 3411 1640 verberibus

1844 1681 2161 1738 aifectorum
2214 1682 2449 1735 fidelium
2498 1695 2728 1748 corpora
2763 1680 3045 1733 tormentis
3096 1680 3172 1747 (4)
3230 1686 3410 1731 ctex-

1843 1775 1980 1830 siliis
2043 1774 2436 1842 subjiciuntur,
2476 1773 2567 1840 qui
2619 1772 2959 1826 damionibus
3013 1769 3193 1824 devoti
3222 1770 3407 1823 adluc—

1841 1875 2023 1920 rerent
2052 1881 2065 1918 :
2102 1878 2165 1916 ac
2199 1863 2384 1916 videre
2427 1873 2564 1927 erat,
2590 1879 2712 1917 cum
2748 1863 2931 1917 lidcles
2973 1877 2999 1916 a
3032 1862 3410 1931 persecutione

1837 1956 2039 2010 liberos
2071 1952 2229 2013 eﬂici.
2276 1962 2386 2006 tum
2414 1968 2531 2017 eos,
2568 1954 2661 2021 qui
2689 1967 2875 2006 errore
2899 1953 3206 2006 daemonum
3241 1952 3413 2019 impli-

1836 2048 1941 2101 cati
1967 2046 2217 2109 fuissent,
2245 2047 2311 2100 ad
2346 2047 2553 2115 frugem
2591 2046 2870 2100 meliorem
2905 2045 3137 2099 reverti:
3176 2059 3295 2113 quae
3323 2058 3410 2097 res

1838 2139 2095 2208 angelicae
2140 2139 2353 2194 chorea:
2381 2140 2621 2206 speciem
2656 2138 2952 2206 quamdam
2986 2135 3241 2204 pra-ferre
3270 2134 3413 2188 vidc-

1838 2230 2018 2293 batur,
2053 2244 2176 2284 cum
2210 2230 2379 2284 Demn
2416 2243 2609 2283 omnes
2635 2228 2806 2282 libere
2843 2229 3233 2297 glarilicarent.

1909 2318 2095 2389 Itaque
2145 2320 2427 2373 laetabatur
2480 2319 2833 2373 fidelissimus
2886 2319 3181 2385 imperator
3226 2316 3410 2386 quoti-

1837 2408 2003 2463 diano
2059 2407 2497 2462 Christianorum
2556 2416 2871 2477 augmento,
2906 2423 3088 2461 secum
3128 2408 3311 2461 animo
3336 2423 3412 2461 rc-

1837 2508 2061 2566 putans,
2102 2499 2154 2552 id
2185 2508 2357 2552 totum
2391 2500 2590 2553 divina:
2620 2499 2959 2568 operationis
3004 2514 3146 2558 esse,
3190 2514 3310 2567 qum
3335 2500 3415 2553 sic

1839 2592 2035 2663 exiguo
2059 2599 2323 2661 tempore,
2348 2592 2643 2659 subjectos
2691 2593 2758 2645 ad
2800 2592 3011 2645 Domini
3046 2591 3173 2644 Jesu
3207 2591 3410 2644 Christi

1838 2684 2169 2752 agnitionem
2222 2684 2503 2737 traxisset.
2562 2683 2773 2737 Etenim
2831 2683 2960 2750 quid
3014 2681 3283 2747 ejusmodi
3345 2681 3414 2735 iis

1838 2777 2112 2841 convenit,
2157 2776 2250 2845 qui
2300 2776 2739 2844 pr:ecesscrunt?
2789 2774 2928 2828 Cum
2984 2774 3127 2828 enim
3172 2773 3415 2827 finitima:

1839 2875 2047 2937 gentes,
2079 2866 2483 2936 velutperiidae,
2519 2866 2784 2920 adversus
2816 2867 3026 2934 priores
3055 2865 3414 2933 imperatores

1840 2959 2036 3014 crebro
2076 2958 2422 3021 rebellarent,
2459 2972 2557 3011 nec
2585 2957 2920 3011 seditionum
2951 2956 3190 3010 civilium
3222 2954 3417 3008 tumul-

1843 3059 1953 3114 tus,
1987 3051 2213 3105 alternis
2266 3050 2525 3114 aedibus,
2562 3049 2805 3116 requiem
2870 3049 3035 3101 ullam
3084 3046 3411 3115 praeberent,

167 3158 307 3192 σεων
358 3139 486 3200 ταῖς
533 3135 950 3207 ἁλληλοφονεαις
984 3135 1059 3205 μὴ
1110 3136 1503 3206 παρεχομένων
1550 3138 1739 3200 αὐτοῖς

1846 3142 1935 3195 ubi
1974 3157 2099 3195 mox
2139 3140 2535 3196 Constantinus
2587 3154 2683 3209 per
2731 3138 3032 3192 Salvatoris
3082 3134 3251 3191 nostri
3285 3136 3413 3192 Jesu

163 3231 261 3298 τὴν
292 3230 634 3291 ἀνάπαυσιν,
667 3228 831 3297 ἡνίκα
874 3227 1284 3289 Κωνσταντίνος
1313 3227 1401 3280 διὰ
1425 3227 1520 3279 τοῦ
1550 3230 1739 3298 Σωτῆ-

169 3339 259 3391 ρος
314 3321 480 3391 ήμῶν
543 3319 783 3390 Χριστοῦ
850 3322 912 3372 τὸ
962 3321 1059 3389 τῆς
1118 3319 1393 3389 βασιλείας
1454 3321 1741 3387 ἀνεδέξατο

168 3418 398 3486 κράτος,
446 3416 612 3475 εὐθὺς
668 3415 744 3475 ῶς
784 3416 848 3465 ὲκ
885 3414 1337 3482 προστάγματος,
1379 3415 1470 3465 καὶ
1512 3414 1581 3467 τὰ
1632 3414 1742 3466 τῶν

166 3508 338 3560 ἐθνῶν
366 3508 525 3558 δεινὰ
555 3505 933 3571 κατελώφησε,
968 3504 1063 3557 καὶ
1097 3504 1158 3555 τὸ
1181 3504 1421 3571 ὑπήκοον
1445 3505 1545 3571 τὴν
1586 3504 1741 3574 είρήο

167 3614 262 3665 νην
301 3598 623 3664 ἠσπάσατο.
657 3595 719 3645 '0
749 3594 805 3645 δὲ
834 3592 1128 3663 μισόκαλος
1157 3593 1352 3662 ἐχθρὸς
1382 3594 1502 3646 οὐδὲ
1532 3599 1739 3661 ταύτην

168 3688 370 3757 ἤνεγκε
406 3686 511 3756 τὴν
537 3688 631 3737 ἐπὶ
674 3685 743 3737 τὰ
785 3684 1070 3754 κρείττονα
1123 3684 1230 3735 τῶν
1274 3682 1583 3753 ἀνθρώπων
1618 3685 1738 3737 ἐπί-

169 3793 408 3845 γνωσιν·
452 3776 569 3828 ἀλλ’
602 3774 792 3842 ὥσπερ
847 3775 1014 3827 παλαι
1059 3773 1139 3843 τῷ
1195 3775 1610 3846 πρωτοπλὰστῳ
1641 3777 1739 3846 τῆς

167 3872 376 3923 ἀπόνου
440 3869 589 3935 ζωῆς
636 3868 982 3937 διεφθόνησε,
1028 3869 1123 3921 καὶ
1168 3868 1258 3920 δια
1313 3869 1405 3920 τοῦ
1453 3870 1635 3937 ὄφεως
1672 3872 1738 3939 τῇ

168 3965 305 4032 ἀκοῇ
342 3963 446 4031 τὴν
485 3961 774 4030 παρακοήν
808 3960 909 4027 τῆς
949 3959 1171 4028 ἐντολῆς
1202 3960 1516 4031 ἐνέσπειρεν
1542 4001 1557 4025 ,
1595 3962 1742 4015 οὕτω

171 4056 265 4106 ιιαλ⁵
293 4056 421 4104 τότε
456 4051 797 4121 σπαραχθεὶς
830 4053 926 4103 ἐπὶ
951 4054 1016 4121 τῇ
1045 4051 1153 4104 τῶν
1196 4053 1254 4116 ἐξ
1285 4053 1742 4124 εἰδωλολατρείας

172 4146 306 4213 πρὸς
358 4144 495 4195 Θεὸν
546 4144 879 4211 ἐπιστροφῇ,
938 4142 1144 4211 ἐγείρει
1193 4142 1412 4210 πνεῦμα
1467 4144 1744 4209 Πύθωνος.

176 4238 399 4305 ’Δρειος
425 4234 483 4285 δὲ
505 4228 573 4303 ἦν
611 4227 764 4294 οὗτος
789 4249 806 4262 ⁶
843 4234 1171 4301 Χριστιανὸς
1213 4234 1313 4300 μὲν
1340 4237 1439 4302 τὴν
1472 4252 1746 4305 προσηγο-

176 4327 326 4395 ρίαν,
369 4324 469 4375 καὶ
498 4324 574 4390 τῷ
606 4322 985 4391 πρεσϐυτερίῳ
1029 4321 1130 4388 τῆς
1173 4320 1569 4390 Ἀλεξανδρέων
1615 4324 1743 4377 Ἐκ-

177 4416 410 4485 κλησίας
443 4412 901 4481 καταλεγόμενος⁸
931 4413 1032 4479 τήν
1070 4427 1129 4463 τε
1157 4412 1266 4464 τῶν
1297 4411 1456 4465 θείων
1487 4413 1525 4464 Γ
1532 4414 1743 4483 ραφῶν,

1841 3230 2047 3285 Christi
2084 3234 2315 3301 gratiam
2368 3230 2661 3299 imperium
2711 3233 2971 3295 suscepit,
3029 3243 3126 3283 ceu
3166 3229 3416 3298 jussionc

1841 3321 2048 3383 divina,
2100 3330 2214 3373 tum
2257 3320 2398 3373 mala
2426 3327 2732 3383 cessarunt,
2761 3319 2805 3373 si
2844 3333 2946 3387 qua
2993 3330 3149 3372 erant
3182 3335 3210 3372 a
3242 3320 3415 3387 genti-

1842 3410 1967 3471 bus,
2006 3410 2316 3479 subditique
2362 3410 2548 3478 pupuli
2583 3424 2771 3477 pacem
2806 3410 3042 3477 amplexi
3072 3419 3220 3463 sunt.
3248 3407 3412 3461 Czete-

1841 3514 1961 3553 rum
2013 3499 2141 3551 boni
2176 3513 2303 3551 osor
2351 3497 2547 3558 hostis,
2577 3512 2750 3563 neque
2805 3512 2924 3550 eam
2964 3497 3243 3550 hominum
3289 3512 3415 3566 pro-

1839 3589 2141 3643 vectionem
2190 3590 2255 3641 ad
2310 3589 2587 3641 meliorem
2620 3588 2986 3655 cognitionem
3022 3587 3163 3640 ferre
3192 3589 3409 3655 potuit;

1842 3680 1973 3750 quin
2011 3680 2196 3745 ‘imo,
2233 3678 2379 3733 velut
2428 3678 2555 3732 Olim
2616 3679 2854 3747 primum
2910 3679 3128 3732 condito
3197 3679 3414 3732 homini

1842 3782 2008 3834 vitam
2062 3781 2308 3835 laborum
2363 3782 2633 3835 vacuitate
2662 3778 2878 3834 felicem
2935 3780 3153 3844 invidit,
3188 3780 3415 3848 ejusque

1841 3884 1936 3941 per
1975 3879 2306 3937 serpentem,
2338 3879 2397 3922 ut
2443 3884 2512 3924 ne
2554 3878 2828 3936 praecepto
2877 3870 3141 3930 obcdiret,
3186 3871 3414 3925 auribus

1843 3964 2035 4016 insevit
2066 3965 2121 4027 ²;
2156 3966 2238 4015 sic
2279 3977 2496 4031 quoque
2524 3977 2619 4031 per
2652 3963 2701 4015 id
2739 3972 2973 4030 tempus,
3002 3963 3411 4017 idololatrarum

1843 4058 1906 4109 ad
1941 4056 2107 4107 Deum
2130 4054 2487 4108 conversione
2518 4054 2881 4117 exulceratus,
2909 4053 3135 4108 suscitat
3164 4056 3412 4123 spiritum

1843 4148 2126 4218 Pythonis.
2202 4144 2329 4199 Fuit
2385 4146 2433 4199 is
2494 4145 2657 4199 Arius
2713 4158 2727 4196 :
2787 4145 3128 4199 Christianus
3193 4144 3411 4214 quidem

1846 4239 2094 4302 nomine,
2162 4251 2225 4291 ac
2294 4236 2549 4291 Ecclesiae
2626 4235 3011 4288 Alexandrina:
3081 4237 3415 4305 presbyteris

1844 4332 2114 4393 allectus;
2168 4328 2258 4383 cui
2325 4327 2735 4395 Scripturarum
2790 4326 3096 4379 divinarum
3127 4329 3413 4396 uinterprc-

1845 4420 1978 4474 talio
2051 4419 2245 4472 fuisset
2300 4420 2574 4482 mandata,
2645 4426 2808 4485 atque
2854 4417 3056 4469 utinam
3125 4434 3232 4470 non
3279 4418 3414 4472 fuiso

176 4509 247 4571 ὡς
301 4508 411 4559 οῦκ
454 4504 681 4571 δρελον,
738 4502 1166 4571 πεπιστευμένος
1216 4503 1527 4572 ὑφήγησιν⁸
1588 4523 1740 4558 χενο.

1852 4519 1971 4575 set,
2009 4511 2156 4564 inani
2185 4509 2348 4562 homo
2409 4509 2581 4579 gloria
2613 4547 2628 4571 ,
2672 4522 2737 4561 ac
2787 4509 3050 4573 avaritia,
3101 4510 3270 4577 patris
3331 4511 3412 4562 sui

177 4599 330 4667 δοξίᾳ
367 4613 427 4647 τε
476 4597 572 4646 καὶ
622 4593 979 4663 φιλαργυρίᾳ,
1006 4596 1120 4655 τοῖς
1168 4594 1352 4656 ὅπλοις
1397 4596 1490 4649 τοῦ
1540 4596 1747 4667 πατρὸς

180 4688 350 4742 αὑτοῦ
391 4684 490 4738 τοῦ
530 4684 808 4747 διαϐόλου,
859 4685 1225 4754 κατεχόμενος
1252 4701 1267 4715 ·
1300 4685 1357 4748 ὃς
1414 4685 1750 4757 θεασάμενος

176 4782 250 4843 ὡς
286 4779 433 4849 μετὰ
469 4778 677 4844 Πέτρον
709 4776 803 4828 τὸν
836 4775 893 4827 ἐν
927 4777 1168 4847 μάρτυσι
1208 4778 1501 4848 νικηφόρον
1527 4817 1542 4842 ,
1573 4779 1668 4830 καὶ
1692 4780 1750 4831 ἐν

272 4896 294 4925 ³
335 4891 480 4948 Gen.
501 4905 583 4954 nt,
612 4890 668 4944 5.

1847 4602 2051 4656 diaboli
2076 4601 2262 4665 armis,
2303 4615 2616 4669 possessus.
2658 4599 2794 4653 Cum
2846 4614 3011 4668 porro
3045 4610 3168 4662 post
3195 4598 3412 4652 Petrum

1848 4692 1991 4746 inter
2028 4703 2294 4761 martyres
2351 4692 2586 4746 victoria
2637 4690 2931 4755 illustrem,
2965 4704 3028 4743 ac
3062 4690 3201 4745 inter
3235 4694 3413 4759 ponti-

1851 4779 1980 4835 tices
2019 4788 2337 4835 consertum
2384 4779 2674 4849 apostolis,
2721 4779 3103 4848 Achillamque
3130 4779 3251 4849 ejus
3292 4793 3413 4835 sucv

1444 4985 1543 5047 Fr.
1587 4986 1945 5051 Combeﬁsii
1980 4996 2163 5051 nota}.

252 5107 333 5175 (ἓ)
411 5104 735 5159 Orthodoxw
792 5102 1091 5172 reipublica:
1145 5116 1329 5158 auctor
1390 5122 1451 5159 ac
1491 5109 1755 5175 princeps.

184 5174 346 5232 Velut
380 5176 473 5241 qui
504 5178 712 5242 primus
747 5188 831 5226 res
862 5174 1297 5226 Christianorum
1328 5190 1390 5229 ac
1418 5174 1759 5232 orthodox!)-

188 5265 332 5305 rum,
378 5245 712 5312 provexerit,
746 5252 802 5296 nt
836 5244 945 5309 jam
1000 5245 1305 5310 respublica
1353 5245 1658 5299 Christiana
1695 5263 1758 5301 ac

188 5317 520 5370 mtbodoxa.
554 5313 720 5363 lll'Cl‘a
758 5314 1040 5379 religione,
1073 5328 1134 5365 ac
1179 5318 1510 5379 compressis
1542 5317 1750 5369 errori-

190 5389 313 5443 bus,
365 5390 555 5450 posset
593 5381 717 5432 dici.
754 5378 979 5448 lttlet‘pl‘.
1016 5380 1223 5449 Lipom.
1290 5378 1606 5437 Ortltodoxw
1628 5387 1748 5439 vita:

190 5453 419 5505 instituti
451 5452 709 5516 princeps.
736 5452 877 5517 quod
901 5466 1009 5502 non
1039 5452 1255 5517 placuit.

256 5524 335 5589 (5;
378 5520 604 5591 lnanem
659 5519 782 5586 falsi
824 5521 1235 5591 continentiam.
1277 5519 1486 5591 Quippe
1522 5526 1745 5579 menda-

190 5592 329 5646 cium
368 5589 739 5644 incousistens
782 5598 885 5642 est.
918 5591 1135 5644 Absone
1174 5589 1451 5658 Lipomani
1493 5593 1653 5647 inter.
1685 5594 1743 5647 τὸ

187 5664 534 5729 ἀνόπαρκτον
558 5660 626 5712 ad
657 5674 888 5726 sequens
925 5661 1187 5730 κήρυγμα
1222 5662 1384 5716 refert
1426 5680 1438 5714 :
1468 5663 1599 5728 Qua:
1623 5681 1744 5716 con-

189 5736 368 5787 sistere
398 5746 500 5782 non
537 5739 764 5795 poterat,
795 5730 943 5797 e/ﬁcit
980 5731 1314 5803 manifestam
1352 5734 1581 5788 veritatis
1605 5750 1742 5803 pra:-

1863 5113 2198 5165 dicationem.
2230 5110 2395 5165 Plane
2422 5108 2771 5171 consistebat,
2814 5117 2938 5162 ante
2960 5106 3299 5162 Constantini
3336 5107 3413 5161 fc-

1862 5183 1985 5235 licia
2020 5192 2284 5249 tempora,
2342 5197 2442 5234 nec
2474 5181 2662 5248 majori
2722 5194 2955 5245 unquam
3005 5182 3194 5249 vigore
3249 5193 3411 5245 quam

1862 5255 1966 5304 sub
1999 5247 2380 5304 deceSsmibus
2428 5247 2695 5319 tyrannis.
2744 5247 3056 5319 praedicatio
3095 5248 3412 5301 Christianae

1857 5323 2122 5381 veritatis.
2154 5336 2216 5373 ac
2238 5318 2501 5389 κήρυγμα
2526 5332 2802 5389 nunquam
2834 5318 3199 5389 ἁνόπαρκτον.

1933 5391 2009 5458 (4)
2055 5384 2364 5443 Tormentis.
2395 5384 2846 5457 'Exaggeratione
2900 5384 3122 5458 dictum,
3171 5400 3283 5458 Διιριι
3347 5384 3412 5439 ad

1859 5454 2206 5513 Constantini
2270 5454 2610 5511 referendum
2664 5466 2950 5523 tempora,
3009 5454 3275 5522 siquidem
3331 5466 3417 5507 est

1853 5543 2033 5583 sermo
2059 5533 2123 5583 de
2156 5528 2413 5589 ethnicis,
2447 5529 2645 5595 quibus
2678 5527 2890 5579 interim
2918 5526 3149 5577 multum
3181 5532 3319 5584 erat,
3340 5539 3412 5595 θυι

1852 5598 2100 5652 nefandis
2127 5601 2296 5653 sacris
2318 5594 2755 5664 prohiberentur,
2778 5595 3162 5649 clauderentur
3188 5594 3406 5664 templa,

1851 5668 1966 5724 sive
1996 5670 2184 5737 etiam,
2221 5684 2342 5724 cum
2379 5682 2466 5722 res
2499 5667 2728 5731 ferebat,
2760 5666 3192 5720 destruerentur.
