4208 6432
759 364 865 426 423

1920 370 1964 427 (ἶ
1981 368 2297 428 ιιεοοιιιι
2340 372 2818 435 PRESBYTERI

3882 396 3991 458 424

760 492 1077 539 cessarem,
1144 478 1510 531 Alexandrum
1573 480 1801 536 vidisset
1867 482 2009 537 inter
2069 485 2401 552 praesulesA

2325 521 2326 528 η
2355 492 2401 544 Α
2426 489 2776 558 ἀρχιερεῦσιν
2807 492 3160 548 ίσαπὸστολον
3185 536 3198 559 ,
3245 501 3337 552 καὶ
3376 502 3625 574 Ἀχιλλᾶν
3656 505 3746 562 τὸν
3785 514 3987 567 τούτου

762 569 1155 632 castissimum,
1196 578 1588 637 strenuumque
1620 574 2046 641 apostolicorum
2095 572 2319 643 dogma—

758 673 873 713 tum
936 659 1306 719 defensorem,
1372 657 1631 721 Ecclesia:
1684 663 2066 717 Alexandrina:
2112 679 2323 734 praepo-

757 753 948 813 situm,
979 759 1235 819 tanquam
1275 759 1577 806 venenatus
1606 768 1851 823 serpens,
1876 759 2021 823 quod
2056 757 2107 809 itt
2146 758 2326 813 cordis

758 843 881 910 ejus
911 840 1272 909 penetralibus
1304 841 1505 896 latebat
1531 843 1683 898 virus
1738 846 2001 901 evomuit.
2028 845 2318 902 Enimvero

764 948 871 987 non
907 940 1119 1000 poterat
1178 932 1443 987 adversus
1484 934 1852 989 Alexandrum
1902 936 2082 1006 ipsum
2120 939 2327 1006 impor-

760 1034 890 1076 tuna
922 1037 980 1075 se
1022 1023 1314 1077 insolentia
1376 1023 1587 1077 εποντο.
1635 1024 1846 1079 Etenim
1886 1028 2194 1082 Alexander
2219 1029 2327 1081 vita

759 1135 822 1174 ac
854 1119 1100 1175 moribus
1132 1118 1620 1189 irrepreltensibilis
1667 1128 1804 1184 erat,
1850 1132 2013 1192 atque
2062 1124 2130 1177 ab
2179 1122 2335 1177 omni

759 1214 1043 1267 abstinens
1096 1213 1260 1275 malo,
1286 1217 1443 1282 juxta
1508 1213 1726 1268 Domini
1787 1217 1854 1271 de
1901 1215 2042 1271 Jobo
2074 1217 2325 1269 testimo-

763 1306 911 1356 nium
967 1306 1007 1357 ³.
1072 1303 1340 1367 Quidnam
1407 1318 1538 1372 ergo
1614 1304 1965 1359 machinatur
2021 1305 2327 1359 scelestus?

759 1399 925 1449 Arma
967 1404 1120 1464 parat
1171 1395 1436 1450 adversus
1489 1396 1588 1449 viri
1656 1398 1828 1451 sancti
1868 1396 2191 1458 doctrinam,
2229 1411 2325 1451 seu

759 1502 865 1555 qua
918 1486 1201 1539 invadendi
1254 1495 1465 1555 pateret
1530 1488 1755 1542 aditus:
1791 1488 1995 1555 sicque,
2032 1505 2051 1538 ι
2081 1486 2237 1555 ponit
2267 1502 2329 1541 os

764 1594 922 1630 suum
959 1578 1012 1649 in
1053 1582 1277 1640 costum,
1328 1590 1379 1633 et
1411 1579 1653 1647 loquitur
1688 1577 2026 1647 iniquitatem
2065 1578 2331 1631 adversus

760 1668 1098 1721 Altissimum
1124 1672 1164 1722 ⁸.
1194 1687 1211 1719 ι
1242 1669 1373 1721 Nam
1399 1684 1522 1721 cum
1555 1677 1777 1722 sanctus
1806 1667 2106 1721 Alexander
2131 1665 2329 1721 Filium

764 1756 1145 1819 conﬁteretur,
1179 1759 1385 1811 honore
1435 1756 1582 1810 Patri
1634 1758 1919 1827 aequalem,
1977 1772 2040 1813 ac
2086 1758 2327 1826 ejusdem

2426 575 2690 649 διάδοχον,
2730 580 3079 653 Ἀλέξανδρος
3108 591 3133 640 ὁ
3158 589 3214 640 ἐν
3244 592 3527 661 προέδροις
3564 598 3861 666 πάναγνος,
3888 608 3985 658 καὶ

2427 667 2534 719 τῶν
2563 670 2935 745 ἀποστολικῶν
2963 676 3250 744 δογμάτων
3293 682 3631 755 ὑπέρμαχος,
3663 691 3763 761 τῆς
3816 693 3918 746 Αλε
3934 698 3990 762 ξε

2425 760 2664 850 ανδρέων
2727 767 2963 837 προέστη
3023 769 3372 840 Ἐκκλησίας,
3414 775 3603 845 ὥσπερ
3653 800 3737 844 τις
3784 760 4032 850 ίοϐὀλος¹

2426 848 2644 919 δράκων
2695 853 2789 904 τὸν
2839 856 3242 927 ἐνδομυχοῦντα
3292 868 3358 932 τῇ
3421 868 3620 937 καρδίᾳ
3674 873 3841 927 αὐτοῦ
3885 876 3991 946 τῆς

2429 942 2733 1011 βασκανίας
2781 946 3028 1015 ὲξέμεσε.
3093 952 3201 1004 Καὶ
3265 956 3408 1007 κατά
3469 959 3818 1033 Ἀλεξάνδρου
3866 942 3989 1036 μὲν,

2429 1034 2528 1104 οὐχ
2574 1030 2682 1097 οἶός
2733 1052 2792 1088 τε
2841 1033 2909 1107 ἦν
2958 1042 3324 1096 αὺθαδιάσαι’
3370 1046 3647 1115 ἀνάλωτος
3696 1030 3804 1125 κὰρ
3849 1030 3995 1109 κατά

2428 1123 2522 1175 τὸν
2554 1124 2664 1192 βίον
2691 1124 3108 1198 ὁἈλέξανδρος,
3142 1135 3237 1185 καὶ
3269 1136 3453 1204 πάσης
3482 1139 3678 1202 κακίας
3701 1123 3989 1214 ἀμέτοχος.

2430 1218 2572 1270 κατὰ
2603 1218 2701 1287 τὴν
2745 1218 2840 1270 τοῦ
2885 1219 3005 1270 ’1ὼῦ
3036 1221 3140 1273 ὑπὸ
3182 1225 3276 1301 τοῦ
3310 1227 3516 1297 Κυρίου
3570 1235 3897 1301 μαρτυρίαν.
3925 1238 3992 1289 Τί

2430 1306 2524 1358 οὖν
2557 1308 2585 1358 ὁ
2608 1308 2899 1380 ἀλητήριος
2955 1298 3307 1381 μηχανᾶται;
3348 1318 3506 1370 Κατὰ
3544 1298 3660 1371 τῶν*
3705 1298 3994 1390 δογμάτων

2427 1396 2521 1450 τοῦ
2563 1401 2711 1451 ὁσίου
2754 1402 3059 1467 ὁπλίζεται,
3096 1405 3171 1465 ὡς
3215 1406 3305 1458 διά
3351 1410 3561 1463 τούτων
3601 1413 3766 1466 αὐτοῦ
3818 1417 3989 1468 καθα-

2432 1489 2701 1558 ψάμενος·
2750 1494 2845 1545 καὶ
2899 1493 3042 1547 οὕτω
3083 1513 3102 1546 ι
3134 1494 3349 1563 τίθησιν
3403 1500 3483 1559 είς
3530 1502 3619 1554 τὸν
3666 1504 3891 1573 οὐρανὸν
3928 1506 3991 1557 τὸ

2434 1581 2605 1650 στόμα
2627 1580 2812 1644 αὐτοῦ,
2833 1583 2929 1635 καὶ
2956 1584 3108 1638 λαλεί
3130 1585 3271 1638 κατὰ
3296 1584 3388 1637 τοῦ
3421 1586 3679 1655 Ὑψίστου
3707 1594 3949 1647 ἀδικίαν.
3965 1614 3983 1645 ι

2433 1672 2541 1725 Τοῦ
2572 1674 2679 1742 γὰρ
2703 1672 2849 1726 ὁσίου
2893 1674 3246 1745 Ἀλεξάνδρου
3276 1678 3539 1745 ὁμότιμον
3568 1681 3661 1731 καὶ
3702 1683 3991 1749 δμοούσιον

2438 1762 2532 1815 τὸν
2569 1762 2697 1814 Υίὸν
2745 1761 2822 1831 τῷ
2877 1763 3057 1833 Πατρὶ
3093 1766 3614 1833 καθομολογοῦντος,
3648 1768 3911 1839 ἄντικρυς
3961 1777 3993 1825 ὁ

763 1853 1031 1915 essentia},
1066 1866 1129 1903 ex
1182 1851 1410 1904 adverso
1463 1860 1645 1905 mente
1689 1860 1882 1920 captus
1912 1851 2095 1915 Arius,
2125 1850 2323 1904 Filium
2357 1828 2403 1885 Β

2357 1828 2403 1885 Β
2442 1828 2817 1926 φρενοϐλαϐὴς
2849 1828 3066 1926 ’Λρεινος
3110 1828 3314 1924 κτίσμα
3357 1828 3451 1912 καὶ
3504 1828 3712 1931 ποίημα
3746 1828 3836 1913 τὸν
3862 1828 3992 1915 Ilii»;

764 1950 1065 1991 creaturam
1132 1954 1196 1992 ac
1249 1939 1513 1992 facturam
1571 1941 1757 2008 nugari
1808 1942 2107 2007 caapit:ac
2159 1941 2327 1994 fuisse

758 2029 978 2098 quando
999 2044 1102 2082 non
1127 2036 1261 2093 erat,
1287 2039 1475 2097 etquae
1497 2040 1622 2083 sunt
1642 2030 1725 2082 bis
1755 2031 1925 2099 magis
1949 2031 2134 2098 impia,
2164 2031 2326 2098 digna

762 2119 998 2188 profecto
1018 2134 1139 2187 qua:
1156 2118 1411 2171 oblivioni
1434 2121 1761 2171 mandentur
1784 2128 1838 2172 et
1859 2131 2062 2173 aeterno
2086 2120 2324 2173 silentio.

835 2208 1035 2262 \‘idens
1090 2224 1220 2276 ergo
1266 2208 1487 2262 divinus
1548 2209 1890 2275 Alexander,
1946 2212 2151 2264 malum
2225 2212 2329 2265 hoc

764 2303 933 2353 instar
989 2299 1163 2353 morbi
1217 2302 1363 2354 sacri
1419 2301 1713 2368 depascere
1764 2302 2067 2372 (siquidem
2120 2305 2329 2358 vicinas

762 2391 1081 2459 .‘lﬂgyptum,
1111 2391 1583 2461 Tltehaidemque,
1617 2402 1672 2446 et
1711 2393 1935 2463 Libyam
1992 2394 2326 2465 invaserat),

764 2484 967 2535 veritus
1027 2498 1094 2536 ne
1129 2484 1461 2537 ~uuiversum
1497 2485 1796 2553 corriperet
1846 2487 2080 2540 tidelium
2108 2503 2329 2557 corpus,

765 2582 885 2640 post
935 2572 1133 2626 multas
1197 2588 1380 2626 coram
1442 2575 1771 2628 tuonitioues
1824 2577 2049 2629 eﬂ‘erato
2103 2588 2330 2646 paterne

762 2662 1062 2727 adhibitas,
1096 2672 1218 2730 post
1257 2664 1436 2719 varias
1465 2681 1529 2717 ex
1565 2664 1869 2734 Scripturis
1899 2669 2100 2723 divinis
2128 2669 2330 2737 proba-

766 2753 965 2815 tiones,
994 2752 1199 2821 quibus
1232 2751 1402 2808 Vetus
1431 2756 1634 2823 pariter
1670 2772 1733 2811 ac
1761 2755 1971 2812 Novum
2004 2759 2325 2814 Testamen-

764 2854 876 2895 tum
911 2844 1172 2907 abundat,
1199 2844 1380 2898 sciens
1406 2847 1629 2915 impium
1661 2849 1866 2902 erroris
1901 2849 2129 2917 caligine
2155 2851 2331 2906 adhuc

765 2932 1126 3000 implicatum,
1160 2933 1228 2987 ad
1264 2934 1554 2987 Dominum
1607 2933 1791 2989 Jesum
1826 2936 2126 3002 Christum,
2167 2954 2327 3009 quem

763 3024 853 3077 ille
880 3022 1146 3077 alliciebat
1169 3027 1527 3091 contumelia,
1557 3028 1823 3097 confugit,
1849 3045 1959 3099 quo
1991 3031 2037 3085 is
2063 3030 2331 3086 Christia-

2428 1946 2773 2015 ὲληρὼδησε’
2823 1950 2916 2000 καὶ
2967 1950 3048 2001 ὅτι
3098 1945 3167 2019 ἦν
3213 1950 3342 2001 ποτὲ
3381 1952 3468 2003 ὅτε
3508 1952 3606 2003 οὐκ
3656 1948 3744 2021 ἦν,
3778 1956 3871 2005 καὶ
3924 1957 3993 2008 τὰ

2428 2040 2634 2091 τούτων
2660 2042 3019 2113 ἀσεὸέστερα,
3060 2043 3205 2111 ἅπερ
3241 2044 3453 2113 σιωπῆς
3504 2047 3668 2110 ὅντως
3708 2050 3800 2101 καὶ
3822 2048 3995 2117 λήθης

2431 2127 2611 2197 βυθῶν
2641 2133 2779 2183 εἰσιν
2816 2133 2963 2195 ἄξια.

2518 2221 2659 2276 Ἰδὼν
2719 2219 2811 2276 οὗν
2876 2224 3229 2297 Ἀλέξανδρος
3280 2231 3309 2282 ὁ
3360 2229 3650 2292 θεσπέσιος
3703 2235 3777 2292 ὡς
3833 2232 3993 2302 δίκην

2435 2320 2584 2389 ἱερᾶς
2618 2318 2772 2371 νόσου
2807 2318 3127 2388 ἐπινέμεται
3164 2321 3226 2373 τὸ
3274 2324 3474 2377 κακόν·
3521 2324 3697 2394 ἥψατο
3746 2324 3856 2394 γὰρ
3900 2328 4001 2379 Αί-

2430 2409 2640 2476 γύπτου
2673 2410 2767 2461 καὶ
2821 2410 3085 2479 Θηϐαΐδος
3152 2414 3247 2466 καὶ
3298 2415 3505 2485 Λιὸύης
3563 2418 3671 2469 τῶν
3725 2418 3994 2485 ἔναγχος·

2431 2503 2525 2554 καὶ
2554 2502 2809 2565 δεδοικὼς
2849 2504 2922 2572 μὴ
2960 2503 3055 2556 τοῦ
3091 2505 3293 2566 παντὸς
3334 2507 3445 2561 τῶν
3478 2510 3687 2563 πιστῶν
3731 2511 4003 2579 περιδρά-

2432 2593 2589 2661 ξηται
2635 2594 2908 2660 σώματος,
2946 2595 3084 2660 μετά
3127 2596 3330 2660 πολλὰς
3360 2599 3462 2661 τὰς
3507 2600 3649 2652 κατᾶ
3704 2602 4003 2670 πρόσωπον

2431 2685 2812 2753 παραινέσεις,
2867 2683 3053 2754 ἃςτῷ
3110 2687 3387 2757 ἀτιθάσσῳ
3442 2691 3723 2761 πατρικῶς
3786 2693 4005 2761 προσήο

2430 2792 2571 2844 γαγε
2594 2818 2608 2842 ,
2642 2778 2780 2845 μετὰ
2817 2776 3095 2837 ποικίλους
3137 2777 3265 2840 τοὺς
3304 2778 3392 2833 διὰ
3428 2781 3536 2834 τῶν
3566 2782 3727 2835 θείων
3760 2784 4004 2854 Γραφῶν

2430 2865 2689 2933 ἐλέγχους
2719 2858 2801 2927 οἷς
2828 2865 2862 2933 ἦ
2893 2882 2952 2916 τε
3014 2864 3229 2919 Παλαιά
3260 2866 3295 2935 ἥ
3319 2883 3377 2918 τε
3411 2868 3586 2939 Καινὴ
3618 2870 4004 2940 ἐναόρύνεται·

2431 2957 2597 3026 γνοὺς
2626 2956 2721 3009 τὸν
2755 2956 2927 3025 ἀσεϐῆ
2970 2957 3052 3009 ἔτι
3096 2958 3174 3025 τῷ
3206 2961 3304 3028 τῆς
3345 2959 3552 3029 πλάνης
3593 2962 3740 3031 ζόφῳ
3770 2967 4004 3035 κατεχό-

2437 3066 2617 3118 μενον,
2654 3049 2748 3101 ἐπὶ
2773 3049 2867 3101 τὸν
2912 3048 3123 3118 Ἰησοῦν
3154 3050 3392 3120 Χριστὸν
3461 3053 3554 3105 τὸν
3603 3056 3752 3124 παρά
3788 3034 4003 3109 ἐκείνου

766 3131 848 3169 uae
882 3117 956 3170 rei
989 3117 1252 3172 adversus
1286 3118 1507 3187 impiam
1542 3120 1881 3174 molitionem
1909 3124 2111 3177 auxilio
2135 3132 2280 3178 esset
2309 3139 2326 3178 :
2356 3161 2401 3221 ο

2356 3161 2401 3221 c
2435 3117 2787 3209 ύὸριξόμενον
2820 3117 3157 3207 καταιρεύγει
3180 3117 3220 3200 ,1
3248 3140 3443 3210 βοηθὸν
3487 3142 3649 3195 αὐτὸν
3685 3117 3771 3213 ’τῷ
3828 3147 4002 3215 κοινῷ

760 3208 991 3276 jejunio,
1026 3209 1249 3277 vigiliis,
1283 3224 1347 3262 ac
1400 3210 1656 3278 lacrymis
1702 3226 1827 3263 eum
1859 3212 2071 3265 invocat
2118 3213 2330 3282 adjuto-

768 3313 922 3361 retn,
980 3299 1072 3367 qui
1136 3299 1414 3368 inspector
1481 3309 1564 3353 est
1617 3301 1881 3355 veritatis.
1947 3302 2147 3356 Verum
2204 3318 2328 3357 cum

765 3388 965 3455 impius
1001 3389 1172 3456 magis
1212 3388 1531 3443 efferaretur
1594 3400 1647 3443 et
1704 3390 2099 3457 eﬂervesceret,
2141 3401 2332 3447 evocat

769 3478 1079 3533 Alexander
1113 3479 1298 3548 plures
1323 3479 1539 3534 futuros
1564 3482 1793 3548 periculi
1821 3483 2020 3545 socios,
2040 3484 2331 3551 dirigitque

769 3570 980 3621 litteras
1031 3568 1097 3620 ad
1157 3569 1443 3636 episcopos
1501 3583 1597 3636 per
1637 3583 1702 3623 ea
1758 3572 2078 3623 constitutos
2104 3572 2241 3630 loca.
2268 3585 2331 3625 ae

769 3660 1112 3727 prodigiosos
1141 3658 1324 3712 cordis
1361 3658 1474 3710 Arii
1515 3659 1656 3712 fetus
1685 3659 1944 3714 adversus
1973 3662 2330 3714 orthodoxam

768 3751 947 3813 tidem,
982 3750 1292 3802 denuntiat.
1345 3748 1736 3815 Quamobrem,
1785 3754 2073 3820 pra-munit
2111 3755 2330 3821 quidem

766 3854 955 3891 eorum
996 3854 1178 3906 aures,
1250 3848 1309 3894 ut
1381 3856 1449 3895 ue
1499 3842 1593 3911 qui
1639 3843 1707 3897 ab
1760 3842 1913 3897 hiatu
1976 3859 2167 3899 sensus
2214 3844 2331 3898 Arii

765 3931 988 3983 sinistre
1024 3932 1436 4000 arripereutur;
1492 3932 1682 3986 incitat
1734 3950 1883 3997 vero,
1940 3945 1998 3990 ut
2052 3937 2330 3991 communi

765 4020 996 4073 consilio
1058 4022 1194 4074 citra
1251 4036 1459 4075 moram
1511 4024 1578 4077 de
1632 4025 1715 4079 bis
1758 4026 2021 4094 optimum
2050 4027 2330 4080 dominum

764 4113 1050 4165 certiorem
1096 4112 1360 4167 lacerent.
1395 4113 1495 4167 libi
1526 4130 1691 4183 porro
1745 4119 1919 4170 victor
1965 4118 2051 4171 ille
2100 4119 2331 4188 inclytus

766 4206 879 4257 base
910 4205 1515 4274 rescivisset,tanquam
1550 4208 1788 4273 stimulo,
1820 4209 2044 4279 profana
2068 4212 2332 4266 obscuro-

765 4310 907 4358 rum,
954 4297 1294 4364 tuolestaque
1342 4298 1747 4366 inopinatorum
1801 4302 2097 4367 auditione,
2149 4306 2332 4358 animo

771 4385 1083 4454 perculsus,
1137 4387 1352 4441 divinas
1417 4389 1668 4456 protinus
1729 4391 1893 4445 mittit
1945 4393 2171 4459 litteras,
2237 4409 2330 4463 per

2429 3228 2681 3297 γενέσθαι
2713 3229 2856 3282 κατά
2907 3230 3006 3299 τῆς
3034 3229 3304 3299 θεομάχοι»
3336 3234 3701 3304 ἐγχειρήσεως
3725 3252 3740 3265 '
3772 3240 4006 3308 νηστείᾳ

2435 3337 2497 3372 τε
2556 3320 2653 3371 καὶ
2699 3321 2979 3391 ἀγρυπνία
3026 3322 3120 3373 καὶ
3163 3322 3397 3391 δάκρυσι
3433 3324 3523 3376 τὸν
3591 3325 3689 3394 τῆς
3739 3328 4004 3397 ἀληθείας

2434 3412 2680 3481 ἐπόπτην
2709 3413 3056 3466 ἐπικαλεῖται
3100 3413 3409 3485 σύμμαχον.
3457 3417 3564 3471 Τοῦ
3592 3418 3648 3470 δὲ
3700 3420 4004 3485 δυσσεϐοῦς

2434 3503 2635 3572 μᾶλλον
2672 3505 3018 3574 ἀγριωμένου
3056 3507 3150 3558 καὶ
3202 3508 3604 3577 παφλάζοντος,
3633 3517 3930 3576 κοινωνοὺς
3969 3520 3999 3567 ό

2443 3592 2794 3660 Ἀλέξανδρος
2864 3594 2958 3645 τοῦ
3000 3595 3246 3648 κινδύνου
3291 3599 3683 3667 προσκαλεῖται
3722 3603 4002 3669 πλείονας,

2432 3680 2528 3729 καὶ
2554 3680 2847 3747 γράμμασι
2888 3680 3024 3749 πρὸς
3074 3682 3202 3743 τοὺς
3254 3686 3397 3737 κατά
3440 3689 3609 3740 τόπον
3654 3693 4004 3760 ἐπισκόπους

2444 3769 2739 3838 κέχρηται,
2779 3772 2875 3823 καὶ
2933 3772 3127 3840 μηνύει
3182 3774 3251 3827 τά
3308 3778 3588 3848 τερατώδη
3642 3781 3742 3850 τῆς
3782 3784 4005 3852 Ἀρείου

2346 3898 2360 3910 .
2431 3861 2659 3930 καρδίας
2696 3864 2836 3915 κατὰ
2890 3863 2991 3934 τῆς
3033 3864 3340 3937 ὀρθοδοξίας
3403 3872 3682 3941 κυήματα.
3728 3875 3818 3929 Διὸ
3864 3893 4009 3948 προ-

2451 3954 2811 4020 ασφαλίζεται
2840 3956 2937 4023 μὲν
2977 3957 3156 4010 αὐτῶν
3182 3960 3283 4022 τὰς
3318 3962 3491 4026 ἀκοὰς
3522 3964 3657 4033 πρὸς
3686 3968 3745 4018 τὺ
3778 3970 3852 4037 μὴ
3893 3986 4005 4022 πα-

2434 4044 2740 4114 ρασυρῆναί
2789 4063 2940 4109 τινας
2990 4048 3099 4100 ἀπὸ
3161 4052 3264 4119 τῆς
3316 4054 3594 4124 χαράδρας
3632 4056 3730 4124 τῆς
3785 4058 4005 4126 Ἀρείου

2434 4139 2748 4205 φρονήσεως
2775 4154 2789 4168 ⁸
2833 4142 3172 4209 παροτρύνει
3214 4143 3270 4195 δὲ
3314 4146 3389 4214 τῷ
3430 4148 3595 4216 κοινῷ
3629 4148 3740 4219 [τα.
3776 4154 4003 4224 κοινῶς]

2433 4225 2697 4295 ἀμελλητὶ
2742 4228 2916 4280 ταῦτα
2958 4230 3036 4297 τῷ
3072 4238 3353 4303 κρατίστῳ
3410 4238 3679 4307 γνωρίσαι
3735 4240 3998 4315 δεσπότῃ.

2433 4314 2652 4368 Τούτων
2718 4316 2811 4369 οὖν
2866 4318 2894 4369 ὀ
2949 4319 3260 4384 καλλίνικος
3312 4326 3371 4376 ἐν
3426 4327 3623 4393 γνώσει
3682 4314 4001 4399 γενόμενος,

2435 4401 2627 4475 ὥσπερ
2683 4406 2896 4476 κέντρῳ
2961 4412 3026 4477 τῇ
3096 4410 3314 4483 βεϐήλῳ
3376 4416 3487 4467 τῶν
3538 4418 3770 4486 ἀδήλων,
3818 4423 3881 4489 τῇ
3937 4439 4003 4474 τε

762 4491 901 4546 quas
935 4486 989 4531 et
1021 4479 1384 4545 magistratus
1418 4476 1522 4548 (5),
1574 4490 1630 4532 et
1675 4494 1771 4534 eos
1815 4482 1907 4550 qui
1942 4492 2184 4550 possent,
2220 4484 2333 4552 epi-
2363 4483 2410 4539 Ι)

2363 4483 2410 4539 Ῑ)
2437 4495 2636 4565 ἀνιαρᾷ
2668 4496 2774 4548 τῶν
2802 4476 3255 4572 ἀὼκήτωννὰκοῇ
3283 4476 3526 4572 ,πληγεὶς
3577 4476 3677 4573 τήν
3724 4476 3999 4575 διάνοιιαν,

764 4582 984 4636 scopos,
1015 4567 1289 4620 Nicamam
1325 4570 1691 4637 metropolim,
1734 4574 1802 4625 ad
1840 4588 1904 4626 ea
1944 4575 2326 4637 examinanda,

762 4673 885 4726 quae
941 4658 1007 4711 ad
1065 4671 1159 4712 eos
1208 4666 1539 4727 spectarent,
1591 4662 1777 4716 venire
1825 4663 2036 4729 suadet,
2066 4673 2231 4733 atque
2260 4665 2329 4718 ad

766 4748 1151 4803 declarandam
1177 4764 1363 4804 veram
1394 4760 1450 4805 et
1480 4751 1810 4820 inculpatam
1832 4793 1849 4819 ,
1877 4754 2037 4807 [idem
2091 4757 2333 4824 penitus-

765 4856 871 4909 que
896 4841 1325 4896 exscindendam
1354 4857 1418 4897 ac
1449 4843 1771 4898 abolendam
1800 4846 1943 4901 male
1984 4848 2329 4903 sentientium

764 4930 1151 4984 daemoniacam
1193 4931 1467 4986 haeresim.

2431 4588 2773 4657 παραχρῆμα
2804 4589 2980 4653 θείαις
3020 4592 3289 4662 κέχρηται
3335 4597 3606 4665 κεραίαις,
3639 4600 3711 4651 δι’
3751 4594 3825 4652 ὧν
3864 4604 4001 4665 τούς

2429 4693 2490 4728 τε
2520 4679 2577 4729 ἐν
2604 4679 2748 4732 τέλει
2777 4683 2871 4733 καὶ
2913 4684 3039 4746 τοὺς
3076 4685 3321 4749 δυνατῶς
3359 4688 3583 4756 ἔχοντας
3624 4691 3734 4743 τῶν
3762 4696 3995 4747 ἐπισκό-

2434 4783 2552 4821 πων
2588 4769 2687 4839 τὴν
2734 4771 2966 4827 Νίκαιαν
3008 4775 3118 4827 τῶν
3148 4776 3389 4829 Βιθυνῶν
3437 4781 3771 4851 μητρόπολιν
3829 4802 4005 4837 κατα-

2434 4858 2734 4929 λαμϐάνειν
2775 4863 2965 4935 [λείπ.
2998 4869 3393 4942 προτρέπεται]
3429 4874 3563 4941 πρὸς
3594 4875 3840 4939 ἐξέτασιν
3887 4878 3998 4930 τῶν

2434 4947 2516 5009 είς
2538 4949 2734 5011 αὐτοὺς
2778 4953 3041 5020 ήκόντων,
3080 4958 3176 5009 καὶ
3204 4960 3511 5027 φανέρωσιν
3565 4963 3665 5030 μὲν
3716 4966 3813 5033 τῆς
3863 4966 4005 5032 ἀλη-

765 5022 891 5085 θοῦς
930 5024 1027 5076 καὶ
1093 5024 1384 5094 ἀμέμπτου
1434 5025 1690 5091 πίστεως,
1759 5028 1997 5103 ἐκτομὴν
2059 5032 2114 5084 δὲ
2185 5032 2279 5087 καὶ
2322 5038 2559 5109 παντελῆ
2601 5041 2910 5112 ἀφανισμὸν
2972 5047 3070 5117 τῆς
3111 5022 3492 5120 δαιμονιῶδους
3533 5022 3644 5108 τῶν
3695 5022 4005 5125 κακοδόξῶν
4070 5038 4077 5049 ”

764 5118 1051 5186 αἱρέσεως.

837 5252 858 5281 ³
896 5250 996 5306 Job
1056 5268 1095 5317 ι,
1125 5254 1172 5307 l.
1273 5254 1297 5287 ⁸
1327 5251 1477 5311 Psal.
1512 5269 1715 5323 uxvn,
1740 5260 1797 5313 2.

2023 5382 2125 5441 Fr.
2161 5383 2521 5446 Combeﬁsii
2550 5391 2735 5448 notae.

840 5517 917 5585 (5)
960 5516 1027 5570 Et
1073 5522 1437 5589 magistratus.
1486 5523 1666 5579 Potuit
1713 5526 2104 5585 Constantinus
2164 5533 2325 5587 etiam

765 5589 1036 5665 primores
1088 5590 1274 5665 laicos,
1312 5593 1404 5665 qui
1452 5596 1708 5665 pracipui
1760 5610 1945 5652 essent
1996 5602 2135 5654 inter
2163 5602 2324 5656 Chri-

766 5658 1003 5734 stianos,
1055 5673 1119 5710 ac
1152 5658 1341 5734 majori
1383 5658 1633 5729 quadam'
1663 5669 2008 5734 auctoritate,
2040 5672 2104 5724 ad
2142 5674 2325 5726 conci-

766 5727 896 5779 lium
954 5742 1176 5793 vocare,
1232 5727 1555 5799 quibuscum
1616 5736 1730 5805 ipse
1792 5747 1960 5803 tanta:
1993 5727 2324 5797 'tractatioui

2438 5536 2746 5615 interesset,
2780 5537 3040 5615 ut_r_eipsa
3073 5552 3196 5595 cum
3221 5546 3408 5610 pauels
3435 5543 3756 5612 quibusdam
3782 5557 4001 5615 specta-

2434 5606 2645 5658 toribus
2686 5606 2963 5682 interluit,
3000 5624 3105 5661 nou
3158 5606 3411 5679 tauquam
3451 5606 3664 5682 'judex.
3718 5606 3999 5672 sed'velut

2434 5675 3050 5754 pt-tesesAdefen-sorque,
3081 5690 3243 5754 atque
3270 5675 3341 5754 ἰιι
3374 5675 3652 5754 docendus
3690 5685 3806 5754 ipse
3851 5688 4002 5745 veri-

2436 5754 2600 5801 tatem
2630 5746 2772 5813 tidei,
2806 5748 3125 5819 doctamque
3154 5746 3257 5820 piis
3288 5751 3497 5823 legibus
3529 5746 3864 5811 sanciturus.
