4208 6432
836 371 865 430 4
876 372 939 432 ἱιῖ

2008 367 2379 428 GliEGUlill
2434 370 2905 432 PRESBYTER!

3961 389 4068 452 428

834 494 1051 548 nempe,
1103 478 1513 547 Meuopliantem
1558 474 1876 544 Ephesium,
1926 484 1979 525 et
2024 476 2400 543 Patrophilum
2434 484 2475 536 Α

2505 478 2674 548 θιάσῳ
2722 481 2829 532 τῶν
2873 480 3042 547 ἁγίων
3114 486 3497 554 συνεισήνεγκε
3554 488 3748 553 λύκους
3818 496 4069 565 ’Ἄραϐας

834 571 1365 641 Scythopolitanum,
1386 583 1449 621 ac
1467 565 1747 620 Thconam
1782 565 2257 627 Marmarieanum,
2273 582 2395 619 cum

833 663 961 717 aliis
1031 663 1215 730 paucis
1274 660 1501 713 insaniae
1559 658 1671 711 Arii
1732 656 2036 725 discipulis,
2083 658 2150 709 de
2198 658 2399 725 quibus

831 754 1030 807 dicturi
1087 766 1279 804 sumus
1338 750 1391 803 in
1454 750 1831 817 sequentibus.
1895 748 2164 811 Quoniam
2216 760 2396 803 autem

833 843 978 912 quod
1015 843 1291 895 veritatem
1349 840 1577 906 ferebat,
1614 856 1787 910 eaque
1837 840 1981 892 velut
2035 840 2203 893 fetum
2254 851 2394 905 erat,

832 933 1183 1003 inquisitione
1228 932 1440 1000 egebat,
1473 942 1740 1001 aptusque
1788 932 1940 984 locus
1982 931 2393 999 dispiciebatur,

832 1041 941 1093 quo
987 1024 1138 1078 ﬁeret
1170 1022 1395 1076 Patrum
1431 1032 1750 1085 conventus,
1786 1021 2111 1075 abscindens
2160 1024 2395 1091 Optimus

836 1121 1133 1187 imperator
1166 1132 1194 1170 a
1228 1117 1431 1186 palatio
1460 1116 1605 1186 quod
1650 1115 1757 1169 illic
1800 1123 1937 1177 erat,
1970 1115 2192 1169 domum
2224 1115 2395 1167 maxi-

827 1226 997 1274 mam,
1068 1206 1839 1278 imperialiumcubiculorum
1898 1204 1991 1275 [ut
2040 1206 2112 1259 ita
2170 1204 2396 1276 loquar]

826 1302 1048 1355 oculum
1084 1300 1395 1369 quemdam,
1427 1299 1585 1367 cujus
1608 1300 1775 1352 decus
1806 1313 1868 1351 ac
1900 1298 2297 1366 magniﬁcentia
2332 1298 2397 1351 ad

827 1404 1067 1447 nostram
1105 1406 1275 1459 usque
1308 1399 1521 1443 :etalem
1569 1389 1787 1443 Patrum
1837 1400 2149 1459 legumento
2178 1404 2397 1443 conscr-

826 1495 944 1534 vata
978 1494 1078 1543 est,
1112 1479 1385 1544 eamdem,
1415 1495 1510 1533 seu
1546 1479 1691 1531 illius
1724 1479 1990 1547 primitias
2022 1479 2200 1545 regiae,
2236 1490 2395 1530 sacro

823 1572 1030 1625 addixit
1058 1572 1313 1625 concilio.
1346 1571 1417 1621 lio
1455 1570 1574 1622 loco
1630 1568 1865 1636 aequales
1908 1584 2137 1620 numero
2164 1565 2392 1619 Patrum

823 1664 981 1717 sedes
1015 1665 1192 1731 parari
1242 1661 1427 1729 jussit,
1465 1674 1567 1712 una
1619 1661 1882 1711 rationem
1934 1660 2139 1712 habens
2194 1658 2392 1727 quietis

823 1772 1037 1817 senum,
1090 1768 1152 1805 ac
1205 1752 1569 1805 sacerdotium
1616 1750 1817 1803 honore
1869 1764 2225 1819 prosequens.
2256 1748 2389 1802 Cum

820 1846 930 1911 jam
968 1845 1144 1911 itaque
1170 1844 1202 1894 ii
1231 1842 1442 1910 appulsi
1480 1851 1684 1903 essent,
1714 1841 1829 1909 ipse
1854 1856 2066 1909 quoque
2097 1842 2391 1909 imperator

825 1934 1171 2005 ingreditur:
1211 1950 1386 2003 neque
1415 1950 1543 1987 vero
1577 1933 1846 2001 arroganti
1914 1943 1965 1986 et
2009 1932 2172 1994 elato,
2213 1932 2390 2001 regio-

820 2042 925 2094 que
978 2026 1196 2079 intuens
1250 2028 1423 2089 vultu,
1486 2023 1579 2078 sed
1645 2031 1928 2077 contracto
1980 2022 2301 2091 supercilio,
2336 2031 2389 2075 et.

822 2117 1066 2170 modesto
1098 2119 1311 2170 incessu
1347 2115 1577 2177 accedit,
1614 2130 1675 2166 ac
1712 2113 2180 2169 sanctos‘obviam
2218 2112 2388 2167 factos
2465 2116 2475 2126 '

821 2208 1183 2277 amplectitur,
1216 2209 1517 2276 blandeque
1555 2218 1607 2260 et
1661 2211 1902 2275 gratiose
1952 2206 2288 2276 alloquitur;
2326 2220 2390 2259 ac

820 2301 925 2355 leni
957 2304 1187 2369 quodam
1216 2304 1349 2363 risu,
1383 2300 1656 2353 comitatis
1683 2299 1867 2352 liorem
1888 2296 2192 2366 proferens,
2217 2298 2387 2351 lectam

818 2391 985 2444 animi
1039 2391 1489 2444 constitutionem
1542 2405 1638 2457 pro
1688 2399 1999 2442 sanctorum
2039 2398 2183 2441 statu
2216 2396 2390 2440 cretu-

814 2497 922 2551 que
971 2482 1229 2535 ostendit.
1296 2482 1459 2534 Suam
1527 2493 1706 2533 autem
1798 2484 1847 2531 in
1920 2478 2086 2533 Deum
2152 2478 2390 2547 prodidit

821 2574 1204 2635 humilitatem,
1236 2587 1611 2641 summamque
1646 2576 1693 2624 in
1729 2571 1919 2626 Patres
1939 2572 2386 2634 submissionem,

817 2665 961 2730 quod
1016 2663 1158 2716 inter
1214 2664 1372 2716 sedes
1435 2663 1773 2731 episcopales
1840 2678 2000 2716 suum
2068 2661 2389 2717 submiserit

818 2753 1160 2806 subsellium.

888 2944 1022 2999 Cum
1082 2947 1257 3000 sancti
1291 2961 1421 3015 ergo
1475 2946 1708 3015 piusque
1760 2944 2058 3014 imperator
2107 2947 2391 3000 consedis—

816 3048 957 3104 srnt,
1020 3039 1334 3092 Eustathius
1402 3038 1775 3090 Antiochcnns
1839 3037 1927 3107 (ei
1987 3039 2133 3092 enim
2196 3039 2390 3092 annuit

2500 571 2679 640 δοραῖς
2707 573 2993 640 προϐάτων
3021 577 3506 647 ἐγκεκρυμμένους
3523 599 3534 611 ·
3560 583 3895 652 Μηνόφαντά
3919 604 4068 656 φημι

2500 664 2592 715 τὸν
2631 665 2898 732 Ἐφέσιον,
2945 669 3035 720 καὶ
3090 669 3430 739 Πατρόφιλον
3470 673 3563 723 τὸν
3621 676 3730 727 ἀπὸ
3774 676 4066 732 Σκυθοπό-

2500 753 2656 816 λεως,
2681 754 2773 806 καὶ
2796 756 3012 808 Θεωνᾶν
3027 758 3119 810 τὸν
3141 760 3205 812 ἐκ
3225 761 3321 829 τῆς
3344 762 3717 833 Μαρμαρικῆς
3743 768 3838 819 σὺν
3861 768 4069 837 ἑτέροις

2500 844 2703 911 ὀλίγοις
2744 844 3012 915 μαθηταῖς
3040 849 3138 919 τῆς
3178 851 3389 919 Ἀρείου
3440 854 3773 925 ἀφροσύνης,
3810 860 3939 927 περὶ
3991 853 4070 911 ὧν

2499 936 2555 985 ἐν
2600 938 2710 997 τοῖς
2756 938 2881 1002 έξῆς
2934 938 3253 1006 ῥηθήσεται.
3294 941 3446 994 Ἐπεὶ
3492 942 3548 995 δὲ
3601 943 3660 995 τὸ
3708 948 3920 1014 κυῆσαν
3966 951 4069 1016 τὴν

2499 1026 2757 1093 ἀλήθειαν
2811 1029 2979 1082 ἐδεῖτο
3026 1030 3330 1100 ζητήσεως,
3394 1036 3489 1087 καὶ
3556 1037 3717 1100 τόπος
3775 1040 4069 1093 ἐσκοπεῖτο

2499 1117 2634 1184 πρὸς
2664 1120 2976 1172 συνέλευσιν
3017 1122 3345 1192 ἐπιτήδειος,
3371 1127 3664 1195 ἀποτεμὼν
3701 1130 3728 1180 ὁ
3768 1132 4068 1198 κράτιστος

2502 1207 2750 1276 βασιλεὺς
2796 1211 2890 1264 τοῦ
2946 1216 3125 1267 ἐκεῖσε
3180 1217 3445 1269 παλατίου
3503 1216 3653 1273 οἷκον
3703 1226 4064 1294 παμμεγέθη,

2499 1300 2588 1350 τὸν
2624 1300 2903 1371 ὀφθαλμὸν
2942 1306 3014 1367 ὼς
3037 1308 3212 1359 εἰπεῖν
3252 1309 3358 1360 τῶν
3406 1310 3705 1377 βασιλικῶν
3759 1316 4066 1381 κοιτώεοων,

2498 1385 2558 1443 οὑ
2588 1392 2647 1442 τὶ
2675 1392 2992 1461 περικαλλὲς
3024 1397 3119 1448 καὶ
3147 1398 3373 1464 κόσμιον
3410 1400 3603 1470 μέχρις
3622 1404 3775 1471 ἡμῶν
3796 1408 3859 1474 τῇ
3884 1406 4067 1474 σκέπῃ

2498 1481 2608 1533 τῶν
2674 1482 2834 1534 ὁσίων
2901 1484 3161 1554 Πατέρων
3233 1491 3556 1559 τετήρηται,
3617 1493 3805 1548 τοῦτον
3868 1497 4068 1566 ὥσπερ

2502 1573 2757 1642 ἀπαρχὴν
2802 1575 2910 1626 τῶν
2954 1576 3243 1644 βασιλείων
3291 1584 3355 1650 τῇ
3402 1583 3535 1653 ἁγίᾳ.
3566 1584 3799 1636 ἀπέθετο
3830 1590 4065 1658 συνόδῳ,

2508 1662 2638 1717 ἔνθα
2670 1666 2878 1728 θώκους
2913 1668 3233 1738 ἰσαρίθμους
3268 1674 3593 1743 προτεθῆναι
3623 1678 3735 1738 τοῖς
3787 1678 4069 1745 Πατράσιν

2501 1756 2758 1809 ἐκέλευσε
2787 1773 2798 1783 ·
2854 1758 2947 1810 τοῦ
2978 1778 3038 1812 τε
3077 1763 3264 1832 γήρως
3311 1762 3408 1831 τὴν
3444 1765 3776 1834 ἀνάπαυσιν,
3822 1768 3915 1820 καὶ
3964 1770 4070 1836 τῆς

2420 1814 2465 1872 Β
2497 1848 2797 1919 ἱερωσύνης
2854 1814 3100 1922 στέργων
3136 1814 3216 1906 ’τὸ
3246 1814 3472 1924 ’τίμὶοψ
3531 1814 3872 1924 Προϐαλόῦσι
3931 1814 4069 1924 γοέν

2493 1938 2676 2001 αὐτοῖς
2707 1941 2734 1991 ό
2768 1942 3064 2008 κράτιστος
3108 1945 3494 2014 ἐπεισέρχεται
3544 1946 3797 2013 βασιλεύς
3822 1963 3836 1976 ·
3877 1950 3939 1999 οὑ
3974 1965 4071 1999 σο-

2492 2030 2643 2099 ϐαρῷ
2676 2049 2778 2083 τινι
2825 2033 2919 2085 καὶ
2963 2033 3349 2106 ὑπερκειμένῳ
3406 2038 3499 2090 καὶ
3552 2037 3816 2108 βασιλικῷ
3849 2038 4069 2107 βλέπων

2492 2120 2744 2191 νεύματι,
2806 2123 2919 2174 ἀλλ’
2964 2124 3129 2193 ὀφρύϊ
3174 2130 3609 2199 συνεσταλμένῃ,
3646 2133 3738 2182 καὶ
3789 2132 3950 2199 πράῳ
3984 2131 4070 2199 τῷ

2494 2212 2700 2282 βήματι
2758 2216 3045 2283 πρόσεισι·
3108 2220 3203 2270 καὶ
3263 2221 3391 2281 τοὺς
3448 2223 3640 2287 ἀγίους
3699 2223 4071 2284 ὑπαντῶντας

2492 2303 2821 2379 ἀσπάζεται,
2849 2307 2941 2358 καὶ
2974 2310 3267 2377 χαριέντως
3302 2310 3645 2380 προσομιλεῖ·
3686 2314 3780 2363 καὶ
3806 2315 4071 2381 ἡρεμαίῳ

2491 2395 2597 2446 τινὶ
2626 2396 2943 2462 μειδιάματι
2978 2399 3038 2450 τὸ
3078 2400 3180 2462 τῆς
3220 2403 3526 2465 ἐπιεικείας
3552 2403 3715 2465 ἄνθος
3755 2403 4071 2472 προὸαλλό-

2494 2501 2674 2553 μενος,
2696 2486 2930 2556 φαιδρὰν
2954 2489 3045 2541 ἐπὶ
3068 2492 3133 2558 τῇ
3163 2491 3272 2543 τῶν
3298 2494 3471 2558 ἁγίων
3533 2495 3794 2547 συστάσει
3820 2494 4070 2547 δείκνυσι

2491 2577 2590 2645 τῆς
2619 2578 2796 2647 ψυχῆς
2826 2583 2924 2647 τὴν
2956 2582 3317 2636 κατάστασιν.
3350 2583 3593 2652 Δηλώσει
3634 2584 3697 2636 δὲ
3734 2585 3797 2637 τό
3827 2602 3885 2637 τε
3921 2586 4071 2655 πρὸς

2492 2670 2618 2731 τοὺς
2639 2670 2890 2739 Πατέρας
2914 2672 3012 2740 τῆς
3037 2674 3500 2740 συγκαταϐάσεως
3528 2676 3753 2745 ὑψηλὸν,
3772 2678 3831 2729 τὸ
3856 2678 4070 2745 μεταξὺ

2491 2758 2600 2812 τῶν
2629 2762 3003 2813 ὲπισκοπικῶν
3025 2763 3233 2833 δίφρων
3261 2764 3600 2833 ὑποϐεϐηκὸς
3624 2766 3876 2819 ἐντεῦθεν
3908 2768 4070 2837 αὐτῷ

2494 2851 2835 2918 σκιμπόδιον.

2562 2944 2681 2995 Τῶν
2722 2940 2813 2997 οὖν
2853 2944 3014 2997 ὁσίων
3045 2945 3139 2998 καὶ
3170 2945 3262 2998 τοῦ
3296 2946 3584 3010 θεοσεϐοῦς
3621 2947 3889 3016 βασιλέως
3918 2950 4071 3019 ἱδρυ-

2494 3035 2694 3101 μένων,
2748 3034 3049 3098 Εὖστάθιος
3095 3036 3121 3086 ὁ
3160 3037 3257 3103 τῆς
3304 3039 3664 3105 Ἀντιοχέων·
3719 3039 3896 3108 τούτῳ
3948 3042 4065 3108 γάρ

817 3142 1000 3185 sattcltt
1034 3131 1296 3201 synodus,
1326 3138 1385 3183 ut
1413 3129 1580 3183 verba
1617 3130 1816 3182 faceret
1847 3129 1911 3180 ad
1941 3129 2348 3199 imperatorem)
2377 3161 2389 3194 ε
2420 3154 2463 3215 C

2499 3125 2624 3184 τοὺς
2670 3125 2802 3194 πρὸς
2856 3126 2946 3176 τὸν
2999 3126 3229 3194 βασιλέα
3282 3127 3473 3194 λόγους
3530 3130 3803 3181 ποιεῖσθαι
3854 3133 3885 3199 ἡ
3932 3132 4069 3198 ἁγία

819 3240 837 3270 ι
879 3222 985 3274 Deo
1037 3220 1233 3289 inquit,
1269 3220 1476 3288 gratias
1531 3226 1764 3288 agonas,
1813 3221 2015 3287 optime
2069 3223 2383 3288 imperator,

815 3312 905 3379 qui
943 3321 1219 3366 terrenum
1260 3311 1353 3363 tibi
1412 3310 1699 3378 imperium
1756 3309 1943 3377 dirigit
1977 3327 1989 3361 :
2020 3310 2114 3377 qui
2161 3311 2387 3363 situula-

814 3417 1031 3454 ciorum
1062 3415 1305 3456 errorem
1346 3415 1440 3468 per
1468 3409 1517 3452 te
1549 3399 1804 3459 abolevit,
1833 3415 1896 3452 ac
1934 3414 2121 3468 mquos
2152 3399 2385 3453 ﬁdelium

816 3494 1026 3544 animos
1062 3493 1115 3543 in
1153 3491 1398 3544 libertate
1427 3489 1732 3542 collocavit.
1774 3489 2022 3543 Cessavit
2075 3490 2384 3543 dwmonum

818 3584 1014 3637 nidor:
1052 3582 1339 3650 multiplici
1394 3581 1487 3635 Dei
1537 3581 1686 3632 cultu
1734 3595 1923 3635 eversa
1979 3590 2062 3635 est
2102 3581 2383 3650 gentilium

816 3675 1157 3743 superstitio.
1212 3672 1569 3741 Expellttntttr
1600 3671 1834 3724 leui-imo
1886 3672 2217 3740 impietatis;
2254 3674 2384 3725 illu-

817 3776 1022 3821 stratur
1063 3767 1211 3819 orbis
1249 3777 1515 3818 terrarum
1550 3764 1670 3817 luce
1701 3764 1898 3817 divina:
1926 3765 2189 3819 scientiae.
2227 3764 2387 3820 Pater

816 3858 1187 3926 gloriﬁcatur;
1246 3856 1416 3909 Filius
1473 3856 1635 3908 simul
1683 3857 1975 3920 aduratur;
2031 3858 2387 3909 annuntiatur

818 3948 1055 4018 Spiritus
1104 3960 1368 4008 sanctus,
1417 3946 1659 3999 Trinitas
1712 3949 2217 4014 consubstantialis,
2280 3967 2384 4003 una

820 4042 1083 4093 liii-initas
1118 4042 1169 4092 in
1203 4040 1379 4092 tribus
1423 4039 1672 4107 personis
1704 4048 1757 4092 et
1788 4039 2169 4109 hypostasibus
2199 4043 2387 4109 praedi-

815 4140 992 4183 catur.
1030 4129 1130 4184 Per
1164 4146 1304 4194 eam,
1362 4132 1684 4199 imperator,
1737 4133 1980 4185 minuitur
2034 4144 2139 4185 tuae
2170 4135 2385 4200 pietatis

816 4224 1141 4291 imperium;
1199 4238 1317 4276 eam
1392 4222 1547 4275 nobis
1606 4238 1762 4276 serva
1809 4224 2141 4277 inviolatam.
2197 4223 2385 4279 Nullus

819 4315 1110 4366 lucri-tiens
1139 4315 1189 4365 in
1220 4311 1513 4365 licclesiam
1546 4314 1866 4365 subintrans
1915 4330 2080 4366 nnqu
2123 4316 2325 4384 aliquid
2355 4331 2383 4367 a

818 4403 1084 4455 'l'rinitate
1114 4401 1346 4463 auferat.
1378 4403 1495 4455 sine
1541 4402 1770 4464 honore,
1829 4402 2192 4474 all'ectumque
2229 4407 2384 4472 igno-

2494 3214 2750 3265 ἐπένευσε
2788 3214 3028 3276 σύνοδος
3062 3236 3080 3267 ι
3130 3218 3588 3286 Εὑχαριστοῦμεν,
3615 3220 3740 3286 ἔφη,
3776 3220 3911 3286 Θεῷ,
3932 3223 4073 3291 κρά-

2490 3323 2636 3357 τιστε
2673 3306 2914 3373 βλσιλεῦ,
2952 3308 3027 3377 τῷ
3058 3310 3156 3377 τὴν
3189 3311 3434 3375 ἐπίγειον
3473 3309 3809 3362 συνιθὺνοντί
3853 3328 3936 3363 σοι
3971 3313 4071 3380 βα-

2494 3396 2694 3446 σιλείαν
2720 3413 2731 3424 ·
2757 3396 2833 3464 τῷ
2863 3398 2960 3465 τὴν
3004 3397 3209 3466 πλάνην
3241 3397 3348 3449 τῶν
3382 3399 3617 3450 εἰδώλων
3648 3401 3736 3450 διὰ
3777 3400 3869 3451 σοῦ
3922 3419 4069 3454 κατ-

2491 3486 2837 3555 αργήσαντι,
2899 3489 2991 3539 καὶ
3073 3487 3181 3540 τῶν
3250 3490 3455 3541 πιστῶν
3545 3492 3951 3559 καταστήσαντι
4010 3496 4070 3544 ἐν

2491 3577 2775 3644 παρρησία
2799 3576 2858 3626 τὸ
2890 3574 3146 3645 εὔθυμον.
3180 3578 3464 3630 Πέπαυται
3500 3578 3700 3629 κνίσσα
3742 3579 4021 3647 δαιμόνων
4050 3598 4065 3611 ο

2490 3667 2849 3718 καταλέλυται
2910 3670 3226 3730 πολυθεϊας’
3256 3669 3575 3737 Ἑλληνικῆς
3613 3672 3680 3722 τὰ
3724 3673 4068 3741 σεόάσματα.

2491 3757 2564 3809 Τὸ
2623 3759 2722 3826 τῆς
2792 3759 3065 3825 ἀγνωσίας
3128 3760 3492 3811 ἀπελαύνεται
3557 3761 3779 3823 σκότος’
3830 3764 3905 3831 τῷ
3966 3766 4070 3831 τῆς

2491 3850 2821 3917 θεογνωσίας
2881 3854 3020 3920 φωτὶ
3060 3854 3091 3920 ἡ
3141 3852 3435 3921 οἰκουμένη
3482 3856 3907 3921 καταυγάζεται.
3954 3858 4070 3908 Ih-

2487 3944 2591 4010 τὴρ
2619 3940 2979 4009 δοξολογεῖται
3013 3959 3024 3971 ⁸
3056 3944 3177 4004 Υἱὸς
3202 3947 3718 4012 συμπροσκυνεῖται·
3750 3946 3810 3997 τὸ
3840 3948 4069 4013 Πνεῦμαι

2489 4034 2549 4084 τδ
2579 4034 2731 4098 ἆγιον
2769 4035 3224 4100 κατωίγέλλεται.
3266 4034 3438 4104 Τριὰς
3464 4036 3768 4103 ὀςιοοὺσιος,
3808 4038 3905 4105 μία
3942 4038 4070 4090 θεό-

2488 4142 2584 4192 της
2617 4126 2673 4174 ἐν
2711 4126 2856 4192 τρισὶ
2886 4126 3193 4193 προσώποις
3226 4129 3318 4177 καὶ
3353 4129 3679 4181 ὑποστάσεσι
3708 4130 4064 4197 κηρύττεται.

2488 4217 2671 4285 Ταύτῃ
2719 4217 3038 4284 τειχίζεται.
3074 4216 3321 4285 βασιλεῦ,
3362 4218 3422 4269 τὸ
3469 4219 3567 4288 τῆς
3618 4220 3903 4277 εὐσεϐείας
3962 4239 4062 4273 σου

2490 4309 2721 4376 κράτος·
2764 4309 2965 4377 ταύτην
3012 4312 3144 4379 ἡμῖν
3201 4310 3400 4362 ἄσυλον
3442 4309 3794 4377 διαφύλαττε.
3851 4314 4063 4381 Μηδεὶς

2488 4401 2766 4469 αἱρετικὸς
2816 4401 3017 4462 ὑποδὺς
3069 4401 3166 4470 τὴν
3229 4400 3557 4470 Ἐκκλησίαν
3600 4400 3658 4451 έν
3707 4418 3759 4453 τι
3819 4402 4059 4470 Τριάδος

818 4496 979 4546 minia
1017 4495 1351 4561 relinquens,
1375 4495 1515 4562 quod
1548 4504 1632 4547 est
1678 4495 1969 4563 reliquum.
2003 4496 2164 4549 Arius
2204 4499 2382 4560 nobis,
2423 4484 2465 4538 ι)

2497 4494 2819 4561 ἁφαιρείτω,
2874 4492 3305 4559 καταλιμπάνων
3364 4492 3425 4543 τὸ
3473 4491 3794 4560 λειπόμενον
3839 4494 4069 4561 ἄτιμον.

816 4588 906 4654 qui
941 4601 967 4637 a
998 4586 1184 4638 furore
1210 4601 1407 4637 nomen
1441 4586 1672 4654 accepit,
1705 4588 1971 4640 orationis
2001 4604 2163 4641 causa
2205 4599 2285 4642 est
2333 4600 2381 4641 et

817 4686 1158 4737 conventus,
1217 4677 1308 4744 qui
1378 4676 1562 4728 nescio
1632 4677 1942 4744 quomodo,
2013 4679 2061 4729 in
2132 4677 2385 4733 Ecclesia:

816 4768 1196 4819 Alexandrina:
1245 4768 1639 4835 presbyterium
1705 4768 1958 4831 allectus,
2010 4769 2384 4822 nescientibus

820 4858 996 4918 nobis,
1037 4856 1247 4909 alienus
1295 4871 1325 4909 a
1378 4857 1624 4908 doctrina
1670 4856 2109 4910 beatissimorum
2147 4861 2384 4928 prophe-

819 4960 994 5002 tarum
1051 4958 1102 5001 et
1148 4947 1517 5017 apostolorum
1552 4948 1806 5002 inventus
1855 4946 1974 5001 fuit.
2030 4948 2381 5019 Unigenitum

818 5040 962 5092 cnim
986 5036 1181 5091 Filium
1208 5048 1260 5093 et
1291 5037 1522 5092 Verbum
1551 5038 1728 5093 Patris
1752 5054 1857 5093 non
1899 5049 2115 5094 veretur
2144 5042 2386 5105 ejusdem

822 5148 948 5185 cum
996 5131 1155 5184 Patre
1187 5131 1511 5185 substantiae
1556 5133 1834 5186 consortio
1863 5132 2101 5201 privare,
2150 5134 2388 5187 ctCrea-

824 5236 1015 5288 nrem,
1039 5235 1303 5278 creatura:
1327 5224 1523 5287 cultor,
1549 5224 1828 5275 contendit
1851 5223 2049 5276 creatis
2074 5238 2383 5277 aceensere.

826 5315 957 5367 Eum
1012 5325 1192 5369 autem
1248 5315 1602 5384 persuaseris,
1650 5315 1966 5383 imperator,
2026 5326 2229 5369 mutata
2263 5331 2386 5370 sen-

823 5408 985 5461 tentia
1022 5424 1125 5460 non
1158 5423 1458 5477 repugnare
1508 5409 1826 5476 apostolicis
1869 5408 2173 5473 doctrinis;
2210 5416 2306 5461 aut
2337 5408 2381 5460 si

2496 4586 2711 4652 ’Ἄρειος
2771 4588 2901 4653 ἡμῖν
2935 4586 2961 4635 ὁ
3010 4583 3108 4652 τῆς
3162 4584 3360 4652 μανίας
3409 4582 3717 4652 ἐπώνυμος,
3764 4583 3859 4636 τοῦ
3901 4585 4068 4653 λόγου

2493 4677 2584 4727 καὶ
2616 4676 2708 4743 τῆς
2739 4674 3101 4736 συνελεύσεως
3132 4676 3301 4738 αἴτιος
3323 4690 3336 4704 ·
3362 4674 3442 4736 ὃς,
3474 4675 3548 4736 ὡς
3587 4676 3686 4727 οὐκ
3727 4676 3887 4745 ἴσμεν
3914 4680 4070 4742 ὅπως

2491 4766 2571 4834 τῷ
2620 4768 2994 4835 πρεσδυτερίῳ
3050 4770 3147 4834 τῆς
3207 4766 3607 4836 Ἀλεξανδρέων
3666 4769 4069 4835 ὲγκαταλεγεὶς

2507 4857 2855 4923 Ἐκκλησίας,
2892 4858 3184 4909 ἐλάνθανεν
3225 4859 3392 4925 ἡμᾶς,
3427 4858 3530 4926 τῆς
3586 4857 3696 4909 τῶν
3743 4874 4069 4926 τρισμακα-

2497 4949 2625 5017 ρίων
2651 4948 2937 5019 προφητῶν
2965 4949 3055 4999 καὶ
3078 4949 3394 5001 ἀποστόλων
3422 4948 3773 5011 διδασκαλίας
3798 4951 4068 5020 ὑπάρχων

2492 5040 2791 5110 ἀλλότριος.
2832 5040 2937 5091 Τὸν
2987 5040 3093 5109 γὰρ
3149 5041 3419 5108 μονογενῆ
3455 5040 3582 5091 Υίὸν
3630 5042 3725 5093 καὶ
3766 5042 3940 5103 Λόγον
3970 5042 4068 5093 τοῦ

2494 5128 2705 5195 Πατρὸς
2738 5129 3061 5196 ἀποστερεῖν
3108 5127 3208 5195 τῆς
3252 5128 3673 5196 ὀμοςυσιότητος
3714 5129 3807 5179 τοῦ
3850 5130 4070 5200 [ἰατρὸς

2488 5223 2586 5272 οὐκ
2619 5222 2961 5291 ἐντρέπεται,
2990 5224 3081 5272 καὶ
3113 5223 3177 5288 τῇ
3207 5220 3380 5272 κτίσει
3412 5222 3501 5273 τὸν
3526 5221 3767 5288 Κτίστην
3792 5224 3821 5273 ὁ
3845 5238 4068 5274 κτιστοο

2487 5315 2713 5382 λάτρης,
2753 5314 3113 5382 συναριθμεῖν
3163 5313 3471 5379 ἐπείγεται.
3535 5310 3742 5364 Τοῦτον
3814 5313 3883 5364 ἂν
3944 5316 4069 5365 πεί-

2493 5423 2659 5469 σειας,
2700 5404 3064 5474 αὐτοκράτορ,
3128 5402 3605 5471 μεταφρονοῦντα,
3655 5406 3768 5466 τοῖς
3815 5407 4063 5458 ἀποστο·

2082 5548 2181 5605 Fr.
2219 5544 2577 5607 Combelisii
2616 5551 2799 5604 notae.

819 5695 1004 5745 «adeo;
1045 5706 1105 5744 ex
1164 5692 1347 5761 Hegio.
1404 5702 1453 5742 et
1510 5704 1624 5756 ipso
1676 5692 1921 5761 antiquo,
1981 5692 2364 5761 edidissemus.

824 5765 989 5815 l'ort'o
1046 5759 1366 5816 allusio'est
1404 5762 1469 5813 ad
1514 5761 1641 5813 illud
1690 5759 1938 5815 llabacuc
1974 5778 2029 5813 t:
2079 5760 2367 5813 l'elociores

2476 5691 2612 5757 lupis
2643 5691 2966 5759 vespertinis,
2995 5689 3133 5742 LXX
3165 5708 3175 5741 :
3209 5688 3365 5753 Lupis
3399 5689 3630 5748 Arabéw,
3660 5687 3773 5740 sola
3802 5689 4065 5741 nimirum

2478 5762 2531 5813 in
2558 5762 2781 5814 Hebraeo
2812 5774 3136 5830 punctorum
3176 5762 3493 5812 mutatione.
