4208 6432
192 396 303 459 433

1371 397 1469 456 DE
1509 389 1863 455 CONClLlU
1904 391 2201 454 NIGENO
2240 394 2290 452 Ι.

3328 375 3432 440 431

281 502 428 556 Ἀλλ’
457 503 595 574 ὅπερ
643 503 702 556 ἓν
724 505 835 567 τοῖς
866 504 1178 576 ἔμπροσθεν
1219 503 1621 574 παρελείπομεν
1643 543 1656 564 ,
1687 502 1781 568 τῆς

1959 502 2254 557 Enimvero
2275 503 2438 573 (quod
2472 500 2756 557 omisimus
2805 499 2856 551 in
2895 490 3286 565 superioribus)
3311 505 3436 543 eum

203 596 426 663 Ἀρείου
475 597 570 649 τοῦ
625 595 894 666 θεομάχου
933 596 1280 665 βλασφημίας
1329 597 1477 664 παρὶ
1535 597 1600 664 τῇ
1648 593 1780 663 ἁγία

193 688 407 752 συνόδῳ
453 687 931 756 θριαμϐευομένης
1003 687 1236 739 ἐπέϐαλε
1301 687 1398 754 τῆς
1457 684 1778 752 Ἑλληνικῆς

195 779 527 848 θρησκείας,
571 779 861 849 φιλόσοφος
885 798 898 810 ·
931 781 1384 847 ἀντιποιούμενος
1432 779 1594 846 δῆθεν
1623 781 1777 846 φιλο-

194 873 400 932 νείκως
449 873 542 922 καὶ
587 872 649 922 οὐ
683 873 1020 942 φιλαλήθως,
1051 872 1148 941 τῆς
1193 873 1404 940 ’Λρείου
1446 870 1734 932 κακονοίας
1762 887 1774 900 ·

191 967 283 1018 ὅτε
331 969 429 1020 καὶ
474 967 862 1036 Μηνόφαντος,
917 967 1256 1038 Πατρόφιλός
1300 984 1357 1020 τε
1414 967 1505 1019 καὶ
1535 965 1776 1029 Θεωνᾶς,

199 1058 299 1108 καὶ
332 1058 519 1125 ἕτεροι
569 1058 696 1126 περὶ
742 1050 816 1109 ὧν
869 1058 1124 1126 ἀνωτέρω
1161 1057 1401 1127 εἴρηται,
1433 1059 1544 1119 τοῖς
1594 1055 1780 1107 συλλο-

195 1151 428 1215 γισμοῖς
469 1147 562 1199 τοῦ
600 1149 894 1216 φιλοσόφου
952 1149 1456 1216 ἀναπτερωθέντες,
1509 1145 1780 1202 ἀνεκάλυ-

191 1237 306 1304 ψαν
335 1238 402 1290 τὸ
429 1238 660 1300 δυσῶδες
689 1239 918 1308 τραῦμα
951 1239 1049 1306 τῆς
1101 1237 1311 1307 Ἀρείου
1347 1238 1649 1308 βδελυρίας.
1687 1238 1779 1288 καὶ

191 1329 276 1396 τῷ
309 1329 590 1397 φιλοσόφῳ
625 1329 1008 1398 προστίθενται
1049 1330 1188 1381 κατὰ
1216 1329 1316 1395 τῆς
1355 1329 1613 1399 ἀληθείας
1645 1329 1778 1396 θρα-

198 1423 519 1488 συνόμενιι,
594 1420 737 1472 ’Λλλ“
791 1423 818 1472 ὁ
864 1421 974 1472 τῶν
1034 1420 1234 1473 ἁλιέων
1275 1420 1495 1483 ἁλιεὺς,
1542 1421 1636 1472 καὶ
1684 1418 1778 1472 τοῦ

192 1511 431 1564 διώκτου
480 1511 691 1582 Σωτὴρ,
736 1516 1044 1564 καινοποιεί
1075 1529 1125 1564 τι
1165 1511 1444 1564 κάνταῦθα
1494 1510 1602 1564 τῶν
1635 1512 1780 1565 tam

197 1606 514 1671 τεραστίων
532 1603 703 1667 ἄξιον.
729 1603 836 1657 Τοῦ
871 1605 977 1674 γὰρ
1005 1604 1296 1672 φιλοσόφου
1324 1605 1433 1656 τῶν
1463 1606 1780 1673 προτάσεων

194 1694 258 1742 τῖμ
292 1692 484 1761 δύσερι
519 1696 581 1760 τῇ
639 1693 732 1745 τοῦ
781 1693 942 1760 λόγου
988 1697 1166 1763 σιωπῇ
1232 1694 1600 1762 καταλυθῆναι
1651 1695 1779 1748 θαν-

199 1782 515 1848 ματουργεί
539 1796 553 1808 ·
583 1781 678 1832 καί
702 1799 822 1833 τινα
861 1782 969 1833 τῶν
1009 1782 1202 1848 ἁγίων,
1237 1783 1299 1834 ού
1332 1785 1397 1852 τῇ
1447 1783 1541 1836 τοῦ
1570 1784 1775 1852 κόσμου

197 1867 392 1937 σοφία,
422 1869 560 1922 ἀλλὰ
609 1872 676 1940 τῇ
725 1868 992 1940 ἀγγελικῇ
1041 1870 1290 1942 πολιτείᾳ
1338 1872 1774 1939 κεκοσμημένον,

195 1963 527 2028 χειροτονεῖ,
559 1961 635 2031 τῷ
662 1961 756 2028 τῆς
787 1961 1105 2032 Ἑλληνικῆς
1135 1962 1322 2023 ἀθεῖας
1359 1962 1453 2015 καὶ
1492 1965 1776 2033 αίρετικῆς

199 2052 565 2121 βλασφημίας
604 2055 910 2123 συνηγόρῳ,
943 2053 1254 2107 ἀντίπαλον.
1311 2049 1498 2119 Οὗτος,
1546 2056 1646 2125 τὴν
1678 2059 1776 2107 Δε-

197 2145 477 2206 σπςτικὴν
511 2144 741 2213 ἀπειλὴν
775 2145 1161 2215 μιμησάμενος
1185 2187 1198 2209 ,
1313 2147 1454 2200 κατὰ
1516 2147 1625 2201 τῶν
1659 2149 1777 2200 δαι-

202 2236 388 2303 μόνων
432 2235 658 2304 καὶτῆς
699 2237 977 2306 θαλάσσης
1032 2238 1060 2288 δ
1119 2239 1322 2308 Κύριος
1351 2239 1604 2306 φαίνεται
1643 2257 1778 2310 χρη·

198 2327 467 2394 σάμενος,
491 2328 626 2397 ὁμοῦ
659 2345 720 2380 τε
750 2329 1008 2399 προσᾴδει
1041 2329 1116 2397 τῷ
1138 2330 1414 2400 φιλοσόφῳ
1440 2330 1776 2402 προσειπὼν,

203 2436 224 2468 ε
261 2418 479 2478 Σιώπα,
518 2419 828 2488 πεφίμωσο,
866 2437 884 2470 ο
920 2420 1015 2471 καὶ
1045 2419 1121 2489 τῷ
1159 2420 1302 2490 λόγῳ
1358 2421 1452 2473 τὸν
1486 2421 1780 2488 πολύλογον

198 2506 496 2570 ἀπέδειξεν
516 2507 709 2576 ἄλογον
731 2526 744 2538 ·
772 2509 847 2572 ὡς
877 2509 1194 2579 παραυτίκα
1223 2510 1321 2580 τὴν
1344 2511 1590 2579 ἀφωνίαν
1621 2513 1780 2564 αὑτὸν

200 2599 532 2659 ὑπελθόντα.
563 2601 749 2671 τρόμῳ
777 2602 870 2654 καὶ
901 2603 1012 2656 δέει
1043 2603 1362 2673 προσελθεῖν
1384 2604 1462 2674 τῷ
1497 2604 1641 2673 χορῷ
1673 2605 1781 2657 τῶν

201 2691 402 2758 ἁγίων,
438 2696 610 2747 αἰτεῖν
640 2712 698 2746 τε
736 2695 830 2747 τοῦ
855 2695 1053 2765 δεσμοῦ
1099 2696 1198 2766 τὴν
1223 2696 1397 2762 λύσιν,
1440 2699 1533 2749 καὶ
1563 2698 1660 2766 τὴν
1688 2699 1781 2751 τοῦ

201 2786 362 2849 ἁγίου
427 2785 808 2855 βαπτίσματος
841 2787 1070 2857 δωρεάν.
1105 2788 1292 2852 Οὕτως
1320 2790 1347 2840 ὁ
1384 2790 1493 2842 τῶν
1538 2791 1782 2859 σημείων

207 2877 417 2946 Κύριος
479 2879 702 2931 πανοικὶ
754 2879 846 2932 τὸν
893 2879 1187 2947 φιλόσοφον
1235 2880 1328 2933 ἐπὶ
1365 2879 1463 2949 τὴν
1505 2880 1782 2950 σωτηρίαν

202 2970 476 3023 ἐκάλεσεο
507 2972 604 3024 καὶ
655 2970 746 3023 τὸν
798 2971 924 3040 χθὲς
955 2972 1054 3040 τῆς
1104 2971 1414 3048 όρθοδοξίας
1453 2974 1779 3043 κατήγορον,

205 3067 516 3132 συνήγορον
547 3063 647 3131 τῆς
687 3063 942 3130 ἀληθείας
995 3063 1250 3130 ἀνέδειξε.
1299 3065 1489 3132 Τούτῳ
1524 3066 1617 3118 καὶ
1658 3067 1784 3126 τοὺς

1882 598 1960 649 sic
2011 594 2106 650 l‘ei
2135 596 2326 666 illostis
2371 595 2490 648 Arii
2535 591 2918 658 blasphemiam
2972 595 3157 641 sancta
3202 583 3440 653 synodus

1883 685 2156 752 triumpho
2172 693 2374 752 ageret,
2393 683 2610 751 appetiit
2627 681 2842 751 gentilis
2859 677 3226 747 philosophus,
3244 673 3334 741 qui
3355 672 3439 724 ni-

1882 775 2097 835 mirum,
2119 775 2480 828 contentionis
2501 773 2701 834 studio,
2724 785 2828 822 non
2845 768 3106 826 veritatis.
3131 775 3436 834 perversam

1882 868 2202 922 sententiam
2223 868 2333 921 Arii
2357 866 2683 928 defenderet,
2707 865 2924 932 quando
2945 870 2998 912 et
3017 857 3399 923 Menophantes
3419 888 3435 911 ,

1881 959 2352 1025 Patrophilusque,
2406 956 2679 1019 Theonas,
2728 965 2780 1008 et
2826 953 2954 1012 alii,
3013 961 3238 1017 quorum
3276 951 3440 995 antea.

1883 1051 2228 1103 meminimus
2253 1089 2266 1110 ,
2300 1047 2606 1119 philosi-phi
2650 1047 2947 1100 rationibus
2972 1044 3160 1100 erecti,
3192 1035 3432 1090 fmtidum

1883 1141 2078 1192 vulnus
2109 1138 2532 1192 abominationis
2576 1134 2688 1188 Arii
2723 1135 2977 1200 detegunt
2999 1169 3013 1188 ,
3047 1139 3213 1194 seque
3261 1121 3436 1172 eidem

1881 1231 2206 1300 philosopho
2259 1229 2557 1296 petulanter
2603 1226 2834 1280 audaces
2868 1225 3126 1274 adversus
3156 1214 3438 1268 veritatem

1881 1326 2202 1392 adiungunt.
2250 1322 2442 1375 Verum
2475 1325 2565 1389 qui
2610 1322 2903 1389 piseamres
2940 1316 3177 1383 piscatus
3207 1318 3322 1369 est,
3372 1318 3435 1357 ae

1884 1417 2131 1470 Salvator
2164 1426 2244 1467 est
2295 1412 2690 1482 persecutoris,
2727 1411 2814 1462 hie
2859 1418 3073 1475 quoque
3104 1412 3301 1452 novum
3336 1394 3438 1447 ali-

1880 1503 2008 1571 quid
2053 1504 2270 1554 molitur
2297 1480 2418 1554 suis
2462 1497 2723 1568 prodigiis
2755 1495 2997 1562 dignum.
3027 1489 3233 1554 Quippe
3263 1480 3438 1535 nodos

1881 1591 2122 1646 diﬂieiles
2153 1589 2578 1656 propositionum
2614 1581 2938 1652 philosophi,
2969 1574 3238 1632 sermonis
3269 1570 3434 1624 silen-

1883 1685 1958 1737 tio
1991 1681 2313 1734 miraculose
2363 1677 2632 1737 dissolvit,
2677 1686 2954 1736 unumque
2989 1668 3218 1735 aliquem
3248 1678 3277 1716 e
3310 1673 3436 1713 sau-

1879 1774 1984 1828 ctis
2011 1787 2115 1824 non
2143 1770 2411 1824 mundana
2433 1765 2717 1836 sapientia,
2750 1764 2838 1816 sed
2867 1759 3104 1827 angelica
3139 1753 3244 1804 vita
3274 1763 3437 1800 orna-

1881 1875 2016 1927 tum,
2053 1862 2327 1932 gentilitiae
2360 1857 2644 1926 impietatis
2676 1870 2737 1907 ac
2775 1853 3039 1906 hzcreticze
3087 1838 3436 1911 blasphemia!

1881 1967 2108 2022 patrono
2134 1950 2504 2004 adversarium
2537 1945 2780 2015 pra-(irit.
2815 1942 2912 1994 llic
2932 1943 3102 1993 minas
3134 1929 3440 1988 Dmuinicas

1880 2048 2160 2108 imitatus,
2199 2043 2396 2110 quibus
2437 2040 2694 2093 Dominus
2745 2035 3007 2088 adversus
3055 2030 3329 2081 tlzenmucs
3377 2037 3442 2075 ac

1882 2152 2027 2190 mare
2057 2135 2297 2189 cernitur
2334 2145 2484 2196 usus,
2516 2137 2574 2182 ut
2605 2143 2728 2182 mox
2760 2125 2990 2201 quodam
3029 2121 3172 2174 \elut
3202 2116 3441 2170 carmine

1881 2227 2260 2298 philosophum
2297 2224 2600 2290 alloquens,
2635 2220 2708 2272 ait
2743 2235 2757 2270 :
2794 2215 2982 2277 «Tace,
3011 2206 3365 2278 compescere“
3395 2223 3439 2262 ι.

1882 2321 2169 2373 verbosum
2215 2316 2488 2369 hominem
2521 2312 2684 2365 verbo
2715 2317 2920 2362 mutum
2952 2304 3124 2359 efferat
3154 2321 3166 2356 :
3201 2300 3334 2352 adeo
3364 2305 3442 2353 ut.

1881 2427 2003 2465 cum
2034 2411 2080 2464 ei
2115 2409 2296 2464 statim
2323 2422 2423 2458 vox
2453 2404 2759 2464 defecisset,
2789 2416 2910 2454 cum
2943 2409 3176 2450 tremore
3206 2406 3270 2444 ac
3299 2397 3445 2440 metu

1881 2503 1946 2555 ad
1983 2512 2288 2556 sanctorum
2317 2497 2542 2552 chorum
2577 2492 2886 2552 arcesserit,
2930 2485 3246 2550 petieritque
3274 2520 3286 2538 ,
3319 2494 3442 2531 c.qu

1882 2594 2098 2647 vinculo
2133 2590 2374 2651 absolvi,
2403 2597 2514 2641 tum
2550 2599 2706 2640 sarro
2749 2581 3069 2650 baptismate
3103 2571 3312 2626 donari.
3357 2569 3448 2620 Sic

1883 2687 2158 2756 signorum
2215 2681 2476 2734 Dominus
2528 2673 2907 2747 philosophum
2942 2685 3064 2723 cum
3101 2675 3209 2716 tota
3243 2660 3442 2714 faudlia

1886 2776 2095 2829 vocavit
2132 2773 2195 2826 ad
2243 2772 2506 2831 salutem;
2548 2776 2602 2819 et
2645 2780 2805 2825 eum,
2861 2761 2946 2813 cui
2997 2756 3109 2810 heri
3164 2760 3447 2806 aerusator

1885 2878 2001 2921 erat
2061 2863 2371 2919 orthodoxae
2430 2858 2749 2916 sententiae,
2814 2853 3150 2920 defensorem
3211 2841 3450 2920 veritatis

1888 2959 2032 3012 fecit.
2067 2957 2178 3010 Hoc
2209 2953 2470 3008 miraculo
2505 2951 2655 3004 aiunt
2694 2946 3103 3016 Menophantem
3160 2921 3309 2994 cum"
3337 2936 3450 2990 suis

1888 3047 2348 3117 obstupefactum,
2384 3045 2560 3098 visum
2594 3059 2714 3097 esse
2763 3057 2858 3094 sua
2911 3048 3099 3106 sponte
3127 3040 3328 3086 sauctm
3354 3045 3449 3097 sy-

205 3159 339 3226 περὶ
379 3120 723 3222 Μηνόέαντα
777 3120 1286 3223 εκπλαγένταςπῷ
1325 3120 1592 3221 θαύματι,
1628 3120 1783 3220 λόγις

1907 3144 2033 3196 todn
2063 3139 2398 3201 consentire,
2433 3135 2673 3190 feriendo
2708 3135 3050 3185 anathemate
3094 3124 3257 3193 impio
3301 3120 3447 3184 Ario,

205 3249 389 3299 ἑκοντὶ
418 3247 571 3310 δόξαι
605 3249 877 3298 συναινεῖν
897 3248 962 3315 τῇ
989 3245 1120 3318 ἁγίᾳ
1154 3246 1378 3318 συνόδῳ,
1423 3247 1515 3300 ἐπὶ
1547 3246 1624 3316 τῷ
1657 3247 1786 3300 ἀνα-

204 3339 544 3409 θεματισμῷ
578 3340 673 3393 τοῦ
697 3339 991 3398 δυσσεϐοῦς
1031 3340 1270 3412 ’Λρείου,
1308 3342 1403 3393 καὶ
1432 3340 1540 3394 τῶν
1579 3341 1785 3393 ἐκείνου

203 3433 505 3502 δογμάτων
533 3449 546 3461 ·
592 3434 730 3502 μετὰ
762 3433 818 3484 δὲ
871 3431 1065 3497 ταῦτα,
1125 3433 1266 3485 κατὰ
1307 3433 1435 3496 τοὺς
1481 3432 1787 3493 λυττῶντας

203 3525 314 3577 τῶν
355 3523 562 3588 κυνῶν,
598 3524 807 3577 suis?»
837 3525 968 3576 ἴδιον
1007 3525 1201 3593 ἔμετον
1232 3527 1571 3596 ἀνακάμψαι.

277 3618 395 3684 Τῆς
427 3613 528 3667 οῦν
559 3616 723 3682 ἁγίας
754 3615 970 3668 συνόδου
1007 3614 1117 3668 τῶν
1163 3615 1496 3684 τριακοσίων
1521 3615 1654 3668 δέκα
1695 3618 1788 3670 καὶ

204 3709 356 3762 ὀκτὼ
410 3709 586 3776 ἁγίων
643 3709 926 3777 ΙΙατέρων,
971 3708 1144 3776 πέρας
1192 3709 1278 3774 ἐφ’
1334 3700 1376 3773 ᾧ
1433 3707 1788 3777 συνήθροιστο

204 3801 542 3869 δεξαμένης,
580 3801 673 3851 καὶ
709 3798 802 3850 τοῦ
837 3799 1044 3868 χρόνου
1092 3799 1223 3869 πρδς
1263 3798 1360 3866 τὴν
1400 3799 1658 3852 ἐπάνοδον
1693 3801 1790 3852 αύ-

205 3897 336 3956 τοίις
365 3893 710 3959 ἐπείγοντος,
767 3895 794 3944 ὁ
848 3892 1077 3960 εὐσεϐὴς
1107 3893 1517 3953 Κωνσταντῖνος
1549 3895 1790 3961 ὁμοτρα-

209 3989 412 4050 πέζους
442 3984 747 4053 ἀμοιϐαδῦν
800 3985 996 4045 αὐτοὺς
1046 3983 1438 4052 ποιησάμενος,
1481 3986 1572 4035 καὶ
1611 3984 1791 4048 λόγοις

211 4082 636 4144 παραιγετικοῖς
697 4079 1078 4146 χρησάμενος,

207 4171 396 4224 αὐτῶν
455 4169 633 4231 ἐνδεὲς
696 4167 1078 4237 θεραπεύσας,
1153 4169 1520 4235 νοσοκομείων
1587 4186 1646 4220 τε
1701 4170 1792 4222 καὶ

1156 4077 1279 4127 τότε
1344 4077 1452 4128 τῶν
1489 4077 1793 4146 ἐκκλησιῶν

210 4259 680 4329 πτωχοτροφείων
708 4260 1016 4327 σιτηρέσεις
1045 4257 1349 4326 ἑκασταχοῦ
1382 4258 1789 4328 δωρησάμενος,

209 4356 326 4413 τοῖς
354 4351 662 4420 ἐξιτηρίοις
689 4349 750 4402 τὸ
811 4349 991 4401 κοινὸν
1019 4348 1200 4401 αὐτῶν
1240 4348 1418 4414 λόγοις
1449 4348 1788 4412 ἐδεξιώσατο*

213 4469 230 4497 ‹
287 4446 494 4513 Ὁρᾶτε
527 4443 718 4504 εἰπὼν,
752 4441 851 4510 τὴν
883 4441 1022 4510 ἐμὴν
1052 4459 1116 4494 πε
1130 4441 1182 4510 pi.
1231 4441 1291 4492 τὸ
1322 4441 1480 4493 Θεῖον
1505 4444 1626 4501 ταῖς
1655 4442 1790 4507 ύμεο

207 4538 409 4605 τέραις
484 4532 822 4601 κατηχήσεσι
882 4530 1163 4601 λατρείαν,
1200 4530 1290 4583 καὶ
1346 4531 1496 4592 ὅπως
1537 4529 1792 4599 ἐκθύμως

207 4629 315 4696 τὴν
375 4624 478 4694 μὲν
507 4623 616 4675 τῶν
643 4622 879 4675 εἰδώλων
920 4622 1218 4675 κατάλυσιν
1247 4622 1566 4692 εἴργασμαι,
1593 4623 1692 4690 τὴν
1736 4621 1792 4674 δὲ

209 4722 321 4774 τῶν
386 4715 734 4785 Χριστιανῶν
773 4715 955 4767 πίστιν
1001 4714 1282 4782 πανταχοῦ
1322 4713 1791 4781 καταγγέλλεσθαι

209 4809 611 4871 διεσπούδακα,
661 4808 739 4870 ὡς
818 4806 1087 4875 μηδεμίαν
1146 4804 1450 4874 ἑτερόδοξον
1496 4803 1794 4875 θρησκείας

215 4905 368 4957 ἰδέαν
395 4904 530 4970 ἡμῖν
558 4898 978 4962 ἀπολείπεσθαι,
1013 4899 1045 4967 ἢ
1093 4899 1286 4967 μόνους
1318 4897 1672 4965 Χριστιανοὺς
1695 4897 1794 4966 τὴν

211 4998 384 5064 ἁγίαν
456 4993 552 5046 καὶ
602 4990 888 5060 ὁμοούσιον
955 4989 1163 5058 Τριάδα
1213 4991 1542 5057 προσκυνεῖν
1591 5005 1651 5038 τε
1697 4988 1791 5041 καὶ

213 5085 594 5149 ἀσπάζεσθαι.
642 5080 860 5150 Ταύτην
886 5080 1015 5148 ὑμῖν
1045 5081 1284 5150 σήμερον
1312 5079 1580 5149 εἰλικρινῆ
1612 5096 1790 5149 παρα-

215 5182 441 5247 δίδωμι.
473 5176 588 5244 Τῆς
641 5174 699 5226 δὲ
755 5173 1026 5243 ὑμετέρας
1077 5171 1240 5240 εὐχῆς
1278 5172 1363 5241 εἴη
1409 5172 1504 5224 καὶ
1540 5170 1792 5240 μελέτης,

216 5274 360 5344 πρὸς
413 5269 515 5340 τὴν
568 5268 688 5320 καθ’
741 5267 959 5336 ἡμέραν
1005 5263 1100 5317 τοῦ
1142 5265 1349 5334 Κυρίου
1405 5263 1796 5333 συνεργοῦντος

216 5363 524 5433 ἀναγωγὴν
561 5359 677 5432 [tua
707 5357 1028 5429 ἀναγαγεῖν]
1061 5360 1155 5410 καὶ
1200 5356 1525 5426 ἐπαύξησιν.
1559 5376 1576 5408 ι
1607 5355 1798 5410 Ταῦτα

218 5460 318 5511 καὶ
349 5457 424 5508 τὰ
478 5453 696 5514 τούτοις
751 5451 970 5504 ἐοικότα
1013 5449 1350 5517 προσειπὼν,
1385 5451 1478 5502 καὶ
1524 5451 1650 5512 τοὺς
1697 5450 1796 5520 μὲν

224 5548 408 5603 αὐτῶν
432 5544 892 5616 όφθαλμοκόπους
927 5542 1052 5596 ίδὼν
1073 5583 1088 5605 ,
1133 5541 1287 5602 τινας
1331 5541 1390 5594 δὲ
1437 5542 1635 5612 χειρῶν
1664 5543 1800 5594 ἀπο.

219 5641 534 5705 νιρκὼσεις
568 5636 968 5705 ὑπομείναντας
990 5675 1002 5699 ,
1045 5633 1237 5697 ἄλλους
1269 5633 1506 5703 σπασμῷ
1533 5633 1640 5686 τῶν
1679 5630 1794 5685 νεύ-

297 5799 317 5826 ⁶
341 5799 518 5852 Marc.
547 5807 622 5859 tv,
654 5792 741 5848 39.

1893 3252 1956 3289 ac
2005 3236 2124 3304 ejus
2176 3234 2471 3302 dogmatis;
2511 3235 2695 3298 postea
2748 3233 2949 3283 autem,
2999 3219 3136 3272 haud
3188 3229 3345 3271 secus
3386 3230 3449 3266 ac

1891 3343 2053 3381 canes
2087 3325 2323 3388 rabidos,
2360 3323 2423 3375 ad
2455 3335 2612 3374 sumn
2640 3317 2897 3371 vomitum
2926 3313 3167 3366 rediisse.

1963 3631 2094 3685 Cum
2129 3629 2308 3697 itaque
2340 3635 2524 3678 saneta
2550 3620 2788 3690 synodus
2812 3623 3165 3671 trecentorum
3193 3611 3376 3665 decem
3400 3617 3452 3660 et

1893 3731 2013 3775 octo
2045 3719 2306 3782 Patrum,
2344 3717 2502 3769 linem
2551 3713 2710 3780 cujus
2754 3709 2922 3778 gratia
2967 3714 3288 3774 congregata
3338 3707 3456 3752 erat

1893 3813 2215 3882 accepisset,
2244 3811 2463 3879 jamque
2487 3816 2698 3873 tempus
2728 3803 2791 3855 ad
2823 3800 3047 3854 reditum
3080 3803 3327 3865 urgeret,
3361 3792 3451 3842 uhi

1893 3919 1988 3958 eos
2023 3904 2142 3971 pius
2181 3898 2574 3954 Constantinus
2626 3893 2861 3948 vicissim
2902 3905 3082 3944 mensa
3131 3886 3450 3953 excepisset,

1896 3993 2184 4060 verbisque
2223 3986 2611 4043 adhortatoriis
2655 3984 2720 4038 ad
2759 3999 2851 4036 eos
2879 3995 3006 4034 usus
3040 3987 3200 4041 esset,
3235 3991 3297 4028 ac
3332 3991 3456 4041 pro-

1895 4085 2116 4137 vidisset
2151 4081 2502 4135 ecclesiarum
2539 4077 2732 4144 inopia:
2753 4114 2767 4135 ,
2798 4072 3118 4139 alendisque
3146 4068 3362 4138 aegrotis
3393 4081 3458 4119 ac

1898 4175 2224 4244 pauperibus
2279 4172 2483 4239 ubique
2535 4177 2898 4222 commeatum
2954 4166 3228 4226 donasset,
3279 4159 3459 4212 verhis

1895 4264 2230 4335 ejusremodi
2259 4262 2545 4324 abeuntem
2568 4274 2754 4311 eorum
2779 4266 2978 4309 emtum
3003 4235 3324 4321 prosecutus
3343 4260 3456 4301 este

1901 4379 1918 4406 ι
1964 4357 2168 4411 Videtis
2197 4395 2210 4418 ,
2263 4354 2474 4421 inquit,
2509 4351 2661 4404 vobis
2703 4345 3129 4407 instruentibus,
3179 4357 3353 4395 meam
3405 4341 3460 4392 in

1902 4449 2067 4503 Deum
2125 4446 2436 4516 religionem
2467 4482 2480 4501 ,
2513 4455 2786 4509 quamque
2831 4454 2894 4491 ex
2936 4437 3118 4490 animo
3172 4432 3460 4489 evertenda

1901 4541 2041 4595 idola
2091 4535 2434 4594 curaverint,
2495 4548 2559 4586 ac
2612 4530 2850 4584 dederim
2909 4541 3128 4595 operam
3189 4534 3246 4577 ut
3298 4521 3459 4576 (Ihri-

1903 4632 2203 4687 stianorum
2236 4625 2367 4679 lides
2397 4623 2598 4689 ubique
2625 4618 3059 4677 annuntiaretu'r,
3085 4615 3218 4668 adeo
3244 4611 3460 4666 utnulla

1910 4721 2066 4776 nobis
2114 4718 2302 4773 aliena:
2339 4715 2617 4784 religionis
2665 4709 2874 4779 species
2905 4709 3106 4774 reliqua
3149 4706 3238 4768 sit,
3270 4703 3372 4758 nisi
3405 4709 3464 4756 ut

1905 4815 2003 4870 soli
2054 4827 2152 4866 nos
2181 4807 2475 4863 Christiani
2540 4813 2786 4859 sanctum
2834 4816 2898 4854 ac
2945 4795 3462 4853 consubstantialem
3519 4831 3522 4834 .

1905 4904 2222 4960 Trinitatem
2254 4900 2543 4953 adoremus
2575 4910 2638 4947 ac
2685 4892 3093 4960 amplectamur.
3132 4885 3282 4938 llane
3313 4882 3464 4937 vobis

1903 4995 2061 5048 hodie
2091 5005 2280 5062 puram
2325 5003 2389 5041 ac
2423 4987 2691 5041 sinceram
2727 4982 2899 5035 trado.
2940 4979 3253 5032 Vestrarum
3281 4984 3462 5028 autem

1903 5086 2063 5140 fuerit
2088 5095 2304 5150 precum
2327 5089 2380 5132 et
2402 5076 2689 5146 diligentia:
2707 5086 2920 5131 curare,
2941 5080 2998 5124 ut
3019 5069 3127 5123 Deo
3147 5067 3457 5135 adjuvante.

1906 5173 2212 5244 majoribus
2251 5171 2303 5224 in
2346 5168 2459 5223 dies
2489 5163 2840 5220 incrementis
2871 5167 3202 5230 promoveat.
3235 5175 3252 5207 ι
3286 5155 3460 5209 Porro

1901 5267 2025 5320 dum
2055 5265 2169 5318 haec
2220 5270 2382 5330 atque
2406 5259 2469 5310 iis
2489 5264 2846 5311 consentanea
2874 5252 3119 5314 dixisset,
3145 5249 3461 5316 vidensque,

1900 5359 2023 5412 aliis
2074 5355 2292 5425 quidem
2338 5349 2568 5421 eﬂ‘ossos
2622 5348 2850 5409 oculos,
2907 5343 3029 5397 aliis
3081 5351 3260 5395 autem
3313 5339 3460 5408 gravi

1901 5448 2145 5504 cruciatu
2196 5442 2533 5511 obtorpuisse
2564 5453 2779 5501 manus,
2813 5436 2934 5491 aliis
2983 5449 3108 5488 vero
3173 5446 3459 5486 nervorum

1903 5538 2231 5594 distentione
2264 5535 2553 5588 incurvum
2591 5543 2810 5595 corpus,
2847 5527 2968 5581 aliis
2998 5526 3214 5578 demum
3247 5522 3462 5576 excisas

1901 5647 2070 5702 agone
2096 5636 2273 5702 partes
2307 5623 2588 5697 genitales,
2623 5619 2934 5689 sciensque,
2965 5632 3086 5672 cum
3116 5625 3336 5671 strenue
3366 5627 3463 5681 pro
