4208 6432
807 384 903 445 471
2248 376 2390 434 ANO

2495 377 2592 435 Ml
3930 364 4043 427 ετξ

804 504 1121 567 apparatum
1152 492 1351 547 ferens.
1375 493 1602 544 Paratur
1631 490 1813 555 itaque
1836 504 2045 546 mensa,
2072 501 2371 554 omnesque

2495 487 2571 536 tat‘:
2604 482 2766 543 αὐτὸς
2803 480 3004 549 χρειῗιν
3032 481 3166 548 ὅσην
3201 475 3555 546 παρασκευὴν
3589 475 4043 543 συγκεκομισμέ-

805 565 1009 656 pariter
1041 600 1163 639 cum
1206 591 1396 638 sancto
1426 581 1794 635 discumbunt.
1844 578 2006 656 Tum
2036 593 2185 639 vero,
2234 575 2367 629 nihil

2495 594 2586 637 νος.
2622 575 2883 641 Τράπεζα
2935 569 3031 624 οἶν
3092 569 3465 639 έτοιμάζεται,
3501 568 3593 649 xu}
3644 565 3780 635 ὁμοῦ
3806 565 3883 634 τῷ
3940 582 4044 634 με-

805 687 921 729 erat
950 690 1147 728 mensa:
1175 674 1500 742 appositum,
1534 671 1674 740 quod
1715 686 1820 725 non
1851 651 2012 724 simili
2038 682 2228 723 omnes
2282 682 2369 720 ra-

2495 668 2628 736 rti'up
2680 666 2882 727 πάντες
2926 662 3433 717 συνανακλίνονται.
3470 656 3604 713 Εἶτα
3650 658 3803 709 οὐδὲν
3836 654 3904 727 ἦν
3932 655 4045 708 τῶν

808 770 971 827 tione,
1016 768 1084 818 ob
1110 766 1379 819 excellens
1405 764 1711 819 dilectionis
1748 763 1972 823 bonum,
2032 759 2371 813 manducan-

2495 758 2903 828 παρακειμένων
2939 757 3076 816 ἐκεῖ,
3110 754 3138 806 ὂ
3178 752 3254 823 μὴ
3294 753 3456 804 πᾶσιν
3507 750 3709 818 ὁμοίως
3765 747 4048 816 βρώσιμον

807 860 931 912 dum
966 858 1064 910 sibi
1094 858 1450 925 indulgerent.
1485 855 1586 910 Ubi
1636 866 1813 910 autem
1868 857 1946 908 sic
1986 852 2370 912 comedissent,

2495 848 2565 920 τιν,
2599 848 2686 902 διὰ
2717 848 2776 900 τὸ
2808 848 2907 916 τῆς
2954 849 3175 913 ἀγάπης
3224 844 3425 912 ἐξόχως
3470 840 3655 894 καλόν.
3689 839 3960 907 Φαγόντες
3990 837 4051 889 δὲ

808 967 982 1017 eoque
1028 959 1187 1019 epulo
1242 965 1424 1003 secum
1478 951 1709 1003 invicem
1766 948 1991 1002 recreati
2033 956 2219 1000 essent
2253 963 2265 997 :
2304 943 2373 996 ad

2495 942 2622 996 ii'rcm
2655 941 2751 993 ttat
2799 935 3361 1008 συμπαρακληθέντες
3388 932 3662 1000 ἀλλήλοις,
3695 932 3827 999 πρὸς
3858 930 3915 981 δὲ
3948 930 4050 979 καὶ

808 1046 922 1097 haec
956 1058 1174 1113 quoque
1206 1052 1527 1097 consuetum
1561 1058 1589 1094 a
1626 1055 1780 1095 etena
1815 1055 2079 1093 canoncm
2107 1037 2372 1092 absoltis-

2495 1035 2568 1087 τὸν
2599 1034 2733 1103 μετᾶ
2757 1033 2969 1084 δεῖπνον
2997 1031 3200 1099 συνήθη
3231 1028 3429 1080 κανόνα
3461 1024 3889 1083 διατελέσαντες,
3907 1020 4050 1088 πρὸς

807 1146 946 1196 sent,
976 1134 1217 1187 cubitum
1255 1133 1525 1186 abierunt.
1560 1130 1662 1185 Ubi
1697 1141 1876 1186 autem
1928 1133 2143 1185 brevem
2177 1133 2373 1198 degus-

2495 1125 2647 1178 Smrov
2706 1126 2965 1193 ἐχώρουν.
3019 1115 3206 1187 Οὗπερ
3254 1118 3408 1186 ὀλίγα
3463 1116 3885 1186 μεταλαχόντας,
3951 1114 4022 1164 ἀν

807 1237 1014 1281 tassent
1048 1243 1322 1294 somnum,
1355 1227 1534 1283 statim
1578 1227 1734 1279 Pater
1772 1226 1966 1293 surgit.
2012 1224 2089 1278 Ac
2127 1223 2216 1275 aiii
2250 1222 2374 1289 qui-

2495 1221 2693 1290 ἷστησιν
2722 1218 2882 1279 εὐθὺς
2909 1219 2936 1269 ὁ
2967 1214 3173 1284 Πατὴρ,
3201 1214 3295 1266 καὶ
3327 1212 3453 1272 τοὺς
3478 1210 3574 1280 μὲν
3599 1208 3814 1269 ἄλλους,
3846 1209 3879 1275 ἡ
3916 1206 4017 1257 σύν

806 1320 927 1373 dem
964 1321 1528 1376 colleelzeinlererant
1572 1338 1586 1373 :
1638 1319 1944 1386 Philippum
1978 1326 2181 1379 autem,
2208 1314 2375 1368 frater

2495 1313 2599 1378 ιξις
2649 1310 2762 1381 εἶχε
2802 1328 2816 1341 ·
2873 1309 2951 1378 τῷ
2994 1309 3051 1362 δέ
3097 1322 3162 1374 γε
3211 1305 3463 1374 Φιλίππῳ
3495 1304 3523 1355 ὁ
3572 1301 3817 1369 ἁδελφὸς,
3856 1300 3951 1352 ἅτε
3990 1298 4053 1365 δὴ

810 1414 950 1481 ejus,
989 1426 1046 1467 ut
1085 1415 1177 1483 qui
1237 1414 1493 1468 stationis
1522 1411 1813 1481 ejusmodi,
1860 1408 2191 1475 laborisque,
2215 1422 2277 1459 ac
2300 1407 2378 1458 vi—

2495 1405 2767 1472 γινώσκων
2819 1400 3065 1472 ἀσυνήθη
3124 1399 3368 1459 στάσεως
3423 1396 3683 1457 τοιαύτης
3722 1401 3833 1444 καὶ
3887 1391 4056 1441 πόνου

807 1508 1058 1575 giliarutn
1127 1506 1403 1561 insuetum
1450 1515 1656 1566 nossm,
1698 1517 1910 1555 rursum
1948 1514 2005 1552 se
2051 1512 2270 1557 somno,
2310 1495 2374 1547 ad

2495 1499 2580 1551 ut
2643 1495 2985 1566 ἀγρυπνίας,
3035 1490 3427 1559 κατακλιθῆναι
3492 1484 3649 1548 αὖθις
3709 1487 4058 1551 ἐπέτρεπεν,

807 1614 981 1667 usque
1036 1598 1282 1652 absoluta
1338 1597 1545 1652 cantica
1609 1593 1976 1665 prommiaca.
2025 1607 2087 1645 ac
2132 1589 2378 1642 versibus

2495 1592 2612 1661 Ξχρι
2652 1590 2782 1657 γοῦν
2816 1589 2911 1642 καὶ
2939 1588 3127 1648 τέλους
3154 1586 3264 1638 τῶν
3296 1580 3679 1654 προοιμιακῶν
3715 1579 3923 1646 ὓμνων,
3958 1580 4058 1627 καὶ

811 1692 1143 1745 modulatam
1178 1692 1570 1752 laudationem,
1601 1702 1764 1756 quam
1788 1694 2000 1744 vocant.
2034 1683 2164 1737 dare
2201 1681 2376 1749 jubet.

2495 1689 2583 1754 τῆς
2613 1684 2756 1739 οὕτω
2788 1684 3129 1753 καλουμένης
3164 1678 3525 1749 στιχολογίας.
3559 1675 3703 1745 Πλὴν
3739 1673 3877 1727 ἀλλὰ
3924 1669 4056 1722 τοῦ·

806 1782 1120 1846 Enimvero,
1148 1784 1235 1836 ubi
1281 1784 1325 1835 is
1387 1786 1580 1834 iterum
1621 1778 1797 1834 cubile
1839 1777 2164 1847 repetisset,
2199 1772 2381 1826 multis

2495 1796 2576 1832 τον
2600 1782 2633 1848 ἡ
2668 1776 2926 1849 στρωμνὴ
2976 1776 3136 1829 πάλιν
3194 1773 3458 1835 λαϐοῦσα,
3493 1769 3707 1828 πολλοῖς
3760 1764 3936 1818 ἐποίει
3973 1762 4065 1813 λο-

808 1875 1231 1945 cogitationibus
1273 1873 1572 1927 conﬂictari
1618 1870 1817 1937 caspit,
1862 1880 2023 1938 atque
2078 1877 2133 1920 ut
2170 1864 2386 1918 Davidi-

2495 1875 2710 1944 γισμοῖς
2742 1871 3032 1924 παλαίειν·
3075 1888 3093 1919 ι
3141 1867 3364 1920 Ὠδίνειν
3391 1882 3448 1917 τε
3490 1864 3655 1915 πόνον
3683 1862 3776 1913 καὶ
3823 1860 4062 1917 τίκτειν,

808 1981 930 2019 cum
976 1965 1105 2018 illttd
1132 1964 1308 2017 dicam
1349 1983 1360 2017 :
1401 1981 1417 2013 ι
1448 1963 1709 2017 Laborem
1750 1960 2039 2030 parturire.
2099 1972 2162 2010 ac
2198 1971 2386 2024 parere

2495 1968 2547 2021 τὸ
2578 1968 2671 2020 τοῦ
2700 1964 2886 2027 Δαϐὶδ,
2920 1962 3150 2031 ἀνομίαν
3182 1977 3194 1989 ·
3235 1978 3253 2010 ι
3277 1958 3450 2028 φάγον
3481 1951 3621 2008 εἶναι
3654 1954 3749 2006 καὶ
3776 1950 4069 2017 οἰνοπότην

808 2057 1238 2125 iniquitatem",
1277 2077 1293 2107 ι
1349 2058 1568 2111 edacem
1626 2072 1689 2109 ac
1721 2055 1828 2108 vini
1873 2063 2173 2123 potatorem
2210 2052 2385 2104 virum

810 2149 1184 2204 admirabilem
1218 2151 1536 2209 arbitratus.
1586 2151 1789 2217 quique
1834 2148 2121 2201 simularet
2169 2142 2388 2214 religio-

811 2259 956 2298 nem.
982 2245 1159 2311 Atque
1182 2245 1231 2297 id
1272 2248 1444 2315 prima
1479 2243 1692 2297 ratione
1722 2243 1843 2311 ejus
1870 2251 2005 2303 erat,
2038 2240 2126 2308 qui
2165 2237 2389 2291 clancuo

812 2337 921 2389 lum
964 2336 1104 2391 mala
1140 2338 1346 2391 semina
1372 2338 1573 2391 nos:ris
1618 2337 1812 2389 animis
1845 2334 2062 2395 inserit,
2100 2333 2192 2386 sed
2238 2340 2290 2384 et
2319 2330 2390 2385 il.

814 2425 923 2480 lius
956 2427 1152 2480 modici
1186 2441 1251 2480 ac
1283 2428 1537 2495 ignobilis
1590 2426 1782 2491 animi,
1817 2426 1909 2493 qui
1942 2423 2189 2478 absolute
2223 2422 2290 2475 ab
2327 2422 2392 2475 iis

2488 2061 2578 2113 τὸν
2631 2060 2774 2112 θεῖον
2828 2056 3000 2124 ἄνδρα
3052 2051 3551 2120 ὑπολαμϐάνονται,
3597 2048 3692 2099 καὶ
3723 2044 3812 2099 τίαν
3860 2043 4069 2109 εὐλαϐῆ

2491 2152 2923 2223 ὑποκρινόμενον
2951 2165 2965 2180 ο
3012 2148 3104 2200 καὶ
3144 2142 3214 2216 ἦν
3253 2145 3351 2213 μὲν
3408 2142 3573 2195 τοῦτο
3608 2137 4072 2208 προηγουμένως,

2490 2245 2587 2300 τοῦ
2630 2243 2907 2314 λαθραίως
2953 2241 3021 2294 τὰ
3071 2238 3288 2307 πονηρὲ
3342 2236 3641 2303 σπέρματα
3697 2232 3815 2292 ταῖς
3866 2228 4074 2296 ψυχαῖς

2492 2340 2651 2411 ἡμῶν
2694 2336 3150 2405 διασπείραντος·
3198 2328 3266 2402 ἦν
3315 2330 3501 2383 δὲκαὶ
3559 2326 3799 2397 σμικρᾶς
3851 2320 4074 2373 ἐκείνου

2496 2433 2589 2487 καλ.
2624 2428 2884 2499 ἀγεννοῦς
2909 2427 3169 2487 διανοίας,
3204 2423 3310 2476 ὑπὸ
3358 2422 3464 2475 τῶν
3498 2420 3842 2489 φαινομένων
3881 2414 4075 2475 ἁπλῶς

811 2534 932 2585 quae
963 2526 1174 2585 parent,
1209 2519 1392 2571 omnia
1432 2516 1775 2585 dijudicaret,
1811 2529 1908 2568 nee
1937 2513 2233 2583 quidquam
2278 2527 2391 2565 ma-

814 2623 982 2678 gnum
1020 2623 1080 2662 ac
1121 2609 1414 2663 sublimius
1450 2609 1690 2679 cogitare
1729 2616 1952 2677 posset;
1990 2623 2088 2660 nec
2118 2606 2391 2676 perspice-

812 2710 916 2763 ret,
975 2716 1162 2753 eorum
1196 2702 1558 2770 sumptionem
1596 2717 1717 2771 qua:
1763 2702 2007 2768 apposita
2044 2707 2251 2760 essent,
2288 2713 2392 2752 non

812 2793 1125 2863 gulositatis
1157 2791 1347 2858 fuisse,
1402 2793 1500 2847 sed
1531 2793 1881 2863 impensioris
1914 2792 2343 2863 dispensationis
2378 2809 2392 2844 :

818 2888 1013 2952 partim
1069 2888 1286 2957 qttidem
1309 2888 1379 2940 ob
1423 2888 1875 2942 abundantiorem
1912 2887 2281 2943 dilectionem.
2319 2887 2395 2939 uti

2496 2526 2676 2580 πάντα
2703 2520 3112 2593 διακρινούσης,
3147 2520 3242 2571 καὶ
3292 2517 3455 2587 μηδὲν
3497 2515 3643 2585 μέγα
3680 2513 3817 2583 μηδὲ
3865 2508 4079 2577 ὑψηλό-

2495 2637 2655 2691 τερον
2699 2614 3021 2683 λογίσασθαι
3058 2611 3364 2682 δυναμένης
3390 2626 3405 2639 ο
3466 2608 3591 2677 μηδ’
3619 2608 3703 2661 ὅτι
3730 2605 3805 2675 μὴ
3837 2620 4081 2672 γαστρι-

2501 2713 2743 2783 μαργίας
2791 2704 2859 2778 ἦν
2902 2705 3023 2775 μηδ’
3059 2701 3392 2772 ὀψοφαγίας,
3427 2698 3542 2752 ἀλλ’
3590 2696 3907 2763 οἰκονομίας
3950 2691 4084 2761 μεί-

2500 2807 2652 2872 ζονος
2701 2803 2734 2871 ἡ
2773 2800 2883 2853 τῶν
2940 2794 3367 2865 παρατεθέντων
3427 2790 3575 2859 αὖτῷ
3637 2786 3978 2859 μετάληψις
4018 2784 4083 2836 to

2502 2897 2602 2967 μὲν
2634 2896 2703 2949 δι’
2753 2891 2976 2960 ἀγάπης
3007 2885 3333 2956 περιουσίαν
3359 2883 3432 2944 ὡς
3462 2882 3563 2951 ἤδη
3609 2879 3916 2949 φθάσαντες
3956 2876 4088 2943 ἐδη-

811 2984 924 3049 jam
969 2984 1223 3050 superius
1263 2982 1599 3036 declaratum
1634 2992 1739 3045 est.
1786 2990 2101 3052 contempto
2132 2982 2390 3035 nimirum

2500 2989 2755 3056 λώσαμεν
2782 3002 2796 3013 ι
2836 2986 2892 3035 ὲν
2923 2980 2998 3049 τῷ
3032 2978 3213 3048 κέρδει
3243 2975 3338 3029 τοῦ
3376 2973 3644 3043 μείζονος,
3668 2969 3763 3022 τοῦ
3791 2968 4087 3028 ἐλάττονος

817 3072 963 3138 quod
1004 3071 1243 3126 deterius
1283 3082 1447 3137 esset,
1479 3072 1702 3141 majoris
1730 3074 1855 3128 boni
1885 3074 2055 3127 lucro.
2090 3073 2228 3139 Quid
2248 3073 2390 3127 enim

2502 3074 3029 3149 περιφρονουελένου.
3061 3070 3126 3123 Τί
3174 3069 3285 3139 γὰρ
3329 3065 3512 3136 ἀποχὴ
3570 3064 3881 3134 βρωμάτων
3939 3060 4090 3127 πρὸς

815 3162 1065 3216 ciborum
1095 3164 1415 3219 abstinentia
1429 3166 1493 3218 ad
1514 3166 1862 3220 excellentem
1885 3167 2021 3219 adeo
2038 3165 2358 3219 charitatem
2376 3166 2390 3218 '1

2505 3175 2727 3241 ἀγάπης
2756 3167 3011 3234 τοιαύτην
3058 3162 3372 3231 ὑπεροχήνς
3415 3158 3489 3210 Τὸ
3517 3157 3572 3210 δὲ
3601 3158 3687 3209 ἴνα
3716 3155 3843 3226 δόξῃ
3870 3152 4090 3241 μᾶλλον

816 3253 1020 3333 Partim
1060 3272 1211 3320 vero,
1251 3267 1308 3311 ut
1342 3259 1410 3312 ab
1443 3260 1788 3328 exsupetanti
1837 3259 2099 3313 modestia
2161 3258 2284 3313 talis
2314 3258 2390 3311 vi-

2501 3264 2745 3326 τοιοῦτος
2787 3261 2876 3314 διὰ
2914 3251 3418 3324 ταπεινοφροσύνης
3468 3246 3796 3318 ὑπερϐολὴν,
3832 3240 3947 3297 οἷον
3983 3245 4090 3297 αὖε

820 3348 933 3400 det-i
964 3358 1165 3417 posset,
1200 3350 1379 3419 qualis
1411 3351 1484 3404 illi
1511 3352 1685 3420 reipsa
1710 3367 1775 3405 cx
1813 3352 1981 3406 multa
2013 3352 2132 3421 ejus
2165 3351 2390 3405 ruditate

2502 3361 2591 3412 τὸν
2618 3358 2823 3416 ἐκεῖνος
2854 3355 2916 3405 ὲκ
2951 3348 3156 3417 πολλῆς
3192 3345 3337 3409 εδοξε
3378 3340 3694 3411 παχύτητος
3740 3338 3833 3390 καὶ
3884 3352 4094 3406 φρενο-

821 3454 882 3493 ac
914 3441 1145 3496 stultitia
1181 3443 1327 3496 visus
1357 3454 1459 3497 est.
1486 3443 1640 3509 Quod
1671 3444 1817 3498 enim
1863 3446 1975 3498 lure
2002 3444 2081 3498 sic
2115 3443 2390 3506 haberent,

2504 3448 2784 3509 ϐλαϐείας.
2824 3446 2932 3499 Καὶ
2962 3443 3044 3494 ὃτι
3067 3440 3243 3493 ταῦτα
3276 3435 3452 3498 οὕτως
3489 3431 3623 3503 εἶχε,
3653 3433 3746 3483 καὶ
3794 3428 3986 3489 κακῶς
4016 3421 4092 3492 ἦν

823 3548 887 3586 ac
928 3535 1066 3587 male
1095 3533 1378 3604 Philippus
1405 3538 1763 3604 conjectaret,
1797 3539 2205 3606 plurimumque
2244 3553 2272 3589 a
2310 3554 2390 3591 ve-

2503 3537 2865 3611 όνειροπολῶν
2897 3539 2923 3589 ὁ
2952 3535 3220 3593 Φίλιππος
3268 3529 3473 3597 σψόδρα
3514 3527 3609 3595 τῆς
3642 3521 3907 3592 ἀληθείας
3944 3520 4093 3573 ὐπο-

824 3627 986 3679 ritate
1005 3627 1283 3681 aberraret
1316 3643 1500 3681 coram
1533 3629 1711 3683 oblata
1746 3629 1951 3684 visione
1974 3632 2233 3695 ostendit,
2270 3650 2286 3681 ι
2321 3640 2390 3682 te-

2506 3634 2881 3702 πλανὼμενος,
2940 3625 3243 3692 αὑτοφασὶν
3290 3619 3482 3684 ἔδειξε,
3537 3618 3630 3671 καὶ
3675 3618 3703 3668 ό
3764 3615 3985 3683 μάρτυς
4033 3616 4098 3663 ἐν

823 3719 924 3770 stis
958 3718 1009 3770 iu
1044 3720 1183 3773 cado
1218 3720 1395 3773 tidelis
1427 3720 1493 3772 “.
1541 3739 1560 3771 ι
1609 3721 1744 3773 Cum
1767 3721 1911 3774 enim
1947 3736 2042 3776 eas
2075 3722 2164 3775 ille
2200 3724 2390 3792 cogita-

2506 3726 2720 3797 οὖρανῷ
2771 3720 2983 3782 πιστός.
3028 3738 3044 3767 i
3077 3715 3238 3769 Οὕτω
3292 3713 3402 3783 γὰρ
3460 3711 3762 3777 στρέφοντα
3816 3709 3916 3758 καὶ
3972 3705 4105 3757 ἀδο-

824 3812 1002 3864 tiones
1037 3821 1297 3873 versaret,
1352 3813 1528 3881 iisque
1582 3814 1989 3879 immoraretur,
2022 3814 2249 3883 corripit
2279 3829 2403 3868 eutn
2507 3819 2804 3892 λεσχοῠντα
2842 3817 2952 3876 τοῖς
2981 3812 3286 3881 λογισμοῖς,
3318 3804 3487 3867 ὕπνος
3514 3805 3724 3856 ἐκεῖνον
3760 3802 3915 3867 αἱρεῖ
3940 3817 3958 3831 ·
3996 3800 4102 3850 καὶ

824 3919 1052 3959 somnus
1087 3923 1100 3958 :
1135 3916 1300 3975 atque
1328 3906 1381 3960 in
1410 3906 1641 3974 somnis,
1692 3907 1831 3962 duos
1882 3908 2146 3977 quosdam
2194 3908 2390 3962 adoles-

2508 3918 2665 3984 ὄναρ,
2700 3912 2795 3965 δύο
2842 3906 2995 3969 τινας
3046 3904 3149 3974 ὁρᾷ
3206 3901 3447 3959 νεανίας.
3484 3896 3558 3950 Τὸ
3605 3893 3797 3954 κάλλος
3834 3891 4104 3952 ἐκείνων,

822 4006 1009 4051 centes
1041 3998 1205 4051 videt.
1240 3997 1452 4053 Tantus
1505 4000 1700 4054 borum
1734 4012 1851 4056 erat
1887 4000 2071 4064 decor,
2124 4016 2186 4054 ac
2217 4002 2304 4071 qui
2341 4017 2390 4053 es

2511 4008 2605 4060 καὶ
2631 4008 2665 4075 ἡ
2701 4002 3047 4056 ἐκπίπτουσα
3098 3994 3192 4047 τοῦ
3233 3992 3528 4062 προσώπου
3567 3983 3936 4056 μαρμαρυγὴ.
3968 3981 4107 4035 οὔτε

823 4089 964 4143 facie
1000 4091 1259 4160 splendor
1290 4094 1586 4156 emicabat,
1622 4097 1836 4163 qualem
1870 4113 1967 4151 nec
2019 4113 2199 4152 sermo
2237 4099 2377 4165 expli

2512 4073 2662 4165 2.6qu
2685 4090 2847 4163 ῥητὴ,
2875 4089 2999 4141 οὗτε
3029 4083 3325 4154 ὀφθαλμοῖς
3358 4078 3587 4152 φορητὴ·
3613 4078 3728 4143 οἶγε
3769 4073 4112 4165 “impasta-J-

823 4198 969 4245 rare,
992 4199 1089 4237 nec
1112 4184 1257 4238 oeuli
1283 4196 1498 4252 portare
1533 4189 1765 4256 possint.
1798 4189 1899 4254 Qui
1944 4205 2104 4259 porro
2140 4191 2382 4243 astabant

2514 4163 2636 4249 τες
2676 4181 2825 4250 αὐτῷ
2898 4179 3081 4247 μορφῇ
3148 4173 3408 4241 δυσμενεῖ
3464 4168 3560 4222 καὶ
3617 4166 3797 4236 ψυχῆς
3857 4163 4111 4232 πικρίιν

827 4273 1040 4328 infenso
1076 4276 1139 4327 ad
1170 4293 1291 4329 eum
1318 4278 1487 4339 vultu,
1509 4294 1571 4333 ac
1607 4281 1777 4333 amari
1797 4280 1961 4333 animi
1998 4282 2205 4336 indice:
2227 4299 2245 4331 ι
2274 4281 2390 4347 Quit

2515 4273 2970 4343 ἀπαγγελλούσῃ,
3014 4288 3029 4319 ι
3082 4268 3146 4319 Τί
3206 4264 3455 4324 σεαυτὸν,
3510 4256 3687 4322 εἷπον,
3725 4258 4113 4325 ἐκταράττεις

829 4365 1042 4432 teipse,
1096 4365 1367 4435 inquiunt,
1424 4368 1845 4437 cogitationibus
1904 4371 2239 4425 conturbas?
2273 4371 2390 4436 Quit

2517 4373 2627 4431 τοῖς
2656 4366 2972 4435 λογισμοῖς;
3008 4360 3072 4411 Τί
3099 4359 3188 4411 τὸν
3219 4356 3461 4409 ἀναίτιον
3490 4349 3817 4408 ὑποϐάλλεις
3852 4348 4114 4408 litin-ﬁ

826 4460 880 4513 iii
938 4461 1140 4512 crimen
1202 4462 1472 4514 insontem
1508 4462 1718 4516 trahis?
1745 4461 1895 4517 Tolle
1922 4464 2132 4523 oculos.
2163 4468 2255 4534 qui
2290 4478 2390 4520 ter-

2516 4462 2688 4533 ’Δρῦν
2745 4464 2772 4513 ὁ
2826 4460 2977 4512 κάτω
3037 4455 3255 4522 βλέπων
3309 4452 3438 4512 τοὺς
3493 4446 3830 4516 ὀφθαλμοὺς,
3864 4445 3965 4497 καὶ
4022 4446 4113 4497 ἷξε

828 4566 941 4604 ram
976 4562 1210 4619 spectas,
1240 4567 1303 4606 ac
1338 4552 1455 4606 ride
1479 4563 1741 4621 quantum
1775 4554 1862 4608 bic
1895 4558 2193 4624 promeruit
2229 4558 2390 4612 bono-

2516 4554 2675 4614 ποίας
2724 4542 2881 4611 οὗτος
2940 4544 3167 4614 ἠξίωται
3222 4542 3321 4611 τῆς
3377 4538 3567 4608 τιμῆς,
3603 4540 3630 4590 ό
3671 4538 3822 4605 παρὰ
3890 4538 3979 4588 σοί
4041 4553 4117 4603 γε

828 4660 965 4708 rem,
994 4646 1087 4714 qui
1119 4656 1213 4698 tuo
1232 4645 1435 4713 judicio
1478 4646 1730 4701 seductor
1758 4656 1863 4710 est,
1888 4663 1951 4701 ac
1987 4648 2288 4718 hypocrita,
2315 4667 2390 4706 sa-

2513 4647 2701 4716 κριτῇ,
2735 4642 2937 4702 πλάνος
2958 4637 3033 4690 ὢν
3075 4635 3166 4688 καὶ
3194 4630 3520 4701 ὑποκριτὴς,
3558 4629 3655 4681 καὶ
3701 4627 3797 4680 τοῦ
3838 4626 3956 4678 τῶν
3998 4644 4117 4693 po-

828 4754 1097 4806 crumque
1130 4738 1525 4791 monachorum
1553 4738 1794 4792 habitum
1829 4741 2108 4795 mentitur.

2514 4737 2693 4806 ναχῶν
2725 4734 2877 4787 ὁσίου
2907 4726 3389 4795 καταψευδόμενος
3424 4723 3730 4792 σχήματος.
3776 4737 3793 4768 ι

900 4825 1183 4888 Tuncille,
1212 4828 1277 4879 ad
1317 4842 1441 4881 eum
1473 4828 1661 4883 oculos
1698 4831 2005 4891 intendens,
2043 4847 2202 4900 quem
2242 4834 2287 4887 is
2314 4849 2377 4889 os

2588 4823 2723 4879 Εἶτα
2767 4824 2858 4877 τὸν
2890 4819 3171 4889 ὀφθαλμὸν
3193 4817 3387 4885 διάρας
3422 4815 3649 4874 ἐκεῖνος,
3681 4810 3818 4879 προς
3843 4808 3906 4859 ὃν
3933 4810 4123 4871 αὐτὸς

827 4919 1103 4984 tendebat,
1133 4935 1386 4989 magnum
1420 4921 1547 4991 quid
1608 4936 1670 4975 ac
1699 4923 2018 4978 admirabile
2070 4926 2232 4983 videt.
2270 4925 2390 4980 Pur-

2513 4921 2827 4977 ὺπεδείκνυ,
2864 4916 3008 4985 μέγα
3032 4930 3082 4964 τι
3112 4910 3207 4963 καὶ
3234 4907 3537 4976 θαυμάσιον
3570 4903 3802 4973 καθορᾷ.
3825 4903 4125 4973 Πορφύρᾳ,

829 5027 968 5082 pura
997 5012 1241 5082 qturdatn
1280 5014 1671 5081 pretiosissima
1697 5015 1844 5067 bumi
1880 5024 2046 5069 strata
2065 5026 2203 5072 erat.
2232 5016 2390 5085 Supet

2514 5032 2595 5075 τις
2633 5011 2937 5079 ὺπέρτιμος
2964 5004 3068 5056 ὑπὸ
3096 5002 3199 5070 γῆς
3244 4998 3483 5070 ῆπλωτο,
3532 4995 3822 5063 ’Υπεράνω
3868 4992 3930 5043 δὲ
3969 4995 4125 5045 ταύ-

830 5123 953 5162 eam
992 5115 1173 5161 autem
1238 5117 1389 5159 stans
1426 5122 1653 5177 magnus
1686 5108 1795 5171 ille,
1856 5107 2104 5162 mirabile
2157 5110 2287 5176 quid
2343 5125 2390 5163 at

2511 5122 2611 5175 της
2650 5104 2677 5154 ὁ
2714 5102 2887 5171 μέγας
2932 5097 3196 5164 εἱστήκει,
3241 5091 3554 5160 θαυμαστὸν
3594 5081 3709 5139 οἷον
3760 5085 3883 5177 καί
3916 5086 4127 5156 ἇῤῥη-

830 5198 1122 5259 ineﬂ‘abile,
1169 5213 1294 5251 cum
1328 5213 1392 5250 ex
1432 5176 1603 5251 forma
1635 5209 1747 5251 tum
1777 5214 1839 5251 ex
1868 5198 2052 5253 babitu
2085 5200 2230 5253 velut
2256 5199 2390 5252 eﬂul.

2512 5215 2604 5249 τον
2632 5197 2698 5247 ἐκ
2730 5196 2827 5263 τῆς
2858 5189 3072 5260 μορφῆς
3104 5188 3220 5256 ἅμα
3253 5186 3348 5237 καὶ
3391 5179 3690 5252 περιϐολῆς
3719 5176 4124 5244 ἀπολάμπων,

832 5293 1013 5361 gebat,
1045 5302 1299 5359 totusque
1328 5293 1504 5360 reipsa
1538 5292 1721 5346 lumen
1771 5291 2073 5348 videbatur.
2108 5292 2390 5362 Postquan

2513 5290 2608 5343 καὶ
2646 5288 2767 5349 ὅλος
2827 5283 3155 5352 αὐτόχρημα
3202 5276 3320 5345 φῶς
3353 5274 3655 5343 ὁρώμενος.
3692 5269 3844 5362 Ἐπεὶ
3888 5269 3951 5321 δὲ
4008 5272 4125 5323 τὸν

834 5394 1015 5438 autem
1042 5382 1326 5452 Philippus
1365 5400 1557 5439 somno
1601 5385 1814 5439 solutus
1843 5395 2007 5445 esset,
2045 5396 2281 5439 tremore
2312 5399 2390 5437 act

2514 5381 2784 5433 Φίλιππον
2850 5375 3019 5436 ὕπνος
3074 5370 3281 5439 ἀνῆκε,
3331 5366 3635 5434 σύντρομος
3678 5361 3934 5431 πρόσεισι
4004 5364 4131 5415 καὶ

835 5475 979 5531 cedit
1006 5491 1069 5530 ac
1100 5476 1247 5530 vultu
1282 5478 1584 5539 immutato,
1611 5492 1721 5547 quo
1757 5477 1875 5531 loco
1910 5475 2097 5531 Patres
2126 5477 2390 5531 collectan‘

2515 5468 2902 5541 ἠλλοιωμένος,
2946 5464 3075 5518 ἔνθα
3112 5463 3210 5532 τὴν
3244 5455 3468 5521 σύναξιν
3502 5455 3551 5506 οί
3597 5453 3841 5519 ιιατέρες
3902 5447 4076 5520 εἶχον
4108 5470 4126 5483 ·

843 5570 1117 5624 habebant
1167 5589 1179 5623 :
1221 5580 1386 5639 atque
1438 5571 1619 5626 omnia
1656 5570 1956 5640 explicans,
2019 5578 2133 5623 tum
2186 5585 2307 5639 qua:
2354 5569 2388 5622 ii

2518 5567 2611 5620 καὶ
2642 5564 2821 5617 πάντα
2857 5556 3185 5625 διασαφίσας
3221 5556 3320 5606 ὅσα
3377 5566 3435 5601 τε
3468 5546 3621 5614 ὕπαρ
3663 5544 3828 5604 αὐτὸς
3860 5543 3963 5594 ἐπὶ
3999 5545 4129 5613 τῆς

842 5662 1026 5735 vigilia
1069 5665 1205 5718 lecto
1251 5664 1503 5719 desidens
1552 5662 1736 5715 animo
1794 5662 1908 5731 ipse
1958 5671 2249 5725 versasset,
2294 5670 2387 5716 tun

2521 5656 2813 5728 στρωμνῆς
2880 5654 3156 5723 ἔστρεφε·
3226 5648 3322 5700 καὶ
3402 5644 3499 5695 ὅσα
3575 5640 3710 5709 ὄναρ
3788 5637 4135 5708 ὑπερφυῶς

2442 4503 2481 4556 ι)

925 5846 967 5875 ¹⁰
999 5842 1119 5897 l'sal
1181 5857 1273 5907 vn,
1314 5839 1399 5894 15.
1480 5841 1516 5871 ’⁸
1565 5836 1706 5892 Psal.
1742 5853 2006 5903 Lxxxrttt,
2034 5836 2124 5891 '58.
