4208 6432
181 376 277 436 4ἷ3

1324 383 1500 442 νιΤΑ
1542 383 1604 440 5.
1647 381 1861 442 LUCAS
1899 381 2286 443 JUNIUIHS.

3329 378 3434 439 4'54

181 491 460 550 ἱθεάσατο,
501 492 594 544 καὶ
629 507 963 562 συγγιιιιιμης
1006 491 1207 562 τυχὼν,
1255 494 1408 562 μένει
1463 494 1524 547 τὸ
1557 493 1743 563 θαῦμα

1869 510 1969 564 [ure
1999 495 2051 548 in
2103 494 2312 549 somnis
2345 491 2668 546 mirabiliter
2717 500 3073 558 aspectasser,
3109 504 3174 542 ac
3221 492 3434 544 veniam

181 581 456 651 κηρύττων
510 582 719 635 εἰσέτισ
779 582 972 635 ἑαυτοῦ
1028 599 1089 636 τε
1154 583 1582 650 καταγινώσκων
1641 601 1745 634 κα-

180 677 295 736 λῶς.
328 675 418 744 ἐφ’
456 670 539 738 οἷς
592 674 688 727 τοῦ
742 675 956 729 δικαίου
1017 676 1136 728 λίαν
1188 676 1378 739 κακῶς
1438 676 1742 745 κατεγίνω-

180 783 314 819 σκεν.

249 858 446 913 Ἡνξκα
472 862 594 922 ταῖς
621 859 910 929 παραλίοις
939 860 1158 931 χαίρειν
1190 862 1358 914 εἰπὼν
1389 864 1416 915 ὁ
1438 863 1747 921 θεσπέσιος,

181 952 247 1012 εἰς
298 950 394 1003 τὸν
439 950 532 1004 τοῦ
589 952 868 1021 Σωτηρίου
899 953 1171 1006 κατέϐαλε
1237 953 1436 1023 χῶρον,
1498 958 1593 1008 καὶ
1649 953 1750 1022 τὴν

180 1043 484 1112 ἀσκητικῆν
515 1044 576 1095 ιν
605 1045 783 1114 τούτῳ
840 1045 1089 1114 καλύϐην
1127 1045 1387 1116 ἐπήξατο,
1423 1046 1652 1116 ἕϐδομον
1693 1048 1751 1098 ἐν

180 1135 317 1204 αὖτῷ
383 1137 648 1200 διανύσας
692 1138 834 1202 ἔτος.
900 1141 1156 1209 προέγνω
1207 1139 1308 1209 μὲν
1334 1140 1434 1209 τὴν
1471 1140 1752 1210 μακαρίαν

180 1226 330 1280 αὖτοῦ
363 1226 627 1297 τελευτὴν
653 1231 746 1283 ἐπὶ
769 1230 967 1300 θύραις
993 1231 1163 1284 οὖσαν
1185 1247 1198 1260 ·
1225 1230 1502 1302 γνώριμον
1532 1232 1588 1284 δὲ
1618 1231 1750 1284 ταύ-

180 1327 266 1386 την
294 1320 640 1387 κατέστησεν
683 1322 861 1376 οὐδενί
887 1338 905 1356 ο
943 1324 1082 1376 ἀλλὰ
1121 1323 1400 1394 προελθὼν
1436 1324 1636 1394 κέλλης
1675 1325 1750 1387 ὡς

181 1409 261 1461 ἐπί
290 1427 341 1462 τι
372 1411 485 1463 τῶν
507 1413 846 1479 ἀναγκαίων,
878 1417 973 1468 καὶ
1010 1415 1145 1468 πᾶσι
1185 1414 1380 1482 φίλοις.
1419 1415 1626 1482 γείτοσι
1659 1419 1755 1470 καὶ

180 1503 432 1565 γνωστοῖς
457 1503 846 1572 παραϐάλλων,
885 1505 1322 1575 συντασσόμενός
1355 1522 1414 1558 τε
1441 1505 1538 1558 καὶ
1565 1505 1746 1557 ἀσπα-

182 1593 399 1659 ξοιιενος
445 1593 680 1647 ἑκάστου
737 1595 910 1666 χείλη,
945 1595 1193 1667 ὄμματα,
1240 1597 1554 1665 πρόσωπον,
1586 1615 1606 1648 ι
1649 1597 1753 1650 EB-

180 1685 353 1750 χεσθε,
382 1683 630 1754 ἀδελφοὶ,
656 1686 888 1754 ἔφασκε,
923 1687 1062 1757 ὑπὲρ
1097 1688 1257 1757 ἐμοῦ,
1277 1685 1503 1758 εὔχεσθε
1527 1708 1540 1720 ·
1563 1688 1755 1756 ἄδηλον

183 1775 279 1843 γὰρ
326 1777 389 1828 τὸ
446 1778 510 1830 λο
537 1777 657 1843 πίον,
690 1781 739 1832 εἰ
781 1781 876 1832 καὶ
921 1779 1214 1856 βλέψοιμεν
1243 1780 1530 1854 ἀλλήλους.
1563 1802 1581 1833 ι
1618 1777 1754 1836 Εἶτα

1851 596 2200 648 consecutus,
2242 585 2510 638 hactenus
2551 591 2732 637 manet
2759 583 3081 635 miraculum
3113 581 3436 651 prtedicans.

1850 690 2022 744 seque
2052 676 2166 744 ipse
2205 675 2714 738 merito‘damnans,
2748 688 2848 743 pro
2870 689 2936 727 eo
2966 683 3128 742 atque
3163 672 3438 727 immerito

1851 778 2055 832 justum
2093 768 2538 822 condemnasset.

1924 875 1968 928 A
1997 888 2108 942 quo
2140 884 2381 942 tempore
2419 872 2504 926 vir
2535 870 2802 925 mirabilis
2827 869 3139 923 valedirens
3165 867 3301 921 iocis
3325 883 3441 920 ma-

1855 966 2058 1020 ritimis
2091 965 2156 1017 ad
2188 965 2384 1018 Soterii
2434 964 2653 1018 devenit
2693 966 2892 1024 locum,
2930 971 3094 1030 atque
3129 961 3180 1013 in
3213 975 3279 1015 eo
3313 975 3433 1011 mu-

1855 1058 2078 1112 nasticze
2107 1056 2516 1110 exercitationis
2544 1053 2823 1123 tugurium
2853 1052 2988 1118 fixit,
3036 1052 3270 1120 septimo
3324 1049 3436 1118 jam

1853 1151 2087 1204 decurso
2123 1162 2288 1205 anno.
2322 1147 2531 1202 beatam
2566 1160 2722 1200 suam
2759 1154 2988 1197 mortem
3015 1145 3068 1196 in
3106 1143 3286 1211 ianuis
3319 1157 3442 1211 pro—

1861 1241 2064 1294 ximam
2099 1239 2399 1310 praenovit;
2450 1238 2581 1291 nulli
2640 1246 2818 1291 tamen
2853 1249 2970 1288 eam
3018 1234 3296 1292 in-licavit.
3347 1231 3442 1286 sed

1853 1332 1986 1385 cella
2019 1329 2390 1402 prog'ediells,
2438 1344 2530 1382 seu
2587 1325 2901 1381 necessaria
2940 1325 3174 1393 quadam
3213 1323 3446 1383 ratione,

1855 1423 2064 1475 amicos
2115 1436 2307 1475 omnes
2372 1419 2689 1488 vicinosque.
2742 1432 2807 1472 ac
2856 1425 3014 1471 notos
3070 1415 3448 1469 conveniens:

1855 1512 2183 1574 valedicens,
2219 1527 2282 1567 ac
2329 1510 2596 1579 cujusque
2653 1509 2982 1564 exosculans
3018 1507 3179 1565 labia,
3235 1507 3449 1560 oeulos”

1855 1601 2048 1657 faciem
2084 1619 2099 1656 :
2130 1619 2148 1652 ι
2190 1601 2372 1666 Orate,
2401 1601 2620 1668 h-atres,
2649 1615 2745 1669 pro
2774 1615 2881 1662 me,
2905 1597 3307 1663 aiebat,0rate;
3335 1597 3448 1667 jam

1860 1696 2063 1766 quippe
2109 1695 2368 1765 deinceps
2408 1695 2678 1749 incertum
2713 1703 2890 1756 est,an
2931 1707 3031 1748 nos
3067 1690 3261 1745 mutuo
3284 1691 3452 1745 visuri

1859 1789 2053 1843 simus.
2093 1805 2112 1839 ι
2145 1786 2278 1842 Cum
2313 1787 2392 1842 sic
2418 1801 2546 1856 ergo
2582 1800 2774 1839 omnes
2805 1785 3232 1854 circumquaque
3273 1780 3454 1836 adiis-

179 1870 377 1932 πάντας
401 1869 551 1925 οῦτω
575 1872 954 1942 περιελθόντι,
974 1869 1070 1928 καί
1103 1875 1184 1937 είς
1218 1874 1278 1928 τὸ
1310 1873 1510 1928 ἑαυτοῦ
1545 1874 1756 1928 κελλίον

1869 1887 1940 1934 tet
1973 1918 1988 1942 ,
2042 1889 2206 1947 atque
2273 1879 2327 1931 in
2391 1877 2642 1932 cellulam
2711 1891 2965 1930 reversus
3017 1885 3180 1938 esset,
3234 1878 3455 1941 trquue

180 1963 541 2018 ἐπανελθόντα
599 1965 692 2019 τὸν
724 1967 894 2030 ὅσιον,
947 1970 1101 2036 τρεῖς
1163 1967 1504 2038 ἐπιζήσαντα
1555 1967 1754 2037 μῆνας,

178 2056 361 2120 πρῶτα
397 2058 500 2124 μὲν
547 2057 703 2121 νόσος
765 2077 851 2124 τις
900 2060 1186 2131 ὑπέδραμε
1242 2061 1462 2131 μαλακή
1490 2076 1504 2090 ⁸
1531 2061 1760 2130 σφοδρο-

179 2143 326 2209 τέρου
384 2145 444 2198 δὲ
503 2147 607 2217 ἤδη
647 2149 741 2200 τοῦ
795 2149 1035 2220 πυρετοῦ
1094 2151 1528 2220 προσϐάλλοντος
1556 2192 1570 2212 ,
1634 2150 1759 2203 ἐπεὶ

177 2234 330 2303 ὀγδόη
390 2237 678 2307 παρῆλθεν
743 2241 947 2310 ἡμέρα,
1011 2240 1170 2310 δῆλος
1214 2243 1453 2309 κατέστη
1497 2243 1634 2294 πᾶσι
1665 2241 1759 2294 τοῦ

179 2325 426 2395 σώματος
459 2327 856 2400 χωριζόμενος,
887 2332 984 2385 καὶ
1023 2334 1160 2404 πρὸς
1194 2334 1347 2400 Θεὸν,
1385 2336 1443 2388 ὃν
1483 2337 1759 2407 ἠγάπησε,

179 2420 569 2489 πορευόμενος.
613 2423 796 2496 Ὅπερ
837 2425 1110 2495 μαθόντας
1143 2429 1272 2491 τοὺς
1305 2429 1402 2491 τὰς
1429 2429 1616 2498 κύκλῳ
1655 2429 1764 2482 κώ-

182 2527 281 2577 μας
319 2513 638 2580 οἰκοῦντας,
672 2519 851 2570 καίτοι
887 2519 1120 2589 σφοδροῦ
1153 2519 1250 2573 τοῦ
1287 2520 1557 2590 χειμῶνος
1586 2520 1763 2583 ὄντος,

179 2605 265 2656 καὶ
295 2605 483 2675 χιόνος
510 2609 797 2679 ἀμυθήτου
849 2612 1297 2682 καταπεσούσης,
1325 2613 1402 2676 ὼς
1449 2613 1638 2682 σχεδὸν
1673 2613 1766 2665 καὶ

175 2695 322 2760 ὀδοὺς
385 2698 653 2767 ἀϐάτους,
690 2702 786 2754 καὶ
845 2702 1025 2766 οἰκίας
1057 2702 1423 2766 ἀνεπιϐἀτους
1472 2702 1760 2770 γενέσθαιο

178 2787 320 2853 ὅμως
339 2787 503 2841 οὐδὲν
533 2790 777 2854 ἐκείνους
802 2791 902 2859 τῆς
925 2792 1064 2860 πρὸς
1091 2792 1259 2844 αὑτὸν
1285 2793 1486 2863 ἐπέσχε
1515 2791 1762 2862 πορείας·

177 2880 307 2932 ἀλλὰ
371 2882 656 2950 πανδημεὶ
711 2883 913 2945 πάντες
942 2885 1262 2955 συνέρρεον.
1311 2886 1408 2938 καὶ
1441 2885 1573 2956 παρ’
1614 2883 1764 2954 αὐτῷ

178 2972 336 3042 μέχρι
378 2976 476 3026 καὶ
515 2975 748 3045 ὲννάτης
776 2975 926 3043 ὧρας
975 2978 1327 3048 παρέμενον·
1365 2977 1488 3031 οὔτε
1533 2978 1767 3049 τροφῆς,

177 3064 284 3118 οὗθ’
333 3066 695 3138 ὑποστροφῆς
757 3067 895 3131 ὅλως
969 3071 1192 3139 μνήμην
1253 3069 1612 3136 ποιούμενοι·
1651 3069 1789 3124 ἀλλ’-

1861 1981 2044 2041 postea
2064 1986 2275 2026 menses
2290 1970 2532 2035 vixisset,
2553 1969 2783 2040 primum
2801 1968 3015 2039 quidem
3035 1967 3210 2022 lentus
3231 1967 3455 2021 morbus

1861 2061 2077 2119 invasit.
2100 2063 2217 2117 Jam
2250 2079 2378 2118 vero
2406 2063 2540 2118 febri
2576 2063 2947 2117 vehementius
2967 2045 3299 2123 inc-essetne,
3328 2075 3453 2112 cum

1867 2167 2059 2212 octava
2087 2157 2199 2226 jam
2240 2156 2529 2212 transisset
2554 2155 2692 2224 dies,
2715 2157 2925 2226 liquido
2959 2164 3229 2210 noverunt
3258 2170 3454 2210 omnes

1869 2249 2110 2317 separari
2137 2263 2165 2302 a
2200 2262 2452 2317 corpore,
2478 2257 2643 2316 atque
2675 2248 2739 2300 ad
2770 2247 2935 2300 Deum
2962 2246 3260 2317 proﬁcisci,
3286 2259 3451 2314 quem

1867 2340 2212 2396 dilexisse-nt.
2238 2340 2291 2394 Id
2324 2340 2413 2394 ubi
2455 2339 2848 2394 intellexissent
2871 2339 2962 2409 qui
2990 2338 3184 2409 oppida
3217 2338 3456 2391 circum-

1869 2459 2088 2514 quaque
2146 2443 2321 2512 posita
2391 2444 2722 2508 incolebant,
2779 2459 3088 2514 quanquam
3139 2451 3259 2497 erat
3313 2457 3455 2497 saeva

1873 2535 2068 2600 hiems,
2103 2533 2308 2603 nixque
2345 2533 2609 2588 immensa
2645 2533 2942 2596 deciderat,
2990 2542 3050 2587 ut
3075 2533 3174 2586 vim
3201 2548 3339 2601 pene
3370 2532 3454 2586 iu-

1873 2626 1973 2678 via:
1997 2641 2060 2679 ac
2090 2625 2287 2680 domus
2335 2626 2628 2679 inaccessae
2661 2624 2818 2679 facta:
2850 2634 3055 2686 essent,
3107 2624 3242 2678 nihil
3270 2634 3454 2677 tamen

1872 2725 1931 2769 ut
1968 2729 2035 2768 ue
2108 2715 2174 2768 ad
2210 2730 2333 2768 eum
2383 2724 2668 2784 pergerent
2713 2716 2888 2783 potuit
2940 2716 3225 2784 prohibere
3260 2732 3274 2769 :
3313 2715 3444 2783 quin

1873 2806 2170 2861 universim
2195 2822 2388 2861 omnes
2417 2807 2771 2873 conﬂuentes,
2801 2808 2865 2862 ad
2893 2822 3062 2876 usque
3086 2822 3283 2860 nonam
3310 2805 3452 2875 apud

1873 2913 1996 2953 eum
2041 2899 2355 2963 manebant,
2413 2898 2546 2952 nihil
2601 2915 2827 2969 prorsus
2867 2909 2961 2954 aut
3007 2899 3110 2954 cibi
3163 2914 3456 2961 metueres,

1874 3001 1970 3044 aut
1997 2991 2139 3044 utad
2175 3006 2272 3045 sua
2320 2990 2591 3056 redirent;
2621 2990 2716 3045 sed
2765 2991 2982 3044 stabant
3022 3005 3214 3043 omnes
3244 2991 3295 3042 in
3331 3006 3456 3042 cum

1874 3082 2328 3154 intenti,ejusque
2356 3082 2582 3136 hilarem
2616 3090 2958 3150 aspectantes
2982 3083 3215 3147 vultum,
3240 3081 3460 3135 charis-

179 3158 392 3209 ῐσταντο
431 3158 639 3220 πάντες
664 3159 813 3229 αὐτῷ
857 3161 1210 3231 προσχόντες,
1262 3161 1356 3214 καί
1402 3161 1525 3231 ὄψιν
1557 3162 1768 3214 ἐκείνου

1877 3176 2069 3229 simam
2121 3175 2312 3228 audire
2345 3189 2554 3238 vocem,
2587 3188 2954 3242 supremaque
2983 3174 3141 3226 verba
3167 3188 3228 3226 ac
3268 3188 3460 3241 preces

175 3248 269 3316 τὴν
304 3250 511 3319 ἱλαρὰν
542 3249 861 3320 βλέποντες,
890 3253 986 3305 καὶ⁵
1014 3255 1200 3324 φωνῆς
1220 3255 1491 3325 φιλτάτης
1522 3256 1764 3316 ἀκούειν.

177 3344 264 3396 καὶ
296 3343 482 3409 λόγων
544 3338 815 3413 ἐσχάτων,
862 3347 956 3398 καὶ
986 3346 1157 3416 εὐχῆς
1211 3349 1541 3418 μεταλαχεῖν
1575 3350 1767 3402 ἐπιθυ-

181 3433 410 3501 μοῦντες
431 3451 446 3465 ·
482 3437 580 3489 καὶ
615 3437 918 3504 ὑποστῆναι
950 3443 1043 3490 τὸν
1073 3440 1355 3510 χωρισμὸν
1385 3439 1446 3493 οὐ
1466 3439 1728 3510 φέροντες
1751 3456 1764 3469 ·

173 3528 363 3583 τοῦτον
425 3531 569 3592 τέως
602 3529 746 3598 φημὶ
790 3529 883 3582 τὸν
937 3529 1044 3583 ἀπὸ
1083 3531 1182 3599 τῆς
1230 3530 1439 3600 κλίνης,
1483 3531 1625 3584 ὥστε
1672 3531 1766 3585 τοῦ

170 3623 297 3692 ὀρᾷν
325 3622 498 3674 αὑτὸν
531 3620 865 3690 ἀφεμένους,
915 3621 1233 3676 ἰπανελθεῖν
1267 3623 1484 3676 οἴκαδε·
1522 3625 1646 3676 ἐπεί
1676 3624 1758 3676 τοί

173 3731 233 3781 γε
259 3713 358 3767 τοῦ
416 3715 657 3783 ἐσχάτου
724 3730 788 3782 γε
842 3714 936 3766 καὶ
994 3715 1135 3781 μετὰ
1177 3713 1412 3768 θάνατον
1457 3715 1767 3786 χωρισμοῦ,

172 3804 285 3855 οἷαν
310 3806 526 3857 ἐκεῖνοι
551 3805 652 3874 τὴν
677 3803 892 3874 πληγὴν
926 3805 1175 3873 ἐδέχοντο
1198 3821 1212 3834 ·
1249 3805 1402 3867 ὅπως
1450 3805 1617 3857 αὑποῦ
1673 3806 1771 3875 χά-

174 3915 254 3966 ριν
316 3899 576 3967 ἔπασχον
622 3900 722 3959 τὰς
768 3897 983 3966 ψυχὰς,
1030 3899 1092 3948 ἐκ
1147 3897 1256 3949 τῶν
1305 3897 1559 3965 δακρύων
1625 3897 1770 3966 ἅπερ

170 3989 409 4043 istava
444 3990 777 4057 κατέρρεον,
798 3989 1174 4058 ὑπεσήμαινον
1196 4005 1210 4018 ο
1243 3988 1348 4050 ἕως
1379 3989 1769 4057 ἀσπασάμενος

171 4085 406 4146 πάντας,
446 4080 822 4151 ὲττευξάμενὸς
857 4097 916 4133 τε
979 4082 1046 4132 τὰ
1098 4080 1307 4146 ἀγαθὰ,
1370 4081 1466 4132 καὶ
1533 4082 1769 4146 ἄκοντας

171 4181 391 4249 μένους.

234 4278 346 4329 Τοῦ
362 4272 758 4345 πρεσϐυτέρου
787 4273 971 4343 μέντοι
1002 4271 1307 4343 Γρηγορὶον
1334 4273 1762 4343 προσμένοντος,

170 4365 512 4417 πυνθάνεται
542 4361 674 4432 παρ’
701 4361 867 4415 αὑτοῦ
895 4363 986 4414 τὸν
1014 4364 1211 4432 καιρὸν
1253 4365 1279 4414 ὁ
1322 4363 1516 4431 μέγας.
1558 4362 1666 4414 Τοῦ
1707 4362 1764 4416 δὲ

169 4455 299 4524 πρὸς
335 4453 565 4524 δυσμὰς
591 4452 839 4516 εἰπόντος
864 4448 1004 4506 εἶναι
1028 4454 1117 4506 τὸν
1134 4453 1287 4523 ἦλιον
1320 4493 1335 4517 ,
1375 4455 1538 4520 γνοὺς
1564 4454 1771 4517 ἐκεῖνος

1875 3263 2130 3334 excipere
2157 3262 2451 3333 cupiebant
2484 3279 2499 3317 :
2548 3278 2645 3318 nec
2687 3261 2924 3332 separari
2974 3260 3239 3320 ferebant.
3276 3260 3461 3314 hacte-

1872 3372 2000 3417 nus,
2032 3356 2278 3424 inquam,
2310 3370 2340 3410 a
2375 3357 2514 3410 lecto
2542 3354 2792 3424 jacentis,
2826 3364 2879 3408 et
2911 3362 2969 3406 ut
2995 3354 3114 3422 ejus
3149 3352 3338 3407 relicto
3367 3366 3457 3405 as-

1870 3456 2028 3515 pecttt
2061 3445 2295 3516 quisque
2325 3445 2548 3500 domum
2578 3453 2998 3499 reverterentur.
3037 3443 3168 3497 Nam
3204 3457 3456 3511 suprema

1874 3538 1964 3592 illa
2021 3553 2084 3592 ac
2113 3553 2141 3592 a
2191 3547 2365 3592 morte
2393 3536 2684 3608 separatio,
2717 3545 2977 3606 quantum
3014 3536 3117 3589 illis
3149 3535 3342 3588 vulnus
3377 3533 3459 3585 in-

1874 3630 2060 3692 ferret,
2109 3645 2422 3700 quanquam
2459 3629 2578 3698 ejus
2635 3628 2806 3698 gratia
2845 3630 3044 3681 animis
3090 3626 3453 3684 efﬁcerentur.

1869 3720 2028 3790 juges
2055 3721 2161 3775 illa:
2201 3722 2454 3792 lacrymat
2492 3720 2561 3775 ab
2603 3720 2776 3776 oculis
2820 3718 3149 3788 proﬂuentes
3187 3725 3455 3768 monstra-

1873 3815 2003 3868 bant
2038 3831 2050 3867 :
2089 3814 2263 3870 donec
2314 3814 2529 3869 tandem
2563 3813 2904 3882 amplexatus
2935 3825 3147 3874 omnes,
3191 3823 3254 3862 ac
3310 3808 3454 3861 bona

1869 3906 2214 3974 adprecatus,
2244 3906 2407 3958 etiam
2437 3905 2636 3958 invitos
2658 3905 2864 3958 dimisit
2911 3900 3212 3972 lugubriter
3236 3915 3458 3971 gemen-

1872 4005 1973 4054 tes,
2004 4009 2067 4048 ac
2097 3995 2216 4048 diro
2255 3994 2438 4048 dolore
2469 3992 2714 4048 allectos.

1843 4085 2025 4156 ἀφῆκε
2111 4086 2307 4158 γοερὸν
2379 4087 2706 4149 στένοντας,
2765 4085 2859 4138 καὶ
2918 4083 3133 4156 βαρέως
3191 4080 3455 4136 τταθαινο⁴

1945 4275 2083 4328 Cum
2120 4281 2302 4329 autem
2329 4272 2626 4341 Gregorius
2656 4269 2935 4341 presbyter
2970 4267 3290 4333 mansisset,
3338 4283 3457 4338 per-

1883 4368 2210 4423 contabatur
2241 4381 2307 4422 ex
2335 4381 2401 4420 eo
2436 4380 2664 4434 magnus
2698 4363 2810 4427 ille,
2839 4370 3078 4432 tempus.
3111 4359 3246 4414 Cum
3278 4373 3459 4414 autem

1883 4459 2128 4520 dixisset,
2163 4459 2333 4512 solem
2378 4457 2446 4511 ad
2488 4470 2740 4511 occasum
2775 4469 3018 4525 vergere,
3051 4455 3232 4508 sciens
3261 4453 3368 4514 ille,
3406 4466 3466 4506 se

167 4550 256 4600 καὶ
313 4548 526 4600 ἑαυτὸν
567 4546 671 4616 ήδη
717 4546 819 4610 ⁴τὸν
870 4545 1033 4598 καλὸν
1083 4545 1290 4616 ἀστέρα
1329 4545 1730 4614 καταδυόμενον
1757 4561 1769 4575 ·

1886 4551 1998 4621 jam
2043 4567 2262 4622 quoque
2313 4549 2598 4620 pulchrum
2648 4549 2800 4603 sidus
2849 4549 3151 4603 occidere:
3192 4565 3208 4596 ι
3235 4546 3458 4609 Abiens,

175 4657 191 4687 ι
232 4637 558 4702 Ἀπελθὼν,
587 4637 760 4704 λέγει,
797 4638 901 4699 τὰς
954 4638 1244 4707 ἑσπερίους
1275 4638 1349 4700 ὡς
1379 4638 1540 4707 τάχος
1586 4638 1782 4700 ὰπόίος

169 4731 362 4800 εὐχάς·
408 4747 430 4781 ι
487 4728 550 4781 Ὀ
593 4729 651 4780 δὲ
677 4727 975 4797 πληρώσας
999 4729 1060 4781 τὸ
1092 4728 1383 4781 κελευσθέν
1409 4745 1422 4760 ο
1463 4729 1658 4780 ἔπειτα
1693 4729 1782 4779 δο-

169 4823 275 4876 κῶν
304 4823 454 4894 περὶ
485 4821 588 4875 τοῦ
614 4820 726 4874 τῶν
749 4822 1064 4888 ἀναγκαίων
1088 4821 1480 4884 πυνθάνεσθαι,
1513 4821 1610 4873 ποῦ
1642 4820 1781 4889 μετᾶ

167 4916 400 4969 θάνατον
437 4913 602 4984 αὐτῷ
621 4913 809 4984 ἠρώτα
833 4914 987 4982 φίλον
1010 4913 1161 4984 αὑτῷ
1181 4912 1569 4982 κατατεθῆναι.
1594 4913 1696 4964 Τὸν
1722 4911 1780 4964 δὲ

167 5008 454 5079 δυσχερῶς
476 5008 622 5076 πρὸς
647 5005 806 5059 τοῦτο
832 5004 1168 5060 διατεθέντα.
1198 5025 1216 5058 ι
1242 5006 1378 5059 Τίδέ
1397 5007 1528 5073 ςοὺκ
1549 5006 1778 5076 αἰσχύνη

170 5103 329 5169 φάναι
364 5101 587 5169 σαφὴς,
619 5097 919 5165 ἀγνοοῦντα
954 5099 1244 5166 φαίνεσθαι
1290 5101 1418 5169 περὶ
1450 5099 1664 5164 τούτου,
1698 5099 1780 5152 ὅτι

166 5193 243 5244 δεῖ
289 5189 566 5261 σχοινίων
595 5188 903 5258 ὲκδήσαντα
949 5190 1060 5242 τῶν
1087 5189 1284 5255 ποδῶν,
1307 5191 1390 5250 εἰς
1415 5191 1540 5244 τινα
1583 5207 1648 5262 με
1671 5190 1781 5242 τῶν

171 5286 486 5352 φαράγγων
515 5282 888 5344 καταϐαλεῖν;
927 5283 976 5335 εί
1028 5283 1166 5352 πρὸς
1219 5283 1387 5352 μηδὲν
1415 5283 1547 5337 ἄλλο
1586 5282 1779 5353 χρῆσις

174 5394 289 5443 μον,
321 5376 453 5429 ἀλλ’
489 5369 590 5427 οὖν
633 5372 833 5443 βρῶμα
866 5376 977 5436 τοῖς
1023 5374 1238 5443 θηρίοις
1285 5375 1571 5444 ἐσόμενον.
1613 5394 1630 5425 ι
1663 5372 1773 5427 Τοῦ

173 5469 568 5537 πρεσϐυτέρου
626 5466 684 5519 δὲ
737 5467 878 5535 πρὸς
913 5466 1085 5519 ταῦτα
1130 5468 1297 5537 μηδὲν
1337 5467 1774 5530 ὑποδεδοικότος,

171 5561 297 5614 ἀλλὰ
326 5564 476 5630 περὶ
535 5559 640 5628 τῆς
698 5561 879 5628 ταφῆς
929 5561 1022 5612 καὶ
1059 5559 1217 5623 αὖθις
1263 5561 1460 5630 μαθεῖν
1496 5561 1776 5627 ἀξιοῦντος

173 5651 310 5717 μάλα
344 5648 616 5719 θερμῶς,
656 5648 732 5710 ὡς
761 5649 857 5701 καὶ
889 5649 1102 5719 δάκρυα
1123 5652 1232 5713 τοῖς
1265 5650 1441 5717 λόγοις
1473 5653 1774 5721 συμπροϊὲ-

172 5759 283 5793 ναι·
313 5742 492 5814 ῆθελε
540 5743 654 5810 γὰρ
685 5740 822 5810 μηδὲ
861 5740 1004 5810 μετὰ
1053 5739 1283 5794 θάνατον
1318 5743 1468 5811 παρὰ
1498 5743 1598 5807 τὴν
1628 5744 1770 5796 ἐκείο

173 5839 532 5909 ἰονγνὼμῆν
557 5839 732 5889 ποιεῖν
764 5837 1010 5899 ἐκεῖνος·
1049 5855 1066 5890 ι
1116 5838 1220 5891 Τὸν
1250 5839 1409 5892 τόπον
1435 5841 1491 5892 ἐν
1523 5831 1566 5909 ᾧ
1601 5839 1770 5893 κατᾶ-

1890 4641 2088 4710 inquit,
2146 4653 2308 4709 quam
2365 4639 2473 4694 cito
2521 4638 2861 4706 vespertinas
2912 4637 3157 4705 persolve
3189 4651 3398 4704 premar.
3438 4651 3454 4682 ι

1885 4729 2051 4783 Facto
2076 4729 2220 4798 quod
2237 4728 2428 4799 jussus
2451 4736 2588 4794 erat,
2619 4727 2962 4797 postmodum
2989 4736 3185 4794 putans
3210 4739 3463 4778 necessa-

1886 4822 2024 4874 rium
2061 4821 2265 4888 aliquid
2320 4833 2582 4889 quaerere,
2647 4817 3018 4886 interrogabat
3060 4831 3298 4884 quonam
3347 4813 3464 4868 loco

1885 4923 2003 4981 post
2038 4921 2266 4965 mortem
2308 4910 2526 4979 sepeliri
2559 4908 2796 4979 juberet.
2834 4909 2883 4962 ls
2931 4916 3112 4960 autem
3168 4922 3280 4960 rem
3323 4922 3466 4975 aegre

1885 5006 2068 5060 ferens
2103 5020 2117 5056 :
2153 5024 2170 5054 ι
2207 5003 2346 5067 Quid
2384 5017 2535 5068 vero,
2572 5001 2796 5070 inquit?
2842 4997 3030 5054 Nonne
3061 5000 3238 5068 palam
3280 5002 3466 5064 pudet,

1884 5101 2051 5153 videri
2116 5099 2218 5153 hoc
2263 5099 2473 5154 nescire
2507 5114 2520 5153 :
2557 5107 2615 5152 ut
2656 5096 2917 5150 nimirum
2950 5094 3131 5162 ligatis
3177 5109 3207 5148 e
3241 5094 3468 5163 pedibus

1884 5191 2132 5255 l'uuilms,
2162 5192 2215 5245 in
2250 5191 2559 5261 voraginem
2618 5189 2856 5258 aliquam
2911 5187 3176 5256 projicere
3227 5186 3469 5242 deceat?

1884 5293 1942 5338 ut
1973 5283 2241 5353 siquidem
2283 5283 2349 5336 ad
2401 5281 2634 5351 quodvis
2660 5280 2804 5332 aliud
2837 5295 2958 5332 sum
2986 5277 3218 5339 inutilis,
3250 5287 3466 5332 atccrte

1884 5381 1936 5430 in
1971 5391 2155 5431 esnam
2197 5375 2394 5430 bestiis
2426 5372 2644 5427 cedant.
2685 5391 2704 5424 ι
2755 5371 2956 5426 Verum
3002 5385 3125 5424 cum
3161 5371 3469 5439 presbyter.

1888 5470 2024 5525 nihil
2060 5485 2122 5524 ea
2159 5467 2515 5534 responsione
2539 5465 2762 5521 territus
2801 5464 2980 5518 adhuc
3025 5479 3246 5534 quoque
3285 5461 3350 5516 de
3375 5480 3465 5516 se-

1883 5563 2101 5632 pultura
2128 5558 2400 5614 desiderio
2429 5558 2602 5612 multo
2622 5558 2762 5611 scire
2804 5568 3042 5626 rogaret,
3069 5567 3125 5610 ut
3149 5555 3310 5609 simul
3339 5570 3464 5608 cum

1878 5654 2055 5708 verbis
2079 5655 2408 5721 protluerent
2451 5651 2724 5722 lacrymat.
2752 5650 3121 5706 Volebateuim
3150 5664 3219 5703 ne
3247 5648 3462 5718 quidem

1878 5763 1905 5799 ιι
1933 5760 2124 5809 tuorte,
2177 5759 2336 5798 secus
2385 5761 2450 5798 au
2492 5743 2581 5798 ille
2619 5742 2882 5797 voluisset
2914 5743 3135 5796 facere:
3179 5758 3197 5792 ι
3239 5738 3462 5805 Locum,

1879 5840 2074 5909 inquit,
2114 5839 2165 5894 in
2208 5853 2316 5908 quo
2352 5835 2528 5905 iaceo,
2560 5836 2788 5901 fodiens,
2830 5834 3066 5892 invenies
3097 5847 3283 5893 coctos
3325 5832 3462 5889 latc-
