4208 6432
134 396 225 461 181
1254 396 1349 454 DE
1390 393 1786 454 PAllADlSO.

1691 394 1786 451 Μ).
1829 420 1895 429 ·-
1935 396 2126 455 PARS
2166 397 2215 455 1.
2656 430 2665 443 ο
3248 398 3353 459 482

135 516 301 568 Latine
340 520 719 578 interpretatus
751 519 828 563 est
862 526 942 563 uir
976 510 1315 563 doctissimus
1338 509 1576 561 Andreus
1607 506 1832 569 Masius,
1865 524 1985 577 qua:
2034 510 2205 559 rersio
2247 509 2478 576 primunt
2525 509 2662 578 typis
2700 507 3067 562 Plantinianis
3105 513 3271 575 edita,
3300 516 3353 567 in

134 598 493 651 Bibliotltccam
524 597 747 648 Patrum
776 597 1038 649 translata
1069 606 1166 649 est.
1210 593 1314 647 Sed
1369 596 1484 663 quis
1531 593 1689 659 fuerit
1729 606 1819 646 aut
1876 592 2090 662 quando
2138 594 2324 645 vixerit
2363 596 2554 657 Moses,
2603 610 2764 663 neque
2787 596 2966 647 docuit
3000 612 3092 650 nos
3128 597 3352 663 Jlasius,

131 701 266 752 neque
344 684 559 737 aliunde
627 694 768 735 certo
845 686 983 736 scire
1040 683 1329 750 potuimus.
1410 679 1610 733 Via'isse
1664 680 1817 732 illum
1867 681 1957 731 diu
2005 688 2123 732 ante
2187 678 2490 747 Dionysium
2560 680 2826 733 Barsalibi
2874 683 3209 748 perspicuum
3276 695 3350 735 est

130 788 226 822 cum
281 773 325 823 is
390 771 445 821 in
503 768 894 823 Commentario
937 784 1034 823 suo
1085 768 1153 819 ad
1202 777 1429 836 quatuor
1480 766 1779 835 Evangelia
1851 776 1900 818 et
1974 766 2121 828 alibi,
2170 765 2315 818 illius
2390 769 2690 820 testimonia
2739 768 3032 835 frequenter
3110 770 3352 835 referat:

128 872 173 911 ut
222 861 379 911 etiam
442 857 708 925 jnniorem
764 860 925 927 fuisse
956 855 1153 908 Jacobo
1220 853 1501 916 Edessena,
1557 862 1605 905 et
1643 851 1810 904 altero
1866 851 2146 919 Serngrnsi
2194 867 2258 905 ex
2320 868 2378 904 eo
2430 856 2703 920 probatur,
2759 855 2895 921 quod
2954 855 3166 907 illorum
3231 872 3352 908 sen-

130 945 295 995 tentias
326 942 521 1007 referat
550 943 734 995 eodem
762 946 811 993 in
853 956 1028 1008 opere.
1074 939 1237 994 Valde
1268 951 1442 993 autem
1490 938 1846 992 Itallucinatus
1876 952 1952 993 est
1989 940 2213 1003 Masius,
2246 946 2371 992 dum
2399 941 2551 993 illum
2598 958 2699 993 non
2752 942 2904 1012 longe
2938 952 3055 1007 post
3086 942 3348 997 Joannem

129 1030 537 1098 Chrysostomum
576 1030 766 1082 vixisse
786 1028 1134 1091 existimavit,
1172 1045 1290 1081 cum
1317 1026 1566 1081 Severum
1595 1027 1740 1089 citet,
1777 1026 2161 1079 Antiochenum
2209 1026 2411 1078 scilicet
2453 1025 2935 1096 Monophysitarum
2992 1032 3345 1097 prwciprtunt.
3415 1096 3421 1103 .

129 1117 210 1169 Sed
237 1119 452 1185 gravius
484 1116 656 1167 adhuc
675 1117 873 1169 erravit
906 1114 1250 1185 Hargarinus
1285 1114 1497 1177 Binius,
1531 1114 1620 1181 qui
1660 1114 1728 1167 ad
1761 1125 1991 1178 tempora
2022 1114 2159 1167 Julii
2196 1113 2257 1167 ll
2295 1125 2343 1166 et
2380 1114 2537 1166 l‘auli
2566 1112 2656 1166 Ill
2683 1117 2832 1167 illum
2860 1118 3097 1177 reduxit,
3125 1119 3347 1170 immani

130 1206 536 1266 anacltronismo,
573 1220 691 1255 cum
721 1201 895 1257 Moses
921 1204 1013 1258 ille
1036 1201 1590 1258 alter.Meredinensis
1625 1201 1805 1270 fuerit,
1837 1200 2127 1252 Mnrdeuus
2160 1216 2191 1251 a
2225 1199 2409 1253 Hasio
2435 1201 2547 1269 ejus
2586 1202 2640 1253 in
2674 1201 2909 1271 Syriacis
2942 1204 3197 1272 discipulo
3226 1220 3348 1274 per-

125 1308 279 1359 peram
314 1290 637 1356 appellatus.
674 1289 785 1343 Nec
851 1293 1071 1345 meliora
1113 1288 1452 1343 Posseuinus.
1490 1288 1630 1343 Sane
1673 1304 1790 1342 eum
1848 1284 2277 1353 Monophysitam
2317 1286 2481 1353 fuisse
2529 1298 2759 1350 constat,
2802 1290 2981 1357 quales
3019 1301 3189 1352 erant,
3219 1307 3346 1358 quos

126 1379 314 1429 honoris
338 1386 391 1429 et
410 1378 694 1430 testimonii
724 1395 885 1430 causa
912 1365 1165 1444 appellat,
1197 1375 1436 1435 Severus.
1456 1376 1687 1430 Jacobus
1728 1374 2045 1433 I'Idessettus,
2071 1381 2118 1424 et
2141 1371 2275 1423 alter
2307 1372 2634 1441 Serugensis.
2667 1372 2830 1426 Illum
2851 1378 3148 1443 episcopum
3178 1376 3347 1442 fuisse

126 1465 377 1516 verisimile
409 1473 506 1524 est,
532 1480 595 1515 ex
625 1465 866 1531 Liturgia
886 1479 1003 1531 qua:
1025 1464 1126 1540 ipsi
1154 1463 1405 1518 tribuitur
1432 1482 1445 1517 :
1478 1480 1642 1533 neque
1661 1461 1797 1514 enim
1828 1459 1891 1510 ab
1922 1458 2043 1509 aliis
2069 1474 2227 1544 quam
2261 1458 2325 1511 ab
2351 1455 2603 1526 episcopis
2627 1472 2715 1513 aut
2742 1463 3055 1527 patriarchis
3086 1464 3348 1530 composi-

125 1560 191 1600 tas
245 1562 333 1603 aut
368 1551 560 1604 saltem
588 1554 694 1602 illis
723 1552 981 1618 ascriptus
1018 1552 1262 1619 liturgias
1292 1550 1413 1621 Syri
1448 1562 1755 1620 agnoscunt,
1782 1556 1837 1598 ut
1865 1561 1926 1598 ex
1951 1545 2180 1598 [illene/io
2203 1547 2416 1599 illarum
2454 1563 2584 1617 quas
2608 1548 3135 1615 interpretatisumus
3173 1553 3339 1603 mani-

124 1633 288 1697 festum
316 1643 422 1686 est.
449 1632 586 1685 Enni
606 1634 806 1685 decimo
826 1633 1017 1687 sa’culo
1048 1635 1236 1688 vixisse
1264 1635 1444 1687 scribit
1464 1634 1758 1697 Naironus,
1785 1632 1871 1686 sed
1897 1632 2097 1684 nullam
2126 1632 2281 1701 hujus
2302 1634 2619 1702 conjectura
2648 1651 2756 1688 sua:
2781 1635 3137 1703 probationem
3168 1637 3339 1704 oﬂ'ert.

1002 1902 1435 1981 LECTORI
1522 1904 1978 1981 ANDREAS
2037 1903 2437 1982 MASIUS.

172 2083 320 2139 Musis
353 2085 524 2153 hujus
566 2084 851 2139 historiam
889 2083 1050 2153 plane
1080 2096 1165 2134 me
1194 2082 1410 2135 nescire
1439 2080 1633 2143 fateor,
1662 2096 1763 2135 nec
1790 2082 1859 2136 de
1888 2082 1981 2135 illo
2022 2080 2321 2150 quidquam
2376 2079 2649 2149 expiscari
2700 2082 2945 2151 potuisse
2979 2083 3031 2136 in
3082 2088 3339 2142 ecclesia-

117 2174 255 2235 sucis,
276 2174 665 2233 conciliorum,
693 2172 778 2224 vel
832 2178 1148 2223 sanctorum
1205 2167 1650 2229 narrationibus;
1680 2168 1874 2234 quibus
1905 2183 1969 2220 ex
2000 2167 2260 2229 fontibus,
2301 2168 2464 2218 multa
2496 2169 2844 2237 chronologis
2899 2181 2954 2224 et
2990 2171 3337 2226 historiarum

118 2262 457 2325 scriptoribus
492 2274 599 2311 non
628 2260 871 2327 vulgaria
914 2257 1135 2309 haurire
1174 2269 1316 2323 saepe
1354 2254 1484 2307 mihi
1514 2255 1788 2309 usuveuit.
1834 2256 1913 2308 Ac
1942 2268 2008 2306 ne
2038 2268 2099 2305 ex
2149 2252 2233 2305 his
2260 2252 2479 2321 quidem
2527 2254 2673 2307 illius
2703 2257 3145 2323 Commentariis,
3186 2262 3338 2327 potui

118 2343 504 2413 deprehendere
540 2346 828 2413 vestigium
861 2344 1028 2397 ullum
1058 2344 1239 2396 aetatis
1275 2358 1382 2411 qua
1410 2344 1625 2405 vixerit,
1662 2342 1764 2395 nisi
1798 2345 1940 2408 quod
1978 2350 2034 2392 ut
2068 2354 2323 2405 magnum
2352 2340 2712 2393 Athanasium
2742 2351 2790 2394 et
2816 2344 3079 2411 Cyrillum
3104 2347 3339 2399 Alexan-

118 2434 325 2496 drinum,
370 2434 451 2486 ita
478 2446 531 2486 et
556 2434 619 2487 D.
656 2435 1138 2501 Clirysostmnuin,
1164 2418 1590 2497 sinesplendida
1615 2430 1721 2483 ulla
1755 2428 1982 2481 honoris
2016 2426 2340 2480 Prael'atioue
2380 2428 2528 2487 citat,
2568 2430 2923 2498 nominatque
2952 2430 3116 2485 Joan.
3149 2432 3335 2486 Monac

118 2519 302 2582 thum,l
334 2520 433 2573 lib.
465 2536 513 2573 c.
552 2520 570 2571 1
612 2529 665 2573 et
694 2534 743 2573 c.
776 2519 862 2572 10.
894 2516 1177 2571 Dominum
1206 2515 1489 2580 Joannem,
1527 2517 1773 2584 ejusdem
1807 2518 1949 2577 libri,
1985 2531 2086 2583 cap
2117 2516 2169 2577 7,
2203 2524 2257 2568 et
2289 2516 2412 2567 libri
2462 2532 2558 2569 seu
2618 2518 2787 2584 partis
2840 2518 2923 2582 lil,
2954 2536 3074 2589 cap.
3123 2522 3178 2585 5,
3211 2523 3335 2591 qui-

118 2606 196 2657 bus
221 2606 351 2660 locis
386 2607 639 2659 meminit
670 2609 793 2675 ejus
828 2609 1141 2658 orationum
1177 2604 1293 2656 sive
1324 2616 1642 2655 sermonum
1674 2604 1738 2655 de
1765 2619 1957 2655 occasu
1988 2605 2189 2665 mundi,
2221 2604 2284 2655 tle
2318 2618 2449 2655 novo
2495 2609 2715 2668 mundo,
2750 2622 2844 2657 cur
2874 2608 3033 2659 arbor
3066 2622 3246 2661 rocata
3271 2612 3334 2663 sit

115 2692 315 2744 scientiae
333 2694 461 2744 boni
494 2704 544 2744 et
573 2695 724 2756 ntali,
758 2702 811 2744 et
841 2691 909 2743 ad
942 2689 1225 2759 Sitigrium
1254 2705 1347 2743 seu
1376 2686 1669 2757 Stagirium
1704 2707 1723 2745 :
1752 2702 1805 2745 et
1832 2700 2017 2743 ctntra
2049 2706 2135 2743 eos
2167 2694 2253 2760 qui
2284 2703 2470 2757 putant
2503 2696 2757 2746 mundum
2781 2695 3063 2763 gubernari
3086 2714 3115 2747 a
3142 2698 3335 2751 damm-

115 2778 305 2839 sibus,l
348 2782 452 2833 lib.
485 2795 607 2848 esp.
637 2780 727 2832 '22.
762 2783 838 2833 Ac
885 2782 1111 2848 proinde
1146 2779 1230 2830 bis
1280 2792 1388 2830 non
1426 2779 1598 2831 multo
1638 2781 1902 2846 posterior
1950 2780 2081 2832 mihi
2129 2782 2367 2844 Videtur,
2414 2780 2551 2833 forte
2587 2796 2695 2834 non
2729 2797 2975 2849 prorsum
3009 2786 3153 2838 inani
3187 2803 3323 2839 con-

111 2864 288 2930 jectura
320 2883 451 2920 Clllll
487 2869 689 2936 sa-pius
712 2870 895 2921 divum
926 2868 1111 2920 Mosen
1144 2867 1314 2932 dicat,
1342 2866 1361 2920 l
1398 2875 1566 2936 part.,
1599 2883 1719 2936 cap.
1744 2866 1833 2922 28.
1862 2867 1973 2923 llos
2022 2877 2287 2936 praetcrea
2341 2869 2474 2922 citat
2526 2873 2822 2939 scriptores
2850 2874 3255 2929 ecclesiasticos
3277 2887 3332 2931 et

115 2955 338 3017 prubatos
370 2966 655 3019 auctores,
689 2965 748 3008 ut
783 2956 1035 3024 appellat,
1063 2954 1305 3023 ejusdem
1335 2964 1499 3022 νεα..
1534 2970 1653 3023 cap.
1689 2955 1778 3008 (ἐξ.

172 3042 221 3093 υ.
260 3042 452 3095 δυὶίὟί
487 3053 627 3095 orat.
660 3042 751 3106 Ἡ,
785 3045 850 3094 de
875 3041 1221 3109 Epithronio,
1252 3042 1275 3094 1
1306 3043 1454 3104 libri,
1488 3058 1612 3110 cap,
1644 3042 1673 3091 7
1710 3053 1763 3095 et
1798 3044 1880 3105 11,
1914 3052 1968 3095 ct
2018 3042 2247 3095 alteram
2300 3043 2543 3111 ejusdem
2592 3047 2922 3116 argumenti,
2982 3048 3006 3101 1
3037 3047 3189 3118 libr.,
3235 3050 3322 3104 35.

113 3124 334 3193 Ejusdem
363 3129 616 3182 aucwris
640 3137 786 3182 orat.
817 3138 1009 3181 contra
1047 3127 1472 3193 Felicissimum,
1524 3139 1677 3198 parte
1701 3128 1769 3184 ll.

167 3214 217 3268 υ.
251 3217 537 3284 prraim,
569 3218 686 3269 sive
718 3218 950 3284 Ephrem
989 3216 1137 3287 Syri,
1182 3218 1382 3271 librum
1416 3219 1697 3274 cheseos
1728 3219 1841 3273 sive
1868 3218 1934 3270 de
1968 3232 2148 3270 rerum
2180 3226 2325 3280 ortu.
2352 3219 2467 3273 sive
2496 3219 2800 3276 Couunent.
2831 3222 2883 3276 in
2910 3222 3108 3279 Cenes.
3143 3225 3165 3278 1
3198 3224 3322 3289 lih.,

111 3316 145 3354 c.
180 3302 195 3351 l
228 3313 351 3356 etc.
385 3304 442 3368 9,
482 3318 645 3371 quem
683 3306 878 3371 opinor
906 3319 1031 3357 eum
1078 3320 1201 3357 esse
1253 3320 1363 3374 quo
1413 3306 1693 3359 dominum
1758 3304 1988 3374 Ephrem
2038 3303 2275 3370 paradisi
2326 3305 2693 3360 conditionem
2742 3312 2965 3379 essequi
3002 3310 3099 3375 ait,
3140 3313 3160 3363 1
3202 3314 3322 3375 lih.,

110 3403 204 3455 cap.
240 3390 289 3453 7,
320 3400 374 3444 et
398 3407 569 3459 quem
605 3390 767 3443 etiam
799 3392 1093 3458 quemdam
1128 3393 1275 3446 illius
1303 3396 1761 3447 commentarium
1813 3394 2068 3461 appellat,
2114 3392 2131 3441 1
2173 3391 2291 3453 lih.,
2323 3408 2371 3445 c.
2402 3393 2491 3447 27.

162 3478 195 3530 1)
223 3479 510 3533 .Jacobum
543 3478 912 3543 Orrohaitam,
956 3482 1124 3548 partis
1156 3480 1171 3532 l
1204 3496 1321 3549 cap.
1362 3482 1446 3543 11,
1483 3493 1539 3536 et
1573 3484 1740 3550 partis
1773 3481 1815 3533 ll
1842 3498 1890 3533 c.
1921 3481 1975 3532 ‘2.

166 3570 218 3621 D.
242 3568 432 3623 Jacobi
474 3569 806 3638 Sarugcnsis
836 3570 1141 3623 orationem
1175 3572 1241 3623 de
1273 3572 1481 3623 Adamo
1515 3570 1689 3639 ejecto
1720 3584 1751 3623 e
1787 3570 2040 3636 paradiso
2064 3612 2077 3632 ,
2109 3582 2248 3638 part.
2285 3568 2324 3633 Ι,
2356 3586 2475 3638 cap.
2500 3572 2587 3633 ‘20,
2624 3588 2787 3643 quam
2825 3575 2986 3627 etiam
3023 3573 3319 3627 Commen-

113 3660 276 3710 tarium
332 3658 599 3727 appellat,
656 3658 903 3727 ejusdem
960 3659 1132 3728 partis
1175 3674 1223 3711 (ι.
1260 3657 1351 3715 27.
1388 3658 1643 3726 Ejusdem
1689 3660 1970 3711 orationes
2025 3661 2090 3711 de
2136 3659 2335 3712 Christi
2375 3661 2627 3728 passione
2678 3672 2731 3715 et
2782 3678 3036 3734 ascensu,
3076 3678 3179 3713 non
3247 3662 3319 3716 ita

111 3746 301 3799 multum
331 3758 464 3800 ante
505 3746 688 3807 liuetu,
721 3747 742 3799 1
770 3748 912 3800 libri.

162 3834 210 3885 ll.
242 3834 428 3887 Jacobi
474 3833 830 3889 Botuacensis
857 3836 1164 3889 orationem
1195 3836 1261 3889 de
1292 3836 1499 3889 Adawo
1530 3835 1706 3904 ejrcto
1727 3845 1881 3892 ostro
1910 3838 2242 3906 paradisum,
2281 3840 2306 3895 1
2338 3839 2455 3903 111›.,
2496 3854 2546 3894 c.
2581 3838 2672 3895 22.
2731 3901 2734 3904 ,

164 3924 214 3971 υ.
250 3920 378 3974 Julii
414 3924 877 3975 commentarium
916 3924 968 3976 in
1016 3922 1370 3993 Evangelium
1405 3923 1659 3979 Joannis.

166 4007 435 4061 Plnlmeni
498 4007 741 4078 Mabugae
776 4011 1016 4080 episcopi
1067 4026 1377 4065 sermonem
1426 4013 1493 4064 de
1542 4011 1828 4081 contempl:

1656 4011 1998 4081 leinplatioue
2037 4014 2251 4070 arboris
2302 4016 2444 4079 vitae,
2484 4017 2499 4069 1
2557 4017 2726 4089 partis
2790 4035 2840 4072 c.
2886 4017 2937 4084 8,
2975 4017 3062 4084 19,
3090 4016 3181 4083 22,
3212 4030 3318 4075 etc.

110 4090 323 4158 Ejusdem
359 4098 610 4164 capitula
646 4108 833 4151 contra
870 4097 1191 4163 Diodorum,
1226 4111 1378 4169 parte
1410 4100 1498 4154 Ill.

822 4436 1397 4591 MOSIS
1512 4441 2600 4595 BAR-CEPHA

1449 4706 1753 4763 EPISCOPI
1797 4709 1875 4763 δι’
1886 4708 1950 4761 111

642 4878 1692 4997 COMMENTABIA
1792 4887 1969 4996 DE
2071 4887 2763 5000 PARADISO

1222 5102 1326 5161 AD
1363 5102 1740 5161 lGNATIUM
1779 5102 2163 5162 FRATREM.

633 5260 935 5322 (lutcrprete
968 5262 1163 5313 Audrea
1192 5265 1358 5315 Masio.
1384 5294 1441 5303 -—
1468 5267 1632 5317 Critici
1664 5267 1810 5326 sacri,
1844 5274 1961 5318 tom.
1992 5266 2051 5326 11,
2080 5283 2127 5331 ρ.
2151 5266 2238 5318 587
2260 5268 2339 5317 ed.
2372 5269 2769 5334 Amstelodsmi.)

1348 5506 2060 5599 PROCEMIUM.

162 5688 729 5766 Posteaquam,saucte
760 5694 924 5751 frater
942 5698 1512 5768 lgnati,absolvimus,
1539 5717 1644 5756 non
1753 5700 1847 5753 diti
1873 5702 2040 5766 orbis,
2084 5703 2307 5757 minime
2341 5705 2640 5773 perlectum
2668 5708 2886 5777 quidem
2928 5709 3102 5775 illum,
3139 5729 3202 5765 ne
3226 5728 3314 5785 p20

114 5782 199 5835 sine
225 5801 315 5852 ope
336 5790 551 5853 divina,
586 5788 1133 5847 Commentariutndc
1165 5808 1256 5847 sex
1283 5792 1477 5846 diebus
1511 5808 1642 5847 cou-
1749 5794 1896 5846 omni
1951 5809 2015 5846 ex
2049 5804 2197 5863 parte.
2258 5796 2589 5861 absolutum,
2644 5802 2988 5856 orationibus
3038 5782 3311 5871 quinque:
3366 5826 3367 5829 η
