4208 6432
839 373 937 438 ἇΒἹ

2113 374 2342 435 MOSIS
2383 372 2822 432 ΒΑΒοΕΕΡΗΑ

3991 381 4107 444 488

839 489 1010 541 solam
1057 485 1299 552 cadens;
1346 500 1512 556 quam
1566 488 1686 558 pari
1739 486 1899 540 modo
1937 486 2069 550 ligni
2119 483 2414 548 vocabulo,
2447 494 2490 549 Α
2523 495 2646 535 sum
2679 483 2772 552 qui
2811 481 2862 534 in
2907 479 3022 536 sola
3049 489 3231 534 mente
3256 488 3525 542 versetur,
3558 479 3662 534 hoc
3703 491 3804 550 est,
3835 483 4106 555 inettrpu-

838 578 997 630 ambo
1031 577 1221 630 abillo
1280 576 1668 643 subjiciantur.
1727 576 1829 627 Sed
1888 574 2113 641 ohjieiat
2186 571 2417 625 fortasse

839 668 1040 736 aliquis
1072 668 1214 720 hunc
1243 667 1421 734 ipsum
1455 664 1777 734 Gregorium
1805 704 1819 728 ,
1849 663 1940 732 qui
1979 663 2030 715 in
2059 662 2308 715 oratione
2351 662 2418 713 de

838 760 1041 813 Christi
1085 756 1260 810 Natali
1312 773 1434 810 eam
1484 760 1732 812 arborem
1783 755 2114 822 c0gnitionis
2173 754 2300 806 boni
2363 762 2418 807 et

843 852 968 902 mali
995 850 1216 919 mystice
1255 849 1667 918 interpretatur,
1716 847 2239 913 meditationetnque
2295 859 2419 898 esse

839 941 985 995 dicit.
1045 939 1208 1009 Atqui
1265 940 1352 992 ille
1417 938 1650 1004 duplicis
1722 937 2053 990 conditionis
2101 934 2416 1002 paradisum

773 1032 775 1034 ’
837 1050 961 1088 esse
1020 1050 1129 1087 non
1194 1035 1508 1102 ignoravit;
1572 1041 1625 1084 et
1665 1031 1896 1099 proinde
1958 1031 2207 1083 arborem
2268 1029 2416 1081 illam

837 1128 1106 1181 interdum
1136 1143 1232 1195 pro
1262 1129 1460 1192 reipsa,
1481 1125 1754 1177 interdum
1787 1123 2018 1193 mystico
2049 1137 2210 1175 sensu
2245 1119 2416 1174 inter-

840 1229 1084 1285 pretatus
1114 1227 1218 1279 est,
1275 1218 1420 1284 quod
1458 1215 1763 1284 praesertim
1796 1216 1849 1266 in
1890 1229 1954 1267 eo
1995 1228 2252 1266 sermone
2311 1226 2418 1278 quo

842 1311 1053 1364 Natales
1087 1309 1290 1363 Christi
1331 1309 1665 1368 celebrabat,
1696 1308 1800 1360 sibi
1833 1306 2058 1376 putabat
2081 1304 2418 1357 faciendum.

838 1397 971 1450 Nam
1011 1413 1138 1450 cum
1171 1413 1298 1450 enm
1341 1397 1445 1450 sibi
1487 1397 1596 1449 illic
1648 1409 1874 1462 sc0pnm
1925 1393 2324 1460 proposuisset,
2363 1400 2420 1442 ut

839 1488 1095 1555 populum
1159 1488 1403 1549 doceret,
1457 1500 1561 1538 non
1615 1498 1906 1550 corporunt
1963 1483 2054 1534 sed
2108 1483 2417 1534 animorum

844 1579 1112 1630 rationem
1167 1577 1218 1628 in
1259 1579 1429 1628 sacris
1466 1573 1827 1627 concionibus
1872 1581 2035 1638 atque
2073 1571 2287 1639 pompis
2324 1572 2420 1622 ha-

839 1671 1068 1723 bendam
1132 1683 1276 1730 esse,
1343 1681 1441 1720 nec
1500 1666 1685 1719 valvas
1742 1665 1906 1717 sertis
1947 1662 2274 1730 cingendas,
2308 1664 2426 1731 pla-

851 1773 1075 1828 teasque
1106 1756 1475 1820 exornandas,
1510 1767 1561 1810 et
1594 1772 1646 1824 ψ
1671 1771 1716 1809 te
1749 1763 2006 1822 praeterea
2042 1755 2154 1806 illic
2183 1768 2424 1805 comme-

841 1861 1042 1913 morat,
1113 1861 1432 1917 cacteraque
1498 1848 1728 1918 mystice
1774 1855 1922 1899 esset
1994 1846 2416 1910 interpretatus,
2454 1855 2494 1907 Β

840 1942 1243 2011 ipsaorationis
1270 1942 1412 1994 serie
1446 1942 1701 1992 inductus
1734 1947 1815 1991 est
1849 1948 1902 1989 ut
1928 1937 2180 1988 arborem
2202 1950 2421 2002 quoque

848 2039 995 2090 illam
1059 2036 1288 2103 tigni-ate
1342 2032 1818 2098 contemplandam
1872 2035 2192 2095 expelleret.
2248 2026 2325 2080 lta
2370 2035 2424 2079 et

840 2130 1099 2181 dominus
1157 2126 1390 2192 Ephrem
1421 2126 1473 2176 in
1505 2138 1603 2176 suo
1633 2121 2049 2175 Commentario
2080 2133 2189 2187 quo
2224 2119 2420 2170 librum

843 2223 1120 2273 tSeiieseos
1151 2220 1217 2272 de
1265 2221 1428 2270 rebus
1471 2217 1607 2286 ipsis
1655 2216 2071 2284 interpretatur,
2109 2212 2421 2280 paradisum

844 2321 1009 2369 etiam
1049 2330 1104 2365 re
1142 2318 1255 2381 ipsa
1286 2312 1569 2366 exstitisse
1591 2311 1842 2362 allit'mat.
1873 2307 2015 2372 Quin
2043 2317 2095 2360 et
2125 2307 2283 2358 divus
2315 2305 2418 2372 Cy-

845 2409 999 2461 rillus
1024 2407 1076 2458 in
1116 2422 1182 2458 eo
1218 2403 1627 2458 Commentario
1661 2403 1802 2468 quod
1847 2403 1898 2452 iti
1931 2399 2124 2452 Isaiam
2172 2397 2416 2465 prophe-

847 2512 956 2551 tam
997 2497 1263 2557 condidit,
1295 2503 1480 2546 censet
1511 2493 1808 2552 Adamum,
1837 2499 2126 2557 postquam
2169 2489 2425 2557 paradiso

846 2599 990 2642 esset
1030 2602 1308 2657 egressus,
1368 2590 1420 2638 in
1469 2582 1657 2636 Judwa
1699 2583 1936 2650 primum
1974 2581 2275 2634 habitasse.
2319 2579 2425 2633 Sed

847 2685 993 2734 dices
1065 2683 1132 2733 de
1160 2679 1391 2744 mysrico
1422 2679 1567 2729 exitu
1609 2675 1738 2728 Adae
1762 2673 2024 2742 Cyrillum
2078 2674 2185 2724 illic
2217 2674 2364 2741 loqui
2407 2689 2420 2724 :

846 2774 995 2841 atqui
1035 2787 1156 2838 qua:
1180 2769 1428 2836 subjicit,
1460 2769 1560 2819 hoc
1596 2781 1700 2818 non
1729 2765 2090 2833 permittunt:
2133 2767 2209 2817 ait
2260 2766 2426 2827 enim,

848 2873 1135 2931 postquam
1172 2859 1321 2912 varia
1350 2857 1684 2926 pervasisset
1713 2857 1850 2918 loca,
1872 2857 2088 2908 tandem
2120 2853 2432 2925 Hierosoly-

850 2956 952 3007 mis
986 2953 1193 3006 obiisse
1249 2961 1503 3003 mortem.
1584 2949 1660 3000 lle
1707 2948 1877 3015 igitur
1935 2948 2074 3015 ipsa,
2139 2947 2246 3000 huc
2303 2948 2433 2999 illuc

849 3053 1078 3114 vagatus
1105 3044 1304 3106 fuerat,
1337 3056 1401 3094 ac
1437 3040 1683 3109 proinde,
1719 3055 1778 3092 re
1821 3054 2040 3108 quoque
2071 3039 2187 3109 ipsa
2221 3040 2436 3109 paradi-

850 3155 970 3192 smn
1017 3150 1296 3204 egressus.
1340 3133 1574 3201 Insuper
1611 3131 1853 3185 Joannes
1899 3132 2200 3185 monachus
2257 3132 2332 3199 (ι)
2382 3131 2435 3182 in

850 3240 1104 3277 sermone
1132 3237 1234 3276 suo
1261 3223 1325 3277 de
1351 3237 1551 3274 occasu
1577 3221 1764 3273 tnundi
1804 3221 1986 3286 hujus,
2021 3233 2074 3273 et
2107 3224 2172 3273 de
2204 3231 2432 3274 venturo

851 3317 1054 3369 mundo
1087 3329 1229 3368 novo
1254 3352 1269 3377 ,
1309 3315 1497 3366 multis
1529 3313 1788 3375 ostendit,
1825 3328 1886 3365 ea
1911 3328 2032 3381 qua:
2071 3313 2136 3367 de
2169 3314 2431 3381 paradiso

851 3409 1059 3473 set-ipta
1090 3415 1242 3470 sunt,
1295 3415 1731 3460 consentaneum
1766 3420 1889 3459 esse
1922 3416 1982 3457 ut
2011 3407 2079 3458 de
2107 3407 2272 3458 rebus
2299 3405 2435 3472 ipsis

854 3499 1266 3567 intelligantur;
1325 3498 1605 3564 utiturque
1699 3497 1838 3549 inter
1901 3498 2004 3550 alia
2055 3498 2138 3550 his
2202 3497 2433 3551 verbis:

857 3591 1120 3656 Qua-nam
1157 3589 1310 3642 fuere
1358 3591 1548 3641 Adatni
1599 3605 1733 3658 opes
1789 3591 1840 3641 in
1907 3591 2206 3658 paradiso?
2255 3605 2434 3642 annon

864 3685 1090 3734 arbores
1142 3680 1480 3745 fructifera,
1535 3680 1744 3734 feraces
1803 3680 2060 3734 foliorum
2118 3684 2321 3751 quibus
2379 3700 2438 3737 se

857 3775 1018 3844 primi
1051 3784 1310 3843 parentes
1334 3784 1639 3836 conterent,
1676 3783 1729 3826 et
1755 3775 1958 3827 llunten
1982 3777 2138 3843 aquis
2170 3775 2442 3843 proﬂuen-

864 3869 1012 3920 tibus
1069 3866 1289 3920 illorum
1351 3864 1501 3918 sitim
1567 3865 1950 3933 restinguens;
2022 3881 2255 3934 quarunt
2323 3868 2443 3919 alite

865 3971 1032 4023 super
1073 3957 1281 4009 hancce
1315 3963 1539 4018 terram,
1571 3954 1691 4008 alia:
1737 3957 1927 4008 subter
1971 3954 2440 4018 diiluntlebamnr,

865 4055 1002 4099 teste
1031 4043 1222 4098 llose?
1250 4043 1384 4096 Nam
1432 4044 1475 4097 si
1527 4059 1654 4112 quis
1687 4053 1769 4096 est
1807 4043 1900 4112 qtti
1935 4053 2086 4111 putet
2109 4044 2337 4096 arbores
2387 4043 2442 4094 in

868 4139 1126 4206 paradiso
1165 4152 1270 4188 non
1303 4135 1471 4189 fuisse
1502 4145 1845 4202 corporatas,
1875 4135 1995 4203 ejus
2021 4135 2207 4188 animo
2250 4135 2444 4188 intelli-

867 4229 1012 4293 genti
1049 4241 1202 4294 teque
1234 4225 1480 4276 divinum
1518 4223 1832 4291 Eloquium,
1885 4223 2064 4274 lumen
2101 4221 2445 4289 suppeditare

866 4317 1127 4378 debebat,
1157 4317 1301 4384 quod
1349 4331 1445 4383 per
1476 4314 1660 4366 Mosen
1695 4313 1762 4366 de
1789 4313 2042 4381 paradiso
2072 4313 2274 4366 diserte
2306 4313 2449 4365 allir-

874 4419 1028 4474 mat,
1093 4407 1259 4461 Evam
1315 4407 1531 4476 generis
1584 4406 1810 4458 humani
1870 4414 2097 4457 matrem
2150 4405 2452 4472 sumpsisse

2521 588 2698 637 reum,
2753 573 3052 628 contulisse
3106 587 3228 625 cum
3269 576 3487 641 regione
3523 572 3796 637 Jordanis,
3835 579 3928 630 sed
3967 594 4100 631 eum

2519 663 2610 734 qni
2649 679 2709 717 re
2749 663 2864 732 ipsa
2899 665 3190 718 exsisteret
3246 677 3677 734 corporatusqne
3709 676 3875 728 esset,
3913 671 4109 725 existi-

2520 757 2750 811 mandus
2781 768 2881 810 est.
2925 756 3063 809 Tum
3097 755 3238 809 alius
3267 771 3485 824 quoque
3532 759 3788 827 pr0pheta
3821 759 3887 812 de
3934 775 4106 827 para-

2519 850 2638 904 diso
2666 849 2993 902 vaticinatus
3027 850 3198 902 estad
3238 848 3379 901 hunc
3408 855 3627 902 modum
3660 867 3674 904 :
3707 871 3724 901 ι
3765 853 3898 904 Ante
3940 852 4105 905 illum

2523 940 2812 1010 paradisus
2856 936 2948 992 Dei
2982 976 2996 999 ,
3055 950 3175 1006 post
3234 939 3385 992 illmn
3448 954 3576 992 vero
3638 944 3800 995 veluti
3857 959 4102 1011 campus

2519 1034 2856 1085 devastatus.
2897 1027 3110 1098 tlgitur
3175 1045 3240 1082 ex
3308 1032 3375 1084 iis
3426 1031 3680 1084 omnibus
3743 1049 3862 1101 quae
3923 1037 4110 1088 adhuc

2522 1124 2792 1186 diximus,
2829 1133 3044 1176 constat
3086 1121 3306 1175 unicum
3346 1125 3565 1192 quidem
3600 1139 3720 1178 esse
3761 1129 4108 1191 paradisum,

2522 1213 2616 1266 sed
2652 1230 2777 1267 eum
2820 1214 3054 1282 duplicis
3095 1213 3473 1278 conditionis;
3516 1231 3817 1285 corporere,
3867 1221 4105 1284 inquam

2521 1317 2578 1360 et
2602 1306 2941 1374 incorporea
2979 1324 2992 1372 ;
3024 1307 3128 1359 hoc
3156 1315 3263 1371 est,
3299 1315 3354 1359 et
3387 1306 3452 1358 ad
3497 1322 3694 1362 sensus
3742 1310 3911 1376 ipsos,
3941 1318 3997 1361 et
4031 1315 4103 1361 ad

2523 1398 2722 1450 mentis
2753 1396 3164 1465 intelligentiam
3191 1397 3462 1466 pertinere
3487 1412 3501 1450 :
3538 1396 3844 1468 falsumque
3871 1401 4112 1468 proinde

2528 1505 2651 1545 esse
2697 1491 2841 1558 quod
2879 1500 2972 1544 aut
3011 1489 3114 1542 sub
3161 1491 3338 1545 solum
3387 1506 3608 1546 sensum
3639 1494 3821 1556 cadat,
3876 1505 3969 1546 aut
4002 1496 4114 1548 sub

2525 1583 2700 1636 solam
2759 1582 3201 1651 intelligentiam,
3253 1591 3350 1636 aut
3399 1585 3634 1652 denique
3683 1586 3828 1637 ouod
3876 1587 4114 1640 omnino

2526 1679 2637 1730 duo
2673 1684 2890 1729 exstent
2925 1674 3187 1744 paradisi.

3131 1805 3361 1861 CAPUT
3413 1806 3477 1862 ll.

2598 1942 2731 2008 Quis
2763 1951 3102 2013 corporatus,
3140 1954 3186 1995 et
3217 1944 3334 2011 quis
3364 1943 3630 2012 spiritalis
3679 1946 3964 2011 paradisus
4014 1950 4115 2001 sit.

2529 2036 2820 2090 Paradisus
2869 2053 3172 2104 corporeus.
3204 2066 3260 2076 —
3303 2038 3421 2089 Jam
3450 2053 3581 2089 vero
3629 2049 3983 2106 posteaquam
4014 2039 4118 2093 de-

2531 2130 2964 2183 monstravimus
2987 2130 3210 2183 unicum
3241 2143 3363 2183 esse
3388 2130 3702 2198 paradisum
3724 2172 3738 2195 ,
3789 2146 3895 2182 non
3939 2132 4112 2187 duos.

2528 2227 2622 2274 sed
2658 2238 2782 2274 enin
2838 2222 3071 2291 duplicis
3124 2237 3245 2276 esse
3283 2223 3654 2285 Conditionis,
3703 2237 3977 2290 corporea:
4043 2233 4106 2276 et

2529 2311 2886 2378 incorporeas,
2951 2327 3296 2380 consequens
3350 2323 3431 2367 est
3488 2322 3546 2365 ut
3591 2313 3929 2373 doceamus.
3977 2316 4117 2381 quis

2529 2418 2845 2471 corporeus,
2877 2412 2928 2456 et
2971 2404 3095 2472 quis
3126 2405 3483 2470 incorporeus
3513 2406 3582 2456 sit
3610 2405 3918 2472 paradisus.
3961 2404 4110 2456 Cor-

2532 2510 2755 2562 porcmn
2791 2496 2954 2563 igitur
3001 2496 3316 2564 paradisum
3362 2510 3482 2549 esse
3527 2496 3842 2557 statuimus,
3876 2496 4118 2548 arbor-cs

2535 2587 2714 2640 omnis
2746 2587 2961 2655 generis
2986 2587 3267 2655 plurimas,
3296 2589 3561 2639 varietate
3587 2585 4117 2654 pulchritudineqne

2536 2677 2911 2737 admirandas,
2969 2687 3133 2744 atque
3187 2675 3444 2730 [oliorum
3494 2687 3547 2731 et
3615 2676 3889 2729 fructuum
3922 2715 3937 2739 ,
3990 2691 4118 2744 qua:

2536 2769 2621 2822 sui
2660 2770 3016 2836 cupiditatem
3053 2772 3290 2820 excitent
3324 2771 3640 2832 maximam,
3669 2770 3899 2831 feraces,
3928 2784 4122 2836 aequa-

2537 2861 2742 2925 bilique
2795 2871 2958 2927 atque
3006 2857 3388 2912 aniteuiSsitno
3442 2862 3650 2927 positas
3702 2862 3819 2914 loco
3863 2861 4118 2912 :tlunten

2539 2964 2802 3022 pra-terea
2840 2953 3028 3020 ingens
3058 2962 3112 3004 et
3145 2952 3386 3019 amplum
3425 2966 3536 3020 quo
3584 2952 3687 3004 illa:
3715 2953 3989 3019 rigantur,
4033 2954 4118 3003 Io-

2540 3063 2662 3100 curn
2698 3045 2934 3113 denique
2979 3045 3156 3113 ipsum
3190 3043 3520 3111 spatiosum,
3555 3052 3794 3111 gratum,
3819 3051 3989 3108 atque
4023 3059 4120 3094 ac-

2542 3140 2889 3192 commodum
2932 3139 2998 3192 ad
3048 3153 3207 3191 usum
3245 3138 3752 3203 habitationemque
3805 3138 4126 3192 hominum.

2548 3227 2762 3281 Rursus
2823 3229 3135 3296 [aradisum
3187 3228 3279 3296 qui
3329 3227 3395 3279 ad
3457 3227 3654 3278 mentis
3701 3225 4128 3294 intelligentiam

2535 3328 2768 3388 spectat,
2795 3334 3072 3388 quemque
3105 3321 3487 3386 incorporeum
3527 3318 3876 3371 nominamus
3901 3357 3914 3379 ,
3949 3319 4125 3370 \itant

2537 3429 2657 3465 esse
2685 3413 2976 3465 deﬁnimus
3013 3427 3132 3479 qtue
3173 3413 3332 3479 plane
3382 3411 3685 3463 secundum
3725 3420 3989 3468 mentem.
4031 3427 4132 3478 per

2541 3505 2956 3572 temperantiam
2989 3505 3446 3571 sanctitatemque
3484 3505 3812 3556 excellenter
3849 3503 4125 3570 agitatur,

2548 3599 2767 3666 plenam
2821 3597 3195 3649 meditationis
3249 3610 3427 3647 rerum
3475 3604 3588 3646 tum
3637 3595 3952 3646 divinarum
4007 3604 4130 3644 tum

2545 3689 2933 3752 cmiditat'nm;
2975 3705 3001 3739 a
3034 3703 3139 3756 qua
3175 3691 3363 3754 procul
3395 3687 3577 3738 absint
3606 3695 3773 3742 (θυι-τε.
3831 3702 4136 3742 tricerores.

2543 3786 2800 3853 gemitus,
2855 3780 3290 3835 concomitanter
3349 3794 3477 3830 vero
3537 3777 3832 3844 gaudium,
3896 3778 4133 3840 laetitia,

2545 3873 2856 3927 exsultatio.
2891 3873 3024 3924 Nam
3067 3871 3159 3938 qui
3184 3871 3236 3920 in
3267 3870 3367 3921 hoc
3418 3868 3677 3936 paradiso
3713 3882 4024 3929 versantur,
4053 3870 4138 3920 vi-

2551 3979 2656 4019 tam
2696 3965 2856 4033 plane
2903 3964 3113 4015 beatam
3151 3971 3314 4024 atque
3347 3959 3646 4027 angelicam
3679 3959 3888 4020 vivunt,
3931 3961 4142 4010 radiis-

2548 4072 2655 4126 que
2683 4057 2884 4108 divinae
2918 4052 3159 4106 notionis
3202 4053 3568 4114 illustrantur,
3597 4058 3653 4102 ut
3682 4050 3881 4118 angeli.
3923 4049 4140 4117 Duplex

2550 4152 2716 4217 igitur
2773 4147 2861 4199 ille
2921 4146 3212 4214 paradisus
3247 4155 3518 4211 quatenus
3552 4143 3772 4209 quidem
3831 4155 4146 4206 corporeus

2555 4252 2694 4303 erat,
2732 4239 2948 4299 Adami,
2977 4236 3208 4303 Erteque
3241 4250 3444 4300 corpus
3471 4233 3777 4285 oblectabat
3812 4248 3823 4283 :
3852 4243 4138 4298 quatenus

2556 4347 2682 4383 vero
2719 4333 3073 4396 incorporeus
3103 4339 3264 4394 atque
3298 4325 3362 4376 ad
3398 4333 3630 4375 mentem
3665 4332 3944 4391 spectans,
3984 4322 4142 4388 ipso-

2559 4438 2680 4475 l‘llm
2716 4420 3001 4472 recreabat
3036 4419 3268 4470 animos.
3304 4415 3515 4483 Quippe
3540 4416 3772 4468 uteibns
3807 4424 4146 4480 corporatus

872 4503 1105 4563 l'ructns,
1133 4514 1338 4568 eosque
1369 4500 1574 4552 edisse.
1606 4498 1708 4563 Qui
1742 4498 2005 4565 potuisset
2039 4499 2182 4548 enim
2229 4499 2316 4548 illa
2360 4497 2433 4548 de-

2560 4513 2657 4564 alit
2690 4525 2892 4578 corpus
2918 4527 2932 4562 ε
2957 4510 3027 4560 ita
3078 4507 3339 4576 cogitatio
3371 4516 3482 4556 tum
3511 4504 3576 4555 de
3623 4503 3730 4553 Deo
3765 4502 3881 4568 ipso
3914 4511 4034 4553 tum
4084 4505 4147 4553 de

871 4611 1091 4667 cet-[ere
1133 4595 1183 4649 id
1217 4594 1362 4664 quod
1397 4596 1500 4649 sub
1533 4604 1736 4648 tactum
1786 4609 1892 4646 non
1936 4593 2202 4658 cadebat,
2248 4605 2340 4644 aut
2383 4593 2449 4644 de

874 4692 967 4742 illo
1001 4704 1198 4756 capere
1226 4687 1370 4756 quod
1423 4689 1807 4754 incorporeum
1841 4697 1958 4739 erat
1985 4727 1998 4750 ,
2027 4701 2152 4738 cum
2208 4685 2258 4738 id
2297 4686 2443 4753 quod

873 4790 1240 4850 Corporatttr.e
1267 4795 1462 4846 espers
1504 4788 1610 4838 est,
1642 4779 1808 4831 dividi
1847 4795 1952 4830 non
1984 4780 2177 4846 possit,
2204 4796 2269 4831 eo
2296 4779 2443 4846 quod

875 4873 946 4925 sit
979 4877 1314 4938 incorporea:
1342 4869 1579 4921 naturae?
1619 4868 1743 4922 ΙΙωο
1791 4867 2031 4922 Joannes
2105 4869 2211 4930 ille,
2255 4881 2309 4922 et
2348 4875 2450 4920 alia

875 4963 1159 5029 complura
1211 4977 1276 5013 eo
1330 4961 1432 5014 loei
1487 4963 1689 5029 scripta
1739 4961 1982 5028 reliquit,
2019 4961 2218 5029 quibus
2262 4966 2454 5014 edot-et

879 5068 1203 5120 corporeum
1259 5051 1433 5105 fuisse
1486 5051 1844 5118 paradisum:
1887 5055 2031 5118 quod
2086 5053 2262 5119 ipsum
2313 5054 2447 5104 satis

881 5149 1028 5200 clare
1079 5148 1240 5199 etiam
1276 5145 1442 5198 Mosis
1478 5145 1644 5197 verba
1693 5144 2118 5197 testanturdum
2173 5145 2222 5195 in
2257 5143 2453 5195 Genesi

881 5244 961 5296 sic
995 5239 1222 5294 scribit:
1266 5237 1333 5289 Et
1359 5238 1576 5290 sustulit
1609 5236 1705 5288 Lot
1741 5241 1920 5287 oculos
1949 5253 2090 5298 suos,
2131 5246 2178 5287 et
2198 5237 2456 5288 viditom-

883 5351 1000 5386 neut
1029 5346 1227 5383 terram
1267 5327 1546 5390 Iordanis,
1590 5335 1730 5397 quod
1775 5331 2024 5380 universa
2065 5340 2196 5381 esset
2232 5330 2460 5397 irrigua,

888 5425 1197 5492 priusquam
1232 5423 1569 5475 subvertisset
1621 5421 1760 5474 Deus
1797 5420 2083 5474 Sodomam
2140 5431 2186 5473 et
2241 5420 2466 5474 Gomor-

890 5515 1531 5582 rltam,quasiparadisus
1570 5514 1720 5568 θεῖ’.
1752 5513 1870 5567 Non
1904 5517 2050 5568 enim
2093 5531 2214 5569 eum
2250 5517 2466 5585 paradi-

995 5661 1016 5692 '
1046 5660 1179 5716 Cen.
1210 5677 1326 5725 χιιι,
1356 5659 1443 5714 ‘lO.

967 5817 1044 5884 (l)
1078 5817 1528 5882 Cltiysostotnutn
1563 5816 1720 5868 dicit.

2560 4604 2626 4657 iis
2659 4605 2824 4656 rebus
2857 4615 2994 4668 quas
3030 4599 3173 4652 Deus
3205 4597 3483 4657 condidit,
3523 4595 3694 4662 pascit
3740 4596 3991 4644 animum
4053 4611 4144 4644 ra-

2561 4701 2708 4751 tione
2736 4697 3052 4764 praeditum.
3093 4691 3326 4746 Perinde
3361 4689 3505 4742 enim
3546 4687 3773 4740 sricntia
3809 4695 3862 4738 et
3892 4689 4148 4754 cognitio

2573 4790 2765 4853 animi,
2803 4798 2966 4855 atque
3000 4787 3178 4854 panis,
3211 4783 3456 4852 corporis
3498 4790 3579 4833 est
3614 4780 3960 4831 alimentum.

3179 4915 3411 4972 CAPUT
3459 4915 3547 4968 lll.

2628 5061 3043 5114 Consentaneum
3079 5067 3154 5110 est
3212 5054 3402 5107 Veteris
3446 5048 3760 5105 Testamenti
3812 5044 4158 5114 Srriptvrum

2563 5155 2778 5222 mystice
2796 5149 3162 5217 interpretari.
3182 5178 3244 5184 —
3267 5146 3405 5198 Sunt
3431 5143 3571 5196 inter
3597 5139 3878 5193 Irarreticos
3904 5140 4001 5204 qui
4026 5153 4128 5187 con
4147 5166 4158 5173 -

2568 5244 2798 5293 tendunt
2837 5241 3060 5291 minime
3116 5235 3432 5294 convenire,
3487 5244 3537 5284 ut
3577 5229 3787 5282 Veteris
3814 5229 4160 5279 'l't'Starnt-nti

2575 5335 2780 5401 scripta
2817 5333 3062 5401 mystice,
3094 5306 3255 5397 atque
3288 5326 3446 5379 aliter
3478 5339 3639 5392 quam
3696 5324 3763 5374 de
3798 5322 3934 5388 ipsis
3967 5325 4158 5376 rebus.

2579 5425 3013 5490 interpretentur
3042 5439 3056 5474 :
3102 5421 3448 5490 graviterque
3479 5423 3744 5469 accusant
3768 5428 3867 5465 eos
3898 5413 3997 5478 qui
4033 5429 4162 5464 etn-

2578 5531 2657 5569 tra
2690 5515 2918 5569 faciunt.
2975 5513 3138 5581 Atqui
3174 5514 3217 5566 si
3250 5512 3321 5564 ita
3377 5519 3610 5571 statuas,
3646 5507 3812 5558 multa
3849 5519 3907 5558 ut
3963 5518 4163 5556 cs-nse-
