4208 6432
152 436 247 500 489

1270 419 1365 480 DE
1408 417 1801 479 PAHADN).
1850 443 1915 452 -
1958 419 2146 477 l’AlL-i
2185 420 2236 478 Ι.

3278 417 3385 477 490

156 553 379 615 quantur
409 540 643 599 absurda
686 552 970 595 necessum
998 545 1099 591 est.
1139 534 1320 588 Primo
1352 534 1497 588 enim
1533 532 1703 586 Vetus
1738 551 1777 605 Α
1810 532 2073 587 Praeterea
2124 531 2290 587 Mosis
2319 539 2623 603 serpentem
2655 545 2865 586 :eneum
2896 544 3054 599 quem
3086 532 3139 584 in
3170 532 3387 587 deserto

157 637 559 693 Testamentum
586 634 722 689 nihil
757 632 862 685 nisi
889 644 1065 683 meras
1096 629 1382 695 nudasque
1412 627 1715 681 continebit

158 731 407 787 historias
464 746 476 780 :
528 726 844 792 carebitque
915 737 1138 792 prorsus
1225 720 1467 789 mysticis
1544 718 1715 771 sancti

160 825 386 894 Spiritus
437 821 637 883 sensis,
686 816 877 873 deinde
938 812 1324 868 obﬁrmabitur
1380 811 1604 864 Manetis
1667 820 1720 861 et

159 915 441 970 Marcionis
473 910 763 977 sententia,
798 910 892 979 qui
922 906 1179 961 dicebant
1208 905 1369 958 Vetus
1392 906 1714 958 Testamen-

160 1018 260 1061 tum
293 1017 635 1074 nequaquam
666 1003 733 1056 ab
764 1007 985 1053 auctore
1018 996 1108 1050 Dei
1141 996 1346 1051 Christi
1374 995 1540 1049 Patre
1564 1008 1709 1048 esse.

164 1098 423 1152 Praterea
492 1094 597 1148 nisi
661 1092 716 1145 in
768 1089 863 1143 illo
918 1088 1200 1141 recondita
1260 1086 1464 1140 fuerint
1524 1097 1722 1136 arcana

164 1200 334 1250 sensa,
407 1184 553 1239 unde
610 1189 838 1249 potuere
889 1179 1052 1248 prisci
1127 1186 1347 1246 patres,
1424 1176 1723 1243 pr0pheta‘,

163 1278 354 1345 aliique
386 1273 558 1329 sancti
591 1270 695 1324 viri
728 1270 1028 1340 intelligere
1060 1269 1341 1323 Christum
1371 1266 1498 1318 olim
1535 1275 1726 1319 ventu-

164 1384 310 1431 rum;
347 1382 415 1420 ex
457 1379 636 1434 eaque
668 1379 724 1417 re
768 1372 917 1417 tanto
968 1360 1105 1413 afﬁci
1132 1356 1376 1426 gaudio?
1413 1356 1653 1425 Denique
1682 1356 1724 1409 si

163 1462 225 1514 ita
249 1473 379 1511 cum
427 1457 536 1511 illis
585 1456 858 1510 haereticis
891 1453 1183 1513 sentimus,
1230 1450 1478 1519 profecto
1522 1449 1574 1502 in
1628 1446 1725 1500 Ju-

162 1551 422 1604 daismum
470 1549 803 1606 incidimus;
838 1545 1039 1614 quippe
1078 1544 1272 1607 Judaei,
1311 1550 1368 1596 ut
1415 1542 1507 1611 qui
1556 1538 1728 1611 Spiri-

165 1652 243 1698 tus
288 1644 466 1697 sancti
519 1648 769 1709 expertes
822 1648 986 1701 sunt,
1050 1638 1152 1690 alia
1209 1652 1369 1703 quam
1427 1634 1730 1704 corporalia

164 1751 447 1804 crassaque
473 1746 634 1787 sensa
678 1730 824 1784 nulla
855 1731 1278 1799 amplectuntur.
1324 1725 1524 1779 Verum
1560 1727 1734 1778 enim-

164 1843 279 1881 vero
305 1826 529 1879 arcanis
560 1826 725 1877 etiam
790 1822 970 1877 modis
1031 1831 1196 1889 atque
1261 1818 1506 1887 mysticis
1561 1817 1733 1887 expli-

165 1920 359 1971 candos
406 1931 531 1969 esse
566 1929 756 1969 sacros
808 1914 1024 1976 Libros,
1073 1929 1135 1964 ex
1192 1910 1259 1964 iis
1292 1910 1583 1963 conﬁcitur
1614 1925 1730 1977 qme

172 2012 324 2063 modo
364 2009 717 2076 subjicnnus.
764 2007 821 2060 Si
857 2006 1001 2061 enim
1051 2004 1194 2073 quod
1244 2004 1493 2072 capiendi
1532 2001 1727 2067 Judaei,

165 2102 316 2168 inque
352 2100 613 2155 exsilium
649 2098 913 2160 ducendi,
936 2096 1191 2166 quodque
1226 2112 1419 2149 rursus
1466 2095 1730 2148 liberandi

165 2191 563 2255 reducendique
613 2192 666 2244 in
700 2190 931 2259 patriam
980 2198 1163 2242 essent
1191 2205 1204 2251 ;
1231 2204 1347 2253 qua:
1384 2188 1559 2255 rcipsa
1596 2201 1730 2237 coii-

173 2282 433 2352 tingentes
490 2284 675 2352 ﬁgurae
722 2282 941 2335 fuerunt
974 2297 988 2333 :
1019 2280 1159 2349 jnssi
1214 2292 1341 2333 sunt
1373 2280 1540 2332 divini
1583 2286 1734 2329 rates

169 2376 345 2444 ﬁguris
376 2384 541 2443 atque
597 2375 740 2444 typis
771 2374 1097 2442 quibusdam
1136 2370 1453 2439 przedicere,
1508 2385 1616 2436 quo
1655 2370 1735 2420 ri-

167 2470 347 2522 delicet
408 2469 501 2521 Dei
558 2468 897 2535 providentia
954 2465 1068 2533 jam
1126 2474 1238 2516 tum
1287 2472 1735 2529 agnosceretur:

170 2558 299 2609 sicut
345 2556 494 2625 apud
550 2554 887 2609 Ezechielem
930 2557 994 2609 de
1024 2550 1290 2606 sumendo
1321 2550 1510 2613 latere,
1557 2551 1623 2601 de
1652 2550 1737 2601 di-

170 2647 404 2701 videndis
434 2648 617 2701 barba:
654 2657 709 2700 et
734 2646 930 2714 capitis
960 2643 1088 2713 pilis
1133 2651 1188 2696 et
1217 2642 1469 2694 cubando
1516 2642 1569 2693 in
1599 2640 1735 2693 late-

171 2740 330 2799 ribus,
364 2740 553 2791 ridere
607 2738 746 2800 est“;
801 2736 931 2789 item
986 2733 1127 2802 apud
1174 2732 1377 2785 Isaiam
1433 2732 1498 2785 de
1530 2732 1736 2783 amictu

173 2831 324 2889 sacci,
362 2832 549 2898 deque
602 2828 858 2881 nudando
908 2825 1216 2894 corpore';
1272 2833 1532 2891 praeterea
1596 2820 1738 2889 apud

171 2919 453 2976 ieremiam
510 2921 575 2974 de
634 2920 766 2987 jugo
821 2928 875 2972 et
926 2916 1239 2979 \'inculis';
1304 2915 1542 2983 denique
1597 2912 1741 2980 apud

173 3008 352 3065 Oscam
385 3013 455 3064 de
485 3010 735 3063 ducenda
768 3024 940 3062 uxore
991 3008 1238 3061 adultera
1270 3016 1327 3059 et
1377 3006 1738 3067 meretrice’;

175 3111 320 3165 atque
348 3100 425 3152 ita
448 3100 515 3153 de
538 3100 662 3153 aliis
704 3098 954 3166 plurimis
979 3113 1100 3167 qua:
1135 3111 1281 3150 nunc
1314 3112 1420 3150 non
1457 3106 1538 3149 est
1566 3110 1744 3163 opera:

177 3192 397 3255 pretium
445 3206 769 3259 percensere
809 3208 822 3243 :
861 3203 1067 3257 quanto
1095 3190 1267 3257 magis
1308 3197 1741 3243 consentaneum

178 3283 505 3348 putabimus,
560 3282 615 3333 in
663 3282 777 3350 lege
828 3292 994 3349 atque
1040 3283 1319 3351 prophetis
1352 3280 1576 3350 mystice
1608 3280 1743 3347 ﬁgu-
1775 3271 1815 3291 "

178 3382 387 3443 rateque
462 3374 553 3427 illi
614 3374 932 3426 adntiranda
989 3385 1155 3441 atque
1225 3373 1737 3442 prtecellentissima

180 3478 339 3531 neque
371 3479 618 3529 unquam
664 3464 796 3515 satis
836 3464 1104 3516 laudanda
1142 3478 1304 3531 opera
1350 3478 1468 3529 qua:
1504 3460 1740 3513 Verbum

180 3552 260 3608 Dei
316 3556 600 3617 Christus,
637 3554 765 3607 dum
808 3555 861 3606 in
924 3570 1088 3607 carne
1143 3562 1410 3614 tersatur,
1471 3552 1741 3620 patravit,

180 3660 394 3713 quaeque
430 3646 593 3699 nobis
626 3648 678 3697 in
716 3646 921 3698 tnundo
951 3645 1042 3697 illo
1072 3646 1427 3712 sempiterno,
1456 3644 1613 3711 cujus
1650 3657 1745 3709 spe

181 3738 475 3792 certissima
496 3737 755 3798 fruimur,
775 3747 1034 3789 eventura
1057 3737 1324 3803 promisit,
1343 3749 1463 3787 esse
1487 3748 1742 3801 prtenun-

181 3830 335 3883 tiatal
394 3830 477 3883 Ad
534 3830 657 3894 hoc,
711 3828 1118 3881 tabernaculum
1176 3826 1302 3879 illud
1352 3826 1546 3893 exiguo
1579 3824 1742 3877 dura-

182 3930 350 3972 turum
381 3930 667 3985 tempore,
709 3934 818 3987 quo
873 3928 1070 3969 ornatu
1127 3931 1394 3985 corporeo
1450 3924 1597 3967 esset
1645 3931 1742 3967 ex-

181 4012 493 4063 struendum
526 4025 557 4063 a
590 4008 758 4075 Mose,
796 4025 901 4062 non
933 4019 1060 4062 ante
1100 4010 1152 4060 in
1187 4008 1306 4073 ipso
1339 4018 1523 4061 monte
1557 4008 1748 4076 mysti-

182 4103 252 4153 cis
280 4106 459 4155 modis
494 4103 599 4170 ipsi
640 4104 956 4155 ostenderat
987 4100 1161 4154 Deus!
1203 4100 1347 4151 Sane
1392 4114 1458 4153 eo
1494 4111 1744 4167 spei-tant

184 4196 330 4247 verba
353 4195 448 4247 illa
473 4210 620 4264 quae,
646 4205 933 4261 postquam
955 4194 1043 4245 ille
1064 4194 1440 4246 descendisset
1461 4194 1742 4254 demente,

183 4287 238 4335 ad
267 4288 441 4352 ipsum
494 4288 583 4339 hic
618 4285 872 4348 faciebat,
906 4286 1163 4353 inquiens
1199 4301 1213 4337 ε
1256 4283 1436 4337 Παειο
1477 4301 1540 4337 ac
1583 4286 1746 4352 facito

183 4382 346 4431 omnia
370 4380 444 4431 ad
467 4380 523 4430 id
545 4380 817 4445 exemplar
852 4380 989 4447 quod
1024 4379 1119 4430 tibi
1150 4379 1205 4429 in
1239 4389 1413 4431 monte
1450 4380 1656 4431 ostendi
1682 4380 1744 4431 ‘°.

186 4468 312 4533 Quid
332 4470 610 4525 Gedeonis
642 4470 870 4522 vellus”
896 4470 917 4519 ?
944 4470 1083 4533 Quid
1116 4468 1295 4523 ΕΗεωί
1328 4470 1627 4539 hydria"?
1654 4486 1749 4522 an-

185 4576 282 4613 non
334 4572 533 4631 praeter
576 4562 722 4629 ipsas
767 4575 853 4614 res
882 4575 1003 4628 qua:
1053 4562 1378 4629 agebantur,
1418 4561 1521 4614 alia
1580 4564 1743 4614 etiam
1784 4586 1826 4640 ι)

187 4653 383 4705 seclusa
415 4655 471 4703 in
511 4652 649 4719 ipsis
675 4663 833 4704 erant
873 4651 1075 4705 sensa?
1104 4652 1233 4719 quid
1268 4652 1533 4717 triticum,
1572 4654 1749 4722 palea,

189 4744 572 4806 reutilabrum,
592 4757 714 4811 qua:
738 4755 1131 4797 commemorat
1152 4743 1393 4797 Joannes
1416 4743 1654 4813 Baptista
1673 4745 1714 4775 ¹³
1731 4746 1752 4795 ?

190 4850 307 4888 num
338 4851 436 4904 pro
466 4836 605 4904 ipsis
637 4835 800 4888 rebus
828 4837 1315 4905 suntaccipienda,
1343 4850 1406 4889 ac
1442 4851 1548 4889 non
1576 4838 1755 4904 potius

192 4941 447 4982 arcanum
488 4927 624 4996 quid
658 4942 749 4996 per
780 4942 841 4981 ea
898 4928 1206 4994 signiﬁcare
1229 4930 1321 4982 ille
1355 4929 1755 4997 volebat?quin

192 5018 297 5086 ipse
324 5023 491 5075 etiam
533 5020 797 5075 Dominus
828 5031 1015 5075 noster
1066 5021 1143 5073 ait
1192 5022 1567 5075 Abrahamum
1599 5034 1755 5091 opta-

192 5114 321 5166 visse
350 5125 401 5167 ut
440 5114 652 5167 videret
690 5114 833 5168 diem
882 5116 1089 5183 ipsius,
1136 5130 1200 5169 ac
1241 5116 1442 5171 vidisse
1474 5118 1756 5187 gavisam-

195 5220 287 5271 que
316 5207 531 5269 esse";
568 5222 728 5277 quem
759 5216 939 5263 tamen
989 5210 1143 5262 aliter
1171 5211 1482 5278 prospicere
1515 5224 1620 5263 non
1659 5224 1756 5278 po-

196 5299 287 5348 tuit
351 5301 482 5362 ille,
551 5315 717 5369 quam
765 5316 863 5370 per
900 5310 1083 5370 typum
1144 5318 1206 5354 ac
1245 5304 1534 5371 mysteria,
1598 5302 1757 5371 quale

199 5387 315 5442 illud
368 5391 473 5446 fuit
504 5392 652 5461 quod
685 5392 854 5448 lilium
893 5409 1049 5448 suum
1079 5394 1361 5447 immolare
1388 5394 1754 5463 jubebatur”,

196 5493 249 5531 ea
277 5484 416 5536 enim
454 5485 680 5539 victima
712 5484 917 5540 Christi
958 5489 1101 5541 diem
1144 5488 1372 5555 ﬁgurate
1408 5488 1752 5541 ostendebat.

260 5687 278 5717 ι
311 5688 479 5720 [ἔσηκε.
544 5703 597 5720 In
649 5691 681 5720 2
779 5691 797 5720 τ
839 5690 882 5720 Ι..

260 5688 278 5717 ⁸
310 5688 507 5744 Ezech.
544 5703 620 5749 tv,
649 5691 704 5745 3.
779 5691 797 5720 ⁷
839 5690 940 5746 Isa.
968 5706 1057 5753 xx.
1088 5691 1142 5747 2.
1223 5691 1241 5721 ⁸
1280 5689 1479 5746 Jerem.
1526 5707 1695 5755 xxvn,
1726 5698 1730 5741 τ

200 5771 335 5835 seqq.
412 5760 456 5791 ¹¹
491 5758 562 5814 IV
588 5760 721 5835 Reg.
753 5776 824 5835 ιε.
852 5761 883 5835 Δ1
934 5778 1088 5831 seqq.
1190 5764 1229 5791 ’³
1270 5761 1459 5817 :‘tlatib.
1507 5780 1586 5826 ιιι,
1646 5765 1730 5817 1:2.

203 5827 235 5851 "
272 5828 421 5885 Jnan.
456 5847 517 5883 ι.ι
547 5873 559 5888 .
608 5827 694 5883 1ιῖ
772 5830 813 5861 ’⁵
844 5827 1025 5885 Ιοαιιζ
1049 5827 1119 5893 ir,
1148 5834 1232 5885 Η.
1318 5837 1357 5863 ’⁵
1386 5836 1559 5887 1ἶ;ι1τιι.
1594 5850 1664 5901 tv,
1697 5835 1787 5887 21.

566 5930 833 5986 ι’λτιιοῐη
882 5929 998 5990 Gn.
1045 5930 1191 5990 CXI.

1223 5691 1241 5721 ⁸
1280 5689 1479 5746 Jerem.
1526 5707 1695 5755 xxytt,
1726 5692 1779 5744 2.

1810 5763 1851 5792 ’⁸
1880 5761 2039 5817 Joan.
2080 5778 2198 5825 vni,
2232 5764 2320 5817 56.

1819 624 2106 693 suspendit
2142 624 2213 679 ob
2244 626 2434 679 oculos
2459 625 2646 695 populi
2672 623 2736 689 ",
2772 624 2913 677 idem
2940 624 3189 676 Christus
3223 626 3389 677 inter-

1823 722 2068 782 pretatur
2100 714 2326 784 mystice
2354 715 2416 767 de
2439 729 2536 768 sua
2564 728 2752 777 cruce,
2792 714 2923 767 dum
2954 713 3029 766 ait
3061 729 3073 766 :
3117 713 3389 777 Quemad-

1823 808 2037 860 modum
2092 808 2145 859 iu
2181 808 2345 858 altum
2392 807 2608 859 sustulit
2640 808 2807 860 Moses
2859 816 3149 873 serpentem
3178 807 3232 858 in
3262 805 3394 858 solt-

1826 902 2042 961 tudine,
2083 900 2157 952 ita
2211 898 2539 950 exaltabitur
2593 898 2759 952 Filius
2806 899 3031 951 hominis
3054 898 3116 947 ιτ.
3156 897 3393 950 Rursum

1824 1006 1979 1061 aquae
2001 992 2105 1044 illae
2139 989 2207 1043 de
2234 989 2434 1058 quibus
2459 1004 2583 1042 cum
2618 988 2961 1043 Samaritana
3022 990 3249 1042 muliere
3280 989 3397 1041 col-

1827 1070 2053 1153 loquens
2085 1082 2159 1135 ait
2192 1098 2205 1135 :
2242 1085 2405 1150 Aqua:
2449 1097 2579 1151 quas
2644 1097 2737 1149 ego
2792 1082 2858 1132 do
2914 1084 2982 1147 ei,
3016 1083 3139 1149 ﬁent
3191 1083 3245 1134 in
3282 1082 3395 1145 ipso

1829 1178 1994 1245 fontes
2021 1176 2371 1229 scaturientes
2400 1176 2454 1226 in
2483 1175 2647 1227 ritum
2675 1183 2925 1227 a'ternam
2948 1174 2988 1204 "
3009 1214 3023 1237 ,
3052 1190 3394 1245 nequaquam

1828 1269 2070 1339 profecto
2125 1275 2432 1337 corporatae
2488 1282 2664 1335 aqua),
2723 1269 2817 1321 sed
2876 1267 3117 1337 mystica:
3155 1268 3396 1322 fuerunt.

1832 1360 2071 1429 Denique
2129 1358 2333 1413 Paulus
2384 1372 2607 1427 quoque
2664 1360 2943 1427 apostolus
2999 1374 3203 1413 arcano
3234 1374 3396 1414 sensu

1831 1453 2221 1520 interpretatur
2264 1452 2400 1505 duas
2440 1452 2674 1504 Abrahae
2708 1466 2929 1516 uxores,
2956 1451 3147 1505 Saram
3178 1461 3230 1506 et
3256 1451 3401 1519 Aga-

1831 1559 1970 1609 rem,
2008 1545 2240 1598 duorum
2306 1543 2557 1610 inquiens
2602 1552 3051 1597 testamentorum
3099 1544 3218 1597 illas
3282 1556 3405 1597 esse

1848 1636 2130 1702 ligulas".
2164 1632 2427 1687 Similiter
2459 1645 2668 1703 petram
2711 1633 2857 1687 illam
2895 1649 3015 1702 quat
3042 1634 3405 1689 comitabatur

1839 1726 2136 1791 Israelitas,
2182 1724 2651 1794 profundebatque
2706 1725 2812 1779 illis
2868 1738 3036 1793 aquas
3088 1725 3139 1777 in
3170 1733 3404 1795 potum,

1841 1818 2073 1887 ﬁgurate
2128 1816 2366 1886 explicat
2399 1816 2617 1886 quando
2640 1816 2800 1882 ait",
2850 1830 2969 1870 eam
3001 1826 3205 1886 petram
3240 1814 3410 1869 fuisse

1836 1910 2136 1965 Christum.
2198 1908 2275 1962 Ex
2331 1909 2415 1962 his
2473 1909 2642 1977 igitur
2686 1908 2937 1961 omnibus
2989 1908 3246 1975 colligere
3300 1915 3408 1962 est.

1837 2000 2041 2055 Veteris
2106 1996 2438 2051 Testamenti
2506 1997 2673 2051 libros
2734 2010 2839 2049 non
2915 1994 3075 2048 modo
3128 1995 3193 2048 de
3245 1994 3413 2049 rebus

1836 2090 1993 2159 ip~is,
2018 2103 2207 2144 verum
2237 2089 2399 2141 etiam
2435 2088 2661 2158 mystice
2682 2101 2746 2140 ac
2774 2086 3003 2155 ﬁgurate
3029 2093 3189 2153 atque.
3210 2100 3407 2140 recon-

1838 2182 2137 2237 ditioribus
2173 2181 2350 2236 modis
2385 2180 2726 2249 interpretari
2756 2178 2970 2233 debere.

2429 2272 2661 2327 CAPUT
2706 2272 2793 2326 IV.

1914 2365 2045 2419 Utra
2072 2366 2395 2435 expositione
2426 2364 2646 2433 mystica
2680 2380 2741 2416 ne
2782 2379 2849 2415 an
2890 2364 3142 2419 historica
3191 2368 3255 2419 sit
3302 2369 3417 2435 pri-

1841 2474 1985 2511 munt
2027 2460 2452 2527 interprctandus
2496 2456 2802 2525 paradisus.
2844 2487 2911 2497 -
2937 2458 3109 2527 Igitur
3140 2473 3264 2513 cum
3313 2460 3406 2513 du-

1840 2553 2002 2622 pliris
2072 2552 2142 2606 sit
2201 2550 2533 2626 conditionis
2598 2549 2917 2619 paradisus,
2986 2560 3414 2606 consentaneum

1840 2644 2005 2696 etiam
2062 2652 2148 2697 est
2180 2652 2237 2695 ut
2271 2642 2472 2710 duplici
2513 2641 2674 2694 modo
2707 2640 3157 2711 interpretetur,-
3188 2642 3417 2713 mystice

1842 2744 1898 2786 ct
1926 2743 2221 2801 corporale
2255 2750 2268 2785 :
2308 2732 2413 2785 hoc
2444 2741 2549 2795 est,
2587 2741 2647 2785 ut
2674 2740 2785 2786 tum
2816 2747 2903 2786 res
2930 2732 3058 2801 ipsa:
3090 2742 3420 2805 pertractcn-

1846 2840 1958 2892 tur,
1991 2839 2104 2882 tum
2134 2843 2196 2897 es
2228 2828 2390 2883 rebus
2417 2828 2669 2881 notiones
2701 2825 2820 2879 alia:
2854 2826 3146 2897 quasiiper
3188 2828 3416 2897 ﬁguram

1846 2920 2529 2989 intelligantur;cauerunt
2579 2918 2670 2971 illa
2711 2896 3089 2986 interpretaiio
3116 2934 3240 2973 cum
3291 2918 3416 2973 fun-

1844 3009 2106 3061 damento
2138 3017 2191 3061 et
2224 3007 2528 3077 parietibus
2558 3016 2701 3059 recte
2728 3006 3063 3059 conferatur.
3094 3006 3229 3059 Cum
3256 3007 3421 3078 igitur

1848 3112 1979 3154 tunc
2017 3099 2236 3152 demum
2285 3098 2427 3150 muri
2460 3097 2769 3151 immobiles
2801 3098 3109 3173 consistant
3146 3098 3237 3153 ubi
3294 3100 3419 3153 fun-

1850 3192 2103 3245 damenta
2155 3200 2282 3245 sunt
2320 3190 2507 3254 ﬁrma,
2544 3204 2605 3243 ac
2653 3190 2879 3258 proinde
2935 3189 3047 3243 haec
3076 3190 3228 3258 prius
3274 3189 3417 3258 jac-ta

1852 3295 2161 3349 essequam
2230 3280 2307 3333 illi
2362 3290 2713 3333 exstruuntur
2760 3289 3025 3349 oporteat,
3060 3281 3274 3334 tametsi
3326 3297 3420 3349 pa-

1853 3376 2036 3439 rietes,
2064 3389 2239 3442 eaque
2270 3388 2391 3442 quae
2423 3383 2646 3441 paratus
2689 3372 2885 3425 aedium
2928 3371 3122 3436 forma,
3170 3373 3327 3442 prius
3364 3374 3418 3426 in

1852 3465 2037 3520 animo
2060 3474 2225 3535 atque
2259 3465 2590 3533 cogitatione
2632 3479 2662 3517 a
2714 3464 2873 3518 nobis
2899 3472 3193 3519 versentur
3257 3480 3420 3533 quam

1856 3557 2245 3624 fundamenta;
2307 3571 2611 3626 congruum
2664 3569 2881 3624 quoque
2922 3565 3025 3617 cst,
3071 3565 3128 3610 ut
3167 3556 3234 3610 de
3266 3556 3427 3610 rebus

1855 3646 1992 3714 ipsis
2067 3645 2446 3714 interpretatio
2504 3644 2655 3713 prior
2703 3645 3108 3711 constituatur;
3156 3660 3288 3714 quo,
3319 3645 3424 3698 hac

1855 3736 2047 3788 deinde
2080 3751 2178 3789 ceu
2238 3735 2612 3799 fundamento,
2658 3736 2889 3803 mystica
2942 3734 3031 3789 illa
3088 3744 3431 3792 sustentetur

1857 3828 2189 3895 nilaturqnn.

2480 3918 2706 3973 CAPUT
2753 3918 2819 3971 γ.

1929 4010 2177 4072 Quotidie
2202 4010 2336 4059 inter
2364 4008 2482 4061 illos
2511 4024 2601 4061 sea:
2628 4009 2741 4061 dies
2773 4009 2962 4075 quibus
3008 4009 3249 4062 condidit
3291 4011 3429 4065 Deus

1856 4100 1988 4151 lianc
2009 4101 2379 4167 aspectabilcm
2400 4103 2697 4155 machinam
2728 4102 3049 4153 silconditns
3074 4111 3229 4173 atque
3253 4106 3433 4157 consi-

1858 4201 1940 4243 tus
1982 4192 2283 4260 paradisus.
2315 4224 2374 4231 —
2413 4194 2681 4246 Caeterum
2722 4192 2898 4245 Moses
2944 4193 3156 4257 scribit,
3194 4211 3287 4248 sex
3325 4196 3435 4248 dit--

1857 4282 1959 4334 bus
1978 4283 2253 4335 crearisse
2282 4281 2452 4335 Deum
2501 4284 2642 4337 hanc
2673 4284 2984 4336 machinam
3020 4288 3428 4353 aspectabileni.

1862 4375 2042 4429 l’rimo
2070 4374 2216 4429 enim
2272 4375 2585 4429 condidisse
2638 4375 2881 4441 caelum,
2944 4384 3169 4441 terram,
3220 4381 3431 4447 lucem;

1860 4468 2120 4529 secundo,
2169 4466 2373 4519 aethera
2424 4481 2535 4519 sive
2590 4464 3030 4532 ﬁrmamentum;
3062 4468 3243 4532 tertio,
3269 4470 3432 4522 arbo-

1859 4574 1965 4623 res,
2001 4559 2220 4622 herbas,
2250 4560 2502 4621 semina;
2535 4568 2755 4625 quarto,
2811 4559 3006 4625 solem,
3064 4560 3271 4625 lunam,
3307 4564 3434 4616 stel-

1859 4652 2051 4721 lasque
2088 4660 2346 4716 caeteras;
2385 4652 2598 4721 quinto,
2634 4666 2761 4705 ares
2817 4667 2942 4706 aera
2971 4666 3338 4722 peragrantes.
3382 4668 3435 4707 et

1861 4746 2039 4813 pisces
2078 4761 2172 4813 per
2220 4760 2368 4797 mare
2401 4754 2670 4808 natantes,
2698 4760 2759 4798 ac
2794 4746 2942 4800 humi
2972 4762 3190 4817 quoque
3235 4764 3433 4818 repen-

1861 4848 1938 4893 tes
1967 4840 2272 4893 animantes
2297 4856 2308 4897 ;
2336 4849 2517 4903 sexto,
2554 4838 2720 4903 feras,
2760 4849 3184 4909 mansuctasque
3212 4842 3437 4903 bestias,

1867 4946 2077 4986 necnon
2137 4932 2402 4985 Adamum
2465 4941 2517 4984 et
2582 4929 2772 4984 Eram.
2830 4931 2895 4984 At
2956 4932 3269 5000 paradisum
3314 4948 3437 4987 esse

1864 5025 2081 5092 quidem
2143 5040 2170 5076 a
2226 5024 2332 5078 Deo
2388 5024 2664 5078 consitum
2708 5036 3122 5091 commemorat,
3184 5026 3279 5080 sed
3326 5041 3433 5081 non

1864 5126 2031 5187 quoto
2065 5117 2150 5170 die
2188 5134 2199 5170 :
2245 5131 2345 5171 nos
2382 5126 2561 5170 tamen
2598 5117 2755 5170 tertio
2801 5126 2854 5171 et
2883 5116 3187 5181 conditum,
3218 5126 3271 5172 et
3302 5132 3433 5172 con-

1863 5222 2026 5265 Slllllll
2055 5227 2175 5265 esse
2203 5227 2269 5265 ex
2308 5211 2377 5267 iis
2408 5211 2587 5264 \erbis
2630 5225 2751 5279 qua:
2787 5210 2854 5265 de
2898 5211 3016 5281 ipso
3051 5211 3193 5281 apud
3232 5210 3436 5265 Mosem

1865 5305 2132 5359 habentur
2160 5344 2175 5369 ,
2237 5304 2639 5374 intelligimus:
2684 5302 2758 5357 ait
2815 5303 2961 5357 enim
2999 5302 3205 5357 dixisse
3264 5302 3435 5356 Deum

1862 5395 1951 5447 die
1984 5396 2142 5449 tertio
2168 5406 2182 5451 :
2214 5393 2488 5449 Producat
2517 5403 2661 5448 terra
2699 5392 2897 5447 herbas
2928 5392 3315 5463 germinantes,
3354 5408 3441 5449 se-

1864 5489 2135 5556 ininisqne
2164 5486 2375 5543 feraces
2401 5488 2452 5542 in
2481 5501 2580 5542 suo
2606 5501 2799 5555 genere
2820 5487 2884 5537 ".
2918 5484 3024 5541 Nec
3076 5502 3180 5541 non
3214 5487 3442 5542 arbores

1892 5694 1911 5723 ’
1946 5690 2083 5746 Osee
2114 5709 2150 5756 ι,
2181 5693 2230 5746 1.
2349 5693 2391 5724 ’⁸
2430 5690 2603 5745 Exod.
2643 5680 2905 5757 xxr,40.

2427 5764 2469 5792 ¹⁵
2499 5761 2636 5819 Gen.
2681 5780 2813 5823 χχιι,
2845 5764 2899 5817 9..

2394 5834 2432 5863 "
2464 5831 2655 5887 Gelt.t
2719 5835 2803 5886 Η.

2988 5694 3024 5725 ¹¹
3056 5691 3235 5747 Jndic.
3264 5706 3335 5754 rt,
3373 5691 3443 5745 57

2978 5766 3019 5795 ¹⁶
3048 5765 3182 5817 Num
3239 5777 3347 5816 ut.
3387 5764 3439 5817 9.

1862 5834 1908 5864 ὀ
1958 5834 2131 5888 Itlor.
2176 5850 2227 5897 κ,
2263 5836 2314 5888 4.

3016 5931 3088 5990 16
