4208 6432
786 391 880 459 ,ιρι
2067 395 2295 455 nos‘ts
2338 397 2371 454 ii

2453 400 2485 456 ii
2531 397 2773 460 CEPIIA

3933 422 4051 488 499.

781 511 1092 568 tuiutiieras
1140 512 1224 566 sui
1285 526 1529 580 quasque
1564 511 1777 582 generis
1811 548 1824 574 ,
1895 520 2000 566 etc.
2063 511 2356 568 Paradisus
2385 526 2429 582 Α
2459 514 2708 573 Profecto
2742 518 2864 572 dico
2892 519 3010 584 tibi,
3051 524 3218 578 Hodie
3247 529 3351 578 eris
3391 545 3587 586 metu»:
3620 537 3671 588 in
3705 542 4050 604 paradiso".

785 609 966 673 itaque
997 614 1120 656 ante
1165 603 1432 656 Adamum
1465 603 1715 658 conditus
1749 614 1833 656 Cal
1874 615 1927 658 et
1967 603 2129 658 veluti
2159 620 2362 674 sponso

783 699 1059 750 thalamus
1083 710 1108 748 a
1161 693 1270 746 Deo
1300 703 1636 764 pra-:paratus
1681 705 1844 765 alque
1875 696 2198 752 instructus.
2225 697 2360 752 Nam

785 787 927 854 quod
957 785 1130 838 Moses
1153 787 1390 854 paradisi
1442 786 1646 840 conditi
1700 789 2026 843 mentionem
2057 799 2182 856 post
2205 805 2358 843 crea-

783 887 894 932 tum
921 877 1188 930 Adamum
1232 876 1376 939 facit,
1405 879 1522 931 ideo
1555 879 1633 941 Iit,
1660 881 1802 948 quod
1845 881 1910 934 ad
1948 881 2182 934 nondum
2230 883 2362 936 satis
2396 905 2397 912 η

782 971 1106 1039 explicatam
1172 973 1240 1028 de
1291 967 1563 1041 paradiso
1593 976 1810 1028 consito
1845 976 2208 1031 narrationem
2255 977 2359 1031 sibi

784 1060 1186 1123 revertendum,
1220 1075 1448 1129 eamque
1491 1062 1876 1118 absolvendam
1931 1067 2179 1135 putavit,
2238 1081 2345 1120 non

785 1155 969 1199 autem
1015 1148 1170 1215 quasi
1211 1147 1298 1202 ille
1354 1160 1474 1218 post
1512 1153 1794 1208 conditum
1853 1153 2124 1209 Adamum
2181 1153 2356 1208 Iactus

783 1249 869 1290 stt.

1385 1335 1611 1390 CAPUT
1662 1336 1747 1389 VI.

851 1420 1024 1486 Quam
1076 1423 1137 1476 ob
1197 1442 1416 1478 causam
1471 1428 1772 1480 condiderit
1836 1429 1972 1480 Dens
2047 1423 2402 1497 paradisum.

780 1528 1111 1583 corporeum.
1163 1547 1231 1555 —
1281 1515 1469 1586 Neque
1530 1533 1658 1571 vero
1703 1520 1938 1573 ‘dubium
1980 1531 2062 1574 cst
2116 1527 2246 1592 quin
2291 1533 2352 1575 'et

781 1607 1172 1660 itoliouestandi
1216 1615 1270 1660 et
1322 1608 1598 1676 voluptate
1631 1610 1898 1664 ailiciendi
1952 1612 2143 1665 Adami
2185 1615 2355 1680 gratia

784 1690 923 1745 Deus
953 1694 1288 1764 paradisum
1316 1689 1643 1762 condiderit,
1696 1699 1871 1770 utqui
1916 1699 2067 1754 ilium
2099 1701 2200 1754 sibi
2239 1718 2354 1756 ma-

775 1783 893 1848 jore
943 1799 1076 1837 cura
1126 1769 1420 1856 studioque
1465 1789 1905 1858 prosequendum
1963 1795 2141 1859 duxit,
2192 1811 2353 1868 quam

2430 680 2436 700 ἲ
2468 607 2584 663 Non
2616 625 2797 666 autent
2829 615 2968 669 dixit
2999 614 3051 668 in
3087 623 3246 684 «mlo,
3281 623 3405 690 quia
3445 639 3620 694 neque
3666 630 3778 698 ipsa
3827 630 4049 692 Domini

2465 699 2645 778 anima
2682 702 2866 769 (simul
2916 717 3079 774 atque
3117 721 3143 756 a
3197 724 3428 776 corpore
3461 710 3756 770 dissociata
3789 719 3891 790 est)
3923 734 4042 775 cae-

2466 782 2983 860 liim=eonscmidit,
3048 798 3140 852 Sed
3200 799 3286 850 die
3353 804 3514 857 tertio
3572 819 3789 859 rursum
3841 782 4046 880 corpus

2467 881 2635 936 subiit
2687 897 2861 952 neque
2893 885 3034 964 latro
3065 904 3281 957 quoque
3307 907 3372 944 eo
3407 893 3494 945 die
3542 895 3596 948 in
3628 897 3826 952 caelum
3865 913 4045 966 potuit

2465 971 2712 1033 evadere,
2737 988 2860 1026 cum
2889 973 3040 1042 ,dieut
3074 978 3326 1033 Christus
3349 983 3624 1038 neminem
3649 994 4048 1047 conscendisse

2465 1062 2518 1114 in
2546 1063 2743 1117 corium
2792 1073 2988 1133 pra-ter
3042 1080 3167 1120 eum
3203 1072 3294 1138 qui
3346 1073 3714 1131 descendisset
3761 1081 3827 1134 de
3877 1084 4046 1142 rmlo.

2465 1151 2657 1207 Filium
2721 1158 2980 1219 hominis,
3035 1160 3126 1228 qui
3181 1172 3326 1214 esset
3367 1166 3419 1217 in
3452 1166 3668 1220 caelo“.
3700 1169 3824 1222 Fuit
3876 1177 4048 1240 igitur

2464 1246 2780 1311 paradisus,
2815 1266 2921 1303 non
2964 1251 3015 1304 in
3048 1254 3207 1314 ett-Io,
3234 1255 3326 1306 sed
3376 1256 3428 1309 in
3459 1261 3636 1314 terris.
3669 1259 3892 1331 Insuper
3922 1284 4048 1317 eur-

2465 1350 2668 1406 porata:
2706 1341 2931 1396 arbores
2959 1383 2972 1406 ,
3007 1349 3195 1414 quales
3249 1363 3434 1400 rer-cra
3475 1353 3525 1402 in
3571 1356 3821 1420 paradiso
3856 1371 4044 1409 essm-

2464 1430 2596 1486 bant
2623 1446 2685 1485 ex
2720 1432 2868 1502 ligno
2899 1448 3190 1503 conci-clm,
3217 1456 3246 1492 (ι
3275 1451 3416 1494 terra
3443 1452 3572 1495 satae
3599 1449 3884 1512 pullulant,
3929 1463 4043 1502 non

2461 1532 2642 1577 autem
2703 1539 2868 1594 supra
2930 1529 3125 1582 ccelnm
3186 1545 3502 1588 l|35('UlllIIT.
3545 1533 3787 1606 Denique
3820 1540 4046 1594 Patrum

2460 1614 2804 1683 auctoritate,
2827 1617 2913 1671 cui
2937 1619 3066 1671 lides
3090 1621 3272 1687 negari
3300 1639 3404 1675 non
3431 1633 3625 1691 potest,
3643 1629 3774 1680 satis
3789 1643 4048 1698 compro.

2462 1703 2622 1760 batur
2650 1715 2964 1762 terrestrem
3018 1708 3184 1764 fuisse
3221 1714 3556 1779 paradisum.
3601 1715 3730 1768 Nam
3777 1717 4042 1773 dominus

2447 1799 2700 1854 Joannes
2734 1799 2789 1853 in
2819 1816 2881 1854 ea
2912 1804 3295 1872 orationequa
3338 1802 3562 1858 disserit
3594 1823 3694 1860 cur
3745 1810 3909 1863 arbor
3946 1811 4041 1863 illa

779 1873 940 1927 ullam
994 1891 1172 1931 rerum
1226 1888 1545 1964 camerarum
1577 1887 1697 1950 qua:
1736 1897 1898 1951 super
1932 1892 2129 1938 terram
2156 1894 2359 1940 essent.
2392 1879 2538 1947 B'sit
2601 1900 2793 1969 vocata
2851 1894 3095 1949 scientia:
3140 1895 3264 1949 boui
3297 1905 3352 1950 et
3394 1896 3546 1961 mali,
3584 1899 3774 1953 scribit
3816 1903 3867 1954 in
3898 1903 4042 1956 hanc

781 1966 949 2034 Igitur
1011 1957 1472 2042 quemadinodum
1539 1972 1865 2040 impensiore
1914 1975 2091 2043 ipsum
2142 1974 2352 2030 Iionm'e

778 2073 940 2125 quam
970 2059 1108 2114 alias
1149 2075 1238 2116 res
1265 2075 1292 2130 ιι
1332 2047 1390 2117 se
1416 2046 1630 2116 creatas
1661 2052 1939 2127 aﬂecerat,‘
1980 2064 2061 2119 sic
2088 2065 2215 2120 suis
2237 2065 2352 2136 ipse

778 2151 1052 2216 manibus,
1093 2162 1256 2222 atque
1297 2155 1362 2208 ad
1397 2170 1550 2209 suam
1584 2154 1876 2225 imaginem
1907 2156 2059 2211 illum
2089 2157 2348 2223 condere,

776 2254 830 2294 et
860 2243 1111 2310 paradiso
1152 2244 1315 2298 veluti
1357 2243 1637 2301 domicilio
1671 2263 1780 2318 pra:
1838 2250 2050 2304 caeteris
2075 2250 2350 2318 honorare

777 2333 965 2386 voluit.
1033 2332 1219 2403 Itaque
1271 2335 1451 2388 locum
1515 2337 1565 2390 ei
1627 2338 1918 2392 destinavit
1955 2348 2007 2394 et
2066 2341 2354 2396 consuevit

775 2425 1210 2492 ornatissimum,
1245 2427 1846 2496 magnilicenlissimum
1879 2471 1892 2493 ,
1928 2432 2352 2498 voluptuosissi-

776 2530 948 2579 mum,
975 2524 1030 2570 et
1063 2517 1134 2571 ob
1164 2533 1440 2571 summam
1480 2518 1805 2588 elegantiam
1861 2523 2379 2590 pulchritudinem—-

772 2618 878 2674 que
931 2607 1167 2660 maxime
1228 2607 1598 2678 expetibilem,
1657 2610 1708 2662 in
1746 2625 1855 2678 quo
1901 2611 1989 2666 ille
2042 2622 2354 2668 versaretur

779 2695 1198 2766 uabitaretque:
1234 2713 1411 2766 neque
1462 2697 1707 2767 permisit
1747 2709 1805 2753 ut
1849 2714 2168 2755 uete-rerum
2205 2716 2356 2758 more

774 2787 1136 2840 animantium
1170 2829 1184 2852 ,
1223 2803 1342 2857 quae
1399 2789 1607 2842 ratione
1666 2801 1881 2852 vacant,
1937 2800 2136 2844 terram
2186 2793 2354 2857 depa-
2408 2815 2410 2823 ε

773 2887 948 2934 sceret
963 2918 974 2928 .

1378 2972 1607 3028 C.\i"tT
1644 2973 1752 3027 \‘II.

848 3065 922 3117 De
952 3063 1227 3132 paradiso,
1265 3080 1419 3133 super
1460 3076 1680 3144 terram,
1722 3084 1790 3120 an
1845 3069 1900 3121 in
1949 3068 2075 3124 corio
2105 3071 2347 3126 exsistat.

769 3183 842 3198 -·
871 3157 1008 3213 Sunt
1036 3157 1127 3224 qui
1184 3158 1234 3210 in
1283 3157 1420 3212 cmlo
1475 3159 1786 3228 paradisum
1838 3175 1958 3214 esse
2016 3171 2226 3230 putent,
2285 3178 2350 3218 eo

775 3251 919 3317 quod
987 3249 1145 3302 divus
1226 3248 1424 3303 Paulus
1483 3250 1760 3334 apostolus
1811 3252 1878 3306 de
1943 3254 2121 3322 seipse
2182 3227 2422 3319 dicat,c

774 3352 986 3410 raptum
1022 3356 1080 3396 se
1110 3341 1275 3395 fuisse
1330 3342 1382 3394 in
1441 3343 1657 3396 tertium
1719 3344 1936 3405 coelum,
1969 3354 2022 3398 et
2052 3347 2102 3399 in
2137 3347 2352 3415 paradi-

773 3434 996 3496 sum”;
1044 3449 1220 3502 neque
1248 3432 1390 3485 enim
1425 3433 1526 3486 hoc
1561 3434 1901 3502 adiecturum
1936 3434 2126 3501 fuisse,
2159 3435 2348 3507 iiisijn

771 3525 910 3579 cudo
961 3535 1105 3579 esset
1141 3524 1447 3593 paradisus.
1493 3523 1688 3578 Verum
1745 3542 1845 3580 nos
1885 3528 1950 3580 ad
2003 3543 2066 3583 ea
2118 3544 2350 3599 respon-

771 3621 986 3683 demus,
1014 3620 1121 3672 duo
1173 3617 1338 3671 fuisse
1363 3619 1476 3672 visa
1511 3618 1599 3671 illa
1634 3618 1686 3671 in
1747 3634 1869 3687 quae
1915 3619 2115 3675 Paulus
2165 3633 2349 3692 raptus

773 3721 921 3776 erat;
958 3725 1066 3764 non
1122 3709 1360 3773 unicum,
1415 3725 1538 3764 cum
1582 3710 1734 3780 ipsus
1765 3711 1912 3764 dicat
1957 3729 1971 3765 :
2025 3709 2238 3765 Veniam
2279 3714 2347 3765 ad

772 3804 886 3855 risa
915 3813 1070 3871 atque
1111 3801 1178 3854 ad
1220 3801 1600 3870 patefactiones
1643 3802 1853 3855 Domini
1873 3803 1955 3866 ’3;
2008 3803 2114 3857 non
2167 3814 2346 3858 autem

775 3897 841 3948 ad
882 3895 1056 3948 Visum
1102 3904 1153 3946 t'l
1184 3894 1248 3944 ad
1284 3893 1722 3962 patefactionem.
1777 3891 1960 3962 Neque
2001 3908 2126 3946 vero
2157 3895 2351 3948 desunt

771 3991 936 4043 etiam
969 3985 1125 4041 nobis
1162 3987 1454 4053 Scriptura:
1489 3984 1590 4039 loci
1617 3986 1816 4053 quibus
1845 3986 2234 4040 convincamus
2265 3986 2348 4038 di-

777 4093 961 4134 versas
1010 4076 1180 4130 fuisse
1212 4076 1348 4130 duas
1408 4075 1525 4130 illas
1583 4075 2001 4145 patefactiones;
2069 4084 2122 4132 et
2169 4077 2351 4146 priore

773 4169 993 4240 quidem
1028 4168 1082 4222 in
1117 4167 1340 4231 calum,
1385 4167 1552 4220 altera
1585 4181 1713 4220 vero
1759 4169 1811 4220 in
1842 4167 2152 4234 paradisum
2184 4166 2352 4222 fuisse

775 4260 1047 4315 sublatum
1095 4258 1348 4312 Paulum.
1380 4255 1492 4312 Nos
1537 4258 1704 4328 igitur
1757 4273 1920 4327 super
1977 4267 2172 4313 terram
2230 4274 2351 4314 esse
2411 4273 2413 4275 ‘

777 4351 1087 4423 paradisum
1113 4351 1430 4414 statuimus,
1467 4350 1631 4420 idque
1674 4351 1755 4404 his
1798 4352 2137 4421 argumentis
2176 4351 2352 4416 :_Con-

779 4456 974 4508 servat,
1041 4443 1240 4512 inquit,
1301 4442 1558 4497 Dominus
1610 4441 1748 4497 Deus
1776 4445 2088 4512 paradisum
2115 4445 2168 4498 in
2202 4445 2349 4500 Eden

775 4541 842 4591 ab
897 4537 1052 4590 initio
1076 4535 1162 4598 ";
1208 4535 1325 4589 sive
1369 4536 1576 4605 pridem
1626 4535 1820 4590 :I'lden
1856 4551 1981 4592 vero
2022 4536 2202 4591 locum
2259 4553 2349 4589 vo-

775 4645 933 4686 casse
969 4627 1206 4692 videtur,
1260 4643 1365 4680 non
1392 4626 1484 4697 qui
1521 4642 1687 4696 supra
1717 4628 1912 4682 coelum
1955 4637 2120 4694 esset,
2172 4632 2264 4684 sed
2295 4633 2347 4686 in

775 4721 959 4777 terris.
1013 4718 1279 4788 Prtete‘rea
1317 4711 1465 4772 idem’
1495 4717 1674 4772 Moses
1707 4716 1936 4773 ailirmat
1962 4731 2200 4788 quatuor
2248 4722 2351 4783 [lue

775 4813 971 4866 minae
997 4807 1252 4879 paradiso
1282 4803 1632 4876 proﬂuxisse,
1659 4805 1960 4877 Tigridem,
1992 4808 2348 4877 Euphratem,

775 4904 1108 4965 Gihoneum,
1137 4911 1192 4956 et
1227 4899 1523 4956 Pbisonem
1569 4917 1583 4952 :
1621 4915 1741 4969 quae
1794 4901 1840 4954 si
1875 4915 1909 4954 ο
1950 4903 2090 4956 emlo
2128 4901 2349 4972 delapsa

773 5003 978 5061 essent,
1001 5003 1358 5049 excavassent
1384 4993 1569 5061 utique
1600 5000 1765 5063 atque
1796 5003 1948 5049 vasto
1979 4979 2147 5062 halitu
2174 4997 2346 5066 ipsam

777 5102 978 5144 terrain
1008 5087 1376 5156 aperuissent,
1410 5085 1610 5155 quippe
1637 5101 1758 5156 quae
1778 5088 2049 5143 sustinere
2072 5091 2350 5159 nequivis-

774 5193 860 5237 set
886 5180 1084 5235 molem
1118 5188 1348 5243 tantam,
1377 5189 1579 5248 quanta
1632 5194 1787 5249 aqua:
1826 5194 1892 5234 ex
1939 5180 2060 5235 loco
2107 5191 2213 5235 tam
2255 5177 2372 5236 su?

773 5277 928 5333 blimi
961 5274 1262 5346 principites
1297 5271 1620 5344 (etquidem
1668 5273 1785 5327 dies
1821 5284 2119 5344 noctesque
2168 5277 2346 5330 conti.

775 5379 946 5425 nuato
961 5369 1152 5434 cursu)
1185 5367 1392 5436 absque
1416 5365 1526 5419 ulla
1550 5366 1960 5421 intermissione
1989 5367 2159 5437 ipsam
2196 5383 2348 5437 pres-

771 5462 1004 5526 sissent,
1039 5472 1211 5529 quare
1243 5472 1273 5512 e
1306 5465 1449 5512 terra
1478 5471 1837 5526 promanasse
1861 5457 1948 5512 illa
1997 5456 2217 5512 ﬂumina
2253 5475 2347 5514 ne-

772 5569 930 5612 cesse
956 5561 1058 5616 est,
1090 5561 1144 5608 et
1174 5552 1400 5622 proinde
1437 5551 1752 5620 paradisum
1786 5566 2003 5622 quoque
2037 5561 2349 5608 terrestrem

765 5651 963 5706 luisse.
1001 5645 1080 5697 Ad
1113 5643 1226 5699 haec
1279 5642 1544 5700 Dominus
1579 5652 1767 5700 noster
1808 5645 1884 5700 ait
1926 5644 1994 5700 ad
2037 5644 2306 5702 latronem
2338 5664 2352 5701 :

1423 5826 1469 5859 ⁸³
1496 5825 1630 5882 ibid.
1663 5825 1716 5880 ‘I.

842 5825 886 5856 "
918 5823 961 5879 Ii
1005 5823 1135 5880 Cor.
1171 5825 1345 5893 xu,2.
1423 5826 1469 5859 ⁸³
1496 5825 1630 5882 ibid.
1663 5825 1716 5880 I.
1791 5826 1842 5858 “
1877 5824 2014 5882 Gen.
2058 5841 2117 5894 tt,
2162 5825 2214 5882 8.

2293 5827 2338 5860 "
2365 5825 2499 5883 Luc.
2538 5841 2692 5894 xxiii,
2730 5827 2816 5882 45.

2459 1983 2786 2039 sententiam
2817 2002 2830 2039 :
2859 1984 2918 2038 Si
2966 2003 3190 2056 regnum
3222 1990 3346 2043 coeli
3374 1991 3624 2058 promisit
3660 1991 3815 2045 nobis
3850 1991 4044 2045 Domi-

2461 2092 2566 2138 nus
2621 2085 2829 2143 noster,
2897 2075 3165 2134 latronem
3197 2097 3328 2134 vero
3387 2084 3439 2136 in
3504 2085 3816 2152 paradisum
3876 2089 4052 2140 modo

2461 2169 2733 2236 subvexit,
2796 2185 2930 2227 sane
2981 2167 3270 2227 coniicitur
3320 2189 3426 2228 non
3462 2176 3802 2232 satisfecisse
3856 2179 4046 2244 ipsum

2402 2301 2403 2304 η
2461 2259 2680 2314 latroni.
2740 2262 2875 2316 Item
2927 2261 3187 2318 dominus
3247 2262 3505 2330 Scite-ros,
3561 2269 3808 2323 oratione
3841 2270 3932 2332 22,
3973 2280 4050 2325 de

2461 2350 2743 2422 Epitronio
2765 2353 2846 2409 sic
2877 2353 3068 2409 scribit
3102 2371 3115 2408 :
3145 2355 3217 2409 Ea
3241 2372 3362 2426 qua:
3391 2358 3546 2413 nobis
3579 2361 3846 2427 p-omissa
3885 2377 4046 2424 sunt,

2458 2442 2634 2506 ipsum
2675 2453 2800 2520 sunt
2827 2445 2950 2499 cceli
3003 2461 3267 2514 regnum;
3301 2465 3406 2503 non
3442 2461 3624 2504 autem
3647 2467 3767 2514 qua:
3796 2454 3846 2504 in
3875 2468 4045 2519 para-

2454 2533 2576 2588 diso
2615 2535 2948 2612 percipiatur
2977 2537 3248 2608 voluptas.
3307 2539 3465 2593 Aliud
3503 2541 3668 2609 igitur
3697 2546 4041 2610 paraulhum,

2457 2626 2604 2681 aliud
2650 2642 2878 2696 regnum
2929 2629 3153 2684 cmleste
3189 2647 3328 2692 esse,
3362 2633 3537 2701 palam
3584 2632 3791 2688 far-iuni
3845 2637 3896 2687 1ιί
3931 2635 4041 2687 I'a-

2458 2726 2588 2773 tres.
2620 2712 2915 2775 Postremo
2973 2720 3232 2790 Ephrem,
3263 2723 3315 2775 in
3363 2740 3429 2776 eo
3464 2727 3601 2776 libro
3649 2743 3760 2795 quo
3793 2732 4043 2793 paradisi

2461 2809 2832 2864 conditionem
2864 2813 3200 2880 exsequitur,
3248 2815 3453 2867 diserte
3492 2823 3689 2870 asserit
3714 2827 4042 2872 terrestrem

2455 2915 2598 2955 esse.
2632 2899 2800 2972 Igitur
2832 2905 3182 2972 perspicuum
3214 2913 3296 2957 est
3344 2906 3396 2959 in
3433 2909 3594 2960 terris
3639 2925 3760 2964 rSse
3817 2912 4046 2980 paradi-

2428 3006 2598 3056 sum,
2635 3007 2744 3046 non
2779 2994 2832 3047 in
2862 2996 3024 3048 caelo.

3057 3133 3289 3188 tLAI‘lE'I'
3336 3133 3471 3188 VIII.

2530 3260 2716 3317 Utrum
2768 3266 3054 3332 paradisus
3101 3271 3156 3319 in
3208 3269 3303 3320 hoc
3339 3279 3603 3322 terrarum
3651 3279 3823 3323 tractu
3882 3287 4043 3336 quem

2458 3369 2550 3407 nos
2583 3354 2867 3409 incolimus
2897 3357 3196 3421 exsisteret,
3224 3376 3291 3410 an
3320 3361 3372 3410 in
3401 3361 3506 3411 alio
3535 3362 3801 3428 quopiam.
3828 3360 4043 3415 —-Jaln

2457 3458 2584 3497 vero
2619 3455 2971 3514 posteaquam
3017 3449 3360 3502 ostendimus
3392 3450 3443 3500 in
3480 3449 3637 3502 terris
3674 3449 3842 3503 fuisse
3870 3465 4040 3519 para—

2455 3530 2633 3590 disum
2664 3575 2679 3596 ,
2735 3537 3100 3606 imlagandnm
3166 3542 3320 3591 nobis
3371 3550 3667 3609 superest,
3725 3557 3792 3594 an
3853 3541 3908 3594 in
3951 3542 4045 3594 Iris

2458 3635 2726 3681 terrarum
2795 3630 3108 3696 regionibus
3179 3646 3315 3700 quas
3392 3617 3800 3686 uos‘mortaies
3863 3633 4045 3686 babe-

2433 3731 2614 3798 χιιιιιε,
2647 3722 2736 3770 an‘.
2778 3719 2830 3770 in
2867 3718 2987 3773 aliis
3040 3717 3696 3786 quibusdam“exstiterit.
3765 3722 4042 3776 Caeterum

2457 3809 2747 3863 statuimus
2780 3819 2978 3863 terram
3029 3827 3192 3864 unam
3224 3807 3447 3865 omnino
3485 3821 3824 3880 esse,'atque
3872 3814 4045 3868 unius

2459 3899 2766 3960 universam
2806 3901 3156 3970 ejusdemque
3205 3897 3450 3965 naturae;
3485 3918 3715 3972 eamque
3749 3914 3948 3958 terram
3984 3906 4042 3958 in

2453 4005 2561 4057 qua
2591 3975 2878 4057 paradisus
2909 3992 3225 4053 exsistebat,
3255 3993 3521 4046 diversam
3572 3993 3790 4060 quidem
3811 4009 3936 4047 esse
3969 3997 4045 4048 ab

2456 4079 2558 4154 liae
2593 4092 2800 4148 nostra,
2835 4098 3020 4136 verum
3054 4101 3158 4137 non
3196 4087 3635 4154 naturaipsaque
3661 4087 3747 4139 sui
3774 4087 4038 4152 materia,

2455 4171 2551 4224 sed
2586 4167 2808 4227 raritate
2836 4171 3272 4228 etdensitudine.
3308 4176 3619 4230 Dividamus
3647 4176 4043 4245 igilur‘terram

2454 4262 2676 4318 induas
2707 4264 2972 4317 maximas
3028 4273 3244 4334 partes,
3297 4281 3526 4334 quarum
3573 4267 3742 4320 altera
3794 4268 4046 4334 paradisi

2456 4353 2817 4424 terra,altera
2847 4367 2999 4409 extra
3031 4356 3344 4424 paradisum
3383 4366 3606 4409 vocetur
3638 4356 3766 4410 :illa
3795 4357 4044 4422 subtilis,

2454 4421 2686 4504 sincera.
2712 4459 2864 4512 pura,
2894 4446 3007 4497 Iia‘e
3029 4459 3148 4512 qu:e
3168 4459 3196 4496 a
3219 4444 3373 4496 nobis
3393 4445 3607 4508 colitur,
3631 4460 3837 4506 crassa,
3863 4455 4046 4498 mate-

2453 4535 2610 4600 riata",
2632 4523 2862 4604 impura,
2882 4535 3110 4604 coiifnsa
3145 4536 3234 4589 sit.
3257 4533 3374 4587 Jam
3405 4548 3532 4587 vero
3556 4535 3829 4600 concipito
3851 4539 4046 4589 animo

2459 4620 2552 4683 iuo
2575 4629 2736 4681 hasce
2759 4640 2992 4700 quatuor
3016 4647 3100 4680 res
3123 4645 3134 4677 :
3160 4627 3364 4681 ciuium
3395 4628 3648 4694 superius
3670 4627 3800 4679 illud
3827 4628 4047 4697 spiriti-

2457 4723 2558 4776 bus
2577 4721 2884 4790 angelisqne
2915 4713 3317 4787 frequentatum
3340 4738 3353 4783 ;
3375 4720 3569 4773 deinde
3588 4719 3732 4789 quod
3767 4721 3860 4772 illo
3893 4721 4038 4775 inie-

2428 4833 2432 4837 '
2458 4817 2574 4869 rius
2624 4824 2758 4882 est,,
2789 4815 3304 4880 Iirmamentmmpie
3345 4828 3405 4866 ra
3436 4813 3593 4866 nobis
3625 4812 3808 4866 vocari
3839 4815 4041 4876 'solet;

2417 4909 2434 4946 ’-
2459 4918 2644 4981 postea
2661 4921 2781 4961 eam
2808 4916 3146 4974 terramquae
3171 4905 3405 4974 paradisi
3421 4916 3526 4971 est;
3547 4908 3762 4958 demum
3785 4920 3908 4957 eam
3930 4917 4046 4958 ter-

2458 5013 2574 5053 ram
2589 5011 2711 5067 quae
2750 5006 2834 5049 est
2851 5005 3004 5050 extra
3043 4996 3357 5063 paradisum
3375 5011 3388 5048 :
3405 4993 3602 5048 deinde
3616 4995 3686 5046 ita
3699 4992 4041 5056 existimata,

2424 5083 2426 5085 i
2457 5081 2910 5160 quemadmodum
2927 5087 2976 5141 id
2991 5089 3137 5157 quod
3160 5087 3558 5140 ﬁrmamentum
3575 5085 3754 5139 vocari
3770 5085 4044 5152 diximus,

2455 5182 2820 5254 prmcellentia
2847 5181 3084 5251 quadam
3115 5179 3434 5234 subtilitatis
3455 5178 3593 5233 caelo
3619 5179 3694 5231 illi
3723 5176 4041 5232 sublimiori

2398 5278 2411 5288 ”
2455 5277 2847 5350 spiritibusque
2875 5277 3055 5329 dicato
3107 5275 3280 5334 Cedit:
3315 5289 3376 5328 ac
3406 5289 3624 5328 rursum
3654 5273 3842 5325 eadem
3878 5289 4049 5336 para-

2457 5369 2636 5423 disum
2669 5379 2887 5437 superat
2914 5380 2969 5422 et
2996 5367 3325 5421 crassiorem
3358 5376 3408 5419 rt
3439 5366 3612 5436 magis
3647 5366 3991 5418 materiatun‘
4028 5383 4045 5417 :

2462 5460 2534 5513 ita
2571 5471 2623 5513 et
2655 5459 2967 5529 paradisum
3010 5459 3274 5528 dignitate
3317 5459 3662 5527 puritateque
3710 5456 4044 5509 inferiorem

2462 5553 2680 5621 quidem
2731 5568 2853 5606 esse
2903 5553 3288 5616 ﬁrmamento;
3344 5551 3438 5603 sed
3492 5562 3658 5615 terra,
3708 5565 3831 5618 qua:
3879 5559 4047 5602 extra

2464 5645 2641 5714 ipsum
2688 5656 2806 5711 est,
2861 5645 3318 5715 praestantiorem.
3375 5640 3456 5696 Fit
3508 5643 3688 5712 itque
3736 5650 3795 5694 ut
3838 5639 4048 5696 «.wlum

2896 5825 2940 5858 ¹⁴¹
2966 5823 3122 5880 Joaa.
3165 5838 3243 5891 ιιι,
3296 5821 3379 5877 13.
