4208 6432
161 409 253 470 433
1285 405 1380 463 DE
1426 403 1778 464 PARADlSt

1822 450 1826 460 .
1874 428 1937 438 -ο
1984 403 2173 462 PARS
2219 402 2269 460 ῐ.

3291 409 3397 471 494

162 524 277 576 illud
309 520 590 574 beatorum
622 519 912 590 spirituum
943 518 1279 573 domicilium
1315 517 1715 586 pra‘cellentius
1748 535 1789 579 ,ιι
1824 525 1931 573 tate
1962 519 2303 587 genuinaqne
2346 514 2600 586 puritate.
2648 514 2731 566 Ait
2760 514 2905 569 enim
2939 534 2950 570 :
2983 515 3215 587 Oltjit'ial
3243 526 3402 577 nobis

158 620 221 671 sit
249 615 619 679 ﬁrmamento;
654 616 1081 676 lirmameutum,
1115 612 1402 682 paradiso;
1436 611 1722 680 paradisus
1754 638 1761 643 -

159 726 214 763 ea
242 719 387 763 terra
415 722 579 777 quam
613 721 715 761 nos
747 706 1074 762 habitamus.
1107 706 1198 759 Est
1233 704 1395 776 igitur
1428 704 1533 757 alia
1567 718 1723 773 para-

158 802 250 856 disi
278 811 444 863 terra,
478 800 582 853 alia
618 800 731 853 hac
762 808 981 865 nostra;
1016 799 1107 854 sed
1142 799 1240 865 ita,
1271 807 1332 851 ut
1362 814 1467 851 non
1500 810 1718 857 natura,

159 910 332 949 verum
371 893 613 947 materia
645 894 949 947 subtilitate
986 890 1417 959 excellentiaquc
1448 888 1719 943 differant.

158 988 249 1043 Sed
280 996 463 1053 potest
490 986 539 1040 id
574 988 737 1041 etiam
776 987 876 1039 hoc
905 994 1227 1054 argumento
1253 999 1284 1037 a
1312 997 1494 1036 rerum
1530 989 1719 1034 natura

156 1080 309 1147 petito
340 1077 730 1131 demonstrari.
770 1074 1033 1128 Conditus
1063 1074 1205 1127 enim
1254 1072 1494 1127 Adamus
1528 1086 1633 1124 non
1668 1071 1718 1121 in

159 1170 248 1225 hoc
278 1183 475 1222 crasso
503 1168 795 1235 densaeque
824 1167 983 1233 pleno
1016 1164 1256 1217 materia
1298 1163 1416 1216 loco
1446 1164 1541 1231 qui
1569 1168 1720 1212 extra

156 1262 461 1329 paradisum
496 1267 604 1322 est,
632 1258 934 1312 collocatus
965 1270 993 1307 a
1024 1252 1134 1309 Deo
1164 1261 1267 1315 est,
1303 1252 1543 1305 nondum
1576 1251 1719 1304 enim

156 1356 451 1422 deliquerat
502 1361 665 1420 atque
713 1359 999 1419 peccarat;
1039 1360 1215 1415 neque
1268 1359 1458 1399 rursus
1509 1344 1720 1412 positus

156 1455 228 1499 est
277 1446 328 1497 in
387 1445 496 1497 illis
538 1442 974 1512 pracellentibus
1015 1440 1170 1499 locis,
1218 1437 1355 1491 calo
1403 1435 1487 1489 vel
1538 1436 1723 1489 ﬁrma-

156 1547 347 1599 mento,
387 1534 525 1588 nihil
565 1535 712 1587 enim
751 1533 927 1585 adhuc.
970 1531 1093 1581 boni
1138 1538 1376 1597 patrarat
1410 1545 1422 1579 :
1454 1527 1546 1581 sed
1583 1526 1722 1593 quod

154 1634 569 1682 consentaneum
622 1632 760 1684 erat,
796 1621 1082 1675 collocavit
1138 1621 1316 1689 ipsum
1365 1618 1507 1671 Deus
1550 1618 1600 1669 in
1660 1630 1726 1670 eo

156 1718 260 1771 loco
306 1718 403 1785 qui
456 1718 600 1769 inter
652 1726 912 1779 utrosque
978 1712 1100 1766 illos
1153 1710 1332 1764 medio
1382 1724 1440 1763 se
1494 1707 1725 1761 habebat

156 1808 335 1870 modo;
396 1806 502 1858 hoc
550 1814 654 1867 est,
706 1804 959 1872 paradiso
993 1818 1007 1854 :
1047 1802 1132 1853 hic.
1170 1799 1314 1852 enim
1356 1806 1415 1851 ut
1464 1813 1570 1850 non
1612 1804 1719 1850 tam

1830 610 1915 664 hic
1942 611 2141 679 aliquis
2175 608 2289 661 lieri
2324 623 2427 662 non
2462 621 2625 677 posse
2657 607 2801 675 (cum
2838 620 2977 665 terra
3007 612 3187 665 omnis
3244 617 3405 669 unius

1827 701 2181 770 ejusdemque
2233 709 2442 754 natura
2486 701 2559 755 sit
2606 710 2769 771 atque
2819 704 3092 774 essentia)
3141 714 3200 759 ut
3231 706 3398 761 altera

1824 795 1943 863 ejus
1966 808 2092 864 pars
2113 792 2347 856 subtilis,
2378 805 2533 860 pura,
2564 793 2810 859 sincera;
2843 792 3009 847 altera
3039 811 3164 852 vero
3190 811 3401 860 crassa.

1830 887 2062 956 impura,
2113 885 2301 949 mista,
2350 883 2688 953 confusaque
2734 901 2856 939 esse
2906 896 3087 957 queat.
3144 891 3247 943 Sed
3302 907 3401 944 nos

1828 979 2244 1046 respondemus,
2288 974 2400 1029 ﬁeri
2456 976 2679 1027 omnino
2728 977 2776 1028 id
2832 993 2995 1046 posse
3047 996 3060 1032 :
3112 981 3308 1050 quippe
3347 983 3398 1035 iu

1828 1072 1983 1140 aquis
2036 1084 2156 1138 qua
2205 1077 2332 1123 sunt
2363 1068 2627 1136 sejusdem
2682 1074 2929 1125 essentia:
2980 1088 3215 1139 omnes,
3270 1076 3408 1129 alias

1830 1174 2008 1216 tamen
2062 1161 2340 1231 limpidas,
2388 1161 2524 1215 alias
2575 1161 2854 1228 turbidas;
2892 1167 3152 1233 quasdam
3213 1166 3403 1222 dulces

1828 1268 2070 1323 pinuque
2121 1269 2367 1319 suaves;
2402 1254 2537 1308 alias
2614 1270 2850 1319 amaras,
2899 1266 3061 1325 atque.
3111 1259 3165 1312 in
3215 1270 3401 1330 potum

1828 1351 2033 1416 ineptas
2064 1366 2075 1401 :
2110 1349 2232 1401 item
2268 1347 2319 1401 in
2364 1363 2522 1413 aere,
2560 1347 2721 1401 alium
2756 1364 2999 1402 crassum
3040 1349 3403 1423 densumque.

1829 1443 1995 1495 alium
2027 1441 2313 1509 liquidum,
2345 1440 2693 1509 naturalique
2730 1450 3089 1511 temperatum
3129 1446 3403 1511 puritate;

1829 1546 2026 1586 rursus
2054 1531 2218 1584 alium
2251 1530 2455 1585 salubri
2485 1540 2646 1599 atque
2673 1546 2888 1585 amoena
2920 1539 3207 1601 temperie,
3236 1536 3403 1590 alium

1831 1621 1991 1675 noxia
2046 1621 2364 1690 intemperie
2428 1620 2748 1690 ingratoque
2806 1622 2973 1676 odore
3021 1627 3335 1691 experimur
3391 1644 3401 1676 :

1829 1713 2065 1781 denique
2098 1712 2212 1779 ipsa
2248 1713 2413 1766 etiam
2448 1712 2695 1782 corporis
2735 1712 2904 1766 nostri
2950 1716 3191 1767 membra
3224 1716 3403 1769 omnia

1828 1803 2069 1872 quidem,
2117 1805 2277 1857 unius
2323 1813 2484 1873 atque
2531 1802 2777 1871 ejusdem
2830 1820 3039 1860 natura
3086 1822 3207 1860 esse
3244 1822 3407 1860 nemo

154 1914 308 1969 purus
343 1906 623 1968 putusque
650 1907 734 1950 est
766 1912 928 1965 quam
962 1894 1392 1955 ﬁrmamentum,
1424 1891 1494 1944 ita
1528 1904 1722 1945 rursus
1757 1902 1797 1956 Β
1830 1896 2138 1965 negaverit:
2189 1906 2243 1949 et
2291 1904 2470 1949 tamen
2527 1897 2722 1950 oculus
2763 1897 2977 1953 lucidus
3009 1910 3092 1954 est
3129 1911 3292 1970 atque
3316 1901 3400 1953 .li.

154 2006 249 2045 non
286 2003 396 2044 tam
436 2004 625 2044 crassa
673 1998 973 2056 coactaque
1010 1986 1238 2038 materie
1282 1991 1516 2049 constat,
1558 1993 1722 2052 atque

154 2084 256 2137 hac
299 2091 491 2137 nostra
532 2096 653 2149 qua
703 2085 856 2133 ex'tra
911 2079 1221 2148 paradisum
1273 2084 1393 2138 est,
1442 2083 1609 2128 terra.
1661 2073 1723 2126 Et

153 2190 287 2241 vero,
319 2190 387 2229 eo
426 2174 659 2228 consilio
699 2173 915 2225 videtur
955 2169 1222 2239 ejusmodi
1274 2167 1452 2222 medio
1502 2166 1622 2221 loco
1655 2166 1722 2219 ab

154 2270 327 2339 opiﬁce
354 2268 469 2321 Deo
500 2266 587 2320 ille
622 2267 831 2333 positus
861 2278 999 2323 esse,
1032 2272 1089 2314 ιιι
1121 2261 1165 2314 si
1200 2260 1504 2328 morigerus
1532 2258 1720 2311 obser-

154 2369 288 2413 varet
316 2361 502 2427 jussa,
540 2358 935 2411 subvehere-tur
976 2354 1027 2406 in
1076 2354 1478 2404 ﬁrmamentum
1544 2349 1721 2402 locum

154 2451 623 2523 praeellcntiorem
659 2450 1048 2518 purioremque
1085 2445 1339 2513 paradiso
1374 2460 1388 2496 :
1424 2444 1506 2497 sin
1540 2452 1721 2495 autem

155 2544 410 2598 mandatis
462 2557 594 2595 non
626 2550 862 2610 pareret,
908 2538 1000 2591 sed
1054 2538 1420 2605 delinqueret,
1457 2546 1623 2604 atque
1657 2535 1724 2588 ah

154 2652 207 2690 ea
235 2653 396 2708 quam
428 2636 534 2690 sibi
569 2650 702 2689 suus
734 2635 956 2686 etIector
990 2630 1391 2698 imperavisset,
1419 2629 1535 2697 lege
1562 2624 1725 2681 deﬂe-

157 2739 333 2793 cteret,
373 2728 747 2796 eonjiceretur
775 2726 828 2777 itt
863 2725 1003 2777 hanc
1029 2720 1441 2783 exsecrabilem,
1482 2735 1721 2774 crassam

154 2835 211 2875 ac
235 2822 459 2876 densam
496 2829 696 2873 terram
727 2832 888 2887 quattt
920 2832 1021 2869 nos
1048 2824 1199 2869 extra
1232 2814 1545 2883 paradisum
1582 2827 1725 2867 nunc

156 2914 471 2966 habitamus.
507 2912 649 2977 Quin
702 2909 1009 2979 paradisum
1046 2908 1217 2962 fuisse
1264 2909 1440 2960 medio
1484 2906 1603 2959 loco
1645 2915 1726 2959 te-

158 3016 316 3060 statur
348 3008 521 3060 etiam
569 3003 899 3071 Philoxenus
946 3001 1190 3070 Mahnga
1237 3000 1530 3067 episcOpus
1572 2997 1625 3051 itt
1661 3012 1725 3051 eo

156 3114 391 3154 sermone
445 3114 614 3169 quem
682 3099 749 3150 de
815 3095 1280 3164 contemplatione
1344 3094 1556 3146 arboris
1606 3093 1727 3145 vita

156 3194 466 3262 conscripsit
524 3192 607 3245 his:
658 3190 839 3245 verbis
883 3208 895 3243 :
934 3189 1023 3243 Sic
1069 3190 1316 3243 consitus
1361 3202 1390 3240 a
1423 3184 1534 3241 Deo
1570 3201 1726 3255 para-

156 3286 291 3338 disus
339 3295 456 3349 est,
515 3293 575 3337 ut
626 3283 865 3335 tueditttn
915 3292 1145 3350 occupet
1195 3284 1408 3345 locum;
1459 3281 1722 3349 quidquid
1755 3268 1796 3322 (ἶ

156 3378 283 3429 enim
314 3378 578 3445 superius
605 3385 708 3438 est,
738 3384 832 3428 aut
863 3375 1062 3429 caelum
1093 3384 1175 3429 est
1204 3384 1298 3427 aut
1328 3374 1466 3428 calo
1496 3390 1729 3428 consen-

158 3475 359 3521 taneum
398 3486 413 3521 :
456 3483 680 3521 rursum
731 3466 990 3535 quidquid
1044 3465 1295 3529 inferius,
1341 3468 1424 3519 vel
1472 3476 1613 3519 terra
1648 3475 1729 3519 est

158 3563 229 3612 tel
253 3561 315 3613 ad
349 3569 557 3614 terram
594 3561 848 3628 pertinet.
882 3559 1092 3629 Quippe
1124 3560 1302 3628 qualis
1334 3569 1450 3613 erat
1488 3559 1726 3612 c0nditio

157 3654 585 3721 compositioque
638 3653 897 3718 hominis,
952 3654 1112 3705 talem
1167 3653 1455 3721 oportebat
1510 3668 1630 3707 esse
1674 3665 1723 3705 ct

156 3744 316 3798 locum
356 3747 411 3798 in
459 3761 572 3814 quo
620 3754 737 3797 erat
789 3745 878 3798 ille
927 3744 1247 3810 ponendus;
1305 3745 1392 3797 illa
1447 3759 1571 3799 vero
1607 3745 1726 3814 ejus

156 3850 258 3891 erat
296 3839 469 3903 modi,
512 3846 571 3891 ut
624 3838 674 3890 itt
717 3839 953 3891 hominis
989 3849 1137 3892 esset
1183 3838 1361 3907 posita
1411 3838 1637 3892 arbitrio
1676 3849 1728 3892 et

156 3931 267 3985 boni
295 3942 348 3986 et
383 3932 517 3985 tnali
555 3931 749 3985 electio
784 3930 937 3996 :jam
977 3946 1103 3984 vero
1135 3934 1226 4000 qui
1264 3933 1341 3984 sic
1373 3946 1430 3986 se
1463 3932 1646 3997 habet,
1683 3933 1727 3986 is

157 4025 282 4079 inter
309 4036 614 4092 utrumque
650 4025 863 4079 medius
892 4033 997 4086 est,
1032 4042 1131 4078 nec
1158 4040 1222 4078 ex
1257 4025 1401 4078 bono
1427 4035 1592 4090 totus,
1630 4041 1727 4079 nec

156 4131 357 4170 rursum
404 4128 564 4170 totus
608 4132 673 4168 ex
721 4118 862 4169 malo
908 4115 1197 4179 conﬂatus,
1248 4115 1341 4169 sed
1393 4129 1491 4184 pro
1536 4124 1728 4184 5tt0pte

157 4209 371 4263 arbitrio
407 4206 482 4261 ad
534 4209 806 4260 utrumvis
836 4207 993 4275 juxta
1031 4222 1090 4261 se
1136 4207 1365 4260 habens.
1410 4205 1479 4258 At
1513 4221 1573 4259 ea
1609 4206 1727 4275 qui-

157 4301 263 4354 dem
294 4312 412 4355 erat
443 4299 583 4354 Ada
614 4300 878 4365 conditio,
907 4299 1207 4367 eademque
1240 4300 1483 4368 cognitio
1516 4299 1730 4353 arboris

158 4392 269 4446 boni
299 4403 352 4447 et
388 4392 525 4446 mali
558 4407 571 4443 :
600 4405 771 4459 quare
794 4400 842 4444 et
874 4392 1139 4459 ejusmodi
1171 4401 1290 4444 erat
1321 4406 1542 4461 quoque
1571 4405 1725 4460 para-

159 4484 249 4539 disi
275 4486 415 4539 ratio
442 4485 501 4539 iu
534 4484 714 4538 medio
739 4483 951 4537 scilicet
974 4483 1253 4547 collocati,
1279 4493 1336 4537 ut
1362 4499 1525 4552 supra
1554 4485 1728 4556 ipsum

159 4590 322 4633 essent
367 4584 752 4648 corporatura
817 4578 1161 4646 materiaque
1206 4588 1461 4646 expertes
1510 4579 1730 4643 spiritus

160 4673 239 4741 qui
284 4674 397 4727 sola
450 4672 672 4725 ratione
714 4670 1107 4739 intelliguntur.
1159 4680 1212 4723 et
1263 4670 1528 4740 quidquid
1574 4682 1728 4727 extra

159 4777 356 4818 omnem
387 4761 855 4832 compositionem
885 4770 968 4815 est
993 4779 1007 4815 :
1036 4760 1174 4814 iul‘ra
1201 4775 1328 4815 vero
1361 4761 1515 4814 illum
1545 4762 1731 4816 bestia

160 4862 206 4907 et
244 4854 506 4925 pecudes,
550 4862 851 4920 cateraque
894 4854 1105 4906 ratione
1150 4853 1412 4906 carentia.
1449 4854 1565 4921 Ipse
1601 4868 1730 4907 vero

162 4948 433 5013 paradisus
486 4946 634 5003 inter
674 4943 789 4999 hac
819 4953 872 4997 et
906 4944 994 4997 illa
1037 4944 1247 4998 medius
1285 4952 1533 4998 maneret
1567 4954 1732 5015 atque

164 5035 252 5090 hac
280 5038 497 5093 ratione
528 5051 653 5090 cum
686 5035 924 5089 hominis
957 5037 1353 5090 constitutione
1383 5047 1729 5105 congrueret,

163 5130 243 5194 qui
277 5138 327 5182 et
372 5130 495 5199 ipse
531 5142 597 5181 ex
634 5127 813 5180 anima
847 5127 1007 5179 simul
1052 5136 1104 5180 et
1152 5143 1379 5196 corpore
1425 5128 1728 5182 constabat.

166 5217 423 5275 Hactenus
470 5221 584 5274 ille.
622 5220 1025 5273 Animadvertis
1062 5218 1225 5289 igitur
1254 5220 1527 5275 doctorem
1566 5218 1728 5273 istum

164 5314 437 5383 perspicua
491 5312 707 5365 ratione
756 5304 1063 5366 ostendisse
1110 5311 1422 5380 paradisum
1462 5312 1513 5364 itt
1551 5311 1731 5366 medio

166 5416 268 5458 esse
301 5407 584 5474 positum;
622 5418 796 5472 neque
827 5411 932 5457 tam
970 5404 1154 5457 subtili
1189 5404 1451 5458 tenuitate
1485 5404 1728 5481 dotatum

167 5507 310 5561 quam
336 5512 397 5551 ea
427 5510 557 5566 qua
589 5510 750 5563 supra
778 5496 955 5564 ipsum
1002 5496 1297 5557 exsistunt,
1333 5511 1507 5565 neque
1538 5480 1731 5550 rursus

167 5600 220 5640 ca
264 5588 634 5645 crassitudine
685 5588 923 5641 materia
968 5602 1074 5657 qua
1118 5586 1205 5640 illa
1257 5587 1553 5655 composita
1604 5596 1730 5639 sunt

170 5693 273 5745 qua
306 5680 446 5734 infra
488 5682 670 5749 ipsum
706 5678 996 5733 habentur.
1033 5676 1151 5732 Non
1182 5692 1312 5746 ergo
1347 5678 1399 5731 in
1433 5682 1531 5732 hac
1563 5693 1725 5747 quam

170 5783 255 5825 nos
280 5773 593 5827 habitamus
628 5782 769 5826 terra
802 5770 1088 5842 paradisus
1121 5771 1348 5833 exstitit,
1379 5769 1471 5824 sed
1508 5771 1559 5824 in
1592 5772 1724 5835 alia;

169 5875 261 5917 non
288 5866 504 5937 quidem
556 5865 669 5935 ipsa
706 5878 801 5917 sua
838 5874 1031 5919 natura
1079 5863 1383 5929 diﬂ‘erente,
1413 5864 1505 5917 sed
1551 5865 1724 5919 tenui—

1831 1989 2052 2059 quidus,
2103 2004 2314 2059 manus
2339 2003 2468 2042 vero
2517 2004 2702 2044 crassa
2735 1999 2790 2045 et
2826 1992 3105 2047 materiata
3143 2009 3407 2065 compage

1832 2089 2075 2147 constat;
2106 2080 2288 2150 itaque
2314 2079 2446 2134 etin
2474 2088 2634 2137 terra
2658 2082 2903 2151 partibus
2933 2083 3076 2138 idem
3106 2100 3207 2138 usu
3234 2086 3403 2146 venit,

1832 2181 1891 2226 ιιι
1933 2173 2143 2227 scilicet
2173 2173 2342 2227 altera
2385 2181 2532 2229 esset
2564 2189 2703 2244 pura
2751 2184 2879 2245 puta
2916 2186 2970 2231 et
3006 2179 3186 2231 omnis
3215 2193 3407 2232 excre—

1834 2265 1997 2319 tuenti
2036 2281 2228 2329 vacua,
2263 2282 2325 2319 ac
2359 2267 2537 2320 tenuis
2573 2267 2920 2337 subtilisque,
2955 2270 3134 2337 qualis
3167 2280 3283 2323 erat
3315 2271 3405 2324 illa

1834 2359 2108 2428 paradisi;
2152 2360 2322 2413 altera
2355 2375 2479 2412 vero
2507 2375 2713 2420 crassa.
2752 2362 2933 2423 tuista,
2968 2370 3406 2419 excrementosa.

1831 2444 2139 2517 cujusmo'di
2188 2459 2271 2502 est
2312 2449 2426 2502 hac
2477 2464 2598 2517 quac
2641 2458 2791 2502 extra
2836 2449 3145 2518 paradisum
3187 2464 3214 2504 a
3252 2452 3410 2504 nobis

1838 2540 2087 2593 habetur.
2122 2538 2255 2592 Nam
2287 2549 2341 2594 et
2374 2540 2425 2592 in
2459 2540 2579 2595 oleo
2621 2541 2722 2595 hoc
2760 2542 2933 2608 ipsum
2966 2541 3325 2612 deprehendis
3355 2560 3410 2600 et

1836 2635 1888 2685 iu
1926 2634 2050 2686 vitm
2085 2650 2098 2687 :
2135 2635 2234 2687 etsi
2271 2636 2413 2689 enim
2451 2635 2572 2690 unis
2602 2637 2763 2690 etiam
2801 2641 2911 2691 haec
2943 2650 3193 2695 constent
3222 2657 3411 2697 essen-

1835 2726 1943 2788 tiis,
1973 2735 2149 2779 tamen
2181 2729 2415 2795 partimn
2445 2729 2563 2781 alia
2593 2728 2911 2798 liquidiores
2937 2731 3407 2806 defecatioresque

1835 2832 1897 2869 ac
1943 2816 2106 2871 veluti
2163 2819 2335 2888 magis
2390 2820 2698 2886 percolata,
2754 2822 2943 2891 quales
2996 2834 3123 2879 sunt
3169 2842 3199 2881 a
3244 2828 3411 2882 fundi.

1837 2906 2194 2971 remotiores,
2250 2907 2369 2961 alia
2427 2924 2617 2964 rursus
2668 2911 3027 2979 turbidiores,
3083 2916 3410 2974 feculentio-

1838 3010 2032 3066 resque
2068 3006 2230 3067 atque
2274 3001 2499 3054 omnino
2546 3002 2874 3072 impuriores
2908 3020 3031 3062 esse
3072 3022 3407 3079 cernuntur;

1835 3103 1911 3141 ea
1944 3104 2136 3158 nempe
2167 3106 2287 3160 qua
2317 3107 2344 3145 a
2380 3091 2548 3147 l'undo
2580 3095 2799 3165 propius
2830 3098 3050 3154 absunt.

2437 3205 2665 3261 CAPUT
2709 3209 2799 3263 IX.

1906 3317 2041 3370 Eant
2086 3328 2225 3372 terra
2267 3320 2319 3373 in
2361 3336 2464 3387 qua
2505 3331 2581 3375 est
2624 3324 2905 3391 paradisus
2948 3327 3045 3380 ltac
3082 3339 3265 3383 nostra
3312 3350 3406 3386 su-

1833 3412 2124 3465 blimiorem
2161 3427 2293 3464 esse.
2344 3437 2416 3450 -—-
2467 3412 2602 3467 Illud
2653 3416 2876 3486 insuper
2925 3421 3242 3486 asserimus,
3285 3439 3402 3478 eam

1834 3514 2032 3559 terram
2068 3508 2117 3559 in
2150 3522 2256 3574 qua
2312 3518 2395 3561 est
2431 3510 2720 3578 paradisus
2756 3510 2999 3568 altiorem
3035 3518 3205 3571 multo
3234 3508 3407 3571 subli-

1833 3598 2171 3664 mioremque
2220 3598 2481 3652 exsistere
2533 3600 2633 3653 hac
2685 3616 2847 3669 quam
2902 3618 2999 3657 nos
3050 3605 3317 3671 colimus;
3354 3607 3406 3662 id

1829 3688 1973 3740 enim
2030 3687 2101 3740 ita
2156 3704 2214 3743 se
2270 3691 2507 3751 habere,
2582 3691 2787 3746 indicio
2843 3704 2970 3747 sunt
3030 3705 3264 3763 quatuor
3318 3697 3407 3751 illa

1830 3777 2055 3846 grandia
2101 3776 2326 3833 ﬂumina
2356 3797 2503 3850 qua,
2551 3791 2693 3847 orta,
2729 3783 2782 3836 itt
2816 3785 3054 3853 paradisi
3107 3795 3248 3841 terra
3312 3804 3406 3858 per

1833 3872 1973 3926 hanc
2007 3882 2250 3926 nostram
2281 3876 2350 3929 ab
2383 3875 2471 3930 illa
2503 3875 2773 3931 diversam
2807 3875 3078 3933 feruntur.
3107 3878 3223 3935 Nisi
3258 3882 3403 3936 enim

1836 3962 1924 4017 illa
1977 3972 2120 4018 terra
2166 3966 2326 4019 altior
2364 3976 2622 4029 exstaret,
2663 3969 2777 4024 lieri
2816 3985 2926 4024 non
2980 3984 3184 4041 posset,
3235 3985 3294 4029 ut
3342 3991 3406 4030 ea

1834 4054 2058 4110 ﬂumina
2111 4058 2259 4111 illinc
2307 4060 2570 4129 praecipiti
2600 4076 2759 4115 cursu
2804 4065 2907 4116 sub
2953 4079 3103 4119 mare
3149 4082 3405 4138 magnum

1830 4150 2028 4214 delata,
2080 4152 2295 4205 tandem
2332 4168 2425 4221 per
2463 4155 2600 4207 hanc
2631 4170 2659 4207 a
2695 4155 2853 4210 nobis
2894 4157 3092 4213 cultam
3128 4163 3403 4230 regionem

1830 4242 2169 4310 erumpentia
2228 4254 2643 4313 spargerentur.
2697 4246 2919 4303 Certum
2963 4250 3129 4320 igitur
3178 4264 3291 4319 est,
3343 4272 3406 4311 ea

1834 4336 2079 4400 ﬂumina,
2113 4338 2239 4406 quia
2271 4353 2300 4389 e,
2332 4339 2550 4393 sublimi
2599 4340 2721 4395 loco
2762 4356 3106 4410 pronianant,
3141 4346 3257 4415 ipsa
3308 4365 3408 4404 sua

1836 4429 2099 4498 pracipiti
2128 4429 2365 4485 ﬂuxione
2391 4442 2578 4486 coacta
2611 4436 2931 4505 Strictaque,
2955 4448 3009 4493 et
3034 4441 3257 4508 proinde
3281 4456 3407 4498 eum

1838 4523 2035 4590 impetu
2072 4524 2249 4576 delata
2302 4525 2403 4578 sub
2452 4535 2646 4580 terram
2682 4536 2734 4583 et
2772 4544 3024 4597 maguum
3074 4547 3223 4588 mare
3272 4538 3410 4605 rapi,

1762 4614 1807 4671 ι)
1835 4623 1995 4683 atque
2034 4615 2104 4667 oh
2139 4614 2314 4682 ipsum
2357 4630 2483 4671 eum
2531 4617 2817 4687 impetum,
2847 4638 2955 4691 quo
3000 4640 3126 4679 sunt
3165 4626 3411 4698 delapsa,

1834 4722 2026 4761 rursus
2063 4707 2313 4775 prosilire
2356 4709 2407 4761 in
2457 4710 2559 4765 hac
2594 4722 2779 4766 nostra
2831 4723 2995 4779 terra,
3046 4731 3143 4783 per
3188 4732 3413 4788 eamque

1834 4797 2022 4853 liuere.
2062 4797 2194 4852 Nam
2229 4812 2464 4869 quatuor
2494 4802 2582 4855 illa
2613 4801 2835 4857 ﬂumina
2873 4804 3134 4876 (Tigrim,
3166 4809 3412 4880 inquam.

1835 4890 2205 4961 Euphratem.
2264 4891 2570 4955 Gihonem.
2626 4903 2681 4948 et
2729 4894 3057 4967 Phisonem)
3110 4902 3211 4954 sub
3264 4919 3415 4957 mare

1836 4982 1986 5050 ferri,
2034 4993 2193 5052 atque
2243 4986 2293 5036 itt
2346 4984 2447 5038 hac
2475 4985 2693 5039 demum
2735 5002 2897 5056 quam
2938 5003 3038 5043 nos
3101 4991 3412 5047 habitamus

1836 5083 1978 5128 terra
2038 5075 2289 5145 prodire,
2345 5085 2576 5130 testatur
2628 5077 2792 5131 etiam
2850 5078 3104 5136 dominus
3158 5083 3407 5152 Ephrtem

1834 5166 2251 5220 Commentariis
2286 5167 2339 5220 itt
2371 5166 2624 5223 Genesim
2647 5187 2661 5236 ;
2688 5178 2742 5224 et
2780 5184 2902 5225 cum
2952 5187 3017 5225 co
3047 5175 3159 5227 alii.
3189 5174 3410 5229 Clarum

1837 5259 1999 5329 igitur
2024 5274 2085 5313 ex
2119 5260 2203 5314 his
2234 5269 2337 5325 est,
2366 5275 2487 5314 eam
2522 5270 2717 5315 terram
2749 5261 2801 5314 itt
2830 5277 2934 5333 qua
2970 5266 3109 5320 situs
3139 5274 3223 5320 est
3254 5282 3414 5337 para—

1834 5352 1987 5405 disus
2053 5351 2224 5405 multo
2290 5352 2707 5406 eminentiorem
2757 5354 3244 5427 sublitnioremque
3289 5375 3410 5415 esse.

1837 5444 1937 5498 hac
1971 5460 2267 5513 quamnos
2298 5459 2653 5514 occupamus.

2448 5559 2680 5615 CAPUT
2725 5561 2791 5616 Χ.

1905 5691 1980 5732 de
2012 5695 2167 5748 regna
2199 5677 2392 5732 scelesti
2420 5678 2470 5731 in
2499 5695 2600 5749 quo
2624 5679 2761 5748 justi
2793 5680 3056 5749 voluptate
3084 5681 3408 5751 afficientur,

1834 5770 1966 5824 sitne
2011 5772 2065 5823 in
2108 5772 2258 5824 terris
2301 5787 2367 5822 an
2411 5786 2572 5839 supra
2621 5770 2828 5825 calum.
2862 5800 2931 5811 -ο
2962 5770 3205 5843 Regnum
3246 5788 3409 5843 porro

1834 5864 2056 5921 caeleste
2085 5864 2215 5919 illud
2247 5863 2390 5933 quod
2425 5864 2697 5934 justorum
2731 5864 2937 5921 deliciis
2972 5866 3295 5921 destinatum
3326 5876 3408 5923 est
