4208 6432
796 344 900 410 495

2058 348 2287 411 lllOSIS
2331 352 2476 411 ΒΑΗ
2519 353 2606 412 (ΣΕ
2618 354 2764 414 PIIA

3937 359 4060 428 495

795 468 1148 529 posteaquam
1207 457 1502 514 reviset-int
1553 457 1831 525 mortales,
1884 469 1940 516 ut
1990 461 2060 516 ait
2109 460 2370 521 Dominus
2401 472 2442 530 Α
2476 467 2670 533 acturi,
2714 468 2866 537 juxta
2915 479 3074 521 verax
3124 467 3338 523 Domini
3385 471 3748 540 promissum;
3801 475 3849 527 iu
3887 490 4064 545 para-

797 561 999 615 noster,
1038 564 1146 606 non
1179 565 1298 606 esse
1341 551 1392 605 in
1427 550 1605 612 terris.
1653 550 1749 606 sed
1781 567 1942 624 supra
1986 553 2185 610 ccelunt
2235 555 2371 628 (hoc

796 653 897 708 est.
930 658 1094 713 supra
1130 643 1575 714 ﬁrmamentum),
1607 644 1754 715 quod
1787 648 2033 716 proxime
2063 664 2223 718 supra
2267 665 2370 707 nos

793 745 897 802 est,
936 737 1122 792 multis
1168 737 1504 806 argumentis
1540 739 1947 808 comprobatur.
1994 738 2179 795 Primo
2225 742 2368 796 enim

795 833 971 900 ipsum
1010 829 1328 883 vocabulum
1367 828 1468 883 hoc
1499 832 1694 901 arguit,
1726 847 1834 901 quo
1862 833 2084 888 caeleste
2119 849 2368 903 regnum,

795 939 900 976 non
941 930 1197 976 terrestre
1244 937 1273 975 a
1324 919 1556 976 Domino
1607 923 1935 991 appellatum
1985 935 2069 977 est
2124 939 2137 977 :
2177 922 2373 978 deinde

795 1015 935 1068 idem
973 1014 1060 1068 ille
1109 1012 1377 1069 Dominus
1424 1015 1559 1069 dixit
1609 1030 1621 1067 :
1673 1011 1818 1066 Vada
1857 1031 2051 1084 parare
2101 1015 2240 1068 vobis
2286 1014 2366 1068 lo-

793 1123 912 1159 cum
954 1106 1019 1161 ’⁷.
1067 1105 1131 1158 Et
1166 1123 1178 1159 :
1219 1105 1317 1160 Ubi
1363 1123 1454 1178 ego
1502 1123 1640 1170 sum,
1691 1106 1798 1159 illic
1846 1117 1894 1160 et
1937 1107 2178 1160 minister
2227 1122 2370 1158 meus

791 1203 912 1255 erit.
956 1198 1073 1254 Jam
1123 1214 1249 1254 vero
1290 1199 1513 1264 dubium
1574 1199 1783 1252 nullum
1814 1209 1916 1264 est,
1964 1199 2095 1268 quin
2123 1197 2373 1252 Christus

796 1307 918 1347 iere
943 1293 996 1346 in
1022 1293 1224 1347 caelum
1258 1291 1657 1346 conscenderit.
1688 1291 1948 1344 Pt'mlerea
1983 1292 2142 1344 divus
2172 1288 2372 1344 Paulus

793 1386 982 1439 scribit
1028 1384 1082 1438 in
1136 1384 1250 1437 haec
1300 1390 1462 1437 verba
1511 1401 1525 1440 :
1585 1380 1684 1436 Vos
1727 1392 1903 1434 autem
1959 1382 2253 1434 accessistis
2303 1381 2370 1434 ad

795 1488 1020 1530 montem
1054 1473 1205 1541 Sion,
1231 1485 1279 1529 et
1310 1476 1378 1528 ad
1408 1476 1672 1535 civitatem
1701 1473 1797 1526 Dei
1828 1474 1950 1535 viri,
1980 1476 2047 1526 ad
2074 1472 2370 1528 Jerusalem

791 1587 909 1640 qua:
941 1581 1016 1624 est
1055 1571 1110 1623 in
1145 1571 1293 1634 caelo,
1339 1579 1386 1622 et
1428 1569 1495 1620 ad
1529 1580 1689 1621 castus
1732 1570 2028 1637 myriadum
2065 1569 2370 1637 angelorum

793 1674 950 1732 atque
987 1665 1054 1715 ad
1094 1661 1384 1715 Ecclesium
1416 1663 1883 1730 priniogenitorum
1916 1662 2006 1730 qui
2037 1661 2220 1730 scripti
2248 1672 2367 1714 sunt

795 1760 846 1810 in
896 1758 1113 1812 creto".
1161 1755 1223 1808 Et
1258 1755 1384 1807 alibi
1434 1772 1453 1830 :_
1497 1753 1706 1825 Scimus
1756 1756 1895 1807 enim
1945 1755 2081 1825 quod
2133 1754 2368 1824 quamvis

2475 557 2654 613 disum
2690 573 2817 615 vero
2851 567 2970 630 post
3006 561 3456 616 resurrectionem
3485 579 3645 619 nemo
3692 565 4060 635 ingredietur,

2476 647 2571 700 sed
2607 662 2898 702 mansurus
2928 658 3010 704 est
3043 649 3131 706 ille
3172 652 3474 707 cultoribus
3510 669 3734 710 vacuus.
3771 654 4063 711 Postremo

2475 739 2689 794 diversa
2741 740 2882 795 inter
2927 757 2985 796 se
3017 757 3138 796 esse
3192 758 3419 813 regnum
3471 746 3594 800 cmli
3627 759 3679 800 et
3713 746 4061 815 paradisum.

2475 830 2743 884 alliriuant
2791 835 2954 886 etiam
2992 833 3266 899 doctores,
3315 849 3452 904 quos
3501 835 3723 890 honoris
3756 850 3920 889 causa
3957 849 4067 888 no-

2478 924 2622 976 mino
2671 941 2683 977 :
2732 926 2987 981 dominus
3034 924 3276 982 Joannes
3325 929 3545 998 quidem
3581 930 3631 982 in
3667 943 3731 984 ea
3782 929 4063 992 oratione,

2475 1019 2562 1070 cui
2615 1017 2803 1071 titulus
2851 1029 2954 1081 est,
3025 1017 3132 1073 Cur
3187 1023 3351 1072 arbor
3401 1021 3491 1073 illa
3541 1020 3782 1074 scientia
3827 1021 3955 1074 boni
4004 1031 4066 1071 et

2477 1111 2603 1163 mali
2640 1111 2906 1179 appellata
2952 1111 3058 1176 sit;
3097 1121 3151 1165 et
3194 1113 3324 1181 quid
3358 1112 3459 1166 sibi
3505 1113 3634 1166 velit
3668 1111 3799 1166 illud
3846 1111 4065 1166 Cnrisli

2476 1203 2541 1256 ad
2597 1202 2886 1269 latronem,
2936 1201 3110 1258 Hodie
3158 1222 3360 1259 mecum
3408 1208 3512 1259 eris
3557 1207 3613 1260 in
3682 1205 3931 1271 paradiso
3967 1204 4012 1234 ³⁸
4045 1222 4065 1259 :

2479 1289 2713 1348 Severus
2768 1309 2932 1358 vero,
2981 1279 3228 1351 oratione
3275 1297 3345 1351 22
3393 1297 3734 1366 Epitbronii,
3787 1309 3844 1351 ut
3888 1312 4064 1366 supe-

2476 1385 2593 1441 rius
2630 1387 2706 1456 (2)
2746 1388 3111 1442 ostendimus.

2483 1481 2486 1490 '
2590 1524 2591 1528 η
3073 1481 3305 1538 CAPUT
3346 1481 3457 1535 XII.

2553 1571 2741 1626 Utrum
2784 1576 2836 1626 in
2877 1574 2973 1627 hoc
3008 1585 3274 1628 terrarum
3315 1577 3437 1629 orbe
3484 1591 3636 1645 quem
3678 1574 3928 1629 mortales
3967 1576 4072 1626 Im-

2479 1665 2648 1718 bitant
2676 1682 2744 1719 an
2771 1678 2922 1720 extra
2947 1683 3064 1719 eum
3089 1669 3156 1720 sit
3185 1670 3490 1735 paradisus.
3514 1695 3582 1707 --
3607 1666 4067 1736 Philosophorum

2477 1755 2872 1824 profanorum,
2920 1759 3030 1812 imo
3078 1760 3469 1812 nonnullorqu
3522 1761 3683 1814 etiam
3729 1760 4071 1813 ecclesiaSti-

793 1851 979 1900 domus
1012 1849 1121 1900 lucc
1149 1855 1330 1899 nostra
1362 1860 1478 1912 qua:
1509 1845 1561 1920 in
1595 1846 1751 1898 terris
1783 1855 1884 1909 est,
1917 1859 2116 1912 corpus
2160 1859 2371 1910 nempe,
2406 1831 2451 1890 Β
2473 1863 2669 1926 lem-um
2745 1847 3033 1903 doctorum
3093 1853 3361 1905 sententia
3427 1862 3511 1905 εει
3535 1891 3550 1914 ’
3616 1851 3884 1905 elementa
3943 1849 4068 1918 ipsa

792 1940 1135 2005 dissolvatur,
1174 1952 1500 1991 structuram
1537 1948 1709 1989 tamen
1749 1935 2035 1987 habeamus
2071 1950 2188 2004 qua:
2211 1952 2239 1986 a
2269 1933 2373 1987 lico

793 2047 889 2097 est,
923 2037 1136 2088 domum
1167 2045 1268 2086 non
1299 2043 1659 2086 constructum
1703 2031 1944 2082 munibus
1984 2032 2035 2083 in
2077 2032 2202 2083 cwlo
2241 2048 2374 2084 sem-

792 2130 1049 2196 piternam
1090 2129 1153 2179 ’9.
1207 2126 1284 2179 Ad
1315 2125 1441 2178 'Iioc
1488 2123 1726 2178 Joannes
1765 2124 2085 2186 monachus,
2116 2121 2375 2177 sermone

796 2220 974 2287 priore
1024 2233 1186 2288 quem
1238 2217 1304 2271 de
1356 2216 1563 2270 niuudo
1617 2230 1756 2268 now
1810 2215 2054 2282 scripsit,
2104 2216 2312 2270 sic-ait
2358 2231 2371 2268 :

793 2309 1088 2364 Enimvero
1135 2324 1360 2379 regnum
1415 2307 1547 2361 illttd
1593 2309 1813 2362 cmleste
1858 2307 2081 2371 Christi,
2113 2323 2222 2362 non
2259 2316 2376 2360 erat

794 2403 897 2455 sub
929 2402 1293 2462 ﬁrmamento,
1330 2401 1422 2453 sed
1457 2415 1620 2468 supra
1653 2402 1873 2460 coelum,
1909 2399 1998 2452 ubi
2046 2409 2371 2467 potestatum

793 2497 1012 2550 ordines
1044 2497 1338 2550 exsistunt.
1376 2495 1569 2564 Liquet
1606 2496 1768 2565 igitur
1803 2497 2022 2550 cceleste
2059 2512 2284 2565 regnum
2319 2497 2372 2549 in

792 2604 901 2656 quo
936 2589 1078 2641 beati
1112 2587 1386 2657 voluptate
1432 2588 1683 2641 fruentur
1733 2598 2018 2655 pustquam
2055 2589 2372 2652 reviset-int,

794 2693 959 2746 supra
989 2680 1186 2731 (mlum
1218 2679 1346 2746 (hoc
1376 2688 1459 2731 est
1493 2678 1916 2746 ﬁrmamentum)
1944 2678 2002 2733 id
2033 2681 2174 2747 quod
2205 2694 2372 2748 supra

796 2785 895 2822 nos
927 2780 1174 2838 apparet,
1209 2769 1444 2838 positum
1481 2784 1622 2822 esse.

1403 2859 1631 2914 CAPUT
1677 2861 1764 2915 XI.

865 2957 1025 3010 Aliud
1061 2973 1173 3010 esse
1209 2972 1424 3026 regnum
1468 2958 1691 3019 caeleste,
1739 2958 1888 3010 aliud
1935 2959 2263 3024 paradisum.
2307 2986 2374 2995 —

797 3051 892 3106 Est
935 3066 1061 3105 vero
1113 3052 1251 3105 inter
1285 3051 1505 3106 etuleste
1556 3069 1781 3120 regnum
1817 3064 1869 3104 et
1905 3054 2214 3120 paradisum
2256 3067 2372 3104 ma-
2412 3038 2418 3060 ’“

2405 3194 2440 3241 (η
2478 3143 2726 3196 consitus
2765 3141 2866 3195 fuit
2899 3143 3212 3210 paradisus.
3241 3141 3430 3210 Itaque
3461 3151 3651 3210 putant
3675 3140 3726 3192 hi
3752 3140 4071 3208 paradisum

2433 3229 2442 3241 ’
2481 3245 2634 3288 extra
2685 3236 2890 3289 ltunea
2929 3235 3250 3287 mortalibus
3303 3235 3703 3300 frequentatum
3751 3233 3936 3284 orbem
3977 3247 4076 3284 es-

795 3158 898 3210 gna
953 3141 1245 3194 admodum
1300 3141 1605 3196 (Ιιιῖιξιθιιιίτι
1658 3157 1818 3211 atque
1877 3145 2186 3195 diversitas.
2241 3141 2371 3194 Nam

797 3249 1022 3301 regnutn
1072 3235 1294 3286 eteleste
1348 3249 1510 3302 supra
1559 3236 1678 3287 t-mli
1731 3238 2128 3286 ﬁrmamentum
2179 3243 2284 3298 est,
2322 3243 2377 3286 at

797 3325 1081 3395 paradisus
1117 3325 1220 3376 sub
1259 3324 1598 3377 {irruann-nto
1647 3327 1697 3375 in
1748 3327 1904 3377 terris
1956 3342 1969 3378 :
2024 3326 2089 3378 ad
2129 3326 2250 3390 hoc,
2290 3341 2376 3380 re-

797 3432 962 3485 gnum
1025 3416 1245 3468 toeleste
1284 3416 1526 3482 spiritale
1561 3429 1678 3481 est;
1717 3417 2002 3485 paradisus
2039 3432 2168 3472 vero
2227 3427 2279 3471 et
2309 3413 2375 3472 ad

795 3525 994 3580 corpus
1025 3519 1077 3562 et
1109 3515 1172 3562 ad
1209 3510 1457 3577 spiritum
1493 3520 1723 3578 spectat,
1755 3521 1812 3564 ut
1844 3513 2094 3579 superius
2126 3527 2378 3580 comproo

797 3603 1066 3654 liavimus.
1100 3601 1303 3655 Deinde
1327 3602 1566 3655 caelestis
1600 3603 1748 3671 regni
1785 3606 2037 3671 voluptas
2062 3619 2122 3657 ea
2151 3613 2377 3672 estquae

794 3709 860 3749 ex
896 3692 1006 3747 Deo
1054 3709 1179 3746 cum
1237 3693 1410 3748 beatis
1441 3694 1646 3764 angelis
1682 3695 1928 3763 capitur;
1976 3695 2209 3762 paradisi
2248 3710 2376 3749 vero

799 3788 1007 3842 deliciae
1031 3803 1094 3841 ex
1125 3787 1417 3842 arboribus
1447 3789 1678 3841 amoenis
1707 3799 1870 3857 atque
1899 3787 2372 3850 desitlerabilibus,

800 3896 902 3934 nec
930 3896 1034 3934 non
1070 3894 1133 3933 ex
1168 3880 1368 3948 ingenti
1412 3880 1501 3931 illo
1531 3878 1755 3933 ﬂumine
1796 3881 2077 3933 habentur.
2115 3879 2376 3934 Praeterea

799 3987 1026 4042 regnum
1058 3973 1279 4026 cceleste
1323 3987 1416 4025 nec
1446 3971 1628 4025 oculus
1661 3972 1810 4034 vidit,
1848 3988 1941 4025 nec
1977 3974 2122 4025 auris
2152 3973 2376 4038 uudirit,

799 4079 961 4133 neque
987 4063 1040 4116 in
1068 4079 1159 4115 cor
1188 4063 1416 4115 hominis
1449 4065 1707 4128 ascendit,
1740 4073 1798 4116 ut
1827 4064 2198 4132 apostolorum
2233 4068 2378 4132 prin-

797 4171 924 4224 ceps
956 4155 1156 4210 Paulus
1193 4158 1269 4210 ait
1293 4155 1378 4219 '°;
1424 4155 1518 4209 sed
1556 4155 1838 4224 paradisus
1891 4164 1943 4207 et
1974 4155 2100 4207 Atla:
2160 4163 2214 4207 et
2257 4146 2415 4208 Evae'

799 4247 977 4302 oculis
1011 4257 1264 4315 aspectus
1307 4256 1411 4311 est,
1451 4246 1786 4316 auribusque
1829 4247 2072 4307 auditus.
2119 4257 2173 4301 et
2214 4247 2380 4301 subiit

799 4341 855 4394 in
891 4340 1129 4408 ipsorum
1180 4343 1416 4393 animos.
1460 4338 1687 4408 Insuper
1722 4353 1848 4393 cum
1896 4340 1949 4392 in
2005 4340 2138 4408 lege,
2177 4348 2289 4393 tum
2325 4338 2377 4393 in

806 4433 1101 4502 Evangelia
1164 4433 1573 4496 distinguuntur
1630 4449 1642 4483 :
1697 4432 1750 4485 in
1805 4433 1922 4502 lege
1986 4408 2129 4486 enim
2189 4433 2380 4485 beatus

2478 1941 2707 1995 alterum
2753 1942 2805 1994 in
2859 1943 3032 1996 altero
3083 1959 3225 2006 esse,
3276 1955 3436 2010 atque
3489 1946 3717 1998 alterum
3764 1945 3831 1997 ab
3885 1933 4072 1996 altero

2479 2035 2864 2088 circumdari:
2919 2045 3116 2088 terram
3158 2038 3302 2089 enim
3356 2037 3424 2091 ab
3478 2039 3590 2105 ipsa
3643 2051 3807 2104 aqua,
3860 2052 4068 2106 aquam

2478 2131 2547 2180 ab
2596 2143 2744 2192 aere,
2789 2143 2969 2180 acrem
3012 2129 3080 2181 ab
3133 2130 3252 2197 igne
3289 2130 3554 2184 contineri
3590 2130 3679 2196 (de
3720 2145 3824 2196 qua
3869 2144 3924 2181 re
3965 2146 4074 2180 nos

2481 2235 2698 2288 quoque
2750 2220 2988 2274 dilucide
3033 2219 3246 2288 egimus
3286 2221 3340 2274 in
3387 2236 3450 2274 co
3488 2222 3626 2275 libro
3671 2235 3830 2288 quem
3869 2223 3932 2273 de
3969 2235 4070 2272 ses

2476 2312 2670 2366 diebus
2698 2314 3177 2382 conscripsimus),
3206 2322 3260 2366 et
3300 2314 3525 2381 proimle
3562 2314 3876 2367 existimant
3912 2328 4070 2364 man:

2479 2404 2760 2459 Oceanum
2815 2415 2982 2459 Iouini
3026 2406 3233 2459 ambire
3281 2415 3505 2465 terram,
3556 2421 3661 2457 nou
3705 2420 3859 2458 secus
3901 2413 4076 2471 atque.

2477 2511 2734 2550 c0r0uam
2783 2507 2968 2565 caput,
3020 2507 3112 2548 aut
3160 2495 3438 2563 cingulum
3492 2493 3742 2559 lumbos;
3795 2495 3864 2547 ila
3903 2503 3961 2545 ut
4002 2495 4076 2545 al)

2475 2597 2721 2643 extrema
2753 2587 2950 2641 Oceani
3005 2597 3157 2655 parte
3207 2587 3352 2640 nulla
3393 2601 3619 2655 prorsus
3652 2594 3789 2638 terra
3845 2586 3936 2646 sit,
3973 2591 4071 2637 sed

2477 2694 2570 2731 aer
2603 2679 2651 2730 ei
2687 2693 2797 2732 orre
2842 2694 2906 2731 ex
2955 2678 3103 2731 omni
3157 2679 3378 2746 regione
3426 2675 3815 2731 circumfusus.
3865 2679 3932 2727 At
3974 2676 4072 2726 alii

2479 2771 2801 2840 Opinantur,
2840 2769 3090 2838 amplecti
3140 2769 3364 2838 quidem
3416 2784 3562 2822 utare
3599 2766 3873 2822 Oceanum
3919 2769 4075 2820 hum:

2481 2863 2829 2917 habitabilem
2865 2863 3076 2928 orbem,
3113 2872 3353 2932 quantus
3396 2872 3500 2923 est,
3551 2871 3606 2912 ut
3642 2875 3842 2914 corona
3879 2875 4072 2924 caput,

2479 2956 2558 3007 vel
2593 2971 2728 3008 zona
2778 2971 2979 3023 corpus
3013 2955 3215 3025 cingit;
3263 2965 3316 3008 et
3365 2966 3546 3009 tamen
3585 2953 3724 3005 ultra
3763 2961 4072 3005 extremam

2483 3049 2631 3102 illam
2682 3047 2886 3103 Oceani
2924 3064 3074 3102 oram
3111 3065 3400 3119 superesse
3449 3064 3567 3101 eam
3616 3057 3839 3107 terram,
3874 3047 3925 3097 in
3959 3061 4072 3113 qua

2480 3327 2720 3391 slitisse;
2759 3328 2903 3394 quod
2939 3341 3067 3380 sane
3101 3327 3215 3380 Suis
3248 3325 3584 3394 aigumentis
3622 3340 3783 3393 posse
3819 3339 4077 3390 compro-

2482 3419 2596 3473 bari
2648 3419 2883 3473 videtur.
2936 3416 3104 3471 Nemo
3153 3420 3298 3472 enim
3357 3433 3594 3485 unquam
3650 3417 3965 3484 regulorum
4009 3437 4074 3468 e-r

2481 3511 2761 3582 profectus
2823 3513 3139 3581 paradisum
3185 3513 3472 3579 conspexit
3508 3530 3518 3563 :
3555 3511 3645 3578 qui
3689 3513 3733 3563 si
3771 3513 3912 3562 intra
3947 3524 4071 3563 eam

2482 3605 2669 3657 tnundi
2703 3614 2908 3673 partem
2943 3619 3063 3673 qua!
3091 3603 3160 3656 ab
3193 3603 3506 3657 hominibus
3543 3603 3820 3656 habitatur
3859 3604 4074 3670 pOSlltts

2481 3705 2647 3760 esset,
2689 3682 2879 3765 prOt'ul
2909 3697 3076 3748 dubio
3110 3711 3262 3764 reges
3309 3697 3398 3764 qui
3461 3696 3510 3747 id
3551 3695 3731 3748 facere
3761 3697 4076 3762 p’illllSSl‘I-l

2483 3787 2660 3838 visum
2688 3801 2812 3839 eum
2846 3787 3071 3838 ivisseut
3099 3802 3113 3838 :
3145 3802 3172 3838 a
3200 3802 3306 3855 qua
3338 3801 3394 3839 re
3430 3797 3611 3839 tamen
3637 3800 3833 3859 omnes
3863 3786 4069 3845 adhoc,

2483 3879 2551 3930 ob
2582 3893 2699 3931 eam
2731 3887 2790 3931 ut
2822 3881 3032 3931 videtur
3064 3896 3227 3948 quam
3261 3881 3424 3932 modo
3477 3881 3584 3932 dixi
3620 3895 3866 3940 causam,
3900 3879 4071 3932 alisti-

2482 3948 2670 4025 nucre.
2703 3973 2792 4023 Ait
2839 3974 3004 4035 enim,
3040 3974 3131 4041 qui
3168 3975 3220 4025 in
3256 3973 3356 4026 hac
3397 3982 3525 4026 sunt
3571 3973 3862 4035 sententia,
3919 3973 4073 4024 aiunt

2483 4079 2634 4116 mare
2661 4053 2959 4132 illudquod
2991 4065 3297 4117 iuter’hanc
3325 4073 3567 4117 nostram
3602 4073 3654 4117 et
3687 4064 3835 4115 illam
3867 4072 4071 4116 terram

2467 4155 2800 4233 lintei-ﬂuit,
2853 4142 3215 4225 innavigabile
3279 4170 3436 4219 esse,
3501 4155 3732 4222 ideoque
3793 4155 4071 4207 nemiuem

2486 4263 2671 4318 regum
2711 4248 2837 4301 illuc
2877 4251 3178 4315 ttagecissc.
3226 4249 3330 4302 Alii
3375 4263 3502 4302 vero
3546 4247 3623 4301 illi
3659 4249 3751 4316 qui
3796 4249 4074 4301 elementa

2484 4342 2681 4395 ambiri
2714 4329 2947 4395 alterum
2981 4331 3050 4394 ab
3087 4342 3279 4403 altero,
3309 4351 3470 4410 atque
3504 4339 3706 4396 Oceani
3740 4355 3915 4408 aquas
3953 4343 4076 4392 uni-

2483 4435 2976 4510 versam'omnino
3038 4436 3382 4487 circumdare
3452 4443 3650 4486 terram
3721 4441 3958 4500 putant,
4015 4442 4076 4484 ut

804 4527 981 4582 Moses
1024 4527 1076 4579 in
1107 4542 1172 4581 eo
1216 4528 1356 4580 libro
1383 4519 1545 4595 quem
1594 4525 1850 4581 Geuesim
1890 4526 2027 4593 (hoc
2069 4534 2172 4588 est,
2204 4527 2267 4577 de
2296 4541 2380 4579 re-
2414 4513 2696 4594 Dinullum
2729 4527 2972 4595 supersit
2997 4528 3175 4581 solum
3209 4528 3348 4580 ultra
3377 4540 3548 4588 mare,
3579 4526 3891 4595 paradisum
3930 4527 4077 4579 intra

803 4636 922 4671 rum
956 4621 1107 4687 ortu)
1139 4634 1419 4679 vocamus.-
1448 4622 1510 4673 de
1542 4619 1795 4688 paradiso
1833 4619 2048 4671 locutus
2080 4627 2183 4680 est,
2213 4613 2381 4670 ’eum-

803 4727 911 4781 que
957 4713 1073 4766 suis
1118 4712 1265 4766 notis
1313 4711 1633 4778 descripsit;
1687 4714 1754 4764 de
1797 4711 1921 4764 cmli
1975 4719 2157 4764 autem
2210 4724 2377 4778 regno

804 4823 912 4862 non
962 4809 1186 4861 verbum
1237 4806 1456 4876 quidem
1522 4795 1668 4858 fecit.
1723 4803 1935 4858 Rursus
1984 4804 2036 4856 in
2089 4801 2377 4872 Evangelio

807 4899 1070 4954 Dominus
1116 4905 1322 4962 noster,
1355 4899 1586 4967 ejusque
1630 4896 1883 4966 discipuli
1927 4906 1982 4950 et
2009 4893 2246 4949 Joannes
2281 4895 2382 4948 Ba-

801 4994 967 5062 ptista
1015 4977 1427 5054 concionantes,
1478 4990 1752 5044 adhortati
1829 4999 1954 5042 sunt
2005 4989 2264 5041 mortales
2313 4987 2380 5040 ad

802 5089 1223 5156 pmnitentiam,
1291 5087 1420 5158 quia
1477 5087 1532 5140 in
1589 5085 1895 5156 propinquo
1951 5094 2094 5139 esset
2156 5099 2377 5153 regnum

806 5181 1026 5235 cwleste
1057 5181 1135 5246 3‘;
1187 5179 1646 5250 sedparadisum
1682 5193 1802 5233 esse
1851 5178 2088 5231 vicinum
2143 5191 2248 5229 non
2298 5175 2382 5227 di-

807 5288 954 5327 xere.
995 5274 1234 5340 Denique
1267 5272 1370 5326 hoc
1401 5287 1621 5339 quoque
1651 5271 1792 5325 inter
1827 5270 1914 5324 illa
1950 5269 2243 5323 discrimen
2273 5278 2376 5330 est,

804 5364 947 5433 quod
980 5373 1102 5434 post
1137 5355 1590 5418 resurrectionem
1619 5362 1975 5419 conscensuri
2012 5362 2124 5417 sint
2146 5361 2280 5430 justi
2314 5366 2378 5415 ad

806 5457 1027 5509 caeleste
1074 5473 1324 5526 regnum,
1375 5468 1540 5524 atque
1589 5456 1697 5510 illic
1749 5457 1799 5510 in
1844 5471 2056 5509 sunnna
2106 5455 2381 5526 voluptate

875 5605 917 5637 ’⁷
945 5600 1100 5655 Joan.
1137 5618 1244 5663 xw,
1275 5601 1327 5655 2.

805 5689 964 5736 XIIII,
1001 5672 1091 5725 45.

1407 5602 1450 5632 ’⁸
1486 5601 1649 5656 llebr.
1687 5619 1781 5666 xu,
1816 5603 1904 5667 29.,
1935 5603 2024 5656 25.

871 5813 952 5873 (ἐ)
987 5812 1162 5880 Supra
1193 5825 1312 5879 cap.
1345 5812 1373 5865 7
1403 5813 1504 5868 suh
1535 5811 1718 5868 linem.

2103 5602 2148 5634 "
2177 5601 2214 5655 Il
2243 5601 2369 5656 Cor.
2411 5617 2463 5668 v,
2499 5603 2549 5656 l.

2485 4634 2638 4673 mare
2665 4620 2883 4690 quidem
2919 4622 3153 4689 positum
3181 4634 3302 4674 esse
3329 4621 3503 4684 aiunt,
3532 4635 3718 4672 verum
3749 4619 3820 4672 ob
3852 4629 4078 4672 montes

2487 4711 2836 4766 dillicillimos
2864 4721 2918 4764 et
2950 4713 3163 4780 penitus
3193 4711 3368 4764 invios
3399 4712 3490 4780 qui
3531 4710 3671 4762 inter
3704 4710 3855 4761 illum
3885 4720 3942 4762 et
3973 4727 4078 4763 nos

2487 4806 2794 4868 exsistunt,
2851 4806 3122 4857 neminem
3173 4803 3484 4857 mortalium
3542 4802 3672 4854 illuc
3739 4803 4050 4854 accessisse

2485 4897 2788 4952 Conﬁcitur
2838 4899 3134 4966 itaque-ex
3191 4896 3299 4960 his,
3357 4893 3672 4964 paradisum
3728 4905 3877 4947 extra
3940 4911 4072 4947 eum

2467 5000 2644 5055 terrae
2685 4991 2870 5045 orbem
2918 5007 3078 5060 quem
3132 4990 3382 5042 homines
3416 4989 3672 5051 colimus,
3704 4988 3870 5040 situm
3919 5003 4071 5040 esse.

3068 5080 3295 5136 CAPUT
3339 5081 3474 5134 XIII.

2473 5244 2482 5248 _
2560 5176 2624 5230 In
2660 5193 2778 5246 qua.
2809 5176 2993 5229 mundi
3045 5176 3250 5244 regione
3290 5177 3491 5243 positus
3537 5175 3606 5226 sit
3652 5172 3964 5241 paradisus.
3999 5200 4075 5212 —-

2467 5249 2588 5323 [Sed
2642 5279 2852 5338 qnmrat
2903 5267 3141 5335 aliquis,
3197 5268 3249 5319 in
3305 5281 3542 5334 quanam
3599 5264 3786 5318 mundi
3843 5266 4074 5332 regione

2483 5363 2696 5432 positus
2741 5365 2811 5416 sit
2851 5362 3133 5431 paradisus
3171 5376 3183 5412 :
3223 5375 3409 5411 versus
3444 5358 3744 5420 Orientem,
3787 5371 3854 5408 an
3905 5359 4071 5409 Ueri-

2483 5457 2731 5517 deutem,
2787 5456 2849 5507 ad
2904 5453 3211 5516 Mrridtetu,
3270 5467 3336 5503 an
3390 5449 3867 5519 Septentrionem?
3928 5449 4070 5501 Iluie

2667 5602 2710 5632 ³⁸
2745 5602 2762 5656 l
2804 5601 2931 5655 Cor.
2987 5617 3044 5665 It,
3092 5601 3144 5654 9.
3262 5602 3300 5632 ³¹
3346 5601 3530 5655 Matth.
3584 5616 3663 5666 Ill,
3720 5601 3769 5654 Ι.
3849 5602 3891 5632 δ’
3932 5599 4074 5659 Luc.
