4208 6432
179 383 266 445 191
1295 376 1390 435 DE
1436 374 1837 435 P.\il.\DlSt).

1295 376 1390 435 DE
1436 374 1837 435 P.\il.\DlSt).
1880 399 1947 409 -
1989 376 2185 436 PARS
2225 379 2271 436 Ι.

3290 382 3390 444 43⁸1

181 491 583 557 respondemus,
638 486 893 541 Basiliam
961 486 1177 553 quidem
1230 494 1284 538 et
1330 488 1447 553 ejus
1512 484 1729 538 fratrem
1763 486 1803 541 Α
1834 484 1954 537 diso
2002 483 2144 536 allini
2196 496 2337 537 terra
2379 485 2430 539 itt
2500 489 2639 540 hanc
2689 497 2924 542 nostram
2998 506 3091 558 per
3136 494 3391 547 vadosum

178 582 484 651 Gregorium
519 576 841 649 Nyssenum,
888 588 1051 647 atque
1094 586 1287 646 pra'ter
1332 578 1428 631 hos
1458 578 1732 631 dominum

181 677 459 733 Severum,
511 669 929 738 compluresque
978 669 1115 723 alios
1163 669 1371 738 opinari
1423 667 1733 737 paradisum

178 762 237 814 ad
286 760 618 816 Orientalem
676 769 830 814 terrze
891 761 1163 827 regionem
1214 769 1449 813 exstare.
1502 760 1734 814 Basilius

178 852 311 904 rnim
368 863 623 904 sermone
670 864 833 916 super
880 847 1009 901 illud
1061 847 1209 901 Pauli
1255 848 1322 909 ³³,
1385 847 1450 900 In
1492 850 1632 901 omni
1682 864 1734 902 re

176 947 368 1011 gratias
402 946 560 1013 agite,
609 943 675 995 ad
720 943 862 996 hunc
898 941 1119 995 modum
1154 941 1337 995 scribit
1380 958 1395 995 :
1446 961 1463 992 ι
1496 941 1620 994 Ideo
1666 940 1732 993 ad

178 1036 449 1091 Orientem
486 1036 630 1089 versi
677 1036 818 1089 inter
848 1035 1111 1087 orandum
1156 1034 1425 1098 stetimus,
1460 1042 1517 1087 ut
1547 1032 1732 1087 oculos

176 1135 389 1181 nostros
420 1124 490 1179 ad
536 1124 1007 1193 contemplandum
1056 1124 1373 1193 paradisum
1423 1122 1735 1178 assueface-

174 1232 370 1279 remus,
415 1232 589 1284 eoque
634 1216 814 1270 locum
862 1225 1107 1269 nostrum
1158 1216 1448 1281 pristinum
1493 1215 1733 1283 require.

174 1323 365 1363 reitius.
395 1307 690 1375 Gregorius
747 1322 876 1360 vero
911 1305 1216 1383 'Nysst-uns,
1270 1320 1520 1357 sermone
1570 1321 1729 1372 quent

174 1403 220 1452 iu
267 1398 585 1453 Orationem
654 1398 995 1452 Dontinicam
1056 1397 1401 1465 composuit,
1458 1396 1537 1449 sic
1587 1399 1661 1449 ait
1718 1415 1728 1446 :

172 1491 549 1543 Convenimus
599 1505 699 1543 nos
755 1490 822 1542 ad
873 1489 1183 1548 Orientem,
1244 1502 1348 1540 non
1398 1487 1518 1540 ideo
1572 1489 1730 1539 mulo

173 1581 303 1645 quod
354 1580 471 1635 illic
515 1579 660 1633 Deus
706 1579 777 1633 sit
823 1579 1189 1647 aSpectabilis,
1237 1577 1329 1647 qui
1384 1577 1583 1643 ubique
1627 1588 1728 1635 est.

174 1686 337 1737 neque
367 1671 482 1723 ullo
514 1670 829 1736 particulari
864 1671 983 1723 loco
1009 1669 1231 1721 omnino
1265 1668 1579 1722 contini-tur
1606 1684 1727 1721 cum

173 1776 379 1814 onmem
425 1776 487 1814 ex
536 1776 692 1828 atquo
726 1768 983 1829 occupet,
1034 1761 1126 1815 sed
1168 1759 1293 1826 qttia
1348 1759 1498 1813 locns
1546 1768 1730 1812 noster

174 1854 429 1922 pristinus
476 1855 529 1907 in
576 1851 801 1907 Oriente
838 1862 919 1907 est
958 1852 1065 1907 :de
1093 1867 1155 1907 ea
1190 1855 1295 1906 vita
1332 1852 1523 1919 loquor
1566 1866 1725 1917 quam

174 1950 219 1998 in
247 1947 506 2015 paradiso
530 1945 895 2014 agitabamus,
924 1961 989 1998 ex
1021 1959 1128 2012 quo
1161 1943 1355 1997 deinde
1384 1941 1685 1995 excidimus
1712 1960 1725 2007 ;

171 2049 445 2093 conservat
473 2040 619 2091 enim
656 2038 794 2091 Deus
816 2038 1124 2106 paradisum
1150 2036 1200 2089 iu
1224 2036 1389 2100 liden,
1412 2036 1464 2088 in
1487 2034 1724 2088 Oriente.

169 2132 291 2183 llum
320 2132 491 2198 igitur
517 2131 582 2185 ad
608 2130 882 2183 Orientem
910 2129 1195 2197 dirigimus
1220 2130 1498 2182 oculorum
1523 2138 1728 2181 nostro-

171 2238 275 2273 rum
308 2222 513 2284 ariem,
543 2230 706 2289 atque
737 2235 922 2274 casum
970 2220 1046 2288 (5)
1078 2228 1326 2273 nostrum
1367 2235 1476 2288 quo
1511 2235 1573 2272 ex
1607 2221 1729 2272 bea-

169 2316 386 2370 tissimis
424 2315 533 2370 illis
562 2316 695 2370 locis
725 2315 1055 2376 excidimus,
1085 2330 1403 2369 revocamus
1434 2315 1487 2368 itt
1514 2315 1727 2367 animos

171 2416 397 2466 nostros.
439 2409 635 2460 merito
684 2409 823 2461 hanc
870 2419 1014 2460 tuam
1064 2408 1429 2477 precationem
1475 2409 1566 2462 tibi
1597 2407 1728 2462 olle-

169 2498 347 2560 rituus,
377 2511 489 2550 etc.
516 2497 759 2566 Denique
784 2498 1039 2552 dominus
1066 2500 1320 2560 Severus.
1348 2501 1591 2553 oratione
1620 2514 1725 2567 qua

168 2591 375 2643 disserit
406 2604 508 2643 cur
538 2591 679 2642 versi
710 2589 777 2641 ad
804 2590 1079 2644 Orientem
1115 2590 1425 2653 adoremus,
1459 2591 1571 2642 hanc
1600 2606 1724 2659 pro-

167 2681 289 2733 didit
322 2698 336 2733 :
367 2680 507 2745 Quia
553 2681 841 2747 paradisus
873 2683 924 2734 itt
959 2680 1179 2735 Oriente
1222 2692 1324 2744 est,
1368 2692 1422 2734 et
1454 2682 1600 2733 illinc
1633 2699 1725 2734 su-

175 2787 285 2825 mus
324 2773 555 2840 egressi,
608 2780 769 2839 atque
813 2770 878 2824 ad
925 2771 1102 2825 locum
1150 2780 1394 2826 nostrum
1442 2773 1724 2841 antiquum

170 2866 349 2918 reverti
380 2879 693 2932 speramus,
715 2872 822 2920 etc.
850 2863 989 2916 Sunt
1012 2865 1175 2916 etiam
1201 2864 1295 2931 qui
1329 2863 1454 2917 hinc
1480 2875 1727 2919 roustare

165 2956 494 3015 existiment,
548 2953 859 3022 paradisum
910 2954 963 3006 itt
1012 2954 1233 3006 Oriente
1278 2969 1417 3011 esse.
1464 2955 1587 3021 quia
1634 2954 1725 3021 qui

167 3048 352 3113 templa
402 3056 500 3100 aut
545 3047 687 3099 :edes
735 3057 1056 3099 construere
1106 3046 1292 3097 volunt
1339 3046 1404 3097 ad
1451 3043 1722 3098 Orientem

166 3138 479 3204 spertantia,
533 3138 603 3189 ita
648 3136 986 3200 describunt,
1018 3148 1076 3189 ut
1124 3137 1189 3189 ad
1241 3136 1407 3189 solem
1452 3136 1503 3188 itt
1545 3151 1727 3189 mense

167 3228 316 3283 Nisan
347 3228 630 3282 Orientem
661 3228 886 3282 obversa
931 3228 1000 3280 sit
1044 3226 1272 3289 fabrica,
1303 3227 1559 3280 nimirum
1603 3229 1726 3294 quia

166 3323 247 3374 illo
297 3337 489 3375 mense
535 3318 616 3372 sol
664 3334 826 3387 supra
879 3318 1115 3387 paradisi
1165 3319 1343 3371 locum
1383 3318 1611 3371 oriatur.
1667 3318 1730 3370 Lt

168 3413 346 3465 horum
378 3412 477 3464 alii
509 3411 729 3480 quidem
765 3411 905 3462 diem
947 3410 1219 3463 decimum
1250 3410 1497 3478 quintum
1530 3410 1730 3464 mensis

167 3504 316 3559 Nisan
374 3506 714 3568 observant,
768 3504 921 3570 quasi
978 3517 1044 3556 eo
1094 3503 1225 3557 solis
1277 3502 1414 3556 radii
1469 3509 1613 3556 recte
1661 3516 1725 3555 ex

164 3598 521 3651 Orientalibus
562 3594 816 3649 fenestris
842 3595 1156 3663 prosiliant;
1184 3594 1271 3648 alii
1300 3608 1425 3648 vero
1448 3603 1724 3663 quartum,

164 3706 321 3757 coque
360 3690 416 3743 id
455 3690 572 3742 licri
612 3698 821 3752 putant,
859 3687 1000 3755 quod
1044 3687 1121 3740 sol
1152 3700 1217 3739 eo
1262 3687 1333 3739 sit
1362 3684 1449 3738 die
1491 3694 1726 3749 creatus,

162 3790 209 3832 cl
243 3796 465 3835 cursum
516 3795 677 3831 suum
732 3778 1020 3845 occeperit.
1070 3776 1268 3829 Verum
1311 3776 1555 3845 Ephrazm
1601 3775 1730 3829 dicit

164 3873 465 3936 paradisum
499 3871 807 3923 universam
853 3870 1059 3924 ambire
1128 3877 1328 3923 terram
1350 3912 1363 3933 ,
1398 3876 1560 3937 atque
1589 3868 1725 3922 ultra

164 3964 436 4016 Oceanum
489 3960 564 4013 ita
601 3961 833 4028 positum
867 3974 987 4012 esse
1022 3967 1079 4011 ut
1124 3966 1294 4011 totum
1343 3965 1615 4010 terrarum
1635 3969 1726 4009 or-

164 4058 269 4109 bem
302 4055 371 4108 ab
402 4051 560 4106 omni
597 4050 897 4105 circumdet
937 4050 1178 4118 regione,
1222 4062 1328 4101 non
1375 4047 1529 4100 aliter
1563 4055 1728 4114 atque

164 4149 292 4200 luna:
338 4146 498 4200 orbis
552 4144 739 4197 lunam
789 4142 978 4211 cingit.
1030 4140 1169 4194 Sunt
1216 4148 1397 4194 autem
1453 4139 1566 4193 haec
1610 4138 1728 4207 ejus

166 4238 265 4291 fere
305 4240 498 4300 verba,
544 4236 742 4304 quibus
772 4233 825 4287 itt
855 4249 916 4288 ea
964 4248 1060 4287 sua
1101 4232 1467 4302 disputatione
1514 4232 1724 4285 utitur:

164 4324 286 4387 Quia
334 4323 536 4394 procul
586 4314 737 4375 extra
781 4332 1131 4389 conspectum
1184 4321 1410 4374 dissitus
1449 4329 1530 4373 cst
1567 4335 1728 4388 para-

164 4416 326 4479 disus,
358 4428 546 4483 neque
593 4422 701 4466 tam
747 4424 901 4467 acuta
935 4413 1075 4467 inest
1114 4413 1290 4466 oculis
1319 4412 1522 4465 nostris
1562 4413 1725 4475 aeles,

1836 590 1985 630 mare
2009 576 2238 645 pedibus
2268 592 2623 643 commeasse,
2650 594 2772 633 cunt
2803 591 2985 637 essent
3016 593 3240 638 statura:
3272 600 3395 653 pro-

1836 666 2169 730 cerissimae;
2230 677 2391 735 atque
2462 669 2563 722 hoc
2631 680 2745 723 tum
2803 686 2865 725 ex
2926 674 3224 728 Athanasio
3282 685 3391 728 tum

1835 776 1865 812 e
1891 758 2092 827 Cyrillo
2129 760 2484 828 comptobarc
2514 762 2782 826 nituntur,
2830 764 2921 833 qui
2955 766 3090 818 inter
3123 768 3222 818 alia
3262 769 3396 819 serio

1833 850 1999 916 bunt,
2029 851 2413 906 habitationem
2443 852 2669 921 primam
2704 863 2821 922 post
2853 854 3163 923 paradisum
3225 856 3394 910 fuisse

1836 943 2040 997 Adamo
2092 944 2146 998 in
2188 945 2372 999 Iudaea
2426 962 2439 999 :
2489 954 2747 1014 praeterea
2797 948 2996 1015 ipsunt.
3049 956 3393 1017 posteaquam

1835 1049 1930 1104 per
1960 1036 2222 1103 pluritnas
2252 1037 2502 1105 regiones
2543 1046 2771 1106 vagatus
2829 1038 2882 1091 in
2919 1039 3041 1093 aliis
3071 1049 3236 1107 atque
3274 1040 3394 1093 aliis

1836 1126 2135 1181 habitasset
2164 1127 2296 1182 locis
2318 1168 2332 1192 ,
2372 1129 2587 1183 tandem
2620 1129 2723 1183 sub
2754 1129 2876 1183 vitae
2905 1131 3060 1185 linem
3095 1132 3309 1185 venisse
3340 1131 3394 1184 in

1836 1226 2071 1271 montem
2106 1216 2293 1279 Jebus,
2331 1218 2513 1288 ibique
2562 1220 2830 1289 sepultum
2881 1236 3034 1285 esse;
3072 1234 3277 1275 certum
3314 1231 3396 1276 est

1835 1320 2015 1362 autem
2048 1307 2215 1363 Jehns
2249 1324 2372 1365 esse
2401 1310 2719 1365 Jerusalem.
2756 1310 2819 1366 Et
2850 1327 2977 1366 vero
3025 1312 3276 1367 dominus
3306 1312 3395 1365 Ja-

1835 1400 2005 1453 cobus
2037 1399 2328 1454 Orrohaita
2366 1402 2526 1454 tradit
2564 1402 2727 1455 etiatn
2760 1402 2927 1456 Noant
2960 1403 3069 1457 illic
3101 1402 3395 1469 habitasse,

1834 1498 1994 1556 atque.
2026 1489 2077 1541 in
2110 1492 2325 1558 regione
2351 1490 2711 1544 Sodomorum
2746 1492 3018 1560 plantasse
3052 1493 3173 1546 illas
3202 1494 3396 1547 cedros

1834 1596 1896 1632 ex
1948 1578 2144 1647 quibus
2200 1595 2377 1634 arcam
2418 1581 2723 1635 construxit
2772 1598 2785 1633 :
2836 1597 2997 1651 quam
3038 1596 3219 1635 arcam
3254 1567 3393 1637 ~cum

1831 1680 1973 1725 esset
2020 1687 2121 1723 una
2171 1688 2295 1726 cum
2349 1673 2532 1727 liberis
2582 1675 2695 1729 suis
2742 1689 3142 1729 conscensurus
3193 1676 3395 1743 impen-

1833 1762 1994 1817 dente
2027 1764 2252 1826 diluvio,
2286 1780 2467 1819 secum
2505 1766 2556 1817 in
2593 1781 2712 1820 eam
2744 1767 2993 1821 intulisse
3024 1782 3147 1821 ossa
3182 1769 3394 1831 Adami,

1838 1868 2009 1923 caque
2057 1854 2248 1908 deinde
2292 1862 2411 1923 post
2456 1855 2716 1909 diluvium
2758 1873 2880 1911 arra
2929 1876 3243 1926 egressura,
3283 1860 3397 1923 suis

1836 1943 1963 1996 [iliis
1995 1942 2355 2006 distribuisse,
2394 1955 2547 2012 prout
2584 1946 2768 1999 orbem
2807 1955 3071 2001 terrarum
3102 1953 3242 2003 inter
3276 1951 3394 2005 illos

1837 2034 2185 2087 habitandum
2229 2035 2578 2102 partiebatur.
2632 2035 2788 2092 Verbi
2824 2040 2994 2109 gratia
3038 2057 3050 2093 :
3092 2039 3393 2095 Calvariam

1836 2124 2023 2178 Adami
2078 2126 2291 2181 dedisse
2340 2128 2702 2196 primogenita
2750 2144 2848 2183 suo
2897 2129 3045 2194 Sent,
3096 2144 3149 2185 et
3200 2146 3394 2187 terram

1836 2218 2140 2284 assignasse
2170 2218 2218 2270 ei
2249 2217 2509 2283 Juda-am,
2542 2228 2703 2289 atque
2732 2221 2803 2275 ita
2834 2226 3197 2290 posteritatem
3232 2225 3353 2279 Sent
3379 2265 3394 2288 ,

1836 2324 1959 2362 cum
2005 2310 2053 2363 ei
2089 2308 2326 2364 Judaeam
2374 2328 2471 2366 ceu
2528 2312 2681 2367 suam
2737 2305 3101 2370 lucrolitalem
3135 2320 3394 2383 venisset,

1837 2402 1980 2455 illam
2022 2402 2150 2457 Adae
2198 2404 2499 2458 Calvariam
2551 2422 2673 2474 qua:
2721 2408 2826 2461 sibi
2880 2396 3024 2462 illius
3073 2411 3289 2464 ossibus
3330 2428 3395 2464 ex

1836 2505 2057 2564 paterna
2092 2495 2475 2550 distributiooc
2524 2501 2838 2565 obvenerat,
2878 2504 2929 2556 in
2966 2504 3093 2558 Adae
3144 2506 3395 2575 sepulcro

1835 2586 1974 2652 quod
2023 2587 2224 2654 alioqui
2272 2588 2384 2654 jam
2436 2597 2547 2643 tum
2600 2592 2707 2645 illic
2756 2594 3022 2658 exstabat,
3062 2597 3392 2663 reposuisse.

1836 2677 1940 2730 Sed
1966 2677 2056 2730 alii
2084 2677 2419 2742 existimant,
2446 2680 2566 2735 inde
2588 2698 2653 2735 ex
2679 2698 2786 2750 quo
2810 2685 3109 2754 deliquerat
3132 2688 3393 2752 Adamus,

1835 2784 1972 2836 eque
2005 2769 2258 2837 paradiso
2303 2769 2480 2825 fuerat
2525 2772 2842 2827 eliminatus
2872 2792 2884 2826 :
2917 2790 3088 2843 usque
3132 2778 3197 2830 ad
3250 2778 3393 2832 dilu-

1834 2862 2003 2922 vium,
2053 2862 2309 2916 mortales
2356 2878 2547 2917 omnes
2595 2867 2860 2919 mansisse
2898 2869 2949 2921 itt
2986 2885 3047 2921 ea
3095 2879 3233 2921 terra
3276 2885 3395 2939 qua:

1836 2960 1983 3005 trans
2015 2949 2287 3005 Oceanum
2337 2954 2539 3007 circum
2575 2956 2884 3023 paradisum
2917 2959 3165 3012 exsmbat
3210 2978 3223 3012 :
3258 2961 3395 3014 hanc

1834 3056 1961 3095 vero
1993 3058 2153 3111 quam
2192 3058 2289 3097 nos
2329 3044 2441 3113 jam
2485 3045 2748 3100 habemus
2782 3057 2980 3101 terram
3035 3050 3099 3102 ad
3135 3050 3185 3103 id
3224 3066 3395 3119 usque

1836 3142 2045 3203 tempus
2070 3150 2294 3188 vacuam
2330 3150 2553 3203 prorsus
2587 3137 2866 3191 hominum
2899 3139 3070 3194 fuisse
3099 3144 3394 3196 desertam-

1831 3242 1974 3295 que;
2012 3228 2241 3296 illosque
2286 3242 2477 3281 onmes
2524 3229 2726 3283 diluvio
2758 3231 2983 3284 obrutos
3020 3246 3235 3301 promer
3270 3236 3390 3288 vita:

1832 3316 2192 3386 impuritatem
2218 3319 2465 3387 periisse,
2492 3335 2601 3373 uno
2621 3318 2734 3374 Noa
2761 3323 3042 3391 virojusto
3066 3339 3188 3377 eum
3216 3326 3391 3380 tribtts

1830 3406 2012 3461 liberis
2044 3417 2205 3476 atque
2243 3408 2566 3478 conjugibus
2603 3412 2915 3479 superstite,
2954 3424 3008 3465 ttt
3043 3416 3237 3485 reliqui
3277 3423 3390 3469 tum

1830 3491 2029 3553 fuerint
2061 3501 2161 3554 soli
2198 3511 2317 3554 octo
2347 3503 2623 3557 mortales.
2655 3502 2920 3558 Caeterum
2992 3503 3154 3559 Noam
3202 3508 3391 3561 cedrus

1830 3591 1884 3645 in
1918 3591 2005 3644 illa
2040 3606 2163 3661 quae
2196 3588 2334 3646 ultra
2371 3594 2642 3648 Oceanum
2678 3605 2760 3651 est
2789 3608 2930 3651 terra
2960 3600 3187 3661 sevisse,
3232 3610 3394 3667 atque

1829 3697 1894 3735 ex
1945 3683 2050 3735 illis
2099 3698 2279 3736 arcam
2318 3684 2427 3738 illic
2480 3687 2782 3750 struxisse;
2838 3704 3009 3756 eaque
3048 3700 3226 3743 \edtts
3271 3701 3394 3745 octo

1832 3773 1955 3827 illos
1988 3776 2253 3839 homines,
2288 3791 2411 3828 cum
2444 3792 2473 3828 a
2501 3777 2706 3829 diluvio
2739 3780 2937 3832 servati
2972 3793 3171 3842 rsseut,
3206 3798 3267 3835 ex
3304 3782 3392 3834 illa

1830 3862 2065 3930 paradisi
2106 3864 2322 3931 regione
2368 3865 2418 3918 in
2452 3860 2590 3920 hanc
2622 3879 2863 3921 nostram
2901 3872 3210 3938 pervenisse
3241 3890 3252 3925 :
3287 3890 3391 3927 non

1830 3964 2011 4007 autem
2062 3954 2285 4023 pedibus
2337 3956 2504 4009 maris
2587 3957 2783 4011 vadum
2842 3961 3230 4016 transmisisse.
3290 3963 3390 4027 Qui

1831 4042 1970 4097 hanc
2016 4047 2338 4098 sententiam
2387 4053 2628 4110 tuentur,
2674 4046 2918 4117 Ephraatn
2957 4064 3231 4105 auctorem
3283 4038 3402 4106 Ian:

1829 4135 2001 4195 dant,
2069 4136 2161 4205 qui
2216 4137 2268 4189 iu
2330 4138 2444 4191 suis
2501 4138 2921 4195 Commentariis
2987 4145 3067 4197 sic
3131 4145 3390 4214 scriptum

1829 4227 2050 4295 reliquit
2078 4244 2090 4279 :
2128 4246 2147 4279 ‹
2178 4227 2240 4280 Et
2268 4227 2427 4296 eiecit
2453 4243 2576 4281 eum
2601 4244 2664 4283 ex
2696 4244 2760 4283 eo
2788 4233 3393 4304 (paradisumintellige)

1831 4317 2238 4386 assignavitque
2291 4318 2390 4386 ipsi
2441 4334 2549 4372 non
2599 4319 2785 4388 procul
2834 4326 2903 4374 ah
2941 4339 3028 4376 eo.
3080 4322 3389 4393 Benignitas

1831 4419 1993 4478 atque
2023 4409 2192 4477 gratia
2233 4422 2430 4477 scopus
2458 4419 2542 4463 est
2574 4421 2868 4479 perpetuus
2906 4412 3049 4477 Deo;
3082 4414 3201 4481 ejus
3227 4417 3385 4469 etiam

165 4520 217 4561 ut
246 4507 397 4562 illum
436 4504 666 4573 assequi
718 4504 1023 4571 possimus;
1064 4503 1108 4556 si
1156 4504 1222 4556 de
1266 4503 1384 4571 ipso
1421 4502 1722 4571 periculum
1760 4499 1802 4554 Ι)
1831 4500 1907 4554 rei
1952 4500 2090 4567 apud
2147 4498 2349 4554 inferos
2404 4501 2626 4569 vestigia
2693 4512 2926 4556 exstant.
2988 4502 3384 4559 llahitationem

167 4598 332 4653 facere
372 4598 539 4657 velis,
592 4594 749 4649 facile
793 4594 1089 4648 contuleris
1134 4609 1257 4649 cum
1302 4593 1507 4647 circulo
1538 4593 1722 4647 lunam

166 4690 465 4754 antbiente,
520 4696 687 4755 atque
739 4686 809 4739 ita
860 4686 1134 4739 intellectu
1188 4684 1665 4752 comprehenderis
1707 4701 1721 4737 :

171 4798 280 4834 nam
328 4782 401 4835 ita
456 4781 551 4833 ille
598 4787 653 4831 et
700 4792 851 4832 mare
880 4789 932 4830 et
965 4788 1163 4831 terram
1219 4778 1357 4831 intra
1397 4791 1454 4830 se
1484 4776 1726 4845 complc-

170 4874 339 4927 ctitur.

743 4961 969 5019 CAPUT
1011 4962 1149 5017 XIV.

232 5059 509 5122 Quomodo
552 5058 852 5125 trajecerint
900 5057 1054 5124 primi
1097 5066 1337 5125 parentes
1376 5069 1441 5107 ea:
1487 5052 1725 5121 paradisi

171 5159 299 5200 terra
343 5166 398 5201 tu
453 5147 591 5199 hanc
635 5156 852 5200 terram.
906 5145 971 5198 Et
1022 5145 1339 5198 habitaritne
1392 5143 1624 5196 Adamn:
1672 5143 1726 5193 in

171 5241 363 5309 regione
394 5238 910 5307 Hierosolymorum,
957 5254 1148 5290 annon.
1184 5268 1251 5278 -—
1278 5236 1504 5303 Quidam
1535 5249 1724 5288 eorum

170 5332 467 5393 doctorum,
521 5330 614 5399 qui
658 5341 880 5385 censent
920 5330 1225 5396 paradisum
1263 5330 1402 5382 ultra
1453 5326 1725 5382 Oceanum

171 5435 278 5475 esse
306 5423 575 5492 positum,
606 5420 793 5475 dixere
828 5421 1035 5491 primos
1071 5420 1317 5475 homines
1346 5436 1411 5475 cx
1448 5418 1537 5473 illa
1575 5434 1730 5488 para-

234 5600 274 5628 ³³
307 5598 322 5651 l
354 5596 559 5651 Thess.
591 5612 639 5660 v,
684 5596 765 5651 ιιι.

240 5780 311 5841 15)
340 5781 495 5837 Alias
530 5782 749 5835 tritum.

1832 4591 2053 4645 dederat
2099 4590 2199 4658 ipsi
2254 4591 2306 4644 in
2360 4592 2634 4660 paradiso,
2685 4594 2777 4648 sed
2834 4590 3215 4663 praevaricatus
3258 4612 3383 4652 est:

1833 4699 2023 4737 rursus
2064 4698 2191 4751 ergo
2233 4684 2466 4737 extrusit
2514 4684 2788 4753 paradiso,
2832 4687 2925 4740 sed
2980 4687 3031 4739 in
3089 4690 3394 4757 propinquo

1833 4773 2136 4828 collocavit.
2200 4770 2303 4826 Sed
2333 4781 2388 4827 et
2439 4773 2527 4828 hic
2582 4775 2931 4844 perditissimi
2973 4778 3219 4834 homines
3259 4780 3391 4834 deli-

1833 4870 2089 4931 querunt,
2135 4872 2187 4915 et
2221 4860 2311 4931 qui
2340 4861 2496 4930 juxta
2528 4863 2837 4934 paradisum
2875 4865 3201 4933 habitarent,
3254 4868 3391 4922 indic

1836 4954 1921 5021 gni
1952 4961 2240 5007 evaserunt
2272 4970 2283 5005 :
2316 4968 2456 5006 arcae
2484 4953 2649 5023 igitur
2677 4954 2976 5025 imperavit,
3015 4973 3076 5011 ca
3114 4958 3167 5010 in
3197 4960 3389 5013 Arme-

1833 5046 1975 5099 niam
2012 5044 2131 5098 illos
2158 5044 2441 5114 portavit.»
2471 5043 2741 5099 Hactenus
2766 5046 3030 5115 Epitraem.
3061 5046 3192 5113 Quae
3236 5048 3278 5100 si
3310 5051 3388 5103 sic

1834 5153 1890 5192 se
1923 5138 2143 5199 habent,
2180 5151 2477 5205 verumque
2502 5146 2603 5200 cst,
2636 5136 2766 5191 Adze
2796 5138 3097 5193 Calvariam
3144 5141 3197 5192 itt
3222 5137 3384 5194 Jebus

1835 5230 1961 5299 (hoc
1988 5237 2088 5293 est,
2123 5226 2445 5296 Jerusalem)
2500 5228 2789 5297 sepultam,
2841 5240 2891 5283 et
2927 5228 3127 5284 Christi
3173 5244 3388 5284 crucem

1838 5322 1889 5374 in
1920 5312 2037 5373 eam
2071 5320 2298 5374 deﬁxam
2335 5317 2501 5374 fuisse
2536 5329 2781 5373 :certum
2817 5332 3032 5390 quoque
3063 5321 3187 5383 erit,
3222 5320 3389 5374 Noam

1840 5420 2151 5481 asportasse
2184 5425 2309 5469 ossa
2343 5409 2537 5467 Adami
2576 5426 2641 5468 ex
2693 5411 2858 5466 altera
2897 5412 2984 5465 illa
3030 5421 3194 5476 terra,
3236 5426 3391 5467 eum-
