4208 6432
186 330 259 396 illi

1302 337 1399 396 DE
1438 336 1836 401 PARADISO.
1876 361 1945 376 --
1988 339 2175 399 PARS
2220 340 2267 399 I.

186 445 443 516 regionem
496 446 549 500 in
589 461 755 516 quam
808 446 964 502 inulti
1016 458 1387 503 convenerant
1430 450 1686 505 mortales
1722 468 1733 504 :
1770 451 1813 509 Α
1847 466 1994 506 nere.
2035 451 2189 518 Quod
2222 465 2385 520 porro
2420 451 2627 506 nullam
2660 452 2774 522 ipsa
2807 453 3173 524 cognitionem
3206 454 3412 507 Adamn

187 541 382 607 insuper
429 538 595 593 haece
636 539 801 593 etiam
861 550 1180 610 tempestate
1226 541 1458 608 plurima
1504 554 1631 596 sunt
1683 543 1734 595 in

184 630 291 684 urbe
347 630 468 684 loca
530 645 653 699 qua:
712 646 890 701 neque
944 633 1013 686 ab
1066 631 1380 687 hominibus
1437 648 1611 702 neque
1672 635 1736 687 ah

187 720 367 788 angelis
415 720 758 785 incoluntur,
796 722 1025 787 plurima
1062 722 1187 777 item
1225 724 1395 777 maria
1452 725 1733 791 innaviga-

187 813 311 866 bilia.
350 810 595 883 Denique
629 822 753 883 post
792 814 1255 869 resurreCtionem
1294 816 1429 870 nihil
1470 818 1572 871 erit
1605 832 1740 883 opus

188 912 260 955 aut
304 907 443 968 sole,
490 914 585 959 aut
637 905 788 971 luna,
842 916 936 961 aut
988 907 1160 962 stellis
1208 911 1442 973 caeteris,
1485 910 1566 963 vel
1616 910 1741 964 ullis

190 996 393 1048 omnino
449 996 866 1060 animantibus,
920 998 1307 1067 serpentibus,
1362 1001 1577 1055 avibus.
1636 1000 1744 1054 Po-

193 1092 377 1138 stremo
412 1097 535 1154 post
565 1089 1027 1143 resurrectionem
1065 1091 1250 1147 nullus
1274 1092 1548 1161 iustorum
1586 1074 1743 1147 man;

189 1189 325 1230 turus
356 1185 443 1230 est
476 1179 528 1231 in
562 1180 745 1243 terris,
781 1181 982 1250 quippe
1008 1172 1100 1251 qui
1139 1198 1307 1252 supra
1338 1183 1742 1239 firmamentum

188 1270 554 1333 conscenderit.
584 1272 680 1326 sed
715 1273 814 1327 soli
846 1274 957 1329 illic
982 1275 1365 1345 relinquentur
1393 1286 1446 1331 et
1474 1279 1744 1333 moraturi

192 1366 295 1410 sunt
323 1358 501 1426 impii.
552 1360 780 1431 Utergo
828 1363 881 1416 in
915 1364 1001 1418 his
1050 1366 1307 1422 omnibus
1337 1382 1461 1421 cum
1500 1368 1574 1422 ita
1623 1376 1746 1426 sese

191 1449 425 1513 habeant,
473 1452 610 1506 nihil
642 1454 943 1510 absurdum
992 1466 1089 1512 aut
1130 1456 1571 1523 dissentaneum,
1611 1462 1745 1517 nihil

194 1540 422 1594 mutilum
463 1552 559 1596 aut
593 1544 752 1599 hians
783 1560 905 1600 esse
931 1548 1168 1603 dicimus
1201 1567 1214 1603 :
1251 1550 1324 1605 ita
1361 1566 1537 1620 neque
1563 1553 1614 1605 in
1649 1567 1742 1616 eo,

186 1634 308 1699 quod
338 1635 631 1701 paradisus
671 1649 793 1706 post
842 1642 1302 1697 resurrectionem
1337 1644 1500 1700 nullis
1554 1647 1746 1702 usibus

189 1724 408 1787 serviet,
458 1728 761 1797 quidquam
813 1731 1061 1788 deforme
1109 1747 1206 1788 aut
1259 1736 1505 1792 hiulcum
1564 1739 1746 1795 inesse

188 1821 446 1874 statueris.
484 1819 711 1891 Insuper
752 1839 905 1891 reges
950 1841 1094 1895 sirpe
1146 1831 1398 1885 maximis
1437 1833 1747 1901 sumptibus

190 1922 361 1978 magna
404 1922 669 1967 extruunt
716 1916 969 1983 aedilicia,
998 1935 1118 1989 quae
1151 1934 1445 1993 postquam
1500 1926 1745 1995 ipsorum

188 2003 293 2058 usui
328 2003 509 2059 fecere
561 2006 722 2072 satis,
771 2023 944 2064 vacua
999 2012 1196 2069 deinde
1246 2016 1651 2085 relinquuntur,
1695 2029 1747 2073 et

188 2107 345 2149 tamen
419 2097 643 2152 minime
713 2110 955 2169 temere,
1027 2114 1121 2159 aut
1184 2106 1589 2163 inconsiderate
1661 2109 1750 2164 illa

186 2196 372 2243 structa
430 2190 816 2246 existimantur
845 2210 860 2247 :
892 2196 1017 2262 quis
1053 2197 1213 2265 igitur
1238 2197 1407 2253 Deum
1438 2200 1750 2269 prudentis-

187 2281 370 2333 simum
422 2297 606 2336 rerum
646 2284 1077 2353 dispensatorem
1131 2292 1612 2352 inconsiderantia:
1660 2313 1751 2353 ar-

188 2382 318 2439 guat,
349 2374 442 2443 qui
475 2389 601 2428 cum
630 2378 945 2443 paradisum
974 2384 1308 2442 condidisset
1333 2382 1523 2443 Adaini
1552 2392 1750 2459 gratia,

189 2479 407 2533 eumque
467 2467 524 2519 in
590 2466 685 2519 illo
749 2469 1112 2539 collocasset,
1170 2487 1229 2531 ut
1294 2494 1418 2533 cum
1479 2481 1783 2548 voluptate

192 2558 417 2623 haberet,
453 2567 771 2628 peccantem
805 2560 933 2619 inde
983 2566 1169 2636 ejecit,
1207 2584 1554 2643 vacuumque
1601 2572 1756 2628 illum

188 2649 428 2721 reliquit?

761 2754 992 2812 CAPUT
1033 2753 1175 2809 XIX.

247 2838 567 2908 Cujusmodi
619 2847 781 2915 fuerit
852 2850 1013 2901 arbor
1060 2849 1292 2905 scientia:
1342 2852 1462 2906 boni
1523 2864 1570 2907 et
1609 2855 1758 2922 mali,

187 2944 330 2995 quam
391 2935 757 2992 interdixerat
806 2941 1008 2995 Adamo
1052 2941 1217 3006 Deus,
1268 2953 1314 2995 et
1347 2961 1461 3015 quae
1504 2947 1572 2999 sit
1623 2950 1761 3000 ratio

186 3024 286 3087 eius
317 3031 577 3083 nominis.
612 3063 680 3072 —
712 3030 913 3088 Beatus
943 3033 1121 3089 Moses
1163 3037 1337 3104 primo
1374 3039 1514 3092 libro
1543 3040 1763 3108 scripsit

1779 1788 1826 1847 B

1842 544 2070 603 dederit.
2096 552 2304 597 certum
2343 551 2444 606 est,
2477 543 2921 612 quandoquidem
2952 545 3039 599 ille
3072 543 3273 613 alioqui
3301 545 3412 612 jam

1841 644 1967 687 ante
2002 632 2179 687 fuerat
2203 634 2429 688 scientia
2455 634 2583 689 boni
2617 636 2854 704 malique
2882 647 3107 691 ornatus
3136 654 3147 688 ε
3189 650 3416 703 compo-

1842 726 1979 779 situs
2045 730 2190 779 enim
2251 736 2369 779 erat
2419 741 2483 779 ex
2544 728 2724 780 anima
2787 728 3037 782 rationali
3105 745 3225 797 quae
3290 729 3418 781 boni

1844 818 2081 887 malique
2128 816 2332 884 judicio
2372 818 2557 888 pollet.
2594 818 2673 871 Ad
2725 819 2847 881 hoc,
2908 820 2991 873 lcx
3046 819 3415 885 imperabatur

1844 910 2077 974 Adamo,
2117 911 2295 981 qualis
2348 926 2455 967 non
2508 912 2613 967 nisi
2667 911 2734 967 iis
2776 914 2865 981 qui
2911 914 3054 967 inter
3105 913 3309 966 bonum
3366 922 3423 967 et

1845 1004 2048 1057 malum
2099 1014 2296 1059 norunt
2342 1004 2660 1067 discrimen,
2715 1013 2863 1059 recte
2914 1005 3214 1074 imponitur
3249 1024 3261 1058 :
3295 1019 3418 1057 nam

1846 1095 2049 1165 alioqui
2081 1095 2249 1165 (quod
2301 1095 2497 1165 absit!)
2549 1097 2834 1152 habuisset
2880 1096 2969 1150 ille
3004 1099 3147 1166 quod
3196 1100 3262 1151 de
3312 1097 3422 1150 beo

1846 1197 2192 1257 quereretur,
2245 1188 2342 1257 qui
2392 1186 2563 1258 legem
2612 1188 2715 1241 sibi
2763 1188 2944 1242 omnis
2976 1189 3416 1257 prorsnsjudicii

1847 1280 2054 1349 experti
2135 1281 2581 1352 prwscripsisset.
2657 1282 2886 1352 Insuper
2964 1282 3066 1336 nisi
3133 1282 3423 1335 illiusmodi

1848 1373 2073 1428 scientia
2122 1372 2231 1442 jam
2287 1385 2399 1426 tum
2438 1371 2637 1428 fuisset
2681 1373 2923 1428 imbutus
2963 1374 3155 1435 Adam,
3187 1374 3280 1442 qui
3326 1387 3423 1442 po»

1850 1467 2046 1520 tuissct
2079 1465 2300 1519 nomina
2331 1465 2707 1521 animantibus
2744 1464 2965 1519 indere?
3005 1466 3095 1533 qui
3124 1479 3427 1535 agnoscere

1850 1558 2016 1613 Evam
2057 1572 2281 1611 uxorem
2314 1573 2493 1622 suam,
2526 1567 2690 1627 atque
2721 1556 2788 1610 de
2815 1571 2877 1610 ea
2916 1556 3095 1610 dicere
3127 1576 3140 1610 :
3177 1556 3291 1609 Hoc
3308 1557 3429 1625 jam

1850 1666 1906 1704 os
1943 1667 2007 1705 ex
2044 1650 2250 1704 ossibus
2296 1652 2442 1713 meis,
2478 1661 2526 1703 et
2582 1666 2705 1704 caro
2748 1648 2811 1703 de
2862 1665 3021 1702 carne
3075 1664 3189 1701 mea
3216 1648 3282 1713 ",
3317 1658 3425 1701 etc.

1853 1742 2095 1813 Denique
2154 1744 2459 1799 divinitatis
2516 1742 2791 1797 desiderio
2848 1742 3172 1810 tangebatur
3235 1744 3428 1802 Adam.

1854 1846 2023 1904 atque
2087 1835 2206 1904 ejus
2271 1838 2638 1906 adipiscenda:
2710 1854 2876 1893 causa
2933 1840 2999 1891 de
3068 1840 3263 1892 arbore
3338 1828 3429 1889 illa

1855 1929 2111 1997 gustabat
2176 1946 2190 1983 :
2246 1945 2417 1998 quare
2492 1944 2779 1985 necessum
2848 1939 2931 1983 est
2992 1930 3117 1984 boni
3191 1929 3430 1997 malique

1853 2022 2218 2090 cognitionem
2275 2021 2327 2073 in
2384 2021 2502 2089 ipso
2554 2020 2743 2084 fuisse,
2785 2020 2877 2091 qui
2930 2021 3237 2075 divinitatis
3281 2036 3434 2089 prae-

1855 2113 2109 2167 stantiam
2146 2113 2581 2181 dignitatemque
2616 2113 2973 2181 iutelligebat,
3024 2129 3253 2179 eamque
3301 2112 3433 2167 all'eo

1856 2205 2055 2259 ctabat.
2102 2202 2329 2273 Insuper
2381 2202 2689 2257 considerat
2731 2205 2909 2272 ipsum
2947 2202 3086 2257 Deus
3133 2203 3196 2256 ad
3241 2202 3434 2271 imagi-

1859 2313 1981 2351 nem
2043 2295 2570 2364 similitudinemque
2621 2280 2816 2359 suam,
2893 2305 2948 2351 et
3009 2298 3253 2350 omnium
3314 2312 3436 2363 qua:

1844 2376 2127 2451 'viverent,
2168 2388 2644 2442 absolutissimum
2696 2388 2923 2443 fecerat.
2973 2387 3104 2442 lium
3164 2405 3291 2442 vero
3341 2392 3435 2457 qui

1863 2480 1986 2535 talis
2032 2495 2060 2533 a
2109 2480 2215 2534 Deo
2262 2480 2441 2533 fuerat
2493 2480 2773 2545 tontlitus,
2823 2481 2948 2549 quis
3000 2489 3177 2551 neget.
3232 2480 3437 2546 judicio

1826 2620 1829 2623 ,
1862 2572 1987 2641 (hoc
2018 2581 2124 2635 est,
2152 2571 2279 2625 boni
2311 2572 2546 2641 malique
2586 2574 2920 2643 cognitione)
2952 2575 3198 2627 dolatum
3235 2572 3440 2627 luisse?

1862 2664 1996 2719 Nam
2021 2662 2167 2732 quod
2198 2664 2601 2718 cacodaamonis
2634 2664 2732 2717 fuit
2764 2662 2954 2718 fraude
3001 2664 3280 2726 seductus,
3332 2679 3439 2715 non

1864 2756 1995 2812 boni
2050 2755 2292 2825 malique
2345 2756 2690 2825 ignoratione
2732 2754 2952 2818 evenit;
3013 2754 3106 2809 scd
3160 2754 3285 2822 quia
3329 2770 3444 2809 Suae

1867 2852 1996 2921 ipsa:
2058 2848 2369 2917 cupiditati,
2430 2848 2718 2917 pellectus,
2778 2846 3024 2900 indulsit.
3084 2846 3218 2899 Nam
3277 2848 3439 2898 etiam

1867 2954 2011 2994 nunc
2033 2937 2126 3007 qui
2155 2948 2405 3008 peccant,
2435 2952 2783 3008 nequaquam
2814 2945 2871 2990 ut
2901 2936 3080 2989 omnis
3113 2935 3443 3003 cognitionis

1869 3031 2022 3084 vacui
2074 3039 2328 3099 peccant,
2364 3044 2464 3083 cur
2528 3028 2673 3082 enim
2723 3027 2861 3082 tales
2913 3025 3445 3081 crmdemnarentur?

188 3116 234 3168 in
283 3119 428 3174 hanc
486 3124 820 3178 sententiam
854 3142 868 3178 :
907 3124 972 3178 Et
1032 3132 1278 3196 prmi-epit
1325 3130 1577 3185 Dominus
1623 3132 1834 3194 Βραεο
1870 3122 1960 3175 sed
2009 3136 2038 3174 a
2092 3134 2193 3174 suo
2228 3120 2474 3188 ipsorum
2512 3117 2707 3173 affectu
2760 3118 3114 3171 seducuntur.
3158 3114 3445 3171 Postremo

186 3206 325 3270 Λάαν,
366 3213 613 3281 dixitque
649 3214 743 3267 ei:
781 3213 853 3267 De
898 3216 1138 3268 omnibus
1188 3218 1467 3272 arboribus
1516 3222 1761 3290 paradisi

185 3298 374 3355 edendo
405 3304 534 3357 cdes
569 3321 587 3358 .'
620 3318 670 3357 at
704 3308 767 3357 de
802 3306 987 3360 arbore
1035 3309 1272 3363 scientia:
1299 3310 1418 3364 boni
1446 3322 1493 3365 et
1542 3314 1671 3367 mali
1704 3331 1764 3368 ne

184 3392 299 3446 edas
326 3410 345 3449 :
376 3412 507 3448 nam
544 3412 649 3465 quo
687 3397 771 3449 die
802 3399 865 3452 de
895 3398 995 3451 hac
1032 3401 1175 3465 edes,
1210 3413 1431 3455 mortem
1470 3415 1671 3469 appetes
1697 3405 1760 3459 ³⁷⁵.

184 3485 243 3539 ΕΙ.
296 3490 468 3557 paulo
532 3499 653 3557 post
704 3508 715 3543 :
768 3490 831 3543 Et
888 3494 1085 3561 accepit
1141 3493 1335 3546 mulier
1389 3495 1452 3549 de
1503 3497 1764 3564 fructibus

184 3577 405 3644 arboris,
433 3582 669 3650 editque,
703 3598 764 3635 ac
789 3583 930 3635 dedit
961 3586 1121 3636 etiam
1163 3586 1274 3638 viro
1307 3601 1423 3648 suo,
1456 3587 1546 3654 qui
1577 3598 1624 3639 et
1658 3590 1768 3656 ipse

186 3671 284 3721 edit
312 3672 378 3725 ³³.
436 3674 545 3726 Ilic
596 3673 695 3726 tria
733 3690 789 3729 sc
826 3675 1061 3728 oﬂ‘erunt
1093 3676 1476 3745 disquireuda,
1529 3695 1765 3747 quorum

189 3764 416 3826 primum
469 3775 582 3830 cst,
627 3780 725 3818 cur
771 3766 935 3820 arbor
967 3766 1057 3821 illa
1110 3769 1383 3838 appellata
1415 3770 1485 3824 sit
1520 3771 1770 3825 scientia:

188 3852 318 3906 boni
357 3866 414 3907 ct
473 3856 648 3917 mali;
692 3858 947 3921 alterum,
982 3859 1111 3927 quid
1168 3861 1238 3912 sit
1290 3861 1516 3922 bonum,
1553 3871 1608 3915 et
1640 3862 1769 3931 quid

189 3945 427 4011 malum;
478 3947 727 4011 tertium,
784 3948 938 4016 cujus
983 3950 1197 4018 generis
1241 3950 1404 4006 fuerit
1443 3953 1531 4005 illa
1588 3956 1770 4010 arbor.

184 4032 346 4100 Igitur
376 4039 534 4106 quod
575 4038 639 4089 ad
695 4039 930 4106 primum
968 4041 1191 4115 attinet,
1226 4042 1331 4097 hoc
1373 4055 1477 4111 est,
1524 4046 1771 4101 vacabuli

187 4129 485 4192 rationem,
524 4130 766 4184 dicimus
816 4133 1043 4189 minime
1075 4134 1401 4205 appellatam
1443 4153 1566 4192 esse
1612 4138 1803 4193 arbo?

190 4235 293 4273 rem
332 4222 595 4276 Scientia:
632 4225 758 4277 boni
784 4233 836 4279 et
869 4226 1020 4289 mali,
1052 4229 1195 4296 quod
1232 4230 1347 4298 ipsa
1383 4241 1527 4285 esset
1552 4233 1773 4302 praedita

185 4314 507 4381 cognitione
581 4329 687 4383 qua
748 4316 887 4370 inter
950 4318 1151 4372 bonum
1211 4331 1267 4373 et
1333 4323 1537 4374 malum
1592 4339 1778 4392 posset

185 4403 522 4473 dijudicare,
551 4422 730 4474 neque
766 4412 929 4462 etiam
967 4410 1109 4478 quod
1156 4410 1274 4479 ipsa
1316 4412 1434 4481 ejus
1470 4415 1546 4466 rei
1597 4416 1774 4469 scien-

1871 3212 1984 3265 Iicri
2033 3226 2141 3264 non
2178 3211 2350 3279 potuit
2400 3218 2457 3264 ut
2503 3211 2667 3264 arbor
2716 3224 2781 3263 eo
2827 3208 3095 3262 Adamum
3153 3209 3443 3272 imbueret,

1823 3373 1833 3384 _
1868 3319 1978 3373 quo
2012 3303 2127 3372 ipsa
2160 3305 2399 3356 carebat.
2433 3301 2719 3356 Perlicitur
2756 3317 2886 3371 ergo
2919 3318 2985 3357 ex
3017 3302 3084 3355 iis
3114 3317 3233 3370 quae
3266 3302 3447 3355 adhuc

1868 3392 2009 3449 dicta
2042 3404 2191 3457 sunt,
2224 3410 2330 3448 non
2359 3395 2483 3451 ideo
2516 3395 2770 3448 arborem
2809 3395 3050 3449 scientiae
3080 3395 3205 3448 boni
3239 3404 3290 3448 et
3321 3394 3445 3449 tIiS.i

1868 3498 2114 3544 vocatam
2166 3504 2311 3550 esse,
2361 3487 2506 3557 quod
2541 3487 2623 3543 vel
2670 3487 2835 3541 ullam
2884 3487 3001 3557 ipsa
3053 3486 3179 3541 boni
3232 3501 3262 3539 a
3306 3487 3447 3539 tnan

1871 3579 2240 3651 distinguendi
2272 3580 2525 3648 peritiam
2576 3579 2868 3643 habuerit;
2923 3582 3005 3633 vel
3037 3581 3245 3634 Adamn
3290 3578 3354 3632 de
3389 3594 3448 3632 se

1872 3672 2049 3726 edenti
2114 3673 2396 3727 scientiam
2444 3673 2713 3742 ejusmodi
2769 3671 3287 3726 accommmlaverit.
3339 3671 3446 3724 Sed

1873 3778 1972 3817 cur
2018 3763 2234 3817 demum
2303 3762 2353 3816 id
2411 3761 2650 3816 nominis
2708 3764 2899 3816 sortita
2958 3761 3029 3814 sit
3085 3762 3235 3830 prius
3280 3777 3443 3829 quam

1873 3857 2266 3926 expediamus,
2318 3856 2610 3910 dicendum
2666 3866 2785 3921 est;
2836 3855 2967 3925 quid
3019 3856 3167 3921 boni,
3207 3855 3450 3926 quidque

1876 3948 2001 4003 mali
2052 3946 2331 4003 vocabulis
2385 3948 2457 4001 sit
2508 3946 2939 4016 intelligendum.
2994 3946 3200 4001 Bonum
3254 3946 3448 4015 igitur,

1876 4050 1959 4095 est
2017 4040 2131 4110 ipsa
2192 4039 2543 4105 obedientia;
2610 4038 2810 4091 malum
2870 4053 3039 4102 vero,
3110 4038 3447 4091 contrarium

1852 4109 2201 4187 'obedientia:
2265 4131 2490 4194 vitium,
2556 4131 2798 4184 rebellio.
2873 4128 3005 4183 Nam
3082 4130 3450 4198 obedientiam

1881 4227 2082 4281 bonum
2141 4239 2261 4278 esse
2317 4224 2613 4279 ostendunt
2661 4223 2749 4275 illa
2816 4222 2950 4290 legis
3005 4223 3164 4276 verba
3222 4242 3234 4276 :
3285 4221 3452 4291 Dilige

1881 4319 2163 4373 Dominum
2214 4317 2379 4371 Deum
2424 4328 2572 4369 tuum
2601 4316 2683 4382 ³⁷;
2744 4332 2807 4370 ex
2853 4330 3039 4369 amore
3086 4317 3230 4370 enim
3292 4325 3456 4385 atque

1883 4412 2145 4466 charitate
2206 4410 2514 4464 obedientia
2577 4410 2837 4464 nascitur.
2912 4409 3005 4465 Est
3047 4410 3210 4480 igitur
3252 4412 3455 4465 bonum

186 4494 309 4547 tiam
350 4496 407 4550 in
444 4496 728 4550 Adamum
782 4498 1097 4553 contulerit.
1150 4498 1281 4553 Nam
1337 4502 1629 4557 illiusmodi
1688 4521 1777 4557 co-
1810 4473 1853 4530 θ
1882 4500 2215 4555 obedientia.
2254 4499 2468 4554 Rursus
2505 4501 2710 4554 malum
2755 4516 2876 4555 esse
2926 4502 3277 4555 rebellionem
3324 4517 3457 4571 pro-

186 4589 452 4655 gnitionis
519 4597 798 4657 expertem
862 4592 1080 4659 penitus
1144 4592 1311 4647 fuisse
1380 4595 1633 4650 arborem
1695 4598 1777 4650 vel

184 4680 305 4734 hinc
354 4681 671 4749 intelligas,
728 4682 871 4749 quod
927 4699 993 4737 ne
1041 4684 1199 4739 bruta
1249 4686 1468 4754 quidem
1527 4688 1778 4757 (necdum

187 4773 471 4846 rationali)
552 4772 737 4825 anima
789 4774 952 4827 fuerit
1008 4776 1233 4844 praedita
1267 4796 1280 4832 :
1318 4793 1442 4831 nam
1500 4779 1546 4833 si
1597 4780 1781 4844 bruta,

188 4866 475 4920 mactanda
550 4865 792 4935 primum
852 4865 1050 4921 fuisset
1104 4878 1164 4923 nt
1213 4884 1406 4924 caetera
1464 4872 1784 4939 animantia,

187 4968 484 5031 antequam
532 4963 602 5013 de
640 4976 698 5013 ea
738 4966 1045 5028 potuissent
1094 4962 1257 5017 edere
1298 4964 1456 5033 primi
1492 4974 1781 5033 parentes;

192 5052 444 5106 rationali
488 5067 634 5107 vero
683 5054 909 5110 omnino
961 5056 1209 5111 caruisse
1260 5056 1628 5111 certissimum
1679 5067 1783 5119 est,

189 5155 306 5195 cum
371 5145 539 5198 nulla
604 5142 860 5200 facultate
913 5147 1077 5202 rebus
1147 5164 1244 5218 pro
1308 5148 1539 5203 arbitrio
1597 5150 1783 5203 utendi

188 5237 369 5294 dotata
416 5239 629 5303 fuerit,
681 5257 857 5311 neque
912 5243 1150 5313 aliquam
1200 5259 1228 5295 a
1271 5243 1566 5297 Conditore
1612 5242 1784 5312 legem

189 5333 487 5399 acceperit,
548 5332 773 5400 qualern
828 5331 893 5388 iis
941 5334 1029 5387 ille
1086 5334 1348 5402 imposuit
1398 5350 1520 5404 qua:
1577 5333 1788 5388 ratione

196 5423 437 5479 donavit.
473 5423 673 5490 Quare
702 5425 746 5479 si
779 5440 876 5497 per
905 5434 1152 5481 neutram
1180 5427 1447 5481 uictarum
1475 5426 1784 5481 animarum

194 5513 397 5570 vivebat
440 5515 628 5569 arbor
650 5513 765 5577 illa,
800 5515 1072 5585 colligitur
1101 5530 1276 5586 neque
1322 5513 1606 5591 scientiam
1640 5515 1692 5568 in
1727 5530 1788 5571 se

193 5606 353 5662 ullam
393 5607 677 5663 habuisse
718 5622 826 5676 qua
857 5606 1059 5661 bonum
1110 5616 1292 5679 posset
1342 5627 1369 5662 a
1408 5608 1549 5663 malo
1579 5608 1785 5664 discer-

261 5788 304 5819 “
332 5789 478 5849 Gen.
520 5803 588 5854 ιι,
642 5786 722 5857 I6,
769 5788 847 5845 Π.
930 5791 971 5819 ³⁵
1000 5791 1132 5846 Gen.
1172 5805 1251 5853 III,
1286 5790 1338 5844 ti.
1417 5790 1458 5821 ³⁸
1487 5788 1618 5844 Gen.
1658 5805 1714 5850 ll,

1749 5790 1802 5851 ‘2.
1836 5788 1924 5844 25.

1885 4594 2011 4647 bant
2047 4592 2135 4646 illi
2168 4592 2259 4645 Dei
2291 4596 2451 4646 verba
2488 4609 2500 4645 :
2536 4592 2655 4645 Duo
2682 4593 2823 4646 mala
2855 4593 2976 4662 fecit
3000 4594 3223 4663 populus
3267 4610 3410 4647 meus
3438 4612 3455 4658 ;

1888 4702 1967 4737 me
2016 4685 2407 4754 dereliquerunt
2436 4724 2450 4745 ,
2506 4684 2705 4753 fontem
2742 4701 2894 4749 aqua:
2935 4687 3099 4752 vicre,
3146 4696 3194 4739 et
3239 4686 3463 4755 profecti

1887 4774 2130 4841 fodcrimt
2200 4774 2300 4825 sibi
2358 4774 2528 4841 fossus
2592 4776 2843 4843 e/fractas
2908 4792 3026 4845 qua:
3074 4792 3176 4829 non
3243 4787 3463 4846 possunt

1888 4873 2157 4926 continere
2201 4872 2253 4923 in
2290 4888 2343 4924 se
2371 4888 2537 4941 aquas
2564 4872 2629 4926 ³⁸.
2670 4871 2788 4926 Jam
2826 4888 2957 4926 vero
3001 4873 3258 4936 dicimus,
3294 4874 3463 4927 arbo-

1896 4980 2007 5017 rem
2049 4964 2292 5018 scientiae
2321 4964 2449 5018 boni
2481 4974 2533 5016 et
2584 4964 2709 5017 inali
2744 4963 2894 5017 illam
2940 4979 3065 5018 esse
3115 4964 3462 5034 appellatam,

1892 5055 2017 5123 quia
2078 5070 2173 5123 pcr
2237 5070 2381 5120 earn,
2434 5055 2611 5123 reipsa
2678 5053 2823 5109 facto
2888 5057 3154 5125 periculo,
3215 5055 3460 5113 Adamus

1894 5145 2115 5213 agnovit
2164 5145 2367 5199 bonum
2426 5155 2480 5199 ct
2530 5145 2757 5200 malum.
2805 5146 2875 5200 At
2924 5147 3068 5200 enim
3121 5148 3293 5208 dices,
3338 5148 3467 5203 hinc

1893 5236 2106 5305 colligi.
2140 5237 2406 5291 Adamum
2460 5236 2632 5292 fuisse
2688 5240 2989 5292 cariturum
3053 5240 3177 5292 boni
3243 5250 3293 5292 ιιι
3337 5240 3465 5293 mali

1892 5325 2250 5395 cegnitione,
2304 5325 2409 5379 nisi
2458 5324 2526 5380 de
2591 5327 2681 5382 illa
2740 5328 2933 5383 arbore
3001 5339 3290 5399 gustasset.
3362 5330 3465 5384 Sed

1892 5420 2309 5489 respondemus,
2355 5410 2585 5491 scivisse
2617 5422 2840 5491 quidem
2886 5423 3153 5476 Adamum
3206 5423 3466 5477 obedien—

1892 5511 2020 5565 tiam
2062 5510 2269 5566 bonum
2313 5525 2455 5577 esse,
2488 5520 2547 5567 et
2591 5513 2939 5567 rebellionem
2993 5515 3221 5578 malum,
3271 5527 3330 5569 ut
3373 5515 3468 5585 qui

1896 5612 2041 5660 esset
2090 5603 2155 5658 ad
2220 5600 2308 5658 Dei
2354 5604 2774 5660 similitudinem
2826 5606 3103 5668 conditus,
3159 5619 3209 5661 ct
3260 5610 3465 5662 ratione

2011 5786 2044 5817 ’⁷
2073 5783 2228 5841 Deut.
2263 5801 2335 5849 γι,
2542 5786 2582 5818 ³³
2611 5784 2811 5841 Jcrcm.
2849 5799 2887 5840 ll
2954 5785 3035 5839 1-3.
