4208 6432
764 348 868 413 503

1994 355 2223 415 MUSIS
2263 356 2411 415 ΒΑΗ
2446 356 2688 419 CEPHA

3889 360 4003 423 5οι

769 460 1002 523 pollens,
1045 456 1412 528 facultateque
1444 473 1626 514 rerum
1658 473 1794 528 quas
1828 460 2013 513 animo
2042 459 2328 531 eoncepis-
2360 465 2407 522 Δ
2434 462 2660 518 edoctus
2692 465 2822 534 quid
2851 474 2997 520 esset
3039 468 3239 522 bonum
3278 478 3332 524 et
3358 468 3489 539 quid
3536 468 3764 534 malum,
3798 473 4003 541 quippe

769 562 851 605 set
880 550 1350 621 dijudicandarum
1384 568 1398 605 :
1437 558 1814 606 verumtamen
1862 551 1914 605 id
1976 551 2154 620 ipsum
2185 560 2327 619 post,

769 658 868 713 per
907 642 1297 713 experientiam
1339 658 1557 714 quoque
1602 643 1681 711 rei
1712 643 1989 706 didicisse,
2022 643 2112 696 ubi
2144 643 2331 697 conti-

769 737 940 805 gisset
988 744 1151 803 atque
1200 744 1470 805 gustasset
1539 737 1735 791 vetitos
1796 735 2025 790 fructus.
2077 734 2231 790 Sicut
2277 744 2331 789 et

766 827 902 880 tlain
963 841 1070 880 non
1129 826 1413 898 ignorabat
1471 828 1701 901 quidem
1760 843 1873 882 rem
1935 828 2131 908 malam
2209 840 2334 919 esse

768 917 1144 984 homicidium,
1202 919 1520 988 priusquam
1576 920 1625 973 id
1684 908 2090 989 perpetrasset;
2141 911 2327 973 verum

764 1009 961 1063 deinde
1007 996 1366 1064 clarius'ltoe
1421 996 1595 1082 ipsmn
1650 1000 1755 1081 per.
1799 1004 2186 1080 experientiam
2248 1010 2356 1064 rei.

764 1101 956 1157 didicit
1008 1093 1615 1167 homicidiofadmiss'o,
1648 1119 1767 1157 cum
1804 1102 1978 1173 fugaci
2026 1103 2346 1158 mObilitate'

762 1202 906 1247 esset
950 1193 1241 1265 multatus.’
1274 1192 1417 1258 Quin
1449 1203 1503 1247 et
1545 1174 1651 1248 nos
1693 1211 1913 1264 quoque
1964 1185 2213 1248 novimus
2262 1210 2324 1256 ea

762 1298 884 1351 quae
941 1284 1083 1337 mala
1136 1295 1303 1352 sunt,
1364 1273 1656 1354 antequam
1722 1287 1861 1356 mala
1921 1286 2273 1356 designemus

761 1390 952 1427 verum
988 1375 1076 1428 uhi
1115 1374 1235 1442 jam.
1263 1375 1379 1444 ipsa
1406 1365 1764 1446 patravimus,
1798 1386 1909 1429 tum
1947 1379 2121 1446 reipsa
2168 1376 2327 1431 intel-

761 1465 985 1534 ligimus
1025 1465 1163 1517 mala
1191 1450 1346 1531 esse;
1387 1479 1442 1521 et
1480 1468 1695 1535 quidem
1729 1450 1912 1523 multo
1944 1461 2169 1532 certius,
2209 1477 2321 1555 tum
2354 1515 2360 1524 .

760 1572 885 1609 eum
923 1554 1411 1646 meritam'obilla
1450 1577 1670 1630 pmnatu
1726 1566 2032 1631 pendimus.
2078 1548 2399 1635 Deniqu‘e',’

758 1647 1222 1716 quemadmodum
1255 1636 1455 1705 malum
1492 1636 1615 1708 esse
1641 1651 2022 1709 morbum‘non
2048 1648 2322 1711 nescimus

760 1740 918 1809 longe
947 1732 1239 1810 antequam
1264 1735 1613 1812 :egrotamus,
1637 1755 1691 1798 et
1715 1755 1890 1798 tamen
1919 1745 2061 1800 facta
2084 1747 2321 1814 periculo
2354 1756 2357 1759 ‘

762 1830 866 1885 hoc
913 1832 1087 1900 ipsum
1145 1833 1373 1902 prOpius
1427 1830 2149 1907 penitusque,agnoscimus
2195 1854 2318 1892 cum

763 1922 951 1975 morbo
986 1922 1385 2002 vexamurgct
1422 1934 1481 1979 ut
1536 1928 1823 1985 sanitatem
1878 1943 2066 1981 omnes
2122 1908 2323 1983 norunt

760 2010 959 2065 bonam
1012 2026 1131 2068 esse
1191 2014 1354 2067 etiam
1408 2014 1742 2093 quando'ca'
1796 2008 2009 2079 calent,
2065 2027 2319 2070 caeterum

760 2104 854 2157 ubi
889 2106 1147 2158 fruuntur
1192 2106 1449 2170 sanitate,
1487 2100 1931 2177 jautcujusmodi
1968 2117 2021 2161 et
2058 2106 2318 2175 quantum

761 2196 962 2250 bonum
998 2197 1088 2260 sit,
1137 2212 1231 2265 per
1280 2199 1674 2267 experientiam
1716 2200 1923 2263 certius
1959 2200 2264 2268 intelligunt
2303 2218 2314 2252 :

758 2290 831 2343 ita
855 2300 906 2343 et
939 2289 1188 2344 Adamus
1235 2291 1443 2367 sciebat
1470 2290 1716 2371 quidem,
1736 2301 2024 2360 antequam
2052 2292 2121 2346 de
2160 2293 2321 2345 vetita

757 2385 953 2438 arbore
998 2370 1291 2452 gustasset,
1346 2370 1718 2439 booam'eSSc
1766 2384 2154 2449 obedientiam,
2210 2401 2323 2438 rna-

760 2473 974 2543 Iamque
1020 2475 1405 2539 rebellionem;
1442 2490 1629 2529 verum
1667 2492 1792 2530 cum
1838 2476 2173 2539 rebellasset,
2209 2478 2317 2531 hoc

759 2565 934 2633 ipsum
966 2567 1302 2635 experientia
1338 2592 1341 2597 λ
1372 2568 1627 2636 magistra
1672 2570 1876 2623 rectius
1921 2569 2161 2635 agnovit.
2205 2569 2321 2634 Qua

757 2655 902 2709 enim
953 2659 1218 2711 sententia
1259 2658 1325 2712 de
1355 2640 1796 2727 paradisifbonis
1839 2661 2106 2730 dejectus,
2158 2670 2323 2728 atque

760 2750 812 2801 in
853 2748 991 2802 hanc
1021 2748 1340 2821 damnatam
1385 2760 1583 2830 terram
1623 2752 1893 2822 relegatus
1938 2762 2042 2813 est,
2074 2749 2321 2807 eamdem

757 2856 852 2910 per
886 2842 1191 2919 periculum,
1214 2829 1411 2920 ‘didicit
1449 2855 1711 2913 quantum
1762 2846 1962 2899 bonum
1993 2854 2139 2900 esset
2189 2846 2323 2924 obe-

756 2932 983 3010 tlientia,
1013 2942 1067 2988 et
1096 2930 1577 3010 quantu'nrcoutfa
1617 2936 1817 2990 mttlum
1875 2937 2113 2991 rebellio.
2156 2936 2324 3007 Igitur

756 3009 948 3080 vocata
999 3038 1081 3083 est
1148 3028 1313 3082 arbor
1368 3008 1785 3082 scientia-boni
1850 3038 1908 3101 et
1975 3029 2142 3095 mali,
2196 3028 2359 3096 quia:

2353 1797 2395 1851 Β

2374 614 2383 623 ,
2435 553 2488 606 in
2529 569 2590 607 ea
2623 553 2817 623 arbore
2846 556 3079 625 positum
3105 567 3222 647 erat
3252 558 3558 639 periculum
3590 567 3644 613 et
3676 558 4007 614 obedientim

2432 654 2485 700 et
2516 642 2831 700 r'ebelliouis
2860 645 3075 711 Adami,
3130 642 3292 717 atque
3312 644 3427 718 'per
3454 665 3575 703 eam
3609 651 3754 703 clare
3778 654 4007 721 agnovit

2432 736 2521 790 ille
2547 722 2966 805 boui'malique
3001 738 3281 812 rationem
3323 739 3442 807 ipso
3475 740 3550 793 rei
3596 740 3815 802 etl'ectu,
3849 741 4005 794 didi-

2370 810 2611 905 .Kcitque
2665 838 2927 897 quantum
2990 827 3158 905 esset,
3200 810 3325 885 boui
3386 833 3441 886 in
3500 832 3840 888 observando
3898 833 3998 887 Dei

2432 904 2715 989 mandato,
2745 911 2985 997 positum
3018 962 3032 986 ,
3080 904 3458 991 ct’.qu,anlum
3516 918 3705 978 contra
3756 923 3881 977 mali
3941 924 3998 977 in

2431 1011 2854 1079 praevaricando.
2876 1013 3257 1093 ‘Parere‘enim
3291 1006 3835 1082 ,prazcepto‘bouum;
3883 1027 3999 1066 non

2430 1119 2641 1173 parere,
2675 1086 3201 1173 malum‘appellavit
3233 1104 3533 1173 Scriptura.
3576 1103 3703 1159 Haec
3732 1105 3893 1173 igitur
3925 1104 3999 1157 dc

2428 1180 2920 1283 r‘tqminis'ratione
2952 1194 3102 1250 dicta
3143 1197 3277 1251 satis
3318 1207 3516 1261 sunto;
3561 1196 3672 1266 jam
3726 1196 3997 1265 reliquum

2426 1276 2517 1361 est:
2541 1287 2597 1341 tit
2629 1288 2995 1357 expendamus
3025 1288 3184 1358 cujus
3227 1288 3319 1359 illa
3354 1276 3568 1357 generis
3611 1289 3773 1341 arbor
3806 1289 3994 1342 fuerit.

2431 1374 2818 1457 S‘untiquidam
2851 1370 2943 1447 qui
2975 1379 3289 1462 existiment
3314 1394 3424 1431 non
3458 1378 3626 1432 fuisse
3654 1375 3902 1431 arbdrem
3938 1377 3994 1430 id

2425 1476 2490 1528 dc
2520 1468 2637 1542 quo.
2678 1466 2913 1544 gustavit
2960 1474 3165 1553 Adam,
3197 1474 3629 1553 sedgvenereum
3681 1474 3996 1541 amplexum

2425 1580 2533 1635 quo
2577 1572 2700 1619 cum
2745 1560 2939 1620 uxore
2973 1566 3062 1621 ille
3110 1551 3321 1635 corpus.
3342 1566 3591 1645 miscuit;
3643 1579 3873 1645 eamque
3923 1567 3999 1619 ob

2408 1658 2541 1711 ‘rem
2576 1663 2729 1717 aiunt
2758 1670 2970 1729 partum
3006 1659 3250 1713 mulieris
3272 1673 3394 1713 esse
3416 1672 3510 1727 per
3541 1658 3634 1733 Dei
3668 1659 3996 1711 sententiam

2425 1751 2713 1822 doloribus
2744 1750 2946 1806 factam
2978 1751 3322 1815 obnoxium;
3357 1764 3533 1818 neque
3572 1750 3715 1820 aliud
3758 1750 4003 1803 voluisse

2426 1836 2555 1897 illud
2600 1852 2951 1913 prmceptum,
2983 1840 3079 1896 Ne.
3108 1842 3286 1913 edati‘s
3318 1841 3385 1895 de
3425 1842 3515 1896 illa
3551 1841 3767 1903 arbore,
3800 1828 3997 1909 quain,
4054 1900 4061 1905 ι

2423 1932 2537 1987 Non
2587 1936 2814 1997 coeatis,
2859 1937 2967 1999 sed,
3003 1945 3190 1989 sancte
3240 1943 3297 1988 et
3339 1933 3544 2002 absque
3590 1934 3734 1986 omni
3778 1930 3997 1987 Venere

2425 2026 2655 2089 vivatis;
2694 2035 2749 2095 et
2783 2044 2795 2079 :
2829 2025 2947 2091 Quo
2978 2026 3063 2079 die
3098 2029 3162 2097 _dc
3192 2025 3279 2079 illa
3308 2024 3498 2087 edetis,
3532 2034 3759 2078 mortem
3789 2024 4001 2077 morie-

2426 2119 2585 2182 mini,
2618 2119 2676 2179 jd
2729 2134 2848 2174 esse
2888 2118 3115 2188 quodie
3153 2116 3383 2187 corpora
3429 2116 3746 2171 miscebitis.
3794 2104 3997 2169 Verum

2426 2209 2565 2262 hanc
2620 2211 2947 2283 sententiam
2986 2210 3210 2263 minime
3256 2223 3441 2262 veram
3482 2222 3606 2262 esse
3650 2207 3729 2258 vel
3767 2206 3818 2260 id
3860 2207 4001 2262 satis

2425 2303 2603 2372 arguit
2650 2303 2796 2372 quod
2875 2287 3085 2389 integra
3161 2300 3472 2367 virginitate
3537 2300 3677 2368 pulsi
3718 2290 3851 2353 “sint
3914 2300 3997 2353 illi

2426 2394 2701 2464 paradiso.
2728 2394 2966 2449 Censent
2989 2408 3117 2462 ergo
3150 2392 3238 2471 alii
3266 2390 3611 2466 frumentum
3646 2389 3999 2445 fuisse'banc

2426 2488 2735 2569 arboyem,
2788 2493 2950 2554 atque
3015 2484 3135 2538 ideo
3190 2470 3468 2539 Christum
3539 2498 3755 2552 quoque
3826 2488 3993 2536 suum

2425 2574 2625 2649 corpus
2682 2580 2737 2634 in
2790 2594 2927 2648 pane
2984 2573 3333 2632 dediésezut
3371 2590 3478 2644 qua
3540 2589 3598 2628 re
3646 2581 3996 2629 contractum

2424 2681 2570 2727 esset
2606 2671 2871 2733 debitum,
2903 2670 3089 2724 eadem
3124 2680 3178 2722 et
3213 2669 3605 2740 exsolveretur.
3652 2665 3861 2720 Rursus
3897 2664 3997 2718 alii

2424 2765 2588 2817 vitem
2641 2762 2812 2816 fuisse
2859 2759 3233 2824 contendunt,
3296 2769 3353 2813 et
3408 2759 3613 2813 idcirco
3674 2758 4002 2827 sanguinem

2427 2871 2584 2909 suum
2614 2854 2829 2908 dedisse
2861 2852 3143 2922 Christum
3189 2853 3244 2906 in
3274 2852 3403 2905 vino
3436 2865 3539 2920 pro
3582 2850 3849 2919 expianda
3883 2850 4005 2917 pri-

2427 2960 2640 2998 morum
2670 2942 2956 3012 parentum
2986 2940 3287 2995 noxa.‘Sed
3316 2955 3416 2994 nos
3452 2940 3563 2993 haec
3586 2955 3710 2992 vera
3740 2954 3847 2991 non
3874 2951 4006 2991 esse

2425 3031 2713 3103 putamus;
2741 3032 3077 3105 frumentum
3095 3030 3239 3084 enim
3261 3044 3440 3100 seges,
3461 3044 3567 3084 non
3592 3029 3753 3082 arbor
3776 3028 4005 3094 dicitur,

758 3118 1002 3173 Adamus
1031 3134 1128 3188 per
1159 3104 1330 3188 ipsam
1365 3128 1619 3203 expertus
1660 3107 1746 3209 est
1778 3119 1907 3197 quid
1942 3128 2086 3173 esset
2118 3118 2323 3172 bonum
2354 3127 2395 3184 c
2431 3108 2690 3195 utpeque
2731 3124 2874 3189 vitis.
2918 3121 3084 3192 Igitur
3110 3120 3440 3204 Philoxenus
3470 3120 3839 3189 Mabugensis,
3873 3132 4004 3174 ora-

756 3224 811 3272 et
840 3215 973 3286 quid
1006 3216 1232 3281 malum,
1263 3222 1424 3282 atque
1477 3214 1653 3283 reipsa
1696 3203 1921 3289 agnovit
1959 3210 2319 3279 obedientiam

756 3323 879 3364 esse
913 3308 1140 3373 bonum,
1175 3303 1378 3377 malum
1416 3321 1551 3381 vero
1600 3305 1970 3381 rebellionem.
2012 3303 2118 3358 Sed
2154 3304 2350 3379 enian

757 3401 903 3456 dicet
932 3390 1131 3468 aliquis
1161 3439 1174 3461 ,
1215 3378 1715 3480 deuiuskkdamum'
1750 3411 1846 3465 per
1892 3394 2037 3449 illam
2074 3395 2322 3450 arborem
2344 3378 2385 3435 έ-

758 3508 879 3548 esse
909 3502 1186 3561 expertum
1224 3490 1350 3567 quid
1398 3489 1599 3543 bonum
1641 3497 1694 3542 et
1744 3488 1871 3557 quid
1924 3487 2120 3541 malum
2158 3496 2322 3562 esset,
2356 3536 2362 3543 .

761 3601 871 3640 non
901 3583 1133 3655 proinde
1158 3583 1301 3652 justa
1335 3581 1474 3635 ratio
1507 3596 1580 3639 ea
1602 3574 1935 3644 videtur,'ob
1967 3595 2129 3649 quam
2163 3579 2327 3633 arbor

760 3677 877 3747 ipsa
933 3675 1173 3731 scientiae
1218 3672 1355 3727 boni'
1382 3674 1451 3727 et‘
1480 3672 1604 3741 mali
1640 3682 1943 3750 vocaretur,
1984 3686 2112 3750 qua:
2145 3670 2327 3724 scien-

760 3768 892 3821 tiam
925 3766 979 3819 in
1007 3779 1066 3818 se
1097 3763 1302 3817 nullam
1329 3762 1575 3817 haberet.
1607 3748 2021 3831 Respondemus
2056 3778 2178 3817 eum
2204 3777 2326 3817 esse

761 3872 968 3911 ruerent
1001 3869 1280 3911 sacrarum
1312 3853 1664 3916 Litterarum,
1709 3862 1767 3907 ut
1795 3863 1847 3907 et
1871 3853 2003 3908 locis
2036 3862 2090 3909 et
2121 3864 2327 3923 tempe-

762 3949 915 4003 ribus
959 3942 1145 4001 earum
1214 3944 1397 3999 rerum
1451 3928 1863 3998 accommodent
1904 3942 2149 4009 nomina,
2206 3937 2365 4013 quae'

762 4040 926 4094 rebus
961 4039 1093 4108 ipsis
1129 4037 1183 4091 in
1208 4037 1340 4091 locis
1370 4046 1423 4091 et
1451 4035 1787 4106 temporibus
1811 4035 1917 4089 illis
1954 4021 2327 4117 evenientibus

763 4131 1051 4185 debentur.
1085 4129 1176 4184 Sic
1206 4137 1426 4199 puteum
1460 4128 1939 4198 quemdamjurgii
1962 4128 2322 4197 appellarunt,

762 4239 887 4277 cum
920 4230 1117 4293 puteus
1142 4237 1250 4293 nou
1276 4221 1553 4291 jurgasset
1601 4221 1696 4275 sed
1734 4221 1801 4273 de
1830 4229 1993 4289 puteo
2041 4218 2158 4289 ipso
2187 4220 2351 4274 intcrv

763 4332 821 4367 se
860 4290 1316 4365 ‘coutendissent’
1346 4290 1687 4381 pastores".
1754 4310 1855 4363 Et”
1896 4310 2089 4365 rursus
2156 4311 2325 4364 alium

763 4415 979 4472 puteum
1022 4403 1334 4471 juramenti,
1376 4417 1503 4477 non.
1535 4402 1693 4471 quasi
1745 4394 1867 4482 ipse'
1902 4401 2324 4470 juratusesset,
2362 4421 2385 4482 ί

765 4495 862 4548 sed
928 4493 1056 4563 quia
1123 4493 1192 4546 de
1259 4494 1379 4561 ipso
1433 4490 1577 4545 facta
1642 4491 1861 4545 fuerant
1922 4491 2325 4561 juranienta‘?.

768 4585 1027 4639 Similiter
1080 4583 1359 4638 cumulum
1438 4582 1739 4651 quemdam
1784 4582 2023 4651 lapidum
2060 4593 2331 4637 vocarunt

765 4676 1035 4730 cumulum
1091 4676 1376 4729 testimonii
1400 4676 1466 4741 δ’,
1514 4675 1613 4746 lqui
1674 4674 1881 4728 nullum
1919 4675 2096 4744 potuit
2147 4676 2330 4730 dicere

767 4766 1162 4831 testimonium,
1210 4766 1301 4820 sed
1332 4765 1458 4834 quia
1491 4765 1632 4841 apud
1683 4766 1874 4841 ipsum
1900 4774 2116 4835 peracta
2153 4764 2330 4841 fuerat

767 4859 1096 4912 contestatio
1128 4846 1270 4911 inter
1302 4855 1470 4911 Jaeob
1499 4836 1575 4910 et,
1596 4855 1803 4912 Labam
1861 4836 2105 4930 Denique
2160 4836 2330 4910 Jaeob

768 4950 957 5003 Betth
992 4949 1295 5031 nominavit
1323 4950 1609 5002 exercitum
1636 4947 1729 5001 Dei
1758 4930 1827 5011 δ’,
1863 4943 1990 5023 οὶιηι
2017 4947 2170 5002 locus
2219 4948 2333 5017 ipse

772 5041 920 5095 haud
966 5026 1111 5096 esset
1157 5043 1433 5095 exercitus
1471 5040 1585 5105 Dei,
1624 5026 1809 5093 verum
1842 5040 1967 5109 quia
2020 5040 2071 5092 in
2103 5054 2168 5093 eo
2214 5040 2333 5093 loco

770 5132 1070 5185 exercitum
1126 5131 1218 5186 Dei
1278 5132 1366 5185 ille
1427 5128 1670 5212 vidisset.
1735 5132 1813 5184 Ad
1867 5133 2118 5186 eumdem
2171 5131 2334 5200 igitur

770 5224 993 5277 modum
1041 5224 1204 5276 arbor
1251 5223 1341 5276 illa
1393 5224 1771 5291 cognominata
1810 5232 1895 5276 est
1927 5223 2167 5277 scientiae
2205 5222 2334 5277 boni

771 5321 825 5364 et
871 5311 1024 5373 mali,
1068 5326 1174 5365 non
1209 5312 1350 5380 quod
1388 5311 1502 5380 ipsa
1538 5312 1618 5366 vel
1672 5313 1723 5365 in
1765 5328 1825 5366 se
1856 5312 2015 5366 talem
2049 5314 2333 5368 scientiam

775 5400 1028 5455 habuerit
1063 5410 1155 5454 aut
1180 5416 1301 5455 eam
1334 5403 1386 5455 in
1428 5402 1637 5456 Adamo
1670 5389 1928 5464 eﬂ'ecerlt,
1965 5418 2070 5471 qua
2103 5400 2195 5465 hic
2220 5404 2333 5472 jam

771 5501 899 5545 ante
934 5492 1186 5562 pollebat,
1224 5494 1317 5547 sed
1350 5495 1478 5562 quia
1527 5508 1622 5564 per
1668 5509 1788 5547 eam
1834 5495 2085 5550 arborem
2118 5506 2199 5550 est
2244 5495 2337 5550 ille

773 5583 949 5653 reipsa
993 5592 1274 5653 expertus,
1323 5594 1486 5655 atque
1520 5587 1601 5653 (ut
1652 5587 1722 5639 ita
1780 5585 1981 5655 dicam)
2038 5587 2334 5642 ellicienter

844 5761 885 5793 ε’
911 5760 1040 5816 Gen.
1080 5777 1196 5826 xm,
1238 5762 1285 5814 7.
1368 5762 1410 5792 "“
1438 5764 1565 5817 Gen.
1612 5780 1717 5827 xxi,
1751 5766 1817 5823 '29
1849 5766 1935 5820 32.

2019 5770 2053 5799 '°'
2081 5766 2213 5825 Gen.
2255 5786 2405 5837 xxxi,
2439 5773 2522 5828 ΓΙ.

2431 3218 2578 3299 tione
2601 3218 2668 3269 de
2692 3216 2889 3269 arbore
2918 3214 3060 3299 vitze,
3103 3222 3157 3269 et
3190 3196 3344 3268 multi
3371 3213 3461 3291 alii
3488 3212 3807 3275 existimant
3830 3213 4003 3265 ticum

2430 3286 2603 3386 fuisse
2632 3322 2750 3383 eam
2784 3286 3061 3368 arborem,
3094 3308 3225 3372 qua,
3258 3320 3380 3359 cum
3409 3286 3793 3386 esset‘Adamo
3825 3304 4008 3356 inter-

2429 3375 2655 3463 dictum,
2680 3413 2786 3453 non
2832 3398 3112 3456 abstinuit.
3152 3395 3290 3449 Huic
3333 3376 3611 3450 sententiis
3648 3409 3745 3447 nos
3775 3408 4004 3463 quoque

2428 3500 2486 3546 ut
2512 3505 2641 3545 vero
2686 3490 2932 3544 similiori
2962 3476 3381 3544 subscribimus.
3418 3484 3691 3540 Credibile
3720 3484 3863 3537 enim
3890 3493 4007 3548 est,

2428 3582 2590 3639 simul
2634 3571 2796 3651 alq'ue
2846 3572 3006 3663 de‘ea
3053 3574 3248 3634 arbore
3290 3578 3549 3662 ed‘issent,
3581 3577 3783 3644 pudore
3814 3590 4009 3630 corre-

2379 3665 2401 3733 ',
2429 3683 2567 3744 ptos,
2596 3689 2662 3726 ex
2690 3687 2757 3726 eo
2785 3672 2927 3741 quod
2967 3672 3214 3741 proxime
3249 3670 3314 3723 ad
3341 3683 3558 3723 manum
3587 3677 3727 3728 erat,
3752 3668 4001 3736 subliga-

2393 3795 2397 3801 ν
2428 3757 2555 3822 οιιιέ
2581 3750 3125 3849 εἰὶιί,ἑξοιιιρειιιιινίεεθ
3162 3763 3496 3849 quibussua
3530 3760 3849 3814 obvelarent
3895 3774 4005 3827 pu—

2372 3918 2376 3927 ι
2429 3859 2602 3914 denda
2629 3897 2642 3921 ,
2672 3834 2739 3913 ea
2776 3872 2908 3919 vero
2933 3872 2997 3910 ex
3030 3856 3274 3911 ficulneis
3307 3834 3453 3909 foliis
3500 3852 3668 3907 fuisse
3718 3851 3858 3905 facta
3914 3860 4004 3905 te-

2435 3932 2776 4019 staturipsa'
2806 3928 3187 4018 Scriptura'".
3232 3945 3419 4015 Neque
3467 3946 3611 3999 enim
3661 3944 3837 3998 simile
3886 3943 4005 3998 veri

2370 4099 2379 4107 ,
2428 4028 2608 4112 potest
2637 4028 2963 4104 exi’stima'ri,
2996 4039 3139 4107 ipsos
3158 4036 3522 4109 praetermissa
3560 4050 3622 4088 ea
3644 4035 3838 4088 arLore
3877 4050 4006 4103 qua:

2430 4133 2675 4204 proxima
2702 4140 2837 4198 erat,
2887 4131 2952 4185 ad
2999 4130 3158 4214 aliam
3196 4129 3534 4199 longiuscule
3558 4127 3805 4181 dissitam
3849 4127 4006 4179 festi-

2432 4240 2627 4299 nasse;
2651 4238 2716 4279 ex
2742 4224 2901 4293 cujus
2933 4210 3435 4299 folliS‘concinuati‘s
3464 4217 3817 4287 subligaculis
3841 4232 4003 4272 suam

2431 4294 2777 4387 contegerent
2830 4315 3153 4370 nuditatem.
3199 4313 3265 4388 Et
3325 4294 3455 4382 ergo
3507 4312 3645 4365 ﬁcus
3699 4311 3862 4363 arbor
3911 4310 4006 4363 illa

2434 4409 2677 4464 scientia:
2708 4407 2834 4463 boni
2881 4420 2936 4462 et
2984 4388 3147 4471 mali;
3187 4387 3291 4473 qua
3324 4419 3433 4457 non
3472 4402 3615 4457 vesci
3655 4417 3777 4457 eum
3817 4413 4011 4456 essent

2432 4502 2592 4573 jussi,
2629 4515 2736 4555 non
2769 4488 3066 4570 paruerunt
3098 4496 3299 4575 edicto.
3340 4495 3482 4562 Sunt
3504 4504 3680 4547 tamen
3711 4494 3800 4560 qui
3832 4493 4007 4546 velint

2437 4578 2855 4659 haudquaquam
2903 4582 3304 4661 lic'uml‘fuisse,
3335 4603 3343 4614 -
3373 4582 3467 4635 sed
3507 4580 3697 4648 'potius
3747 4578 4005 4630 arborem

2436 4681 2747 4753 quampiam
2788 4678 2912 4732 novi
2956 4676 3170 4747 generis
3206 4684 3367 4742 atque
3408 4672 3671 4735 inusitati,
3710 4670 3868 4737 longe
3916 4685 4011 4721 re-

2438 4773 2600 4841 liquis
2643 4768 3109 4841 prestantiorern;
3146 4764 3304 4833 cujus
3346 4762 3613 4815 fructibus
3658 4760 4008 4814 interdictum

2440 4838 2600 4917 fuerit
2630 4841 2834 4913 Adamo
2867 4875 2881 4911 :
2920 4838 3081 4925 idque
3146 4857 3247 4909 hac
3294 4854 3558 4923 colligunt
3612 4853 3840 4915 ratione,
3873 4852 4010 4919 quia

2438 4952 2673 5022 peccarit
2714 4950 2884 5001 Adam
2917 4946 3124 5000 edendo
3162 4955 3215 5000 et
3255 4944 3512 4997 multatus
3572 4942 3664 4996 sit.
3715 4940 3846 4992 Nam
3884 4942 4013 4992 vnl-

2415 5044 2875 5141 igari\(inq’uiunt)
2912 5041 3090 5095 fructu
3139 5037 3430 5102 vescendo,
3466 5051 3643 5105 neque
3673 5033 4016 5105 peccavisset

2442 5138 2550 5200 ille,
2569 5120 2757 5204 \neque
2801 5150 3014 5203 pinnam
3048 5132 3484 5187 commeruisset.
3519 5127 3719 5182 Verum
3767 5127 3832 5179 ad
3891 5128 4015 5180 haec

2435 5227 2823 5295 respondemus
2857 5242 2871 5278 :
2903 5224 3038 5292 cum
3087 5239 3177 5278 res
3222 5224 3403 5290 aliqua
3442 5222 3555 5291 lege
3596 5218 3865 5289 prohibita
3904 5229 4015 5279 est.

2429 5308 2545 5371 'non
2572 5317 2647 5371 rei
2682 5318 2765 5371 vel
2794 5316 3159 5386 praestantiam
3206 5314 3633 5383 dignitatemque
3687 5310 3764 5363 vel
3805 5310 4016 5363 utilita-

2442 5418 2547 5464 tem
2586 5417 2749 5479 atque
2782 5408 3183 5480 indignitatem,
3215 5407 3340 5461 dum
3371 5415 3464 5459 aut
3500 5405 3680 5459 editur
3713 5413 3806 5456 aut
3843 5402 4017 5455 omit-

2442 5502 2574 5555 titur
2624 5484 2958 5571 quidquain,
3000 5500 3200 5554 referre
3236 5508 3330 5552 aut
3371 5497 3436 5550 ad
3481 5504 3756 5567 peceatum
3804 5502 3901 5547 aut
3944 5493 4015 5547 ad

2433 5592 2703 5659 justitiam
2750 5592 2831 5647 vel
2877 5592 2942 5646 ad
2990 5606 3200 5645 umnam
3258 5589 3625 5659 prauniumve,
3680 5585 3772 5640 sed
3836 5585 4016 5655 ipsam

2620 5774 2663 5807 ³⁸
2692 5773 2827 5834 Gen.
2861 5789 3029 5840 xxxn,
3060 5773 3149 5828 50.
3229 5773 3269 5804 ⁸³
3299 5770 3434 5827 Gen.
3467 5787 3545 5838 ιιι,
3580 5770 3627 5825 7.
