4208 6432
758 384 860 445 507
2032 383 2260 444 MOSIS
2297 383 2388 441 BA
2402 381 2446 440 R
2488 382 2730 445 CEPIH
3907 387 4019 451 ε,Οὸ

760 495 1036 564 inquiunt,
1084 498 1339 568 imposuit
1369 497 1508 553 Deus
1536 497 1744 552 Adamo
1780 497 1975 566 legem,
2004 511 2166 565 quam
2199 508 2330 565 prze-
2363 494 2410 552 Δ
2439 492 2527 548 illa
2553 495 2750 549 arbore
2778 502 2943 560 esset,
2988 496 3040 550 in
3076 497 3290 552 animas
3331 514 3519 554 eorum
3553 502 3642 571 qui
3685 501 3776 555 illo
3805 504 4026 558 aleren-

760 588 966 643 sciebat
1013 591 1189 658 ipsum
1247 604 1354 643 non
1411 605 1533 645 esse
1585 589 2037 644 observaturum?
2085 588 2335 642 Proiecto
2443 597 2551 650 tur,
2581 589 2689 642 vim
2711 590 3004 659 quamdam
3042 592 3451 665 emcaciamque
3482 597 3666 652 indere
3692 597 3954 663 divinam,
3987 617 4022 655 a

762 677 865 732 nisi
906 677 988 730 lex
1035 677 1108 730 illi
1153 676 1344 731 fuisset
1388 681 1532 739 data,
1573 677 1624 731 in
1674 677 1847 731 multo
1906 675 2083 744 majus
2130 674 2333 727 malum
2440 680 2651 734 c:eteris
2699 681 2892 736 animae
2931 682 3140 740 viribus
3177 685 3487 751 diversam;
3534 690 3674 743 sicut
3729 696 3908 746 carnis
3951 708 4022 746 ac

769 769 1073 831 incidisset,
1107 782 1270 837 quam
1318 770 1507 824 incidit
1530 769 1698 824 Satan
1734 784 1748 822 :
1780 767 2078 838 praesertim
2120 782 2242 821 eum
2281 766 2333 820 in
2439 773 2552 826 vini
2580 772 2683 826 alia
2715 783 2799 827 est
2839 774 2892 827 in
2920 774 3160 829 humano
3191 792 3422 847 corpore
3447 780 3730 834 eliicicntia
3761 823 3773 844 ,
3807 783 3907 835 alia
3936 784 4022 836 le-

762 872 872 910 tam
919 859 1084 927 regali
1122 870 1429 914 versaretur
1468 861 1689 930 palatio,
1724 861 1841 929 ipso
1877 859 2126 927 paradiso
2160 857 2338 912 omni-
2442 865 2724 934 guminum
2757 883 2771 918 :
2799 868 3004 934 quasvis
3054 868 3238 923 divina
3290 871 3690 941 etllcacitasque
3736 873 3937 926 bonum
3988 890 4020 928 a

761 948 864 1001 bus
898 947 1109 1003 deliciis
1139 948 1410 1015 ailluente,
1455 951 1717 1019 imperata
1757 959 1838 1003 est
1872 963 2002 1018 ergo
2035 950 2106 1002 illi
2141 949 2221 1002 lex
2248 948 2335 1002 cui
2442 959 2587 1011 malo
2612 969 2878 1013 secernat,
2910 959 3110 1014 Eadem
3143 962 3309 1030 igitur
3331 964 3492 1017 etiam
3523 965 3731 1019 ratione
3764 968 4019 1020 arborem

765 1055 871 1093 non
899 1055 1016 1100 erat
1043 1044 1534 1108 obseeundaturus,
1570 1058 1636 1096 ne
1669 1044 1719 1094 in
1749 1041 1928 1110 majus
1967 1041 2170 1093 malum
2205 1055 2338 1107 PI'O-
2441 1051 2565 1104 vita:
2599 1061 2870 1117 vocatam,
2896 1054 3021 1121 quia
3050 1056 3214 1107 vitam
3248 1056 3608 1111 immortalem
3649 1060 4027 1127 suppeditaret

762 1132 1059 1195 laberetur,
1084 1151 1246 1202 quam
1273 1135 1396 1189 data
1422 1135 1535 1203 lege
1569 1134 1696 1186 ruit.
1736 1133 1874 1187 Sunt
1899 1146 2025 1185 vero
2048 1132 2166 1184 alia:
2187 1145 2339 1186 com-
2444 1142 2509 1196 iis
2544 1143 2635 1210 qui
2675 1158 2740 1196 ex
2792 1145 2904 1211 ipsa
2956 1143 3137 1197 cibum
3179 1147 3683 1215 nutrimen".qu
3725 1157 4021 1216 caperem;

763 1226 943 1294 plures
1008 1231 1244 1284 rationes
1294 1228 1713 1298 praescribenda:
1773 1229 1917 1281 illius
1969 1227 2100 1297 legis
2133 1244 2145 1279 :
2176 1241 2335 1296 quas,
2444 1235 2604 1302 idque
2639 1233 2820 1286 divina
2867 1235 3120 1302 quapiam
3161 1235 3468 1290 etlicientia.
3503 1235 3652 1291 [lane
3693 1240 4022 1291 sententiam

761 1321 978 1374 volente
1014 1321 1140 1383 Deo,
1171 1329 1292 1391 post
1325 1336 1516 1376 sumus
1540 1322 1878 1392 explicaturi.
2445 1325 2622 1381 ﬁrmat
2661 1325 2956 1396 Numysiu_s
2989 1327 3347 1396 pbilosOpbns
3392 1327 3737 1384 Christianus
3767 1330 3843 1384 sic
3879 1333 4027 1383 seri-

836 1412 1032 1467 Vernm
1069 1415 1348 1468 enimvero
1403 1423 1613 1482 qumrat
1690 1412 1923 1480 aliquis,
1993 1428 2092 1467 cur
2148 1413 2338 1466 Adami
2445 1415 2579 1468 beus
2615 1433 2628 1470 :
2668 1414 2748 1468 En
2792 1417 2960 1467 Adam
3007 1419 3168 1470 evasit
3202 1419 3377 1485 qualis
3407 1434 3541 1471 unus
3573 1436 3598 1472 e
3649 1421 3797 1473 nobis
3825 1422 3892 1471 ad
3931 1438 4028 1473 co-

763 1515 1043 1574 peccatum
1076 1507 1219 1574 quod
1254 1506 1470 1575 quidem
1505 1521 1610 1558 non
1641 1505 1926 1558 videbatur
1955 1505 2339 1575 gravissimum
2442 1507 2792 1576 gnosrendum
2840 1509 3031 1560 bonum
3082 1517 3130 1560 et
3168 1509 3403 1570 malum;
3442 1525 3502 1562 ne
3568 1510 3732 1578 igitur
3776 1511 4030 1564 extendat

765 1596 1060 1650 durissima
1114 1597 1185 1651 sit
1239 1612 1398 1666 poena
1467 1604 1782 1658 consecuta,
1823 1597 1933 1664 ipsa
1981 1611 2152 1650 mors.
2206 1594 2342 1650 Huic
2444 1613 2662 1651 manum
2698 1615 2848 1651 suam
2877 1609 2926 1651 et
2963 1608 3138 1651 sumat
3167 1601 3230 1652 de
3257 1601 3442 1654 arbore
3470 1602 3613 1662 vitm,
3649 1613 4022 1670 rescaturque,

762 1685 940 1755 primo
983 1685 1395 1755 respondemus,
1441 1685 1612 1755 magis
1661 1686 1814 1738 illum
1861 1686 2145 1740 admisisse
2193 1685 2344 1754 ﬂagi-
2443 1697 2492 1740 et
2523 1688 2658 1764 vivat
2677 1700 2921 1754 perpetuo
2941 1686 3005 1740 ⁵⁸.
3023 1687 3138 1741 Νοη
3163 1689 3279 1742 barc
3299 1689 3512 1743 dicebat
3549 1690 3686 1743 Deus
3720 1706 3810 1758 per
3835 1692 4027 1744 odium

763 1777 924 1841 tium,
973 1794 1133 1847 quam
1180 1778 1508 1848 pependisse
1561 1794 1774 1847 pmnam
1815 1778 2148 1847 :multipliei
2196 1778 2339 1831 enim
2381 1848 2388 1849 ί
2448 1787 2611 1847 atque
2657 1779 2941 1842 invidiam,
2988 1779 3080 1832 sed
3131 1781 3261 1846 quia
3309 1781 3565 1849 indignus
3595 1790 3737 1834 esset
3781 1783 4030 1836 Adamus

764 1886 1030 1926 noxarum
1059 1886 1254 1941 genere
1305 1872 1527 1926 rebellio
1572 1873 1658 1925 illa
1688 1871 1994 1931 constabat,
2035 1870 2342 1934 inscientia,
2380 1848 2418 1901 Β
2450 1871 2540 1938 qui
2575 1870 2736 1924 vitam
2772 1873 3158 1938 sempiternam
3191 1880 3633 1939 consequeretur,
3666 1872 3863 1939 quippe
3895 1887 4034 1925 con-

763 1978 967 2028 errore,
997 1963 1276 2032 superbia,
1319 1963 1721 2026 incredulitate,
1762 1962 2059 2023 calumnia.
2095 1973 2343 2015 eontem-
2451 1974 2531 2017 tra
2566 1979 2723 2032 quem
2765 1963 2874 2032 jam
2912 1972 3035 2015 ante
3071 1964 3174 2014 lata
3221 1963 3398 2016 fuerat
3446 1965 3716 2018 sententia
3751 1983 3761 2018 :
3805 1963 3870 2016 In
3901 1966 4034 2033 pul-

762 2064 857 2124 ptu
899 2055 1154 2124 denique.
1212 2054 1501 2109 Inscientia
1550 2055 1768 2124 quidem
1807 2097 1821 2117 ,
1874 2054 1999 2122 quia
2064 2054 2340 2121 iumentis,
2448 2073 2618 2110 verem
2647 2057 2914 2110 reverteris
2939 2055 3269 2110 ".Semovit
3310 2056 3490 2125 itaque
3541 2057 3689 2109 illum
3721 2059 3788 2110 ab
3834 2059 4037 2112 arbore

767 2147 1065 2214 bestiisque
1095 2147 1291 2201 similis
1330 2147 1523 2212 evasit,
1557 2149 1651 2217 qui
1689 2147 1894 2215 alioqui
1937 2146 2204 2215 sapientia
2258 2155 2345 2199 at-
2450 2148 2593 2212 vitae,
2633 2162 2698 2202 ne
2731 2148 2796 2202 de
2836 2147 2926 2202 illa
2965 2147 3144 2200 cibum
3195 2157 3439 2202 sumeret
3472 2167 3484 2202 :
3514 2150 3604 2218 qui
3647 2151 3800 2204 cibus
3841 2150 4037 2203 divino

763 2252 870 2305 que
908 2237 1120 2292 ratione
1171 2238 1424 2307 pollebat.
1466 2237 1663 2293 Errore
1695 2254 1843 2299 vero,
1873 2237 2069 2307 quippe
2099 2237 2346 2290 insidiosi
2452 2243 2672 2295 decreto
2723 2241 2794 2294 illi
2847 2249 2991 2295 esset
3024 2241 3309 2295 adversus.
3337 2239 3459 2294 llaec
3509 2241 3597 2295 ille
3643 2241 4033 2310 philosophus,

763 2328 1082 2398 impostoris
1122 2329 1206 2382 sui
1239 2330 1421 2385 verbis
1474 2330 1732 2384 seductus
1762 2338 1864 2383 est.
1906 2330 2171 2398 Superbia
2202 2344 2343 2399 quo-
2451 2334 2650 2402 quibus
2679 2334 2811 2388 satis
2843 2334 3018 2387 innuit
3059 2333 3378 2387 existimare
3409 2348 3489 2396 se,
3542 2333 3812 2402 ejusmodi
3861 2333 4040 2386 fuisse

767 2437 896 2488 que,
938 2437 1060 2476 nam
1088 2421 1430 2477 divinitatem
1463 2422 1768 2477 allectabat.
1801 2421 2025 2491 Insuper
2055 2421 2349 2476 increduli-
2451 2441 2570 2479 eam
2593 2426 2847 2480 arborem
2870 2436 2929 2481 ut
2955 2426 3119 2479 vitam
3144 2425 3297 2480 daret
3321 2427 3387 2480 iis
3408 2425 3497 2495 qui
3531 2427 3704 2495 ipsam
3728 2437 4034 2494 gustarem.

762 2522 892 2579 tate,
929 2528 1037 2567 non
1070 2515 1323 2568 credebat
1353 2515 1496 2568 enim
1530 2525 1792 2570 eventura
1826 2531 1888 2568 ea
1925 2531 2045 2585 qua:
2081 2516 2184 2569 sibi
2215 2531 2348 2570 suus
2452 2517 2717 2572 Dominus
2743 2531 2870 2569 vero
2904 2513 3143 2570 Jacobus
3178 2514 3529 2584 Sarugensis,
3556 2515 3803 2570 oratione
3837 2533 3932 2569 sua
3967 2517 4041 2571 de

761 2606 1012 2660 conditor
1037 2605 1179 2661 Deus
1207 2615 1322 2660 erat
1344 2608 1746 2662 interminatus.
1768 2606 2066 2661 Calumniis
2092 2608 2348 2677 denique,
2451 2609 2623 2677 ejeeto
2664 2608 2874 2662 Adamo
2891 2622 2954 2660 ex
2988 2608 3261 2676 paradiso,
3283 2608 3413 2660 dicit
3457 2608 3568 2660 ﬁeri
3599 2623 3757 2675 posse
3785 2617 3841 2660 ut
3871 2609 4041 2661 arbor

766 2709 821 2750 ut
855 2697 1050 2766 quibus
1085 2699 1174 2752 ille
1205 2715 1364 2754 suum
1410 2709 1512 2754 est.
1542 2701 1848 2754 insectatus
1891 2708 2192 2768 parentem.
2244 2701 2349 2754 Po-
2455 2701 2546 2755 illa
2581 2702 2744 2754 vitam
2775 2701 3204 2755 allatura-fuerit
3240 2699 3608 2753 immortalem
3652 2699 3859 2752 Adamo
3887 2702 3930 2752 si
3969 2701 4040 2751 de

716 2789 973 2843 'stremo
1027 2791 1188 2843 etiam
1269 2802 1627 2860 contemptu;
1692 2808 1816 2844 nam
1868 2792 2185 2860 imperatam
2245 2793 2348 2848 sibi
2454 2809 2515 2848 ea
2548 2794 2766 2853 edisset.
2819 2791 3289 2863 propterea'qnod
3360 2791 3682 2860 mysterium
3736 2791 4038 2845 Christi-in

767 2883 938 2949 legem
972 2882 1275 2950 vilipendit,
1309 2865 1531 2951 sprevit,
1564 2865 1818 2951 neglexit.
1844 2883 2027 2952 Neque
2056 2885 2198 2938 enim
2235 2901 2351 2939 sce-
2455 2887 2543 2941 illa
2574 2887 2783 2947 lateret.
2827 2901 2890 2938 ac
2933 2885 3160 2955 proinde
3201 2886 3415 2938 occulta
3461 2883 3696 2951 quadam
3744 2880 4041 2936 efﬁcientia

767 2975 898 3028 leris
926 2974 1070 3028 illius
1098 2975 1505 3029 existimatione
1537 2976 1864 3042 spectandus
1896 2985 1977 3029 est
2000 2977 2156 3029 cilius
2186 2991 2348 3044 quem
2455 2979 2628 3048 ipsius
2683 2979 2892 3031 fruetus
2944 2976 3192 3044 ramique
3247 2975 3558 3043 pollerent,
3606 2989 3728 3028 cum
3785 2975 4048 3030 Christus

767 3069 1022 3135 sumpsit,
1058 3068 1150 3123 sed
1183 3069 1322 3136 quod
1352 3079 1535 3137 spreto
1565 3084 1667 3122 suo
1705 3068 1960 3123 eﬂ'ectore
2010 3069 2143 3133 Deo,
2174 3071 2337 3139 hujus
2457 3073 2572 3140 ipse
2601 3081 2792 3140 suapte
2823 3080 3014 3122 natura
3041 3069 3145 3122 vita
3187 3067 3276 3128 sit,
3302 3082 3363 3120 ac
3402 3067 3710 3134 ubicunque
3763 3066 3850 3119 ille
3885 3068 4051 3122 adest

763 3159 920 3228 jussa
952 3159 1203 3213 violarit:
1226 3170 1415 3214 contra
1442 3176 1571 3213 vero
1598 3160 1843 3214 insidiosi
1873 3160 2048 3213 hostis
2081 3162 2162 3215 sui
2189 3162 2351 3216 verba
2378 3199 2422 3257 ο
2461 3163 2512 3216 in
2548 3164 2870 3232 propinquo,
2908 3161 3058 3214 illinc
3091 3161 3245 3229 longe
3275 3159 3414 3212 absit
3450 3174 3618 3212 mors.
3649 3156 3714 3210 Et
3737 3174 3866 3212 vero
3899 3160 4050 3214 banc

772 3253 957 3316 magni
993 3251 1220 3316 fecerit;
1261 3253 1310 3306 id
1345 3269 1475 3306 vero
1501 3255 1552 3306 in
1592 3256 1856 3308 rationem
1891 3256 2196 3307 vocandum
2247 3266 2352 3320 est,
2383 3245 2422 3257 “’
2458 3255 2785 3310 sententiam
2839 3255 2912 3306 ait
2978 3245 3316 3306 Pbiloxenus
3370 3249 3714 3318 Mabugensis
3780 3267 3836 3303 se
3894 3254 4051 3306 nolle

769 3345 894 3401 inde
911 3343 1193 3413 ﬂagitium.
1221 3344 1352 3398 Illud
1379 3361 1631 3416 magnum
1661 3347 2170 3417 fuitetgravissima
2197 3365 2355 3420 poena
2459 3359 2798 3414 oppugnare,
2833 3357 2958 3396 eum
2990 3341 3175 3395 credat
3208 3340 3318 3394 Deo
3348 3340 3528 3394 omnia
3560 3355 3681 3394 esse
3717 3339 3859 3393 factu
3900 3340 4052 3394 faci-

769 3435 1029 3506 pianuum
1067 3452 1172 3489 non
1209 3436 1261 3490 in
1295 3437 1422 3491 Adze
1453 3448 1614 3506 caput
1665 3440 1877 3503 solum,
1914 3441 2007 3494 sed
2050 3442 2101 3494 in
2134 3458 2352 3496 omnem
2459 3439 2550 3494 lia.
2589 3439 2854 3492 Cmterum
2889 3435 2978 3489 alii
3011 3436 3282 3500 doctores,
3325 3449 3464 3504 quos
3512 3449 3611 3487 nos
3662 3434 3918 3488 libentius
3952 3451 4051 3488 sc-

771 3546 1001 3597 prorsus
1041 3530 1415 3598 posteritatem
1455 3540 1766 3599 propagata.
1790 3531 1948 3585 Sicut
1982 3543 2034 3586 et
2058 3531 2227 3597 Esau,
2259 3534 2352 3603 qui
2459 3533 2705 3601 quimur,
2740 3529 2912 3591 aiunt,
2947 3527 3088 3582 haud
3127 3527 3244 3580 ideo
3279 3527 3424 3595 quod
3462 3527 3627 3580 vitam
3681 3526 3798 3594 ipsa
3858 3527 4054 3578 conci-

772 3623 854 3687 (ut
886 3623 960 3675 ait
997 3622 1290 3691 Apostolus
1316 3624 1388 3690 ")
1429 3639 1528 3675 non
1565 3624 1758 3676 invenit
1796 3624 1968 3676 locum
1992 3627 2353 3694 paenitentite;
2460 3625 2615 3678 liaret
2642 3620 3012 3683 vescentibus,
3042 3629 3285 3673 vocatam
3318 3633 3438 3671 esse
3471 3618 3590 3671 vitze
3610 3619 3858 3670 arborem
3890 3617 4053 3687 (per-

775 3729 880 3768 non
915 3730 1068 3779 sane,
1100 3714 1228 3782 quia
1278 3728 1390 3766 rem
1436 3717 1748 3783 quampiam
1801 3715 2119 3769 inusitatam
2169 3733 2356 3771 come-
2461 3716 2585 3769 inde
2633 3715 2776 3768 enim
2814 3712 2965 3766 rudis
2999 3710 3061 3764 ae'
3092 3710 3242 3764 stulti
3299 3709 3496 3779 ingenii
3539 3723 3681 3772 esse,
3730 3709 4056 3762 existimare

773 3808 944 3862 disset
994 3807 1185 3877 (lentes
1232 3807 1375 3860 enim
1429 3809 1590 3861 modo
1619 3807 1853 3871 ederat),
1884 3810 1975 3861 sed
2020 3810 2162 3878 quod
2212 3818 2356 3863 esset
2461 3807 2710 3861 arborem
2767 3803 2928 3858 ullam
2971 3802 3099 3856 boni
3156 3802 3394 3871 malique
3445 3802 3808 3869 e0gnitiouem
3857 3801 4052 3868 largiri

775 3917 891 3955 sua:
939 3901 1347 3955 obsecundatus
1394 3901 1701 3969 cupiditati,
1750 3911 2140 3971 auctoremque
2191 3919 2352 3955 suum
2460 3913 2618 3967 posse
2656 3896 2720 3950 iis
2759 3911 2787 3948 a
2828 3894 3027 3963 quibus
3062 3893 3353 3946 ederetur:
3387 3901 3438 3944 et
3477 3907 3594 3945 esse
3624 3891 3908 3951 arborem,
3937 3907 4054 3958 qua

777 3993 944 4048 Deum
981 3993 1421 4062 contempsisset.
2461 3991 2504 4044 si
2537 4003 2784 4050 vescare,
2811 3983 3414 4050 evadasimmortalis),
3451 3983 3544 4036 sed
3587 3983 3656 4035 ob
3705 3983 3778 4045 id,
3828 3983 3930 4035 hoc
3971 3982 4060 4036 illi

1363 4082 1593 4139 CAPUT
1631 4083 1753 4138 XX.
2463 4096 2660 4133 nomen
2696 4094 2725 4131 a
2762 4078 2868 4131 lleo
2900 4077 3084 4130 datum
3118 4089 3259 4136 esse,
3299 4088 3408 4142 quo
3461 4072 3704 4127 Adamus
3738 4073 3801 4124 ad
3841 4087 4061 4141 paren-

851 4180 980 4242 Quw
1010 4180 1170 4245 fuerit
1225 4180 1384 4230 arbor
1416 4179 1511 4230 illa
1555 4180 1676 4231 vita
1708 4179 1757 4230 in
1796 4178 1965 4231 medio
2009 4180 2259 4248 paradiso
2308 4185 2358 4230 et
2461 4174 2590 4227 dum
2646 4170 2969 4240 praescripta:
3038 4167 3142 4220 sibi
3202 4167 3301 4235 legi
3349 4166 3701 4218 animarclur.
3741 4163 3872 4216 Nam
3919 4181 4058 4218 rum

778 4288 874 4324 cur
897 4273 1015 4324 vita:
1044 4273 1202 4323 arbor
1228 4273 1294 4324 sit
1329 4281 1532 4342 vocata.
1566 4270 1840 4340 Scriptum
1870 4284 1950 4325 est
1992 4274 2042 4324 in
2089 4273 2225 4325 libro
2253 4270 2357 4326 Ge-
2463 4267 2632 4320 soleat
2661 4263 2862 4333 qumvis
2892 4262 2973 4315 lcx
3005 4259 3216 4313 duabus
3257 4258 3366 4310 fere
3401 4257 3598 4310 Πιιιιιῖτί
3630 4257 3811 4316 ῐέδιιεο
3872 4272 4062 4323 Fama?

778 4381 971 4419 neseos
1005 4381 1018 4416 :
1049 4367 1117 4417 Et
1152 4373 1518 4430 procreaverat
1554 4364 1806 4417 Dominus
1841 4364 1980 4417 Deus
2009 4381 2035 4417 e
2079 4373 2218 4417 terra
2250 4381 2361 4417 om-
2466 4360 2678 4413 scilicet
2741 4353 3153 4408 denuntiatione
3176 4390 3190 4415 ,
3244 4359 3296 4404 et
3354 4349 3562 4418 praemii
3628 4349 4058 4417 pollicitatione,

778 4475 894 4511 nem
928 4461 1164 4510 arborem
1188 4459 1297 4509 visu
1324 4457 1680 4524 appetibilem,
1702 4469 1748 4510 et
1787 4459 1837 4509 in
1864 4459 2035 4509 cibum
2058 4457 2359 4524 ‘pulcltram;

2463 4463 2692 4519 quarum
2735 4447 2822 4499 illa
2874 4441 3409 4512 praevaricationem,
3446 4440 3559 4493 here
3601 4439 4048 4492 observationem

777 4551 947 4618 ipsam
991 4552 1148 4602 etiam
1195 4549 1430 4600 arborem
1460 4550 1574 4602 vita:
1605 4550 1656 4600 in
1686 4552 1854 4601 medio
1888 4550 2162 4616 paradiso,
2196 4560 2244 4602 et
2273 4567 2362 4603 ar-
2394 4536 2437 4589 D
2464 4540 2751 4593 c0mitetur
2798 4537 2999 4605 (neque
3025 4533 3168 4585 enim
3218 4531 3399 4584 minus
3437 4530 3619 4582 deberi
3648 4529 3863 4581 videtur
3914 4545 4067 4596 pra:—

776 4645 956 4696 borent
982 4643 1212 4694 scientia:
1254 4642 1376 4693 boni
1403 4652 1448 4694 et
1481 4641 1691 4704 ntali”,
1722 4652 1828 4694 etc.
1863 4640 1933 4694 De
1972 4641 2165 4695 arbore
2188 4643 2365 4696 scicn.
2466 4633 2633 4685 mium
2667 4631 2731 4683 iis
2761 4629 2850 4698 qui
2885 4629 3261 4694 obtemperant
3289 4664 3301 4687 ,
3330 4638 3492 4692 quam
3546 4621 3711 4674 multa
3745 4622 3810 4673 iis
3839 4623 3929 4689 qui
3967 4638 4066 4675 re-

781 4733 869 4785 tia:
906 4730 1030 4783 boni
1061 4739 1109 4781 et
1151 4729 1276 4782 mali
1310 4729 1447 4782 satis
1477 4744 1506 4781 a
1544 4729 1700 4782 nobis
1743 4729 1855 4796 jam
1881 4727 2086 4781 dictum
2128 4737 2228 4794 est,
2276 4745 2367 4784 su-
2468 4721 2688 4791 bellant)
2725 4721 2941 4788 lataque
2972 4733 3000 4770 a
3046 4716 3156 4770 Deo
3202 4717 3285 4769 lex
3328 4723 3494 4777 esset,
3549 4729 3614 4766 ne
3659 4714 3826 4766 Adam
3883 4714 3960 4766 de
3995 4730 4066 4767 ea

784 4832 966 4894 perest
1020 4824 1185 4891 igitur
1218 4831 1277 4874 ut
1308 4821 1373 4875 de
1403 4822 1601 4874 arbore
1643 4821 1765 4874 vita:
1809 4837 1953 4874 nunc
2006 4823 2363 4887 disseramus,

2469 4817 2662 4869 arbore
2692 4829 2812 4882 qua:
2842 4810 3082 4865 scientia:
3128 4808 3252 4860 boni
3288 4817 3340 4861 et
3370 4805 3495 4859 mali
3527 4805 3834 4867 dicebatur,
3869 4817 4069 4874 gusta-

785 4919 852 4970 de
885 4932 988 4984 qua
1015 4915 1124 4969 duo
1155 4917 1270 4968 haec
1309 4913 1535 4967 veniunt
1565 4913 1915 4983 disquirenda
1953 4930 2092 4968 :enr
2123 4915 2246 4968 vitae
2280 4931 2367 4968 ar-
2471 4917 2571 4972 ret.
2618 4915 2670 4960 εί
2725 4901 3097 4975 Ρτπνίπίαληίί
3148 4915 3304 4969 FW“l
3351 4898 3638 4967 l‘msmma
3685 4897 3798 4965 ipsa
3850 4913 4005 4950 mors
4053 4918 4067 4952 ³

783 5007 884 5061 bor
914 5015 1160 5071 vocetur,
1193 5014 1246 5058 et
1277 5005 1579 5074 eujnsmodi
1615 5007 1776 5057 arbor
1805 5003 1920 5071 ipsa
1952 5004 2042 5058 sit.
2089 5005 2226 5057 Sunt
2270 5021 2367 5059 au-
2472 5002 2588 5065 Qua
2617 5001 2751 5052 enim
2790 4998 2893 5059 die,
2925 4994 3118 5064 inquit,
3161 4993 3222 5045 de
3259 4990 3354 5044 illa
3382 4991 3576 5051 ederis,
3608 4999 3822 5041 mortem
3863 4989 4074 5052 abibis,-

789 5111 897 5154 tem
934 5100 1023 5168 qui
1056 5099 1176 5153 ideo
1206 5098 1327 5151 vita:
1354 5099 1602 5153 arborem
1640 5098 1962 5167 appellatam
2002 5106 2189 5168 putent
2221 5096 2365 5167 quod
2472 5094 2738 5160 reliquum
2800 5097 2958 5151 erat,
3017 5098 3074 5139 ut
3119 5084 3395 5154 praemium
3442 5081 3605 5135 etiam
3653 5080 4074 5149 promitteretnr

787 5211 851 5248 ea
886 5203 1028 5249 eSSet
1064 5194 1232 5262 ipsius
1262 5195 1503 5248 conditio
1535 5203 1702 5262 atque
1741 5205 1936 5248 natura
1967 5203 2026 5246 ut
2061 5193 2226 5244 vitam
2269 5191 2370 5244 im-
2471 5182 2784 5240 observanti
2835 5182 3028 5250 legem.
3064 5179 3251 5245 Itaque
3291 5173 3434 5228 Deus
3482 5182 3910 5226 commonstrata
3956 5174 4075 5226 alia

791 5288 1076 5342 mortalem
1117 5289 1182 5341 iis
1211 5287 1527 5341 conciliaret
1565 5288 1656 5357 qui
1702 5303 1758 5341 se
1791 5297 2170 5350 vescerentur;
2219 5285 2367 5338 enim
2473 5281 2666 5345 arbore
2698 5293 2818 5346 qua:
2853 5274 2907 5326 in
2943 5269 3246 5325 ιιιθάὶιυιιίο
3277 5267 3512 5336 Ρπθάίδί
3565 5274 3704 5357 5“”;
3740 5280 3940 5357 magno
3971 5282 4076 5357 θιέ

791 5398 920 5436 vero
949 5383 998 5436 bi
1032 5382 1280 5436 arborem
1319 5381 1561 5436 scientia:
1583 5354 1712 5433 boni
1747 5388 1801 5433 et
1827 5379 1976 5441 mali,
2009 5378 2122 5448 pari
2150 5391 2370 5447 quoque
2475 5374 2652 5427 stabat
2691 5368 2922 5436 insignis
2953 5366 3167 5424 decore.
3204 5359 3324 5412 νίιιὲ
3378 5371 3496 5410 eam
3535 5354 3847 5448 appellavit:
3899 5356 4075 5422 (Πηλεῖ

792 5475 1001 5528 ratione
1026 5474 1222 5527 dictam
1258 5474 1466 5538 volunt,
1498 5473 1624 5542 quia
1673 5447 2042 5542 cognitionem
2074 5471 2201 5524 boni
2257 5485 2373 5523 ma-
2475 5464 2725 5516 diceret:
2761 5460 2817 5513 Si
2869 5458 2936 5512 ab
2998 5457 3087 5509 illa
3141 5455 3336 5506 arbore
3392 5449 3637 5549 scientiae.
3669 5447 3794 5500 boni
3844 5456 3899 5549 et
3940 5448 4079 5498 mali

727 5624 737 5640 ι
791 5570 937 5636 lique
969 5569 1036 5620 iis
1069 5575 1279 5636 pareret
1310 5566 1403 5635 qui
1452 5566 1624 5635 ipsam
1674 5565 1918 5631 ederent,
1960 5565 2254 5632 cibumque
2305 5577 2370 5615 ex
2477 5568 2529 5612 te
2595 5553 2956 5616 contiuueris,
3003 5549 3213 5620 legique
3261 5560 3392 5600 mea:
3441 5544 3930 5642 obtemperaveris,
4003 5556 4080 5593 en

791 5680 852 5716 ea
890 5671 1176 5733 caperent;
1239 5674 1358 5715 nam
1414 5661 1621 5728 Deum,
1660 5675 1754 5731 per
1782 5676 1906 5714 eum
1951 5659 2130 5714 cibum
2174 5658 2267 5728 qui
2305 5671 2368 5710 ex
2481 5653 2576 5707 tibi
2620 5652 2870 5704 arborem
2916 5647 3035 5700 vit:e
3068 5643 3134 5699 de
3165 5657 3269 5712 qua
3304 5639 3453 5701 edes,
3488 5636 3747 5705 vivesque
3780 5636 3834 5686 in
3872 5647 4047 5702 perpe

865 5846 907 5877 δ’
940 5847 1102 5902 llebr.
1156 5860 1249 5911 xu,
1291 5844 1370 5898 l7.
1449 5843 1649 5899 "ch-
1684 5858 1745 5910 it,
1772 5842 1826 5898 9.
1904 5843 1944 5872 ³³
1976 5841 2108 5896 Gen.
2155 5855 2235 5902 ill,
2267 5839 2357 5893 22.
2435 5837 2479 5867 ³⁵
2514 5836 2527 5892 i

1100 5886 1102 5898 .
1156 5860 1249 5911 xu,
1291 5844 1370 5898 l7.
1449 5843 1649 5899 "Gen.
1684 5842 1826 5910 tI,9.
1904 5843 1944 5872 ³³
1976 5841 2108 5896 Gen.
2155 5855 2235 5902 nt,
2267 5839 2357 5893 22.
2435 5837 2479 5867 ³³
2514 5834 2643 5892 ibid.
2687 5832 2762 5886 lii.
