4208 6432
148 333 251 398 ξιοΟ

1282 341 1380 400 DE
1424 338 1823 400 PARADISO.
1867 364 1937 375 -
1972 339 2166 400 PARS
2206 338 2258 401 ῐ.

3295 336 3413 402 510

147 460 321 504 tuum.
358 448 463 503 Pro
498 449 835 505 cohortando
873 450 1036 520 igitur
1090 451 1299 505 Adamo
1325 452 1389 505 ad
1421 453 1725 521 obsequen-
1756 460 1797 515 Α
1831 451 2077 516 duraret,
2122 452 2225 505 hac
2274 456 2488 520 gustata
2546 446 2800 504 evaderet
2845 446 3212 503 immortalis?
3246 449 3412 516 Igitur

145 543 272 597 dum
330 544 453 609 legi,
516 553 708 596 vocata
751 545 859 597 est'
892 543 1051 597 arbor
1080 569 1084 579 ι
1116 544 1205 597 illa
1259 544 1383 599 vita:
1431 546 1613 607 arbor,
1676 555 1735 597 ut

146 644 410 703 quantum
441 636 630 689 mortis
672 635 889 689 nomine
927 650 956 687 a
986 636 1296 689 rebellando
1317 637 1688 690 aleterrcretur
1715 676 1730 699 ,

151 732 367 776 tantum
400 719 523 777 vitae
553 724 817 777 vocabulo
859 722 925 777 ad
978 724 1277 792 parendum
1333 724 1730 790 impelleretur;

155 830 336 883 eaque
374 817 547 885 gratia
594 817 874 885 premium
930 831 1148 886 quoque
1191 816 1345 885 plane
1396 808 1477 869 ex'
1505 818 1732 868 adverso

149 923 326 977 [10:09:
368 909 743 978 responderet,
776 920 830 963 et
865 910 971 964 vita
1018 911 1199 963 morti.
1230 909 1376 961 Hauc
1409 908 1728 985 sententiam

145 1001 339 1070 probat
368 1003 530 1055 etiam
563 1003 720 1057 divus
766 1005 1020 1063 Severus,
1052 1005 1297 1064 oratione
1353 1004 1442 1064 35,
1468 1002 1559 1071 ,de
1612 998 1729 1069 'epi-

147 1094 391 1158 thronio,
426 1094 517 1148 ubi
545 1095 613 1149 de
646 1110 807 1150 cruce
854 1096 1053 1151 Christi
1110 1096 1338 1163 loquens
1391 1095 1464 1147 ait
1500 1110 1513 1144 :
1548 1094 1729 1146 Altera

145 1200 276 1239 vero
306 1186 399 1238 illa
425 1185 567 1251 (vitae
594 1186 841 1238 arborem
878 1185 1022 1254 dico)
1060 1184 1285 1254 gloriam
1323 1184 1450 1236 Adae
1487 1181 1729 1250 paritura

144 1285 280 1339 erat,
316 1276 423 1330 nisi
494 1277 581 1330 ille
647 1276 1011 1343 intempestivi
1057 1275 1314 1344 cupidine
1384 1274 1489 1327 eihi
1530 1274 1725 1335 victus,

149 1382 255 1420 non
292 1369 568 1436 paruisset
606 1369 805 1423 edicto.
835 1378 940 1422 etc.
977 1368 1047 1422 At
1078 1369 1222 1421 enim
1261 1376 1475 1451 α(ιιιξνιιρι
1507 1364 1727 1432 aliquis,

147 1474 246 1513 cur
281 1474 392 1513 non
432 1459 615 1529 potius
645 1474 893 1529 regnum,
930 1470 1023 1536 aut
1060 1460 1371 1527 incorrupta
1418 1454 1728 1510 immutabi-

146 1552 323 1621 lisque
354 1552 598 1609 conditio
648 1554 771 1606 vitae
796 1554 1060 1623 promissa
1092 1553 1163 1607 sit
1186 1553 1334 1616 Adae,
1361 1550 1404 1605 si
1443 1548 1582 1603 foret
1612 1562 1728 1600 mo-

147 1647 385 1714 rigerus.
416 1645 519 1698 Sed
555 1645 948 1712 respondemus
1003 1660 1260 1714 capacem
1296 1644 1442 1737 illum
1481 1642 1728 1712 perfectae.

147 1733 479 1811 disciplinae,
511 1735 673 1786 simul
706 1743 867 1803 atque
893 1735 1143 1788 conditus
1172 1743 1304 1798 erat,
1337 1727 1458 1788 esse
1492 1727 1727 1799 nonpo-

149 1826 317 1879 tuisse
359 1826 501 1903 (Δι’).¹
539 1823 593 1879 Si
625 1826 768 1879 enim
805 1835 935 1903 post.
957 1826 1260 1880 universam
1308 1825 1459 1901 illam
1510 1818 1643 1895 legis
1683 1834 1735 1879 et

147 1898 537 1983 prophetarum
568 1916 894 1981 doctrinam,
922 1898 1234 1970 Judaeorum
1270 1900 1489 1985 quidam
1517 1918 1570 1970 in
1599 1916 1736 1971 Sad-

147 2006 490 2071 duca'orum,
519 2014 579 2060 ut
610 2002 1081 2087 vocanthsectam
1120 2008 1356 2077 prolapsi
1380 2021 1537 2085 sunt,
1584 2017 1734 2062 mor-

149 2104 490 2167 tuorumque
543 2085 1003 2154 resurrectionem
1053 2109 1107 2167 et
1152 2085 1256 2153 alia
1300 2114 1433 2154 sana
1482 2101 1734 2170 dogmata

148 2199 417 2257 negarunt
475 2207 489 2243 :
570 2201 778 2271 quanto
839 2191 1015 2271 magis
1082 2193 1504 2246 existimandum
1575 2191 1745 2271 fuerit

148 2282 442 2345 Adamum,
472 2282 525 2334 in
556 2282 674 2351 ipso
707 2259 893 2337 statim
920 2284 1215 2338 creationis
1247 2299 1357 2339 suae
1393 2284 1730 2350 rudimento,

150 2372 468 2437 incapacem
500 2372 668 2427 fuisse
714 2373 981 2443 absoluta:
1010 2365 1447 2447 illiusldoctrinaa
1470 2392 1574 2446 qua
1609 2356 1735 2444 per;

150 2465 375 2519 suaderi
438 2465 741 2533 quivisset,
791 2482 1025 2521 manere.
1062 2468 1277 2539 aliquod
1312 2464 1547 2523 sublime
1598 2483 1740 2537 praes

149 2558 318 2611 miqu
372 2573 469 2612 eos
516 2544 831 2633 qui'Deuin
900 2570 1185 2625 amarent,
1236 2572 1736 2631 przeceptorumque

152 2650 275 2717 ejus
328 2650 689 2705 observantes
741 2639 999 2714 essent;.'
1024 2653 1200 2722 ipsum
1238 2667 1470 2722 .nempc.
1511 2655 1738 2709 ‘emleste

150 2728 426 2811 regnum?
495 2741 749 2798 Profecto
799 2745 1022 2799 uttilios
1073 2754 1290 2799 nostros
1329 2760 1466 2813 quos
1511 2746 1738 2800 tenellos

152 2834 217 2888 ad
272 2835 463 2888 ludum
513 2836 839 2909 litterarium
906 2837 1173 2890 mittimus
1223 2835 1576 2901 erudiendos,
1610 2824 1738 2905 quia

153 2926 373 2995 ingenio
416 2926 596 2980 adhuc
619 2928 747 2982 'rudi
781 2937 929 2993 sunt,
963 2936 1017 2982 et
1048 2920 1294 2982 non'dutn‘
1322 2929 1605 2992 absoluto;
1629 2946 1736 2984 nctt

154 3018 538 3088 hujuscemodi
598 3021 775 3074 verbis
814 3022 1245 3089 prosequimur:
1282 3021 1320 3084 l,
1383 3020 1449 3075 da
1504 3036 1736 3089 operam

154 3112 377 3177 litteris,
403 3122 484 3186 tut
540 3112 593 3165 in
626 3108 800 3166 virum
834 3114 1151 3185 prudentem
1199 3123 1361 3187 atque
1393 3113 1611 3187 doctiun
1636 3106 1659 3179 ,λ
1685 3125 1738 3169 et

154 3206 501 3276 popularium
549 3194 768 3260 tuorum
824 3211 1109 3275 primatem
1149 3208 1347 3262 evadas
1376 3226 1389 3261 :
1418 3209 1511 3261 sed
1571 3208 1735 3262 meris

153 3300 449 3354 blanditiis
475 3301 540 3352 ad
593 3300 1050 3369 frequentandum
1107 3301 1289 3355 ludum
1344 3301 1737 3369 tliscetidastjuc

156 3392 369 3447 litteras
424 3392 821 3467 ‘coburtamur,
878 3402 929 3446 et
1004 3393 1313 3446 inducimus
1352 3411 1366 3446 :
1401 3395 1472 3447 ita
1533 3394 1739 3447 Adamn

157 3500 373 3555 quoque
438 3484 603 3548 Deus,
640 3481 890 3541 reccns‘a
918 3502 974 3541 se
999 3487 1242 3541 conditio
1276 3488 1445 3556 legem
1496 3488 1739 3556 praescri-

157 3578 338 3638 bebat,
376 3591 476 3643 per
505 3592 668 3645 quam
710 3592 768 3630 se
812 3578 1045 3632 revereri
1092 3579 1352 3641 disceret,
1384 3580 1612 3647 eamque.
1660 3579 1737 3633 le-

158 3684 271 3738 gem
301 3669 349 3722 si
386 3667 707 3731 transiliret,
735 3680 961 3722 mortem
995 3669 1349 3724 denuntiabat
1377 3688 1388 3723 :
1429 3672 1509 3725 sin
1552 3671 1751 3725 obser-

157 3769 342 3825 taret,
394 3762 790 3815 concessurum
833 3776 893 3815 se
936 3763 1038 3831 ipsi
1082 3765 1437 3830 promittebat
1484 3764 1734 3817 arborem

156 3852 299 3913 vitae,
331 3850 399 3902 de
432 3865 538 3918 qua
569 3850 657 3902 ubi
688 3858 981 3917 gustasset,
1008 3850 1235 3919 adeptus
1256 3849 1734 3905 immortalitatem

156 3942 404 3996 victurus
449 3950 592 3995 esset
636 3941 798 3994 vitam
842 3930 1249 4010 sempiternam.
1283 3920 1399 3996 Non
1439 3956 1570 4017 ergo
1614 3942 1736 3996 rudi

158 4039 339 4093 adhuc
368 4049 423 4092 et
454 4037 671 4091 indocili
708 4036 914 4090 homini
945 4036 1194 4091 dicebat?
1230 4036 1613 4118 Daturus.sum
1641 4028 1734 4091 tibi

153 4130 403 4199 jussibus
457 4127 588 4181 meis
634 4129 843 4195 parenti
885 4126 1106 4181 caeleste
1152 4141 1418 4194 regnum;
1453 4125 1547 4180 sed
1578 4126 1739 4178 arbo-

157 4236 266 4273 rem
304 4218 477 4270 Vclull
512 4217 683 4285 digito
705 4217 1025 4293 ostendebat
1060 4230 1274 4271 amunia
1314 4202 1495 4285 specie
1532 4215 1739 4284 appeti-

159 4317 343 4379 bilem,
376 4313 671 4382 fructuque
705 4323 974 4380 comptam
1013 4327 1137 4374 suo,
1201 4328 1389 4388 quam“
1419 4314 1541 4367 vita:
1574 4312 1735 4365 arbo-

160 4422 269 4461 rem
310 4405 566 4468 vocabat,
597 4404 977 4487 morigeroque
1011 4403 1085 4458 illi
1118 4404 1461 4472 promittebat
1510 4402 1625 4458 fore
1680 4410 1738 4456 ut

1835 559 1897 595 ex
1937 544 2015 598 iis.
2052 560 2172 613 qua-
2211 542 2321 609 jam
2375 542 2515 596 dicta
2564 548 2712 603 sunt,
2751 541 2957 594 clarum
2987 548 3103 605 est,
3140 540 3262 594 ideo
3290 541 3415 595 vita:

1836 649 2028 688 nomen
2071 650 2100 687 a
2134 631 2242 686 Deo
2293 631 2474 685 arbori
2526 632 2756 696 illicsse
2803 633 3055 695 inditum,
3088 641 3145 685 ut
3192 645 3259 685 eo
3306 647 3413 684 non

1835 704 2019 779 minus
2046 722 2313 799 Adamnm
2337 723 2403 777 ad
2434 710 2828 800 observandam
2854 722 2968 792 jam
3014 734 3126 776 tum
3165 724 3414 794 praeseri-

1833 826 1979 887 ptam
2009 820 2124 871 a'se
2159 818 2329 884 legem
2363 816 2631 869 animaret
2662 828 2824 885 atque
2847 831 3177 885 propensum
3216 818 3412 872 redde-

1832 919 1936 967 ret,
1995 905 2158 976 quam
2193 907 2352 974 paulo
2397 917 2521 961 ante
2565 906 2758 959 mortis
2799 907 3073 961 nomines
3106 908 3415 962 rebellando

1831 1000 2185 1053 deterruerat.
2202 980 2451 1057 'Sethaec
2474 1000 2541 1053 de
2570 999 2809 1053 nominis
2836 1002 3051 1053 ratione
3074 1000 3209 1053 satis
3231 1008 3416 1055 sunto.

1834 1090 2185 1161 Quod'pouro
2215 1099 2404 1155 restat,
2437 1091 2598 1158 cujus
2644 1106 2705 1145 ea
2756 1091 2919 1143 arbor
2963 1092 3177 1156 generis
3232 1092 3417 1152 fuerit.

1833 1185 2101 1239 neminem
2158 1184 2339 1238 adhuc
2392 1184 2673 1240 doctorum
2742 1183 2988 1236 omnium
3037 1183 3266 1253 legimus
3320 1185 3413 1253 qui

1831 1278 2009 1348 qualis
2059 1277 2234 1349 reipsa
2289 1285 2453 1345 atque
2503 1276 2635 1330 adeo
2691 1275 2938 1343 corporis
2986 1274 3172 1329 habitu
3223 1273 3407 1336 fuerit,

1829 1369 2156 1439 explicarit;
2200 1383 2322 1420 nam
2351 1368 2442 1437 qui
2492 1367 2718 1436 mystice
2754 1367 3242 1434 interpretarentur
3268 1364 3421 1416 inve-

1838 1462 2021 1515 nimus
2050 1459 2381 1527 complures,
2414 1466 2468 1511 et
2501 1472 2601 1511 nos
2631 1470 2846 1526 quoque
2880 1454 2989 1510 Deo
3022 1454 3169 1520 freti,
3199 1454 3420 1524 quando

1829 1553 1883 1607 in
1921 1536 2100 1621 cperis
2132 1548 2290 1618 hujus
2344 1562 2633 1617 progressu
2677 1545 2991 1617 paradisum
3044 1547 3281 1612 ﬁgurare
3324 1550 3420 1600 ex-

1831 1644 2153 1715 plieabinms
2180 1681 2197 1705 ,
2229 1656 2291 1696 ea
2312 1655 2444 1710 ﬁqua:
2473 1639 2538 1693 ad
2573 1654 2774 1715 arcana
2807 1637 2970 1707 hujus
3004 1633 3238 1690 arboris
3260 1651 3420 1691 sensa

1838 1737 2126 1804 spectant,
2161 1747 2516 1802 exponemus.
2555 1716 2789 1799 lngeuue
2825 1731 2990 1799 igitur
3020 1731 3255 1784 fatemur
3283 1743 3422 1782 non-

1767 1806 1809 1875 Β
1838 1830 1965 1883 dum
1999 1827 2255 1883 didicisse
2291 1841 2398 1880 nos
2428 1824 2733 1893 qualisnam
2767 1822 2930 1875 arbor
2964 1821 3125 1876 fuerit
3151 1836 3271 1890 qua:
3299 1821 3423 1875 vita:

1831 1921 2168 1983 vocabatur,
2222 1917 2441 1971 interim
2498 1923 2845 1984 corporatam
2896 1927 3083 1968 revera
3145 1912 3421 1969 exstitisse

1836 2022 1986 2069 certo
2046 2011 2291 2081 persuasi
2357 2026 2587 2075 sumus,
2640 2008 2930 2079 ipsumque
2976 2006 3304 2061 vocabulum
3357 2021 3421 2060 ex

1846 2105 2145 2161 ereationis
2200 2103 2339 2158 libro
2394 2091 2751 2163 didiscimus,
2802 2098 2946 2168 quod
2998 2113 3096 2168 pro
3148 2096 3423 2151 incitando

1834 2198 2044 2252 Adamo
2077 2197 2141 2250 ad
2173 2176 2545 2250 obedientiam
2568 2194 2756 2246 datum
2790 2192 2863 2244 illi
2899 2190 3155 2259 essejam
3190 2189 3422 2243 deumn-

1836 2266 2130 2346 stt'avimus
2166 2308 2179 2344 :
2215 2304 2400 2343 verum
2433 2287 2667 2358 speciem
2694 2272 2894 2353 ipsam,
2914 2292 2966 2336 et
2997 2282 3208 2336 fructus
3234 2284 3423 2350 quales

1797 2413 1803 2422 -
1837 2382 2075 2443 fuerint,
2137 2381 2447 2451 quibusque
2472 2389 2688 2447 compta
2739 2376 2902 2431 fuerit
2940 2374 3247 2437 frondibus,
3281 2389 3421 2427 non-

1806 2477 1970 2543 ,‘dum
2004 2472 2265 2528 discendo
2301 2487 2488 2526 sumus
2518 2470 2773 2525 assecuti.
2979 2476 2983 2481 ’

2411 2560 2641 2617 CAPUT
2699 2560 2839 2616 XXI.

1911 2656 1987 2711 De
2012 2657 2171 2726 ﬂuvio
2216 2656 2307 2726 qui
2360 2656 2673 2723 paradisum
2724 2652 2956 2722 rigabat,
2997 2660 3048 2705 et
3081 2652 3147 2704 de
3193 2658 3423 2721 quatuor

1839 2749 2013 2819 ﬂuviis
2034 2750 2123 2818 qui
2156 2763 2221 2801 ea:
2257 2747 2353 2801 illo
2388 2746 2794 2798 diducebantur.
2853 2773 2923 2784 —
2983 2744 3156 2797 Porro
3208 2744 3275 2797 de
3310 2742 3414 2796 llu-

1840 2837 2180 2906 minenquod
2243 2835 2553 2905 paradisum
2621 2835 2829 2902 irrigat,
2880 2835 2993 2889 haec
3025 2837 3224 2903 scripta
3258 2837 3416 2888 nobis

1796 2995 1807 3004 ς
1841 2930 2062 2998 reliquit
2115 2930 2270 2983 divus
2324 2928 2545 2983 Moses:
2593 2928 2656 2981 Et
2699 2931 2892 2998 ﬂumen
2945 2927 3302 2997 egrediebatur
3348 2942 3414 2979 ex

1849 3022 1994 3075 Eden
2022 3009 2091 3074 ad
2118 3020 2450 3089 irrigaudum
2478 3020 2812 3088 paradisum,
2848 3030 3005 3088 atque
3035 3020 3156 3072 inde
3185 3019 3415 3073 divisum

1843 3115 2005 3193 evasit
2039 3114 2093 3165 in
2120 3121 2351 3182 quatuor
2380 3113 2635 3181 capita".
2676 3110 2769 3166 Est
2818 3121 3000 3166 autem
3036 3127 3065 3165 a
3116 3111 3272 3165 nobis
3301 3112 3414 3179 jam

1840 3208 2045 3261 dictum
2095 3207 2271 3272 capite
2304 3205 2387 3258 l6.
2420 3206 2564 3259 Eden
2627 3220 2750 3258 esse
2780 3205 3056 3273 regionem
3086 3206 3410 3272 spatiosum,

1810 3298 2099 3375 “amplam,
2128 3311 2421 3359 amoenam,
2450 3297 2677 3351 variam.
2710 3295 3030 3350 Paradisam
3079 3310 3211 3350 vero
3235 3296 3414 3349 locum

1840 3409 1982 3456 esse,
2017 3392 2282 3461 pulchris,
2318 3389 2638 3453 fructuosis,
2672 3391 3086 3459 praastantibus,
3122 3390 3411 3444 laudabili-

1838 3485 2047 3552 busque
2074 3483 2385 3543 arboribus,
2418 3498 2527 3551 pra:
2563 3483 2844 3549 quibusvis
2881 3482 3003 3536 aliis
3041 3482 3094 3534 in
3122 3491 3228 3535 tota
3264 3482 3411 3535 Eden

1839 3577 1975 3631 locis
2006 3585 2257 3629 ornatum
2301 3594 2314 3628 :
2351 3575 2674 3629 l’aradisum
2705 3574 2850 3628 enim
2876 3574 2994 3641 ejus
3022 3574 3260 3643 regionis
3293 3590 3415 3643 quae

1839 3667 1986 3721 Eden
2016 3668 2237 3729 dicittir,
2274 3678 2509 3749 partemr
2533 3682 2655 3721 esse
2707 3667 3015 3746 inter'alias
3044 3683 3235 3722 omnes
3269 3683 3414 3737 prte-

1839 3762 2255 3823 stantissimam,
2317 3758 2829 3826 laudabilissimam,
2890 3770 3056 3830 atque
3106 3761 3412 3815 cultoribus

1840 3856 1957 3910 suis
2008 3853 2529 3923 commodissimam.
2598 3851 2764 3921 Igitur
2829 3854 2958 3906 illud
2989 3851 3192 3905 ﬂutnen
3228 3868 3419 3907 revera

1834 3928 2052 4016 ingens,
2083 3944 2344 4013 amplum,
2379 3946 2684 4013 copiosum,
2714 3946 2946 4015 insigne,
2990 3960 3053 3999 ex
3092 3954 3232 4000 terra
3266 3946 3413 3999 Eden

1787 4110 1793 4117 .
1839 4040 2337 4117 scaturiens'atque
2395 4053 2743 4107 promanans,
2790 4038 2843 4091 in
2890 4030 3126 4119 medium
3172 4046 3420 4108 penetrat

1839 4130 2473 4209 paradisumheut‘nque‘
2509 4129 2826 4183 universum
2889 4132 3113 4209 irrigat;
3148 4146 3258 4200 quo
3296 4146 3419 4200 pet-

1810 4221 1972 4293 -luto,
2010 4221 2247 4275 tinditur'
2285 4223 2337 4275 in
2387 4231 2624 4290 quatuor
2658 4215 2879 4276 'deinde
2936 4224 3152 4285 tlurios,
3190 4233 3242 4278 et
3267 4224 3422 4294 ipsos

1838 4314 2217 4385 grandes,_qui
2248 4313 2327 4367 tab
2377 4314 2469 4367 illo
2504 4314 2735 4375 diducti,
2801 4315 2963 4370 simul
2996 4325 3162 4383 atque
3206 4317 3422 4382 paradi-

1839 4423 1960 4463 sum
1992 4406 2287 4476 reliquere,
2322 4408 2425 4461 sub
2478 4407 2595 4476 ipsa
2657 4407 3239 4496 maris'Oceaui'vada
3270 4409 3421 4462 dela-

159 4513 214 4551 ca
265 4505 589 4550 vesceretur
626 4494 703 4549 et‘
730 4478 982 4550 evaderet
1027 4496 1373 4550 immortalis.
1417 4493 1604 4565 Neque
1651 4504 1737 4550 est
1769 4498 1812 4553 υ
1843 4494 2073 4562 ιωῂῑυιιςς
2109 4506 2271 4566 atque
2302 4497 2425 4550 inde
2450 4484 2641 4570 rursus
2686 4499 2739 4550 in
2768 4498 2916 4552 baca
2967 4478 3126 4575 nobis
3179 4498 3417 4553 habitata
3491 4488 3495 4493 ’

158 4588 299 4657 quod
350 4587 479 4656 quis
531 4587 646 4640 Ita’c
694 4587 919 4640 miretur
954 4587 1005 4640 in
1041 4589 1284 4653 Adamo,
1335 4589 1554 4656 quando
1604 4587 1785 4658 ipsis"

158 4680 319 4735 etiam
355 4676 566 4732 Judaeis
594 4688 715 4746 past
743 4678 1033 4732 omnilaria
1085 4681 1217 4749 legis
1260 4689 1523 4748 praecepta
1573 4692 1735 4750 atque

161 4772 412 4826 instituta
452 4809 469 4833 ,
505 4785 610 4822 non
650 4770 873 4825 emleste
906 4786 1129 4839 regnum
1178 4787 1207 4825 a
1250 4770 1360 4825 Deo
1394 4753 1733 4841 promissum

164 4865 337 4929 est,si
388 4864 552 4917 dictis
607 4864 726 4932 ejus
766 4863 1222 4927 obsecundarent,
1263 4865 1355 4919 sed
1404 4874 1545 4918 terra
1601 4865 1739 4918 lacte

164 4955 429 5023 ntelleque
473 4952 803 5035 alliuens,‘ct
837 4954 1091 5007 arborum
1134 4948 1519 5025 fructuumque
1563 4942 1739 5020 ferax,

166 5049 355 5115 quales
385 5057 516 5100 sunt
553 5047 676 5099 mali
717 5033 953 5115 punicae,
983 5033 1149 5113 oleae,
1201 5049 1429 5118 palmae,
1462 5060 1565 5121 etc,
1599 5049 1740 5116 Quid

165 5140 331 5207 igitur
387 5139 610 5219 mirum;
645 5139 690 5193 si
742 5126 973 5205 Adamd,
1024 5142 1111 5195 cui
1161 5157 1335 5210 nuper
1382 5144 1519 5198 adeo
1574 5145 1742 5212 legem

165 5231 547 5300 imposuerat,
579 5231 792 5284 edulem
826 5232 1075 5288 arborem
1110 5235 1384 5300 ostendit,
1410 5252 1573 5305 quam
1622 5239 1744 5293 vitae

165 5323 479 5391 appellarit,
507 5338 568 5377 ea
598 5323 960 5392 promissione
986 5326 1216 5396 adjecta,
1242 5336 1300 5382 ut
1331 5327 1375 5383 si
1408 5328 1460 5383 in
1486 5330 1747 5400 obsequio

234 5499 277 5533 ιε
312 5499 450 5552 Gen.
488 5513 547 5556 It,
589 5496 673 5550 ιο.

234 5643 333 5719 μ’)
366 5640 593 5696 Fallitur
615 5641 958 5719 iiut-Cepha.
979 5645 1111 5719 Nam
1140 5662 1262 5700 vera
1293 5647 1559 5719 theologia
1584 5650 1743 5705 ducet

168 5711 437 5765 Adatnttm
489 5712 765 5767 conditum
824 5711 852 5767 ὁ
908 5716 1014 5771 Deo
1069 5718 1120 5771 iu
1182 5728 1324 5772 statu
1378 5711 1737 5785 perfecturum

164 5788 516 5838 scientiarum
552 5796 604 5839 et
642 5787 1036 5851 regnitionutn,
1068 5796 1175 5842 tam
1214 5790 1542 5845 naturalium
1577 5807 1739 5861 quant

1816 4574 2323 4679 ‘emergdntterra.
2362 4587 2550 4657 Neque
2579 4584 2853 4664 veroluee
2910 4576 3066 4645 nobis
3127 4592 3418 4661 ipsitingi-

1847 4698 1981 4767 ntus,
2013 4682 2108 4737 sed
2137 4679 2400 4757 tanquam
2434 4681 2600 4757 Musis
2634 4684 2907 4757 prropltetre
2954 4682 3131 4762 verbis
3182 4700 3417 4738 consen-

1844 4765 2004 4830 tanea
2043 4765 2500 4857 ‘pronun’tiamus,
2533 4791 2654 4844 quae
2710 4787 2931 4830 sancto'
2958 4775 3161 4846 Spiritu
3197 4787 3419 4831 auctore

1814 4886 1815 4893 ‘
1847 4869 2050 4938 scripta
2084 4864 2229 4922 sunt.
2262 4866 2397 4921 Nam
2429 4869 2627 4922 ﬂumen
2661 4869 2793 4923 illud
2827 4885 2892 4923 ex
2919 4919 2932 4932 ,
2956 4879 3098 4924 terra
3126 4869 3272 4924 Eden
3308 4871 3415 4925 ori-

1848 4962 2026 5030 ginem
2056 4938 2274 5025 ducere,
2305 4971 2468 5030 atque
2497 4956 2769 5030 p’rolluere
2812 4962 2897 5017 his
2929 4964 3110 5017 verbis
3141 4962 3415 5017 afﬁrmat:

1849 5050 2071 5106 Flumen
2104 5041 2469 5123 egrediebatur
2525 5069 2605 5106 exi
2637 5053 2808 5107 Eden.
2841 5053 3054 5109 Rursus
3086 5056 3230 5124 quod
3262 5071 3416 5125 para-

1846 5144 2021 5198 disum
2055 5127 2262 5213 perluat
2282 5155 2445 5215 atque
2470 5146 2681 5215 irriget,
2699 5146 2783 5202 bis
2815 5148 3288 5220 :_Ad.irrigaud_um
3317 5164 3417 5217 pa-

1851 5238 2109 5293 radisum.
2151 5238 2418 5293 Pra-terea
2450 5233 2844 5295 derivationem
2866 5241 3009 5294 illam
3034 5255 3196 5309 quam
3232 5241 3410 5311 ingen-

1851 5335 1929 5381 tes
1956 5324 2151 5382 lluvios
2176 5328 2290 5384 tieri
2314 5328 2576 5395 diximus,
2599 5330 2830 5399 irrigato
2858 5330 2967 5399 jam
2990 5340 3103 5383 tum
3125 5330 3375 5385 paradiso
3400 5347 3414 5397 ;

1851 5655 2375 5723 supernaturalium,
2411 5671 2532 5727 qua:
2574 5656 2869 5727 principem
2903 5665 2954 5707 et
2989 5669 3153 5723 caput
3195 5658 3417 5713 humani

1848 5726 2064 5797 generis
2097 5727 2308 5783 dicebat
2342 5728 2399 5781 S.
2439 5726 2634 5783 Titum.
2667 5745 2678 5783 l
2708 5744 2758 5797 ι».
2794 5746 2848 5797 ιι.
2892 5729 2958 5784 θιι
2990 5740 3093 5783 art.
3126 5729 3180 5782 5.
