4208 6432
792 396 888 456 511
2059 387 2286 450 MOSIS
2324 385 2454 443 ΒΑΕ

2059 387 2286 450 MOSIS
2324 385 2474 443 ΒΑΗ
2514 384 2602 444 CE
2613 385 2759 445 PHA

3937 385 4046 450 512

796 508 910 558 lum:
944 501 1105 558 verba
1141 500 1448 570 signiﬂcant
1481 518 1494 554 :
1531 497 1597 553 Et
1625 499 1770 553 illinc
1794 501 2044 568 finditur,
2094 512 2141 555 et
2189 499 2365 554 evadit
2396 498 2441 553 Α
2473 508 2566 561 per
2596 495 2741 565 quod
2774 493 2971 560 ﬂuunt,
3005 492 3305 559 dulciores,
3339 495 3662 560 amariores,
3699 496 4045 564 insulsiorcs,

792 601 848 652 in
881 597 914 650 ι
937 597 1113 663 capita
1135 611 1154 648 :
1188 593 1419 662 denique
1452 608 1575 646 cum
1603 592 1755 647 addit
1782 593 1964 649 Moses
1993 595 2159 649 unius
2214 595 2362 648 ﬂuvii

794 703 992 742 nomen
1030 701 1148 741 esse
1191 684 1414 750 Phison,
1471 700 1703 753 eumque
1756 687 1991 740 circuire
2055 687 2363 740 universam

796 793 994 834 terram
1023 775 1243 839 llevila;
1300 776 1523 829 alterius
1581 789 1708 828 vero
1742 773 1953 838 Gehou,
1987 776 2077 844 qui
2113 776 2367 844 pervadat

797 879 960 922 totam
1030 866 1304 935 regionem
1362 864 1691 933 Ethiopian;
1732 867 1948 918 tertium
1999 881 2164 934 porro
2198 866 2368 919 Diclat

794 959 1095 1027 appellari,
1156 971 1393 1025 eumque
1461 964 1652 1009 centra
1728 956 1886 1010 Attur
1939 958 2054 1023 ire;
2131 959 2367 1027 denique

793 1060 1048 1120 quartum
1088 1051 1268 1104 vocari
1305 1048 1629 1118 Euphratem
1670 1070 1680 1104 :
1716 1051 1846 1104 satis
1896 1051 2099 1105 indicat
2136 1063 2369 1120 quatuor

793 1159 888 1196 eos
919 1143 1135 1206 ﬂuvios,
1162 1151 1512 1210 posteaquam
1540 1143 1849 1210 paradisum
1884 1144 2241 1212 reliquerunt,
2267 1147 2369 1198 sub

795 1240 993 1282 terram
1021 1229 1292 1296 delapsos,
1327 1231 1540 1282 tandem
1571 1230 1624 1282 in
1674 1231 1778 1284 hoc
1821 1248 1848 1285 a
1882 1234 2039 1288 nobis
2063 1236 2208 1289 culto
2238 1236 2370 1290 orbe

796 1334 1171 1386 prorumpere,
1229 1322 1628 1389 scaturireque.
1692 1320 1765 1375 Ea
1815 1323 2128 1394 igiturquae
2153 1336 2267 1380 tum
2301 1330 2370 1382 de

795 1427 905 1464 uno
933 1413 1025 1464 illo
1065 1412 1312 1477 ﬂumine,
1346 1424 1457 1467 tum
1483 1414 1550 1467 de
1577 1426 1813 1482 quatuor
1843 1418 1966 1472 aliis
1989 1423 2054 1471 ab
2113 1420 2204 1473 illo
2228 1421 2372 1474 deri-

795 1503 933 1556 vatis
965 1503 1201 1557 diximus
1231 1520 1353 1558 cum
1404 1504 1569 1559 Mosis
1597 1506 1768 1560 divini
1813 1509 2050 1563 hominis
2095 1513 2367 1565 sententia

794 1605 1120 1665 congruunt.
1185 1598 1286 1651 Sed
1343 1598 1556 1668 urgebit
1602 1599 1846 1668 aliquis:
1895 1602 1998 1667 Qui
2049 1604 2220 1671 possit
2253 1605 2366 1658 fieri

795 1700 854 1740 ut
882 1696 1114 1756 quatuor
1143 1689 1215 1741 illi
1251 1688 1401 1743 ﬂuvii
1436 1690 1693 1758 paradiso
1720 1694 1926 1760 egressi
1960 1697 2370 1763 przecipitentur

796 1781 897 1833 sub
937 1778 1135 1834 Oceani
1164 1782 1320 1845 vada,
1351 1792 1513 1850 atque
1547 1784 1671 1838 inde
1698 1787 1915 1839 tandem
1973 1788 2024 1840 in
2058 1789 2160 1841 hac
2185 1800 2367 1844 nostra

796 1883 937 1926 terra
969 1875 1301 1941 erumpant?
1342 1875 1476 1930 Huic
1510 1877 1685 1945 primo
1713 1880 2121 1947 respondemus,
2154 1897 2214 1936 ea
2247 1900 2370 1953 qua:

796 1981 826 2020 a
858 1967 1015 2021 nobis
1053 1967 1164 2023 ﬂeri
1192 1983 1297 2022 non
1329 1983 1490 2036 posse
1538 1969 1940 2035 existimantur,
2007 1973 2186 2028 facilia
2249 1993 2370 2032 esse

2468 588 2722 644 salsiores
2779 589 3032 652 evadunt,
3091 604 3188 644 cur
3239 604 3347 643 non
3409 590 3848 647 existimabimus
3918 593 4046 649 illos

2467 696 2683 751 quoque
2710 682 2902 738 ﬂuvios
2935 683 3198 753 tantisper
3244 684 3374 738 dum
3435 699 3532 752 per
3579 684 3955 739 beatissimum
3982 702 4049 741 ac

2471 775 2855 830 felicissimum
2892 777 3068 831 locum
3119 776 3434 845 paradisum
3487 776 3706 843 ﬂuunt,
3751 778 4046 846 jucundis-

2469 869 2606 924 simo
2641 878 2806 938 atque
2850 870 3178 924 suavissimo
3214 885 3407 939 sapore
3438 885 3562 925 esse
3593 889 3605 936 ;
3671 873 3722 924 iu
3759 872 3863 924 hoc
3908 888 4044 925 vero

2470 960 2829 1015 exsecrabilis
2864 969 3064 1014 nostra:
3095 969 3272 1014 tractu
3303 970 3460 1015 terrm
3501 963 3566 1015 de
3622 962 3710 1016 illa
3767 966 4045 1018 suavitate

2469 1053 2764 1120 plurimum
2793 1053 3107 1107 remittere?
3143 1053 3308 1107 Porro
3329 1056 3516 1109 beatus
3542 1056 3720 1110 Moses
3743 1066 3795 1109 et
3823 1060 4048 1112 nomina

2471 1146 2685 1199 illorum
2718 1155 2952 1214 quatuor
2990 1145 3303 1207 ﬂuviorum,
3328 1155 3382 1199 et
3423 1147 3537 1199 loca
3571 1163 3666 1214 per
3699 1165 3818 1216 qua}
3855 1149 4048 1202 ferun-

2472 1245 2578 1300 tur,
2635 1238 2852 1306 aliaque
2909 1238 3098 1291 eodem
3135 1239 3437 1306 spectantia
3492 1239 3693 1292 diserte
3725 1242 4046 1307 explicavit,

2472 1338 2531 1382 ut
2565 1344 2684 1396 quae
2719 1329 2808 1381 illa
2839 1338 2997 1382 aetate
3053 1344 3159 1381 non
3225 1330 3402 1397 ignota
3469 1340 3651 1383 eSSeul
3680 1349 3692 1383 :
3737 1331 3812 1382 ait
3847 1332 3996 1384 enim
4033 1351 4045 1384 :

2475 1417 2679 1473 Nomen
2743 1421 2902 1472 unius
2976 1417 3206 1483 Phison,
3264 1421 3353 1489 qui
3400 1420 3692 1488 perlabitur
3740 1423 4044 1474 universam

2474 1522 2668 1568 terram
2724 1511 2949 1576 Havilre,
3022 1513 3130 1564 illic
3180 1523 3256 1564 eu
3304 1529 3517 1574 aurum,
3573 1524 3620 1565 et
3669 1515 3780 1577 ejus
3812 1515 4046 1582 regionis

2473 1619 2660 1655 aurum
2728 1612 2986 1670 pra'stans
3048 1610 3164 1662 est;
3219 1600 3329 1651 illic
3406 1599 3689 1661 Bedolarh,
3733 1616 4048 1668 genuumque

2472 1693 2659 1747 Berilli
2685 1713 2704 1757 ;
2735 1694 2890 1761 quasi
2923 1693 3106 1746 dicat:
3145 1690 3299 1745 Unus
3335 1691 3549 1743 illorum
3578 1701 3816 1758 quatuor
3847 1690 4046 1744 ﬂuvio-

2475 1801 2596 1839 rum
2681 1784 2884 1838 Phison
2923 1785 2999 1853 (5)
3069 1795 3314 1848 vocatur,
3347 1785 3438 1850 qui
3491 1783 3581 1836 ubi
3620 1783 3686 1835 ab
3719 1783 3918 1851 ingenti
3955 1783 4044 1837 illc

2473 1873 2691 1926 ﬂumine
2724 1873 2955 1926 medium
2991 1871 3269 1938 perluente
3294 1871 3600 1940 paradisum
3631 1869 3907 1922 derivatus
3939 1879 4043 1930 est,

2472 1967 2712 2036 atquein
2751 1976 2948 2019 terram
2985 1965 3086 2018 sub
3127 1964 3329 2016 (lceani
3358 1964 3489 2015 vade
3543 1977 3600 2015 se
3639 1962 3859 2028 recepit,
3915 1976 4044 2011 rur-

798 2063 906 2112 Deo
938 2078 951 2113 :
993 2061 1140 2112 illum
1174 2075 1300 2113 vero
1329 2075 1490 2129 quem
1531 2061 1770 2116 diximus
1803 2077 2042 2132 quatuor
2080 2067 2366 2122 ﬂuviorum

794 2166 1034 2215 cursum,
1067 2160 1231 2220 atque
1254 2154 1371 2222 ejus
1405 2154 1617 2220 generis
1642 2155 1767 2218 alia,
1794 2157 2034 2210 divinum
2067 2174 2189 2212 esse
2209 2176 2365 2228 opus,

796 2251 904 2288 non
973 2239 1292 2293 humanum.
1372 2240 1575 2295 Deinde
1642 2244 1743 2296 hoc
1797 2261 2014 2315 quoque
2047 2243 2364 2316 responsum

795 2330 1067 2393 volumus,
1095 2332 1410 2399 paradisum
1446 2335 1618 2388 multo
1646 2337 1964 2392 sublimiore
1992 2343 2226 2407 positum
2251 2360 2367 2400 esse

798 2420 1037 2490 regione,
1068 2431 1230 2491 atque
1262 2423 1375 2478 haec
1411 2435 1597 2479 nostra
1651 2439 1822 2482 exstet
1846 2437 2025 2496 terra;
2052 2448 2226 2502 eoque
2253 2438 2365 2491 fieri

795 2513 1028 2566 utillinc
1077 2529 1170 2581 per
1220 2515 1584 2582 praecipitium
1649 2519 1972 2574 delabantur
2030 2523 2175 2577 ﬂuvii
2219 2537 2367 2582 tanto

795 2619 917 2657 cum
942 2605 1164 2672 impetu,
1193 2617 1458 2675 quantum
1488 2609 1672 2665 verbis
1695 2612 2000 2680 exprimere
2026 2631 2130 2669 non
2165 2621 2362 2686 possis,

795 2711 969 2763 coque
996 2697 1194 2764 impetu
1240 2699 1480 2766 impulsi,
1512 2703 1792 2771 pressique
1838 2707 1938 2758 sub
1982 2711 2170 2761 oceani
2230 2713 2364 2765 vada

798 2786 1096 2853 rapiantur,
1157 2788 1301 2841 unde
1366 2806 1556 2858 rursus
1585 2794 1869 2859 prosiliant
1901 2797 2283 2868 ebulliantque
2313 2802 2365 2854 in

799 2879 898 2928 hoc
929 2891 958 2930 a
993 2877 1148 2931 nobis
1178 2880 1327 2932 culto
1358 2882 1510 2934 orbe.
1537 2881 1672 2936 Nam
1698 2885 1790 2952 qui
1849 2901 2020 2954 aquas
2056 2891 2106 2941 in
2131 2893 2364 2948 sublime

2471 2076 2562 2115 sus
2588 2060 2818 2126 prosilit,
2849 2059 3065 2120 emicat,
3099 2055 3435 2122 scaturilque
3487 2055 3541 2107 in
3576 2052 3814 2107 Occidua
3858 2052 4047 2105 mundi

2472 2152 2710 2220 regione,
2744 2151 2887 2203 unde
2917 2147 3404 2216 Scptentriunalezn
3464 2158 3673 2211 petens,
3737 2154 3904 2197 Imam
3965 2141 4051 2194 Ιιι-

2468 2244 2659 2296 dorum
2690 2242 2946 2294 ditionem
3010 2239 3158 2292 alluit
3207 2239 3343 2304 (ilch
3389 2237 3533 2290 enim
3580 2234 3779 2287 llavila:
3827 2232 4054 2284 nomine

2472 2334 2854 2405 significatur),
2915 2348 2978 2386 ac
3032 2331 3249 2385 tandem
3307 2330 3358 2382 in
3417 2343 3564 2382 mare
3592 2327 3808 2380 desinit.
3863 2325 4050 2378 Graece

2472 2425 2669 2478 Phison
2739 2422 2944 2476 Diiobis
3008 2431 3252 2475 vocatur.
3320 2417 3526 2472 Ferunt
3589 2428 3767 2470 autem
3814 2418 4050 2484 pleram-

2469 2531 2575 2585 que
2616 2516 2747 2584 ripae
2800 2515 2962 2581 hujus
3006 2514 3153 2566 ﬂuvii
3200 2527 3421 2566 arenam
3480 2518 3645 2578 atque
3698 2509 3857 2561 etiam
3909 2508 4050 2559 alvei

2469 2616 2760 2676 priestante
2783 2621 2917 2659 auro
2949 2603 3562 2673 abundare,etgemtnis
3588 2602 3840 2670 pretiosis
3871 2617 3882 2662 ;
3922 2616 4049 2651 nam

2467 2715 2570 2752 vox
2603 2699 2848 2759 l-lebma,
2884 2698 3136 2758 Bedolah,
3158 2698 3482 2765 margaritas
3512 2693 3800 2761 significat.
3838 2691 4050 2746 Secun-

2472 2790 2521 2842 di
2551 2789 2695 2841 ﬂuvii
2731 2802 2927 2840 nomen
2977 2795 3059 2839 est
3087 2786 3298 2840 Gelion.
3338 2786 3389 2839 ls
3437 2793 3686 2853 peragrat
3736 2785 4050 2836 univers:.m

2474 2890 2673 2935 terram
2735 2879 2906 2938 Chus,
2969 2878 3017 2930 id
3067 2888 3171 2939 est,
3210 2875 3536 2944 Ethiopiae;
3597 2873 4051 2928 hicauonnullis

796 2968 1018 3029 ducere,
1055 2977 1215 3037 atque
1242 2984 1306 3023 ex
1333 2970 1461 3025 altis
1511 2973 1821 3042 erectisque
1865 2979 2147 3033 canalibus
2201 2984 2367 3039 veluti
2470 2974 2632 3028 etiam
2658 2973 2858 3027 Sichor
2894 2971 2970 3040 (6)
3009 2971 3329 3038 appellatur.
3386 2968 3556 3023 Graeci
3593 2965 3770 3020 Nilum
3801 2976 4000 3020 vocant
4036 2985 4048 3019 :

799 3055 1122 3125 siphonibus
1172 3060 1506 3127 profundere
1531 3063 1802 3128 laborant,
1841 3066 1874 3119 ii
1906 3083 1971 3121 ex
2007 3069 2167 3139 longo
2194 3073 2367 3128 inter-
2471 3065 2561 3134 qui
2598 3079 2626 3117 ³
2657 3080 2852 3133 magin
2911 3063 3135 3115 ίιιιιηῖηϐ
3195 3061 3494 3130 digressus,
3560 3068 3721 3128 atque
3750 3059 3850 3113 sub
3882 3060 4058 3114 maris

798 3145 942 3201 vallo
995 3155 1326 3204 cataractam
1362 3153 1475 3206 sive
1530 3157 1888 3225 praecipitium
1926 3159 2056 3227 ipsis
2096 3165 2367 3231 quoddam
2399 3168 2443 3228 (ζ
2474 3155 2699 3209 fumium
2728 3155 3000 3221 delapsus,
3027 3152 3239 3216 prosilit
3262 3151 3477 3204 tandem
3499 3152 3799 3220 ebullitque
3821 3153 3872 3204 in
3899 3151 4059 3220 plaga

801 3238 908 3292 alta
941 3238 1240 3295 devexitate
1268 3243 1558 3311 abruptum
1585 3257 1747 3316 atque
1772 3249 1994 3306 difficile
2029 3268 2371 3323 comparant,
2477 3247 2836 3306 ιιιθτίάίοηλιίν
2873 3255 3034 3313 atque
3066 3246 3378 3298 universam
3411 3243 3728 3312 Ᾰ⁴Ῑι¹¹ίοβυηι
3766 3245 4054 3312 Γθῧίοηεῐη

803 3345 896 3399 per
925 3332 1068 3400 quod
1099 3333 1400 3389 deturbate
1427 3353 1621 3407 magno
1644 3356 1766 3394 cum
1803 3344 2004 3412 impetu
2035 3349 2136 3401 sub
2164 3356 2365 3406 terra.“
2474 3354 2794 3409 peragrans,
2825 3337 3043 3390 demum
3072 3338 3123 3390 in
3153 3337 3376 3389 Adriam
3406 3344 3732 3389 exoneratur
3763 3336 3838 3401 (7)
3868 3337 4057 3402 :quod

800 3425 1106 3478 condantur
1140 3443 1152 3482 :
1182 3428 1286 3481 sub
1313 3444 1417 3497 qua
1456 3440 1742 3501 postquam
1778 3446 2000 3500 coactae,
2057 3449 2219 3508 atque
2271 3459 2372 3498 suo
2477 3448 2626 3486 mare
2681 3431 2890 3500 zanpli
2963 3429 3098 3484 ﬁnes
3153 3430 3329 3482 allllil-
3371 3428 3591 3482 TeNiUS
3623 3428 3818 3481 “UViIIS
3846 3428 4061 3489 Dielul.

802 3520 1040 3585 ipsarum
1074 3519 1275 3589 impetu
1300 3536 1498 3588 pressa:
1521 3523 1882 3595 aliquousque
1904 3528 2128 3595 ﬂuvere,
2160 3535 2370 3589 tandem
2477 3526 2580 3578 hoc
2611 3531 2714 3588 est,
2750 3521 2947 3592 Tigris,
2988 3531 3178 3577 contra
3208 3521 3367 3575 Attur
3401 3521 3479 3590 (8)
3526 3519 3664 3574 ﬂuit.
3706 3520 3945 3584 Quartus
3975 3531 4065 3573 est

802 3623 896 3675 per
951 3609 1168 3663 canales
1229 3610 1348 3666 illos
1373 3628 1568 3681 magna
1621 3616 1670 3667 vi
1722 3632 1827 3686 qua
1886 3635 1949 3673 ex
1982 3626 2246 3692 praecipiti
2282 3628 2373 3681 ino
2479 3615 2697 3679 Perath,
2760 3616 2810 3667 id
2863 3624 2966 3675 est,
3019 3614 3340 3680 Euphrates.
3381 3612 3446 3664 Et
3490 3613 3541 3665 hi
3577 3627 3796 3681 quoque
3817 3611 3951 3671 duo,
3990 3611 4063 3663 ob

800 3713 931 3752 casu
976 3710 1255 3768 urgentur,
1280 3717 1500 3756 sursum
1542 3707 1799 3761 emicant.
1835 3709 1957 3762 ll.ec
1983 3712 2055 3765 ita
2089 3730 2145 3767 se
2175 3717 2373 3770 habere
2479 3708 2573 3760 illo
2600 3706 2888 3775 grandiore
2917 3704 3150 3765 diducti,
3182 3715 3236 3758 et
3267 3703 3370 3758 sub
3398 3718 3547 3756 mare
3578 3703 3743 3755 mersi
3782 3708 4066 3771 prodeunt

801 3790 1054 3843 dominus
1097 3793 1261 3844 etiam
1323 3792 1593 3862 Ephrann,
1630 3807 1683 3851 et
1713 3814 1835 3853 cum
1895 3817 1960 3855 eo
1987 3804 2238 3862 doctores
2282 3809 2372 3862 alii
2479 3799 2691 3852 tandem
2738 3798 2791 3850 in
2857 3796 3034 3849 medio
3101 3796 3202 3849 hoc
3241 3804 3431 3848 nostro
3452 3795 3582 3848 orbe
3605 3794 3799 3848 vicinis
3826 3796 3971 3847 inter
4004 3811 4067 3849 se

802 3879 1115 3934 afﬁrmant:
1150 3898 1320 3952 quare
1353 3899 1453 3938 nos
1483 3902 1702 3956 quoque
1761 3892 1988 3946 libenter
2020 3901 2371 3956 assentimur.
2478 3889 2718 3943 fontibus
2758 3887 3063 3955 perluitquc
3089 3886 3260 3939 Diclat
3288 3886 3604 3939 orientalem
3640 3885 4068 3954 Mesopotamia:

801 3969 1069 4024 Caeterum
1119 3973 1264 4040 quod
1311 3975 1377 4028 ad
1427 3990 1676 4045 Saporem
1723 3992 1951 4048 spectat,
2006 3985 2222 4042 idemne
2266 3991 2374 4045 illis
2476 3980 2785 4051 regionem;
2819 3994 3000 4046 quem,
3035 3977 3316 4032 utPerath
3349 3986 3525 4032 tractu
3585 3978 3768 4032 vicino
3808 3980 4069 4049 aliquano

802 4061 959 4131 aquis
989 4073 1206 4117 maneat
1239 4064 1380 4134 apud
1408 4081 1532 4129 nos,
1568 4071 1659 4137 qui
1687 4069 1864 4125 fuerat
1891 4074 1944 4126 in
1982 4077 2255 4141 paradiso,
2303 4098 2371 4135 an
2476 4075 2567 4128 diu
2605 4073 2893 4126 comitatus
2923 4079 3025 4133 est,
3049 4071 3304 4125 labuntur
3344 4071 3506 4124 ambo
3535 4071 3589 4124 in
3621 4088 3875 4142 magnum
3914 4090 4072 4129 mare

805 4153 1028 4208 minime
1063 4173 1076 4209 :
1107 4171 1208 4210 nos
1230 4160 1586 4225 pronuntiare
1618 4176 1725 4216 non
1755 4162 2095 4231 dubitamus,
2130 4170 2181 4221 in
2213 4187 2375 4239 para-
2475 4166 2732 4220 australa:
2762 4164 2942 4218 Bosrae
2974 4164 3075 4231 (9).
3233 4201 3241 4208 -

803 4247 925 4300 diso
955 4262 1072 4302 esse
1103 4259 1320 4318 gustatu
1370 4251 1710 4319 gratissimas
1741 4257 2224 4330 suavissimasque,
2253 4263 2376 4318 inde
3045 4254 3275 4309 CAPUT
3329 4255 3496 4314 XXII.

804 4349 984 4396 autem
1015 4357 1353 4411 progressas,
1416 4344 1711 4412 plurimum
1762 4351 2050 4407 suavitatis
2103 4356 2372 4420 amittere,
2558 4349 2683 4402 Τνὶα
2716 4350 2832 4400 loca
2869 4363 2964 4414 P70
3009 4348 3213 4400 Αάαηιο
3280 4351 3494 4401 Condita
3536 4367 3567 4402 α
3617 4349 3720 4403 Deo
3749 4381 3818 4391 -
3869 4351 4077 4406 Solent

805 4432 1077 4488 acredinis
1105 4450 1233 4488 vero
1260 4437 1604 4501 contrahere,
1624 4455 1748 4493 cum
1773 4442 1901 4496 illud
1934 4445 2166 4510 paradisi
2196 4448 2373 4501 solum
2409 4503 2448 4512 Δ
2478 4442 2698 4512 quidam
2735 4440 3065 4510 percontari,
3123 4439 3254 4508 quid
3299 4441 3509 4494 Adamo
3535 4441 3766 4511 Evaaque
3816 4441 4073 4497 futurum

807 4526 925 4578 laeta
978 4525 1070 4579 Dei
1121 4529 1432 4595 precatione
1493 4529 1711 4584 beatum
1769 4546 1824 4587 et
1879 4535 2006 4590 felix
2031 4536 2140 4602 sit;
2178 4548 2233 4591 at
2269 4540 2372 4595 hoc
2409 4525 2689 4599 ufuisset,
2723 4536 2768 4590 si
2833 4534 3141 4602 impositam
3199 4529 3379 4587 sibi‘a
3421 4532 3527 4586 Deo
3575 4533 3743 4602 legem
3798 4533 3849 4585 in
3901 4549 4077 4602 para-

806 4633 1047 4678 nostrmn
1109 4635 1333 4689 contra,
1397 4629 1770 4684 exsecratione
1822 4630 2008 4685 infelix
2075 4643 2130 4685 et
2193 4636 2366 4691 triste.
2477 4632 2598 4684 diso
2695 4643 2798 4681 non
2884 4626 3191 4696 fregissent.
3284 4625 3378 4681 llis
3441 4627 3872 4695 respondemus,
3934 4629 4077 4681 sub-

805 4719 1080 4778 Quantum
1130 4715 1296 4784 igitur
1345 4716 1572 4772 interest
1630 4719 1770 4773 inter
1826 4735 1950 4775 eum
2018 4721 2219 4777 fontem
2277 4726 2363 4780 cui
2479 4721 2751 4776 vehendos
2785 4719 2952 4774 fuisse
2978 4735 3043 4773 ex
3075 4718 3329 4788 paradiso
3355 4733 3518 4786 supra
3568 4718 3672 4772 hoc
3701 4719 3824 4773 (εωιί
3879 4718 4078 4772 ﬁrma-

807 4806 1133 4860 benedicunt
1162 4821 1372 4872 omnes,
1398 4821 1451 4862 et
1481 4825 1604 4863 eum
1636 4826 1799 4880 quem
1849 4829 2011 4867 nemo
2074 4830 2181 4869 non
2225 4817 2375 4871 dete-
2483 4824 2724 4868 mentum
2755 4812 2898 4882 quod
2933 4825 3094 4878 supra
3120 4824 3220 4864 nos
3255 4810 3491 4879 positum
3544 4809 3842 4872 intuemur,
3901 4818 4080 4878 atque

807 4907 982 4952 διειιπ
1014 4915 1030 4963 ς
1067 4906 1276 4952 tantum
1329 4900 1504 4954 diﬂert
1533 4904 1800 4957 suavitate
1850 4915 2013 4974 atque
2039 4909 2375 4973 amoenitate,
2483 4910 2534 4962 in
2575 4907 2780 4963 caelesti
2828 4920 2994 4972 regno
3022 4906 3297 4972 voluptate
3329 4903 3630 4958 incredibili
3681 4911 3736 4956 et
3778 4904 4082 4957 immorta-

811 4989 1024 5042 illorum
1059 4987 1346 5044 ﬂuviorum
1398 5006 1560 5062 sapor
1592 5010 1751 5064 quem
1783 5013 1833 5048 ιιι
1866 4999 2143 5065 paradiso,
2192 5002 2260 5054 ab
2311 5017 2377 5056 eo
2480 5003 2632 5056 litate
2659 5015 2883 5070 prorsus
2901 4998 3177 5060 beandos;
3209 4996 3311 5050 hoc
3326 4997 3468 5050 enim
3489 4995 3694 5065 praemii
3725 5004 3889 5062 atque
3909 4997 4078 5063 pretii

810 5098 974 5148 quem
1009 5084 1148 5150 apud
1179 5098 1277 5137 nos
1307 5083 1575 5139 obtinent.
1604 5085 1738 5141 Nam
1775 5090 1818 5143 si
1875 5101 2149 5146 nostrates
2202 5111 2378 5163 aquas,
2484 5111 2581 5165 pro
2608 5096 2893 5148 observata
2937 5093 3052 5161 lege
3086 5090 3323 5143 dandqu
3364 5089 3469 5143 illis
3531 5088 3715 5142 fuisse.
3751 5085 3880 5139 Tria
3920 5089 4077 5142 enim

813 5176 980 5228 unius
1007 5175 1360 5245 ejusdemque
1385 5187 1592 5233 natura:
1627 5197 1750 5234 cum
1784 5182 1912 5245 sint,
1948 5199 2043 5252 pro
2071 5185 2169 5238 soli
2206 5186 2382 5240 indole
2485 5188 2601 5241 loca
2637 5186 2952 5240 condiderat
2978 5199 3074 5253 pro
3106 5182 3313 5236 Adamn
3373 5181 3512 5235 Deus
3543 5198 3555 5234 :
3585 5180 3802 5244 caelum,
3848 5181 4080 5247 paradi-

892 5381 966 5446 3)
995 5378 1150 5433 Unde
1185 5379 1315 5454 hoc
1355 5395 1568 5454 nomen
1608 5382 1803 5436 habeat
1846 5383 2072 5454 nescire
2101 5400 2185 5440 me
2203 5384 2392 5449 fateor,
2574 5384 2649 5454 (8)
2680 5384 2876 5444 Ascur.
2910 5382 3073 5454 infra:
3127 5381 3311 5450 Tigrin
3337 5381 3506 5454 etiam
3537 5379 3702 5454 hodie
3740 5377 3866 5454 Syri
3899 5379 4083 5454 Diclat

817 5454 956 5523 intra
1009 5461 1196 5523 autem
1233 5451 1394 5503 habet
1424 5451 1652 5519 Dijabis,
1683 5469 1804 5521 cap.
1835 5453 1927 5506 28.
2493 5449 2652 5523 vulgo
2693 5465 2927 5516 vocant;
2963 5465 3014 5506 et
3046 5451 3255 5504 Plinius
3286 5452 3444 5504 aliine
3479 5451 3754 5523 vocabulo
3802 5449 4079 5518 Diglttum

889 5511 1196 5595 (6)_Sichor
1227 5537 1330 5595 vox
1358 5533 1451 5595 est
1485 5511 1766 5595 l'lebraica'
1809 5523 2122 5595 significans
2178 5529 2384 5595 nigrum
2494 5511 2818 5590 appellatum
2852 5511 3139 5583 memorat,
3181 5539 3285 5591 qua
3321 5524 3495 5574 lenior
3528 5520 3665 5581 ﬂuit,
3705 5520 3799 5573 lib.
3826 5511 3904 5582 νιν,
3947 5536 4078 5591 cup.

818 5607 880 5668 ac
914 5589 1186 5668 ruhidum._
1217 5589 1369 5656 Quod
1391 5589 1974 5668 atItc1_n_Nilus_eliain7a
2000 5589 2267 5668 veteribus
2296 5597 2390 5665 μέ-
2493 5597 2582 5651 27.
2709 5665 2737 5668 __
3009 5665 3017 5668 _
3287 5663 3295 5668 _
3431 5662 3440 5668 Α
3837 5662 3844 5668 _
3916 5661 3925 5668 ,

820 5665 916 5721 λῖς
941 5661 1117 5714 diClUS
1145 5663 1217 5716 Sil
1262 5670 1493 5716 leSlalUI'
1531 5661 1852 5717 Plutarchus
1894 5663 2074 5718 libello
2110 5667 2181 5719 Dc
2217 5661 2390 5733 ﬂuini-
2581 5668 2656 5730 (9')
2707 5665 2932 5718 Bosram
2972 5665 3125 5716 aiunt
3180 5663 3297 5730 Syri
3361 5662 3548 5733 urbem
3601 5677 3722 5713 csse
3782 5662 3844 5709 :ul
3881 5661 4080 5713 sinum

824 5734 999 5785 nibus.
2217 5729 2224 5733 ⁷
2505 5729 2808 5794 Persicum,
2838 5735 3035 5801 alioqui
3073 5729 3235 5783 Amos
3274 5749 3330 5790 ll,
3365 5732 3414 5782 in
3459 5729 3670 5783 Idumen
3709 5742 4076 5791 rcccnsc'ur;

899 5801 972 5874 (7)
1009 5801 1219 5868 Melius,
1251 5803 1303 5858 in
1339 5803 1812 5875 Mediterraneum,
1847 5826 1964 5875 cap.
2000 5808 2086 5862 28.
2503 5819 2546 5860 el

2041 5808 2086 5862 8.
2503 5819 2546 5860 et
2583 5808 2721 5875 apud
2754 5806 3063 5868 Jcrcnuaut,
3101 5823 3148 5857 ς.
3193 5803 3278 5864 48,
3320 5802 3369 5855 ilt
3400 5801 3703 5855 Moabitide.
