4208 6432
161 368 243 432 513
1265 365 1358 424 DE
1398 361 1770 425 PARADISO

1761 368 1799 424 l.
1839 387 1906 398 ··-
1949 364 2140 424 PARS
2185 365 2233 424 Ι.

3274 372 3375 438 5H

159 499 278 546 tum,
304 491 352 534 et
384 479 522 534 hanc
574 493 694 548 qua:
749 484 900 530 extra
958 474 1270 546 paradisum
1326 485 1410 530 est
1469 485 1663 530 terram
1694 493 1705 528 :
1739 482 1782 539 Α
1814 488 2058 544 parentes
2083 475 2249 531 nostri
2283 476 2552 531 cavisscnt
2575 479 2676 534 sibi
2701 489 2863 551 atque
2901 481 3184 540 Dominum
3215 501 3370 540 suum

159 574 293 638 idque
326 569 424 623 hac
448 568 752 636 justissima
800 567 1009 620 ratione
1062 566 1267 622 scilicet
1299 577 1354 621 ut
1397 565 1548 620 illutn
1585 582 1612 619 u
1644 581 1702 621 se

156 661 376 716 eﬂ‘ectum
408 661 700 714 oblectaret
735 657 786 710 in
823 657 1093 727 paradiso,
1125 658 1286 711 simul
1322 665 1376 712 et
1399 657 1700 726 periculum

159 752 366 814 laceret,
422 749 800 818 morigerusne
858 747 999 802 foret
1061 748 1114 802 in
1183 748 1514 804 observanda
1567 751 1701 821 lege,

158 861 212 898 au
241 844 496 897 rebellis:
561 850 612 894 et
663 841 934 909 morigero
986 841 1203 910 quidem
1252 842 1532 910 premium
1574 834 1702 895 culti

158 937 382 1007 ,πιπτει-σπιιὶ
427 935 650 988 daretur
686 947 904 1000 regnum
942 935 1186 997 cmleste,
1221 933 1271 985 iu
1305 947 1415 1004 quo
1450 951 1512 988 ex
1541 947 1703 1003 para-

156 1031 253 1082 diso
277 1027 674 1086 sustolleretur.
715 1035 771 1080 ut
823 1026 893 1078 ibi
933 1025 1113 1080 omnis
1136 1040 1330 1095 expers
1356 1027 1704 1081 mortalitatis

161 1120 201 1172 in
229 1133 432 1186 summa
467 1117 742 1187 voluptate
799 1118 957 1172 vitam
984 1120 1255 1188 agitaret;
1305 1119 1523 1174 rebellis
1573 1135 1704 1173 vero

156 1219 294 1277 atque
322 1209 707 1277 praevaricator
765 1223 794 1260 e
825 1209 1077 1278 paradiso
1105 1209 1158 1264 in
1191 1211 1331 1264 hane
1362 1210 1701 1266 inaledictam

155 1308 328 1351 terram
359 1299 758 1353 detruderetur.
791 1299 924 1355 Nam
959 1310 1009 1355 et
1040 1301 1211 1370 angeli
1239 1301 1392 1370 jussa
1421 1309 1702 1378 peragunt,

155 1389 433 1457 divinaeque
473 1392 735 1444 voluntati
773 1393 1134 1461 obsequentes
1163 1401 1310 1459 sunt,
1345 1409 1451 1447 non
1490 1379 1694 1462 ab'sque

153 1492 231 1543 spe
251 1479 464 1555 .pratnii
493 1481 636 1548 quod
678 1481 807 1550 ipsis
834 1482 1050 1533 dabitur
1073 1489 1191 1550 post
1224 1483 1528 1551 generalem
1555 1497 1702 1536 mor-

154 1571 315 1621 talium
349 1574 803 1625 reSurrectionem
839 1573 950 1640 (l0)
981 1589 994 1626 :
1025 1575 1186 1644 igitur
1212 1575 1254 1628 si
1285 1576 1459 1643 angeli
1484 1590 1544 1628 ea
1578 1591 1699 1629 cum

151 1677 231 1729 spe
260 1663 348 1717 Dei
385 1665 591 1718 cultum
623 1677 1013 1733 exsequuntur,
1048 1669 1248 1727 ,Adam
1299 1684 1513 1736 quoque
1541 1678 1703 1738 atque

153 1751 241 1804 Eva
276 1767 393 1806 cum
445 1756 590 1808 omni
623 1770 719 1808 sua
752 1757 1069 1823 posteritate
1109 1757 1210 1825 legi
1237 1745 1516 1814 ᾱίνίιιεεῖἱιι
1551 1776 1701 1830 para-

150 1844 250 1897 diso
277 1846 374 1898 hac
410 1861 508 1914 spe
533 1846 857 1913 paruissent,
890 1848 1259 1915 virtutemque
1297 1853 1693 1914 escoluissent,

150 1936 271 2002 quod
298 1936 420 1990 inde
451 1939 516 1990 ad
546 1939 666 1992 εαξη
711 1954 930 2008 regnum
952 1949 1134 1994 essent
1155 1935 1434 1994 evehendi.
1459 1941 1699 1996 Elin-itur

148 2040 259 2094 ergo
290 2036 344 2080 ut
384 2025 839 2112 quemadmodum
873 2031 1070 2098 ahjecti"
1117 2044 1242 2086 sunt
1291 2033 1342 2086 in
1378 2035 1519 2089 hanc
1549 2036 1700 2088 dete-

148 2120 374 2173 rtabilem
414 2130 610 2204 terram
662 2122 884 2192 propter,
913 2140 1070 2178 suum
1101 2136 1376 2195 peccatqu
1419 2126 1704 2210 legemque

150 2208 225 2262 Dei
256 2212 532 2272 violatam.
566 2213 638 2267 ita
666 2214 709 2268 si
751 2215 880 2285 legis
932 2217 1285 2273 observantes
1346 2221 1698 2289 mansissent,

148 2298 364 2353 luturutn
400 2295 596 2366 fuisse;
633 2305 1190 2386 utcoelestelregnum
1247 2296 1697 2375 conscenderent,

147 2402 286 2458 atque
316 2393 448 2446 inibi
483 2395 535 2447 in
582 2395 789 2450 deliciis
845 2410 1163 2468 perpetuum
1204 2401 1460 2470 degerent
1498 2419 1694 2458 aevum.

150 2478 254 2534 llaec
286 2482 355 2535 ita
375 2497 502 2538 esse
551 2494 777 2557 testatur
825 2486 1119 2557 Gregorius
1146 2487 1449 2560 Thcologus
1483 2508 1543 2545 ea
1572 2509 1696 2566 ora-

148 2576 272 2627 tione
301 2591 466 2644 quam
502 2573 722 2647 scripsit
754 2580 807 2634 in
839 2581 1173 2640 Dominicam
1223 2599 1438 2650 novam,
1474 2585 1555 2639 his
1579 2601 1698 2639 ver-

149 2666 215 2717 liis
250 2683 262 2719 :
297 2667 350 2719 Si
382 2669 779 2725 mansissemus
819 2672 868 2724 id
931 2673 1364 2741 quod’eramus,
1405 2677 1699 2746 legemque

151 2753 224 2807 Dei
259 2757 731 2822 observassetnus,
762 2761 814 2815 id
850 2760 974 2816 facti
1018 2779 1257 2818 essemus
1291 2766 1432 2834 quod
1459 2782 1560 2819 non
1583 2768 1698 2820 fue-
1729 2815 1735 2822 .

147 2861 333 2909 ramus,
369 2865 466 2916 per
495 2865 775 2904 accessum
812 2855 1067 2926 nimirum
1094 2855 1157 2907 ad
1195 2852 1396 2924 lignum
1426 2859 1548 2910 vitae
1579 2868 1700 2926 post

145 2940 324 3007 lignum
357 2944 629 3024 scientiaf.
692 2944 794 2998 Sed
823 2946 948 3015 qnid
985 2946 1107 3001 facti
1140 2949 1158 2999 Ξ
1189 2949 1314 3002 facti
1344 2949 1715 3015 immortales“

142 3046 285 3100 atque
321 3035 387 3086 ad
419 3033 587 3112 Deum
630 3039 849 3106 propius
901 3040 1147 3094 admissi.
1184 3039 1514 3096 Philoxenus
1566 3059 1700 3112 prte-

144 3135 268 3177 terea
321 3129 574 3193 oratione
629 3131 697 3182 de
751 3135 1210 3210 contemplatione
1272 3135 1404 3202 ligni
1449 3137 1570 3205 vita:
1623 3119 1770 3208 sicé
1816 3139 1830 3163 ’
1885 3134 1888 3138 ’

142 3218 312 3270 scribit
341 3234 355 3269 :
402 3217 549 3272 Deus
583 3234 688 3272 non
723 3224 896 3273 solum
935 3237 1028 3288 per
1064 3233 1270 3276 natura:
1298 3225 1614 3278 instinctum
1646 3237 1700 3281 et

143 3305 848 3388 Seripturas‘auctoritalem
892 3315 1042 3368 ducit
1107 3331 1204 3369 nos
1259 3317 1309 3368 in
1363 3307 1694 3388 agnitionem

141 3383 508 3466 mysteriorum
573 3405 776 3469 crucis,
830 3404 923 3458 sed
966 3403 1060 3474 per
1117 3408 1289 3476 ipsum
1333 3411 1496 3462 etiam
1536 3426 1696 3479 quem

141 3495 400 3545 conseruit
427 3495 762 3558 paradisum,
795 3512 913 3564 qua:
945 3499 1111 3563 prima
1155 3498 1255 3551 fuit
1284 3502 1692 3569 generis'nostri

140 3584 401 3637 habitatio.
445 3579 578 3637 Nam
614 3596 669 3639 ut
698 3591 1011 3655 angelorum
1045 3592 1199 3643 sedes
1222 3600 1303 3642 est
1340 3593 1560 3655 cadum,
1590 3595 1696 3646 till}-

140 3690 341 3730 inonum
374 3667 507 3732 vero
561 3688 681 3744 post
731 3681 966 3747 ipsorum
1021 3697 1207 3735 casum
1271 3699 1364 3737 aer
1402 3685 1693 3751 (nimirum

141 3770 297 3822 medio
322 3771 540 3838 positus
575 3771 750 3838 loco);
788 3773 1004 3841 insuper
1035 3775 1394 3828 animantium
1416 3778 1694 3830 btuloruut

137 3871 182 3912 et
218 3864 500 3915 hominum
534 3876 653 3930 post
685 3867 936 3916 violatam
972 3866 1165 3935 legem,
1197 3867 1308 3919 htcc
1344 3878 1482 3920 terra
1513 3870 1562 3920 in
1591 3885 1696 3937 qua

141 3967 266 4008 nunc
323 3971 648 4020 versamur;
716 3956 946 4024 denique
1004 3959 1228 4023 piscium
1297 3967 1349 4010 et
1395 3961 1693 4012 natatilium

138 4045 360 4097 omnium
410 4062 603 4114 aquae;
642 4057 912 4113 postremo
947 4049 1139 4100 animm
1197 4034 1394 4116 corpus
1450 4050 1500 4100 iu
1553 4053 1694 4116 quod

140 4138 351 4202 primunt
386 4149 476 4192 cst
511 4139 801 4206 inspirata:
839 4139 917 4192 sic
944 4155 1159 4208 quoque
1190 4139 1492 4194 destinatus
1523 4142 1696 4196 fuerat
1731 4205 1740 4216 _

138 4225 409 4288 paradisus
467 4234 526 4278 ut
569 4221 732 4280 esset‘
759 4227 1062 4290 hominum,
1115 4231 1448 4298 priusquam‘
1481 4247 1698 4299 peccas-

137 4327 259 4377 sent,
315 4317 683 4369 domicilium.
746 4321 877 4371 Lam
936 4335 1098 4386 porro
1163 4323 1215 4374 in
1259 4337 1323 4375 eo
1363 4322 1480 4376 leve
1536 4337 1695 4392 atque

136 4407 412 4460 observatu
457 4407 614 4463 facile
655 4409 962 4462 mandatum
998 4412 1295 4479 accepisset
1357 4415 1613 4476 Adamus,
1649 4418 1692 4469 si

1808 568 2172 635 agnovissent,
2199 569 2426 638 ejusque
2449 571 2757 637 paruissent
2779 572 2968 642 jussis,
2989 585 3041 629 et
3071 576 3235 629 animi
3264 593 3377 630 mn-

1805 655 2539 726 di-stiam-humilitatemque
2595 663 2982 729 retinuissent,
3037 681 3374 736 nequaquam

1799 747 2117 820 amisissent
2175 748 2225 801 id
2257 763 2364 817 quo
2423 750 2630 816 praediti
2669 751 2877 814 fuerant
2912 757 3074 810 decus
3109 767 3268 827 atque
3291 775 3378 812 or-

1806 843 2144 889 namentum.
2179 835 2420 906 Denique
2458 837 2711 894 dominus
2734 839 2969 896 Jacobus
2993 843 3372 908 Botnanensis,

1805 927 2052 998 oratione
2083 926 2149 980 de
2199 928 2372 995 ejecto
2403 931 2614 984 Adamo
2656 943 2806 988 extra
2869 937 3203 1004 paradisum.
3264 941 3376 993 hac

1805 1018 2004 1088 scripta
2063 1019 2279 1088 reliquit
2319 1037 2333 1072 :
2380 1011 2706 1077 Condidérat
2748 1023 2884 1080 Deus
2946 1029 3235 1091 Adamum,
3271 1045 3375 1083 nou

1804 1125 1910 1178 quo
1945 1111 2196 1195 paradiso
2217 1111 2463 1179 pelleret,
2496 1114 2590 1195 sed
2623 1123 2682 1166 ut
2719 1118 3030 1183 paradisum
3063 1119 3228 1173 veluti
3254 1120 3378 1188 jure

1807 1177 2153 1278 haeredit’ario
2205 1181 2616 1269 possideretpin
2658 1221 2832 1275 eoque
2883 1207 3275 1278 dominaretur,
3309 1229 3377 1268 eo

1809 1292 2085 1344 hominem
2118 1292 2366 1357 tinxerat,
2399 1295 2594 1365 quippe
2630 1298 2788 1367 cujus
2824 1300 2996 1368 gratia
3029 1303 3188 1355 etiam
3213 1319 3378 1358 mun-

1805 1384 1930 1434 dum
1976 1381 2152 1458 ipsum
2203 1393 2534 1440 creaverat:
2583 1389 2950 1457 'quamobrem
3004 1384 3167 1446 simul
3220 1406 3378 1464 atque

1803 1471 2052 1524 conditus
2097 1482 2206 1538 est,
2269 1474 2508 1529 incolere
2567 1481 2877 1544 paradisum
2929 1485 3117 1552 cmpit,
3161 1489 3379 1554 quando

1804 1562 1980 1613 adhuc
2016 1561 2162 1614 nulla
2191 1565 2499 1640 nuptiarum
2534 1569 2737 1620 mentio
2769 1579 2906 1626 erat.
2931 1571 3066 1626 Tum
3095 1590 3216 1628 mox
3248 1579 3378 1630 sub-

1799 1652 1919 1720 jicit
1952 1671 1967 1708 :
1997 1651 2062 1706 Et
2093 1665 2148 1706 ut
2195 1657 2246 1706 in
2276 1658 2548 1724 paradiso,
2588 1659 2660 1711 itn
2691 1662 2742 1712 in
2783 1662 2920 1715 caelo
2950 1679 3161 1732 quoque
3183 1667 3376 1721 victuri

1804 1755 1959 1798 erant
1996 1745 2048 1798 iu
2085 1749 2408 1801 suavissima
2447 1766 2569 1802 cum
2625 1749 2732 1805 Deo
2775 1756 3186 1820 consuetudine,
3218 1767 3379 1826 atque

1802 1833 2170 1890 familiaritate
2191 1877 2205 1899 ,
2229 1847 2334 1890 etc.
2359 1836 2839 1909 Colligituritaque
2860 1858 2921 1896 ex
2959 1844 3040 1897 his
3067 1855 3374 1900 sanctorum

1799 1911 2014 1978 Patrum
2045 1921 2204 1996 atque
2226 1931 2572 1994 probatorutn
2601 1943 2880 1988 auctorum
2910 1937 3086 2002 dietis,
3111 1938 3374 1993 Adamtitn

1798 2029 1849 2072 et
1885 2018 2077 2084 Evam,
2125 2021 2168 2074 si
2199 2021 2433 2076 mandati
2473 2024 2638 2077 divini
2667 2025 3016 2081 observantes
3048 2032 3374 2084 mansissent

1803 2126 1979 2178 neque
2032 2112 2791 2180 deliquissent,sustollendos
2851 2118 3018 2173 fuisse
3052 2121 3102 2172 in
3153 2123 3374 2175 caeleste

1801 2194 2025 2271 regnum
2058 2219 2223 2272 supra
2265 2201 2690 2272 firmamentum,
2729 2209 2815 2262 tibi
2848 2226 3071 2277 prorsus
3095 2213 3374 2266 immorta-

1799 2293 1948 2346 litate
1978 2295 2182 2358 donati,
2214 2297 2266 2348 in
2295 2298 2619 2364 sempiterna
2639 2300 3206 2370 vixissentvoluptate.
3232 2302 3372 2370 Quin

1718 2401 1726 2408 ·
1801 2385 1905 2438 hoc
1937 2385 2111 2452 ipsum
2145 2385 2339 2439 rationi
2401 2403 2554 2456 teque
2586 2399 2732 2443 certe
2778 2402 3200 2447 consentaneum
3244 2405 3373 2458 est;

1801 2489 1855 2529 ut
1883 2477 2026 2529 enim
2087 2487 2306 2550 propter
2353 2478 2562 2534 violatas
2617 2480 2751 2549 legis
2785 2497 3064 2549 peccatum
3122 2488 3377 2554 paradiso

1800 2567 2061 2620 climinat’t
2107 2577 2444 2644 sunt,latque
2501 2571 2552 2623 in
2585 2572 2725 2624 hanc
2774 2575 3111 2628 maledictum
3160 2577 3366 2630 detrusi

1802 2669 2023 2721 terram,
2055 2661 2126 2711 ita
2160 2662 2202 2711 si
2226 2661 2608 2729 divinisjussis
2629 2650 3175 2733 obtemperavisseiti,
3201 2683 3374 2737 eoque

1798 2751 1931 2820 justi
1972 2751 2145 2805 ell‘ecti
2185 2752 2436 2819 fuissent,
2475 2755 2576 2808 hoe
2629 2767 2786 2810 erant
2819 2759 3041 2826 praemio
3067 2761 3370 2824 alliciendi;

1802 2833 2014 2922 scilicet
2045 2856 2099 2897 ut
2138 2861 2202 2899 ex
2249 2846 2499 2915 paradiso
2536 2851 2586 2900 in
2619 2850 2836 2925 caeleste
2873 2867 3095 2921 regnum
3140 2856 3375 2926 emigra-

1803 2947 1939 2998 reut,
1961 2920 2067 3005 quo
2107 2920 2229 2991 inde
2269 2939 2336 2992 ab
2365 2940 2495 2992 Osbe
2517 2943 2736 2993 condito
2759 2921 2886 3010 ipsis
2913 2920 3086 2998 fuerat
3106 2920 3373 3013 paratum,

1803 3016 1860 3079 ut
1888 3029 1960 3080 ait
1991 3027 2271 3089 Dominus,
2326 3029 2390 3081 ad
2428 3032 2553 3083 Atla:
2585 3042 2638 3084 et
2686 3030 2810 3086 Eva!
2841 3037 3232 3102 posteritatem.

2017 3183 2023 3188 ι
2348 3119 2573 3174 ρΑνυτ
2641 3123 2824 3176 xan

1877 3211 2126 3275 Quandiu
2189 3215 2240 3265 in
2277 3215 2529 3280 paradiso
2581 3218 2899 3270 mansissent
2940 3221 3248 3287 priusquam
3308 3226 3374 3275 ad

1800 3286 2000 3358 (intesta
2036 3321 2245 3373 regnum
2276 3309 2585 3360 traducendi
2617 3309 2867 3376 fuissent,
2900 3315 2944 3365 si
2975 3330 3075 3367 non
3111 3318 3372 3386 deliquis-

1801 3406 1911 3447 sent
1933 3396 2088 3462 primi
2121 3386 2380 3462 parentes.
2417 3427 2486 3437 —
2536 3393 2648 3453 Sed
2671 3404 2780 3468 jam
2839 3410 3071 3472 quaestio
3098 3413 3272 3463 oritur
3308 3415 3374 3465 de

1774 3476 1778 3482 ’
1811 3488 2065 3567 temporis
2091 3490 2263 3555 spatio
2298 3492 2614 3559 quantisper
2636 3482 2854 3549 scilicet
2881 3497 2932 3549 in
2962 3501 3212 3567 paradiso
3243 3502 3375 3558 fuis-

1792 3588 1922 3636 sent
1947 3583 2527 3661 commoraturi‘primi
2562 3585 2730 3637 nostri
2773 3600 3046 3655 parentes,
3081 3601 3368 3663 antequam

1798 3671 1863 3721 ad
1927 3673 2147 3722 C(Blesle
2211 3686 2433 3739 regnum
2490 3667 2884 3743 eniigrasseut,
2946 3680 2989 3733 si
3065 3687 3375 3749 paruissent

1801 3759 1995 3832 diviuze
2029 3761 2150 3827 lt-gi.
2183 3759 2471 3829 Tantisper
2491 3778 2622 3817 sane
2675 3767 2800 3822 dum
2867 3783 2964 3837 pro
2996 3770 3177 3826 divina
3210 3775 3372 3828 bene-

1799 3853 2034 3909 dictione
2075 3868 2088 3906 :
2151 3851 2378 3906 Crescite
2432 3843 2482 3908 et
2520 3858 2982 3927 multiplicamini,
3025 3866 3164 3918 aucti
3227 3870 3373 3935 prole

1801 3952 1960 4010 atque
2023 3945 2354 4012 multiplicati
2416 3940 2662 4002 homines
2722 3967 3007 4007 numerum
3068 3969 3372 4025 a-quassent

1800 4033 2012 4086 Sataua:
2067 4045 2118 4087 et
2188 4052 2375 4089 carum
2428 4040 2706 4119 copiarum
2760 4057 2878 4108 qua:
2933 4059 3055 4097 cum
3106 4046 3218 4114 ipso
3275 4065 3372 4103 ex-

1797 4128 2034 4180 ciderant
2066 4131 2222 4182 ctylo.
2272 4131 2345 4180 Eo
2393 4133 2534 4183 enim
2573 4149 2801 4186 numero
2857 4137 3088 4204 expleto,
3124 4141 3213 4207 qui
3272 4159 3368 4194 uu-

1799 4202 1982 4272 inertis
2029 4221 2079 4272 in
2134 4220 2224 4272 Dei
2261 4223 2567 4289 cognitione
2602 4223 2705 4277 fttit
2757 4226 3028 4292 definitus,
3081 4233 3369 4300 elapsoque

1739 4319 1741 4322 '
1793 4311 1903 4378 jam
1959 4318 2069 4362 tttm
2113 4311 2262 4378 justo
2316 4322 2597 4390 tempore;
2655 4315 3000 4370 traducturus
3058 4329 3171 4372 erat
3223 4321 3368 4390 ipsos

1802 4402 1941 4480 Deus
1974 4403 2023 4454 in
2057 4418 2280 4472 regnum
2313 4383 2555 4459 cmleste.
2606 4407 2733 4474 Ejus
2765 4408 2908 4460 enim
2944 4410 3017 4462 rei
3059 4397 3224 4480 gratia
3260 4423 3364 4466 tam

137 4500 212 4550 cui
257 4484 550 4567 paruisset,
579 4502 630 4552 in
662 4501 858 4553 coelum
895 4503 1038 4557 illiue
1072 4503 1380 4558 evehendus
1414 4516 1528 4560 erat
1563 4525 1576 4559 :
1607 4509 1694 4560 illo
1730 4479 1769 4532 θ

1761 4488 1769 4525 ⁵
1801 4479 2114 4562 spatiosum,
2140 4495 2400 4562 amplum,
2425 4487 2677 4564 capacem
2702 4498 3011 4553 condiderat
3035 4505 3364 4570 paradisum,

138 4601 328 4658 spreto,
396 4593 602 4659 Deique
653 4593 894 4662 neglecto
917 4595 1110 4657 'verbo,
1178 4611 1283 4650 non
1332 4599 1488 4650 modo
1524 4601 1720 4672 caruit

137 4685 279 4746 ccelo,
306 4685 452 4750 quod
485 4683 586 4736 sibi
618 4685 816 4752 alioqui
853 4702 972 4738 cum
1007 4688 1342 4763 incorporeis
1368 4689 1470 4742 illis
1526 4691 1697 4763 copiis

138 4787 414 4826 (Dtlllntlttc
457 4771 702 4826 futurum
752 4773 974 4838 luisset;
1010 4791 1192 4829 verum
1234 4755 1396 4830 e‘tiam
1420 4763 1692 4845 paradiso,

136 4864 216 4929 qui
244 4865 459 4916 medius
494 4875 608 4916 erat
641 4864 810 4928 locus,
841 4880 939 4932 per
974 4866 1321 4934 ignominiam
1351 4869 1587 4936 dejectus
1610 4879 1689 4922 est

139 4952 183 5004 iu
211 4956 343 5009 hanc
373 4966 580 5009 terram
641 4968 856 5024 pt-Ccato
897 4959 1218 5030 _obuoxiam,
1260 4967 1329 5011 'ut
1362 4959 1415 5012 in
1451 4975 1511 5012 ea
1568 4975 1690 5012 cum

139 5046 294 5099 brutis
370 5049 676 5114 pecudibus
747 5057 1071 5101 versaretur.
1126 5049 1387 5104 l’rzeterea
1444 5051 1692 5105 dominus

137 5131 357 5190 Joannes
377 5139 628 5191 oratione
660 5149 846 5193 contra
879 5155 972 5193 eos
1000 5141 1087 5208 qui
1125 5141 1381 5194 mundum
1407 5143 1691 5210 gubernari

139 5239 163 5275 a
188 5227 522 5282 daemonibus
553 5239 760 5295 putant,
795 5232 1052 5298 scriptum
1082 5231 1294 5299 reliquit
1322 5233 1373 5284 in
1404 5236 1536 5286 hanc
1562 5248 1685 5286 Sen-

141 5317 342 5369 teutiatn
371 5335 382 5369 :
423 5316 482 5371 Si
509 5319 806 5386 ejiciendus
840 5331 954 5372 erat
984 5322 1151 5373 Adam
1183 5322 1249 5374 de
1299 5323 1568 5389 paradiso,
1595 5337 1691 5374 cur

141 5407 196 5458 ab
222 5406 371 5462 initio
405 5411 640 5463 donatus
662 5421 740 5463 est
772 5425 798 5461 a
843 5410 953 5486 Deo!
991 5412 1284 5480 paradiso?
1312 5421 1493 5465 nostra
1548 5423 1690 5466 terte

139 5510 284 5552 causa
313 5504 426 5554 haec
469 5501 540 5554 ita
594 5504 810 5556 evenire
855 5505 1155 5570 oportebat.
1184 5502 1312 5556 Nam
1347 5503 1389 5556 si
1419 5505 1577 5570 primi
1613 5505 1685 5558 illi

201 5707 305 5773 illi)
334 5709 508 5763 Caute
567 5712 679 5779 lege
719 5727 730 5762 :
793 5713 925 5766 nihil
979 5714 1124 5766 enim
1153 5714 1356 5782 praemii
1390 5716 1694 5770 essentialis

143 5781 328 5845 ηδε-Ιιε
353 5782 579 5834 obvertit
630 5791 718 5838 aut
753 5793 1027 5840 accrescct
1071 5781 1195 5852 post
1241 5787 1545 5854 generalem
1588 5789 1687 5840 Ito-

1803 4591 1861 4635 ut
1892 4585 2157 4636 universae
2188 4575 2490 4664 posteritati
2525 4588 2650 4640 Adae
2689 4589 2822 4642 satis
2861 4591 2910 4642 in
2955 4590 3070 4659 ipso
3096 4603 3237 4647 esset
3263 4595 3362 4649 loci

1779 4675 1869 4727 ~ad
1902 4675 2244 4727 morandum.
2280 4677 2332 4728 In
2365 4678 2462 4730 hac
2511 4680 2670 4732 etiam
2725 4683 2987 4735 sententia
3029 4696 3110 4736 est
3159 4685 3365 4753 Grego-

1800 4767 1910 4819 rius
1933 4763 2239 4835 Thcologus
2267 4767 2529 4838 dunt_°ait
2569 4771 2829 4824 mundum
2873 4775 3226 4842 superiorem,
3273 4793 3365 4830 ex-

1799 4847 1928 4927 pleri
1952 4859 2143 4912 debere
2166 4876 2179 4921 ;
2202 4871 2352 4914 vocat
2387 4862 2528 4915 enim
2554 4863 2812 4915 mundum
2841 4866 3194 4932 superiorem,
3222 4868 3363 4936 ipsas

1801 4951 2044 5003 cmlestes
2072 4952 2273 5018 copias,
2305 4967 2530 5026 quorum
2562 4969 2844 5008 numerum
2867 4995 2882 5018 ,
2917 4959 3107 5009 diaboli
3159 4967 3210 5012 et
3243 4959 3362 5026 ejus

1802 5042 2074 5094 sociorum
2129 5057 2259 5096 casu
2299 5023 2647 5107 diminutum,
2698 5058 2883 5099 censet
2948 5049 3357 5102 instaurandum

1803 5147 1922 5185 esse
1976 5142 2138 5200 atque
2163 5114 2540 5202 supplendum,
2577 5136 2762 5189 ascitis
2799 5137 3015 5189 totidem
3053 5140 3104 5190 in
3145 5139 3358 5192 illorum

1801 5224 1890 5292 qui
1921 5220 2166 5278 excidere
2218 5226 2428 5288 locum;
2462 5226 2566 5279 hoc
2598 5212 2702 5288 est,
2748 5230 3010 5282 traductis
3048 5230 3098 5282 in
3139 5231 3356 5284 cmleste

1798 5330 2019 5383 regnum
2076 5315 2402 5374 hominibus.
2464 5314 2754 5385 Gregorius
2799 5334 3014 5388 quoque
3069 5319 3356 5388 Nyssaenus

1798 5407 2202 5462 Commentario
2227 5410 2292 5462 de
2332 5411 2728 5478 compositione
2779 5412 3037 5468 hominis.
3065 5414 3226 5481 capit.
3269 5414 3355 5477 l8,

1796 5501 1859 5553 ad
1885 5499 2026 5554 hunc
2054 5502 2270 5554 modum
2303 5501 2532 5556 scribit:
2565 5500 2667 5556 Sed
2733 5503 2923 5557 modus
2961 5503 3046 5557 ille
3097 5505 3359 5572 multipli-

1806 5714 2012 5767 miuum
2069 5715 2544 5773 resurrectionem,
2600 5713 2704 5767 nisi
2764 5721 2970 5765 tantum
3027 5713 3358 5769 accidentalc

1799 5783 1930 5839 Vide
1980 5785 2192 5841 SiSltt'tt
2229 5787 2321 5840 lib.
2361 5801 2410 5852 v,
2447 5783 2718 5850 Bibliotlt.,
2761 5795 2944 5840 anttot.
2993 5785 3106 5838 126.
