4208 6432
783 364 887 427 515

2059 356 2290 416 MOSIS
2333 355 2481 413 [Mli
2521 344 2765 411 CEPIM

3947 350 4054 415 515

777 475 930 528 candi
961 472 1050 542 qui
1088 473 1139 526 in
1169 473 1480 541 angelorum
1517 478 1710 522 natura
1742 476 1846 529 est,
1877 468 1927 520 in
1962 467 2027 520 iis
2067 466 2231 519 etiam
2261 466 2354 533 qui
2387 473 2430 526 Α
2461 464 2552 517 sed
2573 463 2712 516 idem
2733 462 2818 515 ille
2836 460 3474 530 modusquoangt-lorum
3494 468 3682 513 natura
3701 461 4053 530 tnultipncata

779 568 1002 634 paulum
1030 565 1281 619 diminuti
1333 563 1545 616 suntab
1590 561 1795 629 angelis
1823 563 1948 626 (hoc
2003 568 2118 621 est,
2171 558 2222 608 iit
2258 558 2354 608 ho-

784 657 1043 727 rninibus)
1068 659 1206 708 viam
1242 670 1395 708 suam
1413 656 1740 707 exercuisset
1783 653 1847 704 ad
1888 647 2356 719 multiplicandutn

783 765 954 816 genus
1013 749 1310 800 humanum
1353 760 1522 814 usque
1565 746 1629 797 ad
1661 742 1942 796 delinitum
1975 740 2194 810 Opilicis
2230 753 2362 792 coit-

780 843 904 895 silio
934 854 1242 894 numerum.

1341 949 1566 1006 CAPUT
1601 947 1795 1003 XXIV.

853 1070 1114 1122 Adamum
1139 1078 1183 1120 et
1215 1065 1379 1119 Evam
1415 1081 1514 1118 non
1546 1066 1683 1116 solos
1719 1063 1770 1115 in
1800 1061 2052 1130 paradiso
2083 1075 2361 1112 mansuras

782 1161 1072 1229 fuisse,sed
1111 1159 1285 1212 sobole
1316 1157 1482 1209 multa
1508 1155 1795 1224 augendos,
1819 1155 1864 1206 si
1901 1154 2213 1204 mandatum
2266 1151 2362 1203 Dei

781 1267 884 1303 non
903 1247 1468 1303 violassent—Solent
1488 1261 1648 1315 porro
1666 1245 1767 1298 hoc
1787 1244 1950 1298 etiam
1968 1258 2208 1312 quaerere
2228 1241 2361 1312 (ll),

780 1343 873 1412 qui
941 1358 1116 1394 rerum
1181 1339 1681 1408 cognoscendarum
1744 1337 2019 1390 desiderio
2074 1344 2360 1394 tenentur;

782 1434 1017 1487 luissent‘
1050 1447 1116 1485 ne
1151 1431 1309 1499 primi
1363 1439 1612 1499 parentes
1648 1427 1748 1482 soli
1807 1429 1858 1480 in
1900 1427 2151 1495 paradiso
2183 1439 2363 1478 mora-

788 1526 916 1584 turi,
949 1526 994 1578 si
1050 1524 1218 1588 legem
1257 1523 1680 1583 observassent;
1731 1535 1797 1572 an
1832 1535 1960 1572 vero
2005 1519 2189 1571 sobole
2241 1533 2366 1585 pro-

781 1626 958 1669 creata
1013 1616 1372 1668 nihilominus
1431 1615 1734 1667 crevissent
1797 1626 2024 1663 numero
2090 1609 2362 1663 homines.

782 1711 1324 1777 Quibusrespousnm
1353 1709 1599 1759 volumus
1619 1715 1995 1774 generaturos,
2017 1703 2366 1768 maximoque

783 1817 1010 1854 numero
1061 1799 1494 1868 multiplicandos
1545 1799 1756 1851 fuisse:
1812 1797 1975 1862 idque
2023 1794 2103 1846 vel
2145 1807 2208 1845 ex
2249 1790 2362 1858 ipsa
2398 1822 2438 1879 Β

784 1894 1154 1946 benedictione
1215 1909 1318 1958 qua
1376 1891 1523 1958 ipsos
1586 1898 1909 1957 prosecutus
1963 1885 2142 1938 fuerat
2222 1881 2364 1936 Deus

781 1995 1058 2046 constare,
1094 2000 1216 2038 cum
1265 1983 1509 2036 diceret:
1544 1980 1773 2034 Crescite
1807 1988 1854 2030 et
1915 1976 2362 2044 multiplicamini,

785 2088 1082 2144 terramque
1119 2075 1310 2143 replete
1351 2083 1398 2125 et
1448 2090 1563 2126 eam
1596 2072 1839 2140 subigite.
1891 2069 1965 2122 lia
2000 2071 2143 2123 enim
2202 2069 2366 2122 verba

784 2185 906 2222 cum
944 2168 1106 2223 simul
1137 2184 1256 2222 cum
1294 2166 1469 2220 fausta
1507 2167 1824 2234 precatione
1884 2163 2368 2234 mandatumcon-

786 2258 1030 2321 tineant;
1061 2256 1182 2324 quis
1220 2256 1478 2321 ambigat.
1509 2233 1642 2323 quin
1703 2253 1794 2307 Dei
1848 2263 1902 2306 et
1955 2233 2267 2321 apprccatio
2316 2260 2369 2306 et

789 2351 1103 2400 mandatum
1155 2363 1380 2416 prorsus
1419 2347 1722 2415 priestanda
1779 2344 2026 2398 fuerint?
2073 2344 2371 2399 Conlicitur

789 2441 1012 2507 itaque,
1080 2439 1349 2491 Adatnum
1412 2449 1465 2491 et
1519 2437 1684 2490 Evam
1740 2437 1979 2489 sobolem
2021 2449 2368 2489 numerosam

788 2543 1178 2599 propagatur-os
1220 2533 1427 2591 fuisse;
1478 2546 1651 2599 neque
1697 2532 1844 2584 solos
1896 2529 2020 2583 illos
2058 2527 2369 2597 paradisum

791 2626 1148 2688 habitaturus,
1183 2626 1225 2677 si
1255 2624 1572 2679 obedientes
1607 2624 1959 2676 mansissent.

1338 2737 1568 2793 CAPUT
1642 2737 1810 2790 XXV.

861 2858 1151 2920 Caeterum,
1176 2856 1318 2924 quod
1346 2855 1514 2923 quazri
1541 2854 1697 2919 solet,
1723 2869 1814 2922 per
1833 2853 2203 2906 Venereumne
2228 2869 2376 2905 com-

792 2951 1009 3019 plexum
1076 2963 1297 3016 operam
1335 2947 1520 3000 liberis
1576 2945 1859 3016 gignendis
1913 2945 2089 2998 daturi
2148 2942 2375 2997 fuissent

796 3044 1043 3094 homines
1083 3039 1133 3092 in
1167 3040 1444 3108 paradiso,
1475 3053 1542 3091 an
1596 3039 1802 3106 absque
1838 3037 2040 3107 nuptiis
2073 3054 2086 3091 :
2116 3036 2370 3102 dicimus,

794 3146 854 3188 ut
889 3137 1005 3203 ipsa
1056 3143 1240 3187 nostra
1282 3141 1474 3186 natura
1538 3145 1743 3185 arcano
1809 3131 2106 3185 conditoris
2159 3131 2244 3184 sui
2280 3130 2372 3183 Dei

796 3227 1024 3280 consilio
1073 3226 1206 3278 scite
1238 3225 1586 3288 fecundatur,
1641 3237 1890 3292 augetur.
1935 3223 2370 3291 multiplicatur;

795 3318 868 3370 ita
903 3318 1218 3371 universuut
1255 3331 1473 3384 quoque
1516 3317 1814 3367 humanum
1856 3330 2026 3383 genus
2077 3313 2375 3367 fecundan-

795 3410 948 3472 dum,
979 3411 1310 3480 augendum,
1346 3409 1818 3477 multiplicandum
1853 3408 2042 3471 fuisse,
2069 3419 2125 3462 et
2152 3409 2371 3476 quidem

796 3502 1006 3570 absque
1054 3501 1370 3554 concubitu.
1402 3498 1534 3554 Nam
1563 3509 1614 3553 et
1654 3499 1830 3568 angeli
1883 3501 2036 3553 multi
2084 3511 2376 3556 evaserunt

794 3596 1036 3664 quidem,
1071 3595 1163 3648 sed
1195 3596 1405 3660 absque
1460 3593 1686 3662 nuptiis,
1726 3603 1779 3646 et
1819 3593 1989 3645 Adam
2046 3605 2207 3661 atque
2265 3593 2374 3648 Eva

795 3688 912 3741 sine
956 3687 1158 3740 Venere
1201 3686 1312 3738 nati
1358 3683 1605 3748 fuerant;
1638 3685 1703 3738 ad
1761 3685 1887 3746 hoc,
1929 3686 2089 3738 etiam
2124 3702 2269 3738 nunc
2299 3687 2378 3739 vi-

795 3781 921 3834 dere
953 3788 1036 3833 est
1076 3779 1244 3832 multa
1277 3779 1596 3832 animalium
1635 3793 1828 3844 genera
1859 3779 2065 3848 absque
2087 3780 2230 3832 coitu
2264 3795 2379 3848 pro-

795 3873 1002 3940 pagnri,
1023 3873 1182 3939 quale
1208 3879 1289 3924 est
1308 3871 1569 3923 vermium
1592 3887 1786 3940 genus,
1814 3880 1862 3924 et
1888 3870 2146 3936 culicum,
2167 3872 2379 3941 aliaque

796 3964 1095 4029 complura.
1133 3962 1281 4017 llauc
1315 3965 1638 4018 sententiam
1687 3965 1949 4032 approbat
1983 3979 2202 4032 quoque
2234 3964 2378 4018 Gre-

798 4058 980 4125 gorius
1019 4055 1294 4127 Nysszeus,
1319 4056 1739 4110 Commentariis
1762 4057 1828 4108 de
1852 4056 2088 4110 hominis
2107 4056 2380 4125 composi-

802 4149 968 4209 tione,
997 4148 1160 4216 capit.
1197 4145 1282 4209 l8,
1311 4146 1566 4215 inquiens
1602 4162 1617 4200 :
1647 4147 1812 4198 Aiunt
1845 4146 2102 4214 quidam,
2137 4148 2180 4200 si
2203 4147 2382 4199 nullus

802 4244 998 4293 l'uissct
1020 4242 1070 4293 in
1099 4239 1353 4309 paradiso
1399 4239 1740 4307 complexus,
1771 4239 2042 4292 humanas
2086 4241 2296 4293 animas
2330 4240 2382 4292 in

803 4350 1000 4405 magno
1032 4350 1254 4388 numero
1276 4336 1487 4388 luturas
1519 4349 1625 4387 non
1659 4333 1846 4388 fuisse.
1876 4333 1980 4387 Nos
2004 4349 2130 4387 vero
2152 4335 2385 4388 dicimus

803 4425 1076 4477 hominem
1109 4437 1237 4478 ante
1282 4439 1558 4493 peccatum
1621 4425 1920 4476 admissum
1965 4425 2381 4493 luasiangelum

2463 567 2546 611 est
2595 556 2647 608 in
2689 558 2924 609 humano
2984 570 3179 622 genere
3218 553 3360 622 quod
3416 552 3703 606 Paululum
3746 556 3809 605 ab
3853 557 4056 625 angelis

2464 649 2720 700 minutum
2758 647 2915 709 est",
2940 647 3124 699 ellicax
3167 645 3377 706 fuisset.
3405 658 3460 698 ut
3493 647 3558 699 ad
3581 662 3702 700 cum
3734 658 4057 714 augesceret

2465 755 2749 792 numerum
2769 740 2860 807 qui
2894 738 2986 791 Dei
3015 739 3243 792 consilio
3263 739 3518 792 delinitus
3543 747 3679 792 erat.
3700 737 3851 803 Quod
3872 739 4060 807 siquis

2464 848 2592 886 vero
2619 841 2824 900 quaerat
2863 831 3318 901 procreandarum
3356 831 3659 884 animarum
3697 833 3902 900 absque
3948 848 4056 884 nu-

2467 925 2591 992 ptiis
2617 926 2880 975 rationem
2924 923 3254 990 modumque
3283 963 3294 984 ,
3333 923 3377 975 is
3410 922 3644 975 \icissint
3691 923 3846 974 nobis
3885 920 4055 979 dicat.

2465 1031 2576 1085 quo
2612 1014 2912 1069 suhsistant
2945 1017 3104 1068 modo
3140 1013 3335 1081 angeli,
3371 1014 3451 1067 sic
3477 1014 3617 1066 enim
3650 1013 3901 1066 homines
3934 1013 4058 1066 sine

2466 1111 2748 1178 complexu
2787 1108 3016 1161 fuissent
3044 1108 3380 1176 multiplicati
3410 1115 3466 1158 ut
3492 1107 3693 1175 angeli.
3730 1105 3874 1159 Idem
3901 1105 4050 1173 Nys-

2467 1218 2628 1264 smtts.
2660 1219 2778 1270 estp.
2820 1203 2902 1254 li.
2936 1203 3052 1269 ejus
3111 1201 3315 1267 operis,
3373 1201 3452 1253 sic
3501 1201 3661 1252 balet
3700 1219 3710 1251 :
3757 1199 3811 1251 Si
3851 1214 3934 1250 tne
3969 1198 4056 1250 in-

2469 1297 2850 1365 torrogavcris,
2894 1295 2985 1363 qui
3041 1294 3348 1362 potuissent
3397 1303 3475 1346 tot
3535 1293 3817 1345 hominum
3883 1290 4054 1343 millia

2470 1389 2765 1454 procreari,
2800 1389 2843 1442 si
2894 1388 3215 1441 concubitus
3258 1386 3441 1440 nullus
3498 1386 3714 1447 fuisset,
3776 1400 3877 1455 ego
3933 1402 4055 1438 mtt-

2470 1495 2618 1534 tuttm
2652 1497 2714 1533 ex
2755 1491 2803 1534 te
2853 1490 3052 1548 petam,
3092 1481 3181 1546 qui
3239 1483 3306 1534 sit
3367 1491 3659 1550 prognatus
3699 1481 3893 1543 Adam,
3958 1482 4052 1549 qui

2471 1574 2600 1636 Eva,
2627 1575 2845 1643 quando
2875 1575 3034 1626 nulla:
3055 1574 3418 1627 intervenerat
3453 1573 3680 1640 nuptiae!
3713 1572 3851 1638 Quid
3882 1572 4054 1640 ergo?

2470 1670 2532 1722 ad
2561 1683 2758 1722 eumue
2795 1669 3042 1731 modum,
3078 1683 3190 1734 qtto
3228 1665 3300 1719 illi
3352 1678 3473 1720 sunt
3527 1665 3728 1729 eﬂ'ecti,
3787 1666 4051 1719 ttascituri

2470 1770 2626 1812 erant
2687 1760 2943 1826 deinceps
2987 1773 3178 1810 omnes
3230 1755 3540 1809 mortales?
3599 1755 3739 1808 Sane
3789 1755 4056 1822 genitura:

2471 1853 2667 1905 modus
2699 1853 2891 1904 talisne
2928 1867 2993 1902 an
3047 1849 3182 1902 alius
3217 1847 3377 1901 fuerit
3413 1848 3648 1906 futurus.
3686 1847 3734 1899 id
3771 1847 3881 1913 jam
3920 1847 4054 1898 mihi

2471 1956 2576 1994 non
2614 1952 2696 1994 est
2737 1941 3112 2008 explicandum
3154 1959 3165 1991 :
3222 1942 3321 1991 hoc
3371 1938 3513 1991 enim
3553 1937 3714 1991 modo
3767 1937 4053 2005 quaeritur,

2472 2036 2818 2089 conuubione
2854 2049 2990 2102 opus
3046 2033 3240 2085 fuisset
3293 2031 3399 2084 Deo
3434 2031 3499 2084 ad
3553 2031 3848 2083 humanum
3881 2045 4057 2096 genus

2472 2127 2942 2195 tnultiplicandum
3005 2128 3056 2177 in
3111 2125 3293 2186 terris,
3352 2139 3419 2175 an
3471 2122 3716 2177 minime.
3780 2122 4059 2174 lluctenns

2471 2232 2533 2270 ex
2572 2218 2816 2285 Nysseo.
2855 2216 2958 2269 Sed
3007 2225 3061 2269 et
3111 2214 3368 2267 dominus
3393 2211 3626 2267 Jacobus
3658 2213 3723 2266 de
3773 2211 4002 2265 Botnatn
4042 2229 4057 2266 :

2475 2309 2547 2362 Ex
2581 2311 2782 2378 quibus
2812 2310 3032 2379 (inquit)
3063 2323 3246 2377 quaeso
3285 2308 3492 2373 nuptiis
3529 2306 3707 2360 editus
3740 2315 3819 2359 est
3848 2307 4061 2359 A-‘am?

2472 2418 2609 2470 quos
2643 2417 2835 2469 passus
2876 2403 2989 2468 ipse
3022 2402 3239 2454 dolores
3290 2412 3345 2453 ut
3381 2399 3544 2450 Evam
3582 2399 3833 2466 pareret?
3862 2397 4058 2452 Millies

2475 2496 2789 2564 angelorum
2849 2494 3018 2546 millia
3079 2502 3224 2545 stant
3277 2507 3459 2544 coram
3524 2490 3653 2554 Deo,
3711 2506 3810 2543 nec
3873 2501 4056 2544 tamen

2476 2604 2662 2641 eorum
2717 2588 2863 2641 ullus
2901 2597 3054 2640 utero
3096 2595 3360 2652 gestatus.
3391 2593 3484 2636 aut
3531 2583 3748 2652 gravida
3783 2583 3902 2636 alvo
3933 2600 4059 2636 cum

2476 2680 2759 2733 doloribus
2803 2680 2856 2730 itt
2895 2679 3069 2731 lucem
3128 2679 3308 2730 editus
3340 2687 3420 2729 est
3452 2694 3465 2729 :
3506 2677 3677 2728 multo
3708 2690 3836 2743 ergo
3884 2673 4062 2742 magis

2479 2769 2902 2824 existimandum
2958 2779 3038 2823 est
3081 2769 3329 2838 Opiﬁcetn
3360 2767 3525 2820 Deum
3563 2768 3809 2819 homines
3850 2768 4063 2834 absque

2477 2865 2682 2930 nuptiis
2729 2874 3144 2933 procreaturum
3182 2863 3380 2926 fuisse,
3417 2865 3556 2914 sicut
3590 2861 3794 2929 primos
3840 2876 4065 2926 quoque

2479 2957 2600 3010 illos
2635 2967 2909 3026 parentes,
2959 2971 2986 3008 e
3017 2957 3218 3022 quibus
3267 2955 3519 3007 universa
3556 2952 3666 3006 haec
3711 2952 3922 3020 generis
3963 2953 4068 3002 hu-

2480 3051 2624 3102 mani
2683 3050 2972 3118 posteritas
3005 3059 3126 3101 nata
3163 3056 3267 3111 est,
3321 3047 3645 3116 procreavit.
3684 3043 3748 3095 Et
3787 3042 3947 3112 paulo
3982 3043 4069 3094 in-

2481 3141 2650 3193 ferius
2682 3157 2694 3191 :
2731 3138 2868 3204 Quid
2900 3155 3051 3207 ergo,
3096 3140 3266 3190 dit-ito
3298 3137 3450 3199 mihi,
3486 3137 3796 3189 Abrahamo
3853 3132 4067 3201 proluit

2481 3248 2546 3283 ne
2596 3233 2924 3285 concubitus
2960 3235 3025 3283 ad
3065 3231 3462 3297 ptocreandam
3504 3227 3794 3282 sobolem?
3837 3227 4067 3279 Minime

2478 3324 2609 3378 sane
2643 3343 2653 3376 :
2689 3325 2891 3393 quippe
2947 3323 3038 3391 qui
3097 3332 3174 3376 tot
3227 3323 3386 3376 anuis
3419 3338 3638 3390 operam
3689 3321 3891 3373 frustra
3935 3321 4068 3374 huic

2478 3417 2753 3478 dedisset,
2791 3417 2939 3470 hisce
2969 3417 3110 3485 apud
3155 3417 3322 3469 Deum
3373 3416 3557 3469 verbis
3588 3416 3746 3468 etiam
3779 3427 3891 3466 tum
3930 3431 4070 3469 usus

2479 3518 2562 3562 est
2597 3526 2609 3560 :
2646 3508 2886 3574 Domine,
2927 3509 3050 3577 quid
3076 3510 3202 3561 mihi
3236 3509 3460 3560 daturus
3488 3525 3538 3560 es
3571 3508 3851 3576 quiliberis
3872 3524 4027 3558 careo
4049 3509 4075 3560 7

2480 3599 2644 3670 igitur
2674 3613 2732 3653 ιιι
2775 3609 2906 3654 tunc
2953 3616 3017 3653 ex
3052 3611 3269 3655 mortuo
3301 3601 3444 3654 elleti
3480 3602 3626 3654 senis
3661 3601 3806 3651 iliins
3833 3615 4073 3664 corpore

2480 3693 2648 3745 edidit
2682 3692 2824 3746 Deus
2859 3705 2968 3745 tam
3001 3694 3166 3746 multa
3204 3695 3483 3745 hominum
3523 3694 3688 3744 millit
3718 3711 3730 3744 :
3758 3694 3827 3745 ita
3862 3695 3905 3744 si
3941 3695 4074 3746 ino'e

2483 3783 2551 3836 ab
2615 3784 2772 3836 initio
2838 3783 2932 3837 Dei
2997 3785 3280 3853 praeceptis
3358 3787 3763 3851 acquievisscut
3821 3785 4074 3838 Adamus

2486 3893 2732 3945 uxorque
2762 3876 2892 3941 Eva,
2928 3889 3091 3946 atque
3136 3880 3201 3930 ab
3233 3881 3426 3932 arbore
3457 3879 3758 3946 appetenda
3799 3894 3855 3931 se
3899 3881 4077 3930 absti-

2484 3972 2761 4033 nuissent;
2819 3987 2924 4023 non
2979 3971 3241 4024 defuisset
3298 3971 3403 4025 Deo
3468 3972 3789 4026 fecuudandi
3852 3975 4078 4039 genvris

2486 4061 2708 4112 humani
2777 4062 2936 4113 ratio.
2999 4061 3300 4113 Conlicitur
3348 4075 3478 4129 ergo
3510 4076 3574 4114 ex
3612 4063 3674 4115 iis
3715 4077 3834 4130 tutan
3887 4063 4078 4114 adhuc

2485 4153 2627 4204 dicta
2662 4163 2811 4211 sunt,
2842 4153 3091 4206 homines
3154 4153 3204 4204 in
3245 4156 3497 4219 paradiso
3554 4153 3755 4220 absque
3815 4154 3924 4205 ullo
3973 4170 4080 4205 nu-

2495 4244 2655 4312 ptiali
2695 4245 2977 4313 complexu
3015 4245 3190 4313 reipsa
3230 4245 3586 4297 lelilicaturos
3625 4246 3826 4308 luisse,
3863 4250 3954 4298 sed
4010 4262 4079 4300 ro

2489 4337 2648 4390 modo
2687 4352 2850 4404 quem
2887 4337 3037 4389 solus
3080 4336 3261 4404 Opifex
3299 4337 3438 4391 Deus
3471 4337 3642 4390 novit.

3044 4425 3278 4480 CAPUT
3330 4426 3520 4480 XXVI.

805 4516 995 4581 fuisse,
1032 4518 1124 4571 sed
1184 4534 1278 4586 per
1314 4527 1593 4586 peccatum
1637 4518 1845 4579 ruisse;
1885 4518 1997 4584 ipsa
2028 4517 2168 4569 enim
2209 4535 2384 4572 resur-
2418 4521 2458 4573 D
2562 4521 2716 4574 Sicut
2752 4531 2928 4574 autem
2967 4521 3170 4586 absque
3204 4521 3500 4573 concubitu
3535 4519 3765 4574 fuissent
3793 4524 4075 4588 prognati_

803 4613 974 4665 rectio
1014 4610 1218 4665 reditus
1249 4617 1331 4664 est
1362 4612 1426 4662 ad
1461 4608 1763 4677 pristinam”
1811 4608 2200 4662 conditionem.
2247 4610 2386 4679 Ergo

805 4703 848 4754 si
886 4710 1004 4769 post
1040 4704 1497 4755 resurrectionem
1533 4702 1739 4755 erimus
1780 4701 1945 4754 veluti
1999 4703 2199 4771 angeli,
2247 4717 2384 4756 con-

806 4793 1053 4859 sequitur
1088 4791 1218 4844 tales
1247 4806 1463 4859 quoque
1500 4789 1671 4844 fuisse
1717 4798 1845 4843 ante
1876 4803 2183 4860 peccatum.
2219 4790 2382 4858 Atqui

804 4882 980 4950 angeli
1019 4897 1121 4934 non
1146 4882 1740 4951 junguntutjamplexu;
1772 4897 1899 4950 ergo
1938 4898 2112 4949 neque
2139 4886 2384 4936 homines

801 4974 978 5042 juncti
1035 4973 1264 5027 fuissent
1313 4975 1413 5028 nisi
1452 4985 1766 5043 peccassent
1815 4992 1827 5026 :
1878 4977 1967 5028 sed
2010 4976 2149 5029 sicut
2209 4977 2383 5047 angeli

809 5065 1014 5133 absque
1047 5067 1250 5134 nuptiis
1286 5068 1477 5119 tnillics
1515 5067 1661 5119 tnille
1690 5079 1840 5130 sunt,
1871 5078 1921 5119 ct
1970 5068 2238 5136 myriades
2270 5085 2386 5138 my-

810 5156 1024 5209 riadum
1080 5172 1305 5211 numero
1353 5167 1635 5225 superant,
1665 5157 1735 5208 ita
1766 5172 1862 5209 nos
1888 5172 2125 5225 qttoque,
2154 5158 2255 5212 nisi
2289 5174 2386 5210 au-

810 5253 1016 5321 gelicus
1033 5253 1116 5304 ille
1136 5260 1305 5304 status
1324 5253 1374 5304 in
1395 5252 1548 5304 nobis
1568 5259 1808 5302 mutatus
1829 5251 2019 5303 luisset
2037 5251 2309 5303 connubio
2323 5251 2389 5304 ad

814 5345 987 5399 nostri
1015 5345 1519 5414 multiplicationctu
1554 5344 1776 5397 minime
1808 5358 1944 5412 opus
1989 5344 2389 5408 habuissemus,

883 5489 927 5519 "
965 5487 1107 5540 Psal.
1143 5503 1257 5550 Hll,
1300 5488 1372 5551 5;
1401 5485 1563 5540 llebr.
1597 5501 1653 5550 ll,
1683 5486 1732 5540 7.

886 5608 997 5676 (ll)
1034 5614 1200 5661 t.‘ante
1234 5608 1348 5676 lege
1379 5606 1480 5658 hoc
1505 5614 1686 5673 caput,
1721 5619 1839 5656 nam
1895 5603 2141 5656 dissonat
2183 5620 2210 5656 a
2238 5619 2390 5657 corn-

816 5682 968 5733 muni
1023 5696 1183 5730 st‘usu
1251 5678 1631 5744 theologorum
1700 5677 2010 5725 docentium
2048 5675 2097 5725 in
2129 5686 2272 5726 statu
2307 5678 2391 5726 iu-

818 5751 1081 5802 nocezitiie
1103 5750 1333 5800 l'uturam
1365 5749 1533 5800 fuisse
1564 5747 1841 5798 hominum
1869 5747 2272 5812 generatioan
2308 5763 2395 5813 [ιρι

819 5820 1258 5875 counnistionetn
1292 5819 1459 5872 maris
1491 5827 1545 5870 ct
1579 5815 1767 5872 lemin.
1795 5813 1926 5869 Vide
1951 5814 2006 5867 S.
2044 5815 2233 5868 Thom.
2268 5832 2304 5882 t,
2347 5833 2397 5883 p.

2497 4616 2753 4678 auctique
2815 4627 3041 4664 nurnero
3075 4610 3323 4663 homines
3358 4609 3409 4662 in
3449 4611 3725 4678 paradiso,
3750 4611 3819 4661 itu
3854 4613 3902 4661 in
3950 4627 4078 4662 \‘c.:‘t

2491 4707 2787 4770 voluptate,
2827 4711 2992 4770 atque
3023 4700 3253 4753 inﬁnitis
3276 4700 3525 4769 partibus
3564 4700 3768 4763 majore
3795 4715 3958 4766 quam
3992 4711 4082 4752 est

2489 4812 2550 4848 ea
2586 4811 2689 4862 qua
2731 4794 2889 4846 hodie
2927 4793 3186 4853 mortales
3222 4791 3480 4844 fruuntur
3511 4793 3770 4852 maxima,
3807 4791 3914 4842 illic
3944 4803 4082 4843 ωιλ-

2494 4895 2598 4936 tetn
2657 4885 2987 4951 agitassent,
3020 4893 3206 4951 utpote
3257 4883 3437 4936 ontnis
3493 4883 3729 4946 laboris,
3787 4885 4084 4950 portui-La.

2496 4979 2682 5041 tionis,
2742 4980 3026 5040 tttolestize,
3080 4979 3325 5042 doloris,
3389 4978 3564 5030 morbi
3618 4977 3852 5044 denique
3912 4985 4082 5043 atque

2491 5069 2833 5135 aegritudinis
2853 5079 3119 5135 expertes.
3146 5067 3399 5122 Edisseut
3415 5069 3557 5120 enim
3579 5068 3642 5120 de
3667 5064 3901 5133 paradisi
3917 5067 4085 5118 arbo-

2497 5161 2668 5222 ribus,
2692 5169 2744 5212 et
2763 5160 3147 5212 suavissimum
3171 5175 3237 5212 ex
3262 5161 3498 5212 maximo
3536 5162 3625 5212 illo
3649 5158 4084 5223 dulcissituoque

2501 5251 2736 5319 paradisi
2770 5250 2992 5304 ﬂumine
3018 5261 3204 5319 potum
3230 5253 3492 5305 bibissent
3519 5252 3725 5318 absque
3750 5247 3899 5300 omni
3939 5248 4082 5299 inter

2500 5359 2560 5398 se
2594 5344 2826 5397 dissidio
2887 5346 3109 5409 rixave;
3157 5345 3371 5413 qualem
3405 5344 3578 5414 angeli
3614 5343 3737 5410 ipsi,
3772 5352 3823 5394 et
3857 5339 4081 5408 qualem

2495 5624 2551 5676 q.
2584 5609 2675 5666 98.
2705 5617 2811 5664 ert.
2855 5608 2908 5664 2.
2936 5608 3163 5676 ejusque
3220 5587 3552 5676 interpretes
3585 5603 3820 5676 Bannes,
3861 5599 4082 5676 Cumel,

2501 5671 2829 5741 Valentiam,
2861 5671 3140 5741 Molinarn,
3174 5688 3228 5731 ct
3263 5671 3477 5730 Sixiutn
3535 5677 3736 5729 Senen.
3770 5671 3914 5726 Jem.
3984 5674 4080 5729 lib.

2504 5767 2580 5814 \',.
2624 5750 2759 5800 liibl.
2797 5761 2984 5802 auuol.
3027 5748 3116 5800 ΩΟ.
