4208 6432
126 473 201 532 5ἱῖ

1225 454 1320 512 ΠΕ
1362 447 1760 510 PARADISU.
1805 467 1871 476 -
1914 443 2104 500 PARS
2148 438 2191 497 Ι.

3238 421 3341 483 ειις

128 588 341 631 ﬁdamus
369 593 433 628 ('tt
465 595 493 626 ιι
531 574 637 626 lira
681 580 802 622 ante
836 567 1028 621 fartam
1069 566 1261 634 legem,
1284 564 1447 615 vitam
1485 560 1670 612 viven-
1707 564 1746 616 Α
1776 564 2097 619 corporeum
2122 546 2359 615 quidem,
2384 546 2427 600 si
2464 544 2640 612 ipsum
2671 538 3300 607 aspectaliilemanguem
3330 556 3343 598 ;

127 683 192 723 tes
223 672 269 721 in
307 668 550 735 perlecta
591 678 743 732 pare,
798 660 1079 717 t'liariiate,
1123 653 1435 708 concordia.
1462 652 1671 721 Quippe

129 759 193 809 iliS
220 758 417 822 qitibtts
447 757 557 818 jam
589 751 844 803 mortales
883 748 1118 801 fruimur
1153 743 1543 809 voluptatibus,
1575 756 1673 793 sua

128 850 297 916 tutique
363 844 613 899 molestia
642 843 897 901 CUil:l‘l‘t'l,
933 839 1093 889 veluti
1124 837 1246 889 cibo
1303 836 1517 904 largiori
1551 849 1675 885 cru-

128 940 286 991 ditatis
348 936 587 999 malum,
647 932 796 1001 potui
851 928 1142 997 copiosiori
1223 938 1460 990 nausea,
1522 928 1676 976 bona:

128 1027 398 1081 valetudini
491 1031 755 1087 adversa,
830 1021 1010 1073 robori
1086 1020 1462 1079 imbecillitas,
1528 1018 1677 1067 bona:

130 1117 291 1169 formae
350 1114 703 1175 deformitas;
755 1121 913 1180 atque
960 1110 1011 1163 in
1064 1112 1183 1164 aliis
1243 1122 1479 1176 quoque.
1512 1107 1574 1159 At
1623 1106 1675 1157 in

132 1210 357 1275 paradiso
376 1208 521 1260 nulla
551 1205 739 1259 fuisset
767 1205 1097 1273 ejuscemodi
1122 1217 1300 1256 rerum
1329 1198 1675 1262 vicissitudo;

130 1316 253 1353 mera
304 1301 453 1352 enim
517 1298 624 1351 illic
676 1298 924 1365 voluptas
977 1296 1200 1357 fuisset,
1260 1292 1517 1346 molestia:
1550 1304 1677 1343 vero

130 1404 335 1456 prorsus
366 1388 549 1448 nullm.
580 1398 773 1457 utquze
799 1395 919 1456 post
945 1387 1201 1437 violatum
1237 1383 1325 1437 Dei
1365 1384 1675 1437 mandatum

133 1482 321 1534 tandem
356 1491 530 1535 enata:
563 1483 693 1535 sint.
736 1477 1032 1547 Majoribus
1064 1494 1191 1546 ergo
1214 1478 1424 1531 deliciis
1455 1493 1516 1530 ex
1556 1478 1678 1530 cibo

130 1580 346 1640 potuque
397 1575 504 1626 illic
548 1573 725 1625 atl'ecti
774 1570 1044 1633 fuissent,
1082 1584 1245 1639 quam
1278 1570 1475 1639 quibus
1521 1570 1679 1622 liodie

131 1668 373 1718 mortales
404 1665 809 1718 demulevntnr.

652 1753 880 1809 CAPUT
931 1754 1146 1809 XXVII.

192 1850 259 1900 De
301 1856 541 1914 serpente
574 1846 661 1914 qui
716 1846 879 1897 Evam
918 1847 1137 1898 adortus
1172 1844 1450 1908 derepit.-—
1515 1842 1679 1893 Porro

130 1939 185 1988 de
214 1948 462 2003 serpente
502 1940 579 1989 cic
615 1940 827 1989 loeutus
880 1946 963 1989 est
1009 1939 1167 1987 divus
1220 1934 1395 1987 Moses
1431 1953 1443 1987 :
1480 1934 1545 1986 Ισῖι
1576 1950 1685 1985 ser-

129 2043 233 2095 pens
264 2028 518 2081 callidior
552 2038 663 2081 erat
710 2026 946 2081 omnibus
982 2028 1340 2080 animantibus
1387 2028 1521 2092 agri,
1568 2041 1683 2093 qui?

128 2120 413 2170 condiderat
448 2120 706 2173 Dominus
730 2119 905 2184 Deus;
928 2121 1166 2189 dixitque
1190 2136 1398 2185 serpens
1428 2120 1636 2170 mulieri
1666 2134 1684 2170 :

140 2207 247 2261 νει-ε
298 2213 433 2263 dixit
491 2212 648 2272 Deus,
698 2229 756 2266 ne
797 2214 1130 2266 reueremini
1165 2214 1228 2264 tle
1263 2212 1497 2263 omnibus
1530 2214 1687 2275 parti-

131 2297 295 2349 aisi“.
350 2300 453 2353 llic
507 2303 693 2355 derem
750 2304 906 2356 nobis
945 2304 1309 2371 expendend;e
1351 2312 1509 2369 atque
1560 2316 1685 2352 exa-

132 2393 378 2443 minandae
405 2395 739 2459 qumstiones
788 2404 1356 2463 neeurrunt,quarnm
1396 2409 1565 2461 prima
1603 2403 1715 2451 est;

132 2478 343 2534 fueritne
400 2496 724 2551 corporatus
776 2502 997 2553 serpens
1055 2488 1125 2540 ita
1182 2495 1238 2538 ut
1302 2482 1475 2539 oculis
1541 2492 1687 2537 esset

135 2573 461 2636 aspretabilis
484 2575 573 2641 qui
606 2589 730 2627 cum
770 2576 992 2629 muliere
1018 2576 1445 2643 colloquebatur,
1468 2590 1534 2627 an
1563 2590 1687 2627 vero

136 2664 281 2716 Satan
332 2667 610 2732 corporali
662 2667 931 2732 serpentis
974 2668 1211 2735 specii-ui
1248 2682 1358 2735 prro
1391 2682 1448 2721 se
1486 2666 1684 2730 ferens,

135 2752 258 2803 illam
295 2756 365 2804 sit
396 2754 628 2816 affatus;
654 2770 719 2806 an
750 2755 985 2823 denique
1014 2757 1174 2809 Satan
1207 2758 1343 2809 intra
1381 2762 1687 2826 serpentem

136 2841 311 2905 latens,
344 2844 509 2895 verba
548 2844 634 2896 illa
666 2845 732 2898 ad
777 2847 1055 2899 mulierem
1096 2846 1305 2901 fecerit.
1336 2848 1478 2902 Sane
1517 2850 1691 2904 domi-

138 2947 224 2982 nus
256 2930 507 3002 Epimem
543 2934 777 3002 quodam
826 2950 926 2988 suo
960 2937 1353 2991 commentario
1380 2940 1456 2991 ait
1484 2956 1686 3009 corpo-

136 3032 290 3074 ratum
321 3032 633 3091 serpentem
654 3023 841 3086 fuisse,
862 3024 952 3092 qui
974 3026 1255 3078 mulierem
1279 3027 1549 3081 allocutus
1574 3038 1687 3082 est:

137 3107 376 3161 Satanam
400 3110 548 3163 enim
574 3125 602 3161 a
633 3110 741 3164 Deo
763 3112 1038 3178 petivisse,
1059 3122 1116 3164 ut
1136 3114 1371 3179 serpenti
1424 3118 1691 3169 sermonis

137 3195 429 3252 facultatem
492 3201 813 3253 concederet
885 3201 951 3251 ad
1009 3201 1327 3254 tentandum
1383 3204 1689 3270 Adamum;

1720 1909 1754 1960 Il

1778 645 2076 711 spiritalem
2137 654 2284 701 vero,
2336 639 2380 691 si
2445 650 2666 691 sensum
2728 645 2947 684 omnem
3000 627 3341 695 effugiendi-in

1779 738 2036 787 Satanam
2070 732 2162 800 qui
2203 730 2338 783 intra
2394 730 2543 781 illum
2581 726 2779 779 latebat
2831 732 2993 791 atque
3029 722 3152 773 inde
3186 725 3345 773 verba

1780 822 2360 878 faciebateonsideres.
2387 821 2564 870 Altera
2601 816 2833 885 quaistio
2884 822 2987 865 est.
3026 812 3101 863 Ex
3139 827 3352 878 gruere-

1781 934 1847 970 ne
1880 916 2173 984 reptilium.
2199 928 2265 966 an
2293 927 2424 964 vero
2457 921 2776 962 variet-orum
2806 904 3166 958 animantium
3194 902 3352 953 fuerit

1781 1007 1867 1058 ille
1898 1020 2141 1073 serpens,
2170 1004 2220 1055 in
2246 1016 2406 1071 quem
2450 1014 2508 1051 se
2532 994 2784 1049 Satanam
2836 996 3161 1067 insinuasse,
3191 1001 3354 1057 atque

1783 1099 1852 1148 ita
1884 1090 2006 1149 enm
2039 1095 2268 1147 muliere
2291 1078 2621 1146 collocutum
2647 1088 2928 1141 diximus?
2963 1087 3354 1140 Exisinnamus

1783 1204 1905 1242 vero
1945 1203 2007 1241 ex
2056 1185 2352 1239 bestiarum
2389 1199 2493 1236 non
2541 1180 2845 1248 repentium
2895 1195 3122 1234 numero
3154 1178 3350 1239 fuisse,

1782 1282 1942 1349 idque
1976 1278 2059 1331 his
2094 1276 2243 1329 ducti
2268 1276 2623 1343 argumentis.
2644 1272 2825 1326 Primo
2843 1271 3018 1325 Moses
3035 1277 3107 1324 ait
3131 1287 3355 1338 serpen-

1783 1381 1887 1424 tem
1942 1358 2110 1423 fuisse
2140 1366 2457 1420 astutiorem
2490 1365 2744 1417 omnibus
2772 1364 2997 1427 bestiis;
3039 1377 3143 1414 non
3170 1373 3351 1415 autem

1780 1460 1937 1520 dixit,
1974 1456 2228 1509 omnibus
2260 1452 2565 1520 reptilibus.
2611 1454 2672 1502 Et
2720 1454 2881 1520 paulo
2912 1459 3031 1519 post
3070 1452 3183 1518 ipse
3218 1450 3359 1503 Deus

1784 1552 1846 1603 ad
1876 1558 2181 1615 serpentem
2205 1544 2365 1597 verba
2393 1546 2585 1596 rursus
2608 1542 2816 1595 faciens
2856 1561 2868 1594 :
2912 1540 3225 1593 Maledictus
3251 1540 3357 1609 (in—

1782 1642 1918 1710 quit)
1949 1656 2057 1707 pra:
2085 1639 2225 1690 omni
2258 1637 2421 1687 bestia
2460 1618 2608 1701 iagri.
2643 1618 2692 1685 et
2720 1649 2827 1700 pra!
2849 1635 2989 1686 omni
3015 1633 3235 1685 animali
3258 1672 3272 1690 ,
3308 1639 3358 1682 et

1783 1749 1891 1800 prce
1921 1710 2161 1783 omnibus
2200 1727 2492 1793 reptitibus,
2525 1726 2732 1779 dictum
2785 1740 2893 1778 non
2930 1733 3032 1781 est.
3092 1724 3167 1775 Ad
3223 1723 3358 1785 line,

1785 1827 2025 1879 Adamus
2084 1824 2135 1876 in
2202 1822 2318 1889 ipso
2355 1819 2507 1869 initio
2559 1818 2780 1870 nomina
2830 1816 3021 1869 bestiis
3055 1815 3360 1883 avibusque

1789 1918 2086 1979 indiderat,
2122 1921 2177 1965 ut
2209 1920 2441 1963 testatur
2491 1907 2795 1974 Scriptura,
2825 1924 2933 1961 non
2962 1908 3121 1959 etiam
3157 1905 3361 1973 rcptili-

1792 2010 1945 2061 bus:
1989 2021 2052 2059 ac
2104 2001 2330 2072 proinde
2392 2002 2498 2053 Eva
2554 2016 2584 2052 a
2641 1999 2757 2051 viro
2808 2000 2999 2051 edin-ta
3061 1999 3355 2051 bestiarum

1789 2097 2007 2152 nomine
2034 2102 2361 2163 serpentem,
2391 2093 2535 2161 quod
2556 2108 2620 2145 ex
2648 2093 2944 2145 bestiarum
2970 2105 3165 2160 genere
3189 2100 3356 2151 esset,

1794 2190 1990 2253 Hevio;
2038 2190 2142 2242 hoc
2190 2197 2293 2248 est,
2331 2188 2519 2241 bestiae
2564 2186 2785 2238 nomine
2835 2185 3171 2252 appellavit;
3209 2188 3354 2250 quod

1789 2298 1986 2337 nomen
2040 2282 2108 2335 ab
2162 2279 2368 2332 Adamn
2402 2280 2666 2340 didicerat
2720 2278 2975 2350 scilicet.-
3011 2276 3137 2329 Erat
3173 2265 3356 2341 igitur

1788 2388 2012 2444 serpens
2060 2390 2149 2449 ex.
2178 2370 2474 2427 bestiarum
2528 2351 2747 2438 'genejre,
2785 2384 2889 2419 non
2940 2376 3118 2419 autem
3167 2381 3357 2419 eorum

1791 2468 2146 2520 animantium
2184 2480 2305 2532 qttte
2339 2462 2549 2532 reptilia
2604 2461 2878 2513 dicuntur.
2915 2458 3155 2522 Quaestio
3206 2459 3361 2509 tertia

1789 2567 1873 2612 est
1906 2577 1917 2609 :
1949 2560 2031 2610 An
2051 2542 2213 2625 pedes
2240 2555 2491 2627 habuerit
2510 2567 2769 2620 serpens;
2794 2561 2867 2612 et,
2889 2550 2932 2601 si
2957 2549 3144 2601 habuit
3168 2548 3361 2616 pedes;

1792 2651 2045 2718 bipesne,
2077 2664 2151 2719 an.
2178 2663 2306 2701 vero
2338 2646 2646 2713 quadrupes
2685 2643 2844 2695 fui-rit
2876 2642 3002 2705 ?,Ad
3035 2646 3171 2692 liane
3213 2657 3362 2708 quze—

1791 2745 2023 2796 stioncm
2086 2739 2502 2808 respondemus,
2557 2736 2963 2803 quadrupedem
3000 2732 3200 2796 fuisse,
3237 2747 3363 2789 cum

1772 2850 1854 2891 ,cx
1912 2832 2207 2886 bestiarum
2267 2842 2463 2895 genere
2497 2826 2674 2895 {Mose
2730 2830 2890 2889 teste)
2937 2822 3369 2889 fuerit;easquo

1791 2926 2116 2985 animantes,
2178 2935 2315 2989 quas
2346 2919 2549 2971 bestias
2589 2916 2830 2970 solemus
2882 2928 3097 2974 vocare,
3128 2914 3370 2983 quadrn-

1793 3018 1955 3084 pedes
2014 3029 2134 3069 esse
2190 3014 2490 3066 videamus.
2545 3011 2608 3064 Et
2666 3024 2793 3061 vero
2841 3007 3094 3059 dominus
3121 3005 3366 3072 Epliraani

1792 3110 1918 3162 dum
1954 3108 2066 3158 haec
2110 3106 2162 3157 in
2216 3106 2330 3158 suis
2362 3101 2786 3156 Commentariis
2819 3098 3073 3165 explicat,
3100 3097 3241 3148 inter
3261 3095 3368 3148 alia

1797 3197 1921 3248 ait:
1964 3196 2110 3247 Itane
2167 3194 2416 3253 volebas,
2456 3201 2515 3243 ut
2565 3191 2736 3243 Adam
2799 3188 3072 3240 amitteret
3133 3184 3362 3252 gloriam

137 3289 263 3341 sicut
293 3304 427 3358 Opes
451 3287 573 3341 Jobi
610 3305 828 3358 quoque
852 3292 951 3343 sibi
979 3293 1211 3358 permitti
1244 3296 1557 3360 postulavit,
1582 3260 1691 3365 quo
1720 3260 1763 3318 c
1796 3302 1986 3350 suam;
2020 3299 2241 3353 serpens
2294 3297 2420 3335 Vero
2489 3297 2555 3333 “0
2606 3278 2835 3348 Pf‘dibus
2867 3277 3081 3343 Ψιίάευι
3114 3275 3370 3326 ιηυηθνθ·

138 3380 193 3432 de
225 3381 338 3447 ejus
376 3383 639 3450 patientia
670 3384 871 3433 faceret
899 3385 1221 3449 perieulum.
1252 3383 1327 3437 Ex
1364 3400 1470 3453 quo
1500 3401 1693 3440 conse-

137 3472 322 3536 quitur,
357 3473 433 3524 ita
489 3474 561 3524 illi
610 3460 876 3539 corporeo
912 3475 1147 3538 serpenti
1199 3477 1469 3528 sermonis
1531 3492 1690 3530 usum

137 3556 289 3612 fuisse
336 3552 553 3622 datum,
605 3572 663 3613 ut
708 3561 895 3614 asinae
942 3562 1199 3626 Balaam;
1235 3564 1342 3615 imo
1397 3580 1526 3617 vero
1587 3582 1692 3619 non

138 3650 287 3702 solam
337 3653 733 3715 i-loeutionem,
779 3669 963 3707 verum
1009 3656 1169 3706 etiam
1234 3636 1587 3711 intellectum,
1619 3660 1691 3711 illi

136 3744 357 3808 serpenti
420 3744 653 3796 inditum
713 3744 882 3796 fuisse
935 3745 1169 3797 allii-mat
1229 3744 1511 3812 Epliraem,
1569 3764 1691 3802 cum

143 3829 266 3885 licus
298 3835 483 3898 ipsum
536 3844 591 3885 ut
624 3834 1014 3899 intelligentein
1056 3838 1128 3888 sit
1173 3837 1368 3890 affatus
1404 3839 1486 3892 liis
1522 3840 1692 3892 male-

139 3920 278 3973 dictis
314 3922 694 3990 perstringens
742 3942 753 3975 :
807 3922 1077 3976 Pulverem
1122 3926 1262 3988 edes,
1298 3935 1349 3978 et
1393 3944 1549 3995 super
1576 3944 1696 3980 ven-

139 4022 256 4065 trm
276 4026 424 4066 tuum
448 4013 828 4067 ambulabis”.
855 4016 1087 4084 Cyrillus
1110 4033 1256 4079 vero,
1272 4019 1517 4071 oratione
1542 4022 1695 4073 tertia

141 4106 385 4161 adversus
415 4106 695 4160 Julianuin
728 4108 1032 4174 perfugam,
1058 4109 1133 4159 ait
1158 4110 1335 4176 ipsum
1359 4107 1614 4162 Satanam
1639 4126 1697 4165 se

140 4195 187 4248 in
225 4208 479 4266 serpente
522 4197 965 4259 transformasse,
995 4206 1157 4265 atque
1192 4200 1265 4252 ita
1313 4178 1441 4271 eum
1474 4204 1697 4263 muliere

140 4288 454 4343 collocutum
500 4304 657 4354 esse;
705 4304 768 4340 ac
824 4289 1052 4357 proinde
1106 4290 1277 4357 ipsum
1331 4305 1546 4358 quoque
1596 4295 1697 4345 sub

140 4382 389 4446 serpentis
410 4396 643 4448 persona
672 4379 870 4433 divinis
892 4381 1194 4434 maledictis
1216 4397 1336 4435 esse
1359 4384 1693 4450 perculsum.

142 4470 415 4523 Existimat
472 4470 616 4523 enim
689 4471 952 4539 (lyrillus,
1016 4473 1314 4527 daemonem
1382 4485 1541 4542 posse
1600 4491 1697 4544 pro

1797 3378 1916 3429 ιιιιῖ
1952 3377 2076 3428 Erat
2105 3390 2233 3440 ergo
2266 3374 2574 3441 quadrupes
2598 3371 2792 3438 anguis
2814 3378 2833 3419 ':
2862 3369 2954 3420 sed
2981 3367 3106 3434 quia
3135 3366 3235 3417 fuit
3267 3364 3367 3417 Sa-

1800 3478 1936 3519 tanae
1973 3481 2263 3533 organum,
2298 3473 2351 3516 et
2408 3462 2625 3515 inhaesit
2676 3462 2775 3528 ipsi
2830 3458 3010 3511 divina
3042 3456 3368 3516 exsecratio,

1797 3575 1859 3611 ev
1891 3559 2062 3631 bestia
2121 3558 2297 3609 factus
2343 3564 2427 3608 est
2490 3554 2678 3621 reptile
2742 3550 2965 3607 animal.
2996 3560 3048 3601 et
3082 3566 3204 3601 cum
3242 3557 3370 3599 ante

1798 3651 2021 3717 pedibus
2038 3649 2361 3715 gradiretur,
2391 3647 2647 3713 deinceps
2669 3658 2837 3711 prono
2860 3652 3044 3695 ventre
3068 3642 3331 3708 prorepsit
3356 3658 3366 3691 :

1797 3742 1936 3793 sicut
1970 3749 2024 3793 et
2058 3740 2247 3801 Satan,
2289 3740 2413 3806 quia
2455 3738 2840 3806 prmvaricatus
2866 3734 3059 3794 fuerat,
3088 3748 3151 3784 ex
3177 3733 3370 3799 angelo

1797 3841 2042 3887 evaserat
2078 3832 2441 3892 damonium;
2482 3839 2535 3882 et
2562 3839 2617 3882 ut
2646 3844 2782 3895 uxor
2813 3826 2930 3886 Lot,
2954 3826 3078 3893 quia
3114 3824 3375 3892 respexit,

1800 3939 1864 3975 ex
1903 3924 2123 3976 muliere
2154 3938 2273 3990 qua:
2299 3932 2423 3974 ante
2458 3929 2602 3982 erat,
2644 3918 3025 3972 transformata
3055 3926 3129 3966 est
3170 3915 3220 3967 in
3253 3925 3369 3967 sta-

1800 4024 1946 4067 tuam
1994 4014 2145 4066 salis.
2179 4015 2380 4078 Quarta
2414 4010 2655 4087 ‘qnaastio
2681 4020 2783 4069 est.
2821 4011 2864 4061 si
2897 4010 3137 4083 Satanas
3170 4010 3219 4060 in
3277 4022 3374 4060 an-

1799 4118 1956 4173 guem
1977 4120 2034 4157 se
2068 4091 2382 4165 insinuavit,
2413 4111 2576 4179 atque
2598 4116 2661 4181 ex
2686 4115 2750 4153 eo
2778 4101 2887 4167 ipse
2919 4103 2983 4150 ad
3016 4083 3179 4177 tivam
3214 4098 3372 4153 verba

1794 4197 1957 4261 iecit;
2011 4195 2137 4265 cuti-
2161 4194 2210 4245 id
2264 4186 2314 4246 a'
2350 4194 2497 4246 Mose
2531 4168 2791 4260 scriptum
2831 4207 2934 4241 non
2961 4190 3051 4248 sit,
3078 4188 3171 4255 sed
3204 4188 3373 4242 solius

1798 4288 1988 4355 anguis
2009 4284 2146 4337 facta
2171 4266 2391 4345 mentio.
2417 4276 3169 4353 llic“reSpondemttsslloscm
3191 4280 3376 4346 r-igrg

1792 4390 1893 4449 ‘sta:
1918 4379 2257 4445 scriptorem,
2297 4392 2413 4429 non-
2440 4356 2985 4441 interpreteui'egissc
3022 4359 3122 4423 iac
3148 4371 3375 4445 proinde

1799 4470 1977 4538 qualis
2018 4483 2269 4537 quisque.
2297 4482 2380 4519 res
2426 4467 2535 4540 visa
2567 4462 2669 4527 est,
2692 4463 2865 4542 talem.
2887 4464 2954 4515 ab
2980 4462 3096 4531 ipso
3130 4478 3248 4515 esse
3278 4462 3372 4513 de-

147 4561 358 4615 arbitrio
409 4573 509 4613 aut
558 4562 826 4630 serpentis
877 4572 971 4616 aut
1005 4565 1145 4617 alius
1177 4566 1441 4653 animalisJ
1460 4569 1695 4637 speciem
1737 4598 1777 4651 ο
1806 4548 2084 4629 scriptam,
2121 4576 2226 4631 non
2266 4561 2391 4612 item
2417 4554 2745 4631 explicatum
2776 4554 2953 4640 quise
2982 4568 3167 4607 revera
3207 4552 3373 4605 liabe-

143 4669 289 4720 quam
328 4654 562 4708 voluerit
590 4670 825 4707 sumere.
872 4654 940 4708 At
987 4656 1242 4710 dominus
1276 4656 1508 4713 lacubus
1540 4660 1701 4713 Satu—

145 4748 333 4811 geusis,
386 4748 791 4799 commentario
844 4762 945 4802 suo
988 4748 1053 4801 de
1089 4750 1242 4815 pulso
1294 4750 1502 4803 Adamn
1547 4763 1737 4812 extra.

145 4840 472 4903 paradisum,
515 4838 667 4902 dicit,
710 4838 967 4893 Satanam
1000 4858 1059 4894 se
1091 4842 1489 4910 incorporatum
1536 4817 1700 4912 atque

144 4930 517 4995 aspectabilem
565 4943 795 4997 anguem
829 4928 1161 4997 insinuasse,
1187 4939 1241 4984 et
1272 4931 1395 4984 inde
1422 4946 1545 4985 cum
1575 4948 1697 4984 mu-

148 5020 266 5074 liere
336 5036 467 5075 esse
539 5022 869 5075 collocutum
931 5041 943 5075 ε
1005 5039 1167 5091 quam
1220 5026 1533 5093 Opinionem
1602 5040 1702 5078 nos

149 5110 295 5163 etiam
373 5112 749 5181 approbamus
831 5122 993 5183 atque
1076 5118 1478 5189 amplectimur.
1556 5116 1743 5169 lianc.

148 5202 275 5256 enim
335 5218 527 5257 veram
574 5218 697 5259 esse
744 5204 824 5257 vel
882 5205 934 5258 id
988 5208 1185 5275 arguit.
1232 5210 1375 5275 quod
1423 5209 1704 5279 paradisus

152 5299 327 5366 duplex
360 5309 517 5362 erat;
546 5312 841 5367 corporeus
886 5312 937 5354 et
977 5294 1259 5367 spiritalis,
1302 5311 1359 5355 ut
1385 5301 1594 5371 magnis
1623 5316 1708 5355 ra-
1748 5352 1755 5357 ,

154 5388 375 5444 tionibus
414 5399 506 5445 est
552 5406 581 5442 a
639 5392 795 5445 nobis
844 5388 1274 5447 demonstratum
1311 5411 1323 5447 :
1359 5394 1530 5447 Adam
1579 5394 1703 5447 item

154 5476 351 5549 Evaque
380 5482 621 5551 duplicis
648 5492 700 5537 et
727 5487 1043 5553 composita:
1078 5486 1229 5540 fuere
1258 5495 1484 5549 naturae,
1511 5487 1707 5554 quippe

153 5576 232 5637 qui
268 5586 328 5625 es
363 5587 598 5639 corpore
624 5582 937 5628 constarent
969 5584 1022 5629 et
1052 5576 1261 5641 anima;
1295 5592 1464 5647 quare
1488 5591 1708 5645 serpen-

156 5669 246 5717 tem
298 5679 525 5734 quoque
573 5665 844 5736 duplicem
891 5666 1063 5723 fuisse
1100 5669 1525 5724 existimandum
1571 5678 1702 5724 est:

215 5843 407 5903 “Gen.
447 5863 538 5917 tu,
571 5846 621 5901 i.

696 5849 740 5879 ”
775 5847 910 5903 Gen.
965 5863 1040 5915 ut,
1091 5847 1170 5900 li.
1248 5848 1292 5878 ‘°
1324 5848 1365 5901 ll
1399 5847 1527 5902 Cor.
1563 5863 1622 5913 tt,
1653 5847 1706 5902 5.

1811 4659 1907 4703 ret.
1930 4648 2039 4701 Eva
2067 4658 2245 4701 autem
2268 4657 2571 4713 serpentem
2602 4628 2835 4709 videbat,
2858 4654 3162 4715 serpentem
3186 4659 3371 4697 secum

1812 4743 2115 4809 loquentem
2176 4739 2427 4792 audiebat
2458 4751 2478 4799 ει
2511 4738 2613 4790 hoc
2664 4738 2825 4804 igitur
2858 4737 3033 4805 ipsum
3070 4734 3243 4788 Moses
3272 4748 3372 4786 suo

1810 4834 2010 4900 scripto
2076 4830 2347 4901 prodidit,
2396 4828 2875 4901 quemadmodum.
2920 4826 3047 4879 alibi
3098 4835 3204 4879 tres
3256 4826 3372 4879 illos

1809 4942 1945 4996 quos
1976 4924 2571 4992 videliatAliraliauius,
2608 4920 2754 4973 viros
2775 4898 3093 4988 ‘appellavit,
3126 4933 3246 4969 eum
3273 4916 3370 4967 viri

1813 5035 1915 5071 non
1965 5023 2164 5070 essent.
2199 5012 2277 5065 Ad
2326 5002 2469 5085 .ltoc,
2525 5011 2567 5064 si
2625 5011 2778 5064 divus
2842 5009 3059 5071 Paulus,
3102 5007 3192 5075 qui
3225 5014 3369 5057 tanto

1815 5105 2081 5179 temporis
2114 5103 2632 5181 iuterrallol‘tlloscm
2691 5113 2909 5156 secutus
2960 5109 3077 5161 est,
3122 5114 3246 5151 cum
3286 5112 3369 5150 res

1809 5205 1919 5274 jam
1970 5212 2083 5255 tum
2138 5199 2420 5268 explicatae
2466 5202 2679 5259 essent,
2725 5193 2960 5262 serpenti
3015 5208 3118 5243 non
3158 5188 3369 5242 Satante

1816 5295 2170 5361 imposluram
2202 5287 2469 5347 attribuit,
2501 5285 2747 5354 inquiens
2788 5300 2800 5336 :
2848 5281 3039 5334 Vereor
3085 5282 3221 5333 sicut
3262 5294 3367 5329 ser-

1808 5398 1933 5449 pens
1974 5382 2169 5451 decepit
2217 5378 2470 5443 Evam“,
2511 5386 2638 5437 etc.,
2680 5388 2777 5428 cur
2804 5389 2907 5427 non
2944 5372 3134 5424 merito
3170 5367 3369 5427 Moses.

1809 5475 1902 5545 qui
1928 5486 2035 5530 tam
2063 5472 2245 5527 multis
2279 5470 2529 5525 aetatibus
2557 5467 2784 5520 Paulum
2815 5465 3108 5535 praecessit,
3130 5462 3371 5516 fraudem

1811 5568 2047 5638 serpenti
2096 5558 2410 5633 ascripsisse
2441 5559 2728 5615 videatur?
2767 5556 3061 5626 Scriptor-is
3089 5556 3233 5610 enim
3271 5563 3373 5615 est,

1812 5680 1899 5720 res
1924 5673 2102 5734 gestas
2121 5674 2379 5722 narrare;
2406 5670 2459 5712 at
2479 5656 2787 5724 interpretis
2815 5666 3033 5717 munus,
3058 5665 3087 5703 a
3112 5646 3373 5715 scriptore
