4208 6432
846 402 951 469 519

2136 403 2365 465 MOSIS
2407 402 2559 467 ΒΑΗ
2596 409 2844 470 ΕΕΡΙΙᾹ

4022 424 4123 488 5Ξῦ

843 516 1056 587 prodita
1090 515 1361 586 explicare
1396 534 1408 569 :
1443 529 1507 569 ac
1556 512 1782 584 proinde
1818 508 2015 581 Moses,
2045 515 2137 583 qui
2185 516 2421 586 scriptor
2452 522 2494 578 Α
2528 533 2633 573 nus
2692 520 2953 575 obsecuta
2991 520 3183 576 fuisset
3217 522 3399 581 dictis.
3451 522 3640 598 Igitur,
3676 540 3733 585 ιιι
3781 546 3892 587 sua?
3945 535 4124 593 fraudi

840 623 949 663 non
1010 607 1280 675 interpres
1339 623 1459 661 esse
1529 606 1737 671 voluit,
1800 619 1945 662 recte
2005 609 2250 663 narravit
2310 625 2426 664 scr-

836 708 1055 767 peutem
1096 714 1220 753 cum
1255 698 1362 751 Eva
1386 699 1714 754 collocutum
1755 713 1898 765 esse,
1929 715 2037 756 non
2069 711 2250 756 autem
2286 704 2428 760 dixit

841 788 1101 845 Satanam
1137 793 1278 844 intra
1308 801 1611 861 serpentem
1666 791 1838 847 fuisse
1872 795 2227 849 occultatum.
2264 793 2427 860 Qua:-

839 887 948 940 stio
978 886 1170 956 quinta
1200 896 1303 949 est,
1333 890 1691 955 quamobrem
1725 887 1955 944 Satanas
1993 886 2259 941 Adamum
2296 905 2419 943 cum

836 993 1007 1032 uxore
1041 977 1337 1033 seduxerit.
1379 976 1491 1034 Nos
1519 980 1899 1034 existimamus
1957 995 2181 1035 causam
2206 981 2423 1036 Satanae

835 1068 1007 1125 fuisse
1040 1071 1296 1125 invidiam
1325 1087 1435 1141 qua
1471 1073 1594 1127 illos
1626 1073 2100 1142 prosequebatur;
2132 1090 2257 1128 nam
2294 1089 2418 1128 cum

834 1161 925 1214 ille
981 1162 1204 1216 sublimi
1264 1179 1362 1218 sua
1424 1163 1689 1233 dignitate
1743 1165 2031 1233 gloriaque
2090 1166 2419 1233 excidisset,

832 1250 1148 1321 videretque
1182 1268 1343 1321 porro
1369 1252 1638 1307 Adamum
1668 1268 1733 1307 es
1761 1254 1874 1308 lttto
1905 1256 2331 1323 conformatum,
2352 1258 2419 1313 ad

830 1345 1126 1414 imaginem
1164 1356 1341 1400 tamen
1370 1346 1897 1417 similitudinemque
1921 1348 2009 1404 Dei
2044 1350 2247 1404 factum
2274 1368 2415 1417 esse,

829 1448 995 1507 atque
1023 1438 1266 1492 omnium
1305 1454 1486 1492 rerum
1518 1455 1641 1509 quae
1674 1441 1727 1493 in
1763 1442 1923 1496 terris
1952 1450 2136 1495 essent
2187 1443 2417 1512 imperio

828 1532 1092 1600 potitum;
1169 1543 1427 1600 praeterea
1509 1533 1821 1601 paradisum
1885 1533 2097 1590 deliciis
2158 1538 2413 1591 omnibus

827 1624 1044 1693 plenttm
1090 1624 1443 1691 incolentem,
1487 1635 1654 1695 atque
1700 1627 2068 1696 angelicarum
2126 1630 2411 1700 copiarum

826 1714 1096 1771 fruentem
1122 1717 1407 1780 societate,
1430 1733 1488 1771 se
1518 1732 1646 1772 vero
1668 1727 1860 1772 contra
1882 1720 2234 1776 deturbatum
2252 1733 2417 1793 atque

824 1808 1118 1877 dejectum,
1157 1809 1395 1863 maxima
1449 1820 1729 1881 permotus
1757 1813 2023 1867 adversus
2059 1814 2328 1868 Atlamum
2358 1826 2412 1869 et

2532 606 2688 663 locus
2750 622 2895 666 esset
2958 613 3246 685 verbisque
3304 617 3459 686 lldes,
3515 620 3691 675 induit
3761 638 4120 694 corporatura

2531 699 2662 755 illud
2700 716 2993 773 organum,
3024 717 3367 778 serpentem,
3397 724 3571 780 eoque
3606 714 3789 769 habitu
3828 720 4116 775 visendum

2531 807 2590 847 se
2612 793 2881 850 exhibuit.
2918 796 3161 866 Septima
3194 802 3424 869 quaestio
3472 813 3578 867 est,
3613 821 3713 860 cur
3762 824 3873 877 pne
3904 812 4119 865 caeteris

2532 882 2719 937 bestiis
2785 899 3017 954 anguem
3051 888 3153 942 sibi
3187 887 3420 946 Satanas
3446 891 3500 946 in
3535 908 3801 963 organum
3832 900 4119 971 delegerit.

2528 975 2703 1043 Hujus
2748 976 2826 1031 rei
2874 992 3071 1032 causas
3110 982 3311 1036 multas
3336 998 3458 1038 esse
3489 984 3721 1040 dicimus
3759 987 3941 1044 Primo
3974 992 4121 1046 enim

2526 1070 2737 1123 nullum
2785 1079 2904 1124 erat
2936 1085 3114 1140 angue
3159 1076 3360 1128 animal
3393 1078 3459 1131 ad
3518 1077 3819 1133 fallendum
3850 1086 4121 1147 astutius;

2523 1157 2576 1211 id
2611 1162 2756 1229 quod
2792 1162 2948 1217 divus
2982 1162 3157 1219 Moses
3188 1182 3410 1236 quoque
3441 1171 3525 1225 his
3553 1173 3734 1227 verbis
3781 1174 4068 1245 signiﬁcat
4104 1198 4119 1232 :

2527 1246 2596 1299 Et
2647 1266 2856 1319 serpens
2895 1262 3010 1306 erat
3059 1255 3307 1308 callidior
3336 1262 3479 1311 omni
3525 1263 3693 1315 bestia
3728 1267 3866 1334 agri.
3898 1263 4040 1319 Nam
4069 1278 4123 1321 et

2530 1344 2894 1399 animantium
2958 1347 3061 1400 alia
3125 1348 3339 1403 valt'itie
3394 1352 3689 1420 excellunt,
3762 1366 3818 1411 ut
3880 1359 4113 1428 vulpes;

2528 1437 2657 1501 alia,
2687 1441 2805 1493 rudi
2861 1441 3211 1510 simplicitate
3263 1454 3412 1506 sunt,
3444 1454 3503 1497 ut
3534 1460 3691 1500 oves.
3729 1448 3935 1505 Deinde
3988 1467 4113 1506 cum

2521 1529 2719 1597 anguis
2781 1528 2968 1582 lethali
3029 1545 3240 1584 veneno
3284 1532 3499 1600 plenum
3546 1535 3785 1597 animal,
3821 1548 4119 1592 consenta-

2518 1633 2682 1671 neum
2724 1629 2868 1682 erat,
2906 1630 2963 1673 ιιι
3012 1623 3093 1675 vel
3147 1633 3368 1692 propter
3421 1636 3625 1679 natum
3672 1631 4117 1697 congruentiam,

2518 1711 2864 1764 mortiferum
2928 1726 3091 1765 suum
3154 1714 3394 1768 toxicum
3459 1717 3841 1771 commisceret
3879 1718 4119 1774 Satanas

2516 1817 2642 1857 cum
2679 1806 2950 1872 serpentis
2980 1819 3211 1859 veneno.
3243 1803 3455 1869 Tertio,
3518 1817 3576 1861 ut
3628 1810 3766 1862 idem
3798 1812 4120 1865 usuveniret

824 1900 990 1954 Erant
1025 1901 1252 1966 invidia,
1287 1903 1435 1971 ipsos
1460 1903 1701 1957 seduxit.
1725 1902 1993 1957 Nimirum
2022 1904 2403 1973 hujuscemodi

2512 1889 2729 1946 Satanae
2773 1894 2918 1960 quod
2982 1894 3094 1947 tilio
3149 1894 3223 1947 illi
3260 1895 3531 1964 prodigo:
3571 1898 3618 1951 is
3649 1900 3794 1951 enim
3823 1910 4114 1969 postquam

821 1995 1252 2063 cogitationibus
1304 1996 1612 2065 exagitatus
1660 2004 1791 2049 est:
1829 1995 1942 2064 Ego
2004 1997 2099 2065 qui
2151 1998 2409 2066 spiritalis

823 2105 968 2153 sum,
1004 2089 1227 2152 exsulo;
1270 2098 1324 2143 at
1357 2089 1525 2142 Adam
1558 2090 1651 2157 qui
1683 2104 1981 2157 corporeus
2019 2104 2122 2155 est,
2159 2092 2302 2146 intro
2328 2103 2411 2148 est

822 2190 1075 2248 receptus
1110 2199 1123 2235 :
1159 2196 1260 2250 ego
1308 2178 1630 2249 proﬂigatus
1661 2185 1923 2254 oumique
1952 2183 2123 2251 gloria
2171 2194 2405 2248 exutus;

821 2270 912 2323 ille
943 2272 1107 2339 gloria
1146 2272 1369 2326 indutus
1399 2273 1739 2343 vestitusque
1774 2291 1789 2327 :
1818 2290 1916 2345 ego
1948 2275 2000 2327 in
2048 2276 2186 2337 imo,
2229 2260 2319 2327 ille
2354 2276 2405 2327 in

818 2378 1036 2417 summo
1062 2382 1074 2415 :
1102 2377 1201 2432 ego
1217 2365 1359 2433 apud
1385 2366 1609 2431 bestias,
1636 2365 1722 2417 ille
1751 2367 1889 2434 apud
1921 2366 2143 2437 angelos
2176 2384 2191 2420 :
2222 2380 2324 2434 ego
2354 2366 2405 2419 in

816 2465 972 2509 vasta
1026 2454 1340 2521 solitudine,
1390 2456 1480 2511 ille
1537 2457 1680 2510 inter
1714 2456 2120 2512 amantissimas
2166 2458 2408 2528 paradisi

816 2548 1042 2601 arbores
1073 2558 1343 2604 versatur.
1375 2546 1782 2617 llnjuscemodi,
1820 2549 2069 2618 inquam,
2112 2550 2408 2620 cogitatio-

819 2654 918 2693 nrs
977 2637 1045 2691 ad
1105 2639 1523 2707 prosequendos
1578 2639 1701 2694 illos
1750 2641 1951 2695 invidia
2026 2640 2407 2710 t‘allendosque

818 2732 999 2801 ipsum
1034 2731 1371 2800 impulerunt
1409 2749 1422 2786 :
1454 2732 1654 2803 quippe
1695 2733 2033 2801 intelligebat
2062 2749 2126 2788 ex
2161 2748 2227 2788 eo
2256 2734 2401 2804 quod

815 2824 919 2877 sibi
952 2824 1251 2889 acciderat,
1282 2823 1327 2878 si
1361 2826 1822 2894 peccaretAdam,
1846 2825 2092 2881 futurum
2127 2838 2187 2883 ut
2221 2838 2407 2883 rueret

815 2917 958 2969 sicut
1032 2916 1146 2984 ipse
1200 2916 1351 2985 prior
1424 2918 1945 2990 cecideratzatqne
2007 2936 2071 2974 ex
2147 2930 2402 2990 peccato,

814 3008 1010 3061 horum
1060 3008 1220 3077 plane
1270 3008 1499 3063 alterum
1550 3010 1759 3064 Adamo
1806 3023 2132 3065 eventurum
2165 3028 2308 3079 esse,
2345 3022 2405 3069 ιιι

812 3099 894 3152 vel
923 3107 1249 3157 moreretur.
1286 3115 1383 3169 pro
1418 3102 1525 3155 lata
1556 3102 1669 3170 jant
1700 3114 1827 3156 ante
1853 3104 2145 3166 sententia,
2181 3105 2297 3172 Quo
2320 3107 2405 3160 die

814 3193 1097 3243 comederis
1153 3193 1215 3243 de
1276 3193 1402 3255 illa,
1460 3206 1681 3247 mortem
1732 3205 1977 3262 appetes;
2014 3197 2095 3248 vel
2146 3200 2401 3264 paradiso

811 3279 1201 3346 expelleretur,
1234 3288 1396 3346 atque
1446 3281 1641 3333 deinde
1671 3283 1857 3334 sobole
1898 3293 2178 3346 procreata
2213 3285 2400 3337 multi-

812 3372 1107 3440 plicarclur
1149 3374 1449 3425 secundum
1501 3372 1731 3427 faustam
1769 3375 1913 3427 illam
1949 3379 2398 3445 apprecationem

812 3483 915 3535 qua
940 3465 1082 3522 Dens
1103 3466 1167 3520 ad
1191 3468 1315 3521 illos
1336 3482 1468 3519 usus
1494 3466 1741 3520 dixerat:
1765 3469 1994 3520 Crrsrite
2011 3478 2056 3521 el
2079 3470 2405 3538 multiplicu-

813 3562 984 3625 mini;
1019 3564 1123 3613 hoc
1168 3575 1295 3612 vero
1328 3560 1372 3612 si
1405 3559 1477 3611 illi
1511 3562 1869 3624 contingeret,
1904 3569 2013 3612 ttnn
2050 3560 2163 3612 fore
2206 3571 2265 3615 ιιι
2293 3562 2406 3629 ipse

811 3664 863 3707 et
888 3654 944 3706 in
972 3653 1121 3705 illum
1148 3657 1413 3721 ipsum,et
1437 3653 1487 3704 in
1515 3652 1659 3706 illius
1686 3668 1900 3705 omnem
1923 3653 2406 3721 posteritatemim-

810 3745 1024 3814 perium
1058 3744 1546 3813 exercerethitur
1570 3744 1634 3796 ad
1656 3745 1805 3796 illum
1843 3745 2135 3797 fallendum
2164 3745 2406 3813 percitus

812 3844 897 3889 est
927 3851 1074 3888 mera
1103 3836 1328 3889 invidia.
1365 3820 1524 3889 Sexta
1563 3838 1790 3904 quaestio
1822 3846 1925 3898 est,
1962 3853 2061 3889 cur
2090 3852 2199 3888 non
2237 3852 2403 3905 appa-

811 3930 984 3982 ruerit
1030 3926 1193 3980 Satan
1226 3928 1414 3995 primis
1462 3929 1781 3997 parentibus
1817 3928 2054 3981 humana
2087 3928 2290 3997 specie,
2322 3929 2402 3981 vel

812 4024 991 4077 divina
1030 4023 1201 4091 (quali
1240 4020 1499 4074 Dominus
1529 4033 1715 4075 noster
1754 4022 1805 4073 itt
1864 4024 2091 4089 monte),
2119 4033 2209 4075 aut
2234 4022 2403 4091 ﬁgura

813 4114 1085 4183 majorum
1146 4114 1468 4177 bestiarum,
1506 4113 1695 4182 quales
1734 4122 1863 4166 sunt
1894 4114 2112 4177 cameli,
2140 4115 2404 4180 elephan-

817 4212 917 4265 tes,
947 4211 998 4253 et
1030 4202 1213 4269 ejusce
1256 4203 1473 4268 generis
1518 4201 1637 4252 alia:
1673 4217 1686 4252 :
1740 4210 1833 4251 ant
1886 4200 2122 4268 denique
2169 4216 2267 4253 cur
2297 4218 2403 4253 non

814 4310 914 4348 suo
946 4296 1117 4364 ipsius
1149 4294 1372 4361 proprio
1401 4304 1567 4360 atque
1598 4294 1780 4345 nativo
1820 4292 2029 4357 ltabitu,
2069 4292 2164 4346 sed
2195 4308 2405 4360 organo

815 4398 952 4451 Opus
1014 4383 1289 4436 habuerit.
1342 4380 1482 4434 Sane
1517 4380 1754 4433 humana
1786 4382 1969 4449 specie
1994 4396 2099 4433 non
2132 4383 2401 4451 apparuit,

817 4474 963 4543 quod
1020 4477 1184 4528 sciret
1230 4474 1395 4525 Evam
1433 4490 1539 4526 non
1587 4473 1837 4541 ignorare
1899 4473 2088 4538 altum,
2123 4482 2319 4541 praeter
2347 4488 2405 4526 se

816 4576 1092 4628 suumque
1148 4563 1403 4614 maritum
1464 4561 1738 4613 hominem
1774 4560 1985 4613 nullum
2034 4576 2187 4626 esse;
2225 4576 2397 4631 neque

2512 4555 2738 4624 quaestio
2792 4553 3103 4622 bujusmodi
3163 4563 3244 4607 est
3290 4570 3305 4607 :

819 4670 947 4708 vero
992 4653 1131 4706 Deus
1164 4654 1264 4721 ipsi
1296 4653 1647 4721 permittebat
1683 4664 1740 4704 ut
1773 4651 2050 4705 hominem
2087 4652 2395 4719 simularet,

817 4762 886 4801 ne
938 4746 1139 4815 justam
1183 4746 1404 4798 haberet
1455 4745 1563 4798 Eva
1597 4745 1802 4797 erroris
1837 4744 1921 4798 sui
1968 4744 2395 4810 excusationem,

817 4836 1132 4904 conspicata
1193 4833 1465 4885 hominem
1503 4831 1607 4886 sibi
1631 4831 1861 4885 similem
1893 4846 1922 4885 a
1946 4846 2058 4901 quo
2099 4831 2395 4885 falleretur.

818 4923 990 4979 Porro
1038 4924 1220 4978 divina
1244 4966 1258 4989 ,
1293 4922 1376 4976 vel
1412 4921 1681 4991 majorum
1734 4922 2038 4978 bestiarum
2077 4923 2247 4993 ligura
2289 4937 2397 4975 non

823 5022 1095 5091 apparuit,
1133 5022 1279 5091 quod
1335 5022 1417 5074 hae
1460 5021 1669 5089 species
1705 5020 1877 5074 nimio
1908 5029 2056 5075 metu
2090 5022 2406 5076 concussis-

822 5123 945 5169 sent
990 5114 1510 5183 perturbasscntque
1572 5112 1876 5178 mulierem,
1913 5114 2112 5166 nedum
2158 5114 2224 5166 ad
2303 5128 2404 5167 au-

823 5205 1170 5261 scultandum
1228 5204 1410 5259 verbis
1439 5204 1556 5259 suis
1612 5204 1973 5258 induxissent.
2007 5202 2117 5258 Sua
2170 5204 2407 5275 denique

820 5297 993 5367 ipsius
1043 5297 1278 5349 naturali
1328 5296 1509 5365 specie
1554 5310 1659 5349 non
1693 5305 1774 5350 est
1816 5296 1962 5349 illam
1995 5295 2245 5361 adortus,
2275 5297 2411 5366 quia

824 5389 998 5454 magis
1052 5388 1214 5441 etiam
1283 5396 1627 5442 consternata
1666 5385 1783 5456 ipsa
1831 5385 2026 5442 luisset
2073 5387 2116 5441 si
2150 5387 2270 5457 ejus
2303 5387 2397 5457 qui

820 5480 1045 5534 videndi
1075 5495 1296 5535 sensum
1346 5478 1550 5534 falleret
1587 5478 1747 5533 verba
1786 5477 2059 5544 audisset;
2092 5494 2262 5548 eoque
2304 5478 2410 5533 mi-

842 5655 884 5686 ⁶¹
917 5655 1055 5709 Luc.
1090 5670 1182 5721 xv,
1219 5656 1277 5709 ll
1314 5671 1471 5726 seqq.

2514 1998 2729 2037 summo
2789 1985 3001 2039 honore
3041 1986 3353 2052 excidisset,
3389 1988 3441 2041 in
3476 2004 3568 2042 eas
3589 1994 3842 2044 redactus
3867 2004 3953 2045 est
3986 1993 4113 2045 vita:

2515 2075 2765 2130 miserias
2812 2086 2870 2130 ut
2910 2092 3105 2146 porcos
3134 2093 3362 2146 pascere
3405 2095 3696 2151 cogeretur
3723 2084 3765 2114 “
3809 2102 3823 2137 :
3863 2084 3946 2137 sic
4004 2087 4114 2138 sci-

2514 2167 2639 2222 licet
2692 2170 2859 2221 Satan
2896 2184 2962 2222 ex
3003 2182 3101 2222 sua
3136 2171 3394 2238 delapsus
3443 2174 3637 2240 gloria,
3682 2178 3734 2225 in
3768 2190 4002 2240 anguem
4050 2192 4111 2227 se

2512 2257 2834 2313 insinuavit.
2874 2259 3110 2325 Quarto,
3150 2271 3209 2313 ut
3253 2276 3378 2313 cum
3412 2272 3552 2315 esset
3586 2263 3881 2331 aliquando
3912 2266 4114 2331 anguis

2511 2364 2674 2418 super
2706 2361 2945 2404 ventrem
2982 2367 3146 2406 suum
3181 2364 3569 2423 prorepturus;
3606 2355 3656 2407 id
3690 2358 3884 2422 ipsum,
3955 2357 4108 2409 humi

2511 2456 2751 2510 serpere,
2791 2441 3105 2510 diaboliqui
3145 2443 3198 2495 in
3231 2460 3407 2513 angue
3441 2446 3695 2508 latuerat,
3729 2447 3886 2500 nobis
3914 2462 4107 2501 casum

2512 2534 2582 2586 ob
2614 2536 2806 2588 oculos
2836 2544 3083 2602 poneret.
3119 2534 3365 2605 Denique
3398 2535 3470 2589 ita
3505 2544 3700 2589 natura
3722 2549 4105 2605 comparatum

2511 2635 2597 2679 est
2655 2635 2967 2693 serpentum
3023 2642 3217 2696 genus,
3253 2636 3312 2679 ut
3367 2626 3583 2680 occulta
3642 2627 3891 2696 quaedam
3935 2630 4103 2683 veluti

2510 2715 2753 2770 fraterna
2811 2717 3009 2772 indolis
3069 2719 3400 2786 conjunctio
3451 2719 3553 2788 ipsi
3602 2734 3725 2772 eum
3759 2720 4105 2775 daemonibus

2511 2807 2812 2861 intercedat
2844 2807 2981 2876 (ιε),
3025 2810 3129 2862 etsi
3168 2823 3231 2862 ea
3292 2823 3392 2862 nos
3426 2811 3608 2863 lateat.
3639 2808 3839 2864 Octava
3870 2814 4104 2879 quazstio

2511 2907 2615 2964 est,
2642 2915 2742 2953 cur
2770 2900 3081 2970 permiserit
3106 2900 3250 2954 Deus
3271 2899 3486 2954 Satanae
3507 2910 3561 2954 et
3592 2906 3826 2970 serpenti
3858 2905 3913 2957 in
3942 2922 4104 2974 para—

2509 2993 2689 3047 disum
2755 2993 2983 3047 introire
3019 3010 3032 3044 :
3068 2994 3179 3046 itno
3222 3008 3352 3048 vero
3384 2994 3620 3059 Satanae,
3664 2995 3935 3048 Atlamunt
3971 3014 4102 3051 cum

2508 3100 2681 3140 uxore
2717 3085 2926 3140 fallere.
2970 3085 3050 3139 Ad
3090 3086 3231 3139 hanc
3262 3088 3619 3153 qumstionem
3654 3091 4057 3156 reSpondemus
4084 3130 4101 3154 ,

2510 3180 2690 3230 varias
2735 3178 2807 3231 ob
2858 3193 2946 3230 res
2978 3179 3245 3245 permissa
3280 3179 3368 3231 illa
3407 3194 3553 3233 esse.
3620 3178 3875 3233 Permisit
3915 3186 4096 3237 enim.

2430 3235 2472 3291 ϐ
2504 3273 2633 3324 dum
2692 3272 2910 3327 Satanan
2965 3275 3270 3327 libertatem
3325 3263 3437 3328 non.
3485 3278 3761 3344 impedivit
3799 3280 4103 3345 quominus

2502 3370 2696 3429 suopte
2728 3362 2954 3415 arbitrio
2986 3373 3252 3426 uteretur,
3313 3365 3450 3417 sicut
3487 3382 3662 3434 nequc
3692 3369 3875 3419 Uziam
3904 3371 4103 3435 prohi-

2508 3455 2623 3505 ltuit
2682 3469 2711 3505 a
2750 3454 3113 3507 sanctissimis
3163 3455 3363 3523 adytis,
3388 3470 3453 3507 ne
3488 3470 3585 3523 pro
3640 3456 3915 3524 voluptate
3952 3461 4005 3511 in
4037 3477 4100 3513 ea

2506 3554 2850 3614 penetraret.
2883 3544 3147 3599 Prteterea
3198 3548 3324 3599 sivit
3372 3546 3513 3601 Deus
3573 3550 3659 3600 illa
3709 3551 3951 3615 evenire,
3988 3568 4102 3620 quo

2505 3636 2837 3699 ostenderet,
2872 3637 3335 3705 quemadmodum
3384 3637 3497 3692 ﬁeri
3524 3640 3698 3706 pOtttil
3728 3651 3785 3692 ιιι
3819 3642 4097 3694 Ααιοιηιιιιι

2506 3726 2589 3778 Siti
2638 3726 2928 3794 imaginem
2976 3726 3505 3796 sintilitutlincmque
3532 3730 3599 3781 de
3632 3739 3774 3783 terra
3817 3733 4099 3788 aboleret;

2508 3815 2579 3867 ita
2625 3830 2818 3869 rursus
2873 3830 2930 3867 se
2985 3816 3113 3869 huic
3159 3817 3260 3884 ipsi
3318 3818 3631 3884 permisisse
3674 3828 3729 3871 ut
3782 3832 3973 3887 posset
4001 3838 4103 3890 per

2507 3910 2821 3977 superbiam
2852 3920 3015 3979 atquc
3042 3910 3239 3964 fastum
3277 3911 3532 3965 allectare
3567 3913 3805 3966 divinam
3836 3914 4101 3983 majesta-

2509 4015 2638 4057 tetu.
2687 4004 2915 4073 Insuper
2964 4013 3022 4056 nt
3070 4020 3136 4057 ne
3194 4004 3328 4056 nihil
3382 4013 3530 4059 esset
3588 4020 3711 4058 cum
3757 4022 3866 4074 quo
3893 4009 4096 4060 Adami

2508 4096 2730 4149 libertas
2763 4096 2973 4149 arbitrii
3005 4107 3189 4165 posset
3226 4096 3509 4149 decertare
3544 4097 3816 4166 :deniquc
3854 4108 3909 4151 ut
3944 4101 4098 4166 peri-

2508 4189 2691 4238 culurn
2726 4188 2877 4239 lieret
2912 4188 2978 4238 de
3000 4186 3210 4237 Adamn
3246 4186 3619 4240 observansne
3648 4188 3887 4241 mandati
3917 4190 4098 4240 divini

2510 4288 2680 4343 esset,
2719 4294 2786 4331 an
2820 4279 3068 4331 minime.
3131 4276 3300 4331 Erant
3352 4280 3516 4347 igitur
3569 4294 3693 4331 cum
3742 4281 3903 4333 arbor
3950 4280 4096 4349 ipsa,

2508 4379 2621 4424 tum
2680 4368 2915 4423 Satanas
2948 4380 3111 4437 atque
3146 4384 3370 4437 serpens
3401 4369 3464 4421 ad
3519 4370 3909 4438 explorandam
3965 4373 4103 4425 Atla:

2508 4462 2718 4514 arbitrii
2752 4462 3060 4514 libertatem
3091 4463 3504 4514 acconnnolata
3536 4462 3921 4514 instrumenta.
3942 4461 4101 4517 Nona

3360 4552 3472 4606 Cur
3526 4554 3690 4620 angui
3749 4553 4104 4608 maledixerit

2506 4647 2670 4711 Deus,
2723 4645 2817 4715 qui
2873 4645 3082 4698 ttullum
3143 4645 3323 4698 scelus
3382 4652 3643 4712 patrarat,
3694 4642 3910 4697 Satanas
3959 4660 4103 4699 veto

2504 4738 2692 4808 ﬂagitii
2739 4753 2831 4791 reo
2879 4738 3153 4805 noxioque
3201 4736 3337 4789 nihil
3397 4734 3526 4788 tnali
3576 4735 3912 4803 imprecatus
3966 4738 4041 4790 sit
4074 4739 4099 4771 ⁴²

2507 4847 2685 4901 neque
2704 4831 2847 4884 enim
2873 4830 3047 4883 libero
3067 4829 3321 4883 utebatur
3342 4827 3536 4895 anguis
3560 4826 3811 4890 arbitrio,
3837 4835 3892 4878 ut
3908 4840 4104 4895 posset

2508 4939 2566 4979 se
2598 4922 2815 4978 Satanm
2859 4938 2957 4991 pro
3003 4922 3369 4975 instrumento
3412 4934 3516 4971 non
3552 4926 3829 4986 praestare.
3862 4918 3941 4971 Ad
3978 4921 4101 4972 haec

2507 5016 2742 5071 dicimus
2806 5016 3129 5070 detestatum
3187 5027 3308 5067 esse
3359 5026 3591 5080 anguem
3652 5018 3713 5063 ut
3762 5010 3864 5063 hoc
3909 5009 4095 5077 ipsum

2508 5109 2729 5163 Satanae
2778 5108 3063 5162 molestum
3127 5107 3418 5167 accideret,
3453 5104 3545 5173 qui
3589 5102 3687 5155 illo
3717 5101 3973 5155 utebatur
4010 5104 4106 5153 in-

2510 5212 2850 5266 strumento;
2886 5199 3054 5254 veluti
3103 5199 3149 5253 si
3198 5196 3323 5267 quis
3359 5196 3630 5250 musicum
3665 5192 4100 5247 instrumentum

2509 5291 2841 5361 confringat,
2873 5306 2982 5361 quo
3013 5304 3139 5344 eum
3181 5289 3273 5359 qui
3306 5289 3400 5342 illo
3464 5286 3697 5366 canebat
3760 5283 4040 5339 excruciet
4084 5302 4101 5336 :

2511 5399 2717 5455 equum
2774 5384 3034 5438 nimirum
3088 5382 3323 5453 graviter
3377 5378 3690 5449 prostravit,
3722 5386 3781 5431 ut
3823 5391 4104 5430 sessorem

2520 5478 2687 5534 simul
2721 5486 3133 5541 consterneret;
3170 5488 3474 5543 navemque
3530 5469 3816 5531 subvertit,
3864 5480 3924 5521 ιιι
3963 5482 4108 5519 nau—

891 5812 1005 5890 (_I2)
1038 5814 1209 5871 Caute
1233 5813 1531 5887 lege;nam
1568 5815 1872 5873 similitudo
1900 5817 2150 5889 quaedam
2215 5816 2442 5888 indolis,
2483 5832 2591 5875 non
2682 5816 2922 5877 fraterna
2975 5820 3293 5890 coniunctio
3348 5820 3486 5874 inest
3540 5815 3766 5873 colubro
3810 5828 3939 5869 cum
3981 5811 4110 5868 dia—

824 5883 973 5938 bolo.
