4208 6432
173 391 253 458 5‘21
1284 389 1381 446 DE
1427 385 1819 444 l’;\il:\l)lSU.
1865 408 1927 418 --
1971 384 2157 441 i‘Alis‘i
2203 382 2248 442 Ι.

3290 374 3393 434 522

175 523 264 564 tam
320 507 599 559 multaret.
656 504 980 572 Serpentem
1035 515 1165 570 ergo
1227 498 1530 553 maledictis
1585 493 1948 558 feriitAhtec
2009 503 2228 563 propter
2285 489 2628 543 llebr.eorum
2695 500 2915 556 quoque
2974 483 3394 540 imbecillitatem

173 602 316 660 Deus,
350 607 408 650 ut
436 598 697 651 Satanam
759 593 943 648 dolore
996 597 1221 661 surgeret
1265 591 1355 657 qui
1388 591 1439 643 iu
1474 596 1730 656 serpente

175 691 512 758 loquebatur;
569 687 712 739 sicut
766 695 820 738 et
870 682 1135 749 legionem
1191 680 1382 734 aﬂlixit
1453 677 1730 748 perdendo

174 797 350 851 porcos
372 781 416 812 ⁶⁶
448 798 461 831 :
495 776 850 842 simulatque
880 773 1022 826 enim
1057 772 1289 825 Satanas
1315 769 1595 837 conspexit
1628 784 1730 821 an-

176 887 310 942 guem
333 869 554 923 amissis
578 869 806 936 pedibus
840 865 990 917 humi
1015 863 1270 924 volutari,
1305 862 1502 916 acerbo
1528 877 1730 930 angore

174 963 502 1015 excruciatus
554 969 656 1013 est.
694 956 960 1009 Prii-terea
1016 956 1135 1008 ideo
1185 968 1402 1022 quoque
1454 951 1732 1005 maledixit

175 1050 414 1118 serpenti,
450 1049 596 1119 quod
648 1045 860 1099 Adamo
894 1056 1061 1110 atque
1107 1041 1229 1096 Eva:
1277 1043 1532 1111 peccandi
1568 1058 1729 1095 causa

174 1141 491 1204 exstitisset;
541 1137 686 1190 sicut
745 1137 1052 1204 iumentum
1105 1133 1373 1201 lapidibus
1403 1133 1732 1186 obruebatur

175 1246 282 1285 cum
308 1247 418 1300 quo
451 1244 654 1297 corpus
703 1231 1000 1282 miscuerat
1029 1225 1266 1288 homo",
1303 1241 1368 1279 eo
1394 1227 1535 1295 quod
1565 1241 1730 1279 causa

175 1323 283 1374 mali
317 1322 543 1384 l‘uisset;
576 1322 836 1389 scriptum
869 1319 1121 1372 csteuim
1161 1334 1174 1370 :
1210 1317 1290 1371 En
1339 1319 1538 1370 malum
1575 1318 1728 1382 t'cnit,

175 1414 248 1466 sed
266 1429 334 1464 rn-
353 1413 438 1464 illi
461 1429 552 1479 per
570 1429 722 1479 quem
743 1413 877 1463 venit
898 1413 968 1464 ⁸³.
988 1414 1066 1465 Ad
1090 1415 1200 1466 lizee
1221 1415 1293 1466 ita
1316 1411 1590 1465 maledixit
1617 1427 1731 1466 ser-

176 1507 304 1572 penti
341 1516 562 1574 propter
598 1505 880 1566 Satanam,
911 1513 968 1557 ut
1005 1516 1162 1558 terrm
1189 1515 1408 1572 propter
1439 1504 1728 1557 Adamum.

176 1596 386 1664 insuper
424 1597 526 1648 hac
572 1597 736 1649 etiam
795 1598 860 1650 de
913 1613 1078 1651 causa
1139 1596 1416 1649 maledixit
1469 1597 1730 1665 serpenti,

173 1701 267 1754 quo
289 1689 456 1740 Adam
489 1687 705 1756 Evaque
724 1688 836 1757 (ubi
871 1689 1117 1740 viderent
1151 1698 1408 1755 quautam
1441 1689 1733 1741 sustineret

173 1791 376 1846 serpens
429 1795 493 1832 ex
548 1780 732 1833 divina
787 1779 1173 1834 maledic-tione
1207 1781 1455 1842 multam,
1504 1778 1730 1847 pedibus

1833 585 2008 637 noluit
2077 582 2253 637 Moses
2327 581 2574 650 spiritum
2652 582 2789 632 intra
2857 593 3086 648 anguem
3148 577 3401 631 latentem

1833 677 2098 746 prodere;
2146 693 2213 729 ne
2257 675 2463 730 scilicet
2497 672 2576 725 illi
2628 673 2995 726 adversariam
3031 669 3141 725 Deo
3171 678 3402 737 potesta-

1833 777 1938 821 tem
1974 783 2093 821 esse
2135 767 2296 819 ullam
2347 769 2723 834 opinarentur,
2769 778 2886 831 qine
2933 763 3233 830 majoribus
3265 761 3407 814 l'reta

1834 860 2040 912 viribus
2091 867 2275 926 p05set
2327 857 2531 926 aliquid
2568 855 2738 908 invito
2768 868 2925 922 agere
2957 854 3084 908 Deo.
3114 852 3248 906 Nam
3285 853 3406 908 ideo

1830 951 1995 1004 etiam
2029 949 2346 1018 angelorum
2384 950 2526 1002 nulla
2563 957 2645 1002 est
2677 964 2706 1000 a
2738 947 2884 1000 Mose
2915 947 3054 999 facta
3103 947 3307 999 ruentia
3340 947 3406 1000 ad

1833 1041 2028 1110 Agaris
2055 1056 2224 1110 usque
2243 1049 2475 1104 a'tatem,
2501 1057 2568 1094 ne
2595 1038 2766 1094 Judzei
2796 1038 3204 1107 suspicarentur
3227 1037 3408 1106 plures

1833 1149 1952 1188 esse
1987 1134 2136 1188 deos.
2176 1131 2402 1201 Insuper
2443 1134 2692 1202 quamvis
2726 1148 2835 1186 non
2886 1141 3074 1201 aperte
3130 1132 3404 1185 maledixit

1837 1225 2052 1279 Satanae
2095 1225 2268 1288 Deus,
2333 1236 2510 1277 tamen
2551 1227 2762 1280 occulte
2796 1234 2960 1293 atque
2994 1225 3311 1279 abscondite
3359 1224 3408 1277 id

1833 1317 1901 1370 ab
1965 1317 2056 1371 illo
2113 1318 2351 1371 maxime
2404 1326 2584 1370 actum
2663 1334 2782 1373 esse
2844 1318 3202 1371 aﬂirmamus.
3274 1318 3407 1368 lium

1833 1407 1973 1460 enim
1994 1423 2247 1477 expresse
2269 1425 2501 1478 anguem
2525 1412 2934 1474 exscrrabatur,
2963 1409 3124 1462 tacite
3150 1407 3407 1460 Satanam

1835 1500 2132 1553 maledictis
2158 1501 2550 1568 pei'striugehat
2572 1516 2586 1562 ;
2609 1501 2750 1565 quod
2772 1512 2888 1569 post
2915 1500 3281 1568 probabimus,
3305 1497 3410 1550 Deo

1827 1590 2074 1658 juvante.
2117 1589 2266 1642 lianc
2318 1593 2462 1642 enim
2525 1591 2740 1644 Saturne
2775 1591 3211 1645 maledictionem
3266 1591 3408 1642 clare

1833 1687 2070 1746 arguunt
2101 1679 2188 1730 ilia
2223 1679 2423 1734 Christi
2456 1681 2613 1734 verba
2643 1682 2694 1735 in
2721 1681 3015 1752 Evangelio
3042 1699 3054 1735 :
3093 1683 3232 1754 Quin
3260 1683 3402 1750 prin-

1835 1788 1950 1836 (αρε
2015 1773 2196 1823 mundi
2253 1771 2409 1839 hujus
2443 1772 2558 1839 jam
2597 1774 2866 1840 judicatus
2907 1785 2985 1827 cst
3029 1775 3093 1830 ⁸³.
3127 1775 3192 1828 Et
3226 1778 3351 1830 aTihi
3395 1798 3408 1831 :

172 1845 320 1924 orbus
342 1881 508 1939 atque
534 1885 696 1939 super
736 1881 976 1925 ventrem
1007 1872 1352 1940 proreplans)
1389 1871 1729 1924 animadver-
1765 1845 1804 1899 υ
1835 1863 2254 1926 Discediteame,
2282 1864 2570 1932 nmlediqti,
2590 1868 2643 1916 in
2663 1869 2830 1935 ignem
2851 1871 3410 1939 wternum,quiparu-

173 1973 328 2016 terent
375 1975 542 2033 atque
578 1964 942 2032 intelligerent
975 1965 1027 2018 iu
1064 1979 1226 2033 quam
1265 1978 1478 2030 gravem
1515 1963 1730 2015 incidis-

174 2062 279 2106 3cm
329 2067 598 2116 errorem,
633 2065 1010 2122 quantumque
1063 2053 1323 2120 ﬂagitium
1380 2053 1732 2106 admisissent

174 2147 394 2213 serpenti
451 2146 934 2214 obtemperantes:
968 2160 1030 2198 ac
1064 2145 1288 2213 proinde
1355 2144 1407 2197 iu
1453 2154 1729 2211 posterum

174 2251 354 2302 magno
379 2248 528 2290 metu
560 2237 995 2290 continerentur.
1033 2235 1135 2290 Sed
1161 2237 1312 2305 juvet
1341 2236 1481 2303 apud
1516 2249 1610 2290 eos
1638 2235 1730 2306 qui

174 2326 297 2379 hanc
328 2337 548 2382 movent
590 2329 944 2397 quaastionem
1003 2328 1103 2380 hac
1150 2337 1400 2379 mutuum
1432 2327 1731 2395 QULCSliUllc

174 2418 238 2469 uti
269 2436 283 2471 :
313 2420 461 2472 Itane
494 2437 610 2483 vos,
639 2421 905 2490 serpentis
934 2417 1246 2472 vindicandi
1279 2419 1450 2488 gratia
1489 2419 1732 2487 quairitis

173 2524 254 2563 cur
303 2513 682 2565 exsecratione
711 2511 1026 2580 perstrictus
1077 2511 1147 2562 sit
1178 2509 1270 2578 qui
1304 2509 1530 2564 arbitrio
1564 2511 1732 2564 libero

173 2605 379 2659 minime
429 2607 668 2660 donams
719 2604 844 2657 mali
875 2605 945 2658 nil
988 2605 1263 2674 patiarat?
1295 2605 1456 2658 dicite
1479 2647 1491 2668 ,
1522 2622 1728 2675 qtneso,

171 2698 392 2750 vicissim
419 2697 578 2757 mihi,
620 2711 719 2750 cur
748 2694 897 2759 ferm,
948 2696 1218 2763 iumenta,
1251 2695 1502 2748 volucr-cs
1533 2695 1748 2752 diluvio.

173 2790 388 2857 periere,
436 2805 558 2856 qua:
591 2804 697 2841 non
755 2787 1136 2854 deliquerunt?
1167 2797 1263 2841 aut
1316 2787 1444 2856 quid
1487 2803 1734 2842 meruere

171 2894 311 2941 oves,
348 2883 622 2948 bovesque
664 2888 716 2932 et
747 2895 872 2934 aves
905 2895 1023 2949 quis
1069 2880 1314 2949 quotidie
1372 2879 1615 2933 insontes
1666 2881 1729 2932 ad

169 2970 417 3025 sacriﬁcia
468 2972 847 3026 debebantur?
900 2973 1038 3037 Quid
1087 2972 1476 3026 commiserant
1538 2986 1726 3040 pecora

168 3059 411 3129 Job,qu;e
440 3064 660 3116 innoxia
683 3080 804 3116 cum
842 3075 1044 3128 essent,
1063 3065 1172 3134 igni
1196 3073 1324 3118 sunt
1352 3064 1548 3118 tradita
1568 3066 1732 3118 devo-

170 3151 356 3203 randa?
404 3153 521 3204 Cur
571 3151 825 3207 Christus
873 3154 1071 3223 legioni
1114 3155 1359 3224 permisit
1419 3170 1613 3223 porcos
1675 3156 1726 3208 in
1759 3182 1802 3241 ε
1837 3154 1981 3208 lmuc
2008 3156 2225 3209 modum
2263 3173 2277 3210 :

170 3244 288 3294 mari
322 3244 697 3305 suﬂ'oeandos,
731 3245 822 3314 qui
856 3262 961 3298 non
1002 3247 1332 3315 peccaraut?
1376 3247 1487 3300 Cur
1517 3247 1728 3300 sacriﬁ-

169 3335 440 3401 eabamur,
500 3336 978 3405 offerebanturque
1033 3338 1303 3391 columba:
1366 3353 1430 3392 ac
1487 3347 1726 3392 turtures

170 3443 252 3495 pro
274 3431 561 3496 cxpiand's
583 3429 817 3498 peccatis
848 3445 1082 3497 quorum
1112 3431 1244 3498 ipsa:
1271 3439 1518 3498 expertes
1541 3432 1730 3485 erant?

170 3518 265 3571 Cur
296 3522 412 3573 ovis
451 3536 549 3588 pro
588 3519 770 3587 pepuli
797 3519 1168 3588 redemptione
1199 3522 1606 3585 immolabatur,
1633 3535 1725 3575 aut

171 3613 346 3667 limdus
389 3616 730 3668 mactabatur
763 3631 855 3682 pro
886 3614 1132 3666 ecclesia:
1162 3613 1455 3682 impietate,
1497 3617 1575 3668 vel
1624 3617 1723 3668 bos

169 3717 253 3769 pro
282 3706 570 3758 saCerdote
622 3703 909 3774 improbo,
959 3720 1082 3758 eum
1134 3720 1309 3773 neque
1360 3707 1498 3768 ovis,
1547 3723 1721 3776 neque

171 3793 362 3859 haedus,
401 3813 579 3863 neque
625 3796 723 3849 bos
770 3795 1163 3865 deliquissent?
1195 3795 1306 3848 Cur
1355 3797 1722 3861 contumeliis,

169 3884 264 3936 imo
287 3886 449 3937 etiam
487 3895 659 3939 morte
692 3885 866 3938 affecti
912 3897 1034 3937 sunt
1070 3901 1166 3954 pro
1197 3886 1396 3954 populo
1452 3888 1724 3955 propheta:

169 3972 785 4038 innocentissimi?Quid
844 3973 1129 4027 Christus?
1173 3989 1350 4028 nonne
1397 3976 1718 4044 supplicium

168 4063 327 4116 crucis
358 4063 622 4116 sustinuit
655 4078 750 4131 pro
785 4063 987 4117 nostris
1018 4065 1255 4132 peccatis
1278 4064 1301 4116 ?
1322 4063 1432 4118 Cur
1457 4080 1584 4136 ergo
1606 4082 1716 4120 scr-

167 4157 324 4222 peutis
373 4159 603 4209 multam
663 4157 1301 4228 suggillatis?Numquid
1360 4163 1570 4230 aequius
1600 4178 1724 4217 esse

168 4252 419 4303 duceretis
446 4252 492 4303 si
521 4250 785 4302 Adamum
823 4249 966 4304 Deus
1000 4253 1375 4306 maledictione
1405 4255 1717 4315 multasset,

166 4352 454 4407 serpentem
478 4357 604 4394 vero
629 4340 844 4394 interim
872 4341 938 4393 ab
965 4344 1112 4395 oinni
1139 4359 1279 4397 noxa
1307 4344 1535 4398 liberum
1559 4355 1722 4416 atque

167 4429 422 4498 impunem
463 4433 738 4486 habuisset
774 4432 796 4484 ’ἒ
823 4431 1282 4489 Destituendusne
1314 4438 1407 4491 tibi
1440 4438 1722 4492 videbatur

1836 1964 1918 2006 tua
1936 1965 2011 2007 est
2033 1956 2239 2008 diabolo
2255 1967 2304 2010 et
2321 1959 2521 2026 angelis
2549 1957 2681 2026 ejus.
2710 1957 2925 2011 Decima
2946 1963 3170 2028 quaestio
3188 1973 3271 2015 est
3311 1979 3410 2016 cur

1834 2044 2008 2100 Moses
2039 2059 2341 2117 serpentem
2369 2049 2648 2118 scripserit
2673 2052 2989 2104 astutiorem
3029 2051 3196 2106 fuisse
3221 2053 3410 2107 bestiis

1837 2139 1971 2206 agri,
2013 2155 2119 2192 non
2151 2150 2332 2194 autem
2371 2141 2794 2211 prmlentiorem.
2839 2145 2917 2196 Ad
2949 2145 3088 2198 hanc
3114 2146 3412 2214 responde-

1835 2245 1958 2283 mus
2021 2231 2362 2297 prudcntiam
2393 2231 2570 2285 virtuti
2601 2233 2809 2286 ailinem
2857 2249 2977 2288 esse
3005 2251 3019 2299 ;
3053 2243 3230 2290 astum
3259 2252 3408 2301 vero,

1833 2321 2000 2374 vitiis.
2039 2321 2106 2374 Et
2144 2332 2270 2375 sunt
2307 2324 2442 2377 inter
2492 2324 2693 2378 bestias
2733 2325 2851 2378 alia:
2911 2325 3234 2394 hebetiores,
3291 2331 3412 2383 alia:

1833 2413 2172 2472 callidior-es:
2216 2431 2390 2484 neque
2447 2416 2534 2470 hic
2583 2415 2794 2487 Moyses
2824 2434 3080 2487 anguem,
3127 2423 3408 2476 hominum

1833 2508 2256 2575 comparatione,
2279 2507 2693 2562 cailidissimum
2736 2513 3126 2578 pronuntiavit,
3163 2519 3252 2568 sed
3282 2531 3406 2570 cum

1834 2599 2049 2652 eteteris
2108 2600 2366 2652 collatum
2403 2600 2610 2666 bestiis,
2669 2603 2981 2658 hominibus
3027 2620 3156 2661 vero
3193 2612 3407 2679 propria

1835 2690 2100 2758 sapientia
2127 2691 2520 2761 prudentiaque
2567 2693 2726 2748 tribui
2759 2696 2918 2761 solet,
2947 2699 3037 2767 qui
3062 2700 3266 2771 alioqui
3297 2718 3406 2757 non

1836 2783 2011 2836 solum
2041 2794 2265 2837 tta-teras
2292 2785 2618 2849 animantes,
2672 2791 2764 2842 sed
2796 2790 2942 2859 ipsos
2971 2792 3134 2846 etiam
3200 2808 3407 2866 angues

1833 2884 1951 2927 as:u
1988 2882 2147 2942 atque
2173 2875 2389 2928 solertia
2417 2877 2571 2946 longe
2601 2890 2876 2935 anteeunt.

2358 2971 2586 3027 CAI'ET
2631 2973 2868 3032 XXVIII.

1907 3061 2049 3131 (ll-3“)
2077 3063 2304 3132 Scripsit
2334 3075 2513 3119 autem
2553 3067 2743 3123 beatus
2774 3069 2948 3126 Moses
2975 3073 3038 3127 de
3057 3075 3312 3143 paradiso
3337 3079 3403 3130 ad

2317 3155 2379 3208 Et
2414 3157 2745 3226 plunlat‘erat
2776 3162 3036 3219 Dominus
3069 3167 3208 3221 Deus
3237 3187 3403 3238 para-

1832 3246 2007 3297 disum
2040 3247 2090 3298 in
2144 3244 2292 3299 Edeu
2333 3247 2396 3299 ab
2444 3249 2595 3301 initio
2635 3251 2700 3304 °’.
2751 3252 2816 3305 Et
2861 3255 2906 3308 si
2951 3260 3239 3326 paradisus
3277 3271 3402 3317 ante

1830 3337 2094 3390 Adamqu
2129 3339 2377 3394 conditus
2421 3353 2567 3396 esset
2613 3351 2795 3400 tamen
2868 3348 3043 3406 Moses
3074 3366 3257 3411 creato
3284 3358 3396 3426 jam

1833 3428 2041 3482 Adamo
2087 3431 2197 3500 agit
2220 3431 2285 3486 de
2353 3434 2565 3488 consito
2634 3440 2909 3506 paradiso,
2969 3444 3226 3503 nimirum
3273 3453 3401 3520 quia

1833 3522 2121 3574 revertitur
2169 3523 2234 3575 ad
2278 3526 2613 3593 superiorem
2665 3530 2973 3588 historiam.
3010 3537 3142 3592 Nam
3174 3556 3298 3595 eum
3334 3547 3403 3599 ab

1829 3611 1896 3665 iis
1929 3611 1995 3665 de
2046 3613 2248 3682 quibus
2289 3616 2340 3668 in
2377 3633 2471 3670 sex
2527 3619 2722 3676 diebus
2769 3623 3112 3694 loquebatur,
3161 3636 3401 3691 nondum

1831 3704 2066 3772 perfecta
2098 3708 2408 3762 narratione
2441 3710 2714 3779 digressus
2745 3714 2908 3772 fuerit
2937 3759 2950 3783 ,
2986 3721 3123 3776 redit
3153 3742 3298 3782 nunc
3334 3731 3401 3783 ad

1831 3796 2218 3852 absolvendum
2294 3800 2440 3854 illam
2498 3806 2901 3875 narrationem,
2961 3828 3134 3882 caque
3193 3823 3402 3877 ratione

1829 3888 1937 3956 agit
1978 3889 2082 3952 hic,
2129 3899 2250 3959 post
2291 3903 2537 3948 creatum
2570 3897 2861 3965 Adamum,
2913 3905 2978 3958 de
3013 3911 3268 3976 paradiso
3307 3917 3399 3983 qui

1827 3980 2030 4048 alioqui
2069 3991 2195 4035 ante
2228 3982 2376 4038 illum
2423 3984 2602 4041 fuerat
2631 3991 2904 4048 conditus.
2937 3995 3057 4052 Jam
3097 4018 3223 4058 vero
3267 3980 3397 4074 quid

1828 4072 1898 4124 sit
1934 4071 2242 4139 paradisus,
2270 4085 2323 4128 et
2351 4091 2450 4147 cpr
2481 4093 2508 4131 a
2543 4080 2650 4134 Deo
2681 4086 2949 4152 consitus,
2985 4107 3093 4160 quo
3127 4096 3252 4150 item
3283 4071 3397 4166 die,

1826 4173 1877 4216 et
1907 4165 1996 4215 ubi
2028 4163 2290 4229 locorum,
2327 4167 2380 4220 in
2405 4177 2616 4225 terrane
2643 4188 2710 4226 an
2743 4177 2793 4228 in
2823 4180 2980 4243 cteio,
3005 4184 3128 4238 etin
3152 4202 3254 4255 qua
3279 4163 3398 4244 tan;

1825 4257 1945 4309 dem
1987 4257 2174 4310 mundi
2205 4261 2424 4327 regione
2452 4261 2687 4332 p‘irsitus,
2721 4277 2834 4322 tum
2864 4288 2984 4340 qua:
3016 4275 3121 4332 huc
3149 4291 3398 4345 spectant

1827 4347 1928 4401 alia
1982 4363 2147 4417 Supra
2196 4359 2322 4402 sunt
2361 4368 2389 4403 a
2433 4355 2590 4409 nobis
2624 4359 2741 4412 suis
2815 4363 3116 4434 disceptata
3164 4374 3396 4429 rationi.

1827 4441 1947 4493 bus.
1975 4439 2240 4493 Cancrum
2278 4440 2419 4495 Eden
2454 4447 2603 4502 locus
2635 4459 2714 4502 est
2742 4468 2994 4512 amamus
3024 4468 3186 4528 atque
3213 4469 3396 4522 omnis

165 4520 388 4574 Adamus
443 4531 596 4575 tanta
651 4521 822 4589 gloria
848 4561 861 4583 ,
921 4532 1177 4591 tantoque
1227 4525 1431 4579 honore
1454 4567 1469 4589 ,
1531 4531 1722 4598 anguis
1756 4515 1796 4568 D
1828 4531 2042 4601 generis
2071 4531 2356 4587 arboribus
2390 4535 2592 4601 varius,
2634 4540 2686 4592 in
2718 4558 2825 4608 quo
2851 4545 2968 4600 loco
3002 4515 3142 4604 Deus
3181 4515 3397 4620 para—di;

167 4623 280 4664 rem
334 4629 400 4666 ne
457 4613 688 4682 pedibus
753 4616 970 4683 quidem
1034 4618 1409 4673 mutilaudns?
1456 4620 1558 4674 Sed
1611 4623 1721 4690 jam

167 4700 328 4755 dicent
357 4721 370 4756 :
398 4706 513 4756 (Zur
546 4705 738 4757 saltem
782 4723 888 4760 non
928 4709 1092 4762 etiam
1141 4709 1400 4763 Satanam
1443 4715 1604 4766 simul
1642 4725 1725 4768 est

107 4805 112 4808 '
164 4804 464 4848 exsecratus
518 4811 645 4848 cum
709 4803 1002 4866 serpente?
1075 4818 1262 4855 verum
1335 4807 1724 4873 respondemus

166 4879 317 4938 Deum
345 4887 557 4941 idcirco
588 4903 694 4942 non
726 4890 1080 4947 maledixisso
1105 4891 1322 4950 Satanae
1345 4898 1559 4968 (l5),ne
1582 4899 1726 4952 Ada-

167 4967 272 5030 tnus
296 4978 518 5049 Evaqne
541 4982 1038 5038 animadverterent
1061 4986 1311 5055 spiritum
1355 4991 1592 5060 aliquem
1620 5008 1722 5046 non

166 5073 537 5136 aspectabilem
592 5089 748 5140 esse,
779 5091 952 5146 eoque
987 5079 1040 5132 in
1075 5081 1247 5134 multo
1293 5083 1526 5152 majores
1565 5100 1722 5154 rape-

169 5171 333 5215 rentur
364 5179 585 5218 errores
613 5182 626 5218 :
652 5181 827 5235 neque
863 5169 1006 5222 enim
1039 5171 1215 5226 adhuc
1245 5173 1488 5228 sciebant
1516 5175 1720 5245 aliquid

167 5263 267 5306 esse
322 5264 521 5322 praeter
579 5255 769 5322 Deum,
803 5262 945 5327 quod
991 5263 1166 5317 oculis
1209 5264 1357 5318 cerni
1394 5277 1619 5334 posset:
1652 5268 1717 5320 ad

255 5417 296 5446 “
346 5414 544 5471 Matth.
580 5434 698 5484 xm,
723 5418 811 5485 3|,
850 5418 938 5473 '59..
1053 5423 1094 5453 θ’
1140 5422 1313 5478 chit.
1343 5439 1435 5489 xx,
1469 5424 1556 5479 15.

199 5569 349 5646 .(l3)_
366 5572 605 5646 Temere
637 5571 738 5626 ista
795 5573 988 5628 astruit
1013 5573 1323 5646 Bar-Cepha
1357 5592 1476 5630 cum
1504 5586 1710 5632 certum

175 5641 245 5714 sit.
280 5641 546 5695 Adau-nm
597 5643 646 5695 in
696 5645 946 5711 paradiso
992 5641 1274 5700 excellenti
1333 5647 1564 5714 quadam
1623 5665 1715 5701 (0-

174 5709 385 5783 gniiione
421 5714 659 5783 novisse
698 5709 1042 5768 substantias
1076 5709 1370 5783 spiritales.
1408 5719 1452 5767 id
1490 5727 1572 5769 est
1605 5722 1714 5771 An-

170 5781 292 5843 gelus
319 5780 372 5838 5.
416 5782 622 5836 Thom.
691 5798 707 5835 ι
741 5795 877 5851 part.
913 5800 968 5852 q.
995 5788 1083 5850 94,
1108 5780 1224 5840 ὶιιί.
1244 5787 1278 5840 2
1307 5789 1374 5843 ad
1395 5788 1556 5844 tinem
1592 5802 1714 5844 cor-

463 5881 734 5942 l’ATttOL.
769 5881 881 5941 Gn.
924 5881 1069 5944 CXI.

1635 5427 1678 5457 "
1721 5426 1910 5482 Matth.

1826 4636 1944 4673 sum
1980 4623 2262 4676 consuevit
2307 4632 2471 4694 atque
2513 4629 2804 4698 disposuit.
2857 4632 2982 4690 Hinc
3007 4641 3151 4694 enim
3185 4645 3347 4697 verba
3377 4664 3391 4700 :

1831 4709 1898 4764 Et
1939 4714 2271 4780 plantat-erat
2322 4716 2577 4773 Dominus
2629 4721 2766 4776 Deus
2809 4728 3159 4796 paradisum,
3208 4747 3392 4802 aperte

1826 4803 2137 4866 ostendunt,
2187 4823 2529 4878 nequaquam
2559 4813 2628 4868 ab
2673 4815 2895 4872 homine
2933 4819 3084 4874 illum
3115 4839 3234 4878 esse
3260 4842 3388 4879 eon-

1831 4895 1994 4948 situm
2052 4896 2491 4972 dispositumque
2523 4944 2538 4966 ,
2591 4908 2814 4975 perinde
2881 4927 2946 4966 ac
3017 4912 3130 4968 Noe
3179 4917 3389 4972 vineam

1823 4989 2104 5056 plantavit,
2136 5003 2230 5046 aut
2257 5005 2314 5048 ut
2341 4996 2450 5059 jam
2477 5014 2772 5054 conserunt
2799 5006 3057 5059 tuortalcs
3082 5009 3389 5077 paradisos,

1821 5080 2115 5149 hortosque
2145 5101 2160 5148 ;
2195 5084 2289 5139 sed
2324 5086 2487 5140 Deum
2527 5087 2729 5157 ipsum,
2773 5108 2872 5146 suo
2921 5097 3095 5163 ipsius
3129 5100 3310 5153 studio
3341 5116 3390 5154 et

1819 5174 2076 5228 mandato
2107 5175 2257 5230 illum
2292 5180 2565 5246 plantasse
2603 5185 2748 5236 sicut
2776 5186 2851 5238 ait
2887 5186 3094 5243 l‘saltes
3121 5189 3286 5246 David
3324 5194 3390 5246 de

1818 5261 1928 5318 Deo
1983 5269 2144 5322 verba
2178 5269 2382 5325 faciens
2433 5289 2446 5324 :

2501 5272 2566 5325 Et
2614 5275 2758 5329 cedri
2788 5277 2978 5333 Libani
3007 5297 3138 5349 quas
3175 5286 3389 5350 planta-

1983 5445 2136 5498 xviri,
2168 5433 2220 5487 G.
2368 5433 2414 5465 ⁸³
2452 5435 2611 5490 Joan.
2640 5453 2751 5500 xvi,
2789 5440 2869 5492 ll.
2995 5438 3039 5468 “
3078 5439 3210 5496 Gen.
3249 5454 3306 5507 ιι,
3333 5445 3383 5496 8.

1827 5582 1971 5648 poris
2003 5593 2107 5636 art.

1896 5654 2026 5719 (ιδ’)
2071 5656 2186 5709 Hoc
2242 5655 2420 5721 capite
2456 5658 2632 5729 verba
2685 5659 2848 5712 Mosis
2897 5661 2962 5713 de
2997 5661 3264 5729 paradiso,
3300 5680 3385 5715 re-

1825 5721 2032 5801 lrusque
2079 5741 2143 5777 eo
2184 5727 2590 5801 spectantibus:
2640 5743 2746 5801 non
2796 5721 3022 5800 mystico
3078 5721 3384 5801 schemae-1

1824 5793 1953 5862 Ipsis
1983 5793 2395 5856 accommodata
2429 5799 2591 5857 rebus
2628 5793 2991 5871 explicantur.

3000 5892 3058 5952 17
