4208 6432
788 382 890 442 52ἐῖ

2045 376 2274 434 MOSIS
2321 374 2468 432 BM!
2502 374 2743 433 CEPHA

3912 394 4018 454 εει

788 497 854 543 rit
881 494 946 541 ".
1004 488 1065 540 fit
1112 504 1241 543 vero
1275 491 1395 541 hinc
1439 488 1601 540 etiam
1658 496 1893 549 t'oiistat,
1948 487 2254 555 paradisum
2285 487 2350 539 ab
2381 502 2423 553 Α
2454 485 2761 552 ingessisse,
2795 502 3057 558 suamque
3102 504 3286 545 vocem
3318 493 3483 561 ipsius
3519 498 3889 567 intelligentia:
3926 519 4017 555 re-

787 586 900 647 ipso
934 581 1043 634 Deo
1069 595 1187 634 esse
1220 580 1513 649 plantatum
1542 618 1556 641 ,
1609 576 1753 647 quod
1787 578 2063 644 Scriptura
2095 579 2257 637 dicat,
2286 576 2349 627 ab

790 674 965 725 initio.
1004 671 1258 738 Sequitur
1285 669 1424 739 apud
1458 670 1639 723 Mosen
1677 687 1689 721 :
1744 668 1809 720 Et
1858 670 2027 735 posuit
2068 667 2175 719 iliic
2210 668 2354 718 Ada-

790 780 928 815 mmu
956 778 1103 831 quem
1132 762 1380 829 ﬁnxerat.
1416 759 1570 825 Quod
1603 760 1676 811 ait
1710 776 1721 810 :
1781 756 1843 808 Et
1874 758 2046 825 posuit
2075 758 2184 809 illic
2209 758 2352 808 Ada-

792 870 953 915 mum,
990 861 1369 920 argumentum
1407 860 1490 904 est
1521 849 1704 916 gloriae
1751 864 1913 917 quam
1966 850 2105 902 Deus
2148 848 2354 901 Adamo

790 944 1059 1002 attribuit,
1092 944 1217 994 dum
1255 941 1428 1008 ipsmn
1469 940 1763 993 collocaret
1801 943 1851 992 iu
1902 941 2150 1008 paradiso
2192 940 2355 993 variis

791 1035 1075 1086 arboribus
1109 1046 1345 1094 amorne,
1372 1040 1431 1083 ut
1457 1047 1514 1085 se
1544 1030 1673 1083 inibi
1700 1031 1812 1098 ipse
1842 1031 2160 1094 oblectaret,
2182 1044 2356 1097 neque

790 1126 917 1177 sivit
947 1127 998 1175 in
1033 1122 1211 1184 terris,
1267 1137 1416 1175 more
1464 1134 1785 1175 cretcrorum
1827 1120 2182 1172 animantium
2235 1134 2357 1189 qua:

792 1218 997 1268 ratione
1032 1223 1239 1273 carent,
1276 1212 1530 1282 pabulum
1562 1226 1804 1279 carpere.
1831 1210 1983 1274 Quod
2016 1226 2177 1281 porro
2207 1213 2358 1265 addi-

794 1318 879 1359 tur
928 1325 941 1361 :
990 1308 1155 1372 Quem
1207 1307 1435 1373 ﬁnxerat
1471 1302 1607 1372 (Μ),
1652 1302 1704 1355 in
1739 1302 1852 1356 haec
1883 1317 1982 1355 nos
2015 1317 2172 1356 sensa
2209 1304 2359 1356 ducit

790 1405 967 1466 primo
997 1418 1060 1456 ex
1093 1404 1207 1455 sola
1250 1411 1393 1454 terra
1438 1400 1607 1452 Deum
1658 1414 1767 1451 non
1811 1399 2121 1451 condidisse
2166 1397 2356 1450 Adami

793 1508 1015 1557 corpus,
1067 1490 1159 1543 sed
1216 1505 1280 1542 ex
1337 1499 1574 1558 quatuor
1604 1487 1886 1539 elementis
1937 1486 2157 1538 tinxisse
2195 1493 2358 1553 atque

790 1586 1160 1649 composuisse
1196 1582 1365 1649 (certe
1398 1580 1575 1648 figlina
1607 1579 1813 1645 absque
1838 1592 1977 1646 aqua
2011 1592 2118 1631 non
2159 1576 2236 1645 fit)
2266 1579 2359 1631 de-

792 1673 917 1726 inde
946 1688 1051 1725 non
1089 1674 1158 1725 ita
1188 1672 1304 1725 solo
1338 1673 1498 1723 verbo
1542 1669 1896 1738 progenuisse
1935 1669 2127 1722 Adami
2163 1682 2359 1737 c0rpns

793 1780 858 1816 ex
902 1776 1041 1815 terra
1071 1803 1085 1825 ,
1126 1772 1264 1815 srcut
1296 1776 1359 1814 ex
1395 1760 1497 1813 hac
1537 1759 1653 1812 solo
1688 1758 1968 1826 suojussu
2004 1758 2198 1811 herbas
2233 1775 2356 1826 pio-

2459 586 2834 657 priesentasse,
2864 583 3104 648 quando,
3124 582 3401 638 utdictum
3431 597 3533 648 est,
3557 588 3668 641 fieri
3700 605 3808 644 non
3823 597 4019 660 potuit,

2458 680 2516 722 ut
2548 669 2600 721 in
2631 668 2876 738 corporis
2903 685 3118 726 sensqu
3161 674 3419 743 aliquem,
3452 694 3719 749 apparens
3754 682 3895 738 Deus
3938 692 4021 739 in-

2456 770 2723 813 curreret.
2750 760 2852 814 Sed
2882 760 3112 814 aliorum
3144 767 3330 834 Opinio
3362 776 3465 829 est,
3486 769 3650 824 Deum
3693 788 3749 826 se
3779 780 4026 843 corporis

2462 849 2655 902 Adami
2682 852 2934 905 sensibus
2951 855 3304 919 corporaliter
3329 855 3505 926 (utsic
3521 862 3718 927 diram)
3739 862 4019 925 οὺιυιιδ5··,

2463 952 2528 990 eo
2552 941 2833 1007 quod,hac
2855 943 3013 994 modo
3041 942 3269 1006 ratione,
3292 961 3461 1015 neque
3490 962 3751 1016 praeterea
3776 954 3879 1006 alia
3916 955 4027 1009 ulla

2464 1030 2681 1097 assequi
2712 1030 2800 1083 ille
2836 1040 3016 1086 mente
3039 1042 3221 1102 posset
3253 1036 3467 1092 divinas
3490 1043 3862 1108 apparitiones
3896 1062 4025 1098 eas-

2458 1136 2565 1188 que
2618 1121 2918 1190 intelligere
2975 1142 2987 1177 :
3049 1126 3224 1195 ipsum
3278 1129 3423 1181 enim
3482 1132 3626 1187 illius
3682 1138 4021 1191 conditorem

2461 1211 2654 1274 Deum,
2685 1228 2806 1267 sese
2837 1214 2902 1266 ad
2939 1215 3058 1283 ejus
3096 1216 3451 1271 humilitatem
3479 1220 3779 1286 demisisse,
3818 1225 4032 1293 ipsique

2460 1303 3225 1377 itaapparuisse,ca:teroquin
3259 1310 3619 1375 immensum;
3656 1315 3795 1368 unde
3833 1331 4035 1370 conse-

2459 1407 2633 1459 quens
2664 1404 2774 1458 est,
2834 1394 2889 1449 hi
2950 1405 3008 1450 ut
3058 1398 3286 1453 ulterius
3336 1400 3538 1466 dicant,
3581 1404 3745 1456 Deum
3791 1406 4032 1460 humana

2460 1496 2631 1551 eaque
2693 1488 2838 1554 regia
2891 1497 2945 1541 et
3014 1504 3236 1556 prorsus
3287 1492 3673 1561 augustissima
3728 1501 3909 1560 specie
3974 1514 4036 1549 se

2465 1573 2671 1625 Adamo
2745 1575 3063 1630 exhibuisse
3134 1582 3521 1646 aspectabilem
3591 1595 3643 1635 et
3708 1600 4031 1652 quanquam

2463 1665 2634 1732 neque
2684 1679 2881 1717 manus
2936 1666 3152 1729 habeat,
3210 1685 3384 1739 neque
3431 1675 3614 1740 pedes,
3651 1685 3745 1729 aut
3794 1676 4027 1739 vultum,

2465 1757 2547 1809 vel
2582 1773 2667 1817 cs.
2714 1768 2894 1811 tamen
2932 1760 3304 1816 detuittentem
3358 1779 3415 1817 se
3461 1770 3616 1834 quasi
3655 1769 3739 1821 his
3777 1770 4037 1822 omnibus

792 1853 1040 1914 duxerat,
1077 1850 1442 1918 animaliaque
1477 1859 1697 1909 etetera,
1726 1858 1884 1914 atque
1913 1862 1979 1899 ex
2015 1847 2173 1914 aquis
2206 1846 2355 1897 varia
2393 1823 2434 1877 Β
2462 1860 2602 1901 esset
2643 1849 2916 1917 praeditus,
2950 1853 3019 1903 ab
3059 1852 3267 1907 Adamo
3309 1823 3493 1907 visuni
3546 1872 3689 1923 esse,
3742 1869 3904 1927 atquc
3961 1863 4035 1911 ita

791 1942 1021 2010 piscium
1058 1957 1291 2011 genera;
1341 1942 1433 1995 sed
1487 1940 1603 1994 suis
1654 1939 1785 1993 illud
1832 1938 2085 1991 inanibus
2134 1937 2358 1990 finxisse
2462 1939 2713 1993 manibus
2739 1940 2854 1993 suis
2882 1940 3031 1992 illum
3061 1938 3348 2005 formasse,
3380 1945 3521 2012 quod
3556 1951 3635 2014 (ut
3672 1948 3933 2014 diximus)
3965 1952 4035 2001 ad

794 2044 954 2102 atque
983 2032 1374 2095 conformasse,
1412 2048 1533 2102 quae
1569 2048 1653 2086 res
1687 2032 2019 2099 amplissima
2053 2045 2207 2094 sane,
2261 2030 2359 2081 ho-
2460 2027 2579 2096 ejus
2616 2030 2706 2095 qui
2762 2031 3101 2084 formabatur
3151 2032 3377 2100 gloriam
3448 2036 3876 2106 dignitatemque
3909 2053 4039 2105 spe-

796 2127 991 2177 miuem
1029 2141 1137 2193 prre
1183 2125 1407 2194 reliquis
1455 2124 1640 2187 rebus,
1692 2125 1864 2193 gloria
1894 2137 1920 2175 a
1957 2121 2063 2174 Deo
2109 2132 2360 2174 ornatum
2462 2128 2591 2173 ctat.
2625 2118 2728 2173 Sed
2757 2122 3026 2188 expendat
3057 2122 3380 2189 suojudicio
3414 2125 3580 2178 lector
3614 2131 3708 2178 tias
3743 2130 3879 2180 duas
3912 2133 4035 2196 epi-

796 2216 1059 2269 osteudit.
1114 2214 1378 2268 Prmterea
1421 2216 1680 2268 Adamum
1721 2229 1826 2266 non
1858 2222 2010 2265 utero
2044 2220 2360 2280 conciqitum

797 2318 1060 2376 partuque
1105 2307 1297 2359 deinde
1340 2307 1541 2359 editum
1585 2320 1706 2358 esse
1735 2343 1747 2365 ,
1796 2312 1855 2357 ut
1907 2304 2062 2356 hodie
2107 2303 2357 2356 homines

802 2396 1071 2463 procreari
1127 2395 1413 2459 vidi-mus;
1467 2394 1556 2446 Dei
1607 2392 1860 2444 manibus
1892 2391 2168 2444 conditum
2205 2390 2369 2443 exsti-

798 2500 948 2541 tisse.
999 2487 1222 2556 Insuper
1258 2495 1316 2539 ut
1340 2486 1731 2553 ‘jnmentoruin
1769 2492 1821 2535 et
1861 2481 2119 2545 ferarum,
2148 2495 2366 2534 eorum-

802 2599 905 2649 que
940 2596 1060 2646 qua:
1090 2581 1267 2631 volatu
1301 2588 1352 2631 cl
1389 2594 1507 2646 quie
1540 2586 1723 2628 natatu
1762 2584 1987 2627 utuntur
2011 2572 2365 2626 animantium

802 2686 1025 2740 corpora
1059 2669 1216 2722 simul
1249 2677 1300 2721 et
1333 2667 1543 2719 animas
1567 2682 1631 2719 ex
1665 2676 1803 2719 terra
1840 2674 1893 2719 et
1918 2665 2075 2732 aquis
2106 2664 2369 2717 condide-

803 2775 906 2822 rat,
940 2778 1059 2830 quan
1098 2761 1280 2813 omnia
1326 2759 1532 2810 ratione
1566 2767 1785 2821 carent;
1844 2774 1949 2809 non
1986 2758 2065 2810 sic
2101 2755 2368 2810 Adamum
2401 2744 2407 2757 λ

803 2860 968 2909 etiam
995 2855 1261 2915 etl'ecisse,
1298 2853 1390 2904 sed
1426 2849 1589 2918 hujus
1620 2863 1822 2918 corpus
1855 2847 2072 2916 quidem
2106 2862 2169 2900 ex
2206 2847 2369 2899 humo

805 2946 1200 3017 composuisse,
1227 2953 1480 2998 caeterum
1512 2941 1750 2995 animam
1782 2955 1842 2993 ex
1875 2940 2044 2993 nihilo
2074 2938 2367 2992 creavisse.

809 3042 1050 3109 Denique
1081 3054 1187 3091 non
1218 3052 1336 3089 eam
1374 3035 1539 3089 fuisse
1572 3036 1640 3087 ab
1672 3033 1825 3086 initio
1850 3032 2132 3085 hominum
2160 3070 2176 3096 ,
2202 3046 2373 3100 pepu—

2464 2213 2690 2273 niones;
2746 2228 2809 2267 ac
2868 2225 3043 2265 utram
3092 2218 3263 2275 malit,
3293 2220 3463 2271 altera
3506 2220 3740 2283 omissa,
3781 2221 4037 2273 retineat.

2466 2300 2634 2355 Porro
2670 2303 2818 2357 fuere
2867 2320 2930 2356 ex
2977 2305 3242 2357 haereticis
3281 2308 3374 2375 qui
3406 2309 3650 2362 dicerent
3721 2312 3860 2364 duos
3891 2311 4040 2363 Ada-

2468 2410 2587 2448 tnos
2635 2410 2665 2448 a
2716 2394 2826 2449 Deo
2872 2405 3084 2451 creatos
3139 2396 3343 2463 fuisse;
3391 2400 3552 2471 idque
3594 2417 3658 2455 ex
3713 2417 3778 2455 eo
3828 2404 4036 2471 colligi,

2467 2486 2611 2554 quod
2664 2487 2840 2542 Moses
2888 2489 3117 2542 duormn
3172 2492 3499 2557 meminerit,
3549 2492 3738 2546 dicens
3797 2492 4033 2545 alterum

2468 2578 2554 2631 die
2588 2587 2743 2631 sexto
2774 2580 3054 2633 conditum
3088 2596 3208 2635 esse
3236 2620 3250 2644 ,
3303 2583 3531 2637 altermn
3586 2586 3672 2637 hic
3717 2593 3836 2652 post
3891 2586 4037 2637 diem

2472 2684 2682 2723 senum
2722 2686 2735 2722 :
2772 2672 2838 2725 ad
2889 2670 3039 2726 illum
3077 2674 3222 2726 enim
3277 2686 3523 2741 spectare
3576 2691 3637 2729 ea
3695 2681 3905 2730 verba:
3969 2673 4040 2727 Et

2474 2761 2631 2829 [inin
2670 2761 2924 2815 Dominus
2955 2762 3092 2817 Deus
3124 2765 3385 2816 Adamum
3410 2766 3669 2831 pulverem
3703 2784 3729 2820 e
3756 2778 3923 2821 terra.
3973 2770 4043 2820 At

2482 2852 2651 2915 hunc,
2694 2868 2871 2921 neque
2901 2869 2963 2907 ex
2998 2855 3218 2922 pulvere
3250 2855 3431 2909 dicere
3461 2855 3666 2919 Mosen,
3700 2858 3792 2910 sed
3829 2860 4048 2927 simpli-

2475 2941 2633 3007 citer,
2679 2942 2943 2998 Adamum
3003 2945 3111 2999 illic
3150 2946 3401 3015 posuisse
3452 2962 3611 3015 quem
3650 2949 3898 3001 tinxerat.
3938 2950 4047 3001 Sed

2478 3051 2579 3090 nos
2627 3036 2735 3091 illis
2794 3037 3186 3106 respondemus
3242 3056 3253 3089 :
3307 3037 3381 3089 lix
3415 3052 3481 3091 eo
3509 3038 3650 3106 quod
3683 3049 3807 3093 ante
3834 3041 4043 3094 dixera.

808 3137 1023 3193 lorum,
1052 3133 1337 3184 nationum
1390 3127 1601 3181 turbam
1636 3127 1688 3177 in
1725 3135 1866 3177 terra
1902 3140 2064 3193 quam
2102 3124 2260 3177 hodie
2296 3124 2374 3174 \‘i-
2402 3165 2446 3221 θ
2479 3126 2654 3182 Moses
2698 3128 2962 3183 Adamum
3019 3130 3106 3183 die
3136 3140 3289 3184 sexto
3352 3144 3470 3182 esse
3526 3141 3793 3194 creatum,
3828 3134 4051 3198 deinde.

803 3225 977 3287 άυιὶδς
1015 3222 1109 3275 8εά
1167 3220 1333 3274 Deum
1375 3221 1549 3287 Primo
1601 3217 1820 3270 “Missa
1863 3231 2148 3284 Ρθτδοηθιιὶ
2206 3228 2367 3266 “nam
2403 3204 2448 3223 ”
2477 3220 2678 3273 omissa
2702 3220 3475 3298 illa‘narratione,ctiamtum
3504 3222 3837 3291 imperfecta,
3862 3235 4044 3279 trana-

806 3317 1005 3383 (ipsum
1035 3312 1159 3366 dico
1195 3311 1486 3377 Adamum)
1514 3306 1706 3361 deinde
1736 3322 1798 3360 ex
1830 3307 1919 3359 illa
1954 3305 2221 3358 formasse
2246 3319 2369 3355 nm-

806 3409 1031 3467 hi-rcin;
1080 3414 1242 3471 atque
1292 3402 1362 3454 ita
1398 3401 1654 3467 deinceps
1686 3413 1780 3465 per
1823 3399 1996 3449 virum
2031 3406 2083 3447 et
2116 3395 2371 3448 feminam

806 3505 1151 3565 procreatqu
1204 3506 1325 3547 esse
1384 3506 1553 3560 genus
1609 3492 1907 3544 hmuanum
1971 3506 1981 3540 :
2047 3476 2208 3556 atque
2262 3489 2373 3539 |.a-c

808 3590 990 3642 omnia
1035 3586 1382 3654 intelligimus
1430 3600 1493 3637 ex
1546 3583 1710 3636 verbo
1763 3581 1855 3634 illo
1894 3600 1904 3633 :
1950 3577 2229 3640 Finxcrm,
2265 3595 2372 3647 quo

810 3698 943 3734 usus
974 3689 1055 3733 est
1088 3678 1286 3731 Moses.

885 3776 1000 3837 Quo
1046 3771 1229 3823 habitu
1276 3768 1414 3821 Dens
1466 3767 1769 3836 apparuerit
1802 3765 2006 3817 Adamo
2046 3776 2089 3816 ei
2129 3762 2269 3817 Et‘tl‘.
2309 3793 2376 3800 —-

812 3863 914 3916 Sed
967 3861 1111 3914 enim
1163 3874 1341 3927 operte
1399 3856 1631 3924 pretium
1680 3853 1842 3907 fuerit
1890 3866 2221 3922 cognoscere
2270 3867 2377 3917 quo

815 3956 1000 4008 habitu
1049 3948 1358 4020 apparuerit
1405 3950 1543 4000 Deus
1595 3946 1821 4008 Adamo,
1880 3945 1992 3997 sive
2050 3944 2174 3997 dum
2206 3942 2377 4010 ipsius

812 4060 1010 4113 corpus
1066 4045 1313 4110 lingeret,
1364 4040 1480 4092 sive
1521 4037 1647 4088 dum
1690 4036 1859 4104 legem
1908 4034 2008 4103 ipsi
2055 4034 2374 4101 imponeret,

816 4138 928 4190 sive
955 4134 1175 4203 quando
1206 4147 1269 4184 ex
1308 4129 1478 4198 ipsius
1510 4138 1659 4180 costa
1690 4128 1868 4179 ablata
1902 4125 2158 4177 conderet
2189 4123 2375 4185 Evam,

814 4229 925 4281 sive
950 4225 1185 4295 denique
1210 4224 1300 4278 ubi
1333 4224 1385 4276 in
1416 4221 1670 4290 paradiso
1701 4217 2057 4271 obambulans
2086 4230 2240 4268 suam
2272 4214 2379 4267 illis

814 4333 1000 4371 vocem
1026 4319 1314 4385 ingereret,
1338 4313 1630 4366 inclinante
1648 4311 1750 4363 die.
1790 4307 2070 4363 Philoxeni
2094 4306 2380 4377 Mahugeu-

815 4412 892 4464 sis
930 4409 1196 4463 sententia
1229 4418 1336 4469 est,
1384 4405 1700 4474 priusquam
1736 4399 2055 4468 deliquisset
2085 4400 2253 4452 Adam
2281 4399 2380 4449 ad-

2480 3308 2575 3363 ivit
2618 3311 2684 3364 ad
2729 3311 3058 3365 mentionem
3101 3311 3210 3364 diei
3254 3314 3518 3381 septimm,
3556 3314 3695 3368 unde
3726 3330 3940 3382 rursus,
3976 3323 4042 3368 aut

2475 3401 2855 3459 absolvendam
2889 3402 3186 3456 illam-ante
3211 3412 3440 3471 emptam
3479 3405 3786 3466 historiam,
3822 3409 4051 3458 reverti-

2479 3508 2565 3549 tur
2620 3494 3036 3563 haudquaquam
3087 3508 3511 3549 consentaneum
3561 3512 3680 3550 esse
3744 3505 3802 3549 ut
3858 3498 4053 3550 existi-

2478 3604 2686 3642 memus
2717 3589 2852 3639 duos
2883 3602 2910 3636 a
2944 3584 3052 3638 Deo
3078 3585 3298 3639 effectos
3327 3586 3496 3639 fuisse
3522 3587 3781 3650 Adamos,
3807 3590 3897 3640 sed
3926 3590 4052 3640 uni-

2477 3697 2625 3735 cum.
2659 3679 2791 3731 Nam
2820 3662 2968 3749 idem
3016 3692 3233 3747 quoque
3263 3681 3328 3731 de
3377 3679 3589 3742 bestiis,
3619 3680 3683 3731 de
3731 3680 4055 3738 arboribus,

2480 3772 2545 3823 de
2565 3769 2838 3839 paradiso,
2862 3775 2913 3819 ct
2937 3754 3158 3821 flumine
3187 3770 3331 3823 hunc
3353 3770 3554 3839 rigante
3579 3770 3721 3824 fecit.
3746 3770 3877 3824 Cum
3902 3777 4057 3823 cum

2486 3861 2762 3915 historiam
2816 3859 3029 3910 illarum
3077 3874 3256 3912 rerum
3304 3861 3545 3913 nomium
3595 3861 3882 3929 perfectam
3918 3865 4056 3915 reli-

2482 3954 2727 4022 quisset,
2766 3951 2852 4005 hic
2894 3951 3008 4020 jam
3041 3951 3179 4003 redit
3210 3952 3276 4003 ad
3309 3966 3423 4002 eam
3459 3952 3865 4004 absolvendam.
3901 3954 4062 4007 Prae-

2484 4051 2629 4095 terea
2666 4041 2769 4092 hoc
2802 4054 3018 4107 quoque
3050 4038 3157 4091 illis
3190 4036 3602 4105 respondemus,
3632 4054 3807 4106 neque
3839 4038 4057 4104 Mosen,

2486 4147 2662 4200 neque
2692 4145 3017 4200 quemquam
3093 4130 3503 4198 prophetarum,
3536 4139 3628 4181 aut
3658 4130 4063 4197 apostolorum,

2483 4222 2562 4273 vel
2590 4219 3041 4288 evangelistarum
3064 4234 3301 4285 unquam
3338 4232 3690 4281 memorasse,
3724 4219 3858 4271 duos
3886 4234 3914 4271 a
3947 4218 4063 4273 Deo

2482 4320 2697 4364 creatos
2720 4308 3043 4375 eﬂectosque
3067 4305 3236 4359 fuisse
3267 4307 3523 4368 Allamos,
3547 4309 3639 4359 Sed
3662 4321 3825 4357 unum
3850 4306 4060 4358 solum.

2486 4399 2654 4453 Porro
2695 4399 2976 4451 sciendum
3004 4406 3105 4458 est,
3148 4393 3312 4448 Vetus
3372 4394 3774 4447 Testamentum
3808 4395 4069 4463 pluribus

815 4516 1006 4555 versus
1060 4499 1149 4552 Dei
1182 4498 1518 4561 mandatum,
1575 4494 1742 4547 Deum
1794 4506 1967 4559 neque
2008 4505 2103 4558 per
2128 4489 2377 4558 angelum
2414 4486 2458 4539 ῐ)
2490 4488 2939 4542 translationibus
2966 4503 3027 4539 ex
3066 4484 3286 4537 llcbra-a
3318 4486 3368 4535 in
3393 4483 3635 4539 Graecam
3668 4485 3903 4552 linguam
3936 4501 4069 4538 esse

816 4607 991 4661 neque
1020 4605 1115 4660 per
1147 4604 1260 4642 rem
1298 4588 1535 4655 aliquam
1563 4592 1905 4653 corporatam
1936 4582 2011 4633 illi
2043 4580 2379 4649 apparuisse,

817 4686 908 4738 sed
942 4684 1123 4752 ipsum
1150 4696 1270 4735 sese
1303 4680 1377 4733 illi
1412 4686 1871 4747 representasse;
1920 4688 2025 4726 non
2068 4670 2215 4741 quod
2254 4685 2382 4724 cor-

820 4776 970 4844 poris
998 4773 1083 4827 sui
1122 4771 1395 4833 sensibus,
1436 4769 1632 4831 Adam,
1663 4774 2009 4836 apparentem
2053 4762 2221 4815 Deum
2258 4777 2387 4831 per-

816 4868 1001 4935 cipere
1045 4871 1245 4932 posset,
1298 4863 1388 4914 sed
1441 4859 1638 4912 mentis
1690 4854 2063 4923 intelligentia.
2106 4852 2237 4905 Nam
2281 4853 2383 4905 etsi

818 4956 1098 5011 habitabat
1151 4954 1366 5020 quidem
1420 4952 1560 5003 intra
1653 4963 1850 5015 corpus
1926 4945 2116 4997 Adami
2181 4944 2389 5004 anima,

824 5062 1003 5102 tamen
1038 5064 1143 5099 non
1178 5060 1337 5099 secus
1382 5055 1545 5111 atque
1592 5039 1897 5109 incorporei
1946 5037 2143 5106 angeli,
2176 5051 2238 5090 ca
2271 5049 2388 5088 ccta

824 5155 952 5193 nere
985 5139 1128 5190 illam
1160 5136 1422 5206 quivisse,
1458 5149 1576 5202 qua:
1606 5148 1767 5202 supra
1799 5145 1959 5184 omne
1990 5143 2186 5197 corpus
2216 5136 2385 5180 mate-

825 5232 1068 5297 riemque
1096 5242 1437 5295 corporaiam
1471 5228 1718 5277 teruntur
1754 5241 1767 5276 :
1824 5224 2004 5289 itaque
2040 5235 2162 5274 cum
2197 5218 2385 5287 integri

825 5323 985 5376 etiam
1023 5332 1136 5373 tum
1171 5330 1353 5373 essent
1396 5320 1587 5370 anima:
1630 5316 1815 5368 Adami
1852 5327 2061 5373 sensus,
2095 5326 2264 5379 neque
2294 5316 2389 5361 abs

827 5422 1050 5481 peccato
1091 5410 1468 5474 contaminati,
1518 5409 1681 5461 Deum
1715 5425 1769 5459 sc
1814 5404 2010 5459 mentis
2040 5402 2183 5454 illius
2213 5401 2389 5454 oculis

927 5618 969 5647 ⁸³
1014 5618 1289 5679 l’sai.t.t!t,
1336 5616 1417 5668 16.

2494 4579 2880 4646 transpositum
2901 4594 2915 4629 :
2938 4573 3122 4644 Syricc
3137 4587 3262 4625 vero
3286 4569 3551 4623 redditum
3576 4583 3695 4622 esse
3712 4585 3815 4621 una
3838 4570 4069 4636 quidem

2495 4653 2934 4739 interpretatione
2956 4682 3019 4720 ex
3040 4666 3155 4734 ipso
3171 4663 3411 4724 llebnco,
3428 4662 3531 4713 alte
3543 4675 3598 4713 ra
3621 4674 3824 4712 veroex
3846 4660 4074 4715 Grieco.

2496 4762 2766 4816 Caeterum
2806 4775 2928 4829 qua:
2974 4758 3139 4811 fuerit
3173 4766 3278 4808 tam
3315 4756 3605 4807 multarum
3650 4752 4073 4804 translationum

2496 4870 2686 4915 causa,
2740 4860 2793 4905 et
2826 4867 2943 4919 quae
2983 4851 3125 4902 inter
3156 4849 3298 4916 ipsas
3342 4847 3555 4898 caeteris
3606 4845 3826 4910 probior
3869 4846 4074 4895 existi-

2498 4946 2632 5000 mari
2685 4942 2912 5003 debeat,
2979 4952 3099 4991 cum
3156 4937 3278 4988 aliis
3323 4933 3441 5002 ejus
3480 4932 3692 5001 generis
3728 4933 4082 4997 argumentis

2495 5033 2853 5089 disseruimus
2896 5029 2947 5081 iu
2982 5042 3045 5080 eo
3075 5026 3210 5078 libro
3242 5038 3399 5089 quem
3446 5021 3517 5073 De
3568 5034 3659 5072 se:
3706 5021 3884 5071 diebus
3922 5034 4078 5085 pug.

2496 5127 2762 5181 misimus.
2811 5121 2976 5190 Igitur
3022 5119 3075 5172 in
3118 5131 3179 5170 ea
3224 5116 3407 5169 Grmca
3455 5112 3793 5165 traductioiie
3818 5124 3941 5178 qua:
3983 5122 4075 5164 est

2502 5215 2853 5285 Srptuaginta
2904 5212 3281 5277 interpretum.
3322 5208 3401 5259 sic
3459 5205 3659 5272 scripta
3709 5210 3925 5255 exstant
3975 5202 4075 5255 illa

2500 5309 2665 5362 Musis
2692 5307 2852 5359 verba
2896 5322 2910 5357 :
2972 5302 3036 5355 Et
3066 5302 3395 5370 plantarerut
3430 5298 3685 5351 Dominus
3722 5294 3859 5348 Deus
3892 5310 4073 5361 para-

2497 5401 2668 5449 disum
2707 5399 2757 5447 in
2789 5394 2932 5448 Edcn
2977 5396 3039 5445 ab
3083 5394 3300 5453 oriente,
3344 5400 3392 5442 et
3429 5390 3597 5451 posuit
3638 5387 3749 5440 illic
3799 5386 4078 5439 hominem

910 5800 1019 5864 (tt)
1060 5796 1214 5864 Quod
1266 5796 1401 5854 verti
1466 5797 1691 5866 ﬁnxerat
1728 5834 1743 5861 ,
1806 5802 1890 5850 est
1936 5792 2159 5848 verbum
2215 5787 2404 5853 Gabal,
2444 5787 2588 5857 quod
2650 5788 2811 5858 plane
2837 5780 3129 5852 respondet
3159 5778 3367 5839 Graeco.
3402 5781 3647 5841 πλατεις.
