4208 6432
196 403 295 463 535
1334 402 1430 460 DF.
1467 400 1872 465 PARADISU.
1909 430 1977 440 ·-
2016 407 2207 465 PARS
2251 406 2297 467 ῐ.

3325 414 3428 475 525

195 524 440 589 pus-erat.
488 514 762 569 Orientem
812 514 974 583 igitur
1004 511 1375 581 appellnntilli
1408 512 1753 579 interpretes,
1788 526 1825 580 Α
1863 516 2155 581 prephetim
2193 515 2335 568 dona
2363 514 2414 566 in
2448 514 2624 583 ipsum
2650 517 2902 580 contulit,
2938 531 3252 587 prophetam
3278 528 3419 580 enim

193 626 307 667 eam
339 620 609 663 terrarum
649 605 923 673 regionem
950 618 1013 657 ex
1056 619 1162 670 qua
1195 603 1276 657 sol
1309 603 1594 667 oboritur;
1634 620 1755 657 nam

194 706 245 757 in
276 703 369 756 illo
399 708 577 754 tractu
618 695 901 750 orientalis
924 697 1257 764 plantaverat
1294 694 1759 764 collocaveratthe

192 796 527 865 paradisum,
577 801 633 843 ut
675 788 924 869 Basilius,
989 796 1042 841 ct
1090 787 1208 853 ejus
1260 786 1422 838 frater
1467 787 1759 855 Gregorius

200 893 549 945 attestantur,
599 891 653 935 et.
698 881 957 935 Dominus
1021 878 1256 931 Severus
1312 894 1545 947 quoque.
1604 879 1758 942 Quod

191 993 319 1031 vero
347 976 416 1026 ad
452 974 626 1041 ipsum
670 984 866 1022 nomen
915 966 1126 1031 attinet,
1156 981 1267 1035 quo
1306 967 1380 1020 illi
1421 966 1558 1019 LXX
1594 966 1761 1018 inter-

189 1076 367 1136 pretes
446 1065 532 1116 hic
611 1060 782 1113 Adam
846 1068 1042 1111 vocant
1117 1060 1353 1127 (vocant
1426 1057 1569 1110 enim
1628 1054 1760 1108 Dar-

189 1155 330 1208 Noso
363 1152 525 1224 [15]),
561 1151 662 1203 tria
687 1158 813 1203 sunt
835 1149 1093 1203 vocabula
1115 1149 1314 1218 quibus
1338 1150 1447 1202 fere
1478 1148 1755 1216 Scriptura

187 1259 237 1299 et
280 1250 380 1300 hoc
415 1247 532 1299 loco
561 1253 615 1297 et.
647 1243 900 1310 superius
940 1242 1108 1296 utitur
1142 1256 1239 1310 pro
1277 1240 1471 1293 Adami
1520 1240 1759 1308 appella-

190 1342 369 1401 tione;
420 1334 585 1397 Noso,
640 1332 934 1395 Bar-Noso,
981 1333 1174 1386 Adam.
1225 1332 1291 1385 Et
1336 1330 1488 1385 Noso
1539 1332 1754 1400 quidem

185 1438 378 1491 vocat,
439 1428 565 1481 dum
617 1427 693 1478 ait
756 1441 773 1477 :
846 1423 1125 1476 Faciamus
1189 1421 1336 1476 Naso
1393 1422 1467 1491 (id
1534 1431 1616 1477 est
1663 1425 1759 1474 hoe

184 1522 414 1586 minem)
462 1518 531 1570 ad
568 1518 850 1587 imaginem
878 1525 1113 1568 nostram
1148 1518 1436 1569 secundum
1505 1513 1756 1566 similitu-

183 1612 357 1661 dinem
398 1619 632 1661 nostram
660 1622 678 1668 ;
710 1605 878 1658 Adam
913 1621 1041 1659 vero
1067 1607 1195 1658 dum
1227 1606 1356 1659 dicit
1392 1623 1404 1657 :
1462 1603 1528 1655 Et
1560 1602 1758 1655 creavit

184 1700 323 1753 Deus
385 1700 553 1752 Adam
611 1696 677 1747 ad
734 1696 1014 1764 imaginem
1069 1709 1218 1746 suam
1259 1713 1272 1746 :
1312 1691 1375 1743 Et
1424 1691 1595 1758 posuit
1647 1688 1759 1740 illic

182 1792 356 1844 Adam
403 1804 556 1857 quem
615 1786 956 1854 formaverat.
1012 1782 1256 1850 Denique
1309 1780 1618 1843 Bar-Noso,
1668 1780 1754 1833 hic

1862 605 2030 656 fuisse
2061 605 2229 657 Adam
2290 605 2367 658 vel
2418 604 2541 659 hinc
2573 616 2784 662 constat
2812 610 2955 677 quod
2990 626 3084 677 per
3106 614 3417 668 vaticinium

1861 694 2095 747 dixerit:
2130 698 2257 747 [lore
2278 697 2395 763 jam
2440 712 2564 749 caro
2590 698 2651 748 de
2702 716 2860 753 carne
2900 718 3010 752 mea
3043 712 3090 753 et
3129 718 3183 755 os
3212 704 3274 757 de
3313 723 3421 758 osc

1861 802 1992 847 meo,
2048 788 2158 839 lucc
2214 790 2480 840 vocabitur
2546 791 2754 854 mulier,
2818 802 2923 845 etc.
2982 793 3217 857 Decimo,
3274 802 3422 850 auxit

1861 876 2033 944 ipsum
2081 876 2365 929 sacerdotii
2401 894 2619 932 munere
2650 897 2663 941 ;
2720 896 2839 931 nam
2874 883 3038 934 fuisse
3060 885 3419 946 sacerdotem.

1858 980 1923 1019 ex
1974 965 2198 1019 Davidis
2245 967 2533 1035 psalmista:
2565 970 2744 1023 verbis
2774 974 3134 1038 cognoscitur,
3172 976 3297 1027 dum
3337 993 3427 1027 ve-

1865 1057 1962 1109 ltiti
2010 1058 2319 1125 loquentem
2370 1059 2636 1113 Adamum
2684 1077 2806 1113 cum
2860 1062 2966 1115 Dcu
2999 1067 3261 1120 imlucens
3297 1070 3370 1121 ait
3409 1089 3420 1122 :

1860 1141 2093 1196 Finxiin
2119 1162 2196 1198 me
2223 1158 2273 1200 et
2317 1146 2538 1213 posuisti
2588 1164 2739 1216 super
2788 1167 2999 1203 maunnt
3046 1164 3189 1208 tuam
3223 1156 3303 1223 5‘;
3338 1176 3425 1211 suo

1861 1236 2158 1289 cerdotium
2209 1237 2354 1290 cuitu
2415 1253 2671 1292 manuum
2726 1242 3073 1310 impositione
3122 1248 3420 1310 confertur,

1861 1324 2007 1377 sicut
2045 1335 2095 1377 et
2125 1326 2426 1394 baptismus
2451 1368 2464 1381 .
2508 1328 2824 1397 Undecimo,
2856 1336 3004 1405 regia
3033 1346 3194 1405 atque
3222 1340 3422 1406 ptittci-

1862 1416 1968 1483 pali
2002 1415 2175 1483 ipsum
2219 1419 2511 1474 donatione
2559 1424 2950 1491 amplilicavit;
2998 1429 3073 1481 ait
3115 1430 3258 1481 enim
3301 1448 3313 1481 :
3355 1429 3422 1483 Et

1859 1509 2207 1563 domina-Lini
2233 1513 2459 1579 piscibus
2494 1516 2679 1579 maris,
2709 1526 2755 1569 et
2788 1520 3084 1573 volucribus
3106 1524 3241 1575 caeli.
3278 1523 3424 1576 Duo.

1859 1600 2096 1665 decimo,
2147 1602 2217 1653 ita
2262 1604 2437 1672 ipsum
2471 1608 2827 1674 comparavit,
2856 1612 3114 1666 utanimo
3152 1623 3315 1683 atque
3344 1615 3428 1667 in-

1862 1692 2156 1758 telligentia
2230 1711 2324 1747 sua
2414 1698 2618 1765 angelis
2661 1708 2804 1753 esset
2852 1700 3156 1758 familiaris.
3204 1705 3424 1759 Decimo

1862 1783 2044 1845 tertio,
2073 1785 2311 1838 condidit
2344 1789 2519 1854 ipsum
2561 1804 2788 1858 corpore
2823 1793 2925 1846 levi
2966 1803 3129 1864 atque
3152 1786 3426 1865 expedito.

182 1881 497 1946 (sequamur
529 1874 667 1928 LXX
692 1877 1047 1941 interpretum
1079 1870 1535 1943 translationem).
1570 1867 1754 1921 Posuit
1787 1868 1828 1922 D
1862 1889 1968 1927 non
1993 1884 2168 1929 autem
2223 1877 2371 1945 gravi
2398 1880 2555 1945 quale
2580 1879 2794 1934 demum
2814 1885 2980 1939 evasit
3012 1900 3131 1954 p:;st.
3172 1888 3425 1954 violatam

179 1970 295 2021 illic
326 1965 620 2020 Har-Naso
650 1965 723 2030 (id
772 1972 875 2023 est.
915 1960 1082 2016 lilium
1114 1962 1373 2027 hominis)
1406 1977 1556 2029 quem
1587 1962 1752 2028 ﬁnxe-

177 2068 282 2109 rat.
340 2060 520 2125 Atque
553 2056 666 2109 hate
711 2054 810 2108 tria
839 2054 1061 2107 nomina
1092 2054 1231 2106 inter
1275 2068 1332 2106 se
1366 2054 1438 2106 ita
1478 2053 1748 2117 diﬂ‘erunt,

179 2158 236 2201 ut
267 2147 419 2202 Noso
450 2148 663 2216 proprie
697 2147 1011 2199 universum
1057 2160 1229 2213 genus
1257 2145 1535 2197 hominum
1570 2157 1754 2200 osten-

174 2240 299 2302 dat;
340 2238 624 2292 Bar-Noso
654 2254 781 2292 vero
817 2252 943 2290 eum
976 2236 1069 2305 qui
1105 2252 1169 2290 ex
1202 2237 1425 2291 homine
1460 2246 1754 2307 prognatus

176 2330 265 2390 sit,
316 2329 423 2380 hoc
480 2336 583 2389 est,
625 2326 791 2380 ﬁlium
846 2326 1082 2380 hominis
1132 2326 1401 2395 signiticet
1443 2345 1455 2379 :
1505 2339 1559 2379 et
1609 2323 1753 2377 Noso

174 2420 399 2485 quidem
448 2417 772 2486 pluraliter,
810 2414 1091 2470 Bar-Noso
1121 2431 1248 2469 vero
1290 2415 1637 2485 singulariter
1676 2414 1755 2485 (ut

174 2509 250 2561 sic
281 2508 486 2575 dicam)
518 2507 877 2575 accipiantur,
939 2518 1333 2575 spectentque;
1366 2504 1512 2561 Noso
1546 2506 1657 2561 fere
1685 2508 1748 2560 ad

174 2600 350 2666 ipsam
383 2599 646 2667 speciem,
684 2596 958 2650 Bar-Noso
996 2613 1125 2651 vero
1154 2599 1218 2652 ad
1255 2599 1548 2652 individua.
1581 2599 1749 2653 Porro
1785 2676 1792 2683 1

173 2691 236 2743 de
289 2704 428 2741 voce
481 2689 652 2740 Adam
699 2686 885 2741 dicunt
948 2690 1089 2756 apud
1136 2704 1236 2742 nos
1284 2688 1451 2759 Syros
1505 2689 1753 2757 pictique

172 2778 594 2845 appellationem
644 2790 766 2830 esse
817 2778 1200 2845 particular-cm
1249 2779 1514 2847 hominis,
1553 2797 1745 2848 perso-

175 2886 422 2939 namque
468 2886 630 2923 unam
692 2880 1081 2939 reprzesentare
1134 2888 1146 2921 :
1202 2886 1388 2925 verum
1441 2872 1528 2923 alii
1569 2873 1757 2923 exi-ti-

173 2973 347 3021 mant,
405 2962 544 3028 apud
589 2961 842 3013 Hebraeos
890 2976 1087 3016 nomen
1132 2976 1250 3015 esse
1304 2962 1640 3029 specilicunt,
1696 2972 1751 3016 ct

172 3065 348 3106 totum
386 3069 557 3122 genus
594 3055 891 3108 humanum
928 3072 1025 3109 sua
1054 3059 1277 3113 notione
1308 3059 1581 3127 amplecti,
1613 3059 1755 3111 situt

170 3148 413 3197 antehac
454 3147 693 3197 diximus
748 3146 798 3197 in
850 3146 1256 3202 Corttmentario
1303 3161 1487 3203 nostro
1541 3152 1604 3204 de
1659 3166 1750 3205 sex

168 3235 390 3286 diebus.
426 3234 636 3287 Rursus
670 3233 762 3286 alii
792 3245 937 3293 sunt.
974 3237 1062 3303 qui
1095 3246 1285 3305 putant
1323 3254 1515 3292 nomen
1576 3239 1746 3292 Adam

167 3336 452 3392 sumptum
486 3341 607 3377 esse
648 3341 710 3377 ex
748 3326 866 3393 ipso
898 3327 1131 3381 hominis
1163 3342 1389 3397 corpore
1411 3371 1424 3395 ,
1457 3340 1511 3383 et
1538 3330 1585 3382 ei
1623 3345 1751 3398 pro-

168 3416 284 3480 prie
320 3414 641 3481 impositum
680 3430 800 3469 esse
828 3432 892 3469 eo
917 3418 1061 3483 quod
1089 3434 1153 3470 ex
1189 3429 1330 3472 terra
1357 3438 1475 3487 quae
1508 3423 1747 3477 Adamo-

169 3511 259 3557 tuo
289 3507 497 3557 dicitur
516 3507 895 3558 conﬁrmatum
927 3508 998 3559 sit
1029 3523 1041 3559 :
1080 3506 1226 3563 Noso
1253 3526 1382 3564 vero
1415 3513 1478 3567 ad
1513 3517 1745 3569 animum

169 3597 532 3663 peculiariter
560 3606 824 3664 spectare.
856 3598 1122 3653 Caeterum
1157 3601 1287 3668 quid
1320 3604 1424 3656 sibi
1460 3605 1585 3657 velit
1616 3607 1744 3659 illud

168 3697 331 3739 terra:
370 3683 722 3747 vocabulum,
758 3686 1079 3751 Adamotho,
1139 3689 1249 3742 illic
1281 3704 1499 3760 quoque
1528 3707 1556 3745 a
1591 3694 1744 3747 nobis

166 3784 244 3827 est
270 3775 633 3841 explicatum.

233 3863 433 3915 Dei”
489 3864 736 3931 beneﬁcia
797 3866 849 3917 in
903 3864 1185 3919 Adamum.
1225 3869 1515 3923 —Verum
1570 3887 1742 3925 enun-

168 3972 297 4009 vero
329 3971 519 4025 operae
554 3959 783 4024 pretium
834 3967 915 4011 est
968 3967 1023 4011 ut
1070 3960 1339 4027 expcndas
1381 3964 1465 4015 hic
1495 3974 1745 4019 accurate

166 4048 311 4117 apud
372 4049 621 4099 animum
655 4055 830 4112 tuum,
864 4065 1024 4117 quam
1060 4051 1247 4104 multis
1294 4055 1470 4107 modis
1499 4061 1741 4110 cohone-

165 4138 405 4192 staverit
434 4136 577 4189 Deus
605 4137 893 4191 Adamum.
928 4139 1106 4191 Primo
1136 4143 1279 4193 enim
1313 4157 1437 4196 cum
1472 4145 1525 4197 in
1563 4164 1739 4201 rerum

166 4238 362 4280 natura
427 4242 654 4294 prorsus
704 4243 809 4279 non
864 4240 1037 4294 esset,
1084 4237 1422 4300 procreavit,
1480 4238 1743 4309 cllicitquc

166 4319 344 4388 ipsum
377 4334 452 4372 ex
489 4319 660 4371 nihilo
692 4328 751 4372 ut
786 4318 988 4389 aliquid
1038 4331 1202 4377 esset.
1239 4325 1440 4381 Deinde
1483 4329 1547 4382 ad
1586 4347 1739 4384 suam

164 4411 335 4474 ipsius
453 4409 738 4477 imaginem
829 4421 884 4463 et
977 4412 1382 4469 similitudinem
1480 4423 1737 4478 condidit.

1857 1964 2046 2033 legem.
2136 1964 2352 2018 Decimo
2429 1962 2623 2034 quarto
2703 1971 2958 2039 denique,
3006 1978 3182 2041 posuit
3248 1981 3422 2045 ipsum

1858 2054 1909 2108 in
1960 2055 2257 2123 paradiso,
2325 2066 2383 2109 ut
2461 2058 2590 2112 inibi
2659 2060 3016 2117 obiectaretur
3062 2084 3232 2135 neque
3299 2085 3421 2124 eum

1857 2148 2067 2201 exteris
2130 2149 2457 2204 animalibus
2516 2152 2715 2206 mentis
2782 2157 3093 2224 expertibus
3153 2160 3204 2211 in
3282 2172 3424 2216 terra

1864 2220 2144 2294 nascendo
2206 2241 2424 2310 teliquit
2488 2261 2499 2294 :
2582 2244 2645 2296 1ιί
2696 2249 2871 2300 enasci
2919 2249 3111 2317 fecerat
3167 2251 3424 2307 Dominus

1859 2329 1998 2383 Deus
2028 2350 2052 2383 e
2082 2342 2222 2384 terra
2270 2350 2471 2385 omnem
2521 2336 2761 2389 arborem
2791 2341 2901 2407 ipso
2944 2354 3152 2412 aspectu
3181 2358 3392 2400 cometen
3413 2376 3425 2386 -

1856 2422 1999 2482 (lam,
2043 2429 2091 2474 et
2129 2422 2401 2490 pulchram
2431 2427 2497 2475 atl
2527 2429 2827 2480 vescendum
2853 2447 2869 2493 ,'
2894 2433 2981 2485 die
3021 2436 3225 2488 scilicet
3258 2440 3421 2490 tertio

1858 2513 2187 2580 produxerat
2242 2513 2506 2569 Dominus
2562 2533 2652 2571 eas
2702 2522 2928 2577 arbores
2974 2540 3036 2576 ex
3093 2536 3254 2593 terra,
3301 2547 3421 2583 cum

1855 2606 2059 2657 diceret
2092 2621 2105 2657 :
2142 2606 2403 2658 Producat
2429 2617 2568 2661 terra
2600 2611 2812 2665 herbam
2843 2616 3058 2669 viridem
3086 2637 3257 2671 semen
3284 2626 3422 2689 [orli-

1858 2697 2049 2762 ]icans,
2091 2706 2138 2750 et
2182 2698 2421 2751 arborem
2456 2701 2812 2770 fructiferam,
2859 2715 2963 2761 etc.
3005 2708 3197 2762 Verum
3245 2715 3328 2765 hic
3356 2721 3419 2768 al

1859 2785 2092 2853 priorem
2122 2784 2266 2838 illam
2304 2788 2669 2844 narrationem
2707 2795 3032 2862 regreditur,
3064 2797 3235 2867 ipsam
3265 2803 3425 2857 abso-

1857 2875 2070 2929 luturus
2098 2878 2226 2945 quin
2276 2879 2388 2947 ipse
2434 2880 2594 2933 etiam
2638 2886 2924 2951 paradisus
2978 2889 3065 2943 die
3114 2892 3204 2945 illo
3261 2895 3421 2947 tertio

1858 2966 2111 3020 consitus
2144 2968 2335 3020 luerat.
2374 2970 2643 3026 Cattcrunt
2695 2974 2804 3029 Deo
2836 2981 3085 3034 attribuit
3115 2982 3289 3040 .‘tluscs
3331 2989 3418 3042 illa

1858 3057 2020 3110 verba
2056 3076 2069 3110 :
2105 3056 2172 3109 Et
2201 3062 2377 3112 enasci
2412 3062 2608 3128 fecerat
2638 3069 2867 3133 arbores,
2906 3081 2964 3125 ul
2994 3072 3417 3144 intelligeremus

1859 3163 1964 3201 non
2002 3148 2070 3201 ab
2101 3149 2317 3205 homine
2357 3162 2504 3207 satas
2538 3156 2729 3220 fuisse,
2778 3170 2835 3213 ut
2882 3161 2993 3217 Noe
3045 3168 3206 3221 vitent
3256 3173 3413 3235 sevit,

1857 3247 1952 3292 aut
1980 3240 2113 3293 alias
2139 3243 2382 3308 arbores,
2418 3246 2507 3298 alii
2533 3265 2547 3312 ;
2579 3252 2673 3304 sed
2702 3251 2870 3320 ipsius
2900 3253 2991 3308 Dei
3024 3272 3153 3311 cura
3188 3276 3250 3315 ac
3280 3275 3413 3317 nutu

1859 3322 2237 3401 prteceptoque
2280 3336 2578 3402 exstitisse,
2608 3340 2759 3408 juxta
2801 3343 2929 3398 illud
2958 3345 3259 3406 Psaltnistte
3292 3372 3305 3406 :
3351 3354 3417 3407 Et

1856 3420 1996 3473 cedri
2022 3421 2211 3476 Libani
2263 3442 2392 3494 quas
2440 3429 2699 3495 plantavit
2742 3434 2808 3487 ⁸⁷.
2846 3434 2951 3491 Sed
2988 3440 3155 3494 videri
3190 3458 3419 3513 possunt.

1857 3513 2019 3566 verba
2046 3517 2222 3580 potius
2248 3520 2311 3569 ad
2342 3519 2479 3572 hunc
2510 3524 2729 3578 modum
2760 3542 2880 3582 esse
2908 3530 3129 3601 legenda
3155 3552 3167 3587 :
3200 3534 3416 3592 Omnem

1858 3604 2096 3657 arborem
2125 3607 2397 3673 pulchram
2431 3612 2499 3663 ad
2539 3622 2897 3685 spectandum,
2936 3633 2983 3674 et
3009 3633 3413 3693 exspectandam

1854 3696 1922 3748 ad
1958 3700 2283 3764 vescendum,
2314 3702 2657 3766 pulchritudo
2680 3709 2824 3762 enim
2856 3713 2919 3765 ad
2954 3715 3165 3769 videndi
3195 3734 3413 3775 smsum

1856 3794 2105 3859 pertinet,
2151 3793 2422 3860 appetitus
2455 3811 2582 3849 vero
2619 3802 2682 3851 ad
2718 3800 2898 3855 cibum
2943 3818 3167 3872 spectat.
3218 3809 3409 3865 Verum

1853 3883 2134 3935 consuevit
2164 3881 2441 3952 Scriptura
2470 3893 2830 3956 appetentiatn
2868 3896 3066 3952 referre
3097 3902 3160 3954 ad
3201 3905 3411 3968 oculos,

1851 3974 2009 4039 quale
2054 3983 2135 4027 est
2168 3976 2295 4029 illud
2346 3977 2571 4035 Joannis
2614 3988 2958 4055 evangelistae
3011 3991 3064 4044 in
3120 3992 3354 4062 Epistola
3391 4017 3409 4054 :

1856 4063 2019 4116 Omne
2042 4068 2179 4133 quod
2197 4071 2344 4121 estin
2370 4076 2583 4135 mundo,
2610 4080 3029 4145 concupiscentia
3056 4086 3288 4152 corporis
3312 4099 3410 4155 est,

1849 4164 1897 4204 et
1932 4158 2354 4224 concupiscentia
2402 4164 2671 4217 oculorum
2704 4167 2769 4221 “.
2824 4167 2888 4221 Et
2940 4173 3176 4227 arborem
3212 4179 3329 4229 vilic
3358 4184 3410 4231 in

1852 4246 2019 4296 medio
2057 4250 2327 4315 paradiso,
2372 4262 2417 4306 et
2465 4254 2705 4309 arborem
2744 4262 2976 4315 scientia:
3016 4263 3137 4316 boni
3166 4279 3214 4319 et
3258 4270 3407 4323 ntali.

1850 4334 1994 4391 Duas
2025 4341 2101 4392 ait
2134 4339 2417 4397 Dominum
2446 4349 2627 4402 enasci
2665 4350 2855 4407 fecisse
2884 4356 3106 4412 arbores
3145 4361 3199 4413 in
3232 4364 3409 4417 medio

1851 4430 2123 4493 paradiso,
2161 4434 2381 4489 alteram
2423 4439 2560 4502 νίιειε,
2608 4442 2832 4498 alteram
2887 4450 3149 4506 scientiae.
3207 4454 3406 4510 Viden-

168 4499 380 4564 Tertio,
417 4516 546 4550 cum
586 4502 759 4567 ipsius
791 4501 952 4571 longe
999 4509 1340 4571 praestantior
1368 4522 1513 4564 esset
1553 4530 1740 4569 tiatura
1780 4533 1819 4586 ῃ
1849 4520 1975 4571 dum
2011 4522 2173 4588 igitur
2210 4527 2301 4592 qui
2351 4530 2464 4580 lieri
2516 4537 2771 4599 potuerit,
2834 4548 2885 4590 ut
2937 4541 3056 4596 duae
3089 4545 3312 4600 arbores
3355 4551 3404 4602 in

166 4609 330 4661 quam
383 4593 483 4646 cui
524 4607 719 4646 manus
760 4596 1017 4661 vocisque
1058 4612 1190 4651 usus
1221 4600 1441 4653 attribui
1479 4605 1738 4670 deberet,

166 4691 345 4736 tamen
378 4684 543 4734 illum
578 4693 631 4736 et
678 4684 926 4737 manibus
961 4687 1074 4739 suis
1105 4685 1345 4754 ﬁnxisse,
1376 4701 1428 4744 et
1457 4686 1584 4748 voce
1615 4696 1744 4750 aifa-

163 4779 247 4825 tus
307 4786 443 4824 esse
502 4770 609 4823 dici
660 4772 851 4827 voluit.
906 4771 1142 4838 Quarto.
1203 4778 1480 4832 conditum
1536 4784 1741 4838 ratione

165 4865 407 4924 ornavit,
464 4877 574 4930 qua
631 4863 841 4916 ceteris
889 4866 1257 4922 animantibus
1308 4870 1395 4923 illa
1429 4875 1740 4931 carentibus

162 4964 480 5022 praestaret.
543 4952 768 5017 Quinto,
800 4954 885 5009 Sui
924 4959 1235 5024 cognitione
1277 4961 1453 5031 ipsum
1484 4964 1737 5033 dignatus

160 5055 256 5099 est.
289 5043 493 5107 Sexto,
518 5045 741 5099 admisit
771 5047 945 5113 ipsum
976 5049 1138 5102 veluti
1176 5052 1228 5105 in
1256 5068 1411 5108 suam
1449 5055 1736 5112 familiari-

162 5141 347 5200 tatem,
388 5145 455 5189 ut
500 5150 565 5189 ea
608 5151 729 5191 sese
775 5153 873 5206 pro
904 5141 1135 5195 arbitrio
1161 5144 1481 5211 oblectaret,
1510 5149 1738 5204 medita-

162 5227 401 5303 tionibus
433 5231 1099 5303 cmtemplationibusque
1118 5234 1318 5290 divinis
1344 5220 1547 5294 .vacans
1577 5251 1739 5310 atque

162 5315 486 5389 indulgens.
564 5319 853 5388 Septimo,
934 5326 1394 5383 immortalitatem
1461 5334 1731 5399 promisit.

160 5403 380 5475 Octavo,
437 5410 685 5464 maxima
732 5411 909 5480 ipsum
971 5417 1236 5485 sapientia
1295 5420 1511 5479 imbuit.
1561 5424 1735 5491 Nono,

226 5568 267 5596 “
307 5568 463 5623 Psal.
496 5583 761 5631 cvxxvru,
797 5570 883 5627 16.
977 5570 1019 5601 ⁸⁷
1060 5570 1201 5628 Psal.
1234 5592 1347 5642 cui,
1386 5579 1469 5632 i6.

228 5705 339 5770 (l5)
386 5705 553 5774 Apud
588 5703 724 5763 LXX
780 5708 830 5762 in
875 5708 1059 5765 Grzeco
1115 5722 1216 5770 est.
1263 5714 1537 5783 ἂνθρωποι

161 5771 419 5827 Barnoso.

1850 4609 1967 4678 ipso
2013 4622 2289 4668 exstarent
2340 4620 2574 4684 paradisi
2643 4627 2943 4681 meditullio
2988 4649 2999 4684 :
3061 4649 3219 4687 unam
3260 4639 3404 4691 enim

1849 4702 2019 4755 solam
2053 4720 2211 4771 posse
2260 4710 2494 4765 medium
2537 4716 2789 4771 obtinere
2843 4720 3017 4775 locum
3056 4741 3212 4779 nemo
3248 4745 3408 4798 nega—

1851 4793 2010 4860 verit,
2048 4805 2101 4849 at
2148 4798 2267 4852 dua:-
2299 4811 2355 4853 ut
2388 4803 2550 4857 simul
2593 4809 2769 4861 medio
2812 4814 3071 4880 quopiam
3112 4818 3228 4871 loco
3258 4824 3405 4876 exsi-

1844 4892 2006 4948 stant,
2044 4902 2147 4940 non
2186 4888 2266 4943 fas
2309 4901 2413 4949 est.
2450 4892 2587 4948 Sunt
2634 4896 2797 4967 igitur
2845 4904 2935 4971 qui
2979 4904 3157 4961 dicant
3192 4913 3402 4965 unicam

1843 4972 2010 5030 fuisse
2058 4978 2111 5030 in
2161 4980 2276 5047 ipso
2329 4985 2506 5038 medio
2566 4991 2893 5059 consitam,
2925 5011 3043 5049 eam
3104 5016 3221 5067 qua:
3283 5004 3403 5058 vitae

1842 5077 2084 5133 vocatur,
2112 5072 2332 5152 alteram
2367 5091 2495 5130 vero
2516 5096 2637 5149 quae
2658 5086 2958 5153 appellatur
2985 5091 3224 5147 scientia:
3249 5096 3401 5162 juxta

1842 5156 1987 5209 illam
2052 5150 2171 5215 vita:
2223 5166 2495 5223 exstitisse
2550 5182 2747 5229 satam.
2805 5178 2907 5230 Sed
2961 5178 3045 5233 his
3110 5184 3401 5252 objicimus

1841 5249 2013 5316 ipsam
2054 5253 2387 5322 Scripturam
2415 5278 2428 5323 ;
2463 5280 2581 5329 qua:
2606 5269 2762 5319 verba
2799 5270 2886 5321 illa
2919 5288 2932 5325 :
2961 5274 3024 5325 In
3053 5277 3221 5328 medio
3241 5293 3401 5344 para-

1842 5339 1977 5403 diso,
2039 5345 2102 5399 ad
2156 5343 2439 5418 utramque
2498 5357 2747 5412 arborem
2815 5369 3232 5429 accommodat,
3291 5385 3397 5423 ttOu

1843 5441 2025 5489 autem
2062 5439 2128 5492 ad
2159 5455 2276 5495 eam
2306 5459 2427 5511 quae
2462 5448 2582 5503 vita:
2610 5461 2715 5518 est,
2752 5457 2942 5511 solam.
2967 5457 3081 5514 Hoc
3102 5461 3246 5516 enim
3278 5463 3405 5517 inde

1550 5583 1592 5612 "
1633 5584 1649 5638 l
1682 5584 1838 5642 Joan.
1874 5605 1934 5652 ιι,
1968 5593 2053 5647 Hi.

2862 5710 2873 5729 Ι

1499 5739 1555 5772 ου
1605 5726 1747 5791 quod
1793 5730 1948 5786 Siras
2019 5736 2304 5805 interpres,
2339 5757 2497 5809 quem
2549 5756 2737 5802 auctor
2780 5754 3047 5821 sequitur,
3090 5759 3263 5812 reddit
3294 5760 3399 5817 illic
