4202 6430
793 405 893 467 5‘37

2045 397 2288 456 ἸδιΟὸιὸ
2328 397 2477 456 liAll
2516 396 2761 456 CEP'llA

3932 405 4041 465 528

785 518 1155 588 cegnoseitur,
1206 514 1350 585 quod
1398 513 1505 568 Eva
1551 513 1614 566 ad
1660 519 1966 579 serpentem
1996 508 2203 565 diceret
2239 529 2252 564 :
2292 511 2364 563 Ile
2393 518 2438 573 Α
2469 510 2619 563 locus
2653 520 2770 563 erat
2810 524 3037 579 magnus
3085 518 3246 580 atque
3292 513 3526 581 amplus.
3579 515 3664 569 cui
3709 515 3760 569 id
3796 517 4040 572 nominis

783 609 960 673 fructu
1004 606 1209 659 arboris
1258 622 1375 674 qua:
1422 614 1495 658 est
1541 604 1595 654 in
1643 602 1811 654 medio
1864 600 2113 669 paradiso
2142 640 2157 661 ,
2198 600 2359 654 nolite

782 696 1067 761 comedere,
1101 696 1177 748 ait
1231 694 1391 748 Deus.
1432 692 1558 744 Erat
1601 690 1744 743 enim
1781 690 1946 743 arbor
1976 690 2239 751 scientia»,
2292 705 2355 742 ea

781 802 883 853 qua
912 787 1021 840 illis
1055 786 1231 841 fuerat
1261 782 1645 849 interdictum,
1670 798 1779 836 non
1810 785 1971 835 arbor
1990 781 2132 834 vitae.
2165 781 2353 835 Conti-

780 884 924 933 citur
971 896 1100 950 ergo
1149 879 1213 932 ad
1251 888 1538 946 utramque
1588 878 1839 931 arborem
1887 876 2160 943 pertinere
2208 868 2353 944 quod

782 971 983 1024 dicitur
1009 987 1024 1029 ξ
1055 969 1115 1022 In
1157 969 1321 1020 medio
1360 970 1631 1035 paradiso.
1679 966 1846 1035 igitur
1877 965 2174 1036 Gregorius
2222 963 2358 1035 Nys-

789 1078 957 1114 senus
1024 1060 1157 1112 dicit
1199 1060 1336 1113 duas
1379 1060 1541 1113 hasce
1585 1058 1808 1110 arbores
1845 1058 2122 1126 spiritales
2164 1056 2352 1121 fuisse,

785 1155 1012 1222 solaque
1050 1153 1260 1206 ratione
1296 1152 1542 1221 potuisse
1566 1146 1815 1218 intelligi,
1856 1150 2046 1218 quales
2082 1165 2190 1230 non
2223 1150 2356 1227 duas

781 1246 964 1309 modo,
993 1245 1085 1300 sed
1114 1245 1377 1314 plurimas
1414 1259 1520 1295 uno
1544 1240 1847 1311 eodemque
1875 1242 1994 1295 loco
2023 1242 2204 1296 medio
2237 1240 2379 1309 esse,

781 1352 966 1406 posse,
1033 1352 1194 1389 nemo
1236 1335 1584 1388 dubitaverit.
1643 1331 1776 1385 Nam
1823 1332 1988 1386 animi
2042 1336 2211 1413 nostri
2274 1334 2354 1389 vis

778 1431 939 1483 facile
991 1446 1054 1483 ea
1115 1429 1398 1495 conjungit
1455 1442 1576 1495 qtne
1638 1427 1841 1495 alioqui
1893 1428 1974 1479 vel
2024 1438 2052 1480 a
2107 1426 2374 1495 plurimis

780 1519 945 1572 simul
1015 1514 1402 1585 comprehendi
1468 1524 1761 1582 nequeant.
1825 1515 1892 1565 At
1963 1516 2061 1565 nos
2117 1512 2353 1564 dicimus

778 1611 1002 1659 arbores
1052 1605 1169 1658 illas
1230 1614 1545 1672 corporatas
1594 1601 1911 1664 exstitisse;
1969 1598 2131 1665 idque
2180 1612 2352 1666 nuper

778 1696 1155 1756 ostendimus,
1216 1707 1375 1764 atque
1441 1704 1702 1760 utrasque
1751 1692 1803 1743 in
1860 1691 2098 1759 paradisi
2174 1690 2351 1743 medio

777 1789 995 1857 quidem
1036 1786 1198 1840 fuisse
1230 1786 1433 1853 positas
1462 1784 1555 1836 sed
1584 1799 1690 1834 non
1721 1794 1777 1836 ut
1821 1782 1876 1835 in
1921 1796 2029 1835 uno
2053 1782 2351 1848 eodemque

783 1882 1090 1950 particulari
1135 1880 1276 1938 loco,
1314 1876 1408 1946 qui
1438 1876 1593 1929 locus
1632 1875 1793 1927 fuerit
1823 1873 2055 1942 paradisi
2099 1860 2437 1931 meditul»,Ii

781 1968 1089 2024 lium.Nam
1148 1969 1202 2022 id
1247 1969 1387 2021 haud
1420 1967 1530 2019 fieri
1562 1964 1755 2035 potuit,
1804 1974 1857 2017 et
1906 1964 1947 2017 si
1992 1964 2142 2016 ineo
2185 1962 2347 2015 altera

783 2064 1057 2125 exstabat,
1086 2063 1312 2114 alteram
1340 2069 1489 2112 extra
1514 2073 1635 2111 eum
1663 2058 1836 2108 locum
1864 2055 2034 2107 fuisse
2066 2067 2346 2106 necessum

779 2169 883 2215 rst.
918 2170 1039 2208 eum
1084 2152 1293 2222 profani
1345 2151 1507 2204 etiam
1566 2147 1872 2217 philosophi
1929 2146 2194 2198 allii-ment
2244 2144 2349 2196 itu-

781 2246 1034 2315 possibile
1086 2258 1207 2296 esse
1263 2252 1321 2295 ut
1370 2240 1478 2293 duo
1542 2254 1770 2307 corpora
1819 2238 2195 2290 contineantur
2240 2250 2347 2290 uno

779 2335 1091 2407 particulari
1140 2334 1259 2387 loco
1312 2332 1474 2386 simul
1532 2349 1544 2382 :
1598 2332 1688 2385 sed
1741 2331 1811 2383 ita
1868 2330 2053 2383 ambas
2086 2328 2249 2381 fuisse
2292 2327 2345 2380 in

777 2428 953 2482 medio
989 2427 1263 2495 paradiso,
1302 2434 1358 2478 ut
1390 2424 1511 2492 quis
1537 2422 1802 2475 utramvis
1834 2422 2012 2473 dicere
2045 2429 2194 2473 recte
2220 2434 2347 2487 pos-

778 2528 880 2581 set,
916 2525 1162 2586 reSpectu
1216 2522 1581 2566 extremarum
1620 2509 1854 2578 paradisi
1909 2508 2141 2576 partium
2175 2506 2347 2560 fuisse

779 2614 829 2663 in
866 2611 1039 2663 medio
1094 2606 1369 2676 paradiso.
1413 2602 1647 2660 Medium
1683 2600 1845 2668 igitur
1876 2603 1928 2653 in
1977 2607 2230 2653 cuntextu
2271 2598 2344 2653 ita

776 2699 1151 2771 accipiendum
1210 2707 1314 2758 est,
1376 2710 1482 2748 non
1547 2703 1605 2745 ut
1672 2691 2050 2761 particularem
2109 2692 2363 2766 aliquem

778 2802 953 2853 locum
1006 2793 1299 2863 signiticet,
1351 2789 1445 2844 sed
1494 2786 1651 2856 quasi
1709 2785 1871 2847 dicat,
1910 2800 2033 2837 cum
2065 2782 2346 2850 paradisus

780 2886 1256 2957 frequentissimus
1290 2887 1434 2934 esset
1466 2878 1630 2931 variis
1662 2875 1951 2929 arboribus
1983 2883 2147 2940 atque
2190 2872 2342 2941 plan-

779 2983 868 3045 tis,
906 2980 1069 3033 hasce
1099 2976 1233 3028 duas
1271 2972 1494 3026 arbores
1525 2985 1629 3022 non
1679 2968 1731 3021 in
1790 2966 1909 3035 ejus
1961 2965 2159 3034 angulo
2211 2978 2344 3031 quo-

784 3073 926 3142 piam
957 3079 1101 3123 satas
1130 3066 1317 3129 fuisse,
1356 3062 1448 3116 sed
1480 3062 1534 3114 in
1562 3058 1735 3111 medio
1762 3055 2015 3126 paradiso
2044 3054 2186 3108 inter
2212 3053 2345 3105 alias

783 3163 1007 3215 arbores
1038 3156 1331 3210 exstitisse.
1366 3150 1470 3204 Sed
1504 3158 1557 3203 et
1605 3150 1705 3200 hoc
1740 3146 1879 3200 scire
1909 3158 2085 3213 Opera:
2116 3142 2344 3211 pretium

781 3253 964 3315 fuerit,
1000 3266 1127 3303 num
1155 3248 1274 3301 dua:
1305 3246 1418 3297 ist-.e
1449 3243 1670 3295 arbores
1697 3278 1712 3303 ,
1745 3239 1910 3291 altera
1934 3237 2086 3305 juxta
2126 3235 2346 3287 alteram

780 3345 973 3416 positae
992 3338 1318 3404 exstiterint,
1350 3351 1417 3388 an
1454 3334 1681 3388 scorsim
1714 3348 1727 3383 :
1761 3330 1827 3383 de
1861 3330 1960 3382 hac
2004 3343 2060 3381 rc
2101 3342 2199 3380 nos
2230 3341 2354 3395 pro-

785 3414 1122 3496 nuntiamus,
1158 3429 1307 3498 juxta
1343 3424 1547 3494 positas
1585 3420 1768 3473 fuisse.
1824 3416 2010 3486 Neque
2044 3417 2188 3468 enim
2221 3414 2354 3467 dixit

783 3528 1062 3595 Scriptura
1096 3524 1160 3577 de
1188 3520 1395 3574 Adamo
1425 3534 1437 3571 :
1472 3515 1547 3570 Ne
1580 3514 1717 3567 forte
1744 3510 1899 3565 adeat
1932 3510 2180 3562 arborem
2212 3507 2353 3572 vitzc,

783 3620 1066 3689 rapiatque
1102 3620 1167 3670 de
1221 3630 1306 3676 ea,
1356 3617 1709 3667 aevescatur,
1761 3612 1813 3658 et
1866 3603 2009 3656 vivat
2057 3606 2350 3670 perpetuo;

783 3716 879 3768 Sed
935 3712 1093 3765 habet
1159 3707 1224 3759 ad
1285 3707 1431 3757 hunc
1477 3701 1693 3753 modum
1751 3714 1764 3750 :
1817 3694 2061 3765 Nej'orte
2109 3692 2352 3744 extendat

784 3817 999 3858 manum
1029 3814 1205 3861 suam,
1256 3803 1301 3847 et
1328 3793 1523 3860 capiat.
1561 3790 1605 3843 Is
1637 3804 1761 3841 vero
1799 3786 1890 3854 qui
1942 3798 2159 3837 manqu
2197 3797 2350 3834 suam

786 3894 853 3947 ad
892 3906 1002 3945 rem
1054 3886 1364 3957 quampiam
1428 3879 1720 3949 protendit,
1761 3892 2047 3931 necessum
2099 3882 2181 3925 est
2218 3881 2275 3925 ut
2305 3872 2352 3923 ci

790 3986 867 4038 rei
909 3956 1187 4050 prosimus
1226 3984 1383 4031 astet.
1422 3956 1683 4027 Praeterea
1721 3970 1841 4023 hinc
1874 3966 2128 4021 credibile
2161 3974 2263 4025 est,
2304 3962 2350 4017 ei

789 4078 931 4139 loco,
962 4090 1013 4126 ιιι
1043 4086 1149 4140 quo
1176 4068 1381 4122 Adamo
1415 4074 1684 4119 certamen
1713 4071 1765 4114 et
1789 4062 1928 4115 luela
1958 4068 2073 4110 erat
2095 4056 2354 4108 adversus

789 4168 1033 4222 arborem
1084 4162 1358 4223 scienti-.e,
1408 4158 1710 4228 proximam
1776 4152 2049 4207 exstitisse
2106 4149 2350 4200 arborem

789 4262 933 4320 vitm,
994 4272 1089 4311 Ceu
1159 4251 1397 4306 victoriae
1452 4250 1777 4318 traemium:
1824 4257 1881 4299 ut
1931 4245 1975 4299 si
2014 4245 2227 4298 vicisset
2263 4258 2352 4310 per

790 4347 1183 4403 continentiam
1217 4358 1391 4414 neque
1417 4343 1617 4395 edisset
1647 4341 1710 4391 de
1752 4340 1873 4400 hac,
1924 4352 2042 4389 mox
2091 4335 2351 4404 permissa

791 4439 983 4492 fuisset
1046 4436 1147 4504 ipsi
1220 4434 1307 4486 illa
1368 4432 1536 4484 altera
1597 4426 1901 4496 gustanda,
1962 4426 2159 4492 quippe
2218 4425 2353 4474 solet

2462 603 2711 665 dabatur,
2780 614 3063 672 propterea
3125 604 3271 672 quod
3333 620 3579 660 alumnus
3630 616 3683 661 et
3739 609 4037 664 multarunt

2460 694 2714 747 arborum
2750 694 3009 749 varietate
3034 695 3340 763 spectabilis
3362 706 3506 750 esset
3536 715 3551 753 :
3606 698 3768 767 hujus
3813 714 3938 767 pars
3971 720 4037 755 ea

2459 802 2580 854 qua:
2651 796 2873 839 cmteras
2913 803 3113 841 ~otnnes
3159 789 3562 857 pulchritudine
3613 802 3775 856 atque
3829 791 4037 846 decore

2462 877 2729 941 anteibat,
2775 876 3064 946 paradisus
3093 880 3377 933 dicebatur
3427 883 4031 937 accommodatissimus

2456 968 2521 1019 ad
2559 968 2938 1021 habitationem
2977 968 3501 1037 oblectationemque
3548 972 3853 1027 hominum.
3920 972 4031 1027 Sed

2458 1069 2661 1125 quanta
2691 1057 2854 1112 fuerit
2887 1060 3049 1141 hujus
3080 1061 3399 1128 amplitudo,
3445 1062 3574 1116 satis
3608 1064 3787 1131 arguit
3824 1064 4033 1119 ﬂuvius

2458 1147 2545 1201 ille
2631 1163 2861 1215 magnus
2898 1190 2911 1212 ,
2963 1149 3054 1219 qui
3110 1165 3172 1202 ex
3238 1151 3355 1217 ipso
3406 1153 3698 1215 aﬂluebat,
3769 1164 3821 1205 et
3876 1166 4030 1221 post-

2443 1224 2618 1307 Iquam
2670 1239 2888 1307 elapsus
2944 1249 3088 1294 esset
3145 1241 3483 1294 dividebatur
3533 1246 3583 1294 in
3638 1254 3873 1313 quatuor
3921 1244 4029 1295 ﬂu-

2459 1333 2649 1409 tnina‘;
2710 1333 2752 1384 si
2806 1332 2948 1384 enim
2998 1334 3194 1387 ﬂuvius
3262 1335 3375 1405 ipse
3428 1350 3656 1402 magnus
3705 1346 3851 1397 erat,
3911 1351 4030 1387 ma.

2456 1423 2713 1477 mit-stunt
2758 1435 2841 1476 est
2886 1426 3197 1488 paradisum
3257 1441 3414 1494 quem
3470 1427 3700 1493 rigrhat,
3761 1442 4028 1496 magnum

2453 1514 2857 1583 spatiosumque
2890 1514 3054 1568 fuisse
3089 1533 3102 1569 :
3143 1514 3207 1567 Et
3235 1517 3383 1568 illinc
3411 1517 3761 1582 dividebatur,
3786 1533 3833 1572 et
3862 1524 4029 1573 evasit

2451 1605 2503 1656 in
2563 1594 2790 1685 quatuor
2838 1609 3034 1672 capita.
3100 1608 3392 1677 Postquam
3443 1612 3487 1664 is
3551 1608 3745 1665 ﬂuvius
3795 1614 4027 1681 rigassct

2426 1690 2795 1760 paradisum,
2850 1696 3103 1749 diductus
3164 1696 3478 1766 divisusque
3531 1710 3612 1753 csl
3669 1702 3720 1753 in
3785 1714 4027 1770 quatuor

2442 1782 2641 1841 ﬂuvios
2670 1804 2807 1857 quos
2838 1790 3013 1843 Moses
3044 1793 3193 1860 (quia
3238 1793 3409 1861 ipsius
3465 1797 3665 1847 smculo
3702 1798 3812 1849 noti
3845 1800 4024 1864 erant)

2453 1880 2566 1932 suis
2614 1892 2663 1934 et
2706 1882 3053 1946 numinibus,
3108 1892 3161 1935 et
3215 1884 3347 1937 locis
3378 1884 3671 1945 describit,
3725 1887 4021 1954 inquiens:

2454 1969 2656 2023 Nomen
2687 1973 2838 2024 unius
2868 1969 3083 2037 Phison,
3108 1974 3149 2025 is
3172 1984 3246 2025 est
3276 1977 3364 2042 qui
3387 1976 3571 2027 circuit
3602 1977 3892 2028 universam
3923 1987 4029 2027 ler-

2408 2110 2411 2119 ,
2450 2080 2563 2115 ram
2606 2063 2824 2117 llarilre.
2882 2063 3087 2118 Nomen
3146 2065 3311 2134 igitur
3344 2067 3507 2119 unius
3561 2068 3752 2119 horum
3777 2078 4025 2136 quatuor

2448 2154 2736 2206 ﬂuviorum
2769 2168 2850 2206 rst
2881 2156 3116 2218 Phison;
3149 2160 3261 2209 sive
3288 2195 3301 2219 ,
3337 2164 3392 2208 ut
3416 2156 3636 2209 Graecus
3666 2164 3839 2220 vocat,
3876 2156 4027 2223 Dija-

2450 2247 2532 2301 bis
2566 2266 2577 2299 :
2608 2248 2698 2315 qui
2732 2247 2928 2300 ﬂuvius
2984 2261 3269 2318 postquam
3323 2250 3542 2303 avulsus
3577 2249 3643 2302 ab
3684 2248 3775 2302 illo
3817 2248 4031 2316 majore

2448 2348 2500 2392 ct
2538 2341 2795 2407 primario
2826 2340 3135 2407 paradisum
3166 2343 3438 2411 pelluente
3461 2382 3474 2405 ,
3510 2344 3561 2394 in
3591 2352 3898 2409 terramque
3928 2342 4029 2394 de-

2452 2446 2665 2486 mersus
2723 2441 2825 2497 est,
2882 2434 2983 2485 sub
3024 2433 3155 2501 ipsis
3201 2436 3363 2487 etiam
3426 2437 3621 2488 Oceani
3678 2437 3827 2487 vadis
3882 2434 4027 2499 ﬂuit,

2448 2522 2619 2575 donec
2667 2524 2932 2577 ebulliens
2975 2535 3292 2593 prorumpat
3350 2526 3402 2579 in
3454 2526 3827 2591 occidentem,
3881 2528 4027 2579 unde

2450 2627 2639 2665 versus
2694 2616 3118 2682 septentrionem
3160 2632 3416 2685 rcgyrans
3453 2619 3720 2670 delabitur
3768 2633 3859 2686 per
3898 2619 4029 2669 uni~

2449 2717 2659 2753 versam
2731 2703 3003 2771 regionem
3064 2702 3316 2757 ludorum
3379 2706 3559 2772 (quant
3628 2717 3784 2758 voc.tt
3844 2704 4029 2759 Muses

2450 2802 2644 2847 terram
2669 2796 2913 2862 iiaviltc),
2939 2812 2997 2848 ac
3030 2797 3243 2847 tandem
3264 2796 3460 2849 desinit
3495 2797 3546 2849 in
3582 2811 3727 2849 mare
3754 2796 4027 2852 Indicum.

2451 2882 2586 2936 Sunt
2616 2895 2793 2938 autem
2842 2887 2932 2953 qui
2979 2896 3165 2953 putent
3224 2885 3424 2938 Phison
3475 2888 3799 2953 appellatum
3835 2902 3961 2939 esse
3997 2902 4028 2939 a

2448 2975 2612 3027 verbo
2645 2973 2934 3045 Plias(l6).
2964 2986 3242 3044 propterea
3276 2977 3411 3041 quod
3435 2985 3605 3028 cesset
3629 2992 3656 3028 a
3678 2975 3836 3029 ﬂuctu
3868 2993 4029 3044 aspe-

2449 3068 2655 3130 ctabili,
2684 3069 2883 3136 quippe
2910 3068 2999 3134 qui
3033 3068 3131 3119 sub
3158 3067 3339 3119 multis
3376 3068 3575 3135 pelagis
3604 3067 3805 3135 majo:e
3832 3084 3859 3117 ιι
3897 3084 4030 3118 cur-

2452 3170 2542 3207 Sus
2574 3156 2657 3207 sui
2698 3166 2898 3222 partem
2935 3164 3172 3222 peragat.
3206 3153 3269 3205 Et
3306 3154 3374 3206 ibi
3405 3167 3477 3206 est
3514 3171 3724 3216 aurum,
3755 3166 3801 3206 et
3833 3172 4028 3207 aurum

2454 3245 2565 3313 t’jtts
2616 3255 2769 3296 terra:
2819 3257 3072 3305 pra-stans
3118 3255 3225 3304 est;
3275 3243 3349 3295 ibi
3409 3243 3685 3305 Iicdoluih,
3735 3255 3783 3295 et
3825 3245 4029 3311 lapides

2454 3337 2671 3392 Bcrilli.
2711 3336 2912 3391 [“trtnd
2955 3338 3005 3389 in
3061 3340 3317 3405 pleraque
3374 3335 3533 3401 hujus
3574 3334 3809 3388 ﬂuminis
3859 3350 4029 3402 arena

2457 3441 2617 3498 atque
2650 3429 2702 3481 in
2758 3429 2871 3497 ipsa
2907 3429 3044 3496 ripa,
3082 3443 3270 3480 aurum
3306 3427 3532 3494 probum
3570 3426 4032 3493 admirandasque

2457 3520 2781 3589 margaritas
2830 3520 3064 3573 ubertim
3116 3520 3358 3586 reperiri.
3396 3517 3674 3571 llebraunn
3708 3520 3872 3581 enim,
3928 3518 4034 3571 Be-

2456 3611 2665 3671 dolath,
2700 3627 2935 3680 gemmas
2997 3621 3187 3674 vorat;
3226 3608 3451 3663 Berillos
3485 3624 3632 3668 vero,
3669 3610 3872 3676 lapides
3906 3625 4030 3678 pte-

2457 3703 2648 3756 tiosos.
2682 3702 2806 3766 Alii,
2845 3702 3127 3765 Bedolath,
3164 3686 3423 3756 candidas
3462 3704 3687 3755 uniones
3718 3702 4030 3769 significare

2458 3792 2807 3857 existimant;
2871 3790 3099 3845 Bel-illos
3155 3806 3303 3855 vero,
3369 3792 3578 3853 sardos,
3646 3792 3909 3858 tripazios,
3975 3802 4027 3842 ιι

2428 3893 2682 3936 ,czeteras
2717 3884 2768 3934 id
2806 3898 2974 3951 genus
3004 3899 3267 3951 gemmas.
3309 3886 3373 3934 Et
3406 3898 3587 3935 nomen
3632 3882 3779 3946 ﬂuvii
3810 3883 4031 3933 secundi

2459 3972 2658 4039 Cillan;
2697 3974 2745 4026 is
2777 3984 2851 4025 est
2894 3990 2982 4041 qut
3023 3974 3209 4025 circuit
3257 3990 3458 4026 omnem
3500 3984 3693 4025 terram
3725 3972 3887 4025 Chus.
3932 3970 4037 4025 Se»-

2456 4065 2665 4119 cundus
2695 4064 2891 4118 ﬂuvius
2926 4081 3119 4118 nomen
3155 4066 3315 4117 habet
3347 4064 3548 4117 Gihon.
3581 4063 3802 4116 Gnccus
3836 4061 4028 4115 Nilum

2456 4156 2723 4225 appellat:
2763 4156 2851 4207 alii
2884 4155 3081 4207 Siehor
3114 4154 3407 4207 vorant.Et
3440 4155 3523 4207 hic
3555 4168 3769 4222 quoque
3796 4152 4023 4213 ﬂuvius,

2458 4259 2515 4301 ut
2570 4258 2846 4316 separatus
2901 4258 2982 4299 est
3032 4246 3099 4298 ab
3150 4246 3241 4298 iilo
3292 4247 3518 4313 majore,
3599 4246 3700 4297 sub
3750 4243 4029 4297 Oceanum

2456 4328 2961 4402 descendit,donec
2992 4337 3319 4404 scaturigine
3350 4336 3617 4389 evomitur
3646 4336 3698 4386 in
3730 4336 3879 4402 plaga
3918 4340 4034 4386 Au-

2457 4430 2655 4501 strali,
2695 4438 2857 4497 atque
2921 4444 3118 4498 gyrans
3168 4428 3366 4496 petiuit
3418 4436 3616 4480 terram
3666 4426 4031 4479 Chussiorunt

794 4530 985 4584 Victori
1022 4529 1196 4593 [milita
1232 4524 1283 4577 ill
1313 4530 1569 4593 ιποηιριυ
1597 4534 1739 4583 (ἔθευ.
1784 4518 2019 4584 insumit“
2058 4516 2185 4569 mliti
2222 4530 2357 4584 (ιιιοο
2388 4542 2430 4596 D
2460 4520 2749 4588 (Ethiopas
2804 4518 3081 4584 vocamus)
3144 4527 3196 4569 et
3246 4515 3639 4585 Algyptiortnn,
3699 4516 4033 4580 tandemque

795 4638 900 4691 que
930 4619 1097 4688 qu:eri
1148 4625 1342 4686 potest,
1384 4629 1481 4667 cur
1544 4614 1682 4663 Deus
1725 4609 2044 4678 produxerit
2073 4607 2207 4659 duas
2235 4606 2351 4658 illas

795 4711 1014 4767 arbores
1042 4710 1097 4761 in
1139 4705 1314 4759 medio
1355 4701 1624 4772 paradiso,
1674 4713 1737 4752 ac
1777 4714 1880 4752 non
1927 4698 2104 4762 potius
2135 4696 2186 4748 in
2221 4711 2355 4763 quo-

793 4805 935 4874 piam
966 4801 1084 4868 ejus
1110 4796 1325 4864 augulo.
1358 4793 1453 4846 llic
1482 4790 1891 4859 respondemus,
1920 4789 2039 4841 ideo
2071 4787 2119 4839 id
2152 4786 2351 4839 factum

796 4907 917 4947 esse
977 4887 1104 4957 quia
1180 4888 1232 4938 in
1309 4882 1486 4936 medio
1546 4880 1794 4948 paradiso
1846 4877 2189 4930 habitaturus
2240 4884 2357 4928 erat

796 4983 991 5043 Adam,
1036 4986 1257 5046 accepto
1303 4975 1392 5027 Dei
1435 4973 1661 5042 imperio
1706 4971 1770 5024 de
1819 4968 2044 5023 edendis
2082 4966 2354 5021 fructibus

798 5072 1007 5125 arboris
1043 5066 1282 5121 scientia:
1319 5065 1443 5119 boni
1477 5073 1532 5118 et
1562 5062 1711 5116 mali.
1743 5062 2009 5115 Caeterum
2047 5060 2352 5127 qualisnam

796 5161 964 5216 fuerit
990 5159 1152 5212 arbor
1186 5158 1327 5219 vit-.c,
1350 5166 1400 5211 et
1431 5172 1528 5210 cur
1554 5154 1631 5209 sic
1660 5152 1729 5213 sit
1759 5152 1901 5205 dicta
1925 5190 1938 5214 ,
1969 5148 2160 5202 deinde
2182 5148 2356 5217 qualis

797 5255 957 5307 arbor
1027 5249 1265 5304 scientiae
1316 5249 1440 5301 boni
1501 5257 1553 5300 et
1606 5245 1756 5309 mali,
1800 5252 1854 5296 et
1880 5241 2242 5310 quamobrem
2291 5254 2357 5292 eo

798 5345 1020 5399 nomine
1082 5341 1381 5411 appellata,
1443 5353 1551 5391 una
1623 5351 1746 5389 eum
1808 5333 1927 5387 aliis
1980 5332 2098 5401 ejus
2149 5326 2359 5398 generis

805 5435 1104 5491 rationibus
1135 5448 1296 5502 supra
1329 5446 1359 5485 a
1396 5430 1550 5483 nobis
1580 5428 1713 5484 satis
1740 5426 2061 5494 explicatum
2090 5439 2103 5475 :
2154 5421 2218 5473 Et
2254 5422 2359 5489 ﬂu-

799 5530 912 5583 vius
944 5526 1306 5597 egrediebatur
1335 5540 1398 5577 ex
1427 5521 1567 5575 [ἰάθη
1594 5532 1647 5573 ιιι
1694 5519 1885 5588 rigaret
1928 5516 2255 5585 paradisum.
2302 5513 2362 5564 l'lt

2459 4608 2661 4661 desinit
2709 4608 2930 4660 inmare
2966 4605 3334 4665 Adriaticum,
3381 4603 3527 4671 quod
3572 4611 3653 4655 est
3699 4603 3838 4672 apud
3865 4600 4035 4671 ἐξεῖ-

2457 4678 2630 4767 ptum.
2660 4699 2926 4751 Caeterum
2973 4712 3168 4750 nomen
3215 4695 3444 4749 Gihonis
3483 4694 3717 4746 obtinuit
3749 4709 3776 4744 a
3814 4695 4034 4746 ﬂuendo

2462 4803 2582 4842 sum
2612 4788 2990 4851 inundatione;
3017 4788 3112 4839 hac
3134 4786 3305 4849 enim,
3331 4785 3441 4853 ripa
3470 4799 3567 4836 sua
3591 4784 4030 4853 supergrediens,

2462 4882 2648 4949 irrigat
2702 4892 2872 4933 terras
2920 4880 3019 4932 sibi
3058 4878 3526 4946 circtunjaccntes.
3563 4875 3627 4926 Et
3668 4890 3855 4927 nomen
3880 4876 4035 4943 ﬂnrii

2466 4972 2604 5023 tertii
2638 4970 2840 5033 Diklat,
2871 4971 2957 5037 qui
2989 4969 3026 5020 it
3056 4968 3303 5020 adversus
3330 4969 3517 5020 Assur.
3555 4965 3789 5029 Quartus
3811 4968 4035 5034 denique

2430 5064 2660 5129 .ﬂnvins
2713 5070 2790 5115 est
2848 5061 3060 5115 l’erat/t.
3125 5060 3299 5113 Diklat
3358 5058 3656 5127 appellatus
3705 5067 3789 5110 est
3840 5059 4035 5111 tertius

2466 5151 2681 5215 ﬂuvius,
2715 5152 2856 5219 quod
2888 5151 3223 5219 impetuosus
3266 5164 3328 5202 ac
3370 5150 3588 5218 rapidus
3620 5162 3839 5201 sursum
3871 5147 4037 5198 deor-

2466 5258 2585 5299 smn
2628 5240 2830 5295 feratur
2861 5242 3015 5310 quasi
3058 5242 3218 5295 homo
3251 5224 3519 5293 violenius
3570 5254 3631 5291 ac
3664 5237 3901 5291 fervidus
3938 5239 4034 5306 qui

2468 5336 2530 5388 ad
2558 5330 2979 5402 perrumpendas
3000 5332 3277 5401 angustias
3300 5332 3509 5400 aliquas
3536 5346 3678 5383 nunc
3701 5344 3759 5383 se
3775 5329 4033 5397 subrigit,

2471 5438 2615 5476 nunc
2682 5419 2937 5474 demittit.
2994 5420 3229 5484 Quartus
3296 5418 3527 5486 denique
3582 5415 3779 5469 ﬂuvius
3829 5415 4037 5468 dicitur

2441 5513 2689 5591 (Perath,
2728 5512 2855 5579 quia
2888 5509 3312 5573 fecumlissimus
3345 5516 3444 5563 est.
3479 5506 3543 5559 Et
3570 5506 3620 5558 hi
3672 5518 3889 5574 quoque
3924 5507 4037 5558 duo

876 5722 987 5804 (ιιι)
1023 5733 1245 5795 Phison,
1276 5729 1659 5804 superiusrap.
1686 5727 1777 5789 21,
1804 5726 1935 5783 dixit
1966 5726 2147 5781 Gratce
2208 5720 2387 5779 vocari
2431 5719 2635 5785 Diiabis
2686 5735 2779 5789 per
2819 5728 3065 5774 uuartam
3139 5719 3376 5775 vocalem
3417 5718 3467 5773 in
3526 5716 3762 5772 secunda
3798 5714 4029 5785 syllaba.

798 5797 1196 5871 Plias,'cessare
1226 5801 1489 5870 signiticat
1526 5797 1695 5867 Syris.
