4202 6430
188 404 280 464 5ἳί1
1339 403 1436 463 DE
1479 404 1670 464 PARA
1684 401 1769 461 [)lf

1919 424 1984 435 --
2029 400 2218 457 l’A-llS
2260 398 2309 456 ῐ.

3333 385 3439 446 530

189 517 323 571 nuvii
352 517 519 573 simul
550 525 713 586 atque
740 517 968 571 derivati
997 523 1125 571 sunt
1156 517 1222 570 ab
1249 518 1341 570 illo
1369 517 1754 586 principaliore
1787 524 1822 574 Α
1864 509 1970 568 Illic
1996 513 2138 565 haud
2169 510 2261 563 diu
2296 508 2518 573 mansit,
2555 521 2675 566 sua,
2706 518 2813 558 non
2841 499 3128 558 Eﬂ‘ectoris
3159 501 3242 554 sui
3277 500 3432 568 culpa

187 609 441 661 fluruine:
474 608 714 676 absorpti
747 609 848 661 sub
874 607 1174 672 Oceanum,
1207 611 1424 662 tandem
1460 609 1746 676 prosiliunt

188 701 234 749 111
271 699 452 752 medio
491 709 755 752 terrarum
788 701 936 757 orbe.
979 700 1218 755 fontibus
1253 715 1364 754 non
1400 700 1585 768 procul
1616 700 1752 750 inter

185 803 236 840 se
258 789 540 853 dissipatis
569 805 633 843 ac
658 790 897 859 prolapsi
935 790 1189 844 desinunt
1235 791 1286 843 in
1321 806 1471 844 mare
1501 789 1754 844 Australe

190 877 350 943 ipsius
382 879 589 934 Bosrzc.
618 880 784 934 Porro
811 882 983 934 Assur
1017 891 1174 935 vocat
1204 882 1475 948 regionem
1511 881 1666 933 Attur
1703 889 1756 932 rt

187 967 554 1025 Ninevitarum
589 987 650 1025 ac
681 971 1040 1038 Bethgarme,
1083 973 1297 1039 aliaque
1329 975 1754 1039 circumquaque

188 1062 261 1114 bis
285 1064 599 1130 adjacentia
631 1064 768 1117 lora.
799 1064 902 1117 Sed
925 1065 1076 1117 enim
1091 1071 1342 1131 quierunt
1367 1065 1455 1117 hic
1483 1064 1750 1124 homints,

188 1152 272 1218 qui
311 1154 484 1221 possit
523 1156 634 1206 fieri
670 1165 727 1208 ιιι
759 1155 809 1206 111
843 1165 1077 1222 quatuor
1110 1153 1253 1206 fluvii
1291 1155 1507 1207 veniant
1537 1167 1563 1206 e
1595 1169 1756 1220 para-

190 1241 305 1294 diso
333 1283 348 1306 ,
377 1253 434 1296 et
468 1245 704 1313 absorpti
740 1247 840 1298 sub
871 1245 1144 1298 Oceanum
1190 1245 1326 1299 intra
1362 1253 1519 1298 terra.
1550 1245 1755 1298 viscera

196 1344 389 1397 lucent,
424 1351 484 1387 ac
515 1337 727 1388 tandem
757 1345 1054 1403 emergant,
1094 1335 1548 1404 eﬂ‘undanturque
1572 1336 1623 1388 in
1659 1335 1759 1388 hac

195 1429 374 1474 nostra
403 1423 579 1474 terra!
616 1420 814 1474 Verum
860 1422 998 1474 hanc
1025 1423 1402 1489 quaistioneut,
1439 1433 1493 1477 et
1521 1423 1640 1490 ejus
1668 1439 1759 1491 ge-

193 1515 331 1565 neris
381 1515 520 1566 alias
565 1514 674 1581 jam
723 1513 854 1567 satis
897 1515 1265 1568 dissolvimus.
1327 1514 1497 1568 Porro
1552 1514 1760 1578 Moses,

190 1599 456 1666 explicata
488 1602 799 1652 narratione
829 1617 1016 1654 carum
1050 1617 1231 1655 rerum
1267 1618 1387 1671 quae
1419 1602 1483 1655 ad
1521 1603 1755 1669 paradisi

193 1687 397 1740 laudem
461 1687 1028 1756 rnagnilicenliamque
1061 1707 1072 1741 :
1111 1689 1233 1742 item
1285 1705 1470 1742 earum
1522 1706 1640 1759 quae
1697 1691 1760 1744 ad

193 1773 386 1827 ﬂutnen
421 1775 609 1841 ingens
639 1790 747 1843 quo
789 1776 874 1830 ille
911 1776 1116 1844 rigatur
1149 1796 1162 1829 :
1201 1777 1434 1846 denique
1462 1778 1528 1831 ad
1560 1779 1763 1832 svdnlio

193 1874 354 1917 tatem
395 1865 486 1918 Dei
525 1866 828 1921 conditoris
873 1867 1016 1920 il’ius
1057 1877 1218 1931 atque
1247 1870 1443 1922 satoris
1474 1880 1719 1938 spectant
1752 1889 1764 1923 :

191 1955 381 2007 transit
432 1955 498 2008 ad
539 1957 828 2009 dicendum
860 1959 924 2011 de
958 1958 1178 2012 inducto
1209 1961 1414 2015 Adamo
1445 1963 1495 2014 in
1547 1963 1762 2031 paradi-

190 2059 298 2096 sum
329 2046 416 2099 bis
449 2048 624 2100 verbis
655 2067 670 2098 :
706 2046 770 2101 Et
804 2051 1002 2116 accepit
1031 2050 1284 2105 Dominus
1313 2051 1448 2106 Dens
1474 2053 1760 2114 diluiuum,

191 2145 234 2186 rt
253 2138 429 2203 posuit
461 2138 631 2204 ipmm
671 2140 721 2191 in
747 2141 997 2207 paradiso
1030 2140 1196 2196 Edon.
1225 2145 1344 2208 Quo
1385 2144 1566 2198 habitu
1599 2163 1763 2215 appa-

191 2229 358 2280 ruerit
388 2229 529 2282 lleus
557 2230 787 2292 :‘ldanro,
820 2230 1056 2286 diximus
1094 2250 1290 2302 nuper.
1352 2233 1468 2287 Jaru
1505 2251 1630 2289 vero
1669 2239 1766 2291 hoc

195 2317 486 2373 videndum
513 2331 615 2383 est,
641 2324 802 2388 unde,
827 2333 1012 2394 etquo
1037 2327 1315 2380 sustulerit
1345 2328 1518 2396 ipsum
1549 2332 1767 2396 quando

194 2409 473 2476 Scriptura
509 2411 578 2463 ait
615 2429 628 2464 :
659 2411 728 2464 lz't
776 2416 969 2481 accepit
1005 2415 1258 2469 Dominus
1300 2417 1434 2471 Deus
1481 2420 1766 2472 diluiuum.

195 2498 352 2556 Igitur
383 2503 608 2570 quidam
645 2516 837 2572 putant
861 2523 922 2559 cx
961 2505 1253 2563 Jerusalem
1291 2511 1560 2564 sublatqu
1599 2523 1694 2564 trar
1720 2528 1771 2565 s-

196 2593 372 2646 tulTsse
405 2595 459 2646 in
498 2595 808 2663 paradisum
843 2616 856 2650 :
896 2614 1016 2650 nam
1055 2600 1105 2651 in
1134 2597 1434 2654 Jerusalem
1478 2601 1766 2656 formatum

193 2699 326 2747 esse,
366 2685 457 2737 ubi
487 2695 537 2738 ct
569 2698 794 2740 mortem
831 2690 993 2742 etiam
1027 2690 1242 2744 obierit.
1291 2693 1394 2745 Alii
1429 2709 1556 2747 vero
1582 2695 1767 2747 misti-

197 2787 329 2826 nrant
360 2816 375 2839 ,
426 2792 494 2829 ex
550 2777 671 2830 loco
707 2778 994 2834 humiliore
1039 2792 1201 2850 atque
1234 2783 1421 2837 viliore
1481 2785 1768 2838 sustulisse

196 2865 244 2918 iu
275 2868 454 2922 locum
487 2870 776 2925 sublimem
807 2872 1286 2943 magnificumque,
1339 2885 1392 2928 et
1423 2877 1583 2930 voluti
1615 2893 1769 2931 crea-

201 2967 304 3010 tum
345 2975 374 3012 a
411 2976 472 3014 se
510 2978 688 3031 regem
727 2963 1004 3017 induxisse
1037 2964 1088 3017 in
1138 2968 1370 3034 regalem
1424 2969 1626 3022 sedero.
1668 2969 1770 3023 Sed

198 3065 428 3117 quonam
460 3052 610 3105 illum
645 3056 804 3108 modo
831 3056 1086 3109 sustulit?
1119 3055 1465 3126 Respondent
1493 3061 1768 3126 nonnulli,

197 3140 242 3192 id
277 3143 420 3210 quod
460 3144 738 3212 Scriptura
781 3148 849 3198 ait
881 3161 892 3195 :
929 3145 989 3199 Et
1033 3152 1231 3217 accepit
1257 3195 1270 3214 ,
1306 3152 1439 3204 nihil
1478 3153 1619 3205 aliud
1658 3154 1759 3207 sibi

197 3234 321 3285 velte
350 3251 514 3302 quam
553 3235 716 3288 Deum
754 3239 957 3293 dixisse
997 3242 1060 3293 ad
1107 3243 1258 3295 illum
1288 3261 1300 3294 :
1331 3242 1452 3305 Abi,
1484 3247 1768 3313 ipsumque

195 3325 449 3378 continuo
503 3327 810 3394 profectum
855 3345 992 3384 esse.
1044 3332 1146 3386 Sed
1199 3334 1280 3386 his
1334 3334 1603 3400 objiciunt
1653 3336 1768 3400 alii,

199 3412 456 3466 incertum
487 3417 659 3470 fuisse
683 3418 912 3481 Adatno,
953 3422 1111 3484 unde,
1138 3434 1189 3475 et
1219 3438 1326 3490 quo
1349 3424 1503 3476 abire
1528 3425 1766 3478 deberet.

198 3497 399 3561 (litibus
428 3502 500 3554 illi
531 3505 880 3570 rospondcnt,
911 3507 1009 3574 ipsi
1037 3509 1087 3559 in
1121 3520 1354 3563 mentem
1386 3511 1599 3565 venisse
1628 3516 1769 3566 unde

196 3601 243 3664 et
269 3609 376 3657 quo
400 3595 716 3646 abeundum
751 3596 875 3660 sibi,
904 3607 1065 3666 atque
1094 3599 1181 3652 ubi
1214 3601 1564 3655 habitandqu
1597 3613 1766 3666 ess:-t,

198 3681 347 3733 sicuti
411 3685 525 3736 \isa
583 3685 861 3752 prOphctis
912 3687 1084 3740 solcltt
1139 3690 1378 3745 evenire.
1432 3689 1632 3746 Verum
1679 3693 1768 3746 alii

199 3772 394 3824 malunt
437 3773 774 3835 existimare,
849 3776 1012 3828 llenrn
1053 3779 1259 3832 Adamo
1309 3781 1540 3834 lntruana
1593 3785 1773 3850 specie

198 3861 538 3926 apparuisse,
584 3863 877 3930 ipsumque
921 3865 1322 3932 apprehensum
1375 3875 1773 3936 transportasse

200 3951 246 3999 in
274 3953 616 4018 paradisum.
647 3954 751 4006 Sed
780 3954 926 4008 dices
953 3972 964 4006 :
994 3957 1108 4008 sive
1134 3972 1228 4023 per
1254 3959 1449 4012 mentis
1479 3961 1769 4024 visionem,

200 4043 305 4095 sive
339 4059 437 4112 per
474 4045 767 4096 humanam
813 4047 1034 4113 ﬁgurant
1087 4048 1160 4100 illi
1212 4052 1557 4118 apparuerit;
1609 4062 1772 4122 atque

202 4133 267 4186 ita
305 4135 668 4197 transtulerit,
703 4153 897 4205 magno
930 4137 1103 4192 fuisse
1141 4155 1278 4208 opus
1308 4143 1564 4210 temporis
1597 4147 1770 4212 spatio

205 4225 263 4275 a-l
316 4227 422 4278 iter
473 4226 575 4279 hoc
610 4228 1029 4281 cottliciettdttttt.
1083 4229 1250 4298 Igitur
1285 4242 1464 4285 nostra
1502 4237 1770 4288 sententia

203 4325 296 4379 cst,
335 4317 509 4368 Deum
551 4317 814 4372 formasse
841 4321 1103 4373 Adarnum
1136 4331 1284 4375 extra
1322 4326 1656 4392 paradisum,
1689 4337 1774 4381 at-

206 4422 304 4471 que
329 4408 483 4460 illinc
512 4419 788 4478 arreptum
815 4411 1123 4466 sustullisse
1149 4413 1200 4466 in
1229 4417 1560 4482 paradisum,
1593 4418 1775 4488 ibique

208 4498 481 4552 dimisisse
515 4513 530 4560 ;
563 4509 815 4553 caeterum
867 4516 932 4556 eo
987 4505 1261 4572 accepisse
1323 4507 1504 4572 modo,
1557 4525 1666 4576 quo
1723 4521 1775 4564 ct

209 4587 422 4655 iluorli,
466 4600 523 4643 et
555 4591 880 4662 Philippum.
916 4593 1048 4648 Nam
1086 4605 1145 4649 ut
1186 4597 1252 4650 de
1296 4596 1475 4651 Erroch
1511 4601 1772 4668 scriptum

210 4689 376 4732 cvstat
411 4698 424 4732 :
465 4681 532 4752 lit
560 4683 679 4733 tulit
708 4684 877 4750 ipsum
905 4684 1042 4737 Deus
1063 4687 1142 4750 6’;
1203 4685 1437 4756 itemque
1475 4687 1721 4758 Philippo
1753 4707 1768 4745 :

184 4771 191 4779 '
218 4772 275 4821 Η
306 4771 546 4840 Spiritus
584 4772 794 4827 Domini
825 4778 1000 4844 rapuit
1029 4777 1198 4845 ipsum
1222 4779 1265 4809 π
1301 4796 1315 4830 :
1351 4781 1428 4835 sic
1455 4792 1507 4834 et
1538 4784 1768 4837 dicimus

215 4865 477 4919 Mantum
513 4882 633 4919 esse
662 4882 690 4919 a
733 4867 838 4921 Deo
869 4877 1081 4937 raptqu
1113 4886 1176 4924 ex
1210 4885 1273 4924 co
1311 4873 1430 4926 loco
1460 4889 1566 4942 quo
1595 4873 1773 4930 fuerat

208 4957 496 5017 formatus.
531 4969 694 5026 atque
727 4961 778 5013 in
821 4962 1128 5030 paradisum
1165 4967 1570 5033 transpositam.
1602 4967 1771 5022 Diuti-

209 5053 368 5118 sitque
408 5054 583 5119 ipsum
629 5053 679 5104 in
731 5054 981 5120 paradiso
1023 5057 1202 5119 Edon,
1252 5067 1307 5108 ut
1342 5074 1456 5110 eum
1503 5060 1688 5113 coleret
1724 5071 1773 5113 et

211 5143 512 5193 custodiret.
543 5141 616 5192 1Ξο
640 5143 785 5210 quod
811 5144 943 5196 dicit
976 5161 988 5196 :
1019 5142 1084 5196 Et
1108 5145 1304 5198 dimisit
1332 5149 1501 5215 ipsum
1531 5150 1581 5202 in
1615 5167 1776 5218 para-

212 5232 335 5295 diso,
371 5231 620 5284 declarat
651 5231 814 5284 Deum
848 5234 1061 5288 sublato
1091 5235 1298 5290 Adamo
1332 5255 1438 5292 non
1466 5242 1771 5295 ostendisse

212 5321 362 5373 nrodo
391 5319 634 5388 paradisi
689 5321 1142 5388 pulchritudinem
1191 5327 1771 5398 tnagnilicenliamque,

215 5418 261 5457 rt
289 5425 406 5464 mox
440 5411 570 5464 inde
597 5410 918 5477 abripuisse.
945 5413 1036 5466 sed
1069 5413 1196 5468 inibi
1229 5415 1434 5480 relicto,
1463 5417 1772 5474 facultatem

216 5503 460 5553 manendi
485 5515 654 5568 seque
673 5501 975 5556 oblectandi
999 5505 1314 5574 permisisse
1336 5516 1392 5560 ut
1418 5508 1608 5564 inloco
1631 5511 1775 5566 illius

215 5593 373 5661 ipsius
427 5595 602 5665 gratia
658 5596 878 5650 condito
928 5596 1364 5667 concinnatoth
1407 5615 1418 5652 :
1455 5616 1576 5654 nam
1631 5604 1775 5658 onod

285 5785 326 5815 ”
358 5784 496 5839 Gen.
533 5800 584 5849 ν,
611 5784 702 5839 21.
778 5783 821 5814 ⁷⁸
855 5784 971 5840 Act.
1002 5797 1114 5848 vttl,
1143 5783 1228 5838 59.

1309 5786 1346 5814 ⁷¹
1381 5783 1421 5839 11
1459 5784 1646 5841 Thcss.
1676 5802 1750 5840 111.
1801 5786 1878 5840 11.

1860 605 2056 658 evenit.
2086 600 2240 668 Quod
2266 614 2426 669 porro
2449 597 2718 667 sequitur:
2750 595 2814 648 Ut
2835 611 2951 649 eum
2977 593 3168 646 coleret
3193 601 3240 643 et
3269 603 3448 644 custo-

1860 697 2027 758 diret,
2064 708 2294 764 quanam
2349 692 2610 744 sententia
2674 687 2774 742 erit
2811 684 3226 754 accipiendum?
3293 683 3446 736 Nono

1862 787 1994 856 quid
2029 784 2312 854 paradisus
2346 782 2552 836 cultore
2583 782 2790 849 egebat,
2826 779 2878 832 in
2909 793 3016 846 quo
3049 778 3245 832 silvosa
3274 775 3447 830 senti-

1862 891 2095 945 cosaque
2117 875 2370 929 materies
2395 889 2499 926 nou
2524 873 2896 927 succrescebat
2915 871 2937 924 ?
2959 871 3071 924 haec
3096 870 3238 923 enim
3264 877 3448 938 poster

1861 985 1957 1039 per
1985 969 2410 1022 exsecrationem
2451 965 2614 1033 C(Bpit
2647 965 2698 1016 in
2723 981 2783 1018 ea
2821 975 2988 1028 terra,
3021 977 3141 1031 quas
3167 971 3313 1014 extra
3347 977 3444 1027 pa-

1866 1058 2106 1112 radisum
2157 1066 2303 1121 crat,
2346 1058 2548 1110 enasci.
2589 1055 2851 1108 Praeterea
2881 1055 2971 1123 qui
3022 1053 3197 1122 potuit
3242 1053 3450 1105 cultore

1865 1165 2002 1218 Opus
2065 1149 2264 1202 habere
2317 1149 2641 1216 paradisus,
2678 1146 2854 1199 omnis
2905 1146 3113 1213 uerter-is
3158 1143 3448 1198 arboribus

1866 1239 2187 1294 abundans?
2249 1238 2480 1306 denique
2544 1237 2818 1307 quomodo
2872 1236 3165 1296 coluisset,
3211 1234 3432 1304 quando

1868 1345 2043 1399 neque
2074 1331 2308 1394 sarcula,
2361 1345 2548 1398 nequa:
2600 1344 2796 1397 scopze,
2829 1337 2923 1380 aut
2977 1327 3200 1380 alterius
3237 1330 3448 1392 generis

1871 1421 2229 1475 instrumenta
2259 1421 2482 1474 cultum
2507 1419 2643 1472 facta
2688 1427 2860 1472 erant.
2910 1418 3446 1485 Similitervquorurn

1872 1512 2104 1566 habebat
2131 1513 2380 1566 custodia
2406 1525 2544 1580 opus
2577 1510 2881 1579 paradisus,
2909 1525 3033 1562 cum
3063 1509 3191 1561 nulli
3219 1525 3447 1576 usquam

1872 1609 2197 1662 exsisterent
2245 1606 2397 1674 egeni
2447 1603 2732 1657 homines?
2770 1601 2908 1667 Quid
2947 1617 3072 1668 ergo
3122 1602 3222 1654 sibi
3261 1601 3450 1653 volunt

1872 1699 1959 1751 illa
1990 1699 2168 1752 verba:
2212 1697 2279 1750 Ut
2329 1696 2516 1750 coleret
2567 1703 2614 1747 et
2659 1693 2982 1747 custodiret?
3037 1691 3450 1760 Respondemus

1875 1803 1980 1841 non
2018 1789 2067 1841 id
2119 1776 2422 1856 signiﬁcare
2473 1783 2751 1838 fodiendus
2803 1783 2876 1834 illi
2919 1781 3089 1834 fuisse
3143 1781 3362 1834 scrobes
3395 1781 3446 1831 in

1803 1871 1841 1922 Β
1870 1881 2064 1949 quibus
2087 1880 2299 1949 plantas
2326 1884 2653 1939 consereret,
2686 1881 2743 1926 ut
2765 1871 2883 1926 Noe
2901 1874 3110 1924 vitream
3139 1914 3153 1932 ,
3180 1879 3271 1922 aut
3302 1869 3449 1930 labo-

1873 1972 2038 2026 riosis
2063 1971 2238 2039 ipsum
2265 1969 2641 2024 instrumentis
2665 1964 2936 2034 operando
2961 1963 3257 2014 molestiam
3283 1961 3445 2012 ullam

1867 2061 2048 2116 subire
2065 2061 2334 2123 debuisse,
2361 2058 2454 2112 sed
2477 2058 2527 2111 in
2552 2073 2615 2110 eo
2636 2057 2864 2125 positura
2885 2052 3052 2106 fuisse
3076 2052 3275 2104 cultum
3299 2052 3445 2103 illurn

1870 2159 1928 2205 ut
1967 2150 2096 2204 inibi
2125 2151 2302 2202 locum
2330 2147 2432 2202 sibi
2471 2162 2568 2214 pro
2588 2145 2922 2198 habitatione
2955 2151 3185 2210 aptaret,
3226 2140 3448 2208 viasque

1868 2256 1931 2294 ac
1984 2240 2205 2295 semitas
2271 2239 2469 2307 quibus
2525 2235 2810 2290 commode
2860 2243 3047 2300 posset
3071 2231 3449 2293 obambulare,

1867 2333 2235 2399 complanaret
2261 2369 2274 2392 ,
2329 2345 2397 2383 ne
2430 2327 2635 2383 scilicet
2687 2327 2892 2379 otiosus
2923 2334 3096 2378 esset:
3131 2324 3346 2391 quando
3381 2338 3446 2376 ex

1877 2425 1990 2477 otio
2023 2422 2250 2491 plurima
2279 2431 2610 2476 enascantur
2636 2421 2798 2480 mala,
2833 2421 2983 2486 juxta
3015 2417 3142 2470 illud
3177 2416 3450 2484 Sapientis

1869 2515 2149 2584 cujusdam
2189 2531 2202 2568 :
2239 2515 2420 2568 Otium
2477 2513 2676 2566 malum
2739 2521 2860 2575 est,
2929 2521 2983 2564 et
3020 2509 3260 2563 fraudem
3315 2509 3455 2578 parit

1872 2608 2102 2675 pigritia.
2167 2606 2227 2658 l-Lt
2280 2605 2440 2659 divus
2489 2603 2686 2656 Paulus
2718 2605 2846 2658 dicit
2887 2621 2899 2656 :
2937 2603 3059 2656 Nisi
3097 2602 3245 2654 aliud
3285 2618 3443 2671 quant

1870 2700 2034 2750 otium
2077 2706 2285 2765 agentes
2311 2698 2376 2750 ⁷³.
2417 2696 2477 2749 Et
2508 2697 2634 2750 alibi
2659 2698 2754 2756 ait,
2786 2695 3047 2764 quasdam
3084 2692 3313 2746 feminas
3339 2708 3449 2747 non

1871 2787 2043 2840 solum
2076 2787 2276 2840 otiosas
2306 2801 2448 2849 csse,
2480 2800 2662 2839 verum
2702 2785 2860 2838 etiam
2891 2783 3253 2852 quarumdam
3279 2782 3449 2836 mala-

1874 2895 1991 2932 l‘tttlt
2025 2895 2202 2932 rerum
2244 2880 2587 2933 occasioucrn
2633 2879 2848 2931 dare“.
2886 2876 3172 2937 Czeterom,
3208 2875 3350 2941 quod
3385 2876 3451 2928 de

1874 2971 2226 3024 custodiendo
2282 2971 2534 3039 paradiso
2589 2970 2793 3022 dictum
2839 2978 2939 3030 est,
2973 2968 3025 3020 id
3070 2967 3132 3018 ad
3185 2969 3448 3020 arcendas

1875 3058 1994 3111 inde
2021 3059 2222 3111 hostias
2252 3067 2490 3121 spectat;
2522 3057 2755 3126 paradisi
2799 3057 2939 3108 enim
2989 3057 3159 3108 vinea:
3198 3056 3445 3122 hortique

1874 3151 1962 3202 alii
1991 3152 2207 3218 quando
2245 3153 2313 3201 ab
2347 3149 2654 3204 horninibus
2706 3150 2906 3202 deserti
2949 3160 3194 3210 manent,
3225 3151 3448 3201 concul-

1877 3249 2090 3300 cantur,
2125 3242 2614 3309 opp:ittlttnlttt'qttt'
2640 3257 2666 3293 a
2712 3241 2859 3295 f-ris.
2888 3241 3056 3309 Igitur
3094 3250 3145 3290 et
3177 3242 3354 3294 colere
3394 3248 3448 3294 et

1875 3331 2175 3390 custodire,
2221 3331 2284 3383 ad
2336 3348 2520 3384 curam
2562 3331 2908 3384 ltaiitationis
2957 3331 3145 3384 Adami
3203 3341 3447 3400 spectat;

1875 3438 2047 3489 tri-que
2098 3422 2239 3474 enim
2298 3423 2360 3474 ad
2415 3424 2669 3490 exiguum
2706 3422 2970 3475 duntaxat
3004 3432 3214 3490 tempus
3265 3423 3448 3475 datum

1875 3513 2049 3565 fuerat
2084 3513 2130 3566 ei
2169 3515 2296 3566 illud
2354 3515 2691 3569 domicilium
2735 3517 2787 3568 in
2823 3531 2930 3583 quo
2968 3525 3224 3577 manrret,
3263 3518 3350 3567 sed
3385 3516 3449 3568 ad

1874 3603 2193 3654 diutornnrn
2239 3602 2592 3671 longamque.
2629 3603 2850 3672 lnsttpcr
2896 3603 2999 3654 huc
3029 3618 3246 3670 quoque
3275 3603 3454 3654 cultus

1877 3690 1964 3742 ille
1994 3699 2044 3741 ct
2076 3690 2318 3742 cu~todia
2344 3692 2618 3758 pertinent
2646 3733 2657 3752 ,
2696 3700 2751 3742 ut
2801 3699 2944 3744 esset
2972 3690 3210 3743 Adatnus
3243 3691 3366 3758 \igil
3403 3703 3456 3743 ct

1873 3788 2087 3844 cautus;
2110 3792 2536 3849 agnoscerctque
2554 3791 2828 3844 parentem
2849 3797 3007 3835 suum
3027 3797 3087 3834 ex
3117 3781 3244 3849 ipsis
3261 3781 3455 3850 plantis

1876 3872 2251 3940 fructibusque
2284 3871 2541 3939 paradisi,
2582 3888 2675 3924 ceu
2727 3874 2954 3926 colonus
2997 3874 3299 3938 plautarurn
3351 3874 3453 3928 im-

1876 3963 2191 4016 mortalium
2227 3982 2240 4017 :
2281 3963 2384 4017 hoc
2432 3973 2514 4017 cst
2563 3963 2868 4017 divinarum
2928 3965 3320 4033 cogitationum
3345 4006 3358 4027 ,
3397 3978 3455 4020 ut

1875 4055 1950 4107 ait
1980 4054 2276 4123 Gregorius
2311 4053 2644 4122 Theologus.
2689 4054 2929 4124 Denique
2981 4057 3085 4109 illis
3115 4057 3324 4110 colendi
3355 4075 3454 4111 cu-
3516 4110 3524 4119 ,

1876 4147 2255 4216 stodicndique
2290 4147 2474 4201 verbis
2515 4148 2823 4202 ostenditur
2854 4148 3014 4200 etiam
3043 4187 3056 4212 ,
3110 4150 3263 4216 longe
3298 4151 3454 4204 aliter
3537 4133 3542 4136 ’

1879 4239 2126 4294 homines
2159 4240 2318 4292 vitam
2357 4256 2510 4294 suam
2545 4240 2829 4293 instituere
2859 4239 3058 4292 debere
3089 4255 3252 4308 quam
3290 4255 3453 4308 perti-

1879 4333 1975 4385 des
2014 4332 2242 4385 rationis
2283 4341 2533 4398 expertes
2582 4332 2823 4401 degant:
2865 4333 2943 4384 Ine
2989 4333 3132 4397 epirn
3173 4334 3237 4384 ad
3272 4333 3454 4386 coleu-

1828 4407 2006 4472 ’1111111
2067 4418 2589 4486 custodiendamque
2651 4418 2962 4486 paradisum
3045 4419 3266 4471 tnininze
3324 4428 3452 4472 sunt

1808 4546 1850 4603 ο
1879 4511 2195 4574 tlestinatze;
2252 4509 2344 4563 sed
2394 4512 2553 4563 homo
2605 4517 2690 4562 est
2737 4510 2881 4562 illius
2929 4509 3106 4562 cultor
3153 4519 3203 4561 et
3267 4518 3451 4564 custos

1879 4601 2214 4671 designatus,
2247 4617 2417 4671 caque
2456 4617 2513 4654 re
2550 4601 2840 4669 plurinrurn
2875 4600 2973 4654 iste
3004 4600 3072 4652 ab
3103 4600 3207 4654 illis
3230 4599 3410 4655 differt
3433 4640 3446 4663 ,

1877 4696 2020 4764 quod
2063 4696 2238 4761 ipsum
2280 4709 2497 4762 quoque
2529 4693 2657 4745 dtnu
2696 4691 2967 4744 hominem
3005 4692 3236 4760 prepriis
3271 4692 3448 4744 mani-

1880 4787 1981 4840 bus
2002 4785 2254 4839 formarat
2279 4785 2439 4848 Deus,
2461 4784 2745 4839 ostendere
2766 4783 2954 4836 voluit.
2976 4782 3142 4838 Porro
3160 4793 3444 4850 postquam

1880 4877 1945 4932 de
1972 4876 2276 4945 introducto
2307 4876 2358 4929 in
2387 4876 2695 4944 paradisum
2723 4875 2932 4928 Adamo
2961 4874 3237 4938 disseruit,
3271 4884 3323 4927 et
3352 4891 3449 4927 cur

1879 4984 2000 5021 eum
2037 4970 2175 5021 Deus
2211 4968 2337 5020 illuc
2370 4967 2638 5020 intulisset
2669 5007 2682 5030 ,
2709 4965 3014 5033 explicavit,
3060 4964 3356 5032 digreditur
3381 4965 3446 5015 ad

1881 5042 2166 5112 dicetnltttii
2197 5058 2264 5112 de
2302 5057 2416 5124 lege
2447 5057 2519 5109 illi
2554 5056 2802 5124 imposita
2844 5054 2926 5106 his
2954 5054 3132 5108 verbis
3166 5071 3177 5104 :
3216 5052 3280 5105 Et
3312 5069 3440 5120 prm‘

1883 5148 2015 5214 rapit
2051 5148 2304 5201 Dominus
2347 5146 2486 5201 Deus
2519 5148 2722 5200 Atlanta
2746 5189 2758 5210 ,
2784 5148 3016 5215 dixitque
3039 5146 3137 5215 ipsi
3164 5156 3184 5196 .‘
3225 5145 3298 5198 De
3336 5162 3442 5197 om-

1875 5239 2022 5291 nibus
2063 5238 2338 5291 arboribus
2373 5255 2489 5308 qua:
2520 5249 2639 5291 sunt
2675 5240 2726 5290 in
2765 5239 3037 5306 paradiso,
3067 5236 3267 5290 edendo
3300 5236 3438 5300 edes;

1877 5341 1928 5382 at
1957 5331 2018 5382 de
2049 5331 2233 5384 arbore
2262 5331 2491 5384 scientia:
2519 5330 2637 5382 boni
2661 5340 2708 5382 et
2745 5311 2872 5381 ntali
2919 5344 3019 5379 non
3052 5327 3168 5380 edes
3215 5329 3276 5379 tle
3308 5328 3440 5393 ipsa.
3519 5354 3524 5360 -

1880 5421 1990 5475 lloc
2050 5422 2211 5487 igitur
2258 5431 2339 5476 est
2380 5432 2743 5490 prmceptum,
2807 5421 2919 5472 haec
2969 5420 3047 5472 lex
3089 5433 3252 5486 quam
3307 5418 3446 5470 Deus

1884 5513 2087 5565 Adamn
2121 5513 2400 5581 imposuit,
2429 5527 2493 5566 uc
2519 5512 2704 5566 ederet
2735 5511 2802 5564 de
2826 5511 3022 5564 arbore
3051 5509 3306 5562 Scientim.
3336 5508 3440 5562 Sed

1879 5607 1988 5675 janr
2047 5605 2098 5658 in
2140 5604 2576 5686 disquisitionem
2613 5604 2792 5668 venit,
2832 5612 2962 5671 quot
3013 5603 3185 5656 modis
3232 5601 3443 5655 dicatur

1945 5786 1998 5816 ’⁷³
2037 5785 2219 5840 111111.
2263 5802 2310 5845 ε,
2374 5783 2452 5837 15.
