4202 6430
725 441 822 508 531

1990 435 2217 498 MOSIS
2259 433 2306 494 Β

2397 436 2413 494 ι
2453 434 2542 494 CE
2552 435 2698 495 PHA
2765 430 2768 435 ’
3861 409 3974 475 539

724 561 859 632 legis
888 561 1232 623 vocabulum,
1265 567 1316 612 et
1344 556 1628 626 cuiusnam
1667 555 1884 624 generis
1915 555 1998 608 lex
2036 554 2293 622 imperata
2325 551 2366 606 Α
2395 564 2516 616 qua:
2565 549 2776 602 ratione
2827 554 3059 605 vacant,
3101 540 3521 632 haudquaquam
3557 543 3638 589 est
3665 543 3966 632 .conce'ssa.

725 653 889 708 fuerit
937 653 1173 712 Adatno,
1214 649 1447 718 denique
1485 663 1582 702 cur
1613 647 1776 700 ullam
1829 647 1902 700 illi
1939 646 2076 700 Dens
2122 644 2289 713 legem

724 744 994 800 statuerit.
1024 742 1265 796 Dicimus
1295 742 1456 811 igitur
1488 739 1657 810 legem
1693 739 1906 794 duobus
1942 736 2046 790 diri
2078 734 2253 790 modis
2275 773 2290 798 ,

725 834 1103 890 nniversaliter
1126 873 1141 899 ,
1171 843 1224 889 et
1263 832 1662 903 parti’cnlariter
1696 830 1891 903 :verbi
1916 819 1918 822 ’
1943 829 2138 898 gratia,
2170 825 2291 879 uni-

723 926 950 982 versalis
997 927 1078 980 lex
1126 936 1206 980 est
1265 925 1507 994 cognitio
1544 925 1630 978 illa
1679 910 1937 978 naturalis
1969 936 2088 991 qua:
2137 917 2291 974 nobis

725 1019 891 1074 insita
919 1030 1040 1083 est,
1074 1028 1127 1072 et
1163 1019 1242 1073 vis
1292 1019 1491 1088 ingenii
1523 1002 1628 1087 qua
1661 1017 1970 1086 iudicamus
2015 1015 2218 1069 honuni
2261 1027 2289 1066 a

725 1111 870 1163 malo
906 1129 917 1163 :
950 1125 1068 1162 eam
1111 1109 1487 1166 cnimindidit
1529 1108 1671 1163 Deus
1721 1103 1964 1162 Omnium
2014 1105 2288 1160 hominum

723 1200 943 1264 animis,
980 1201 1212 1254 laudans
1240 1201 1407 1267 ipsos,
1447 1201 1492 1255 si
1527 1202 1669 1271 quod
1705 1182 2018 1255 bonnmrcst
2066 1199 2117 1253 id
2153 1191 2292 1268 'ope-

723 1303 936 1356 rentur,
967 1303 1017 1346 et
1049 1293 1288 1347 vicissim
1318 1293 1546 1363 culpatis
1593 1296 1964 1359 damnansque
1999 1292 2041 1346 si
2091 1292 2289 1344 malum

721 1392 960 1449 patrent,
995 1385 1346 1452 qttantumvls
1375 1385 1584 1438 occulte
1613 1399 1672 1435 ea
1705 1394 2046 1452 peragantur.
2077 1380 2208 1434 Nam
2238 1388 2292 1433 et

723 1474 776 1526 in
829 1472 1089 1541 gentium,
1124 1483 1181 1526 ut
1206 1473 1280 1528 ait
1319 1474 1536 1537 Paulus,
1581 1473 1823 1526 cordibus
1858 1473 2051 1538 scripta
2078 1471 2158 1523 lea:
2192 1479 2290 1532 est,

721 1572 770 1615 et
794 1572 871 1616 est
896 1564 1025 1631 ipsis
1056 1580 1154 1617 sua
1185 1566 1499 1617 conscicnua
1533 1567 1678 1617 testis
1700 1564 1768 1626 ⁷³,
1792 1574 1895 1618 etc.
1928 1563 2054 1631 Ejus
2081 1562 2292 1630 generis

721 1660 804 1705 est
834 1651 963 1704 illud
1001 1653 1210 1706 Domini
1247 1654 1449 1708 dictum
1478 1673 1490 1707 :
1526 1653 1678 1707 Sicut
1707 1654 1862 1706 vultis
1887 1671 1974 1707 vos
2003 1665 2056 1706 ιιι
2095 1655 2290 1722 faciant

720 1743 864 1796 vobis
895 1742 1149 1806 homines,
1178 1745 1252 1796 sic
1287 1744 1447 1812 facile
1480 1744 1636 1795 etiam
1671 1760 1755 1797 ros
1786 1743 1916 1810 ipsis
1939 1744 2007 1795 ⁷³.
2050 1742 2292 1795 Particu-

722 1836 853 1889 laris
889 1836 968 1888 lex
1012 1845 1191 1889 autem
1228 1847 1330 1901 est,
1370 1837 1549 1906 qualis
1579 1851 1637 1890 ea
1676 1851 1837 1906 quam
1879 1837 2019 1889 Deus
2050 1834 2294 1904 pt'zesrt-i-
2330 1885 2372 1906 η,
2399 1834 2588 1893 legem.
2653 1834 2705 1873 ει
2743 1834 2886 1906 “illul
2929 1835 3023 1906 SCI!

2329 1889 2366 1942 Β
2400 1930 2520 1967 esse
2547 1891 2786 1986 creatum
2827 1921 2881 1965 et
2910 1904 3192 1981 praeditum
3228 1909 3443 1963 arbitrii
3476 1909 3743 1968 libertate,
3784 1903 3984 1970 hujus-

723 1928 887 1981 hebat
921 1929 1055 1997 ipsis
1085 1927 1370 1984 Noachitis
1395 1974 1408 1994 ,
1451 1945 1519 1982 ne
1551 1937 1898 1982 vescerentur
1933 1928 2200 1996 sanguine
2227 1927 2293 1990 7";

719 2022 848 2075 item
886 2023 1066 2091 qualis
1116 2023 1365 2091 imposita
1397 2033 1514 2076 erat
1565 2022 1876 2076 Judteorum
1913 2021 2201 2082 Nazarzeis,
2231 2017 2299 2074 de

721 2126 828 2163 non
895 2111 1126 2165 bibendo
1179 2113 1326 2175 vino,
1361 2121 1453 2165 aut
1489 2113 1683 2175 sicera,
1738 2127 1914 2182 neque
1961 2095 2298 2168 admovenda

717 2205 881 2273 capiti
919 2205 1287 2268 novacula",
1324 2207 1512 2274 quales
1545 2206 1781 2275 denique
1818 2204 2130 2260 .lndzeorum
2185 2217 2294 2261 sta-

717 2303 848 2349 tuta:
874 2295 1023 2350 l'uere
1050 2295 1443 2358 sacerdotibus,
1475 2295 1542 2349 de
1576 2296 1770 2359 rebus,
1800 2297 1920 2351 aliis
1966 2298 2298 2362 omittendis,
2365 2344 2369 2346 ν

721 2389 846 2441 aliis
911 2387 1154 2457 agendis.
1204 2386 1340 2440 Cum
1397 2388 1557 2456 igitur
1614 2388 1745 2456 legis
1785 2389 2049 2444 vocabulo
2083 2389 2300 2446 duobus

723 2487 940 2530 utamur
983 2475 1159 2530 modis
1184 2517 1198 2540 ,
1235 2484 1289 2530 et
1334 2476 1754 2544 partiettlariter,
1792 2487 1844 2531 et
1899 2478 2298 2542 universaliter,

719 2568 1113 2638 respondemus
1166 2567 1231 2622 ad
1273 2570 1494 2621 alteram
1537 2569 1912 2636 qnzcstionem,
1969 2585 2073 2623 non
2129 2568 2299 2623 fuisse

719 2663 895 2730 legem
925 2661 1288 2715 universalcm
1340 2662 1431 2715 sed
1482 2662 1861 2728 particularum
1896 2662 2074 2727 illam;
2107 2677 2173 2716 ne
2201 2678 2301 2731 gu-
2353 2717 2356 2721 ,

720 2761 890 2807 sraret
916 2754 981 2806 de
1004 2752 1198 2806 arbore
1229 2751 1502 2816 scientize;
1529 2752 1630 2806 soli
1662 2753 1806 2806 enim
1839 2752 2045 2808 Adatno
2076 2754 2302 2822 ejusque

722 2844 941 2914 eonjugi
979 2859 1098 2897 eam
1148 2845 1509 2912 imperaverat
1537 2842 1679 2897 Deus
1717 2860 1821 2897 non
1857 2845 2016 2898 etiam
2048 2845 2302 2897 universo

721 2937 907 3004 generi
949 2935 1209 2988 humano.
1262 2934 1378 2989 Jam
1417 2943 1664 3000 superest
1713 2945 1769 2989 ιιι
1798 2946 1850 2989 et
1899 2939 1997 2989 hoc
2029 2937 2301 3002 disquira-

726 3038 867 3085 ntus,
904 3039 1004 3090 qua
1052 3022 1119 3076 de
1175 3039 1337 3077 causa
1392 3023 1602 3078 dederit
1659 3025 1797 3080 Deus
1848 3026 2057 3078 Adamo
2107 3027 2300 3095 legem.

723 3113 1019 3170 Ccnsemus
1065 3123 1170 3167 ant-
1194 3131 1243 3167 nt
1281 3116 1348 3168 ob
1385 3114 1517 3168 bene
1554 3116 1751 3171 inultas
1785 3133 1978 3173 causas
2016 3119 2064 3171 id
2099 3117 2299 3172 factum

2396 633 2676 700 Postremo
2703 634 2771 688 ob
2798 633 2899 687 hoc
2928 645 3142 702 quoque
3174 632 3278 682 lata
3312 636 3396 682 est
3425 624 3635 678 Adamo
3665 621 3743 674 lex
3778 634 3806 672 a
3837 619 3969 678 Deo,

2397 736 2456 778 ιιι
2491 725 2577 777 ille
2602 725 2765 778 sciret
2801 732 2964 791 atque
3001 721 3346 798 intelligeret,
3379 715 3607 770 alterum
3639 711 3748 766 Deo
3777 723 3977 778 snper-

2392 811 2514 871 ess-e
2574 816 2830 869 saeculum
2899 815 3125 881 inquo
3207 811 3430 880 dignum
3509 808 3737 875 pretium
3799 803 3976 856 solvet

2398 906 2639 972 utrisque
2658 908 2715 959 et
2742 908 2806 960 ii‘s
2834 905 2924 973 qui
2952 880 3248 957 observant
3274 910 3326 955 et
3355 899 3421 952 iis
3451 899 3542 966 qui
3573 898 3774 948 violant
3798 895 3971 960 leges.

2397 993 2502 1048 Sed
2537 1003 2768 1064 pergunt
2815 983 3057 1062 qttrerere
3097 979 3604 1062 nonnulli-ulterius
3628 1025 3642 1045 ,
3666 1000 3766 1038 cur
3797 983 3974 1049 legem

2397 1087 2580 1140 tulerit
2605 1085 2746 1140 Deus
2773 1087 2983 1140 Adamo
3009 1099 3172 1153 quam
3201 1081 3477 1150 praesciret
3508 1079 3686 1149 ipsum
3712 1091 3816 1128 non
3850 1088 3977 1126 esse

2372 1178 2829 1232 observaturum.
2852 1177 2935 1230 Ad
2966 1177 3066 1244 hoc
3087 1176 3263 1244 primo
3287 1175 3675 1238 respoademus
3704 1183 3809 1221 non
3850 1166 3975 1219 ideo

2395 1269 2730 1323 conditorem
2791 1269 2953 1321 Deum
3009 1269 3175 1335 legem
3224 1265 3432 1319 Adamo
3483 1261 3859 1330 imperavisse,
3914 1267 3977 1308 ut

2395 1375 2514 1413 eam
2564 1361 2910 1420 observaret,
2969 1373 3144 1427 neque
3202 1373 3419 1419 rursus,
3457 1366 3512 1408 ιιι
3567 1355 3792 1406 violaret
3846 1351 3979 1419 (quo

2397 1463 2576 1506 vestra
2604 1453 2716 1506 haec
2746 1453 2976 1522 quaestio
3006 1460 3216 1520 spectat
3245 1465 3368 1503 cum
3398 1449 3582 1518 dicitis
3613 1464 3626 1500 :
3656 1445 3784 1506 Cur,
3811 1457 3978 1509 quam

2316 1561 2321 1565 ‘
2397 1545 2678 1618 pt-zesciret‘
2702 1545 2852 1598 illum
2888 1545 3058 1614 legem
3096 1557 3203 1596 non
3239 1542 3570 1609 praestituto,
3609 1535 3980 1607 prmeeperit),

2396 1639 2488 1692 sed
2518 1631 2610 1692 eas
2656 1637 2726 1689 ob
2759 1651 2955 1690 causas
3006 1650 3144 1706 quas
3184 1649 3357 1702 nuper
3402 1630 3979 1687 commemoravimus.

2396 1729 2606 1798 Quippe
2655 1729 2797 1781 aliud
2857 1738 2938 1781 est
2980 1729 3312 1792 observare,
3363 1725 3509 1779 aliud
3544 1738 3649 1776 non
3687 1723 3984 1773 observare

2397 1823 2588 1893 legem,
2653 1830 2705 1873 et
2743 1819 2886 1872 aliud
2929 1819 3070 1873 scire
3116 1834 3174 1872 se
3214 1817 3415 1871 habere
3449 1827 3771 1876 creatorem,
3813 1822 3986 1877 seque

2401 2020 2508 2074 que
2538 2005 2751 2074 generis
2779 2013 2974 2075 caetera
3008 1992 3361 2070 cognOscere.
3405 1999 3668 2053 Praeterea
3699 1997 3937 2049 dicimus
3969 2013 3982 2047 :

2404 2095 2556 2150 Sicut
2596 2095 2867 2164 prmscivit
2897 2095 3046 2148 illuttt
3083 2110 3190 2148 non
3223 2095 3647 2148 observaturum
3681 2091 3872 2156 legem,
3910 2088 3984 2140 ita

2400 2189 2672 2257 pl’tESOlVll
2709 2171 2928 2256 quoque
2963 2185 3207 2239 futurum
3245 2194 3303 2239 ut
3345 2195 3632 2254 postquam
3687 2181 3859 2248 legem
3895 2179 3988 2231 ille

2402 2279 2788 2332 transilivisset
2815 2287 2868 2331 et
2899 2292 2993 2347 per
3024 2261 3305 2352 peccatum
3339 2276 3650 2338 cecidisset,
3689 2275 3803 2342 ipse
3834 2271 3992 2324 veni-

2403 2381 2504 2432 ret,
2531 2359 2846 2436 redimeret,
2878 2372 3187 2424 sublevaret
3218 2370 3367 2423 illntn
3405 2385 3432 2422 a
3471 2384 3598 2421 casu
3630 2363 3858 2435 p--ccati.
3899 2362 3991 2416 ln-

2402 2477 2563 2531 Snper
2609 2463 2777 2531 legem
2812 2463 2930 2516 ideo
2953 2464 3075 2533 tulit
3107 2463 3229 2533 (etsi
3285 2464 3541 2516 violatam
3582 2461 3645 2513 iri
3697 2475 3804 2511 tton
3834 2461 3992 2526 igno-

2405 2557 2704 2623 rat-rt).quo
2737 2555 3153 2622 intelligeretur,
3187 2541 3361 2622 ipsum
3398 2555 3518 2607 esse
3551 2551 3860 2608 Dominum,
3893 2551 3987 2618 qui

2408 2648 2810 2700 condendarutn
2869 2647 3046 2716 legum
3082 2646 3303 2723 haberet
3336 2655 3683 2714 potestatem,
3715 2644 3986 2694 Adamutn

2405 2754 2532 2790 vero
2566 2748 2872 2792 creaturam
2901 2780 2915 2802 ,
2953 2735 3004 2792 et
3033 2754 3157 2792 cum
3192 2737 3283 2807 qui
3319 2738 3515 2791 merito
3547 2737 3758 2803 legibus
3795 2750 3989 2802 parere

2373 2826 2378 2827 ⁷
2405 2809 2643 2883 dubet-et.
2679 2815 2946 2885 Praeterea
2982 2846 3092 2901 quo
3125 2831 3667 2885 constaret'liberum
3695 2829 3990 2902 arbitrium

2405 2923 2485 2975 eis
2511 2922 2860 2991 peculiariter
2897 2913 3222 2984 concessum
3260 2912 3382 2975 esse
3433 2923 3594 2974 rebus
3641 2921 3838 2974 creatis
3867 2934 3993 2987 quae

2407 3017 2614 3069 ratione
2646 3016 2870 3084 pollent,
2911 3023 2968 3067 ιιι
3001 3031 3168 3084 penes
3199 3016 3345 3083 ipsas
3371 3024 3516 3067 esset
3547 3013 3627 3067 vel
3651 3028 3869 3066 servare
3901 3013 3992 3065 vel

2406 3108 2655 3176 frangere
2708 3107 2870 3174 leges.
2907 3106 2992 3158 ~Ad
3031 3105 3145 3160 luec
3197 3105 3429 3158 sancivit
3479 3103 3650 3173 legem
3702 3101 3843 3156 Deus
3872 3102 3988 3169 jam

720 3224 751 3261 a
800 3207 911 3260 Deo
951 3221 1092 3260 esse.
1129 3205 1313 3259 Primo
1363 3209 1528 3269 enim,
1581 3217 1639 3261 ιιι
1691 3209 1855 3262 sciret
1906 3226 1963 3263 se
2014 3210 2298 3263 Dominum

2409 3211 2519 3253 tum
2553 3199 2846 3272 pt-msciens
2873 3189 3113 3251 futurum
3143 3207 3201 3251 ut
3230 3197 3545 3261 violaretur,
3599 3211 3708 3264 quo
3735 3211 3794 3248 ea
3825 3195 3995 3247 obsc-

719 3297 1164 3364 conditoretnqne
1211 3295 1407 3348 habere
1443 3297 1531 3364 qui
1582 3297 1681 3349 sibi
1717 3311 1835 3349 eam
1865 3296 2032 3367 legem
2064 3297 2297 3367 impera.-

720 3387 905 3448 visset,
951 3400 1070 3438 nam
1116 3385 1458 3439 dumant‘llttl
1499 3396 1581 3438 est
1616 3387 1760 3454 leges
1800 3386 2049 3450 sancire,
2108 3387 2302 3441 deinde

721 3486 784 3531 ut
833 3490 891 3531 se
921 3488 1163 3530 creatum
1195 3474 1557 3545 ell‘eetuntque
1591 3485 1910 3544 agnosceret
1945 3492 1957 3529 :
1989 3477 2183 3545 quippe
2218 3477 2297 3531 lex
2340 3531 2348 3539 ,

722 3568 991 3622 creaturis
1021 3577 1186 3633 atque
1234 3565 1440 3620 ell‘ectis
1475 3567 1635 3620 statui
1685 3567 1839 3630 solet,
1883 3576 1937 3621 ut
1971 3568 2047 3622 ait
2084 3568 2249 3621 David
2284 3586 2296 3619 :

721 3658 913 3712 Statue
945 3657 1071 3726 ipsis
1106 3658 1481 3726 legis-latorem,
1513 3667 1566 3709 ut
1596 3658 1763 3710 sciant
1791 3669 1966 3730 gentes
1991 3675 2042 3711 se
2065 3659 2298 3712 homines

718 3755 938 3807 esse”.
969 3751 1045 3803 Ad
1082 3751 1204 3815 hoc,
1233 3758 1290 3802 ut
1323 3750 1645 3817 intelligeret
1680 3750 1977 3804 libertatem
2008 3750 2106 3803 sibi
2133 3750 2302 3804 facul-

721 3850 997 3912 tatemque
1042 3840 1251 3894 arbitrii
1300 3855 1328 3892 a
1380 3839 1486 3893 [)co
1535 3841 1715 3893 datam
1750 3856 1870 3894 esse
1917 3857 2038 3894 cum
2086 3843 2154 3895 ab
2209 3842 2300 3895 illo

719 3933 1088 3998 conderetur;
1141 3947 1316 4002 neque
1368 3933 1510 3986 enim
1578 3934 1745 4002 legem
1803 3934 1900 4002 ipsi
1952 3934 2301 4002 imposuisset

719 4023 1102 4093 particularcm
1138 4033 1192 4077 et
1227 4038 1348 4091 quae
1377 4037 1438 4075 ex
1472 4023 1748 4076 voluntate
1804 4023 2078 4092 penderet,
2127 4040 2194 4078 ne
2235 4025 2300 4078 de

722 4114 920 4168 arbore
959 4115 1142 4167 ederet
1188 4113 1427 4166 scientiae
1453 4155 1465 4178 ,
1497 4114 1597 4168 nisi
1630 4119 1754 4166 ante
1788 4113 2034 4168 libertate
2067 4123 2301 4179 potesta-

724 4217 886 4275 teque
933 4205 1140 4258 arbitrii
1175 4205 1373 4274 proprii
1401 4205 1574 4273 ipsum
1629 4206 1903 4267 donasset,
1935 4222 2036 4273 qua
2071 4205 2116 4260 si
2147 4207 2301 4259 vellet

721 4301 1040 4352 observaret
1065 4297 1258 4365 legem,
1293 4297 1376 4350 sin
1409 4297 1605 4360 nollet,
1643 4313 1748 4350 non
1782 4299 2115 4352 observaret.
2157 4298 2298 4353 Pue-

722 4399 872 4442 terea
909 4389 1076 4456 legem
1113 4388 1232 4442 ideo
1263 4390 1442 4457 posuit
1471 4390 1679 4442 A-lanto
1705 4389 1866 4451 Dens,
1908 4400 1964 4444 ut
1995 4391 2165 4443 libero
2214 4391 2298 4458 ip-

724 4481 843 4535 sius
881 4479 1108 4534 arbitrio
1140 4490 1283 4535 esset
1327 4482 1580 4535 materies
1627 4491 1680 4535 et
1712 4482 1873 4536 veluti
1902 4484 2148 4536 clibanus
2194 4500 2300 4551 quo

2406 3291 2583 3364 quiosi
2618 3307 2647 3343 a
2687 3279 2989 3360 rebellibus,
3011 3279 3446 3358 secernercntttr,
3484 3287 3754 3356 amicique
3785 3285 3852 3338 ab
3887 3288 3991 3337 ho-

2405 3384 2670 3447 stibus,et
2697 3383 2871 3453 legum
2897 3383 3135 3437 cultores
3168 3397 3196 3436 a
3234 3381 3772 3450 prmvari‘catoribus,
3815 3387 3986 3445 atque

2405 3490 2526 3528 Cttlll
2581 3475 2797 3528 illorum
2827 3475 2998 3528 virtus
3020 3512 3034 3536 ,
3072 3486 3186 3528 tum
3221 3475 3414 3528 herum
3444 3473 3722 3549 vitiositas
3753 3470 3988 3524 manife-

2403 3569 2569 3625 stat-ia
2599 3569 2787 3628 licret,’
2815 3559 3351 3636 cognosceretur-que
3380 3583 3394 3619 :
3430 3564 3642 3619 sublata
3676 3564 3818 3616 enim
3846 3563 3987 3630 lege,

2405 3660 2614 3713 nullunt
2667 3659 2809 3712 inter
2845 3668 3126 3726 utrosque
3177 3657 3471 3710 diser-interi
3515 3655 3696 3708 fuerit.
3737 3654 3801 3707 lit
3850 3669 3989 3706 vero

2405 3755 2544 3808 hanc
2573 3754 2733 3806 etiam
2765 3753 2844 3816 ob,
2868 3768 2978 3806 rent
3015 3752 3118 3804 lata
3156 3768 3182 3804 a
3213 3750 3320 3804 Deo
3348 3752 3428 3804 lex
3461 3758 3567 3808 est,
3599 3764 3763 3817 quam
3800 3755 3989 3798 tamen

2405 3862 2509 3898 nun
2536 3845 2810 3914 nesciebat
2837 3845 3344 3906 transiliendatnme
3367 3854 3422 3896 ut
3446 3842 3783 3896 neseirentns
3804 3841 3988 3908 ipsum

2405 3939 2598 3990 merito
2626 3937 2860 4005 jureuiis
2900 3939 2991 4006 qtti
3038 3936 3137 4002 legi
3188 3944 3439 4004 parerent
3496 3934 3792 4011 retribuere
3843 3929 3989 3983 deli-

2403 4027 2515 4080 cias
2547 4021 2733 4100 mundi
2762 4067 2775 4091 ,
2806 4037 3104 4094 contraque
3139 4026 3435 4079 rebellibus
3463 4037 3742 4077 aerumnas
3770 4020 3986 4073 mundi.

2405 4119 2676 4171 Praztet'ca
2731 4127 2788 4170 ut
2841 4119 2875 4171 ii
2907 4119 2997 4187 qui
3051 4119 3258 4171 ratione
3313 4125 3564 4176 utuntur,
3619 4113 3988 4182 intelligerent

2404 4208 2746 4276 quodalium
2783 4210 2872 4262 ille
2908 4208 3103 4262 habeat
3152 4207 3412 4261 mundum
3468 4207 3520 4260 i
3558 4221 3667 4275 quo
3705 4205 3896 4258 ntctita
3931 4207 3986 4257 in

2405 4316 2680 4370 quemque
2707 4300 2947 4354 conferet
2966 4301 3212 4369 prazmia.
3245 4300 3486 4367 Denique
3511 4314 3618 4352 non
3648 4299 3749 4351 alia
3777 4297 3995 4352 ratione

2404 4390 2738 4467 praescripsit
2804 4390 2951 4444 illam
3007 4381 3218 4445 Adamo
3274 4391 3493 4459 legent,-
3549 4407 3715 4458 quam
3778 4391 3995 4445 sciebat

2406 4486 2580 4557 ipsum
2614 4497 3083 4552 transgressurum
3111 4524 3126 4544 .
3161 4495 3324 4552 atque
3366 4493 3487 4550 post
3539 4484 3660 4534 aliis
3741 4483 3994 4534 mortali-

725 4571 1051 4640 proharetur
1077 4611 1092 4635 ,
1143 4569 1286 4624 sicut
1339 4572 1415 4624 ait
1468 4571 1764 4641 Gregorius
1812 4571 2116 4643 Theologns
2143 4573 2297 4643 (l7):
2333 4560 2375 4614 υ
2407 4579 2506 4629 ltus
2537 4577 2661 4631 lidci
2699 4578 2866 4648 leges,
2901 4593 3006 4632 non
3044 4578 3262 4632 nescius
3319 4576 3583 4646 plurimos
3635 4574 3749 4628 l'orc
3802 4574 3989 4628 incre-

728 4665 884 4717 l)edit
928 4662 1225 4731 (inquiens)
1263 4663 1432 4732 legem
1460 4704 1476 4728 ,
1514 4663 1793 4717 materiem
1841 4665 2010 4718 libero
2046 4666 2293 4720 arbitrio.

726 4754 883 4807 Sicut
941 4753 1084 4806 enim
1126 4769 1221 4823 per
1265 4755 1407 4824 ligna
1455 4755 1753 4822 periculum
1799 4755 1864 4808 'lit
1899 4756 1964 4808 de
1999 4766 2113 4809 arte
2159 4755 2295 4810 fabri

723 4847 964 4915 lignat'ii,
999 4862 1067 4901 an
1106 4847 1274 4917 probe
1302 4860 1463 4916 atque
1492 4856 1679 4902 exacte
1704 4864 1820 4902 eam
1849 4859 2056 4914 teneat,
2092 4864 2158 4902 an
2193 4849 2295 4903 mi-

725 4938 1025 5000 ninte,item
1049 4954 1139 5005 per
1157 4955 1347 4992 aurum
1367 4947 1588 5007 argentu
1602 4956 1756 5007 :nqtte
1773 4939 1838 4994 de
1857 4938 2118 4993 attril‘abri
2136 4950 2253 4994 arte
2278 4956 2292 4992 :

727 5034 800 5084 ita
849 5046 942 5098 per
995 5030 1163 5100 legem
1217 5032 1420 5084 Adamn
1474 5033 1824 5086 constitutam
1881 5032 2168 5102 probatum
2214 5041 2300 5087 est

727 5124 899 5192 ipsius
930 5123 1159 5178 liberum
1188 5123 1497 5189 arbitrium,
1524 5129 1969 5196 compertumque
1992 5114 2296 5179 libertatem

728 5213 899 5283 ipsius
928 5216 1206 5269 remissam
1247 5217 1587 5285 solutamque
1615 5231 1738 5271 esse
1770 5231 1832 5270 ac
1862 5217 2034 5284 magis
2067 5232 2300 5286 propen-

726 5307 854 5360 dere
904 5305 970 5358 ad
1008 5308 1473 5374 praevaricandum
1509 5293 1970 5376 peccandttmquc.
2016 5309 2151 5361 Nam
2203 5324 2296 5362 va-

731 5399 924 5452 luisset
979 5399 1198 5466 quidem
1251 5401 1542 5456 observarc
1598 5401 1791 5470 legent,
1848 5412 1902 5454 et
1951 5412 2129 5454 tamen
2189 5417 2294 5454 non

727 5489 1055 5552 observavit,
1086 5491 1264 5559 qualis
1289 5508 1419 5546 sane
1452 5493 1681 5546 facultas
1723 5493 1896 5548 brutis
1927 5493 2295 5547 animantibus

796 5666 842 5699 ’³
897 5673 1054 5726 llont.
1094 5684 1155 5733 ll,
1192 5670 1278 5724 15.
1355 5671 1399 5701 ⁷³
1427 5670 1612 5726 Matth.
1660 5688 1753 5736 vti,
1790 5672 1875 5730 19..

795 5847 907 5917 (Ιῖ)
939 5845 1198 5905 Oratione
1227 5847 1281 5904 in
1311 5845 1483 5904 Natali
1512 5847 1735 5902 Christi.

1951 5673 1996 5705 "
2051 5671 2185 5728 Gen.
2226 5687 2301 5738 ιι,
2335 5671 2388 5727 4.

2408 4669 2594 4720 dolos.

2475 4758 2584 4814 Cur
2620 4761 2706 4816 lea:
2731 4762 3072 4829 particularis
3102 4770 3294 4828 prreter
3320 4745 3621 4810 naturalem
3651 4756 3856 4809 Adamo
3886 4774 3989 4822 po-

2405 4857 2509 4909 sita
2560 4859 2646 4910 sit.
2671 4885 2742 4895 —
2769 4839 3026 4908 Ulterius
3053 4860 3327 4922 qurerunt.
3360 4864 3484 4904 cum
3538 4859 3684 4902 esset
3734 4848 3986 4902 Adamus

2404 4944 2636 4999 naturali
2673 4940 2787 5012 lege
2817 4943 3144 4996 informatus
3169 4955 3291 5009 quae
3325 4939 3378 4992 itt
3407 4936 3988 5004 conscientia-judicio

2407 5037 2580 5105 posita
2611 5046 2718 5099 est,
2739 5035 2946 5096 bonum
2974 5075 2988 5095 .
3018 5051 3049 5088 a
3075 5015 3219 5086 malo
3253 5032 3646 5114 distinguente,
3688 5045 3786 5081 cur
3841 5029 3985 5082 hanc

2385 5123 2630 5182 ‘altcratn
2667 5127 3046 5198 particularem
3075 5126 3237 5179 etiam
3284 5122 3423 5176 Dens
3477 5123 3580 5190 ipsi
3610 5120 3981 5186 irruperat-crit.

2403 5236 2469 5272 ne
2499 5208 2774 5272 ederet-lle
2804 5219 2997 5270 arbore
3026 5213 3306 5269 scientiae?
3349 5213 3444 5266 llic
3479 5197 3896 5276 respondemus,
3930 5209 3982 5259 id

2402 5303 2605 5364 factum
2635 5324 2761 5380 esse
2798 5323 2919 5379 quo-
2953 5306 3218 5361 illustrior
3263 5316 3409 5360 esset
3456 5304 3666 5358 bonitas
3705 5300 3987 5353 Creatoris

2399 5403 2614 5467 Adami,
2667 5410 2728 5455 ut
2770 5399 2863 5470 qui
2920 5413 3028 5453 non
3081 5398 3207 5452 sivit
3259 5397 3438 5465 ipsum
3478 5395 3643 5448 rebus
3676 5388 3984 5461 majoribus

2401 5491 2644 5548 animum
2695 5507 2856 5548 suum
2909 5504 3175 5560 occupare
3208 5505 3222 5544 :
3256 5487 3448 5542 deinde
3499 5501 3564 5540 ne
3597 5500 3690 5554 per
3735 5496 3980 5537 errorem

2462 5672 2506 5706 "
2539 5671 2697 5728 Num.
2731 5687 2805 5737 vt,
2850 5673 2904 5728 Ξ.
2986 5671 3050 5704 π’
3083 5668 3226 5725 Psal.
3271 5684 3342 5731 ix,
3385 5667 3472 5718 *Zl.
