4202 6430
190 356 293 413 533

186 573 338 618 num,
370 572 549 627 neque
600 574 766 627 supra
807 576 863 614 se
907 562 1185 615 dominum
1217 562 1383 615 alium
1424 578 1566 616 esse.
1600 561 1760 627 Nam,

187 652 333 703 verbi
370 653 565 720 gratia,
598 667 723 705 cum
763 654 1237 709 animadvertisset
1305 656 1487 709 otunia
1522 656 1610 708 illa
1642 671 1761 723 quae

187 742 286 795 sub
319 751 606 810 aspectum
640 744 842 798 cadunt
875 761 975 799 sua
1008 761 1174 801 causa
1201 762 1321 800 esse
1351 746 1537 800 etfeeta
1566 763 1595 799 α
1635 748 1760 807 Deo,

184 847 354 898 s-‘que
390 833 631 887 naturali
664 835 947 902 praeditum
999 840 1066 889 ab
1111 838 1203 890 illo
1229 838 1569 906 cOgoitione.
1601 845 1762 904 atque

184 938 352 976 ontue
398 940 577 993 genus
625 927 850 981 delicias
898 928 999 981 sibi
1035 930 1239 996 absque
1282 930 1390 982 ullo
1426 930 1653 982 molesto
1688 929 1763 979 la-

186 1014 321 1066 bore
354 1013 410 1067 in
442 1026 699 1083 promptu
723 1032 868 1080 esse,
900 1018 1134 1086 denique
1166 1035 1248 1071 res
1275 1020 1634 1085 aspectabiles
1660 1018 1762 1072 sibi

185 1104 493 1159 servientes
529 1108 682 1172 quasi
718 1108 964 1169 ancillas,
995 1117 1068 1170 et,
1107 1118 1162 1161 ut
1211 1110 1375 1162 semel
1409 1110 1608 1172 dicam,
1640 1123 1761 1160 cum

185 1193 421 1250 vidisset
470 1196 653 1248 omnia
708 1198 795 1249 illa
837 1198 977 1251 bona
1010 1200 1209 1267 quibus
1265 1201 1470 1267 absque
1520 1197 1764 1251 molestia

186 1297 279 1341 aut
314 1302 450 1339 cura
482 1288 856 1341 oblectabatur
891 1306 904 1343 :
939 1289 1094 1344 facile
1130 1291 1299 1356 ipsius
1328 1292 1545 1345 animus
1574 1306 1638 1343 ex
1681 1289 1764 1343 his

187 1380 355 1433 rrbus
401 1395 499 1447 per
560 1384 924 1450 arrogantiam
974 1384 1469 1452 conﬁdentiamque
1521 1392 1766 1437 mutatus

190 1472 291 1525 sibi
350 1474 717 1538 persLasisset
743 1514 758 1537 ,
796 1490 880 1527 res
915 1490 1102 1528 onmes
1129 1491 1249 1543 qua:
1288 1476 1518 1530 condita:
1562 1485 1765 1537 essent.

188 1566 250 1616 ad
332 1580 394 1619 se
455 1576 737 1633 spectare,
798 1581 971 1634 neque
1030 1567 1588 1621 aliusdominationi
1650 1582 1768 1620 csse

190 1655 473 1723 subjectas
505 1673 517 1707 :
553 1656 654 1709 nisi
690 1657 827 1709 lianc
862 1659 1086 1711 alteram
1118 1674 1147 1712 a
1183 1658 1290 1710 Deo
1322 1660 1489 1722 legem
1524 1658 1768 1726 accepis-

192 1755 311 1808 set,
344 1747 413 1799 de
460 1761 566 1798 non
601 1747 869 1814 guStanda
914 1748 1107 1801 arbore
1132 1786 1146 1808 .
1194 1764 1313 1816 qu:r
1352 1759 1608 1819 perpetuo
1641 1747 1769 1815 ipsis

193 1836 490 1889 observata
548 1837 728 1890 oculis
792 1839 845 1890 in
898 1839 1213 1891 memoriam
1273 1849 1616 1906 mentemque
1670 1837 1769 1905 ipsi

195 1936 482 1981 revocaret
508 1928 757 1979 servilem
796 1929 1165 1996 humilemque
1195 1946 1347 1982 suam
1378 1930 1766 1995 eomlitionem,

195 2033 364 2084 seque
403 2018 608 2085 habere
638 2018 925 2071 Dominum
963 2036 992 2073 a
1022 2037 1129 2089 quo
1158 2022 1425 2089 ejusmodi
1466 2023 1547 2074 lex
1581 2022 1645 2073 de
1680 2038 1769 2074 ar-

194 2113 325 2165 bore
357 2112 461 2164 sibi
497 2119 641 2166 esset
688 2112 960 2180 imposita,
994 2121 1155 2182 atque
1187 2130 1279 2168 eas
1312 2114 1456 2182 ipsas
1492 2122 1771 2167 creaturas

195 2219 315 2269 quae
351 2203 455 2256 sibi
488 2203 750 2267 serviunt,
784 2203 849 2256 ad
882 2203 1030 2257 illum
1083 2222 1243 2258 suutn
1305 2216 1550 2272 spectare
1594 2203 1771 2258 Domi-

199 2308 351 2345 num.
414 2290 549 2345 Nam
608 2293 653 2348 si
706 2309 828 2347 cum
878 2295 1045 2363 legem
1102 2296 1325 2349 haberet
1361 2295 1683 2358 naturalem,
1719 2305 1773 2349 ct

196 2385 423 2452 insuper
456 2385 593 2438 hanc
627 2384 695 2438 de
742 2387 957 2451 arbore,
990 2402 1111 2456 quae
1139 2388 1301 2440 veluti
1354 2387 1591 2456 adjutrix
1627 2388 1773 2442 illius

195 2486 365 2536 esset.
392 2486 574 2529 tamen
602 2478 831 2546 deliquit
862 2488 1054 2548 suapte
1075 2481 1371 2539 voluntate.
1394 2488 1557 2547 atque
1608 2479 1775 2533 sedu-

194 2576 321 2619 ctus
354 2575 440 2619 est
484 2583 497 2618 :
535 2576 741 2635 quanto
776 2569 949 2635 magis
976 2579 1253 2638 peccasset
1283 2570 1572 2638 lapsusque
1603 2578 1772 2635 esset,

192 2657 237 2709 si
275 2658 391 2711 haec
421 2657 487 2710 de
518 2658 715 2711 arbore
747 2658 830 2711 lex
860 2659 1032 2728 posita
1082 2659 1185 2727 ipsi
1233 2674 1341 2713 non
1376 2659 1607 2713 fuisset?
1639 2659 1775 2712 Rur-

195 2764 317 2808 sus,
372 2749 419 2803 si
450 2756 644 2817 prater
683 2750 831 2803 illam
874 2753 1179 2806 naturalem
1236 2751 1406 2822 legem
1452 2767 1559 2804 non
1612 2752 1771 2805 etiam

195 2841 341 2896 hanc
408 2840 709 2896 interdicta:
764 2843 978 2897 arboris
1034 2847 1375 2913 accepisset.
1428 2845 1777 2899 musitassent

198 2934 411 2988 morosi
447 2935 703 2989 homines
725 2975 740 2997 .
775 2952 870 2990 cur
901 2952 1007 2990 non
1045 2937 1281 2991 dedisset
1322 2938 1395 2990 illi
1431 2936 1570 2991 Deus
1606 2938 1775 3005 legem

196 3024 393 3086 aiiam,
428 3040 604 3094 eaque
635 3025 939 3080 subsidium
970 3027 1244 3081 attulisset
1276 3028 1588 3096 priuSquam
1625 3026 1776 3078 labe-

196 3131 349 3172 retur
406 3134 499 3185 per
555 3120 881 3186 peccatum?
933 3118 1098 3173 Recte
1160 3119 1326 3189 igitur
1378 3118 1517 3171 Dens
1545 3119 1774 3181 Adamn,

194 3221 497 3277 antequam
530 3222 778 3280 peccaret
803 3250 818 3272 ,
851 3212 987 3265 hanc
1020 3212 1187 3280 legem
1220 3212 1288 3264 de
1314 3211 1509 3264 arbore
1540 3210 1778 3264 scientia:

195 3303 486 3372 imposuit,
522 3302 648 3355 licet
696 3311 960 3370 praeterea
1010 3301 1242 3355 naturali
1288 3300 1405 3368 lege
1455 3284 1779 3353 informatus

196 3404 367 3450 esset.
400 3392 540 3459 Quin
581 3395 683 3446 hoc
725 3392 947 3461 insuper
1002 3394 1144 3446 scire
1195 3392 1488 3452 convenit,
1518 3406 1623 3443 non
1666 3390 1779 3458 jam

200 3499 317 3541 tum
363 3484 655 3554 inquinan
689 3484 898 3537 Adamo
945 3486 1174 3554 positam
1224 3500 1345 3539 esse
1378 3499 1406 3537 a
1444 3483 1552 3536 Deo
1587 3485 1780 3553 legem,

199 3578 295 3631 scd
339 3577 527 3629 adhuc
564 3590 700 3645 puro
732 3575 1011 3645 proboque
1058 3583 1109 3629 et
1142 3574 1299 3627 veluti
1332 3574 1401 3626 ab
1431 3574 1576 3626 omni
1624 3573 1783 3626 vitio-

202 3669 372 3722 sitate
421 3650 736 3735 percelato;
785 3666 864 3720 sic
904 3666 1050 3719 enim
1103 3666 1277 3733 ipsutu
1332 3665 1668 3719 condiderat.
1701 3664 1782 3717 Ad

200 3764 318 3817 ba-c
354 3761 490 3815 illud
524 3760 687 3812 etiam
722 3760 1020 3827 quaeritur,
1060 3775 1159 3811 cur
1196 3758 1336 3812 Deus
1369 3758 1575 3811 Adamo
1612 3757 1781 3826 legem

200 3854 264 3905 de
286 3852 491 3905 arbore
520 3850 609 3902 illa
645 3849 1015 3917 imperaverit,
1047 3858 1100 3902 et
1122 3864 1228 3901 non
1258 3850 1323 3901 de
1342 3849 1445 3901 alia
1468 3862 1525 3901 re
1560 3847 1781 3915 quavis.

202 3942 621 4013 Respondemus
644 3950 825 3995 autem
854 3960 865 3994 :
889 3940 1010 4006 Quo
1032 3951 1451 4010 cognosceretur
1470 3940 1613 3993 illius
1633 3954 1785 3993 amor

201 4053 333 4106 erga
383 4052 547 4090 suum
598 4042 877 4103 parentem
913 4033 1104 4087 Deum.
1156 4032 1348 4087 Omnis
1386 4033 1529 4086 enim
1581 4033 1663 4084 lex
1704 4031 1783 4085 vel

204 4130 270 4183 ad
329 4142 575 4181 amorem
632 4127 685 4178 in
739 4124 944 4186 Deum,
984 4125 1065 4177 vel
1123 4123 1186 4176 ad
1240 4139 1478 4178 amorem
1525 4124 1785 4177 adversus

204 4224 527 4295 proximum
562 4231 769 4285 spectat
800 4240 812 4274 :
850 4221 961 4289 jam
991 4236 1120 4273 vero
1163 4220 1292 4273 nulli
1333 4220 1510 4272 adhuc
1541 4220 1786 4274 homines

207 4328 453 4382 usquan
474 4320 629 4364 erant
654 4350 669 4372 ,
700 4320 760 4363 ut
791 4311 1048 4363 mandare
1080 4310 1286 4361 Adamo
1319 4319 1497 4376 posset
1531 4324 1597 4361 ne
1641 4307 1787 4361 oeci.

204 4409 383 4466 deret.
415 4415 596 4459 autne
626 4403 991 4458 committeret
1021 4402 1369 4462 adulterium,
1388 4402 1469 4455 vel
1494 4418 1558 4454 ne
1584 4402 1785 4454 furtum

1336 358 1431 415 DE
1476 356 1872 425 PARADLSO.
1914 380 1982 393 -
2024 358 2216 416 PARS
2262 359 2305 415 Ι.

186 463 270 518 ille
304 465 663 525 existimaret.
702 481 762 521 se
792 482 975 520 rerum
1022 468 1361 522 conditarum
1402 485 1525 524 esse
1579 471 1756 523 domi-
1787 482 1827 536 Α
1860 469 2126 539 agendum
2190 470 2641 524 omittendumve.

3321 364 3421 427 531

2728 472 2806 525 Ad
2886 488 3005 528 eam
3086 477 3421 543 questionem

1860 562 2300 631 respondemus.
2357 578 2475 616 eam
2537 566 3037 633 concupiscentiam
3104 583 3224 635 qua:
3284 570 3425 622 circa

1860 653 2040 706 cibum
2105 663 2356 707 versatur
2416 655 2648 721 primum
2712 669 2831 708 esse
2887 657 3053 709 animi
3125 659 3291 710 nostri
3352 658 3431 710 ai-

1862 742 2104 806 fectum,
2181 759 2356 812 eoque
2440 754 2585 797 recte
2650 746 2877 811 primam
2966 749 3142 813 primo
3226 748 3429 799 homini

1861 835 2070 887 Adamo
2127 836 2296 903 legem
2363 834 2431 888 de
2486 834 2575 887 illa
2634 852 2755 891 esse
2819 838 3148 904 impositam.
3208 839 3312 891 Sed
3378 852 3429 891 ut

1863 926 2068 978 clarius
2126 926 2317 978 evadat
2365 926 2508 994 quod
2549 926 2804 989 dicimus,
2842 927 2997 979 multi
3030 938 3083 980 et
3134 930 3265 979 varii
3307 940 3433 980 sunt.

1862 1014 2303 1082 affectusquibns
2362 1027 2546 1069 nostra
2581 1018 2800 1068 libertas
2838 1018 3147 1083 impellitur,
3200 1032 3432 1085 quorum

1864 1109 2107 1160 monium
2143 1108 2435 1176 prazcipua.
2461 1120 2509 1161 et
2550 1109 2711 1161 veluti
2747 1108 2893 1161 radix
2929 1121 3011 1163 est
3043 1111 3441 1179 concupiscen-

1868 1200 1962 1253 tia.
1998 1200 2121 1253 Hzec
2153 1213 2314 1266 porro
2343 1198 2606 1252 trifariam
2662 1200 2920 1251 dividitur
2971 1217 2984 1251 :
3040 1218 3160 1252 nam
3222 1210 3316 1253 aut
3366 1199 3436 1252 ad

1867 1290 2069 1343 ventris
2116 1290 2406 1356 ingluviem
2434 1290 2688 1357 pertinet.
2736 1299 2831 1342 aut
2860 1289 2925 1341 ad
2972 1305 3131 1357 opum
3185 1291 3440 1357 pecunia-

1866 1396 2096 1448 rumque
2129 1380 2430 1441 avaritiam,
2464 1388 2559 1431 aut
2586 1379 2650 1432 ad
2702 1381 2887 1447 gloria!
2937 1379 3306 1431 ambitionem.
3347 1378 3438 1431 llis

1865 1470 2008 1524 enim
2064 1468 2239 1523 tribus
2295 1469 2637 1523 ail‘ectionum
2690 1470 2978 1536 generibus
3036 1471 3441 1537 comprehensa:

1868 1570 2125 1615 tenentur
2151 1576 2341 1614 omnes
2370 1576 2545 1629 prava:
2582 1560 2904 1628 cupiditates
2937 1577 2950 1611 :
2989 1570 3041 1613 et
3072 1562 3155 1614 bis
3216 1562 3445 1613 adortus

1869 1660 1955 1706 est
1983 1651 2201 1720 quidem
2238 1650 2468 1705 Satanas
2505 1651 2794 1705 Dominum
2842 1661 3087 1703 nostrum
3127 1653 3179 1703 in
3210 1652 3423 1703 deserto

1871 1752 1926 1796 et
1952 1743 2005 1796 in
2039 1742 2198 1807 urbe;
2234 1758 2440 1804 verum.
2477 1742 2786 1796 succubuit.
2816 1742 3081 1795 Caeterum
3117 1742 3325 1794 ventris
3350 1757 3445 1792 ett-

1803 1824 2094 1903 Bpiditas,
2167 1834 2388 1903 reliquis
2459 1835 2674 1889 duabus
2725 1836 3012 1889 violentior
3077 1835 3452 1903 diiliciliorqne

1874 1925 2192 1979 mortalibus
2227 1925 2490 1979 incumbit
2522 1943 2537 1979 :
2578 1926 2723 1995 quod
2760 1928 2842 1979 vel
2876 1927 3003 1980 hinc
3045 1939 3278 1989 constat,
3324 1931 3449 1995 quia

1870 2018 2077 2088 absque
2112 2019 2337 2087 pecunia
2362 2027 2414 2071 et
2452 2020 2621 2086 gloria
2661 2021 2841 2073 vivere
2887 2019 3135 2073 homines
3173 2032 3394 2087 possunt
3435 2037 3446 2071 :

1873 2120 1927 2162 at
1957 2110 2075 2162 sine
2121 2110 2243 2161 cibo
2279 2125 2384 2162 nou
2411 2121 2638 2178 possunt
2670 2110 2807 2163 sicut
2846 2111 2985 2177 apud
3009 2109 3295 2163 Jeremiam
3328 2126 3454 2179 pro-

1873 2201 2086 2269 phetam
2143 2201 2400 2265 seriptum
2461 2210 2636 2254 eXstat
2684 2217 2695 2250 ε
2755 2201 3017 2253 Dedcrnnt
3051 2218 3130 2255 res
3161 2218 3285 2254 suus
3332 2218 3453 2269 pre-

1872 2294 2036 2345 tiosas
2075 2308 2169 2360 pro
2225 2294 2358 2353 cibo,
2415 2302 2469 2344 ut
2514 2293 2871 2344 instaurarent
2928 2294 3160 2345 animant
3208 2308 3359 2345 suam
3385 2294 3452 2345 "".

1874 2384 2057 2451 Neque
2091 2385 2234 2437 enim
2260 2385 2546 2436 adversum
2581 2399 2677 2438 nos
2715 2384 2843 2436 facit
2869 2385 2998 2437 illud
3033 2386 3249 2437 Domini
3285 2386 3454 2439 nostri

1874 2476 2123 2529 dictum:
2172 2474 2293 2527 Non
2344 2476 2398 2526 in
2454 2476 2566 2526 solo
2606 2492 2739 2541 pane
2793 2477 2913 2529 virit
2972 2478 3126 2529 homo
3167 2478 3232 2530 ⁷⁸.
3292 2477 3458 2547 Igitur

1875 2569 2132 2637 quoniam
2175 2567 2320 2637 gula,
2344 2567 2515 2635 prima
2539 2578 2622 2620 est
2651 2569 2874 2623 innubis
2904 2569 3237 2637 perturbatio
3267 2570 3454 2627 animi,

1875 2668 2301 2713 consentaneum
2336 2668 2470 2721 erat,
2529 2668 2585 2711 ut
2612 2659 2797 2726 prima:
2838 2660 2970 2728 legis
3018 2660 3227 2712 Adamn
3282 2661 3457 2728 primo

1879 2751 2086 2805 homini
2121 2749 2356 2804 ferenda:
2415 2760 2560 2803 esset
2605 2752 2840 2805 occasio.
2880 2752 2943 2803 Et
3003 2766 3130 2805 vero
3182 2753 3305 2820 quia
3364 2767 3459 2821 per

1890 2842 2098 2895 ventris
2161 2841 2478 2911 ingluviem,
2541 2842 2757 2911 cibique
2811 2846 3169 2910 appetentiam
3230 2842 3459 2897 Satanas

1880 2934 2147 2987 Adamum
2168 2934 2390 2995 vicerat,
2425 2933 2628 2988 idcirco
2655 2944 2708 2988 et
2739 2934 3139 2989 Cbristusinde
3172 2938 3455 2990 victoriam

1881 3040 2034 3079 suam
2075 3024 2336 3079 adversus
2367 3025 2517 3077 illum
2549 3026 2600 3079 in
2635 3026 2851 3078 deserto
2878 3036 2959 3078 est
2988 3028 3299 3096 auspicatus
3330 3044 3453 3081 cum

1882 3116 1954 3169 illi
1979 3115 2202 3178 diceret,
2236 3126 2294 3169 ut
2321 3125 2404 3169 est
2426 3118 2565 3184 apud
2599 3118 2781 3170 divum
2808 3118 3107 3172 Matthazum
3140 3138 3153 3172 :
3190 3120 3250 3175 Si
3283 3121 3455 3174 Filius

1882 3206 1979 3260 Dei
2003 3223 2079 3271 es,
2110 3207 2293 3260 dicito,
2339 3218 2395 3260 ut
2460 3208 2660 3275 lapides
2696 3210 2785 3262 isti
2840 3226 2998 3277 panes
3021 3212 3151 3278 [iant
3185 3213 3253 3265 ⁷³.
3288 3213 3457 3268 Porro

1882 3311 2010 3354 sunt
2042 3302 2134 3371 qui
2169 3301 2337 3356 Deum
2370 3303 2611 3371 culpent,
2658 3305 2802 3373 quod
2850 3306 3118 3360 Adamum
3154 3308 3456 3362 condiderit

1884 3393 1988 3447 cibi
2018 3394 2232 3447 avidum
2282 3409 2346 3449 ae
2381 3410 2675 3450 voracem:
2717 3406 2768 3450 et
2818 3397 3057 3461 interim,
3107 3401 3217 3467 lege
3251 3400 3376 3461 lata,
3426 3418 3455 3453 a

1883 3485 2005 3538 cibo
2030 3486 2352 3539 cohibuerit.
2389 3487 2493 3540 Sed
2544 3504 2640 3542 nos
2681 3490 2746 3542 ad
2786 3489 2901 3543 btec
2945 3490 3199 3551 dicimus,
3256 3491 3455 3545 nullam

1886 3577 1974 3631 hic
2011 3578 2065 3631 in
2093 3577 2259 3631 Deum
2317 3590 2617 3632 creatorem
2653 3595 2809 3648 posse
2832 3582 3041 3651 culpam
3075 3581 3329 3645 conferri,
3364 3584 3454 3635 scd

1888 3668 1939 3721 in
1964 3667 2138 3737 ipsum
2168 3668 2432 3722 Adamum
2453 3668 2774 3735 justissime.
2831 3672 2985 3737 cujus
3014 3675 3278 3725 rationem
3301 3674 3420 3725 audi
3446 3692 3457 3725 :

1886 3759 2151 3827 Cupidine
2200 3776 2321 3829 qua:
2354 3770 2436 3815 est
2470 3762 2522 3815 in
2556 3763 2733 3823 nobis.
2765 3774 2849 3817 est
2874 3773 3145 3831 quatenus
3191 3764 3358 3817 libere
3381 3764 3460 3817 uti

1893 3852 2249 3920 permittitur,
2281 3860 2365 3906 est
2397 3853 2559 3906 etiam
2590 3854 2678 3905 ubi
2713 3855 3009 3908 coercenda
3050 3854 3463 3922 cohibendaque

1896 3953 2001 3997 est.
2037 3941 2107 3995 Ea
2164 3944 2329 4012 igitur
2352 3958 2476 4010 pars
2514 3944 2660 3996 illius
2695 3960 2815 4011 qua:
2841 3955 3026 3997 nostro
3053 3944 3173 3998 usui
3200 3944 3465 4013 permissa

1887 4043 1990 4096 est,
2024 4033 2181 4101 culpa
2215 4043 2389 4095 vacat,
2423 4049 2598 4101 neque
2628 4035 2742 4103 lege
2779 4034 3056 4087 inhibetur
3096 4051 3109 4086 :
3149 4034 3327 4103 qualis
3358 4042 3466 4101 est,

1889 4134 1949 4178 ut
1981 4123 2229 4197 edamus,
2266 4135 2322 4176 ut
2348 4124 2616 4185 bibamus,
2641 4136 2698 4177 ut
2730 4126 3087 4184 dormiamus,
3112 4135 3271 4193 atque
3302 4124 3465 4191 hujus

1887 4214 2103 4282 generis
2130 4216 2231 4266 alia
2270 4215 2555 4268 faciamus.
2601 4214 2941 4267 liet‘renanda
2976 4230 3103 4267 vero
3137 4216 3467 4268 coercenda—

1888 4321 1996 4373 que
2022 4305 2110 4357 illa
2144 4312 2252 4367 est,
2289 4321 2453 4373 quam
2484 4306 2565 4359 lev
2599 4315 2745 4359 vetat
2773 4306 3048 4370 exerceri;
3082 4306 3243 4357 veluti
3278 4306 3319 4358 si
3346 4306 3470 4372 quis

1892 4398 2118 4467 gulosus
2149 4397 2241 4457 sit,
2280 4398 2662 4460 autebriosus,
2688 4397 2770 4449 vel
2801 4407 3066 4451 seottatOr
3087 4406 3140 4450 et
3166 4398 3472 4465 hujusmodt

207 4501 435 4561 faceret,
480 4508 533 4550 ct
556 4512 675 4565 quin
704 4504 830 4547 sunt
864 4495 1023 4562 hujus
1053 4494 1265 4562 generis
1316 4494 1445 4547 alia.
1489 4494 1782 4546 llliustnodi
1818 4526 1863 4584 υ
1890 4490 2013 4541 aliis
2037 4488 2181 4541 vitiis
2211 4488 2447 4542 deditus.
2501 4487 2800 4542 Conlieitur
2849 4504 2997 4556 ergo,
3050 4488 3214 4541 Deum
3254 4490 3465 4542 Adamo

207 4591 353 4645 enim
377 4588 664 4659 praeceptis
684 4587 864 4640 nullus
888 4597 1015 4639 tunc
1049 4585 1199 4638 locus
1219 4599 1339 4637 esse
1356 4587 1546 4651 potuit,
1566 4584 1782 4652 quando

207 4680 343 4735 nulli
383 4689 546 4733 erant
576 4677 667 4730 alii
710 4676 956 4730 homines
982 4713 999 4738 ,
1032 4676 1259 4742 ideotlue
1294 4676 1461 4738 legem
1494 4676 1560 4727 de
1593 4676 1787 4729 arbore

211 4769 443 4831 ferebat,
496 4781 603 4833 qua
662 4762 998 4820 observanda
1042 4766 1211 4833 pietas
1272 4763 1462 4817 Adami
1526 4765 1787 4820 adversus

210 4876 375 4915 suum
408 4859 757 4914 Conditorem
788 4867 1197 4923 agnosceretur.

283 4952 394 5007 Cur
450 4950 514 5002 de
573 4949 675 5002 cibi
743 4950 1160 5016 concupiscentia
1233 4949 1314 5001 [ex
1363 4950 1563 5001 Adumo
1615 4951 1787 5016 posita

211 5047 299 5099 sit.
326 5075 397 5085 --
428 5043 669 5110 [lenique
703 5050 757 5094 et
785 5040 913 5093 illttd
946 5042 1083 5095 solet
1108 5041 1297 5110 quaeri,
1330 5056 1428 5093 cur
1458 5042 1596 5093 Deus
1618 5040 1784 5110 legent

172 5117 177 5120 O
214 5138 428 5191 Adamn
462 5134 828 5202 imperaverit,
869 5148 991 5202 qua
1039 5133 1104 5185 ad
1137 5132 1242 5186 eihi
1284 5132 1784 5198 COIII‘UpiSCeltliattl

217 5236 515 5299 Spectaret,
548 5242 656 5280 non
690 5226 754 5280 ad
802 5226 963 5279 aliam
1010 5240 1123 5278 rem
1155 5225 1493 5293 quampiam.
1519 5222 1789 5277 Potuisset

212 5322 361 5374 enim
400 5319 471 5371 illi
502 5318 608 5371 lata
646 5318 759 5386 lege
792 5317 1048 5370 mandare
1086 5326 1141 5368 ut
1176 5316 1437 5384 quosdam
1471 5314 1789 5367 nominatim

220 5414 572 5480 praescriptos
602 5409 959 5478 diesjejunus
986 5416 1081 5461 aut
1108 5407 1354 5477 precibus
1385 5422 1583 5461 vacans
1610 5418 1790 5461 trans-

220 5505 413 5572 igeret,
451 5503 535 5557 vel
569 5518 629 5557 se
678 5516 787 5557 uno
812 5502 1114 5569 eodemque
1167 5502 1283 5554 loco
1320 5515 1413 5567 per
1442 5516 1536 5554 eos
1592 5499 1793 5553 immo-

221 5608 310 5651 tus
364 5594 713 5656 contineret,
768 5601 861 5646 aut
914 5592 1226 5660 hujusmodi
1282 5591 1425 5643 aliud
1510 5590 1788 5660 quidpiam

1372 5768 1411 5797 "
1452 5766 1661 5822 ibid.‘5.

291 5773 335 5807 "
373 5770 579 5827 Thren.
613 5782 649 5834 ι,
684 5768 763 5823 il.
844 5760 886 5807 τ’
914 5765 1105 5823 Matth.
1135 5780 1208 5831 tv,
1242 5765 1291 5820 ι.

1894 4580 2062 4648 legem
2087 4579 2233 4632 illam
2257 4581 2658 4649 perscripsisse,
2696 4596 2803 4633 non
2839 4590 2898 4633 ut
2930 4596 3154 4649 prorsus
3187 4581 3318 4634 nihil
3349 4582 3475 4635 cde-

1894 4688 1996 4736 ret,
2033 4676 2124 4729 sed
2177 4685 2236 4729 ut
2262 4676 2328 4729 de
2366 4692 2469 4728 una
2490 4676 2581 4730 illa
2624 4677 2822 4731 arbore
2878 4692 2982 4731 eoo
3027 4677 3232 4739 ederet.
3261 4675 3395 4731 Nam
3426 4676 3474 4728 si

1895 4768 2039 4820 nulla
2078 4768 2149 4820 illi
2190 4784 2282 4836 per
2326 4784 2442 4820 eam
2479 4769 2648 4836 legem
2686 4783 2744 4822 re
2778 4770 2920 4822 vesci
2953 4769 3213 4828 licuisset.
3249 4768 3475 4835 culpan-

1895 4862 1995 4914 dus
2026 4875 2212 4915 revera
2265 4859 2455 4913 fuisset
2488 4860 2634 4915 Deus
2689 4861 2987 4931 legislator,
3046 4862 3135 4929 qui
3196 4861 3342 4913 illam
3402 4861 3473 4913 ita

1894 4952 2209 5007 condiderat
2242 4961 2300 5005 ut
2346 4950 2554 5005 edendo
2589 4952 2752 5005 vitam
2788 4952 3059 5006 sustinere
3112 4951 3350 5005 deberet.
3407 4952 3476 5004 At

1895 5044 2112 5111 quando
2151 5042 2219 5096 ab
2256 5042 2415 5096 unica
2452 5042 2629 5111 ipsmn
2663 5044 2929 5097 duntaxat
2958 5056 3150 5106 arnore
3180 5043 3475 5113 prohibuit.
3526 5036 3532 5045 ’

1866 5158 1870 5163 ~
1896 5149 2072 5202 neque
2107 5133 2155 5187 id
2186 5135 2264 5188 vel
2288 5149 2379 5201 per
2410 5133 2667 5188 invidiam
2695 5135 2774 5187 vel
2804 5150 2901 5203 per
2934 5136 3117 5189 odium
3148 5153 3163 5199 ;
3200 5137 3291 5188 sed
3324 5144 3381 5187 ut
3410 5152 3475 5188 ett

1900 5226 2018 5295 ejus
2057 5227 2190 5295 legis
2213 5226 2590 5281 observatione
2619 5242 2840 5280 causam
2872 5228 3092 5281 haberet
3125 5227 3475 5297 permittendi

1898 5319 2091 5373 deinde
2116 5319 2215 5387 ipsi
2251 5328 2468 5386 gustare
2492 5318 2618 5371 vine
2643 5319 2913 5381 arborem,
2939 5335 3049 5387 quo
3079 5322 3181 5372 vita
3217 5320 3474 5395 deinceps

1901 5408 2005 5461 frui
2052 5408 2379 5478 sempiterna
2434 5417 2662 5477 posset:
2701 5408 2844 5461 haud
2904 5409 3092 5463 insons
3129 5424 3257 5462 sane
3304 5409 3474 5461 videri
3528 5432 3532 5435 -

1902 5499 1992 5554 ille
2012 5499 2190 5565 {debet
2217 5498 2305 5561 qui
2360 5515 2468 5553 non
2505 5500 2779 5553 satiaverit
2810 5513 2963 5553 suam
3017 5500 3363 5567 cupiditatem
3407 5498 3476 5551 ab

1907 5593 2128 5663 reliquis
2160 5591 2478 5658 arboribus;
2511 5596 2681 5658 ncqt'Je
2710 5591 2921 5646 unicam
2953 5590 3098 5645 illam
3136 5589 3337 5651 vitarit,
3366 5604 3471 5659 qua
