4202 6430
719 435 822 494 535

1980 423 2214 484 MOSIS
2255 420 2405 488 ΒΑΗ
2442 420 2684 482 CEPIIA

3859 404 3964 468 536

721 550 894 602 fuerat
932 546 1034 600 sibi
1071 545 1434 600 interdictum.
1466 541 1597 596 Nam
1638 551 1696 595 ut
1721 552 1928 596 caetera
1982 553 2171 593 omnes
2196 552 2292 590 ve-
2320 535 2366 591 Α
2396 535 2540 588 tione
2567 544 2621 588 et
2651 548 2771 604 qua:
2826 531 3005 585 anima
3036 534 3244 588 carent,
3281 532 3490 579 natura}
3538 520 3738 589 impetu
3801 528 3964 586 atque

720 639 831 690 titm
875 636 1123 698 fuissent,
1156 634 1379 700 solaque
1421 647 1527 686 una
1585 645 1868 698 concessa,
1918 629 2063 683 nulla
2105 637 2282 683 tamen

720 732 894 798 ipsum
929 727 1230 794 subegisset
1262 724 1555 778 necessitas
1577 722 1644 777 de
1671 722 1997 791 reliquarum
2025 736 2130 773 una
2153 734 2287 790 qua-

720 820 863 888 piam
897 829 1131 890 gustare,
1165 827 1366 886 quanto
1395 815 1577 870 minus
1612 831 1734 869 cum
1763 829 1951 868 omnes
1974 825 2167 883 praeter
2195 827 2287 866 so-

723 913 1014 964 l:unuuam
1063 910 1336 978 permissae
1398 917 1598 971 essent,
1653 906 1758 960 ulla
1787 907 1962 974 ipsum
2021 905 2286 972 compulit

722 1005 802 1057 vis
829 1018 948 1056 eam
979 1017 1139 1056 unam
1180 1001 1425 1053 arborem
1457 1001 1675 1053 vetitam
1729 999 2017 1065 attingere.
2068 997 2286 1049 Certum

719 1093 887 1157 igitur
924 1107 984 1144 ex
1040 1091 1122 1144 bis
1154 1090 1355 1153 evadit,
1398 1091 1609 1156 culpam
1661 1087 1713 1140 in
1772 1087 1976 1141 Adamo
2006 1087 2289 1156 inh:erere,

719 1198 829 1233 non
873 1182 923 1234 in
987 1181 1157 1248 ipsius
1205 1180 1456 1234 cllectore
1494 1180 1624 1232 Deo.
1679 1177 1783 1232 Sed
1825 1187 1879 1231 et
1910 1178 2041 1231 illud
2078 1177 2293 1246 disqui-

723 1272 954 1325 reudum
1031 1280 1169 1325 cst:
1221 1271 1394 1324 soline
1453 1269 1662 1323 Adamo
1712 1270 1883 1338 legem
1949 1269 2295 1336 imperaverit

721 1364 886 1423 Deus,
909 1376 976 1413 an
1004 1377 1130 1414 vero
1180 1361 1341 1414 etiam
1370 1359 1580 1414 caeteris
1611 1360 1772 1413 rebus
1802 1359 1926 1411 dum
1970 1357 2114 1426 ipsas
2166 1369 2297 1411 con-

729 1451 906 1515 deret,
964 1466 1093 1505 suas
1143 1453 1337 1519 cuique
1373 1447 1516 1519 leges
1549 1433 1799 1508 dederit?
1835 1448 2072 1502 Dicimus
2095 1458 2297 1509 autem,

725 1544 1004 1599 omnibus.
1064 1543 1226 1597 rebus
1315 1557 1441 1598 esse
1530 1541 1731 1610 positas
1798 1540 1944 1605 leges
2011 1559 2024 1594 :
2095 1539 2300 1592 ratione

729 1635 995 1703 praeditis,
1022 1644 1074 1688 et
1107 1634 1335 1688 rationis
1364 1634 1695 1702 expertibus,
1733 1632 2075 1691 mortalibus.
2113 1638 2166 1684 et
2204 1630 2314 1682 im-‘

731 1726 1088 1790 mortalibus;
1129 1725 1402 1788 animatis,
1461 1733 1514 1800 et
1565 1723 1910 1788 inanimatis;
1967 1735 2087 1790 quae
2137 1735 2300 1774 sensu

732 1817 1128 1885 percipiuntur,
1185 1827 1393 1883 etquae
1449 1829 1668 1868 sensum
1733 1804 1947 1866 onmem
2013 1811 2296 1880 effugiunt.

731 1907 892 1971 Nam,
925 1907 1093 1977 (verbi
1130 1907 1348 1976 gratia),
1383 1898 1590 1976 angelis
1633 1906 1862 1974 primam
1915 1903 2083 1975 legem
2137 1904 2301 1958 dabat

734 2016 858 2054 eum
920 2001 1068 2069 ipsos
1111 2009 1346 2063 crearet,
1405 2001 1663 2052 adversus
1707 2012 1870 2066 quam
1919 1996 2302 2066 prtevaricatur

736 2092 924 2155 Satan,
966 2107 1090 2144 cum
1124 2090 1238 2145 suis
1273 2090 1443 2158 copiis
1483 2089 1663 2158 lapsus
1684 2096 1812 2153 est;
1844 2087 2040 2143 deinde
2074 2089 2300 2143 alteram

739 2182 852 2236 illis
884 2197 1105 2236 rursum
1133 2181 1297 2236 dabat
1323 2182 1516 2249 legem,
1546 2191 1603 2234 ut
1638 2196 1725 2235 res
1754 2189 1946 2234 natura
1987 2189 2306 2247 eorporatas

741 2274 1204 2336 administrarent,
1252 2283 1416 2342 atque
1469 2273 1582 2326 lizee
1624 2273 1881 2326 inferiora
1927 2283 1980 2326 et
2009 2287 2306 2342 cognosce-

741 2374 862 2418 rent
895 2374 946 2418 et
976 2366 1378 2435 gubernarent;
1429 2365 1539 2432 ipsa
1579 2365 1786 2418 scilicet
1813 2373 2017 2417 naturas
2042 2365 2305 2416 elementa

743 2467 796 2511 Ct
824 2472 944 2524 qua:
982 2473 1048 2510 ex
1104 2458 1386 2512 elementis
1421 2457 1721 2525 composita
1784 2465 1913 2511 sunt
1954 2470 2201 2523 corpora,
2250 2466 2308 2510 ut

743 2552 819 2602 ait
855 2547 1188 2604 Philoxvnus
1236 2565 1484 2603 sermone
1520 2549 1586 2602 de
1625 2552 1818 2602 arbore
1856 2547 1997 2602 vitae.
2053 2547 2310 2602 Similiter

748 2651 802 2693 et
837 2641 975 2695 uelo
1006 2649 1057 2693 et
1090 2651 1248 2693 terra“.
1279 2641 1448 2708 legem
1488 2639 1692 2709 posuit,
1722 2649 1777 2692 ut
1818 2638 1870 2692 in
1903 2654 2082 2692 rerum
2116 2647 2310 2691 natura

751 2734 1124 2800 perdurarent,
1160 2739 1217 2784 ut
1265 2732 1339 2784 ait
1367 2731 1529 2784 David
1565 2748 1580 2786 :
1623 2730 1892 2784 Stubilivit
1919 2742 2116 2783 terram
2149 2745 2310 2797 supra

751 2825 922 2886 fulcra
955 2840 1050 2876 sua
1076 2823 1142 2875 ³³.
1177 2824 1389 2878 Rursus
1429 2823 1529 2877 soli
1573 2831 1626 2876 ct
1658 2824 1797 2876 luna:
1838 2823 2156 2891 crrterisque
2185 2821 2314 2875 stel-

754 2917 823 2970 lis
851 2931 982 2971 suas
1021 2915 1352 2983 prmscripsit
1397 2914 1562 2984 leges,
1611 2916 1810 2982 quibus
1859 2923 2038 2967 motus
2069 2916 2311 2981 ipsorum

752 3007 1029 3076 :equalitas
1088 3008 1313 3075 regitur,
1365 3006 1492 3060 dum
1554 3022 1696 3059 nunc
1759 3006 2021 3059 accedunt
2071 3005 2313 3074 prepius,

756 3113 900 3150 nunc
931 3100 1220 3158 recedunt;
1259 3098 1413 3167 juxta
1444 3097 1572 3150 illud
1606 3096 1848 3166 ejusdem
1888 3095 2104 3150 Davidis
2137 3115 2151 3150 :
2189 3097 2318 3148 Sta-

2387 625 2968 680 elTieicntia‘ducuntur
2999 628 3058 674 ut
3084 619 3291 687 legibus
3319 615 3433 670 suis
3459 613 3854 681 obsequantur.
3879 611 3965 662 Ad

2390 719 2536 771 haec:
2569 716 2835 779 homines,
2867 715 2911 767 si
2950 713 3159 771 volunt,
3186 716 3448 772 servant;
3503 705 3546 758 si
3610 705 3805 756 nolunt
3854 715 3964 753 non

2389 819 2605 870 servant
2638 824 2765 864 suas
2801 809 2944 876 leges
2979 822 2995 859 τ
3041 804 3272 871 pendent
3320 801 3464 855 enim
3486 814 3547 853 ev
3584 798 3756 851 libero
3784 795 3967 847 Immi-

2392 918 2518 956 num
2541 901 2860 954 arbitrio.At
2881 899 3035 951 aliter
3061 911 3119 952 se
3149 894 3346 948 habent
3372 905 3557 944 earum
3587 903 3766 942 rerum
3801 886 3968 951 leges,

2391 1009 2511 1056 qua:
2558 993 2768 1044 ratione
2796 999 2849 1042 et
2896 1003 3017 1063 qua?
3079 1001 3240 1041 sensu
3289 991 3521 1046 vacant;
3577 993 3751 1047 neque
3816 979 3964 1028 cn‘iu

2393 1087 2493 1147 leo,
2536 1094 2589 1138 et
2646 1083 2819 1136 audax
2884 1091 2936 1135 et
2974 1079 3198 1144 timidus
3248 1091 3368 1131 esse
3427 1082 3636 1143 potest;
3686 1083 3860 1134 ireque
3894 1067 3973 1118 le-

2378 1191 2516 1244 .pus,
2553 1174 2779 1242 pavidus
2811 1179 2864 1224 et
2889 1168 3210 1238 impavidus,
3245 1166 3335 1221 sed
3363 1177 3468 1218 una
3493 1159 3716 1213 audacia
3749 1157 3968 1210 leonum

2394 1279 2496 1329 est,
2534 1253 2699 1336 pavor
2726 1280 2854 1319 vero
2889 1265 3038 1318 solus
3072 1262 3338 1330 leporum.
3380 1255 3678 1333 Nequelut
3729 1250 3812 1302 leo
3861 1262 3971 1300 non

2396 1363 2463 1416 sit
2497 1361 2702 1425 audax,
2741 1357 2824 1410 vel
2873 1357 3023 1424 lepus
3079 1365 3194 1407 non'
3236 1349 3392 1420 fugax
3448 1347 3561 1400 ﬁeri
3600 1352 3792 1412 potest.
3823 1341 3973 1393 Con-

2400 1453 2718 1508 sentaneum
2751 1451 2914 1519 igitur
2945 1457 3051 1510 est,
3087 1446 3198 1498 haec
3230 1443 3274 1497 si
3318 1441 3434 1496 suis
3477 1439 3679 1508 legibus
3719 1443 3972 1504 pareant,

2403 1563 2505 1599 non
2556 1546 2674 1598 ideo
2705 1543 2864 1610 digna
2889 1555 3015 1595 esse
3046 1537 3289 1608 praemio,
3318 1532 3537 1602 quando
3584 1529 3728 1583 nulla
3762 1524 3974 1579 arbitrii

2403 1636 2651 1690 libertate
2685 1633 2910 1702 pollent,
2944 1631 3034 1682 sed
3066 1637 3272 1681 natura:
3303 1622 3536 1677 vinculis
3569 1619 3860 1674 constricta
3899 1624 3980 1667 tc-

2405 1738 2597 1782 nentur
2630 1743 2644 1780 :
2683 1740 2782 1779 nos
2813 1739 2942 1778 vero
2991 1721 3074 1776 vel
3115 1721 3423 1780 observare,
3475 1714 3558 1767 vel
3599 1712 3798 1764 violare
3832 1710 3980 1776 leges

2406 1819 2560 1872 nobis
2591 1817 2889 1884 imperatas
2929 1814 3172 1882 quimus,
3215 1809 3497 1863 Postremo
3533 1806 3635 1857 hoc
3665 1803 3827 1855 etiam
3883 1799 3984 1851 ad-

2407 1912 2639 1964 dendum
2681 1907 2786 1960 huc
2837 1905 3113 1966 duximus.
3157 1900 3314 1954 nobis
3366 1901 3590 1964 insuper
3617 1907 3734 1948 esse
3776 1889 3985 1943 inditas

2409 2002 2568 2056 etiam
2599 2000 2767 2067 leges,
2812 1995 2918 2049 illis
2965 1994 3171 2062 legibus
3234 1997 3607 2045 creaturarmn
3655 1983 3864 2038 ratione
3926 1987 3984 2030 et

2409 2108 2568 2147 sensu
2652 2088 2952 2144 carentium
3049 2084 3278 2139 similes.
3334 2077 3748 2146 Verbigratia;
3805 2071 3986 2126 oculis

2411 2185 2610 2239 nostris
2638 2181 2796 2235 insita
2829 2189 2977 2234 est-va
3010 2177 3117 2230 Deo
3145 2177 3224 2228 lex
3261 2172 3497 2234 videndi,
3527 2169 3771 2232 auribus,
3828 2165 3988 2218 au-li-

2411 2277 2578 2343 cndi;
2638 2253 2840 2345 palato.
2879 2269 3170 2342 gustandi;
3229 2269 3470 2330 naribus,
3512 2261 3804 2324 odorandi;
3853 2275 3989 2310 ven-

2415 2368 2628 2433 triculo,
2674 2345 3088 2433 concoquendi;
3131 2371 3292 2430 atque
3328 2360 3398 2412 ita
3455 2357 3667 2411 Ceteris
3721 2353 3988 2407 membris

2415 2477 2538 2515 Suas
2573 2459 2766 2513 indidit
2795 2472 2980 2510 rerum
3001 2453 3188 2523 Opiter
3232 2450 3573 2506 emcacitates
3607 2463 3701 2517 pro
3733 2445 3943 2514 legibus
3972 2461 3984 2493 :

2417 2554 2553 2619 Quia
2586 2567 2687 2622 quo
2720 2550 2804 2602 die
2826 2548 3062 2601 comede:
3118 2545 3181 2597 dc
3208 2562 3290 2604 ea,
3341 2552 3504 2595 morte
3546 2539 3805 2591 morieris.
3862 2534 3989 2588 "me

2419 2646 2592 2699 oratio
2631 2645 2810 2698 minas
2867 2649 3245 2706 terroremque
3303 2634 3570 2693 continet,
3600 2641 3658 2684 ut
3706 2646 3808 2698 qua
3847 2629 3992 2681 Deus

2421 2739 2646 2799 Adamo,
2689 2735 2734 2789 si
2779 2731 3234 2802 "praevaricaretur
3256 2737 3310 2780 et
3339 2728 3404 2779 de
3437 2725 3628 2778 arbore
3664 2723 3750 2774 illa
3783 2722 3991 2782 ederet,

2419 2826 2761 2882 obnuntiavit
2796 2821 3120 2892 perieulum.
3155 2817 3256 2872 Sed
3279 2815 3560 2886 quau-itur,
3601 2828 3708 2881 qua
3730 2813 3793 2863 de
3823 2825 3993 2864 causa

2422 2920 2495 2972 ilii
2535 2923 2605 2971 sit
2635 2913 3012 2970 intermilraus.
3038 2911 3231 2964 Facilis
3263 2917 3346 2962 est
3383 2905 3688 2974 responsio.
3711 2914 3769 2956 ut
3799 2919 3825 2954 a
3862 2903 3989 2955 vio-

2425 3005 3036 3077 lamlalégedlliusmodi
3071 3002 3256 3062 minis,
3283 3009 3336 3053 et
3359 3013 3531 3066 prima:
3563 2994 3804 3065 periculo
3836 2992 3998 3046 eolii-

2426 3104 2664 3163 beretur,
2699 3112 2860 3167 quam
2903 3095 3005 3149 sibi
3031 3092 3370 3161 delinqucuti
3426 3099 3624 3158 prasto
3683 3086 3996 3139 adfuturam

755 3193 854 3244 tuit
896 3192 1060 3258 ipsum
1107 3191 1432 3244 iumentum
1461 3189 1662 3254 aa’culi,
1693 3191 1855 3259 legem
1905 3191 2070 3255 dedit,
2114 3199 2162 3243 ct
2218 3205 2303 3242 nor

2428 3193 2719 3262 praescirct.
2754 3189 2922 3256 Leges
2947 3188 3087 3240 enim
3123 3201 3217 3254 per
3249 3194 3355 3237 tres
3399 3195 3593 3234 causas
3642 3178 3752 3231 fere
3800 3178 4001 3229 obser-

755 3283 1046 3350 pra'teribit
1075 3283 1137 3336 ³¹.
1181 3281 1426 3351 Denique
1461 3292 1512 3335 et
1548 3297 1696 3337 mare
1739 3297 1894 3336 suam
1923 3299 1951 3335 a
1999 3281 2106 3335 Deo
2151 3282 2316 3349 legem

759 3376 1163 3444 accz"pit,ipsam
1183 3390 1401 3428 arenam
1425 3394 1440 3441 ;
1463 3375 1525 3427 ad
1548 3377 1848 3442 quamdum
1873 3375 2143 3428 inundans
2164 3383 2325 3442 atque

763 3483 1088 3534 procurrens
1111 3468 1386 3537 pertingit,
1423 3469 1634 3523 sistitur
1666 3483 1839 3536 neque
1871 3467 2040 3536 ipsam
2073 3469 2322 3535 praeterit.

762 3561 903 3626 Quin
941 3570 993 3615 et
1028 3560 1231 3625 herbis,
1270 3562 1592 3625 seminibus,
1625 3560 1911 3613 arboribus
1959 3559 2043 3611 lex
2073 3559 2197 3611 data
2226 3566 2327 3618 est,

766 3660 823 3702 ut
876 3649 1160 3718 pullulent,
1211 3659 1632 3719 augescantque.
1690 3647 1979 3704 Postremo
2033 3649 2329 3712 animantia

765 3744 948 3796 omnia
978 3759 1101 3809 qua:
1142 3745 1350 3798 ratione
1390 3751 1592 3807 carent,
1625 3741 1860 3810 generali
1889 3743 1990 3796 hac
2017 3740 2132 3810 lege
2159 3739 2330 3794 infor-

768 3836 957 3897 mavit,
990 3845 1050 3889 ut
1085 3851 1170 3890 res
1200 3850 1362 3890 sensu
1425 3850 1526 3890 suo
1577 3834 1851 3904 percipere
1895 3842 1949 3888 et
2005 3841 2153 3886 metu
2214 3847 2334 3887 sese

770 3929 975 3997 agitare
1010 3937 1233 3996 queant.
1302 3927 1572 3980 Cancrum
1632 3925 1880 3979 leonibus
1936 3924 2335 3992 particulariter

769 4021 1050 4076 audaciam
1077 4035 1175 4088 pro
1209 4020 1324 4089 lege
1376 4019 1553 4080 dedit;
1615 4019 1913 4085 leporibus,
1955 4017 2333 4081 timiditatem;

768 4111 1078 4182 pantheris,
1105 4110 1364 4180 unguenti
1399 4125 1677 4167 amorem:
1712 4110 1983 4178 vulpibus,
2019 4108 2336 4162 fraudulen-

771 4208 900 4259 tiam
933 4213 1094 4275 atque
1123 4204 1422 4267 asturiam;
1461 4203 1636 4271 agnis,
1677 4218 1863 4272 puram
1897 4201 2293 4271 simplicitatem
2321 4219 2334 4267 ;

2429 3293 2656 3336 rantur:
2695 3291 2783 3333 aut
2807 3294 2900 3346 per
2926 3291 3163 3330 amorem
3186 3289 3293 3342 quo
3317 3273 3679 3341 legislaturem
3716 3267 4004 3336 prosequi-

2430 3390 2572 3440 mur,
2610 3380 2706 3426 aut
2752 3387 2845 3438 per
2880 3368 3084 3438 prrrmii
3121 3380 3269 3434 spem
3300 3362 3444 3432 quod
3478 3360 3793 3430 parentilms
3838 3357 4002 3410 nobis

2429 3466 2765 3536 prepositum
2801 3471 2901 3522 est,
2932 3469 3025 3514 aut
3058 3458 3290 3525 denique
3321 3471 3412 3524 per
3439 3463 3640 3507 metum
3669 3465 3841 3519 poena:
3878 3464 4005 3516 qua:

2428 3557 2783 3626 peccantibus
2815 3563 2898 3608 est
2927 3551 3249 3621 przestituta.
3297 3545 3408 3599 lluc
3444 3546 3605 3613 igitur
3653 3550 3861 3611 spectat
3918 3540 4011 3594 illa

2432 3647 2784 3703 comminatio
2834 3661 2938 3714 qua
2977 3659 3104 3696 usus
3137 3641 3276 3694 Deus
3309 3640 3384 3691 ait
3423 3655 3436 3691 :
3472 3636 3587 3700 Quo
3639 3635 3724 3687 die
3766 3633 4012 3686 comede:

2433 3743 2495 3794 de
2517 3757 2602 3805 ea,
2631 3749 2799 3791 morte
2824 3735 3103 3795 morieris;
3139 3741 3196 3787 ut
3249 3731 3293 3783 si
3323 3719 3411 3783 ille
3463 3725 3738 3796 prioribus
3793 3725 4014 3778 duabus

2436 3813 2629 3886 causis
2661 3829 2804 3882 baud
2843 3819 3194 3905 i‘nduceretur
3239 3821 3303 3875 ad
3340 3818 3664 3888 parendum,
3727 3824 4013 3884 postrema

2440 3925 2628 3976 saltem
2660 3921 2774 3974 btec
2807 3920 2824 3984 (
2856 3913 3103 3985 supplicii
3130 3921 3275 3986 metu
3321 3908 3462 3978 dico)
3493 3910 3544 3960 in
3595 3905 3773 3960 ofﬁcio
3831 3907 4015 3974 ipsum

2438 4000 2760 4070 contineret.
2801 4007 2934 4071 Nam
2983 4015 3036 4061 et
3087 4002 3216 4058 illud
3268 4015 3485 4071 quoque
3537 3997 3911 4065 intelligimus,
3954 4007 4016 4050 ut

2431 4119 2654 4174 paruam
2685 4087 2920 4155 minatus
2950 4107 3032 4153 est
3063 4095 3317 4174 DCCCillllil
3338 4094 3502 4154 Deus,
3541 4091 3614 4143 ita
3647 4099 3698 4142 et
3727 4087 4018 4156 pririnium

2443 4193 2892 4262 csse-pollicitum
2929 4187 3272 4256 obsequenti,
3303 4166 3549 4253 quamvis
3586 4181 3689 4234 hoc
3719 4195 3896 4249 neque
3932 4181 4022 4232 di-

775 4298 994 4366 aquilis.
1057 4311 1254 4349 saevam
1309 4293 1692 4364 rapacitatem;
1741 4293 2028 4357 columbis,
2080 4293 2340 4346 iunocen-
2423 4287 2588 4341 exerit
2639 4299 2813 4353 neque
2848 4271 3126 4352 scripserit
3163 4279 3320 4332 divus
3355 4271 3555 4336 Moses,
3603 4273 3696 4325 sed
3728 4281 4025 4325 contentus

774 4391 946 4454 tiam;
1008 4398 1169 4457 atque
1223 4388 1293 4440 ita
1347 4388 1648 4441 deeazteris
1678 4387 1886 4456 legibus
1920 4387 2340 4454 particular-ibus

773 4499 948 4553 quaea
987 4481 1095 4535 Deo
1155 4481 1475 4543 bestiarum,
1518 4480 1721 4543 avium,
1776 4479 2052 4546 reptilium
2106 4477 2341 4547 denique

2445 4396 2616 4451 pmztzc
2639 4361 2977 4433 ttiettiitiisse,
3007 4373 3074 4427 de
3110 4369 3335 4440 praemio
3381 4365 3631 4420 tacuerit.
3682 4361 4029 4416 Promiserat

2448 4473 2616 4534 enim,
2665 4471 2708 4523 si
2747 4469 2934 4538 posita:
2983 4466 3086 4532 legi
3132 4470 3364 4531 pareret,
3411 4459 3805 4528 permissurum
3857 4469 3914 4508 se
3949 4455 4026 4507 illi

773 4573 984 4628 naturis
1041 4581 1168 4626 sunt
1221 4570 1508 4639 impositas.
1540 4569 1698 4624 sicut
1754 4569 1958 4638 prolixe
2007 4568 2236 4622 antehac
2287 4569 2338 4620 in
2378 4563 2418 4616 D
2449 4573 2505 4618 ut
2531 4565 2596 4617 de
2620 4551 2815 4615 arbore
2869 4558 2994 4611 vita:
3036 4556 3240 4617 ederet,
3292 4560 3454 4619 atque
3510 4549 3583 4601 ita
3613 4548 3777 4599 vitam
3817 4547 4031 4598 viveret

775 4681 842 4719 eo
883 4665 1022 4718 libro
1072 4677 1232 4733 quem
1264 4660 1330 4715 de
1368 4678 1460 4716 sex
1505 4661 1697 4714 diebus
1727 4659 1972 4722 fecimus,
2009 4673 2037 4712 a
2078 4658 2232 4713 nobis
2258 4667 2346 4712 est

777 4768 1075 4812 ostensum.
1116 4753 1355 4822 Denique
1387 4751 1705 4819 interrogari
1739 4753 1897 4814 solet,
1929 4750 2126 4820 quibus
2178 4751 2229 4802 iu
2263 4764 2347 4802 re-

779 4850 880 4902 bus
918 4845 1168 4901 dill'eraut
1197 4860 1272 4898 ea:
1306 4845 1450 4913 leges
1481 4858 1617 4911 quas
1648 4841 1791 4896 Deus
1816 4831 2070 4909 imposuit
2102 4840 2348 4893 animau-

779 4944 925 4997 tibus
954 4937 1177 4994 rationis
1208 4935 1538 5004 expertibus,
1572 4934 1840 5000 rebusque
1875 4931 1992 4986 aliis
2024 4932 2349 5000 cerporatis,

779 5050 900 5102 quze
931 5043 985 5086 et
1016 5030 1195 5084 anima
1225 5037 1280 5082 et
1309 5043 1470 5082 sensu
1500 5034 1710 5086 carent,
1753 5025 1820 5078 ab
1853 5025 1956 5078 illis
1979 5024 2188 5090 legibus
2211 5038 2346 5091 quas

785 5124 1094 5177 hominibus
1155 5120 1482 5188 praescripsit
1542 5129 1595 5172 et
1636 5117 1757 5170 aliis
1815 5116 2078 5170 creaturis
2143 5116 2348 5168 ratione

786 5217 1048 5287 praeditis.
1097 5215 1176 5268 Ad
1206 5215 1308 5268 hoc
1335 5211 1750 5282 respondemus.
1781 5206 2029 5277 plurimis
2068 5221 2160 5259 eas
2211 5206 2350 5258 inter

785 5325 840 5362 se
867 5308 1039 5360 modis
1069 5306 1306 5364 diti‘erre.
1351 5303 1480 5356 Nam
1517 5304 1688 5371 legum
1723 5315 1843 5369 qua:
1883 5297 2192 5352 ho.niuibus
2235 5296 2355 5366 latae

791 5409 938 5458 sunt.
977 5401 1028 5452 iu
1058 5400 1171 5468 ipsa
1196 5395 1658 5463 voluntateposita
1693 5390 2127 5452 estobservatio;
2165 5403 2350 5442 earum

795 5508 920 5548 vero
941 5494 1118 5563 legum
1151 5492 1392 5546 custodia
1451 5503 1570 5556 quae
1636 5501 1735 5540 nec
1796 5482 1976 5536 anima
2031 5496 2128 5534 nec
2189 5495 2351 5533 sensu

793 5585 1033 5654 przeditis
1109 5583 1274 5638 rebus
1352 5579 1616 5648 impositae
1675 5585 1824 5638 sunt,
1887 5575 1937 5626 in
1995 5572 2110 5640 ipsa
2167 5585 2352 5623 earum

796 5687 988 5731 natura
1023 5683 1102 5726 est
1139 5673 1260 5726 sita.
1307 5670 1445 5724 Tum
1481 5666 1728 5721 homines
1771 5663 2014 5717 doctrina
2056 5660 2359 5715 formantur

797 5771 862 5824 ad
903 5765 1236 5838 praestandae
1269 5765 1414 5834 leges
1439 5775 1574 5831 quas
1619 5759 1854 5820 debent;
1894 5763 1947 5809 at
1987 5769 2047 5810 ea
2105 5769 2221 5825 qure
2271 5767 2356 5806 ra-

867 5865 913 5898 ⁸³
953 5865 1095 5922 Psal.
1120 5879 1231 5927 cut,
1264 5862 1315 5917 5.
1392 5858 1432 5891 "
1464 5857 1604 5914 Psal.
1629 5869 1846 5918 rxmu,
1871 5853 1923 5908 6.

2447 4654 2853 4723 sempiternam,
2893 4633 3327 4713 immortalisque
3378 4638 3846 4705 evaderet,'idque
3892 4634 4032 4688 hinc

2449 4751 2682 4809 constat,
2725 4733 2992 4820 quoddubi
3026 4737 3226 4792 edisset
3259 4734 3495 4788 Adamus
3521 4731 3588 4784 de
3628 4730 3821 4782 arbore
3849 4728 4033 4780 scien-

2453 4840 2558 4902 tiae,
2590 4836 2783 4889 dixerit
2820 4822 2996 4886 Deus:
3035 4826 3116 4902 Ne
3147 4827 3282 4893 forte
3319 4822 3566 4894 extendat
3603 4834 3816 4872 manum
3840 4833 4030 4875 suam,

2455 4943 2500 4985 et
2537 4937 2707 4983 sumat
2744 4904 2815 4978 de‘
2836 4923 3021 4983 arbore
3067 4895 3206 4983 uiue,
3227 4901 3467 4985 ‘edatque
3497 4929 3558 4966 ac
3585 4913 3720 4964 vivat
3752 4911 3804 4963 in
3835 4926 4038 4977 perpeo

2458 5033 2546 5074 tuo
2583 5039 2595 5073 :
2625 5019 2906 5088 praeterea,
2930 5013 3071 5082 quod
3103 5021 3272 5062 morte.
3299 5017 3357 5060 ut
3401 5020 3574 5074 pinna:
3603 5003 3851 5072 opposita
3883 5001 3932 5053 si
3967 5019 4036 5053 ev

2457 5114 2684 5167 adverso
2735 5110 2842 5161 vita
2897 5118 3096 5158 a~terna
3153 5100 3307 5169 quasi
3376 5097 3681 5166 praemium,
3718 5103 3771 5146 et
3811 5095 4040 5146 mortali

2458 5203 2750 5259 conditioni
2785 5214 2944 5266 quam
2972 5195 3278 5250 minabatur
3310 5192 3448 5244 Deus
3483 5187 3836 5248 immortalis,
3867 5201 3982 5253 qua
4011 5205 4041 5236 u

2462 5294 2829 5366 promittebat.
2853 5292 3042 5351 Porrn,
3079 5286 3168 5339 ubi
3200 5286 3263 5337 de
3295 5285 3409 5353 lege
3432 5297 3595 5349 quam
3628 5280 3833 5332 Adamo
3866 5278 4044 5345 impe-

2462 5395 2676 5442 raverat
2707 5385 2846 5437 Dsus
2905 5381 3118 5434 locutus
3162 5384 3247 5430 est
3304 5374 3501 5434 Moses,
3562 5369 3911 5440 progreditur
3975 5372 4045 5421 ad

2465 5475 2750 5529 dicendum
2814 5474 2877 5524 de
2909 5469 3227 5523 concinnata
3287 5463 3627 5530 formataque
3683 5458 3815 5518 Eva,
3861 5460 4049 5526 deque

2466 5567 2758 5621 bestiarum
2793 5572 2846 5618 et
2869 5561 3132 5630 pecudqu
3167 5557 3563 5627 procreatione,
3618 5561 3671 5607 et
3700 5552 3768 5605 de
3801 5550 4044 5603 nomini-

2474 5661 2574 5714 bus
2609 5657 2809 5727 quibus
2841 5656 2941 5709 bas
2989 5651 3276 5721 appellavit
3303 5650 3494 5710 Adam,
3541 5645 3831 5713 inquiens:
3865 5641 3932 5694 Et
3967 5643 4047 5694 ait

2466 5748 2719 5802 Dominus
2753 5743 2888 5799 Deus
2909 5764 2922 5799 :
2946 5741 3068 5796 Non
3096 5750 3170 5796 cst
3202 5744 3390 5797 bonum
3421 5738 3682 5794 Adanmm
3713 5751 3820 5790 esse
3844 5734 4049 5798 solum,
