4202 6430
181 424 272 488 537

1297 423 1394 483 DE
1433 421 1838 481 P.-\lt.-\Dl$0.
1878 446 1943 457 --
1991 422 2183 482 PARS
2228 423 2272 481 l.

3302 428 3409 488 538

236 534 346 588 Cur
383 533 581 586 Adamn
617 545 793 587 creato
848 550 948 587 non
982 534 1173 588 dixerit
1212 534 1350 587 Deus
1386 533 1576 588 bonum
1628 551 1737 588 esse
1765 538 1809 593 Α
1841 535 2093 595 Numine.
2155 546 2206 588 ct
2246 535 2297 587 in
2334 537 2560 589 aliarum
2612 537 2871 590 virtutum
2925 539 3182 591 exercitio
3236 542 3407 595 virum

177 626 303 693 quod
348 626 673 692 fecisset.—
717 625 855 680 Sunt
888 642 952 679 ex
992 627 1377 695 interpretibus
1424 628 1513 695 qui
1558 628 1738 681 dicant

180 734 227 767 i-a
264 719 422 767 verba
454 730 484 767 a
520 717 625 769 Deo
659 718 1007 783 pronuntiata
1035 732 1157 771 esse
1206 734 1333 771 voce,
1359 735 1477 787 quae.
1542 719 1593 770 in
1642 734 1737 771 au-

180 808 346 857 diendi
396 822 618 860 sensum
686 811 921 871 caderet,
965 810 1028 861 ad
1061 808 1419 861 erudiendum
1474 810 1736 861 Adamum

178 900 584 966 doeemlumque
640 902 783 968 quod
836 900 975 954 l)~us
1029 911 1241 955 eieator
1302 902 1391 959 sit.
1446 901 1563 969 ipse
1611 890 1738 953 vero

178 1004 285 1039 cum
314 1005 483 1041 uxore
518 990 787 1058 rebusque
804 992 925 1045 aliis
951 1008 1072 1058 qum
1104 1007 1331 1060 usquam
1358 1001 1558 1050 essent,
1582 1006 1737 1044 crea-

175 1087 318 1128 lltrzt‘.
353 1078 622 1131 (Ia-terum
656 1096 754 1133 cur
792 1096 915 1133 cum
972 1082 1218 1135 ﬁnxisset
1282 1082 1421 1135 Dens
1466 1082 1732 1134 Adamum

176 1184 265 1220 non
322 1170 544 1231 dixerit,
581 1172 761 1225 videre
794 1188 850 1226 se
879 1174 928 1226 id
970 1173 1111 1240 quod
1139 1174 1465 1228 condidisset
1499 1190 1615 1225 esse
1638 1174 1732 1225 bo-

177 1275 315 1319 nunt,
348 1261 492 1313 sicut
531 1263 596 1315 de
634 1264 853 1329 reliquis
887 1264 1046 1317 rebus
1090 1280 1118 1317 a
1174 1281 1233 1317 se
1287 1266 1489 1319 elici-tis
1531 1267 1734 1319 dixisse

176 1359 534 1415 memoratur;
574 1353 847 1422 duplicem
881 1355 1257 1409 existimamus
1309 1371 1675 1425 esse,causam
1715 1373 1729 1408 :

172 1446 408 1503 alteram.
445 1446 571 1513 quia
604 1446 691 1500 hic
740 1446 987 1500 dicturus
1042 1458 1157 1501 erat
1190 1466 1295 1501 non
1358 1463 1476 1500 esse
1508 1448 1728 1521 bonum,
1764 1464 1787 1490 ι

170 1550 344 1601 parum
387 1537 533 1589 cnim
562 1538 651 1589 illa
681 1538 790 1591 duo
816 1539 954 1592 inter
984 1554 1040 1592 se
1061 1548 1426 1592 consentanea
1462 1528 1727 1600 fuissent;

170 1628 406 1690 alti-ram,
463 1629 589 1695 quia
650 1630 701 1681 in
756 1629 1003 1683 libertate
1044 1632 1256 1684 arbitrii
1312 1634 1440 1685 Atlil‘
1491 1634 1723 1698 positum

167 1730 287 1773 erat.
317 1728 373 1770 ut
406 1720 705 1785 autbonus
736 1731 829 1775 aut
865 1738 970 1777 non
1031 1724 1205 1776 bonus
1238 1733 1381 1777 esset
1419 1742 1432 1777 :
1470 1724 1590 1777 Non
1625 1740 1724 1790 est,

173 1810 359 1876 inquit,
403 1812 618 1872 bonum,
647 1812 907 1865 Adamum
930 1831 1041 1867 esse
1070 1816 1260 1869 solum.
1288 1795 1424 1881 Quid
1461 1818 1620 1887 igitur
1648 1820 1727 1872 fa-

169 1913 246 1953 eto
291 1918 435 1971 opus
469 1912 637 1957 estut
675 1902 837 1958 faciat
879 1907 926 1959 ei
977 1908 1349 1975 adjutorium?
1386 1910 1519 1963 Nam
1575 1913 1617 1964 si
1669 1914 1730 1971 ,id
1767 1886 1803 1936 Β

166 1996 291 2059 quo!
318 2007 526 2049 nonest
552 1996 750 2049 bellum
782 1997 1133 2066 rejiciendum
1156 1990 1259 2064 es',
1285 2002 1411 2055 illud
1443 2018 1570 2056 sane
1593 2020 1697 2071 quo
1720 2006 1732 2057 l

168 2087 357 2139 bonum
387 2098 495 2151 est,
528 2090 684 2155 plane
719 2100 773 2143 ut
816 2092 1182 2145 constituatur
1234 2094 1517 2156 convenit;
1571 2111 1735 2161 nega-

166 2180 231 2229 tio
268 2178 417 2230 enim
468 2180 513 2233 si
575 2180 707 2234 falsa
761 2182 848 2242 sit.
904 2166 1315 2237 allirmationem
1373 2201 1493 2239 esse
1547 2202 1729 2239 veram

168 2285 445 2325 necessum
473 2284 553 2325 est
584 2291 596 2335 ;
640 2281 766 2325 sunt
798 2274 941 2326 enim
986 2275 1073 2328 illa
1105 2277 1205 2329 sibi
1249 2277 1389 2330 inter
1432 2293 1489 2331 se
1524 2264 1735 2331 exilia-

166 2372 327 2415 metro
374 2364 624 2430 Opposita
671 2382 685 2416 :
748 2363 965 2418 Furiam
1025 2368 1127 2433 ipsi
1182 2369 1507 2435 adjutorinm
1560 2370 1732 2437 qualis

164 2450 259 2516 ipse
287 2465 385 2505 est.
424 2453 605 2521 Nuper
637 2456 848 2509 dicebat
882 2457 1020 2511 Deus
1049 2475 1065 2511 :
1092 2458 1379 2515 Faciamus
1431 2462 1688 2515 hominem
1716 2479 1729 2527 ;

165 2544 239 2596 hic
270 2562 398 2598 vero
435 2548 565 2599 dicit
604 2566 617 2600 :
656 2547 903 2603 Faciam.
940 2547 1203 2604 Nimirum
1241 2552 1368 2604 illud
1422 2553 1578 2605 nobis
1608 2567 1730 2604 ora-

164 2636 331 2689 culum
395 2654 629 2690 munero
702 2640 893 2706 plurali
965 2640 1143 2709 prodit
1192 2652 1302 2695 tres
1357 2654 1732 2696 sacrosanctus

164 2744 447 2794 personas,
483 2732 585 2783 boc
636 2746 784 2795 vero,
840 2733 1123 2800 singulari,
1178 2750 1341 2787 unam
1390 2736 1729 2787 essentiam:

164 2829 292 2871 utex
332 2821 419 2872 bis
448 2822 661 2875 duobus
696 2823 931 2876 orarulis
968 2825 1357 2893 intelligamus,
1380 2824 1579 2889 ,Dcum
1612 2839 1732 2897 esse

163 2924 315 2962 uitam
348 2913 677 2974 essentiam,
709 2922 760 2964 et
796 2922 903 2967 tres
962 2927 1242 2981 personas.
1282 2914 1361 2967 Ad
1414 2914 1536 2977 hoc,
1569 2929 1729 2981 supra

164 3002 222 3055 de
278 3004 613 3057 formatione
666 3005 854 3058 Adami
924 3000 1399 3074 ageusldicebat:
1446 3006 1729 3059 Faciamus

159 3096 411 3148 hominem
442 3098 511 3148 ad
544 3098 825 3164 imaginem
856 3112 1115 3180 nostram,
1147 3114 1253 3168 quo
1285 3100 1609 3167 significaret
1637 3116 1730 3168 per

162 3186 374 3237 verbum
409 3187 624 3237 numeri
665 3188 906 3253 pluralis,
941 3189 1391 3249 consultationem
1434 3190 1721 3257 qnatndain
1752 3222 1794 3280 ς

155 3276 727 3345 deliberationemque,
769 3278 928 3346 idque
989 3280 1053 3331 ad
1090 3280 1228 3347 ejus,
1262 3281 1351 3348 qui
1408 3278 1725 3335 forma’n'lus

155 3380 279 3422 erat.
321 3370 642 3437 dignitatem
681 3374 980 3438 spectabat.
1014 3382 1071 3423 ut
1115 3372 1205 3439 qui
1262 3388 1366 3424 non
1410 3374 1731 3426 conderetur

158 3460 356 3525 absque
427 3461 597 3514 verbo
637 3472 690 3514 ct
762 3464 993 3515 consilio
1059 3464 1553 3532 deliberationequc
1614 3466 1727 3529 Dei;

155 3560 332 3603 contra
360 3561 417 3604 at
440 3570 530 3618 μιν
555 3555 738 3606 bestia:
768 3554 991 3607 rationis
1020 3556 1265 3622 expertes
1285 3573 1404 3624 quae
1436 3558 1551 3610 solo
1578 3557 1727 3631 iussu

154 3643 472 3695 exstiterunt
512 3663 523 3695 :
561 3645 645 3698 hic
685 3661 829 3709 vero,
860 3647 947 3697 u'i
983 3648 1048 3698 de
1082 3648 1356 3699 formanda
1395 3648 1501 3700 Eva
1534 3659 1728 3702 tracta-

154 3742 249 3795 tur,
277 3738 387 3787 ait:
427 3733 667 3787 Faciam.
698 3737 756 3786 Et
792 3738 903 3790 hac
924 3738 1211 3800 variantia,
1241 3741 1546 3806 complures
1570 3741 1728 3794 liabet

153 3825 409 3877 rationes.
440 3824 623 3877 Primo
647 3827 790 3897 enim
820 3827 1077 3882 ostendit.
1129 3844 1289 3880 unam
1322 3832 1325 3837 ⁴
1351 3844 1471 3882 esse
1517 3831 1612 3882 viri
1641 3830 1729 3892 fe-

154 3917 417 3985 minmqne
468 3927 752 3979 naturam;
806 3918 999 3971 deinde
1048 3904 1139 3970 Dei
1194 3919 1432 3971 studium
1469 3919 1728 3974 advctsus

153 4008 414 4060 Adamnm
490 4016 541 4059 et
596 4007 759 4060 Evam
794 4009 1026 4076 explicat
1059 4009 1293 4073 clarius;
1329 4010 1394 4067 ad
1442 4010 1563 4071 hoc,
1600 4026 1725 4077 pro-

155 4097 225 4148 dit
255 4095 381 4149 Eva:
412 4096 787 4150 conditionem
835 4096 1056 4150 minimc
1092 4114 1549 4165 supervacaneam
1584 4116 1721 4154 esse.

152 4184 372 4256 Insuper
408 4188 570 4240 docet
612 4186 727 4257 Deo
768 4202 871 4240 non
911 4188 1123 4240 tandem
1159 4188 1546 4267 aliquando‘iu
1577 4206 1725 4242 tuen-

151 4287 247 4330 tem
311 4283 539 4332 venisse
591 4279 658 4331 de
707 4278 1101 4331 conformanda
1157 4278 1289 4341 Eva,
1342 4281 1431 4334 sed
1497 4281 1548 4333 in
1610 4280 1759 4350 ipso'

151 4373 327 4421 statim
365 4370 529 4421 initio
575 4368 951 4441 siniul‘atque
1006 4368 1273 4421 Adamuin
1321 4369 1595 4423 conderet.
1665 4371 1726 4423 lit

151 4456 255 4510 haec
302 4459 533 4525 quidem
595 4474 754 4511 sensa
800 4473 868 4527 ex
918 4460 1103 4520 verbo,
1164 4456 1407 4517 Fat-iam.
1444 4475 1722 4514 commcn-

1845 625 1959 693 ipsa
2005 626 2271 694 adjuvat:
2325 642 2445 679 nam
2499 639 2557 680 ut
2616 626 2814 681 Paulus
2849 627 3188 682 aitzCliristi
3242 630 3406 694 salus,

1844 726 1889 766 et
1921 717 2045 768 riris
2099 728 2146 769 et
2180 717 2388 784 feminis
2429 733 2491 769 ea:
2542 734 2688 787 (equo
2723 728 2797 771 est
2831 722 3116 773 communis
3149 721 3213 773 θ’.
3246 721 3398 785 Quod

1844 820 2005 872 porro
2054 807 2232 859 addit:
2269 807 2458 871 Qualis
2494 808 2597 873 ipse
2620 818 2717 870 est,
2769 808 2989 875 perinde
3037 817 3115 861 est
3151 825 3211 860 ac
3245 812 3294 862 si
3328 810 3411 860 di-

1843 902 1950 954 cat,
2011 908 2128 959 qua:
2210 896 2396 946 eadem
2454 904 2655 946 natura:
2722 895 3034 948 conditione
3108 912 3226 947 cum
3294 900 3408 949 viro

1844 988 2064 1051 praedita
2104 984 2207 1049 ‘sil,
2275 1002 2377 1037 non
2430 994 2609 1037 autem
2668 1002 2785 1053 qua:
2836 997 2895 1040 ut
2966 986 3135 1039 bestia
3192 989 3269 1039 vel
3317 989 3405 1055 ju-

1842 1088 2102 1139 rnentum,
2143 1070 2359 1142 Operam
2407 1078 2477 1129 illi
2538 1086 2773 1143 praestet,
2808 1093 2925 1145 qua:
2960 1078 3190 1130 lmmaua
3224 1090 3407 1130 carent

1840 1168 2037 1220 indole.
2100 1167 2694 1240 Prsetereamarilatem
2743 1154 2973 1236 'quoque
3032 1181 3259 1232 natura-,
3320 1171 3404 1223 illa

1838 1261 2024 1323 verba,
2082 1269 2136 1314 et
2169 1262 2683 1329 consimilitudinem
2722 1263 2791 1315 ‘in
2834 1273 3061 1330 utroque
3111 1280 3239 1315 St‘..\'l|
3314 1280 3406 1315 os-

1837 1351 2081 1414 tendunt,
2128 1333 2197 1404 ita
2228 1362 2313 1405 ‘ut
2343 1355 2609 1415 neutrius,
2667 1340 2756 1408 vel
2805 1356 3146 1423 praestantior
3178 1356 3254 1407 vel
3307 1358 3394 1408 de-

1835 1443 2031 1497 sertior
2107 1444 2403 1497 existimari
2468 1447 2681 1499 debeat.
2734 1446 2970 1513 Denique
3036 1462 3157 1499 cum
3232 1447 3402 1499 tribus

1838 1534 1945 1585 fere
2012 1534 2209 1597 modis,
2254 1551 2345 1589 eos
2400 1537 2492 1604 qui
2570 1539 2708 1589 alios
2758 1538 3018 1602 adjuvant
3073 1537 3403 1603 distingui-re

1834 1624 2105 1679 soleamus
2152 1629 2269 1691 (aut
2320 1629 2462 1680 enim
2519 1624 2869 1695 major-opem
2906 1628 3008 1680 fert
3061 1629 3277 1690 minori,
3310 1639 3402 1682 aut

1836 1718 2009 1770 minor
2047 1718 2303 1787 majorem
2339 1720 2510 1787 juvat,
2544 1732 2633 1774 aut
2684 1723 2907 1788 aequalis
2934 1722 3129 1790 aequali
3180 1736 3398 1788 operam

1833 1811 2140 1863 commodat
2184 1827 2199 1873 ;
2244 1808 2392 1863 verbi
2446 1814 2638 1879 gratia,
2699 1813 2967 1866 interdum
3030 1829 3121 1866 rex
3169 1814 3402 1881 opitula-

1838 1909 1923 1952 tur
1958 1899 2179 1954 bumilis
2215 1888 2542 1954 conditionis
2579 1899 2719 1966 viro,
2777 1910 2829 1953 et
2868 1902 3029 1954 etiam
3063 1902 3151 1955 ubi
3194 1916 3401 1979 pauper

1837 1993 2078 2046 subsidio
2136 1976 2219 2046 est
2273 1991 2447 2055 diviti,
2512 2008 2651 2059 Sfle
2732 2008 2950 2060 quoque
3018 1993 3098 2045 vir
3149 1993 3401 2060 princeps

1837 2084 2062 2153 principi
2113 2085 2249 2148 viro,
2301 2094 2393 2137 aut
2446 2084 2685 2150 plebeius
2748 2085 2954 2151 plebeio
2987 2084 3264 2151 suppetias
3313 2101 3403 2135 ve.-

1837 2176 1933 2239 nit)
1968 2184 2223 2251 “pessum
2276 2177 2451 2228 addita
2489 2176 2666 2265 videri-
2702 2176 2859 2228 verba
2898 2175 2984 2227 illa
3022 2188 3035 2227 :
3074 2176 3262 2239 Qualis
3295 2176 3402 2236 ipse

1835 2276 1930 2329 est,
1973 2259 2045 2319 ut'
2084 2269 2347 2334 a‘qualem
2380 2268 2570 2336 a-qnali
2609 2259 2807 2319 auxilio
2836 2282 2953 2320 esse.
3015 2266 3399 2333 intelligamus,

1837 2357 1962 2409 dum
2009 2358 2113 2411 Eva
2167 2357 2432 2410 Adatnum
2484 2358 2726 2423 adjuvat.
2780 2358 2931 2421 Quod
2980 2374 3022 2411 ει
3088 2374 3216 2411 vero
3278 2358 3401 2425 quis

1836 2450 2075 2517 objiciat,
2127 2450 2292 2502 Evam
2339 2448 2546 2501 Adamo
2596 2449 2714 2517 plus
2780 2450 3154 2516 anguSIiarum
3237 2465 3399 2517 quam

1836 2543 1952 2610 opis
2001 2542 2293 2595 attulisse:
2333 2543 2379 2593 ei
2417 2542 2888 2609 respondebimus,
2928 2544 3137 2611 culpam
3177 2545 3293 2607 ejus
3322 2543 3395 2596 rei

1834 2648 1939 2685 non
1969 2618 2019 2685 in
2068 2632 2189 2684 Eva:
2219 2626 2788 2704 conditorenrDeum,
2820 2634 2908 2685 sed
2944 2635 2994 2685 in
3030 2638 3197 2701 ipsam
3236 2636 3399 2685 Evam

1836 2737 1957 2776 esse
2032 2724 2437 2777 eonlereudam.
2483 2725 2635 2777 Sicut
2686 2724 3149 2802 liiltlie.v\'itlenitis
3206 2725 3402 2777 multas

1835 2815 2065 2868 feminas
2098 2817 2249 2870 triste
2299 2818 2431 2876 viris
2468 2804 2584 2869 suis
2626 2818 2979 2870 'COIlnllltlum
3010 2818 3267 2882 reddere;
3307 2820 3399 2872 sed

1834 2908 1881 2959 il
1962 2908 2173 2959 illarum
2251 2908 2487 2975 ipsarum
2553 2910 2682 2985 vitio
2737 2912 2873 2972 [ιρι-ι’,
2924 2920 3038 2961 ‘non
3093 2922 3271 2962 autem
3315 2911 3399 2978 ip-

1832 3016 2012 3065 sarum
2043 3000 2217 3068 opilici
2254 3001 2359 3053 Deo
2392 3001 2489 3053 hoc
2539 3002 2753 3053 crimini
2792 3018 2948 3070 posse
2995 3005 3149 3054 verti.
3187 3002 3317 3055 Nam
3349 3014 3401 3058 ct

1832 3108 2022 3145 manus
2061 3103 2255 3145 nostrae
2298 3108 2361 3144 eo
2408 3094 2609 3146 (Uecta:
2642 3107 2787 3155 sunt,
2820 3107 2875 3147 ut
2909 3111 3027 3163 qua:
3069 3096 3232 3161 proba
3276 3105 3401 3149 sunt

1833 3197 1892 3231 ea
1928 3189 2107 3245 agant.
2133 3181 2241 3245 jam
2297 3181 2340 3232 si
2386 3182 2515 3248 ipsis
2565 3184 2629 3259 ad
2664 3187 2951 3257 patranda
2991 3186 3129 3237 mala
3161 3196 3398 3252 utamur,

1833 3273 1933 3331 ert
1964 3286 2106 3345 sane;
2134 3281 2314 3337 nostra
2364 3288 2424 3324 ea
2466 3256 2645 3339 culpa,
2684 3291 2787 3325 non
2831 3277 3134 3329 conditoris
3186 3278 3395 3331 illarum

1832 3361 1921 3413 lini
1967 3356 1983 3413 2‘
2013 3370 2065 3413 ιι
2102 3363 2289 3417 oculos
2334 3354 2549 3416 nostros
2598 3366 2850 3418 formavit
2893 3366 3033 3421 Deus
3068 3379 3124 3419 nt
3158 3372 3404 3423 viderent

1832 3470 1951 3521 qua:
1991 3463 2133 3506 recta
2170 3463 2296 3507 sunt
2338 3464 2472 3508 teste
2524 3454 2742 3518 Davide,
2794 3459 2835 3510 si
2878 3469 3053 3511 tamen
3101 3460 3164 3511 ad
3196 3478 3255 3514 ea
3282 3479 3399 3530 qua:

1832 3554 2040 3614 impura
2077 3556 2201 3599 sunt
2234 3548 2377 3615 ipsos
2401 3548 2764 3613 intendamus,
2799 3551 2920 3617 quis
2946 3550 2996 3603 id
3021 3551 3259 3605 ellectori
3295 3555 3400 3607 Deo

1830 3653 1891 3690 ac
1921 3653 2023 3688 non
2074 3628 2257 3705 potius
2304 3647 2503 3691 nostra:
2556 3640 2836 3692 \itiositati
2868 3642 3143 3693 ascribat?
3189 3644 3253 3694 Et
3284 3644 3400 3711 [or-

1830 3738 2060 3781 macerat
2092 3728 2343 3781 Dominus
2369 3729 2503 3782 Dens
2534 3747 2559 3782 ε
2586 3743 2721 3782 terra
2742 3747 2939 3784 onmem
2976 3734 3234 3785 volucrem
3262 3735 3396 3788 cali.

1830 3818 1947 3871 Non
1990 3819 2098 3886 jam
2132 3818 2395 3873 formasse
2430 3820 2594 3873 Deum
2633 3822 2769 3875 alios
2801 3823 3127 3884 animantes,
3158 3826 3399 3894 aliasque

1770 3902 1776 3919 ’
1832 3912 2081 3962 volucres
2112 3918 2231 3977 post
2258 3911 2566 3976 superiores
2614 3912 2869 3975 allirutut,
2916 3914 3007 3966 sed
3040 3914 3105 3967 de
3132 3914 3240 3967 illis
3268 3915 3398 3981 ipsis

1832 4017 2051 4070 prorsus
2084 4002 2167 4054 llic
2210 4003 2407 4071 agitur,
2454 4012 2615 4071 atqu:
2652 4004 2717 4055 ad
2752 4004 2939 4057 eadem
3004 4005 3213 4069 ellecta,
3263 4008 3399 4059 reit

1820 4095 2018 4163 oratio,
2085 4094 2228 4161 quod
2291 4094 2409 4147 ideo
2438 4095 2529 4159 sit,
2585 4105 2642 4147 ut
2702 4095 3065 4162 intelligamus
3119 4098 3391 4150 Adatnuut

1829 4186 2004 4238 solum
2044 4188 2343 4260 ct'absqne
2404 4185 2526 4236 ullo.
2576 4186 2847 4251 adjutorio
2901 4188 3042 4254 quod
3097 4190 3396 4243 consimilis

1829 4285 1974 4351 esset
2019 4291 2139 4328 cum
2200 4275 2316 4342 ipso
2370 4283 2596 4336 natum,
2664 4276 2949 4327 formatum
2986 4276 3156 4342 primo
3206 4277 3394 4344 fuisse,

1828 4383 1950 4419 cum
1986 4366 2190 4446 bestisr,
2214 4366 2484 4433 jumenta,
2514 4381 2640 4419 aves
2682 4369 2896 4434 gemino
2930 4385 3055 4421 sexu
3084 4371 3241 4422 simul
3262 4386 3394 4423 ton-

1829 4459 1935 4508 dita
1991 4466 2191 4511 essent.
2245 4456 2512 4510 Ceterum
2561 4456 2826 4510 forutanli
2882 4461 3103 4512 Verbum
3150 4461 3238 4513 hic
3289 4479 3392 4515 non

150 4551 301 4603 tando
332 4550 542 4603 elicere
599 4564 908 4615 possumus.
954 4548 1118 4601 Porro
1172 4565 1294 4602 cum
1335 4551 1589 4618 adjutorii
1630 4567 1721 4603 vo-
1756 4562 1806 4618 D
1836 4550 1904 4599 ita
1942 4549 2311 4614 accipiendum
2350 4560 2431 4601 cst
2463 4551 2617 4617 quasi
2672 4568 2732 4603 ex
2770 4563 2909 4604 terra
2956 4555 3061 4605 sint
3092 4568 3396 4622 coagmenta

150 4640 396 4693 cabulutn
457 4638 623 4691 variis
670 4651 959 4707 usurpetur
997 4640 1192 4701 modis,
1255 4640 1384 4692 illud
1444 4642 1727 4708 qua-ritur,

150 4745 246 4797 qua
298 4731 351 4782 in
424 4744 486 4781 re
527 4729 782 4796 adjuvare
841 4730 1087 4782 debuerit
1124 4716 1230 4783 Eva
1284 4732 1583 4795 Adamnm;
1630 4733 1730 4784 hoc

151 4832 225 4877 est
282 4822 496 4876 femina
545 4822 742 4873 virum.
779 4822 1079 4875 Statuituus
1123 4818 1303 4875 autem
1354 4822 1403 4873 in
1460 4822 1724 4889 plurimis.

152 4914 322 4968 Primo
371 4917 428 4968 in
507 4915 853 4981 procreandis
932 4914 1140 4976 liberis,
1222 4916 1489 4975 bucest,
1574 4924 1727 4973 utero

150 5008 447 5073 gestandis.
495 5005 759 5057 Praeterea
798 5005 849 5057 in
909 4983 1186 5058 edncanila
1245 4980 1394 5073 priile
1447 5015 1726 5071 prognata.

149 5098 369 5167 Insuper
411 5111 477 5152 ut
534 5099 598 5149 ad
636 5097 816 5147 virunr
850 5104 1057 5164 spectat
1112 5112 1174 5148 ea
1225 5097 1599 5164 quibusepus
1651 5106 1734 5147 est

150 5191 394 5259 colligere
422 5198 875 5254 eouiportat'eque
920 5178 1139 5238 aliunde
1178 5187 1436 5248 domum,
1472 5188 1540 5237 ita
1582 5182 1744 5238 fetui-'

152 5301 223 5337 na:
279 5294 386 5345 est,
425 5280 578 5335 domi
612 5279 794 5331 omnia
850 5280 1331 5347 ordinarehatque
1376 5289 1430 5331 ut
1460 5280 1509 5330 in
1546 5281 1759 5345 prom-'

151 5388 234 5443 ptu
281 5379 396 5429 sint
440 5377 735 5441 diSponere
795 5360 1301 5447 administrareqtie.
1363 5373 1582 5434 Adluec,
1644 5372 1722 5425 le-

152 5468 286 5521 tnioa
342 5480 405 5520 ut
454 5468 511 5519 in
550 5466 686 5518 lil‘llS
741 5466 811 5516 ita
868 5475 922 5517 et
983 5464 1034 5516 in
1068 5463 1310 5517 adversis
1365 5464 1596 5517 ferendis
1631 5480 1723 5516 so-

153 5559 279 5611 ciam
321 5576 383 5613 se
419 5559 544 5610 viro
580 5567 858 5625 praestare,
912 5572 1126 5624 unaque
1182 5570 1345 5610 onera
1378 5556 1557 5610 oniuia
1590 5556 1724 5609 sub-

152 5647 220 5703 itc
261 5652 445 5704 debet.
496 5648 740 5717 Denique
789 5658 841 5702 et
896 5648 947 5701 in
1018 5648 1331 5715 reverenda,
1392 5648 1723 5707 colendoque

217 5827 258 5859 ³³
289 5826 472 5877 ιιςιιιιι.
518 5840 596 5884 ιιι.
650 5824 739 5875 23.

1840 4649 1943 4691 tata
1978 4639 2296 4702 animantia,
2335 4640 2480 4702 ft‘l'tl‘,
2538 4658 2698 4707 aves;
2743 4645 2852 4695 ba‘c
2892 4644 3043 4696 cniur
3088 4647 3198 4713 ipsa
3272 4663 3394 4714 pro-

1835 4733 1987 4807 duxit
2035 4722 2244 4804 natura.
2282 4736 2429 4787 .s'cut
2460 4746 2509 4787 et
2558 4737 2765 4803 reptilia
2821 4731 3153 4809 progenitore
3216 4754 3393 4807 aquai,

1836 4812 1892 4876 ut
1952 4835 2074 4877 ante
2102 4806 2181 4878 est
2236 4840 2263 4877 a
2318 4826 2461 4879 Mose
2515 4828 2716 4880 dictum
2740 4822 2786 4899 ,θ
2817 4828 2910 4881 sed
2970 4806 3090 4882 ideo
3128 4830 3395 4884 formandi

1833 4917 1946 4968 sive
2000 4918 2229 4985 liugeadi
2279 4918 2440 4969 verbo
2477 4907 2999 4987 utitur/Scriptura,
3044 4930 3101 4974 ut
3159 4923 3397 4976 sciamus

1835 5002 1958 5059 non“
2002 5010 2169 5061 solam
2216 5018 2412 5097 terraiq
2460 5010 2574 5093 illa‘
2602 5012 2992 5078 procreavisse,
3036 5016 3179 5080 quod
3226 5014 3395 5069 Musis

1834 5100 1989 5151 verba
2029 5119 2040 5152 :
2085 5100 2347 5152 Prodttcat
2383 5112 2523 5155 terra
2570 5105 2802 5155 animam
2838 5106 3391 5174 virentem,jnmcntu,

1831 5201 1877 5242 ct
1907 5180 2307 5257 reptilia,"cte.,
2349 5173 2695 5267 ‘vidcliantur
2739 5211 2934 5247 sonare
2962 5213 2977 5261 ;
3012 5198 3103 5249 sed
3135 5214 3197 5250 ex
3242 5208 3399 5249 terra:

1799 5275 1987 5333 'simul
2020 5292 2079 5333 .et
2122 5257 2381 5348 aquarum
2421 5285 2645 5352 coagulo
2695 5293 2851 5336 enata
2884 5302 3024 5351 esse,
3050 5299 3141 5338 aut
3168 5303 3229 5338 ex
3262 5302 3398 5354 qua-

1829 5383 1951 5424 tuor
2004 5373 2181 5440 potius
2212 5374 2514 5426 elenu’ntis.
2560 5377 2694 5428 Nam
2732 5394 2793 5430 ex
2833 5379 2937 5440 bis,
2988 5389 3045 5429 nt
3078 5379 3293 5441 Adami,
3325 5380 3395 5430 ita

1826 5464 2139 5514 cazterorum
2175 5477 2391 5531 quoque
2437 5465 2819 5526 animantium,
2878 5468 3137 5527 ferarum,
3188 5467 3391 5529 miunt,

1828 5556 2095 5622 reptilium
2132 5571 2357 5621 corpora
2395 5567 2521 5609 sunt
2560 5559 2857 5626 composita
2898 5575 2913 5621 ;
2946 5559 3039 5612 sed
3079 5558 3221 5612 illius
3253 5574 3393 5609 cor-

1828 5659 1947 5713 pus,
2002 5644 2089 5698 Dei
2144 5632 2315 5713 ipsius
2355 5656 2437 5701 cst
2486 5650 2738 5703 manibus
2783 5648 3156 5715 informatum,
3198 5651 3389 5702 borum
