4202 6430
760 421 865 482 53)

2017 421 2244 478 310515
2292 420 2438 477 ΒΑΗ
2486 418 2735 478 CEPHA

3904 414 4017 477 ξιιῦ

764 551 893 589 vero
938 549 1162 603 corpora
1216 551 1324 588 non
1373 535 1645 595 manibus,
1706 534 1799 588 sed
1852 536 1970 589 solo
2031 539 2188 601 jussu
2246 536 2553 596 DeiAnon
2610 535 2800 589 Adanii
2835 543 3014 589 autem
3066 534 3276 606 lingua,
3314 536 3738 605 nominibusque
3770 534 3837 590 ab
3896 537 4019 604 ipso

762 630 1102 680 coaluerunt.
1159 626 1224 680 Et
1271 628 1423 680 duxit
1484 645 1545 681 ea
1592 628 1661 679 ad
1699 628 1982 679 Adamum.
2040 626 2194 680 Unde
2246 627 2344 681 ad-

764 724 921 774 duxit
955 720 1119 781 feras,
1162 720 1428 788 junteuta,
1464 737 1610 781 aves,
1645 720 1710 772 ad
1745 720 2048 772 Adamuni?
2085 721 2338 772 nimirum

764 832 791 861 υ
830 812 1127 873 montibus,
1209 812 1617 873 solitudinibus,
1673 812 1899 879 aliisque
1954 811 2084 864 locis
2144 812 2342 880 passim

765 906 1015 968 collecta,
1071 905 1189 959 Snio
1223 914 1356 957 nutu
1393 920 1492 958 suo
1528 906 1591 957 ad
1627 905 1892 957 Adamum
1948 914 2077 972 egit,
2108 907 2240 957 sicut
2276 904 2344 957 ad

764 992 875 1049 Noe
931 1013 1149 1066 quoque
1189 998 1375 1050 diluvii
1448 1008 1711 1065 tempore.
1781 994 1914 1049 Nam
1984 1005 2042 1049 ut
2096 997 2202 1061 hic,
2274 997 2343 1048 ita

766 1088 983 1141 volente
1016 1089 1139 1149 Deo,
1188 1088 1318 1140 nihil
1365 1088 1464 1142 sibi
1510 1090 1576 1142 ab
1623 1090 1835 1141 illorum
1878 1089 2096 1142 feritate
2142 1100 2346 1141 metue-

774 1178 883 1243 lat,
937 1179 1007 1230 ita
1053 1195 1231 1248 neque
1278 1182 1539 1241 Adamus,
1590 1197 1653 1233 eo
1692 1183 1836 1249 quod
1886 1182 2061 1234 adhuc
2114 1197 2217 1233 non
2253 1181 2347 1234 de-

769 1268 1018 1335 liquisset
1077 1275 1336 1324 adversus
1374 1271 1465 1323 Dei
1512 1272 1828 1324 mandatum
1860 1290 1871 1323 :
1902 1272 2012 1324 imo
2072 1288 2197 1323 vero
2228 1272 2344 1340 ipsa

770 1361 1035 1412 Adamqu
1070 1363 1472 1424 rt'Vt‘l't‘ilallllll',
1520 1366 1892 1431 PIIVCiialtlillle
1925 1380 1987 1416 ae
2048 1368 2347 1416 tremebant

774 1451 839 1501 ad
872 1453 1043 1517 ipsius
1079 1464 1451 1519 Conspectum.
1513 1454 1612 1507 Sed
1660 1465 1709 1506 et
1763 1457 1863 1507 ltoe
1910 1455 2345 1507 animadverten-

773 1540 903 1591 dum
947 1551 1050 1601 est,
1083 1540 1168 1593 ltic
1204 1560 1428 1609 prorsus
1476 1552 1635 1611 atque
1685 1546 1905 1596 omnino
1952 1546 2066 1597 ttl'ei
2091 1554 2198 1597 tum
2228 1535 2343 1596 dari

773 1629 917 1695 quod
951 1640 1076 1681 ante
1118 1633 1327 1683 dixerat
1372 1632 1511 1686 Dens
1543 1634 1605 1685 ad
1639 1635 1884 1688 |;o.‘.'.in“s

768 1721 996 1784 piscibus
1054 1725 1214 1775 nimis
1268 1736 1313 1777 et
1383 1727 1675 1778 vct'ucrilms
1734 1727 1870 1789 celi,

771 1813 937 1862 manli
970 1823 1140 1865 lt'ri'w.
1192 1813 1255 1865 tt
1292 1830 1484 1868 rursus
1522 1832 1535 1867 :

1927 1653 1942 1687 :
1988 1635 2345 1685 Damiuamini

1927 1726 2172 1795 omnique
2225 1730 2345 1779 ani-

1588 1816 1717 1867 ,ηοω
1747 1817 1944 1868 numini
1969 1818 2199 1883 piscibus
2230 1833 2343 1867 ina—

774 1904 872 1965 ris,
906 1915 1011 1957 etc.
1052 1904 1204 1967 Quod
1230 1916 1404 1958 autem
1428 1908 1514 1959 illa
1544 1908 1606 1960 ad
1640 1909 1930 1971 Adnuntia,
1970 1925 2073 1960 non
2104 1908 2345 1961 Adainus
2379 1884 2417 1939 Β

774 1998 836 2047 a.l
887 1997 974 2047 illa
1004 1996 1241 2060 ducitur,
1281 1999 1670 2066 auipl‘fit-aivdte
1705 2001 1983 2069 dignitatis
2029 2016 2192 2053 causa
2248 2000 2347 2067 ﬁt;

772 2090 928 2154 quasi
979 2106 1067 2143 res
1109 2106 1369 2157 possesse
1418 2098 1809 2145 tiaizstcraniur
1847 2094 1913 2147 ad
1955 2108 2346 2161 pUS'.ESSOrClll,

773 2190 869 2232 aut
920 2185 1186 2249 mancipia
1247 2188 1513 2237 ducantur
1549 2185 1611 2237 rd
1663 2186 1949 2238 Dominum
1996 2203 2006 2237 :
2050 2185 2351 2238 ostenditur

775 2276 943 2337 enim,
969 2272 1053 2324 illa
1095 2275 1411 2341 obsequium
1446 2276 1643 2328 debere
1675 2278 1903 2337 Adamn,
1938 2278 2164 2345 ejusque
2186 2293 2349 2331 causa

772 2380 895 2417 esse
943 2365 1183 2419 condita.
1226 2365 1291 2418 Ut
1324 2368 1517 2419 inierat
1551 2369 1738 2437 qniLus
1785 2368 1882 2420 illa
1920 2371 2207 2437 appcliarct
2254 2388 2349 2423 nu-

774 2456 1026 2511 minibus.
1063 2454 1179 2509 Non
1211 2457 1325 2512 litae
1358 2474 1421 2510 ec
1461 2460 1730 2522 :‘iccntur,
1764 2461 1917 2528 quasi
1961 2463 2096 2515 Deus
2134 2461 2349 2514 illorum

777 2552 993 2603 nomina
1022 2566 1085 2602 ex
1129 2550 1336 2604 Adamo
1372 2552 1582 2603 'liseors
1634 2569 1681 2619 0!
1707 2566 1767 2603 tr:
1806 2551 2072 2614 babueait,
2107 2558 2198 2605 sed
2233 2553 2354 2604 vul-

782 2640 897 2707 gari
949 2641 1227 2692 hominum
1262 2655 1409 2693 more
1454 2641 1692 2710 loquitur
1748 2641 1949 2703 illoscs;
1985 2644 2183 2710 quippe
2216 2643 2356 2695 sole-

784 2748 904 2785 mus
939 2749 1058 2801 qua:
1095 2733 1293 2798 a!ioqui
1332 2734 1486 2783 nobs
1526 2734 1688 2785 etiam
1736 2735 2172 2800 perspectissima
2203 2743 2352 2799 sunt,

776 2836 841 2874 ca
882 2831 1062 2873 tamen
1109 2836 1409 2889 proponere
1465 2822 1585 2875 aliis
1628 2830 1686 2873 et.
1746 2824 1984 2889 ipsarem
2028 2822 2353 2874 sententiam

785 2926 1003 2980 quoque
1045 2911 1111 2965 de
1144 2912 1248 2965 iIlis
1297 2913 1579 2965 audiamus
1628 2930 1640 2965 :
1703 2912 1842 2964 licus
1893 2913 2036 2964 enin.
2094 2912 2159 2964 ab
2210 2906 2355 2964 muni

779 2998 1078 3051 atteruitate
1130 3011 1323 3052 cuncta
1370 3003 1517 3053 novit
1588 3004 1897 3069 ῃιίιιδηιιειιιι
1948 3002 2233 3054 existant.
2290 3001 2356 3053 Et

776 3088 1138 3156 quodcunque
1167 3089 1503 3154 appellitrerit
1542 3091 1776 3141 ﬁdamus
1826 3091 2055 3141 animum
2087 3093 2356 3156 ridentem,

776 3182 832 3232 id
874 3183 974 3233 erit
1010 3184 1107 3247 ipsi
1142 3199 1349 3235 nomen.
1381 3184 1513 3234 (lum
1550 3183 1701 3243 uicit,
1750 3186 2109 3248 c;.p..'lu.cri.',
2170 3194 2353 3237 osten-

780 3274 856 3325 dit
892 3273 1109 3326 noniiia
1142 3275 1245 3327 illis
1268 3288 1388 3327 esse
1430 3275 1495 3325 ab
1544 3273 1751 3326 Auamo
1782 3274 1967 3325 indita.
2012 3276 2143 3325 llam
2196 3290 2355 3341 porro

780 3367 930 3419 addit
978 3370 1223 3418 Animam
1255 3368 1525 3427 riventem,
1577 3366 1752 3434 arguit
1795 3382 1854 3416 ca
1890 3366 2046 3417 modo
2076 3366 2123 3417 id
2155 3375 2358 3433 tempo-

785 3462 857 3512 ris
892 3461 956 3511 ad
1005 3459 1273 3511 Adainrm
1308 3460 1568 3526 producta
1595 3473 1740 3520 esse,
1772 3474 1894 3525 qute
1930 3459 2146 3510 animali
2175 3459 2355 3510 anima

784 3561 865 3615 (ut
906 3552 983 3603 sic
1026 3552 1227 3618 dicam)
1266 3550 1416 3603 fuere
1443 3552 1685 3618 prmditu.
1738 3550 1979 3618 Denique
2021 3566 2143 3603 cum
2177 3550 2307 3603 dicit
2343 3564 2358 3602 :

782 3642 848 3695 Id
876 3643 973 3695 erit
1000 3644 1098 3709 ipsi
1130 3659 1333 3702 nomen,
1367 3642 1724 3706 demonstrat,
1758 3656 1820 3694 ea
1869 3643 2203 3708 sirgufcrum
2237 3657 2357 3696 esse

786 3734 1003 3789 nomina
1046 3749 1166 3801 qute
1196 3735 1325 3802 ipsis
1353 3734 1562 3786 suntab
1592 3733 1801 3785 Adamo
1835 3734 2030 3800 posita.
2062 3732 2359 3786 Conﬁcitur

787 3830 990 3896 itaque,
1022 3829 1220 3896 pisi-cs,
1264 3826 1497 3895 rrptilir‘,
1542 3826 1783 3889 arbores,
1833 3825 2062 3886 St‘ttiilta,
2107 3825 2357 3890 virgulta,

787 3920 1001 3973 herbas.
1041 3929 1339 3987 ca-teraquc
1389 3933 1449 3971 ex
1496 3927 1646 3970 terra
1681 3916 1981 3977 nasmitia,
2013 3926 2064 3967 et
2102 3932 2185 3967 res
2223 3929 2358 3981 prie-

783 4019 934 4063 terea
974 4012 1106 4063 alias
1154 4012 1455 4070 inanimas,
1491 4025 1596 4061 non
1626 4010 1723 4060 hoc
1755 4010 1871 4059 loco
1905 4023 2078 4073 neque
2116 4007 2212 4058 liae
2247 4008 2360 4059 rice

784 4106 1003 4158 nomina
1033 4120 1127 4156 sua
1151 4104 1216 4156 ab
1253 4103 1459 4155 Adnue
1489 4102 1783 4167 accepisse,
1816 4100 1907 4152 sed
1945 4101 2048 4152 alio
2084 4110 2199 4167 post
2224 4109 2353 4152 tem.

788 4208 937 4261 pore,
969 4194 1306 4262 nequeenim
1339 4193 1427 4245 illa
1451 4193 1630 4244 tunnia
1667 4201 1889 4260 potuere
1916 4208 2018 4242 una
2053 4206 2172 4243 cum
2206 4192 2359 4254 fetis,

781 4289 1067 4356 jtititeiiti<,
1114 4288 1429 4339 \‘0illt‘l‘iilils
1465 4286 1528 4339 ad
1584 4287 1848 4339 Adamum
1899 4285 2131 4345 adduci,
2196 4292 2361 4350 atque

788 4382 900 4431 ιιςυυ
956 4380 1127 4446 prima
1158 4388 1237 4431 est
1268 4380 1329 4429 de
1370 4377 1474 4429 illis
1515 4377 1693 4429 verbis
1734 4376 2016 4428 doctorqu
2067 4377 2369 4437 sententia.

780 4469 1050 4524 Caeterum
1087 4470 1174 4519 alii
1209 4469 1285 4521 sie
1316 4470 1650 4532 existimant,
1697 4469 1836 4519 dicta
1896 4466 1984 4519 illa
2040 4466 2207 4519 Musis
2253 4481 2358 4519 non

2449 626 2590 678 datis
2624 626 2699 678 uti
2724 640 2752 678 ’τ
2787 627 2929 679 unde
2954 626 3258 688 coniicitur,
3294 626 3380 678 illa
3423 624 3590 679 Mosis
3637 625 3798 679 verba
3830 629 4021 679 antim-

2446 718 2656 784 perium
2690 716 2836 785 quod
2868 717 2997 771 Adae
3047 716 3271 785 ejusque
3297 716 3598 785 posteritati
3637 716 3688 767 in
3732 714 3893 774 feras,
3926 715 4020 783 ju-

2447 815 2648 867 incuta,
2684 805 2935 858 volucres
2970 820 2996 857 a
3029 804 3134 858 Deo
3159 819 3477 858 conoessum
3509 802 3705 865 fuerat,
3735 812 4017 868 spectare;

2448 908 2506 950 ut
2540 913 2637 965 pro
2666 897 2781 960 illo,
2814 898 3011 965 quibus
3042 896 3347 949 collibitum
3380 901 3526 949 esset
3586 893 3918 953 nominibus,
3954 907 4020 943 ea

2446 990 2710 1057 appellare
2743 998 2945 1057 posset.
2980 987 3074 1042 Est
3106 996 3160 1041 et
3189 987 3343 1040 tertia
3380 985 3646 1039 sententia
3688 985 4019 1051 eorum.qui

2446 1081 2605 1132 verba
2642 1080 2730 1132 illa
2778 1079 3021 1133 referunt
3067 1079 3132 1132 ad
3174 1078 3348 1147 ipsam
3401 1077 3664 1130 rationem
3724 1091 3829 1144 qua
3872 1073 4022 1127 Deus

2448 1173 2740 1224 bumanum
2772 1186 2941 1240 genus
2972 1171 3227 1231 ornavit;
3262 1183 3324 1223 ea
3369 1172 3513 1223 enim
3546 1169 3674 1221 dum
3711 1168 3871 1218 homo
3906 1165 4023 1219 uti-

2444 1273 2531 1315 tur
2585 1263 2866 1331 appositis,
2904 1271 2958 1316 et
3004 1261 3166 1324 feras,
3195 1271 3249 1314 et
3280 1261 3525 1314 volucres
3554 1268 3887 1323 caeterasque
3927 1272 4021 1309 res

2444 1366 2677 1416 eieatas,
2737 1353 3049 1406 nominibus
3089 1353 3360 1423 appellare
3408 1358 3625 1419 potest:
3664 1348 3729 1401 Et
3762 1350 4021 1415 imposuit

2444 1447 2615 1497 Adam
2641 1449 2850 1498 nomina
2880 1446 3022 1497 omni
3049 1444 3289 1508 animali,
3315 1454 3361 1497 et
3396 1445 3537 1495 omni
3568 1442 3767 1495 volucri
3810 1441 3949 1501 caeli,
3972 1449 4024 1491 et

2446 1540 2588 1590 enini
2626 1537 2800 1589 bestia:
2830 1539 2963 1603 agri.
3020 1536 3250 1601 Quidam
3293 1546 3479 1606 putant
3537 1534 3825 1596 Adamuin,
3885 1548 4025 1585 voce

2444 1644 2564 1696 qua}
2596 1644 2757 1680 sensti
2802 1628 3004 1696 percipi
3058 1626 3347 1694 audirique
3407 1634 3588 1693 posset
3629 1626 3976 1694 pronuntiata
4008 1663 4024 1685 ,

2445 1721 2671 1786 singulis
2690 1720 3045 1773 animantium
3074 1718 3355 1787 speciebus
3389 1720 3778 1784 volucrumque
3800 1718 4022 1769 nomina

2451 1812 2735 1873 indidisse,
2773 1827 2893 1864 cum
2926 1811 3157 1864 editiore
3190 1810 3616 1864 colliculoterrte
3641 1825 3737 1877 pro
3765 1810 4027 1878 paradiso

2452 1904 2771 1957 insidentem
2807 1911 3144 1972 augustaque
3161 1904 3417 1956 amictum
3446 1902 3726 1970 majestate
3755 1912 3808 1953 et
3840 1902 4029 1968 splen-

2450 1997 2583 2049 dore
2606 2012 2765 2065 quem
2802 1996 2986 2048 babitu
3015 2010 3125 2063 pra!
3152 2010 3209 2048 se
3238 1992 3465 2057 ferebat,
3485 1994 3683 2048 etsolis
3706 1994 3889 2045 radios
3922 2007 4021 2043 su-

2452 2097 2731 2154 perantem
2778 2102 2792 2149 ;
2846 2085 2935 2136 illa
2972 2084 3265 2139 submissis
3303 2083 3572 2150 capitibus
3620 2097 3809 2149 prona,
3849 2095 4029 2147 neque

2452 2193 2560 2246 prie
2593 2176 2760 2228 nimio
2782 2175 2976 2227 decore
3006 2188 3114 2241 quo
3137 2173 3227 2226 ille
3258 2171 3595 2240 Splendebat,
3622 2170 3819 2222 intueri
3843 2169 4026 2235 ipsum

2452 2267 2727 2322 audientis
2794 2266 3110 2334 singulatim
3173 2263 3534 2332 praeterirent,
3584 2262 3806 2329 suisque
3838 2262 3906 2313 ab
3936 2261 4030 2313 illo

2452 2360 2857 2429 appellarentur
2907 2373 2971 2412 ex
3028 2356 3216 2411 ordine
3278 2354 3585 2409 nominibus
3644 2356 3789 2423 (nam
3849 2369 4031 2422 neque

2455 2451 2710 2504 Israelita:
2741 2451 3034 2518 quiverunt
3086 2447 3249 2501 Mosis
3275 2448 3481 2499 vultum
3523 2445 3795 2515 inspicere
3823 2446 3892 2497 ob
3921 2445 4031 2496 iul-

2454 2558 2637 2612 ειη-θαι
2667 2557 2774 2610 quo
2798 2539 3100 2592 collucebat
3142 2539 3188 2570 ⁸³
3225 2552 3402 2606 neque
3448 2552 3546 2590 uos
3598 2537 3839 2591 valemus
3895 2524 4032 2589 ocu-

2456 2638 2630 2688 lorum
2662 2634 2830 2688 aciem
2852 2631 3130 2685 intendere
3150 2631 3201 2683 in
3234 2630 3401 2683 solem
3430 2638 3649 2696 propter
3672 2628 4031 2692 resplendens

2450 2725 2616 2794 jubar
2648 2738 2756 2793 quo
2784 2720 3155 2777 circumdatus
3172 2720 3470 2787 est)veluti
3504 2720 3650 2771 verbi
3685 2719 3880 2786 gratia,
3902 2733 4029 2771 cum

2454 2824 2671 2868 taurum
2751 2814 2841 2867 ille
2900 2815 3121 2867 nomine
3175 2814 3361 2876 cieret,
3419 2812 3604 2865 audito
3655 2814 3875 2865 nomine
3930 2827 4033 2863 suo

2455 2918 2646 2963 laurus
2681 2909 2947 2962 transibat
2983 2921 3169 2959 coram
3206 2906 3316 2970 illo,
3346 2905 3526 2972 capite
3555 2905 3818 2964 demisso,
3852 2916 4033 2967 neque

2457 3000 2666 3053 obtueri
2698 3000 2873 3067 ipsum
2909 3009 3099 3066 potens
3136 3014 3150 3050 :
3187 2997 3440 3049 similiter
3472 2995 3791 3048 nominatim
3825 2995 4033 3047 citatus

2456 3108 2630 3158 equus
2686 3091 3017 3161 agnosci-bat
3072 3105 3293 3153 nomen,
3354 3088 3766 3156 prmteribatque
3822 3086 4032 3154 dejecta

2459 3184 2689 3245 cervice,
2712 3198 2885 3251 neque
2909 3182 3097 3234 Adami
3134 3191 3482 3248 conspectuin
3522 3180 3832 3231 sustinens:
3870 3188 4037 3243 atque

2461 3276 2532 3327 ita
2561 3276 2627 3327 de
2660 3287 2968 3342 nuncupato
3000 3275 3177 3335 asino,
3200 3274 3431 3341 aliisque
3458 3270 3686 3340 singulis
3712 3270 4035 3324 animalium

2460 3379 2514 3423 et
2546 3369 2846 3422 besdarum
2878 3368 3269 3433 volucrumque
3296 3365 3603 3435 speciebus.
3639 3364 3741 3417 Sed
3769 3364 3914 3417 dicet
3936 3366 4039 3417 ali-

2461 3462 2583 3529 quis
2610 3478 2623 3513 :
2652 3460 2803 3513 Unde
2852 3459 3117 3512 didicerat
3141 3459 3405 3519 Adamus,
3441 3472 3549 3526 quo
3576 3472 3744 3527 genus
3779 3454 4043 3524 quodque

2463 3552 2683 3605 nomine
2723 3560 2867 3605 esset
2898 3552 3224 3605 vocandum.
3261 3550 3340 3603 Ad
3399 3550 3500 3603 lioe
3534 3547 3881 3617 respondent.
3912 3550 4043 3617 qui-

2462 3643 2563 3697 bus
2592 3643 2705 3697 lttnc
2737 3642 3113 3710 interpretatio
3141 3642 3317 3709 placet
3353 3637 3587 3707 Spiritus
3632 3640 3802 3692 sancti
3837 3637 4041 3692 fretum

2462 3736 2659 3805 gratia,
2695 3735 2985 3800 instinctu,
3024 3743 3186 3801 atque
3233 3732 3518 3786 ellicieutia
3559 3749 3572 3795 ;
3614 3732 3762 3783 illum
3798 3734 4047 3800 propriis

2460 3827 2760 3895 appellasse
2787 3842 3016 3895 qumque
3040 3826 3319 3879 vocabulis
3346 3842 3358 3877 :
3390 3826 3589 3893 quippe
3621 3823 3767 3875 sicut
3801 3824 4045 3891 apostoli

2463 3921 2681 3988 impulsi
2721 3930 2847 3974 sunt
2881 3919 2946 3973 ad
2983 3917 3315 3986 loquendum
3352 3918 3472 3971 aliis
3515 3918 3737 3983 linguis,
3790 3932 3889 3985 pro
3974 3931 4046 3970 eo

2461 4030 2523 4065 at:
2562 4012 2799 4080 Spiritus
2828 4020 3049 4064 sanctus
3080 4011 3406 4079 suggerebat
3430 4010 3563 4076 ipsis
3589 4018 3646 4061 ut
3682 4010 4050 4075 loquerentur

2462 4104 2561 4164 ⁸³⁸,
2585 4105 2655 4155 ita
2694 4103 2856 4155 etiam
2913 4102 3176 4153 Adamum
3208 4102 3274 4153 ab
3303 4100 3544 4166 ejusdem
3599 4101 3770 4153 sancti
3806 4100 4052 4167 Spiritus

2462 4194 2797 4262 benignitate
2845 4192 3278 4260 eiﬁcacitatequc
3309 4192 3588 4259 accepisse
3643 4203 3694 4243 et
3751 4192 4046 4245 scientiam

2461 4295 2515 4340 et
2548 4301 2729 4339 vocem
2763 4296 2815 4338 et
2845 4287 3172 4347 orationem,
3231 4293 3393 4352 atque
3425 4285 3496 4337 ita
3560 4284 3790 4352 singulis
3824 4286 4052 4336 anima-

2465 4378 2593 4430 liqu
2634 4377 2923 4440 generibus
2955 4391 3051 4430 sua
3091 4375 3406 4429 attribuisse
3456 4377 3697 4427 nomina.
3740 4374 3912 4428 Porro
3950 4377 4053 4430 iis-

2465 4472 2584 4523 dem
2618 4470 2719 4523 illis
2752 4470 2819 4523 ab
2856 4471 3062 4522 Adamo
3121 4468 3313 4536 positis
3367 4469 3680 4521 nominibus
3715 4483 3867 4521 usam
3924 4483 4053 4523 esse

783 4574 849 4612 eo
889 4571 1133 4628 Spectare
1178 4559 1331 4627 quasi
1398 4558 1641 4612 Adamus
1687 4559 1903 4611 nomina
1977 4557 2256 4623 iumentis,
2290 4561 2369 4611 ie-
2400 4576 2443 4631 ι)
2473 4564 2780 4616 universam
2838 4561 3114 4613 hominum
3171 4561 3539 4629 posteritatem
3597 4575 3769 4627 usque
3799 4560 3862 4611 ad
3910 4560 4053 4613 illud

786 4653 881 4713 ris,
927 4651 1234 4704 volucribus
1283 4652 1544 4718 posuerit,
1595 4650 1686 4704 sed
1725 4652 1789 4703 ad
1824 4651 2104 4717 imperium
2148 4649 2361 4712 Adaini,

783 4746 928 4812 quod
984 4745 1030 4797 ei
1099 4759 1160 4796 ea
1197 4744 1361 4796 simul
1417 4743 1669 4796 universo
1709 4744 1890 4811 generi
1936 4742 2170 4793 luunano
2201 4741 2363 4792 inilla

782 4841 963 4891 datum
1016 4849 1118 4900 est,
1178 4840 1463 4907 pertinere.
1518 4836 1647 4890 Nam
1685 4851 1847 4904 penes
1874 4851 2017 4904 quos
2052 4846 2136 4887 est
2175 4849 2355 4886 rerum

784 4931 1137 5000 quarumdam
1162 4929 1488 4990 dominium,
1521 4930 1555 4982 ii
1592 4930 1791 4998 quibus
1828 4932 2015 4983 volunt
2050 4928 2360 4981 nominibus

786 5031 1246 5086 reseasccusent,
1328 5021 1471 5076 sicut
1546 5037 1800 5091 possesor
1878 5038 1937 5074 ca
2006 5036 2128 5089 qua:
2215 5036 2343 5087 pos—

786 5114 941 5167 sidet.
1009 5114 1145 5179 Quid
1204 5116 1345 5169 enim
1403 5117 1599 5183 alioqui
1691 5114 2002 5185 profuisset,
2074 5114 2348 5181 inquiunt,

786 5207 925 5259 banc
988 5218 1082 5259 aut
1142 5208 1287 5260 illam
1364 5208 1586 5261 bestiam
1683 5208 2022 5259 volucremve
2096 5205 2198 5256 lioe
2265 5202 2350 5255 vel

785 5301 877 5353 illo
940 5301 1159 5352 noniue
1214 5317 1581 5365 nuncupasse,
1673 5301 1811 5364 quil
1879 5314 2075 5349 unnen
2172 5311 2347 5362 neque

787 5394 915 5460 ipsa:
956 5408 1252 5460 agnosecre
1283 5394 1606 5462 quivisscm,
1667 5408 1839 5460 neque
1880 5407 1943 5444 eo
1972 5390 2169 5443 smeulo
2207 5391 2351 5441 ullus

788 5484 1102 5562 mortalium
1155 5483 1223 5537 ab
1283 5484 1487 5537 Adanio
1522 5483 1774 5537 discere?
1815 5483 1892 5534 Ad
1957 5481 2058 5534 lioc
2108 5480 2353 5533 Videmus

788 5576 1031 5647 singulas
1067 5585 1253 5646 gentes
1312 5591 1411 5629 sua
1476 5591 1696 5646 quaque
1766 5576 1948 5642 lingua
1996 5587 2358 5641 sermoneque

784 5684 853 5724 ac
888 5670 1163 5727 vocabulis
1181 5672 1435 5740 propriis,
1456 5671 1759 5725 animantes
1788 5685 2022 5738 avesque
2049 5669 2354 5731 nominare;

858 5849 902 5879 “‘
950 5850 1120 5905 Exod.
1181 5868 1361 5917 aut»,
1411 5852 1498 5907 ‘l‘J.
1578 5853 1651 5881 ⁸³³⁸
1720 5850 1835 5905 Act.
1876 5866 1933 5915 ll,
2011 5851 2054 5901 l.

2468 4666 2684 4723 tempus
2713 4668 2821 4719 quo
2849 4660 2974 4707 sunt
3003 4651 3245 4705 confusa:
3278 4650 3472 4721 lingua:
3500 4669 3512 4704 :
3538 4660 3590 4704 et
3619 4651 3759 4703 sicut
3782 4651 3869 4704 ille
3889 4650 4054 4704 femi-

2469 4763 2591 4799 nam
2630 4748 2855 4798 vocabat
2896 4744 3201 4801 ntuliercm,
3258 4752 3311 4795 et
3342 4744 3526 4808 Evatn,
3564 4743 3635 4794 ita
3667 4757 3857 4795 omnes
3901 4743 4053 4797 illius

2464 4834 2647 4889 su'culi
2669 4834 2897 4887 feminas
2932 4834 2995 4885 ad
3018 4832 3275 4886 confusas
3307 4832 3519 4902 linguas
3549 4847 3723 4901 usque
3749 4833 4052 4901 appellatas

2460 4944 2581 4982 esse
2613 4928 2888 4985 mulieres,
2909 4936 2963 4978 et
3007 4925 3185 4989 Evas;
3237 4925 3455 4992 quando
3484 4925 3649 4977 etiam
3688 4924 3849 4977 bodie
3880 4925 4048 4979 mulli

2462 5018 2769 5071 mortalium
2802 5017 3113 5069 iisutuntur
3143 5017 3445 5078 vocabulis,
3481 5032 3603 5084 qua:
3642 5027 3769 5071 sunt
3804 5018 3871 5069 ab
3896 5019 4053 5070 Ada-

2462 5125 2549 5161 nio
2579 5113 2793 5175 priniun
2831 5106 3063 5174 prodita.
3105 5110 3171 5157 At
3224 5106 3314 5159 alii
3344 5106 3722 5173 interpretum,
3769 5116 3823 5158 ut
3868 5122 4055 5174 nuper

2460 5210 2739 5254 ostensum
2774 5215 2799 5251 a
2834 5198 2988 5251 nobis
3020 5207 3123 5257 est,
3156 5197 3338 5249 dicere
3380 5198 3608 5258 malunt,
3647 5196 3827 5249 Mosen
3865 5197 4052 5265 signi-

2458 5295 2621 5345 ﬁcare
2655 5292 2761 5343 illis
2792 5291 2994 5352 verbis,
3028 5291 3311 5358 imperium
3341 5289 3549 5341 Adamo
3589 5288 3815 5356 ejusque
3851 5302 4049 5357 poste-

2456 5384 2599 5439 ritati
2627 5398 2971 5437 concessum.
3007 5398 3104 5449 pro
3128 5397 3234 5449 quo
3268 5383 3485 5434 nomina
3505 5381 3877 5434 animantibus
3902 5396 4051 5435 cuu-

2458 5479 2560 5532 ctis
2626 5477 2901 5542 rebusque
2949 5475 3071 5527 aliis
3128 5474 3403 5542 imponere
3459 5476 3690 5541 possint.
3748 5473 3852 5525 Aiii
3912 5489 4052 5527 vero

2460 5571 2797 5632 existimant,
2833 5571 2944 5622 lure
2999 5567 3063 5620 ad
3098 5567 3267 5635 ipsam
3299 5566 3561 5620 rationem
3591 5574 3871 5635 spectare,
3937 5582 4052 5632 qua

2461 5664 2644 5721 donati
2684 5664 2751 5717 ab
2780 5661 2972 5731 opiticc
3019 5658 3127 5715 Deo
3171 5660 3442 5727 homines,
3476 5658 3591 5713 suis
3658 5674 3743 5713 res
3794 5672 4052 5728 quasque
