4202 6430
788 412 892 477 523

2058 404 2284 463 MOSJS
2324 402 2473 460 ΒΑΗ
2512 403 2755 463 ΟΕΡΠᾹ

3913 410 4020 473 ιιι

785 531 1129 582 οιν-ιηιιιηιιιι,
1162 530 1219 573 ιιι
1247 528 1340 572 attt
1384 516 1592 571 doloris
1622 531 1783 569 St'IISll
1817 514 2001 582 aliquo
2037 514 2347 567 aflieeretur
2378 518 2419 571 Α
2454 509 2661 577 Tertia,
2702 522 2760 566 ut
2810 513 3046 568 arctiore
3101 516 3499 586 constringeret
3547 533 3730 575 amore
3763 521 3939 575 virum
3971 535 4031 578 et

789 615 838 665 in
888 609 1181 664 auferenda
1225 617 1407 668 costa;
1438 615 1531 659 aut
1564 606 1731 658 nullo.
1768 602 1886 656 Jam
1921 617 2048 658 vero
2068 604 2111 657 si
2145 602 2352 656 doluis-

785 712 866 757 set
897 742 910 761 .
972 702 1154 755 odium
1219 699 1479 753 adversus
1512 696 1796 765 conjugem
1834 712 1987 750 suam
2034 694 2196 747 liram
2226 710 2352 748 con-

787 794 1016 860 cepisset
1051 810 1063 844 :
1105 792 1189 843 sin
1253 790 1398 842 nullo
1438 798 1613 843 tactus
1669 787 1862 841 fuisset
1899 788 2108 841 dolore.
2170 787 2355 839 existi-

788 894 990 936 masset
1033 882 1220 933 falsam
1255 882 1514 933 duntaxat
1553 878 1996 946 imaginationem
2040 875 2209 929 fuisse
2233 891 2353 929 eam

786 986 905 1035 quze
937 972 1002 1023 de
1042 971 1166 1024 Eva:
1202 968 1510 1023 conditione
1560 984 1662 1022 suo
1716 968 1903 1021 animo
1940 968 2352 1033 obversabatur,

788 1078 961 1129 neque
997 1064 1169 1130 reipsa
1199 1070 1254 1115 et
1286 1077 1410 1115 vere
1441 1062 1741 1115 accedissc.
1775 1060 1971 1112 lmbuit
2003 1061 2167 1128 igitur
2201 1061 2353 1113 illum

790 1169 981 1205 somno
1031 1152 1169 1205 Deus
1197 1167 1262 1205 ne
1303 1151 1433 1221 quid
1468 1152 1675 1204 doloris
1733 1150 1962 1203 sentiret
1985 1150 2112 1202 dum
2140 1159 2346 1203 costam

789 1246 1059 1298 amitteret
1093 1262 1107 1297 :
1170 1260 1464 1313 rursusque
1494 1242 1671 1297 effecit
1712 1252 1770 1296 ut
1795 1243 2105 1296 intellectus
2131 1244 2214 1296 sui
2250 1257 2356 1295 mo-

789 1348 867 1397 tu.
910 1350 1117 1392 costam
1164 1338 1264 1392 sibi
1299 1338 1487 1398 adimi.
1514 1339 1680 1405 inque
1725 1336 1889 1390 Evam
1924 1336 2237 1390 roncinnari
2277 1336 2355 1389 vi-

788 1429 970 1481 derit:
1015 1444 1123 1496 quo
1158 1444 1219 1481 ea
1260 1444 1347 1483 res
1396 1429 1568 1496 ipsius
1608 1430 1791 1481 animo
1820 1429 2083 1496 impressa
2146 1429 2357 1496 fixaque

787 1520 1000 1587 penitus
1032 1530 1209 1573 mente
1235 1522 1480 1583 lueret-et,
1517 1535 1687 1587 neque
1710 1518 1842 1572 falsa
1879 1520 1951 1572 rei
2008 1520 2186 1587 imago
2211 1520 2359 1571 exis-

790 1613 1105 1674 timaretur;
1140 1612 1251 1665 haec
1284 1626 1410 1664 vero
1456 1612 1622 1663 animi
1670 1610 2022 1679 intelligentia
2067 1620 2228 1678 atque
2262 1626 2357 1663 no-

789 1704 863 1755 tio
919 1718 982 1755 cx
1032 1702 1212 1755 divina
1282 1713 1367 1754 est
1421 1713 1538 1753 orta
1578 1701 1927 1766 revelatione,
1986 1711 2039 1754 et
2073 1702 2355 1755 instinctu.

787 1794 955 1863 lgitttr
980 1811 1082 1848 non
1113 1796 1412 1849 naturalem
1447 1810 1697 1848 somnum
1729 1803 1783 1847 et
1812 1796 2069 1848 usitatum
2093 1795 2359 1847 illumim-

788 1886 939 1939 misit
982 1887 1187 1938 Adamn
1248 1886 1411 1948 Deus,
1442 1901 1548 1954 quo
1578 1884 1825 1939 effectum
1890 1894 1973 1938 est
2033 1898 2098 1936 nc
2134 1886 2361 1938 sentiret

787 1976 1050 2040 dolorem,
1085 1994 1335 2046 :egreque
1375 1979 1597 2031 haberet
1630 1978 1756 2031 dum
1805 1977 1906 2030 sibi
1979 1988 2126 2030 costa
2180 1978 2361 2031 deme-

789 2078 940 2122 retur
975 2089 987 2124 :
1026 2086 1086 2123 ex
1144 2086 1252 2139 quo
1288 2072 1472 2123 dolore
1517 2070 1749 2123 subinde
1788 2071 1838 2121 in
1895 2070 2210 2122 memoriam
2254 2071 2357 2123 sibi

790 2170 1126 2223 recnrreute,
1184 2159 1358 2213 hostis
1402 2162 1663 2212 adversus
1722 2176 1838 2212 eam
1905 2159 2184 2212 mulierem
2245 2160 2357 2213 fieri

791 2249 1082 2317 potuisset,
1126 2265 1245 2317 quae
1292 2250 1358 2302 ab
1396 2253 1512 2317 ipso
1564 2248 1673 2302 Deo
1698 2262 1812 2302 erat
1864 2239 2234 2313 conformata,
2266 2250 2358 2303 sed

789 2357 851 2391 ea
930 2342 1101 2409 ipsum
1156 2344 1356 2408 quiete,
1408 2341 1521 2394 sive
1564 2344 1763 2395 cxstaei
1837 2341 2097 2406 devinxit,
2157 2344 2208 2395 in
2255 2357 2359 2410 qua

791 2432 933 2485 scire
973 2444 1156 2500 possot
1181 2442 1342 2502 atque
1370 2434 1689 2502 intelligere,
1712 2433 1838 2485 illttd
1875 2448 1984 2486 rem
2020 2434 2191 2501 ipsam
2218 2448 2360 2494 esse,

792 2526 933 2592 quod
992 2527 1043 2577 in
1102 2541 1182 2586 se,
1234 2536 1287 2579 et
1328 2526 1533 2579 circum
1579 2542 1636 2579 se
1688 2526 1947 2593 agebatur
1987 2542 2015 2577 a
2050 2525 2177 2587 Deo,
2214 2526 2361 2579 nullo

796 2626 973 2672 tamen
1002 2619 1216 2670 interim
1244 2620 1444 2672 doloris
1481 2634 1642 2672 sensu
1679 2630 1873 2671 laetus.
1933 2620 2007 2671 Ad
2043 2620 2153 2671 lure
2187 2620 2359 2671 scicn-

793 2707 923 2759 dum
985 2716 1092 2767 est,
1144 2706 1288 2774 quod
1342 2708 1640 2776 prOphelis,
1686 2723 1808 2758 cum
1866 2706 2241 2757 itubtterentur
2276 2706 2359 2759 tli—

792 2800 933 2853 vinis
968 2800 1385 2853 revelationibns
1412 2800 1646 2853 dabatur
1688 2800 1847 2852 sin.ul
1887 2801 2082 2851 mentis
2115 2811 2362 2853 contem-

793 2890 991 2959 plativa
1044 2892 1126 2944 vis
1168 2891 1436 2960 quanlam,
1470 2907 1574 2957 qua
1612 2908 1796 2944 sacras
1829 2894 1948 2945 illas
2003 2896 2362 2949 revelationes

795 2982 1369 3051 pmitnsintuerentur
1386 2992 1549 3051 atque
1572 2983 1935 3050 exp-riderent
1958 3002 1969 3036 :
1991 3000 2094 3053 qua
2121 2996 2366 3040 contem-

794 3077 1049 3145 plationis
1068 3077 1116 3128 vi
1146 3078 1345 3145 alioqui
1383 3094 1488 3129 non
1523 3091 1737 3143 semper
1776 3077 1865 3129 sed
1905 3079 2021 3129 solo
2065 3079 2362 3133 illiusmodi

2459 601 2738 669 feminam,
2767 618 2831 656 eo
2871 606 3013 672 quod
3049 604 3162 660 hinc
3190 622 3253 659 ex
3297 608 3388 661 illo
3430 619 3573 661 esset
3621 618 3761 662 orta.
3795 608 4030 675 Quarta,

2463 704 2520 746 ut
2569 694 2815 747 effectum
2848 696 3161 750 redderetur
3188 700 3332 766 quod
3364 697 3543 755 Moses
3592 702 3657 752 de
3719 701 3926 755 Adamn
3951 705 4036 756 di-

2458 784 2577 838 cit:
2617 782 2914 836 Masculnm
2966 794 3015 837 et
3052 786 3303 853 feminam
3357 790 3550 840 creavit
3604 792 3763 855 ipsos.
3827 790 4032 855 Quinta

2457 876 2693 945 denique
2723 894 2789 931 ne
2831 878 3028 932 femina
3056 882 3444 949 principatum
3475 880 3770 943 aﬂt'claret.
3802 884 3893 951 qui
3928 886 4030 937 viri

2458 977 2564 1021 est.
2598 968 2776 1032 Qtneri
2816 985 2977 1037 porro
3012 981 3211 1040 potest,
3244 988 3341 1025 cur
3389 972 3525 1027 Deus
3556 973 3721 1027 Evam
3747 991 3852 1028 non
3881 990 4037 1029 suin-

2459 1063 2626 1129 pserit
2650 1078 2712 1115 ex
2748 1071 2898 1130 parte
2932 1066 3178 1133 corporis
3208 1066 3395 1118 Adami
3451 1070 3743 1129 anteriore.
3772 1078 3867 1122 aut
3907 1071 4033 1122 infi-

2460 1168 2567 1214 ma,
2604 1164 2696 1208 aut
2723 1156 3041 1223 posteriore,
3081 1168 3174 1210 aut
3224 1159 3457 1226 denique
3488 1175 3763 1228 suprema,
3815 1162 3908 1215 sed
3961 1180 4030 1217 ex

2462 1244 2639 1298 medio
2671 1261 2918 1313 corpore.
2982 1246 3225 1301 Dicimus
3257 1264 3385 1301 vero
3426 1266 3489 1303 cx
3544 1254 3812 1306 anteriore
3879 1265 4038 1321 parte

2460 1345 2731 1403 acceptam
2768 1352 2873 1390 non
2896 1353 3037 1399 esse,
3071 1354 3135 1391 ne
3160 1340 3317 1391 vellet
3342 1341 3513 1406 patior
3534 1341 3713 1393 haberi
3748 1344 4039 1411 virumque

2460 1427 2686 1495 imperio
2721 1442 3005 1495 premere;
3041 1445 3215 1497 neque
3272 1446 3462 1483 rursus
3501 1446 3564 1483 ex
3615 1434 3933 1499 posteriore,
3968 1449 4038 1486 ne

2462 1519 2577 1570 viro
2608 1528 2748 1571 esset
2785 1520 3119 1577 contemptui
3150 1536 3162 1571 :
3195 1536 3257 1573 ex
3296 1522 3473 1588 Capite
3501 1537 3625 1573 vero
3656 1524 3887 1575 ablatam
3924 1542 4035 1580 non

2460 1623 2601 1671 esse,
2633 1623 2699 1661 ne
2734 1609 2933 1676 primas
2967 1623 3086 1676 qure
3110 1609 3223 1662 viro
3254 1611 3522 1665 debentur
3555 1612 3749 1665 femina
3774 1616 3875 1667 sibi
3913 1618 4042 1668 vin-

2462 1698 2703 1761 dicaret;
2738 1712 2782 1751 et
2824 1715 2950 1752 vero
2986 1715 3161 1769 neque
3215 1717 3281 1755 ex
3341 1704 3529 1754 ultima
3589 1717 3735 1770 parte
3792 1710 4041 1774 corporis

2465 1790 2750 1843 formatam
2796 1807 2936 1853 esse,
2980 1808 3046 1844 ne
3082 1794 3161 1845 vir
3215 1794 3470 1846 feminam
3508 1796 3675 1848 multo
3714 1812 3771 1851 se
3812 1800 4039 1851 inferio-

2468 1899 2580 1935 rem
2614 1883 3067 1952 humilioremque
3099 1885 3433 1949 a'stimaret;
3470 1887 3560 1940 sed
3585 1902 3647 1941 ex
3684 1890 3857 1942 medio
3913 1906 4043 1943 cor-

2464 1986 2613 2039 pore,
2656 1981 2714 2024 ttt
2740 1974 2993 2025 mediocri
3020 1976 3158 2041 apud
3193 1974 3365 2027 virum
3396 1976 3704 2043 dignatione
3730 1979 4041 2036 haberetur.

2431 2088 2440 2099 ι
2465 2063 2610 2116 Solet
2646 2065 2868 2117 ulterius
2892 2064 2997 2117 bne
3029 2066 3187 2117 etiam
3216 2068 3402 2133 qmeri,
3430 2083 3526 2121 cur
3548 2070 3581 2122 e‘
3608 2071 3826 2125 sinistra
3860 2074 4046 2139 potius

2467 2156 2711 2223 corporis
2748 2166 2921 2224 parte,
2955 2172 3116 2223 quam
3148 2158 3334 2212 dextra
3369 2160 3439 2212 sit
3468 2160 3644 2213 ablata
3672 2179 3685 2223 ;
3722 2178 4045 2229 pOSsumus-

2462 2263 2571 2313 quo
2605 2251 2945 2316 respondere,
2978 2250 3096 2302 ideo
3123 2266 3153 2303 e
3184 2251 3370 2303 dextra
3408 2264 3558 2319 parte
3594 2266 3866 2323 sntttp'am
3928 2271 4035 2307 non

2464 2355 2586 2393 esse
2642 2355 2705 2392 ne
2734 2356 2859 2393 cum
2924 2343 3041 2393 viro
3097 2342 3332 2395 conferri
3381 2346 3695 2412 aequat-ique
3756 2362 3813 2399 se
3842 2348 4044 2406 vellet;

2465 2435 2598 2486 duas
2632 2448 2759 2486 vero
2808 2448 2928 2487 esse
2984 2434 3243 2497 rationes,
3305 2450 3401 2487 cur
3462 2450 3492 2489 e
3576 2437 3798 2489 sinistro
3882 2438 4046 2490 lar-re

2464 2528 2534 2579 sit
2594 2526 2823 2579 formata
2889 2544 2902 2578 :
2973 2528 3239 2589 alteram,
3298 2537 3355 2581 ιιι
3436 2529 3503 2580 sit
3555 2532 3670 2581 viro
3721 2530 4046 2595 olzsequiOsa

2462 2618 2687 2685 (jusque
2767 2618 2992 2686 imperio
3095 2620 3521 2685 obtemperans;
3634 2621 3897 2679 alteram.
3991 2629 4050 2672 nt

2463 2711 2665 2762 sciatur
2696 2710 2992 2764 inlirtnoris
3019 2727 3137 2763 eam
3200 2721 3402 2764 natura:
3429 2727 3566 2764 esse.
3598 2711 3727 2764 Nam
3761 2713 4049 2764 sinistrum

2463 2801 2604 2853 latus
2655 2801 2844 2853 dextro
2881 2801 3205 2855 imbecillius
3231 2813 3350 2866 est;
3392 2818 3566 2867 neque
3593 2804 3734 2855 enim
3788 2818 3911 2856 sese
3949 2820 4053 2871 po.

2467 2902 2569 2945 test
2627 2892 2833 2961 absque
2889 2893 3063 2962 dextri
3124 2895 3327 2947 auxilio
3384 2894 3689 2961 subrigere,
3749 2903 3808 2946 ιιι
3874 2910 4055 2962 neque

2469 2984 2666 3038 femina
2705 3000 2762 3038 se
2794 2986 3000 3055 absque
3060 2986 3173 3038 viro
3205 2996 3510 3040 sustentare
3560 2987 3716 3038 valet.
3804 2986 3869 3039 Et
3921 3004 4050 3039 vero

2470 3076 2754 3128 sinistrum
2787 3092 3012 3146 arguere
3044 3078 3494 3138 imbecillitatem,
3524 3080 3601 3130 vel
3656 3080 3765 3146 ipsa
3794 3080 4049 3132 animan-

796 3170 1187 3222 revelationutn
1224 3182 1463 3237 tempore
1489 3184 1642 3222 mens
1680 3171 1921 3236 ipsorum
1950 3172 2217 3224 illustrala
2252 3190 2362 3224 ma-
2396 3183 2440 3243 ρ
2476 3168 2606 3217 tium
2644 3178 2832 3220 natura
2861 3177 3123 3221 monstrat
3146 3184 3374 3236 quorum
3397 3169 3638 3221 omnium
3675 3170 3892 3221 sinistra
3926 3187 4047 3236 pars

795 3264 974 3318 nebat.
1011 3260 1357 3314 auferebatur
1385 3276 1513 3313 vero
1559 3276 1619 3313 ea
1672 3261 1739 3313 ab
1764 3261 1897 3329 ipsis
1936 3274 2053 3329 post
2085 3264 2368 3315 revelatio-

795 3368 891 3406 nes
940 3353 1031 3407 sed
1078 3364 1392 3407 remanente
1428 3354 1641 3407 interim
1678 3354 1779 3406 lixa
1812 3356 1863 3406 in
1897 3356 2135 3422 ipsorum
2168 3365 2367 3417 tuente,

795 3459 917 3497 vera
967 3446 1397 3513 contemplativa:
1428 3444 1569 3498 illius
1624 3445 1841 3499 virtutis
1894 3447 2175 3511 memoria,
2208 3448 2366 3499 eli-IIII

794 3548 1143 3606 posteaquam
1199 3539 1551 3591 evanuissent
1615 3538 1743 3605 ipsa:
1803 3539 2159 3593 revelationes
2209 3540 2369 3592 simul

794 3645 919 3682 eum
959 3632 1005 3681 vi
1043 3631 1127 3683 illa
1164 3631 1604 3699 contemplativa.
1647 3629 1720 3682 Ita
1749 3631 1893 3683 enim
1949 3632 2145 3684 accidit
2193 3632 2368 3684 Abra-

795 3721 942 3785 ham,
978 3724 1176 3775 cxstasi
1214 3732 1463 3788 correpto
1490 3723 1560 3784 9',
1605 3721 1800 3775 Elismo
1838 3723 2014 3775 visum
2061 3724 2261 3777 videnti
2295 3726 2362 3787 θ’,

798 3818 929 3867 item
971 3816 1125 3868 ls;viae
1168 3831 1290 3868 cunt
1341 3824 1590 3869 cerneret
1653 3815 1813 3867 Deum
1876 3816 2152 3868 Sedentem
2208 3832 2369 3883 super

796 3908 990 3961 solium
1030 3908 1111 3968 ⁹³;
1161 3918 1418 3977 ριίιειθιειι
1446 3908 1709 3961 Ezechieli
1744 3908 1972 3961 intuenti
2024 3908 2368 3963 Clu-rubith

796 3998 1040 4052 inveetos
1069 4000 1135 4060 ",
1170 3998 1406 4067 denique
1442 3999 1599 4052 Petro
1663 3999 2053 4067 contemplanti
2092 4003 2265 4053 velum
2300 4002 2365 4055 ³³⁸⁵.

796 4087 962 4158 Igitur
993 4090 1071 4143 sic
1108 4089 1348 4144 Adamus
1394 4106 1613 4159 quoque
1666 4090 1892 4144 allectus
1916 4103 2032 4145 erat
2056 4107 2179 4144 cum
2214 4092 2371 4161 quie-

798 4191 905 4233 tem
939 4182 1051 4235 sive
1096 4184 1353 4235 exstasim
1388 4184 1487 4250 ipsi
1543 4184 1857 4238 immisisset
1890 4183 2034 4237 Deus
2066 4201 2078 4237 :
2115 4186 2368 4253 apparuit

797 4273 941 4325 enim
981 4273 1030 4327 ei
1072 4274 1230 4336 Deus,
1264 4276 1498 4343 dataque
1545 4284 1626 4329 est
1686 4276 1787 4343 ipsi
1827 4276 1987 4329 simul
2021 4276 2104 4330 vis
2130 4292 2190 4328 ca
2216 4292 2366 4329 men-

798 4366 868 4419 tis
909 4368 1325 4435 contemplativa
1361 4384 1464 4435 qua
1514 4368 1769 4422 cernebat
1822 4369 1986 4422 eximi
2048 4385 2077 4422 c
2110 4385 2210 4423 suo
2243 4384 2368 4422 cor-

797 4468 930 4521 pm‘c
977 4466 1181 4507 cnsmm
1227 4464 1281 4507 et
1333 4455 1587 4508 feminam
1618 4454 1839 4506 formari
1876 4472 1889 4506 :
1920 4455 2013 4508 sed
2074 4464 2364 4523 postquam

2477 3258 2799 3311 imbecillior
2833 3267 2911 3312 est
2949 3275 3110 3327 quam
3164 3260 3373 3311 dextra.
3415 3259 3505 3311 list
3536 3260 3715 3326 itaque
3754 3261 3804 3311 in
3830 3260 4050 3312 feminis

2475 3359 2956 3419 temperamentum
2989 3352 3232 3418 corporis
3258 3350 3523 3417 frigidius,
3554 3350 3899 3411 imbecillius,
3926 3369 4057 3405 cru-

2475 3445 2619 3505 tiins,
2652 3442 2789 3494 utin
2824 3451 2975 3511 parte
3023 3442 3376 3495 anin‘tantiutn
3416 3443 3659 3494 sinistra.
3702 3442 3843 3505 Quin
3911 3444 4056 3495 inter

2474 3537 2618 3605 ipsos
2651 3536 2795 3589 viros
2826 3535 3063 3603 repetias
3088 3535 3247 3599 cujus
3268 3536 3514 3586 dextrum
3543 3535 3681 3585 latus
3702 3534 3764 3585 sit
3790 3534 4057 3595 eali-lum,

2475 3638 2834 3696 vegetamque
2864 3630 3143 3680 sinistrum
3179 3643 3326 3688 vero,
3362 3627 3613 3693 frigidum
3640 3642 3700 3678 ac
3735 3625 4057 3679 llaecidum.

2473 3720 2553 3775 Ad
2592 3721 2703 3772 haec
2744 3719 3018 3772 mastulus
3068 3719 3119 3770 in
3161 3718 3348 3772 dextro
3407 3718 3572 3770 latere
3606 3717 3940 3783 concipitur.
3977 3718 4058 3770 fa:-

2477 3812 2629 3865 mella
2684 3812 2734 3864 in
2799 3810 3041 3864 sinistro.
3098 3810 3161 3863 At
3206 3812 3346 3862 enim
3387 3826 3449 3863 ex
3510 3810 3624 3877 ipsa
3685 3810 4061 3864 imbecillitate

2473 3917 2634 3968 quam
2671 3903 2722 3953 in
2779 3916 2907 3955 sexu
2960 3900 3220 3953 feminino
3252 3900 3425 3966 palam
3460 3900 3753 3962 cernimus,
3789 3903 3929 3953 Satis
3962 3921 4060 3954 ar-

2473 4009 2635 4062 guere
2663 3993 2842 4055 lieeat,
2875 3993 3037 4043 liram
3072 4006 3101 4044 e
3145 3992 3368 4043 sinistro
3403 3990 3591 4043 Adatni
3629 3992 3813 4053 latere,
3861 4004 3921 4045 ιιι
3954 3996 4062 4046 tui-

2472 4100 2577 4137 ttus
2632 4084 2826 4145 valido,
2887 4098 3007 4135 esse
3085 4094 3383 4149 acceptam.
3444 4083 3613 4135 l’orro
3670 4100 3769 4136 cur
3826 4098 4043 4138 cus!ant

2472 4183 2523 4227 et
2559 4190 2664 4226 non
2726 4175 2887 4226 aliam
2946 4174 3192 4241 corporis
3231 4184 3437 4241 partem
3494 4173 3705 4225 Adamn
3759 4174 4064 4231 detraxerit

2473 4263 2637 4328 Deus,
2676 4279 2838 4333 quam
2871 4263 3223 4316 concinnaret
3261 4263 3312 4314 itt
3340 4262 3615 4323 feminam,
3649 4263 3914 4331 plurimas
3949 4266 4055 4316 ba-

2470 4356 2657 4408 bcmus
2689 4355 2926 4408 rationes
2957 4373 2970 4420 ;
3003 4371 3124 4407 nam
3162 4370 3282 4407 eum
3346 4356 3395 4406 in
3452 4367 3602 4407 costa
3649 4364 3702 4407 et
3737 4372 3961 4408 carnem
3997 4368 4054 4410 et

2471 4460 2616 4506 ossa,
2669 4454 2719 4496 cl
2762 4453 2979 4505 nervos,
3043 4455 3093 4496 et
3150 4444 3472 4511 sanguinem
3536 4445 3777 4496 invenire
3832 4447 3947 4508 sit;
3993 4465 4059 4499 ex

803 4546 1061 4599 abscessit
1135 4546 1201 4598 ab
1252 4546 1367 4614 ipso
1427 4546 1703 4605 revelatio,
1753 4557 1914 4614 atque
1972 4546 2147 4599 ablata
2203 4547 2370 4605 simul
2406 4537 2621 4606 Dipsa,
2654 4543 2712 4589 nt
2753 4535 2991 4603 perfecto
3030 4535 3391 4601 absolutoque
3430 4535 3699 4597 membro,
3755 4535 4059 4600 perfectam

797 4646 879 4688 est
923 4636 1116 4690 mentis
1162 4638 1245 4689 illa
1310 4637 1389 4690 vis
1439 4636 1882 4704 contemplativa,
1939 4637 2145 4688 mansit
2185 4647 2363 4689 tamen

800 4727 1155 4779 nihilominus
1197 4728 1346 4780 firma
1389 4730 1439 4781 in
1487 4728 1658 4795 ipsius
1681 4727 1888 4788 animo,
1921 4727 1995 4779 rei
2021 4726 2085 4779 de
2112 4741 2169 4778 se
2204 4736 2367 4794 gesta:

800 4832 925 4870 vera
963 4820 1288 4870 recordatio.

871 4906 979 4959 Cur
1016 4906 1124 4960 Eva
1154 4924 1251 4960 non
1307 4908 1465 4960 etiam
1527 4919 1579 4961 ut
1624 4910 1862 4962 Adamus
1907 4926 1971 4963 cx
2018 4911 2226 4978 pulvere
2251 4913 2362 4980 for-

804 5006 944 5047 mum
1000 4999 1090 5049 sit.
1151 5028 1218 5038 —
1270 4997 1333 5051 Et
1393 5002 1591 5061 accepit
1642 5017 1799 5053 unam
1869 5018 1895 5055 e
1950 5005 2109 5055 costis
2174 5003 2360 5070 ipsius,

801 5084 1092 5152 clausitque
1145 5104 1303 5141 carne
1332 5088 1444 5155 ejus
1486 5089 1681 5142 locum.
1725 5092 1835 5144 Cur
1876 5108 1937 5144 ex
1987 5094 2104 5160 ipso
2158 5094 2365 5145 Adamo

806 5175 1119 5230 ‘ormaverit
1162 5178 1303 5233 Deus
1359 5178 1543 5241 Evam,
1597 5191 1651 5234 et
1703 5199 1809 5235 non
1855 5200 1918 5237 ex
1954 5194 2110 5236 terrae
2150 5184 2369 5251 pulvere

808 5267 1024 5320 tinxerit
1054 5269 1195 5323 sicut
1248 5271 1424 5338 ipsum
1473 5272 1738 5325 Adamum
1784 5274 1946 5327 Varia:
1990 5283 2117 5327 sunt
2167 5289 2365 5327 causa).

806 5355 1009 5423 l’rima,
1042 5372 1099 5415 ut
1129 5378 1232 5415 una
1268 5366 1563 5431 eademque
1593 5366 1767 5426 ra-lix,
1792 5374 1845 5419 et
1878 5365 2132 5419 nascendi
2167 5364 2370 5433 princi-

811 5450 960 5518 pium
1014 5455 1444 5507 essetomnibus
1490 5456 1802 5509 hominibus
1839 5456 1954 5524 ipse
2007 5456 2204 5510 Adam.
2230 5456 2373 5508 Alte-

813 5555 867 5591 ra
920 5558 981 5592 ne
1015 5542 1253 5596 dicerent
1291 5545 1615 5597 contentiosi
1664 5545 1929 5609 homines,
1984 5546 2147 5597 alium
2203 5546 2371 5597 fuisse

814 5632 1026 5695 Adami,
1070 5633 1233 5686 alium
1265 5636 1386 5688 Eva:
1437 5636 1801 5699 conditorem,
1860 5639 1950 5692 sed
2002 5636 2158 5690 fateri
2210 5652 2369 5706 coge-

814 5732 1023 5785 rentur,
1053 5724 1119 5778 ab
1139 5740 1246 5779 uno
1263 5728 1558 5797 colemque
1592 5727 1698 5781 Deo
1723 5729 1911 5783 ambos
1936 5744 2053 5781 esse
2080 5727 2364 5781 formatos.

882 5836 925 5869 "
955 5838 1087 5897 Gen.
1133 5842 1257 5907 xv,l
1300 5859 1449 5912 seqq.
1526 5844 1571 5872 ’⁵³
1606 5842 1663 5894 lV
1695 5843 1824 5910 lirg.
1866 5862 1931 5906 \‘t,
1967 5843 2043 5897 17.

2123 5843 2164 5873 ’⁸
2219 5842 2319 5895 Ιςιι.
2358 5856 2429 5907 \t,
2491 5840 2503 5892 l
2543 5855 2669 5906 5-"th

2477 4628 2826 4695 numerisque
2871 4628 3123 4681 Omnibus
3148 4628 3445 4681 absolutam
3476 4642 3599 4679 esse
3655 4626 3943 4680 formatam
3975 4628 4061 4682 fe-

2474 4722 2673 4773 minam
2719 4730 2865 4773 recle
2900 4720 3189 4783 colligitur.
3246 4718 3511 4771 Praeterea
3542 4719 3783 4771 coetiam
3840 4721 4060 4788 signifi-

2471 4824 2649 4866 catum
2698 4821 2802 4874 est,
2840 4813 2911 4865 ita
2954 4813 3208 4864 feminam
3249 4819 3554 4880 protectore
3614 4810 3729 4860 viro
3760 4824 3896 4877 Opus
3954 4812 4060 4863 ba-

2471 4906 2599 4959 bere
2627 4905 2729 4957 sub
2751 4905 2907 4971 cujus
2938 4904 3126 4957 umbra
3162 4912 3272 4955 luta
3318 4905 3571 4967 lateat,ut
3605 4909 3768 4953 eoske
3808 4901 4058 4955 brachiis

2472 5005 2737 5051 Confecta}
2771 5004 3147 5063 proteguntur.
3188 4993 3429 5061 Denique
3458 4993 3643 5045 collem
3670 5000 3873 5052 spectat
3907 5008 4056 5060 quo-

2474 5108 2579 5161 que
2627 5091 2944 5161 mysterium
2980 5088 3213 5158 perfossi
3259 5090 3444 5142 lateris
3492 5086 3701 5139 Domini
3754 5089 3927 5139 nostri
3999 5089 4054 5140 iu

2476 5196 2658 5242 eruce,
2694 5196 2757 5233 ex
2811 5194 2920 5248 quo
2954 5178 3213 5247 profluxit
3274 5176 3497 5246 sanguis
3546 5186 3598 5229 et
3651 5190 3811 5243 aqua,
3848 5185 3904 5229 ιιι
3948 5176 4059 5231 hac

2477 5280 2891 5325 renasccrentur
2925 5270 3105 5323 lideles
3147 5284 3240 5337 per
3285 5268 3635 5333 baptismum,
3672 5266 3763 5319 illo
3801 5280 3933 5319 vero
3960 5283 4054 5319 ex-

2471 5364 2763 5430 piarentur.
2789 5362 2905 5414 ltlco
2936 5360 3077 5412 enim
3106 5360 3290 5412 lancea
3326 5356 3537 5410 Domini
3570 5356 3736 5409 nostri
3770 5356 3913 5408 latus
3930 5371 4061 5423 per-

2472 5461 2652 5503 tnsum
2699 5460 2800 5511 est,
2830 5461 2879 5499 nt
2928 5447 3099 5499 lueret
3129 5446 3480 5513 espiaretque
3514 5444 3725 5497 femina:
3761 5444 3906 5496 illius
3934 5462 4059 5497 ευρ-

2476 5540 2580 5602 lus,
2614 5554 2733 5608 ane
2768 5554 2831 5591 ex
2888 5539 3055 5590 latere
3092 5536 3188 5588 viri
3253 5551 3343 5603 per
3385 5544 3591 5589 costam
3641 5532 3812 5586 fuerat
3866 5544 4055 5587 enata.

2478 5632 2649 5685 l'nrro
2687 5630 2803 5684 ideo
2832 5630 3065 5696 explevit
3088 5642 3251 5682 carne
3279 5627 3454 5681 locum
3486 5634 3749 5694 exemptm
3771 5636 3963 5687 eostze,
3988 5642 4060 5681 nc

2485 5724 2669 5776 dolore
2704 5722 3366 5788 aliiecrctttrexperrectus
3415 5718 3606 5777 Adam.
3642 5732 3705 5769 eo
3734 5719 3875 5786 quod
3899 5726 4059 5787 parte

2773 5839 2815 5869 ’⁸³
2850 5836 3048 5892 Emit.
3104 5851 3158 5897 Χ,
3206 5834 3260 5887 τί.
3339 5834 3381 5865 ’⁷³
3421 5833 3539 5887 Art.
3572 5849 3622 5895 Χ,
3668 5831 3749 5884 ll.
