4202 6430
828 393 931 476 ὃς]

2108 394 2337 455 liOSIS
2383 396 2470 453 ΒΛ
2485 394 2529 452 Β
2575 395 2814 454 CEPIIA

3973 417 4072 478 MS

828 486 1022 563 timum
1048 515 1169 555 cmn
1196 503 1310 556 viro
1335 504 1644 572 conjugium
1680 503 1872 556 mulier
1894 504 2324 573 apt‘llCllll‘.N3lll
2349 504 2392 556 si
2421 508 2471 563 Α
2500 501 2699 555 divinis
2756 503 3179 562 revelatiouibus
3212 514 3617 578 pronuntiasse.
3658 517 3791 573 Nam
3825 522 3912 576 illa
3954 528 4070 594 ipsa

827 592 949 644 inde
983 593 1126 660 quod
1185 605 1397 661 sumpta
1452 594 1522 646 sit
1565 608 1630 646 ex
1669 594 1809 655 viro,
1861 594 1964 647 hoc
2000 596 2238 649 nominis
2274 610 2396 648 sor-

822 683 996 735 tiatur
1031 682 1188 751 plane
1234 694 1328 736 aut
1356 693 1579 737 cmteras
1625 683 1877 739 mulieres
1934 699 2126 740 omnes
2167 701 2232 740 ex
2279 686 2396 741 suis

824 774 1038 827 maritis
1062 785 1310 842 acceptas
1344 774 1498 828 fateri
1522 778 1814 843 oportebit,
1843 787 1935 831 aut
1965 794 2149 830 earum
2191 778 2394 830 nullam

824 868 1076 920 mulieris
1100 869 1320 919 nomine
1343 869 1558 936 dignam
1583 886 1721 923 esse.
1750 870 1899 936 Quod
1924 882 2104 924 autem
2132 872 2397 925 vocabulo

823 956 1056 1010 feminas
1111 972 1491 1025 nuucupemus
1538 961 1607 1013 ob
1658 962 1928 1028 legitimas
1979 977 2102 1015 cum
2155 964 2396 1018 uiatibtts

823 1046 1064 1113 nuptias,
1090 1048 1203 1115 ipse
1246 1065 1343 1102 nos
1383 1066 1517 1105 usus
1555 1052 1840 1119 docetque
1871 1068 1967 1106 eas
2012 1056 2396 1110 censuevimus

820 1139 965 1190 solas
1020 1137 1101 1190 sie
1146 1140 1421 1206 appellare
1471 1142 1669 1209 quibus
1733 1142 2032 1212 legitimum
2091 1146 2397 1203 intercessit

818 1245 942 1281 cum
976 1230 1109 1283 viris
1143 1233 1574 1286 matrimonium.
1615 1232 1757 1297 Quin
1806 1236 1963 1290 divus
2006 1235 2207 1291 Paulus
2251 1254 2399 1307 quo—

819 1336 926 1388 que
961 1322 1049 1374 ubi
1086 1324 1349 1391 virginem
1380 1324 1613 1377 secernit
1644 1340 1673 1378 a
1707 1327 1957 1392 muliere,
2007 1331 2246 1383 os:endit
2274 1346 2393 1383 eam

818 1428 940 1481 qum
973 1430 1078 1467 non
1115 1428 1195 1469 est
1229 1415 1527 1469 secundum
1563 1418 1730 1487 legem
1768 1430 1933 1481 nupta
1968 1421 2082 1472 viro
2108 1424 2390 1476 mulierem

815 1509 994 1559 votari
1034 1523 1139 1559 non
1190 1518 1439 1575 oportere
1497 1510 1565 1569 ".
1628 1512 1719 1565 sed
1803 1528 1921 1564 eam
1978 1528 2099 1581 quae
2139 1514 2393 1583 legitimis

816 1597 1024 1662 nuptiis
1076 1612 1200 1651 cum
1258 1599 1375 1651 viro
1440 1603 1643 1654 sociata
1675 1603 1768 1656 sit.
1828 1602 2075 1670 Insuper,
2104 1606 2241 1661 hanc
2273 1621 2393 1677 esse

814 1683 1034 1737 illorum
1086 1687 1371 1738 verborum
1434 1687 1786 1754 sententiam,
1842 1690 2015 1759 ipsius
2049 1694 2236 1746 Adatni
2274 1708 2393 1761 qua:

813 1776 1225 1843 subsequuntm‘
1268 1780 1433 1831 verba
1499 1790 1776 1847 arguunt:
1817 1782 2103 1852 Propterea
2138 1786 2390 1855 relinquet

812 1867 891 1916 νίν
910 1874 1109 1933 patrem
1134 1884 1287 1919 suum
1305 1879 1352 1921 et
1376 1880 1618 1933 matrem,
1640 1881 1689 1923 et
1709 1872 1997 1925 adhwrebit
2024 1874 2232 1928 mulieri
2252 1892 2382 1930 suae.

810 1957 948 2010 Nam
999 1960 1105 2012 nisi
1150 1961 1398 2035 legitimo
1452 1964 1764 2028 nuptiarum
1822 1964 2040 2018 vinculo
2091 1968 2384 2036 conjuncta

812 2050 1007 2104 fuisset
1042 2052 1144 2104 sibi
1202 2068 1299 2104 sua
1354 2052 1576 2116 femina,
1608 2055 1769 2123 plane
1808 2071 1917 2109 non
1970 2069 2217 2113 vocasset
2266 2076 2384 2115 eam

813 2157 967 2195 suam
1004 2143 1283 2197 mulierem
1320 2146 1433 2198 sive
1465 2162 1712 2199 uxorem.
1749 2149 1987 2217 Denique
2013 2160 2139 2204 sunt
2165 2153 2384 2220 quidam

810 2234 1194 2302 interpretum,
1254 2237 1369 2305 qui,
1427 2238 1570 2302 ltto,
1626 2238 1728 2292 hoc
1779 2251 1883 2306 cst,
1933 2243 2215 2297 mulierem
2271 2246 2386 2299 sive

812 2341 1038 2380 uxorem
1068 2337 1309 2379 vocatam
1333 2330 1710 2382 tradautillam
1736 2331 1836 2383 hoc
1854 2343 2035 2402 etymo
2058 2351 2069 2395 ;
2092 2337 2244 2401 quasi
2270 2336 2385 2404 ipsa

808 2424 875 2470 ad
915 2420 1173 2472 maritmn
1202 2436 1362 2473 suum
1397 2422 1594 2475 dixerit
1620 2439 1633 2474 :
1659 2425 1790 2476 Atta
1828 2424 1901 2478 Ta
1930 2425 2119 2490 Zaedi,
2154 2428 2256 2481 hoc
2282 2436 2385 2493 est,

812 2521 866 2562 tu
896 2510 1079 2563 accede
1107 2519 1173 2563 ad
1208 2529 1307 2575 me,
1335 2513 1591 2566 nimirum
1628 2516 1669 2568 si
1698 2517 1832 2571 velis
1857 2518 1989 2569 mihi
2034 2519 2132 2570 rite
2162 2520 2383 2585 sociari,

809 2613 1069 2671 paterque
1102 2605 1395 2659 liberorum
1451 2607 1562 2661 ﬁeri
1610 2611 1967 2663 conservandi
2014 2614 2227 2679 generis
2271 2614 2386 2667 hu-

808 2695 955 2747 mani
996 2695 1188 2763 gratia.
1235 2695 1536 2751 Conﬁcitur
1593 2700 1777 2769 itaque
1824 2702 1907 2756 his
1955 2704 2230 2768 omnibus,
2262 2707 2384 2761 ideo

809 2786 977 2837 Evam
1016 2786 1214 2840 dictam
1234 2803 1354 2842 esse
1383 2787 1515 2855 ltto,
1544 2791 1645 2845 hoc
1674 2801 1776 2855 est,
1806 2794 2086 2847 mulierem
2114 2796 2228 2849 sive
2252 2813 2385 2852 uxo-

810 2891 947 2940 rem,
972 2877 1096 2944 quia
1124 2879 1237 2948 lege
1271 2880 1386 2933 viro
1414 2880 1701 2947 conjuncta
1724 2894 1862 2945 erat,
1888 2899 2185 2953 omnesque
2208 2901 2270 2939 ac
2299 2902 2387 2940 so-
2432 2930 2438 2937 .

809 2967 893 3021 las
913 2969 1146 3025 feminas
1162 2972 1263 3023 rite
1284 2981 1480 3041 nuptas
1509 2973 1598 3026 illo
1631 2973 1850 3027 nomine
1863 2975 2053 3043 dignas
2066 2991 2206 3040 esse,
2224 2986 2387 3049 atque

813 3063 871 3115 in
928 3078 1046 3115 eam
1099 3065 1425 3118 sententiam
1473 3066 1666 3119 Adami
1715 3069 1879 3120 verba
1929 3070 2020 3122 illa
2060 3086 2183 3125 esse
2211 3072 2383 3140 expll-

2498 588 2754 645 Christus
2785 592 2840 646 in
2880 593 3173 663 Evangelia
3192 601 3345 668 quasi
3377 616 3443 655 ex
3499 602 3593 657 Dei
3634 606 3811 664 Patris
3837 588 4070 681 persona

2498 680 2641 734 dicta
2668 682 2872 751 profert
2905 684 2949 715 ⁸⁸
2977 702 2991 739 :
3016 680 3860 763 qttandoquidem,pr0phetarutn
3888 707 4068 769 verba,

2499 773 2602 824 etsi
2647 788 2712 826 ex
2766 776 3007 843 ipsorum
3051 779 3242 834 oribus
3290 789 3598 841 emanarint
3625 828 3641 854 ,
3696 801 3874 847 tamen
3915 808 3973 851 ut
4003 802 4069 852 ah

2501 865 2619 932 ipso
2663 864 2770 919 Deo
2802 871 3150 934 pronuntiata
3197 873 3527 943 accipimus;
3588 879 3680 935 Dei
3721 887 3865 938 enim
3901 890 4072 955 ipsius

2499 969 2722 1024 organa,
2764 961 3048 1028 prophetae
3098 964 3329 1018 habendi
3381 978 3528 1025 sunt.
3580 971 3847 1028 Catterum
3900 981 4071 1046 quaeri

2498 1058 2687 1116 potest,
2723 1065 2819 1102 cur
2843 1056 2906 1105 de
2935 1054 3051 1107 viro
3071 1056 3214 1110 dicat
3246 1058 3546 1127 Scriptura,
3581 1070 3723 1134 quod
3758 1069 4070 1139 relinquere

2497 1142 2688 1197 debeat
2754 1155 2961 1211 patrem
3006 1160 3362 1220 matremque,
3417 1162 3470 1206 et
3522 1156 3800 1215 adhaerere
3868 1167 4067 1218 uxori:

2496 1234 2718 1301 quando
2751 1237 2879 1304 ipsa:
2910 1239 3092 1306 petius
3130 1244 3406 1309 mulieres.
3440 1258 3608 1312 patre,
3645 1266 3707 1305 ac
3736 1265 3911 1308 matre
3934 1298 3948 1319 ,
3983 1256 4071 1310 fa-

2498 1325 2755 1395 miliaque
2778 1366 2793 1389 ,
2817 1342 2878 1381 ac
2904 1330 3061 1383 rebus
3078 1332 3190 1385 suis
3210 1338 3463 1392 omnibus
3482 1341 3702 1402 relictis.
3729 1344 3793 1396 ad
3815 1350 3957 1400 viros
3976 1365 4073 1403 ac-

2496 1418 2689 1471 cedunt
2749 1420 2989 1488 ipsisque
3020 1422 3320 1483 adhaerent.
3364 1428 3443 1480 Ad
3491 1432 3594 1485 hoc
3634 1440 4069 1502 respondendum

2494 1517 2596 1571 est,
2632 1508 2817 1563 multis
2860 1510 2912 1564 id
2970 1514 3274 1568 rationibus
3315 1514 3430 1569 fieri
3470 1535 3483 1569 :
3517 1529 3569 1573 et
3600 1524 3727 1589 quia
3767 1527 3843 1577 vir
3874 1530 4072 1581 mulie-

2495 1597 2571 1651 ris
2603 1611 2766 1666 caput
2795 1611 2898 1665 est,
2931 1614 2983 1657 ct
3021 1606 3147 1673 quia
3188 1606 3273 1660 ille
3304 1624 3396 1676 per
3430 1610 3739 1680 conjugiutn
3772 1618 3905 1670 liber
3938 1621 4057 1687 pri-

2494 1703 2642 1740 rnum
2697 1692 2879 1744 evadit
2924 1694 3273 1766 solviturque
3313 1702 3483 1767 patria
3517 1713 3782 1770 poti-state
3847 1710 3900 1763 in
3959 1729 4069 1779 qua

2497 1782 2760 1851 tantisper
2827 1795 2947 1839 erat
3005 1788 3134 1840 dum
3192 1807 3414 1846 uxorem
3481 1796 3703 1851 dueeret
3746 1813 3855 1853 :ea
3921 1810 4068 1858 enim

2493 1873 2659 1927 ducta
2688 1874 2804 1944 ipse
2851 1878 2907 1930 lit
2945 1880 3351 1946 paterfamilias.
3392 1884 3455 1938 Et
3483 1889 3606 1956 quia
3649 1907 3753 1943 non
3787 1907 4067 1960 ΙΙὲὶΙἙιΙιιῚΙΙ

2490 1981 2610 2019 esse
2639 1968 2732 2020 sed
2760 1984 2989 2038 corpora
3020 1972 3267 2039 miscere,
3300 1986 3543 2045 tempore
3576 1984 3724 2047 prius
3747 1995 3860 2047 est;
3887 2004 4069 2056 neque

2490 2056 2634 2105 enim
2655 2056 2780 2122 quia
2814 2066 3068 2122 parentes
3105 2072 3257 2125 sunt,
3291 2077 3485 2119 venere
3526 2078 3771 2132 utuntur,
3808 2076 3901 2125 sed
3936 2092 4069 2142 qua

2489 2144 2589 2197 hac
2620 2144 2871 2198 usi—sunt
2926 2159 3180 2215 parentes
3227 2153 3386 2207 liunt.
3443 2156 3577 2210 Nam
3627 2160 3794 2213 Adam
3852 2175 3905 2215 et
3957 2168 4069 2220 Eia

2494 2237 2809 2304 priusquam
2846 2241 3055 2293 mutuis
3112 2243 3453 2310 amplexibus
3500 2253 3799 2304 consociati
3856 2267 4066 2318 essent,

2491 2329 2909 2398 haudquaquam
2981 2344 3237 2400 parentes
3297 2338 3655 2406 dicebautur,
3718 2359 3904 2397 verum
3970 2357 4064 2397 uni

2488 2422 2765 2475 connubio
2796 2426 3153 2480 cohwsissent
3210 2430 3459 2497 filiosque
3510 2449 3912 2501 procreasscnt,
3948 2450 4066 2492 tum

2487 2511 2704 2563 demmn
2758 2524 3016 2581 parentes
3064 2526 3191 2571 sunt
3243 2521 3437 2574 merito
3471 2527 3854 2592 cognominati.
3897 2528 4005 2581 Por
4038 2547 4070 2577 η

2489 2614 2838 2671 posteaquam
2906 2607 2977 2685 ‘de
3016 2609 3235 2662 condita
3296 2609 3404 2664 Eva
3469 2613 3683 2669 locutus
3724 2627 3807 2670 est
3863 2618 4109 2680 Moses.-

2486 2697 2731 2761 procedit
2759 2697 2826 2749 ad
2860 2701 3239 2767 explicandum
3290 2706 3561 2771 quomodo
3611 2709 3773 2761 vitam
3820 2716 4003 2779 agitav
4042 2739 4070 2754 -

2488 2786 2596 2837 rint
2634 2800 2788 2839 suam
2818 2789 2974 2856 primi
3001 2801 3253 2858 parentes
3279 2795 3363 2848 his
3388 2797 3606 2862 verbis;
3641 2798 3708 2850 Et
3734 2813 3879 2851 erant
3910 2803 4069 2854 ambo

2488 2878 2826 2942 nudi,Atlam
2854 2891 2903 2934 et
2935 2899 3071 2935 uxor
3097 2887 3293 2961 ipsius,
3315 2906 3475 2958 neque
3497 2892 3724 2959 pudebat
3760 2896 3922 2960 ipsos.
3958 2896 4068 2948 Sed

2488 2980 2585 3019 cur
2603 2980 2710 3021 non
2737 2970 3000 3037 pudebat?
3027 2968 3145 3025 Non
3186 2973 3431 3043 proiecto
3470 2980 3597 3046 quia
3626 2982 3833 3048 pueruli
3858 2996 4070 3047 essent,

2487 3066 2583 3111 aut
2618 3059 2746 3126 quia
2790 3061 2995 3115 rustica
3043 3065 3391 3134 simplicitate
3439 3078 3601 3138 atque
3655 3072 4068 3141 imprudentia;

813 3153 1014 3216 cauda,
1062 3158 1418 3223 quantumvis
1464 3158 1623 3210 aliam
1673 3173 1784 3226 pra:
1813 3175 1871 3213 se
1925 3158 2120 3215 ferant.
2152 3163 2382 3215 Verum-

2491 3144 2641 3201 fuere
2666 3148 2807 3201 enim
2842 3166 2872 3202 a
2906 3151 3017 3205 Deo
3039 3153 3215 3208 eﬂ‘ecti
3244 3165 3402 3209 aetate
3428 3157 3680 3226 juvenili,
3716 3178 3821 3214 non
3843 3165 4069 3230 puerili,

807 3245 1089 3297 enimvero
1123 3257 1246 3299 sunt
1288 3247 1379 3308 qui
1409 3246 1614 3310 dicant,
1647 3251 1752 3299 duo
1791 3247 1892 3301 ista
1931 3248 2172 3312 nomina,
2202 3250 2302 3303 viri
2333 3260 2386 3305 et

809 3337 1078 3398 mulieris,
1109 3339 1250 3390 inter
1272 3353 1329 3391 se
1346 3340 1641 3392 convenire
1671 3340 1721 3393 in
1743 3340 1928 3409 lingua
1952 3339 2197 3405 Hebraea,
2222 3358 2383 3410 quam

809 3428 966 3499 Syra,
1000 3439 1094 3483 aut
1124 3428 1333 3495 Graeca,
1368 3441 1461 3483 aut
1515 3432 1865 3497 Armeniaca,
1894 3442 1986 3485 aut
2016 3432 2250 3503 denique
2283 3435 2386 3488 alia

808 3523 1024 3591 quavis.
1084 3520 1139 3575 In
1191 3524 1281 3575 illa
1334 3525 1478 3575 enim
1532 3524 1741 3587 vitumﬁ,
1782 3523 1863 3587 Is;
1913 3525 2217 3590 mulierem,
2267 3525 2386 3581 Issa

808 3615 1108 3676 enuntiari,
1138 3615 1280 3683 quod
1317 3616 1538 3682 perinde
1592 3626 1676 3671 est
1703 3632 1767 3671 ac
1804 3618 1849 3671 si
1883 3616 2075 3687 Syrus,
2102 3627 2159 3671 ut
2189 3619 2384 3681 virum,

810 3705 1008 3765 Cabro.
1029 3709 1100 3761 ita
1120 3709 1399 3761 mulierem
1425 3708 1641 3760 Gabirto
1660 3720 1812 3763 vocet
1836 3711 2049 3779 (19),όο
2066 3726 2171 3780 qua
2194 3728 2249 3764 re
2268 3729 2385 3777 nos,

807 3800 1026 3852 volente
1047 3798 1175 3859 Deo.
1197 3800 1392 3852 dicturi
1413 3816 1605 3853 sumus
1623 3802 1674 3853 in
1702 3818 1764 3855 eo
1782 3801 2206 3866 Commentario,
2225 3820 2385 3871 quem

809 3890 1050 3943 s-riliere
1076 3891 1462 3944 constituimus
1498 3892 1551 3944 in
1585 3893 1793 3961 reliqua
1829 3893 1947 3959 libri
1984 3894 2258 3947 δεηθῇ-οε
2297 3911 2386 3948 ca-

809 3983 943 4052 pita,
978 3982 1020 4035 si
1050 3984 1155 4034 vita
1184 3992 1421 4051 superet,
1452 3984 1555 4036 erit
1594 3985 1737 4036 enim
1779 3984 1897 4051 ejus
1928 3987 2218 4039 tractandm
2250 4000 2385 4039 con-

810 4091 981 4144 gruus
1018 4075 1171 4128 locus
1208 4076 1297 4127 ubi
1327 4075 1391 4126 ad
1422 4074 1510 4127 illa
1551 4076 1715 4128 verba
1747 4084 2064 4143 perventum
2090 4076 2251 4129 fuerit
2278 4095 2290 4129 :
2317 4076 2387 4151 Et

808 4176 921 4217 erat
950 4166 1119 4217 omnis
1170 4175 1310 4216 terra
1341 4166 1534 4233 lingua:
1568 4166 1725 4217 unius
1748 4176 1794 4216 et
1838 4167 2094 4217 sermonis
2121 4166 2375 4232 ejusdem.

812 4256 942 4310 Ideo
984 4257 1235 4325 relinquet
1268 4259 1345 4307 vir
1388 4268 1587 4323 putrem
1616 4272 1767 4309 suum
1800 4266 1847 4307 et
1877 4267 2093 4309 matrem
2123 4273 2296 4322 suam,
2335 4266 2386 4311 et

811 4349 1272 4402 adhazrebituxori
1313 4348 1449 4415 (sive
1473 4348 1704 4409 mulieri)
1736 4364 1865 4400 sum.
1892 4344 2007 4399 Jatn
2039 4350 2297 4413 diximus,
2320 4365 2383 4402 ex

808 4441 895 4494 his
923 4442 1098 4494 verbis
1133 4440 1288 4495 facile
1316 4440 1562 4509 intelligi,
1594 4442 1839 4495 mulieris
1860 4455 2053 4493 nomen
2078 4454 2107 4491 a
2146 4440 2383 4507 legitima

2490 3247 2543 3290 et
2571 3240 2880 3305 prudentes,
2912 3257 3019 3296 non
3050 3245 3233 3299 stolidi
3261 3257 3354 3301 aut
3384 3247 3634 3303 inurbani
3658 3268 3673 3314 ;
3700 3254 3791 3306 sed
3815 3254 3936 3308 ideo
3960 3271 4071 3324 pu-

2488 3329 2621 3382 dore
2654 3344 2763 3383 non
2797 3331 3174 3388 adiciebantur
3198 3336 3265 3389 de
3298 3353 3396 3391 sua
3421 3342 3686 3408 nuditate,
3717 3347 3845 3412 quia
3882 3348 4073 3401 adhuc

2490 3432 2599 3470 non
2634 3430 2925 3486 peccarant
2956 3437 3131 3491 neque
3160 3424 3522 3494 deliquerant,
3553 3428 3727 3499 eoque
3762 3436 3907 3486 nulla
3944 3438 4073 3488 ani-

2490 3523 2640 3561 ltum
2671 3513 2929 3579 cogitatio
2984 3516 3203 3568 subibat
3259 3534 3379 3573 esse
3436 3522 3674 3590 aliquam
3728 3526 3778 3578 itt
3821 3530 4076 3581 nuditate

2488 3601 2724 3668 culpam.
2776 3602 3041 3657 Prwterea
3092 3608 3274 3661 amicti
3324 3622 3479 3685 erant
3537 3615 3733 3682 gloria,
3781 3629 3949 3685 atque
3987 3621 4078 3673 id-

2490 3692 2638 3746 circo
2695 3708 2801 3746 non
2855 3698 3363 3753 verecundabantur
3423 3684 3437 3755 ἐ
3487 3705 3629 3758 sicut
3698 3709 3840 3760 enim
3900 3710 4081 3766 Mosis

2491 3784 2688 3839 faciem
2748 3786 2918 3855 gloria
2974 3800 3280 3845 contectam
3340 3792 3541 3849 intueri
3606 3812 3711 3850 non
3767 3812 4073 3867 potuerunt

2490 3875 2749 3929 lsraelita:
2767 3876 2835 3943 ",
2854 3889 2906 3931 et
2926 3888 2983 3932 ut
3000 3880 3051 3932 in
3077 3883 3245 3936 solem
3265 3884 3398 3938 stola
3419 3888 3600 3953 gloria:
3621 3894 3871 3943 vestitum
3904 3907 4030 3945 mor
4047 3925 4078 3933 —

2491 3967 2623 4022 tales
2647 3970 2931 4024 oculorum
2959 3972 3128 4027 aciem
3157 3975 3436 4031 intendere
3465 3993 3768 4047 nequeunt;
3804 3995 4079 4051 praeterea

2488 4071 2549 4114 ut
2584 4076 2786 4130 corpus
2822 4063 3037 4135 Domini
3094 4077 3411 4136 coopertum
3447 4071 3643 4139 gloria,
3677 4075 3843 4128 solem
3881 4077 4077 4145 ipsum

2490 4150 2699 4221 fulgore
2723 4154 3065 4223 candoreque
3089 4160 3381 4225 superabat
3404 4173 3524 4211 cum
3554 4166 3605 4213 in
3634 4174 3868 4218 montem
3896 4183 3959 4220 se
3985 4185 4078 4220 rc-

2488 4230 2744 4313 cepiss‘rt-
2765 4246 2881 4311 '-'°,
2906 4250 3138 4313 denique
3166 4259 3226 4302 ut
3254 4252 3423 4319 ipsius
3449 4236 3749 4308 divinitatis
3774 4260 4083 4312 vestimen-

2489 4346 2599 4387 tum
2626 4338 2915 4404 spectabile
2948 4354 3054 4392 non
3087 4350 3167 4392 est
3195 4358 3209 4399 ;
3242 4342 3314 4394 ita
3334 4343 3503 4396 Adam
3540 4322 3756 4413 E'vaque
3773 4349 3900 4412 quia
3939 4366 4041 4403 ves
4066 4384 4078 4389 -

2491 4425 2576 4478 titi
2599 4435 2754 4478 erant
2779 4426 2967 4494 gloria,
2988 4430 3117 4482 nihil
3142 4435 3669 4489 verecundabantur.
3691 4437 3822 4491 Nam
3844 4444 4079 4497 nuditas

2542 4497 2551 4517 1

818 4533 1207 4601 conjunctione
1229 4548 1337 4601 qua
1370 4532 1487 4585 viro
1519 4532 1759 4585 sociatur
1780 4570 1794 4593 ,
1833 4532 2038 4585 dictum
2078 4548 2220 4585 esse.
2251 4531 2383 4585 Nam

2490 4507 2551 4569 ea
2579 4514 2645 4568 de
2676 4532 2783 4583 qua
2822 4520 2907 4570 hic
2970 4517 3148 4573 Moses
3180 4524 3313 4590 agit,
3346 4525 3411 4575 ad
3463 4535 3665 4578 vestem
3698 4539 3907 4596 spectat
3959 4549 4079 4586 non

813 4638 880 4677 eo
912 4634 1122 4691 spectat
1147 4625 1292 4692 quod
1332 4623 1419 4676 hic
1472 4622 1625 4687 dicit,
1665 4624 1840 4676 virmn
1891 4623 1961 4676 ita
2018 4623 2232 4676 mulieri
2267 4640 2393 4677 mu-

809 4726 966 4770 tuum
1006 4720 1282 4769 cohaerere
1307 4700 1528 4779 debere,
1566 4725 1625 4768 ut
1656 4726 1865 4783 patrem
1899 4724 2240 4784 matremque
2279 4716 2380 4769 sibi

811 4822 924 4876 prte
973 4807 1059 4859 illa
1095 4806 1428 4859 dcserendos
1482 4814 1706 4858 statuat.
1758 4804 1825 4857 Et
1862 4813 2013 4857 erunt
2059 4806 2212 4857 ambo
2258 4821 2383 4857 caro

762 4910 770 4919 ‘
810 4916 939 4952 una.
974 4898 1157 4951 Multis
1188 4898 1364 4951 modis
1392 4899 1475 4952 vir
1504 4907 1558 4951 et
1593 4913 1727 4951 uxor
1768 4912 1875 4951 una
1902 4911 2031 4950 caro
2053 4907 2375 4951 censentur:

811 5004 907 5058 per
934 4989 1176 5057 conjugii
1204 4987 1685 5053 necessitudinem,
1714 5001 1812 5056 per
1841 4986 2088 5039 sobolem
2114 4986 2381 5039 ambobus

812 5095 1196 5144 communem;
1223 5081 1456 5147 denique
1473 5092 1538 5131 eo
1556 5079 1721 5133 etiam
1750 5079 1895 5147 quod
1920 5079 2157 5147 parentis
2180 5079 2383 5147 filiique

810 5172 954 5225 ratio
985 5186 1049 5225 ex
1084 5172 1200 5240 ipsa
1252 5170 1485 5225 muliere
1524 5170 1755 5240 pendeat
1791 5179 1954 5239 atque
1978 5184 2042 5223 ex
2090 5186 2151 5223 ea
2180 5172 2386 5224 consti-

812 5272 1020 5324 tuatur,
1040 5272 1304 5332 quantum
1329 5262 1395 5316 ad
1433 5263 1543 5332 ipsa
1569 5276 1795 5331 corpora
1826 5277 1947 5331 quae
1966 5262 2383 5330 progignuntur,

811 5356 1076 5425 pertinet.
1110 5352 1187 5407 Ex
1218 5354 1495 5408 connubio
1528 5354 1674 5407 enim
1711 5354 1811 5407 viri
1858 5353 2212 5422 mulierisque
2243 5353 2299 5406 ﬁt
2328 5362 2384 5405 ut

816 5443 1095 5510 concipiat
1134 5442 1423 5512 pariatque
1476 5443 1674 5497 mulier
1708 5460 1721 5495 :
1752 5442 1860 5511 jam
1892 5457 2021 5496 vero
2068 5458 2161 5511 per
2190 5457 2384 5497 conce-

814 5516 963 5604 ptum
999 5548 1327 5607 partumque
1356 5546 1609 5606 parentes
1646 5547 1701 5592 et
1728 5535 1820 5589 ﬁlii
1861 5536 2184 5591 efficiuntur.
2214 5536 2382 5589 Porro

809 5637 1019 5682 certum
1051 5637 1156 5693 est,
1189 5630 1455 5682 Adamum
1493 5628 1606 5683 hsce
1632 5627 1796 5683 verba
1829 5643 1922 5697 per
1952 5628 2267 5684 vaticinium
2309 5642 2375 5684 ex

884 5766 929 5797 ”
957 5764 975 5818 Ι
1002 5765 1129 5820 Cor.
1161 5781 1255 5823 vn.
1294 5766 1316 5818 1
1365 5779 1518 5835 seqq.
1593 5766 1639 5799 ’⁸
1670 5766 1859 5822 Matth.
1889 5782 1977 5820 arx
2005 5806 2020 5831 ,
2052 5766 2105 5831 4,
2142 5765 2195 5819 5.

2271 5768 2314 5798 ’³
2346 5765 2515 5819 Exod.
2558 5781 2736 5829 autv,
2764 5765 2854 5820 29.

2488 4608 2619 4661 item
2644 4611 2723 4683 [ad
2780 4610 3007 4678 gloriatn
3059 4627 3166 4680 qua
3223 4614 3388 4665 etiam
3457 4625 3568 4667 tum
3609 4622 3842 4671 contecti
3876 4632 4075 4675 erant.

2488 4700 2715 4768 Insuper
2776 4709 2859 4754 est
2918 4702 3009 4754 tibi
3076 4704 3302 4780 jtuditas
3374 4706 3596 4771 pudoris
3687 4722 3910 4762 sensum
3968 4729 4081 4780 gr:-

2492 4800 2684 4856 nerct;
2716 4802 2802 4845 est
2851 4792 3019 4846 etiam
3072 4778 3161 4845 ubi
3218 4793 3367 4845 nulla
3419 4797 3759 4850 verecundia:
3804 4800 4085 4867 COgitatio

2490 4884 2735 4936 animum
2770 4884 2839 4936 ob
2869 4885 3165 4938 nuditatem
3196 4888 3407 4940 subeat.
3438 4886 3587 4941 Illius
3625 4892 3935 4957 exemplum
3973 4893 4084 4946 ha-

2490 4974 2684 5028 bemus
2714 4977 2767 5027 in
2799 4976 3009 5029 Adatno
3050 4986 3212 5046 atque
3246 4976 3487 5046 Eva,qui
3537 4989 3891 5048 posteaquam
3930 4990 3983 5034 dt
4006 4986 4086 5036 li-

2489 5070 2758 5137 quissent,
2782 5050 3168 5123 existimabant
3191 5087 3345 5124 suam
3372 5073 3474 5125 sibi
3535 5073 3829 5126 nuditatem
3863 5076 4087 5143 pudori

2490 5175 2613 5233 esse
2628 5159 2826 5215 debere
2850 5178 2864 5227 ;
2892 5161 3051 5231 hujus
3073 5179 3200 5215 Vero
3228 5164 3279 5214 iu
3316 5163 3575 5231 puerulis,
3596 5179 3733 5231 quos
3748 5164 3875 5216 nihil
3895 5174 4092 5233 pudet

2488 5230 2612 5304 esse
2647 5252 2859 5316 nudos;
2899 5230 3037 5306 idem
3093 5252 3309 5316 accidit,
3372 5269 3497 5306 cum
3529 5268 3613 5306 res
3655 5256 3768 5319 ipsa
3799 5261 4005 5318 pudor.
4028 5273 4091 5308 ιιι

2494 5341 2546 5395 in
2579 5358 2638 5396 se
2690 5342 2895 5396 nullum
2957 5344 3137 5409 habet,
3187 5338 3352 5396 veluti
3392 5357 3517 5397 cum
3561 5344 3686 5411 quis
3730 5351 3970 5403 secreto.
4030 5355 4095 5397 et

2491 5437 2696 5503 absque
2747 5435 2998 5495 testibus.
3050 5450 3108 5489 se
3131 5433 3372 5488 vestibus
3400 5434 3546 5487 exuit
3584 5449 3599 5497 ;
3656 5432 3715 5484 fit
3758 5432 3861 5484 hoc
3897 5434 4093 5488 etiam

2491 5530 2650 5600 longa
2689 5529 3087 5584 consuetudine
3129 5528 3415 5601 magistra,
3462 5526 3606 5581 sicut
3642 5524 3711 5579 iis
3760 5524 3948 5577 evenit
3980 5528 4096 5595 qui

2495 5624 2715 5678 assidue
2752 5624 2804 5678 in
2833 5622 3043 5677 balneis
3075 5622 3202 5675 nudi
3252 5629 3560 5676 versantur.
3593 5615 3835 5686 Denique
3860 5615 3957 5669 ubi
4004 5626 4097 5679 rei

2955 5765 3045 5795 ¹·¹⁶
3068 5764 3251 5819 Matth.
3287 5761 3460 5827 xvn,l
3500 5772 3654 5828 WW-

891 5859 1007 5919 t’l9)
1039 5855 1133 5917 Vel
1162 5858 1205 5917 si
1240 5856 1468 5916 Latinus
1499 5859 1682 5919 virum
1724 5860 1871 5917 dicat
1917 5859 2227 5926 hominem;
2270 5859 2555 5915 mulierem
2590 5874 2739 5927 vero,
2775 5858 3076 5916 hominem.
