4202 6430
123 442 222 510 5ἱ9

1246 426 1341 484 DE
1387 423 1759 483 l‘.\l{:\DlSti
1824 444 1883 453 -—
1936 417 2121 475 γωδ
2165 417 2205 472 l.

3250 402 3352 462 5.50

123 551 420 607 Ιῖοεοδδίίδδ
455 544 701 616 quamam
768 537 1053 599 incumbit»
1086 533 1250 588 "dun
1276 532 1319 587 Si
1352 531 1474 601 (ιυίε
1513 530 1690 582 Ulcere
1722 533 1762 587 Α
1796 544 1876 597 lex
1915 554 2074 600 esset,
2134 550 2293 607 atque
2352 538 2472 591 inde
2530 527 2743 606 captatio
2770 534 2984 587 fallendi
3040 544 3362 597 argtlmt'ttln

121 643 323 695 laboret
357 641 408 692 in
443 653 503 688 ea
538 634 785 701 corporis
820 638 971 699 parte
1017 640 1178 694 quam
1230 624 1430 692 alioqui
1486 622 1691 685 absque

125 735 468 803 pudore_uon
497 734 734 793 relegat;
764 723 876 791 ipsa
905 730 1082 774 tamen
1101 717 1421 770 necessitate
1444 712 1688 771 adactus,

124 798 235 878 eam
282 798 453 874 cauto
498 816 725 883 pudore,
770 810 977 863 medico
1017 807 1207 877 aperit.
1252 802 1395 855 Duas
1436 799 1593 867 igitur
1620 798 1690 849 ob

129 932 207 968 res
237 928 348 965 non
391 903 898 962 verecundabantur
934 900 1102 953 Adam
1128 906 1180 947 et
1215 894 1319 946 liva
1351 907 1473 945 cum
1512 898 1695 943 esseut

124 1006 276 1070 nudi;
317 1014 370 1056 et
410 1003 534 1071 quia
585 996 765 1051 amicti
821 1002 975 1048 erant
1015 990 1206 1057 gloria,
1256 995 1310 1038 et
1337 985 1464 1052 quia
1512 982 1691 1034 adhuc

123 1113 224 1152 non
255 1098 627 1163 deliquerant.
654 1088 787 1143 Nam
831 1096 879 1138 et
924 1084 975 1135 in
1011 1087 1187 1135 loturo
1221 1076 1425 1131 mundo
1448 1077 1692 1128 sublatus

126 1190 222 1240 erit
254 1185 439 1240 omnis
475 1182 649 1251 pudor
698 1194 761 1230 ex
812 1174 1143 1235 hominibus,
1194 1169 1286 1237 qui
1339 1185 1400 1221 ex
1449 1170 1694 1219 nuditate

124 1279 290 1348 possit
318 1275 505 1343 gigni;
565 1282 677 1323 tmn
710 1268 834 1336 quia
868 1266 1045 1319 vestiti
1105 1272 1265 1315 cruut
1320 1262 1491 1328 gloria
1546 1258 1692 1325 quali

124 1383 234 1423 erat
264 1372 491 1419 indutus
534 1363 771 1414 Adamus
806 1370 968 1426 atque
1028 1353 1200 1421 ipsius
1233 1368 1368 1404 uxor
1405 1350 1511 1401 Eva
1558 1349 1695 1399 inter

125 1465 343 1517 arbores
376 1468 669 1527 antequam
711 1455 1002 1508 violassent
1026 1452 1339 1502 mandatum
1368 1462 1382 1511 ;
1418 1455 1531 1497 tum
1565 1444 1688 1511 quia

132 1558 241 1621 ipsa
270 1554 498 1619 piidoris
547 1562 733 1605 causa,
767 1552 1043 1612 peccatum
1078 1539 1404 1594 dissolutum
1441 1537 1542 1589 erit
1572 1536 1693 1586 irri-

127 1655 363 1711 tumque.
418 1642 685 1693 Cu'terum
743 1637 898 1688 divus
957 1634 1129 1687 Moses
1174 1633 1305 1683 dum
1360 1636 1691 1697 perseverat,

127 1737 389 1787 Adamum
468 1730 742 1795 Evamun
808 1728 941 1780 nihil
1001 1723 1259 1794 puduisse
1323 1738 1437 1775 suae
1481 1720 1696 1773 nudita-

127 1829 189 1880 tis
227 1826 335 1893 (20)
371 1843 384 1877 :
412 1822 619 1876 conlert
651 1824 698 1873 id
736 1820 991 1872 Sseenlum
1024 1830 1130 1884 quo
1160 1798 1219 1869 ea
1250 1814 1542 1875 scribebat,
1570 1826 1693 1865 cum

128 1933 187 1969 eo
209 1933 315 1985 quo
371 1916 445 1967 illi
479 1915 629 1966 fuere
662 1911 926 1979 procreati
956 1924 985 1962 a
1020 1908 1149 1967 Deo.
1178 1906 1331 1976 quasi
1364 1908 1506 1959 dicat
1540 1922 1554 1957 :
1586 1902 1696 1956 Non

132 2022 182 2064 ut
209 2012 320 2078 jam
355 2009 553 2060 ιίιιειὶδ
576 2005 827 2057 homines
856 2005 925 2055 ob
974 2001 1270 2055 nuditatem
1297 2000 1506 2070 pudore
1538 1995 1698 2060 allici,

132 2106 199 2153 ita
236 2104 448 2153 Adamn
483 2098 713 2165 Lvanpte
767 2096 993 2158 accidit;
1035 2109 1207 2162 neque
1261 2093 1407 2150 enim
1448 2090 1567 2144 illos
1603 2106 1703 2158 pu-

130 2193 239 2243 duit
270 2190 340 2241 ob
371 2190 513 2240 duas
548 2202 667 2255 quae
699 2188 855 2238 dicta:
909 2186 1022 2253 jam
1060 2195 1182 2237 sunt
1241 2184 1497 2237 rationes.
1531 2181 1703 2237 Porro

133 2284 371 2334 absoluto
402 2295 656 2333 setmonc
696 2279 763 2331 de
806 2286 989 2331 creato
1037 2278 1247 2329 Adamo
1279 2275 1519 2345 Evaque,
1551 2284 1605 2331 et
1640 2261 1706 2329 de

133 2383 246 2423 vita
279 2370 526 2438 ipsorum
564 2371 834 2430 instituto,
865 2368 1037 2436 pergit
1070 2367 1227 2419 divus
1254 2366 1428 2423 Moses
1459 2382 1705 2420 comme-

135 2476 343 2513 ntor-are
374 2459 620 2512 {tantilem
645 2473 751 2527 qua
782 2456 988 2511 seducti
1018 2466 1147 2509 sunt
1180 2474 1208 2507 a
1242 2466 1409 2516 recto,
1445 2458 1704 2511 nimirqu

138 2564 187 2605 ut
216 2570 317 2606 nos
352 2554 546 2605 doct-at
571 2568 634 2604 ex
668 2560 871 2618 quanta
912 2550 1160 2601 libertate
1207 2548 1258 2599 in
1296 2564 1455 2616 quam
1490 2565 1704 2618 gravent

134 2642 333 2709 delapsi
396 2651 715 2693 servitutem
792 2653 887 2705 per
950 2646 1251 2705 peccatum,
1304 2638 1599 2705 inquiens:
1643 2640 1708 2691 Iz't

134 2748 340 2799 serpens
374 2733 605 2782 usttttiur
654 2738 767 2781 erat
803 2730 943 2780 omni
996 2727 1159 2780 bestia
1195 2731 1347 2796 agri,
1386 2745 1543 2796 quant
1588 2730 1712 2797 eﬂ'c-

135 2832 267 2874 cera!
312 2822 573 2873 Dominus
633 2819 794 2873 Deus.
842 2817 982 2872 Num
1025 2821 1090 2871 de
1124 2829 1415 2888 corporato
1462 2832 1712 2889 serpente

142 2915 221 2966 hic
254 2924 384 2979 agat
434 2917 594 2963 divus
628 2910 825 2970 Moses,
858 2925 925 2962 an
956 2923 1082 2963 vero
1112 2909 1179 2962 de
1233 2910 1433 2963 Sataua
1477 2911 1568 2978 qui
1600 2927 1715 2965 ser.

136 3006 277 3074 penti
304 3004 509 3059 similis
533 3002 882 3071 apparuerit;
911 3013 989 3065 et,
1021 3002 1065 3054 si
1095 3000 1324 3054 Satanas
1364 3003 1417 3055 iu
1447 3006 1714 3071 serpentis

135 3112 327 3166 corpus
356 3115 415 3149 se
448 3097 770 3159 insinuent,
798 3096 955 3160 cujus
977 3093 1189 3162 generis
1213 3092 1443 3149 fueritis
1467 3109 1711 3164 serpens;

1793 734 2061 798 cujusque
2129 728 2320 779 harqu

1727 1867 1774 1929 B

1795 641 2063 692 adversus
2101 637 2272 703 ipsam
2330 630 2657 685 abuteretur.
2721 626 2828 681 l\'os
2891 638 3051 694 porro
3090 634 3361 692 putamus,

2408 722 2636 773 duarum
2718 728 2986 773 sectarum
3046 716 3363 767 sententiam

1796 820 1998 873 versari
2032 820 2082 871 in
2118 818 2289 870 tribus
2314 815 2462 868 hisce
2486 813 2875 881 quaestionibus
2908 817 3119 875 :utrum
3149 808 3364 858 condita

1794 911 1863 964 sit
1905 910 2010 961 Eva
2041 907 2202 961 simul
2233 922 2355 959 cum
2409 906 2639 965 Adamo,
2668 918 2732 955 an
2766 913 2885 970 post
2920 920 2933 964 ;
2966 899 3180 960 deinde,
3210 913 3367 949 aeee-

1798 1002 2009 1069 peritne
2038 1014 2145 1051 una
2186 1012 2310 1048 eum
2344 998 2545 1048 Adamo
2602 990 2911 1046 mandatum
2968 992 3096 1045 illud
3132 990 3199 1042 ah
3251 991 3370 1055 ijso

1799 1092 1927 1149 Deo,
1964 1106 2031 1142 an
2083 1104 2210 1141 vero
2257 1098 2377 1156 post
2426 1088 2493 1139 ab
2545 1086 2753 1140 Adamo
2785 1100 2800 1137 :
2829 1084 3057 1151 denique
3093 1086 3233 1136 sitne
3280 1094 3370 1144 per

1798 1199 1982 1237 vocem
2015 1198 2135 1251 qua:
2174 1183 2225 1233 in
2255 1195 2475 1233 sensum
2523 1183 2784 1251 caderet,‘
2805 1162 2929 1231 data
2959 1180 2988 1230 It
3009 1195 3038 1231 χ
3070 1196 3130 1230 ea
3180 1193 3207 1229 a
3242 1176 3369 1235 lico,

1800 1291 1866 1327 an
1904 1292 2029 1325 vero
2065 1275 2271 1341 absque
2309 1286 2441 1324 voce
2489 1273 2652 1323 menti
2702 1246 2989 1339 iuipreséa,
3025 1268 3365 1333 cognoseibi-

1801 1368 1974 1434 li~que
2010 1366 2216 1417 reddita
2254 1382 2267 1417 :
2301 1378 2363 1417 ac
2400 1362 2626 1431 proinde
2665 1350 2954 1416 censemus
2986 1361 3081 1413 has
3110 1360 3370 1425 qumstio-

1802 1475 1898 1511 nes
1926 1467 2177 1509 accurate
2227 1455 2610 1524 expendendas
2646 1468 2765 1507 esse
2800 1456 3120 1522 priusquam
3171 1452 3235 1503 de
3268 1451 3371 1502 illis

1801 1549 2089 1605 sententiis
2121 1558 2263 1600 recte
2299 1550 2477 1616 possis
2508 1547 2842 1601 existimare.
2890 1561 2895 1573 ·

1876 1635 2134 1687 Historia:
2170 1635 2358 1686 Adatui
2396 1636 2543 1687 ordo.
2569 1664 2636 1673 ——
2662 1634 2823 1701 Igitur
2844 1632 3101 1695 Dominus
3135 1630 3371 1700 Ephrem

1801 1735 1853 1803 et
1883 1726 1972 1808 qui
2009 1741 2134 1778 cum
2171 1726 2289 1792 ipso
2326 1728 2568 1778 sentiunt
2601 1723 3049 1805 iriterpro'tes‘alii
3104 1708 3219 1801 ipso
3252 1721 3373 1773 freti

1804 1816 2097 1886 Scriptura:
2119 1827 2305 1870 tenore
2333 1816 2582 1884 serieque
2612 1816 2783 1878 ducti,
2814 1815 3001 1889 dipunt
3028 1814 3203 1882 primo
3234 1812 3376 1862 Ada-

1804 1925 1949 1962 mum
1976 1912 2106 1962 esse
2134 1907 2413 1961 conditmn
2442 1916 2591 1959 extra
2632 1907 2963 1974 paradisum,
2992 1914 3053 1957 .et
3086 1904 3282 1957 deinde
3321 1904 3374 1956 itt

1808 2002 2123 2069 paradisum
2161 2002 2529 2052 introductum
2567 1998 2841 2064 accepisse
2867 2012 2894 2047 a
2920 1996 3025 2047 Deo
3054 1998 3373 2049 mandatum

1804 2107 1871 2145 ne
1905 2101 2209 2144 vesceretur
2262 2090 2458 2144 arbore
2510 2087 2881 2156 cognitionis,
2945 2096 3063 2155 pOsl
3116 2088 3375 2140 indidisse

1806 2183 2026 2237 nomina
2057 2182 2444 2242 animantibus,
2472 2197 2534 2233 at:
2564 2191 2692 2233 tunc
2720 2179 2935 2233 demum
2977 2176 3378 2231 rmtloimatam

1806 2289 1925 2329 esse
1961 2272 2124 2325 Evam
2171 2288 2234 2325 ex
2283 2273 2455 2341 ipsius
2496 2286 2741 2338 corpore,
2798 2280 2961 2337 atque
2996 2270 3061 2322 de
3114 2277 3381 2337 pra-cepto

1808 2366 2055 2421 edoctam
2084 2366 2149 2419 ab
2177 2366 2293 2433 ipso
2326 2362 2535 2415 Adamo
2560 2375 2692 2413 voce
2722 2359 2989 2428 ejustnodi
3043 2374 3159 2428 que
3203 2358 3380 2411 audiri

1809 2471 2009 2529 posset,
2039 2473 2265 2524 eamque
2304 2469 2487 2509 vocem
2532 2453 2821 2506 exaudisse
2869 2450 3123 2504 Satanam
3156 2466 3278 2503 cum
3311 2448 3379 2503 ..ι

1810 2568 2033 2606 uxorem
2070 2552 2383 2619 loqueretur
2408 2548 2686 2609 Adanms;
2731 2546 2909 2613 itaque
2942 2545 3198 2597 Saturam
3233 2559 3385 2596 man-

1809 2643 1919 2697 dati
1941 2643 2161 2695 tninime
2183 2642 2456 2710 ignarum,
2482 2638 2572 2692 sed
2606 2639 2741 2691 bene
2766 2624 3382 2715 conscimn'dggressuut

1812 2751 1935 2789 esse
1974 2734 2161 2790 Evam.
2216 2746 2445 2800 eamqttv:
2502 2741 2686 2799 pacate
2732 2733 3139 2797 interrogasse:
3192 2727 3384 2781 Verene

1814 2828 1948 2878 dixit
1985 2825 2119 2878 Deus
2159 2842 2175 2887 ;
2211 2822 2290 2875 Ne
2321 2825 2657 2876 comederetis
2688 2822 2749 2874 de
2784 2823 3060 2874 arboribus
3108 2822 3386 2889 paradisi?

1817 2919 2075 2971 nimirum
2105 2926 2161 2969 ttt
2191 2931 2252 2968 ea
2289 2916 2391 2969 sibi
2430 2913 2855 2983 interrogatione
2885 2913 3091 2965 aditum
3128 2913 3192 2965 ad
3218 2913 3387 2966 collo-

1816 3007 2009 3077 qttittm
2042 3014 2280 3075 pararet.
2304 3002 2625 3056 Theodotus
2664 3017 2789 3055 vero
2832 3011 2888 3054 et
2930 3003 3049 3069 ejus
3088 3012 3387 3055 sectatores

1820 3099 1993 3157 aiunt,
2027 3095 2192 3149 simul
2225 3095 2495 3147 Adamqu
2525 3106 2646 3145 esse
2685 3090 2963 3144 conditum
2995 3100 3050 3143 et
3086 3089 3244 3143 liram
3285 3091 3387 3160 ipsi

136 3201 395 3256 praeterea
428 3187 664 3254 pedesne
695 3186 947 3237 habuerit
972 3200 1039 3236 an
1075 3184 1299 3238 minime
1327 3185 1413 3239 ille
1453 3200 1714 3256 serpens;
1743 3210 1787 3269 ε
1820 3190 2118 3243 detractam
2152 3188 2341 3239 eodem
2371 3198 2478 3259 quo
2502 3194 2718 3236 creatus
2742 3192 2855 3234 erat
2885 3182 3022 3245 loeti,
3057 3192 3218 3250 atque
3252 3184 3389 3237 hanc

137 3289 184 3332 et
216 3296 337 3347 qua:
388 3282 493 3332 huc
521 3286 770 3347 spectant
802 3278 927 3341 alia,
952 3277 1159 3348 pridem
1187 3285 1316 3329 sunt
1346 3292 1373 3329 a
1406 3277 1565 3331 nobis
1596 3280 1717 3331 ddi-

137 3382 316 3440 gcuter
343 3378 700 3439 pertractata.
724 3368 1280 3421 Commetnoravimus
1298 3370 1458 3420 etiam
1484 3384 1583 3420 cur
1599 3384 1714 3421 ser-

139 3476 344 3529 pentem
380 3468 702 3515 astutiorem
738 3462 955 3523 dixerit,
994 3476 1101 3514 non
1138 3462 1542 3527 prudentiorem
1586 3477 1717 3514 cono

137 3560 229 3610 clis
259 3556 457 3609 bestiis
508 3554 650 3622 agri.
710 3554 787 3605 De
830 3552 914 3605 his
959 3552 1103 3604 enim
1172 3552 1428 3605 omnibus
1455 3560 1714 3620 ‘egttuus,

141 3663 247 3713 rap.
278 3647 373 3708 Ξῖ,
408 3645 813 3714 qna:stionibus
836 3648 1020 3699 decem
1049 3649 1100 3698 in
1140 3649 1373 3701 medium
1400 3650 1715 3721 propositis.

202 3742 279 3788 Au
307 3734 555 3789 Satanas
596 3737 853 3787 audiverit
887 3736 1052 3787 Deum
1094 3738 1299 3789 Adauto
1330 3741 1715 3806 prwcipieutcm

141 3844 196 3879 tte
224 3829 556 3880 cantedctet.
586 3856 654 3864 —
690 3826 755 3878 Et
793 3829 864 3877 ait
898 3843 1106 3895 serpens
1136 3829 1204 3879 ad
1240 3832 1506 3881 mulierem
1537 3847 1555 3883 :
1594 3832 1718 3885 l'ere

143 3924 264 3973 dixit
284 3922 537 3981 Deus,ne
570 3920 903 3973 comedenti:
930 3921 994 3971 de
1048 3920 1286 3973 omnibus
1321 3922 1593 3976 arboribus
1622 3942 1718 3992 pu-

147 4018 323 4071 radisi.
364 4017 621 4069 Dubitari
656 4026 853 4084 potest,
898 4031 964 4068 au
1000 4018 1235 4069 audierit
1284 4018 1530 4071 diabolus
1563 4014 1716 4072 man-

146 4108 314 4159 :latutn
368 4109 677 4174 legemque,
712 4122 832 4175 qua:
857 4105 997 4160 Deus
1052 4107 1260 4160 Adamo
1312 4109 1715 4175 imperaverat:

145 4212 369 4267 cumque
400 4199 632 4250 tniniute
663 4198 939 4265 ignoraret
970 4199 1111 4267 quod
1146 4214 1230 4251 res
1262 4209 1398 4261 erat,
1429 4202 1625 4254 dixerit
1651 4204 1715 4255 ad

148 4287 395 4341 leminam
440 4305 453 4339 :
506 4286 631 4338 Vere
682 4288 756 4339 ait
788 4287 921 4339 Deus
950 4328 964 4351 ,
999 4305 1060 4339 ue
1107 4291 1461 4353 cumederetis,
1486 4304 1612 4355 elc.,
1647 4309 1713 4345 au

149 4394 264 4433 vero
292 4382 594 4449 suspicans
621 4380 779 4432 modo
798 4380 963 4447 legem
991 4380 1063 4432 illi
1087 4396 1116 4432 a
1138 4379 1245 4435 Deo
1265 4384 1494 4449 positam
1521 4381 1715 4449 fuisse,

149 4474 503 4539 mulieriSque
547 4471 791 4522 animum
842 4481 1076 4535 tentatus,
1112 4474 1199 4525 illa
1238 4475 1302 4525 ad
1350 4476 1519 4546 ipsam
1555 4479 1714 4529 verba

151 4565 324 4620 iecerit
351 4566 652 4619 Dominus.
701 4564 956 4631 Ephrem;
992 4566 1192 4631 aliique
1224 4568 1544 4635 interpretes
1567 4585 1716 4621 eom-

152 4659 319 4723 plures
356 4666 597 4712 censent
628 4655 880 4709 Satanam
923 4657 1194 4708 audivisse
1228 4660 1539 4728 mamlatum
1577 4660 1721 4728 quod

153 4748 350 4818 Adamo
379 4748 624 4799 dabatur
658 4760 672 4795 :
712 4746 937 4813 ejusque
971 4748 1254 4799 conscium
1309 4720 1606 4803 a\cce3sisse
1638 4752 1723 4804 iit-

154 4847 573 4909 terrogasseque
608 4836 863 4890 fetniuam
938 4837 1045 4892 illis
1095 4839 1276 4893 verbis
1331 4855 1344 4892 :
1398 4838 1591 4909 Verene
1647 4845 1722 4895 ait

158 4929 304 4995 Deus,
344 4941 485 4995 etc.,
520 4944 635 4997 quo
666 4944 761 4996 per
789 4943 906 4981 eam
958 4930 1439 4999 interrogationem
1494 4933 1593 4985 sibi
1628 4950 1724 4987 ca-

158 5029 317 5085 ptaret
340 5020 704 5086 colloquendi
732 5019 1293 5074 ausam.Philoxenus
1326 5036 1451 5074 vero
1472 5032 1524 5075 et
1548 5021 1727 5079 Theo—

159 5113 309 5166 dorus
340 5112 715 5167 Nestorianns
744 5111 1000 5179 multique
1026 5126 1150 5163 cum
1184 5111 1269 5165 his
1291 5113 1378 5165 alii
1402 5114 1579 5168 dicere
1609 5131 1727 5169 tua-

159 5202 285 5267 lunt,
307 5208 579 5259 Satanam
614 5214 720 5254 non
753 5200 990 5257 audiisse
1022 5201 1190 5269 legem
1220 5202 1348 5255 dum
1382 5204 1588 5257 Adamn
1619 5208 1719 5258 im-

163 5296 482 5359 ponebatur,
517 5292 613 5347 sed
661 5292 975 5365 conjectura
1024 5302 1187 5361 atque
1220 5295 1531 5362 suspicione
1585 5314 1724 5365 pra:-

160 5389 356 5455 scriptaa
380 5386 699 5454 cujuSpiam
736 5385 874 5453 legis
896 5387 1136 5447 ductum,
1168 5384 1450 5440 mulierem
1471 5391 1717 5443 adortum
1780 5402 1787 5408 ·

163 5494 267 5533 esse
299 5494 354 5533 ut
383 5496 451 5533 ex
488 5494 556 5531 ea
612 5466 939 5543 interrogata
991 5479 1222 5531 disceret
1253 5481 1556 5546 qualisnam
1618 5486 1721 5537 lata

225 5600 261 5629 "
286 5600 429 5653 Psal.
472 5614 515 5659 ι,
550 5598 597 5647 l.

208 5694 311 5758 (10)
351 5695 535 5746 Caute
584 5689 733 5767 lege,
768 5704 889 5765 nam
943 5688 1110 5767 Adam
1167 5706 1269 5767 noti
1318 5690 1503 5767 habuit
1531 5711 1729 5765 corpus

169 5763 442 5836 giorirsutn
482 5770 545 5836 n_t
596 5760 823 5836 beati__it_t
873 5760 1039 5822 patria
1090 5760 1181 5836 sed
1232 5761 1412 5814 forsan
1445 5760 1728 5833 intelligito

172 5849 347 5888 tenuat
385 5833 523 5889 illud
559 5830 904 5897 splendidum
937 5839 1113 5884 status
1155 5832 1499 5904 innocentia,
1532 5830 1714 5903 quoex

1820 3298 1925 3335 una
1959 3281 2082 3334 inde
2118 3280 2169 3332 itt
2214 3279 2522 3345 paradisum
2555 3290 2677 3329 eum
2732 3276 2822 3327 illo
2870 3290 2990 3327 esse
3040 3275 3388 3338 subductam,

1821 3389 2035 3444 unaque
2065 3374 2235 3441 legem
2272 3370 2547 3438 accepisse
2590 3369 2657 3420 ab
2687 3369 2804 3436 ipso
2852 3366 2991 3431 Deo;
3030 3383 3133 3419 non
3166 3368 3383 3437 quidem

1817 3483 1948 3523 voco
1988 3482 2108 3534 qua:
2159 3465 2413 3517 audiendi
2472 3477 2694 3515 sensqu
2756 3470 3019 3524 moveret,
3078 3462 3262 3526 latam,
3295 3464 3386 3515 sed

1820 3559 1987 3611 tuenti
2021 3558 2261 3625 ipsorum
2290 3556 2609 3622 impressam
2635 3554 3124 3621 consignatamqne
3150 3555 3383 3623 quodam

1819 3647 2184 3715 cognoscendi
2222 3646 2403 3697 modo.
2452 3642 2584 3697 Nam
2619 3645 2779 3697 simul
2813 3644 3026 3713 ultique
3063 3647 3227 3713 legem
3252 3646 3389 3699 lianc

1819 3743 2172 3809 imperavisse
2231 3738 2420 3801 Deum,
2455 3738 2535 3791 vel
2586 3739 2709 3792 inde
2757 3756 2815 3792 se
2857 3740 3213 3807 comprobare
3258 3742 3391 3793 satis

1820 3850 1980 3902 posse
2006 3842 2219 3901 putant,
2244 3833 2393 3902 quod
2432 3835 2693 3902 scriptum
2732 3836 2844 3887 sit:
2885 3832 3180 3886 Masculunt
3216 3847 3263 3888 et
3315 3837 3392 3904 fv-

1820 3927 2014 3980 minat’n
2043 3930 2233 3980 crearit
2267 3944 2389 3989 eos;
2428 3927 2594 3979 item:
2619 3927 2977 3979 Dominamini
3010 3928 3245 3995 piscibus
3279 3947 3390 3980 ma-

1820 4021 1914 4084 ris,
1954 4031 2003 4073 et
2036 4020 2335 4073 volucribus
2363 4021 2495 4083 caeli,
2536 4036 2658 4088 qua:
2715 4021 2909 4088 plttrait
2972 4036 3195 4073 numero
3247 4021 3390 4074 dicta

1818 4122 1966 4166 sunt.
2002 4110 2287 4175 Przeterea,
2322 4112 2447 4180 quia
2474 4113 2579 4164 Eva
2616 4113 2685 4163 ob
2713 4110 2940 4165 fractam
2998 4113 3165 4179 legem
3220 4115 3391 4180 magis

1820 4206 1982 4259 etiam
2016 4205 2340 4272 culpabatur
2365 4219 2528 4271 quant
2558 4202 3388 4270 AdanulVequeveroalisutdum

1818 4307 1919 4360 est,
1947 4300 1990 4351 si
2034 4299 2145 4357 hinc
2187 4307 2279 4350 aut
2307 4298 2393 4350 illa
2431 4312 2550 4365 qua:
2582 4297 2647 4349 ad
2681 4296 2945 4347 Adamum
2992 4296 3150 4347 modo
3180 4296 3393 4349 loeutus

1820 4388 1991 4441 videri
2020 4396 2196 4456 potest
2227 4376 2481 4449 Deus,‘ea
2514 4387 2615 4439 sub
2645 4386 2772 4437 Adae
2797 4400 3025 4452 persona
3080 4387 3145 4438 ad
3181 4396 3393 4439 utrum-

1824 4494 1929 4546 que
1978 4479 2219 4547 ipsorum
2255 4478 2397 4531 dicta
2444 4486 2720 4542 putemus.
2774 4474 2905 4528 Nam
2947 4478 3087 4544 quod
3129 4482 3392 4544 scriptum

1824 4570 1987 4622 estin
2044 4568 2307 4621 Psalmo:
2357 4567 2549 4618 Beatus
2600 4567 2676 4617 rir
2712 4566 2799 4632 qui
2842 4582 2939 4617 non
2994 4567 3280 4619 (inibit/nbit
3342 4570 3392 4620 in

1822 4659 1904 4711 eia
1939 4659 2218 4724 impiorum
2258 4658 2332 4721 ως
2368 4658 2611 4723 profecto
2646 4656 2711 4707 ad
2747 4664 3038 4724 utrttmque
3071 4673 3258 4709 sexum
3290 4663 3393 4712 sub

1823 4749 1996 4802 solius
2028 4750 2129 4800 viri
2159 4747 2376 4800 nomine
2408 4752 2643 4814 spectat.
2675 4744 2738 4797 Et
2767 4762 2886 4813 qua:
2917 4746 2969 4798 in
3004 4747 3394 4803 ecclesiasticis

1824 4840 2071 4893 consiliis
2106 4839 2464 4906 tcetibusque,
2500 4838 2566 4891 de
2598 4838 2731 4891 viris
2775 4839 3145 4907 disiteptamus
3187 4841 3397 4893 consti-

1828 4931 2159 4998 tuimusque,
2194 4944 2322 4983 sane
2376 4930 2441 4981 ad
2495 4929 2726 4982 leminas
2780 4944 2845 4981 ex
2897 4945 3053 4998 aequo
3102 4930 3397 4998 pertinent.

1826 5025 2091 5078 Caeterum
2146 5022 2291 5090 quod
2342 5036 2445 5075 non
2494 5036 2622 5075 voce
2674 5022 2918 5075 exaudiri
2976 5030 3185 5089 posset,
3235 5022 3395 5076 latam

1827 5131 1945 5170 esse
1987 5118 2155 5181 legem
2187 5115 2378 5178 aiunt;
2415 5115 2506 5167 sed
2544 5114 2779 5181 quodam
2839 5113 3185 5167 revelationis
3238 5118 3399 5168 modo

1831 5209 2131 5271 immissum
2164 5209 2221 5267 in
2259 5207 2497 5276 ipsorum
2557 5207 2793 5269 animos,
2852 5206 3032 5260 simile
3056 5222 3178 5261 esse
3211 5209 3400 5261 dicunt

1834 5304 1941 5357 illis
1969 5287 2100 5357 i‘isis
2122 5318 2243 5371 qua:
2275 5300 2554 5371 prophetis
2578 5310 2866 5369 apparent.
2896 5298 3029 5353 Nam
3068 5300 3230 5354 simul
3260 5302 3401 5353 indi-

1837 5405 1943 5449 tam
1981 5396 2147 5449 luisse
2178 5395 2395 5465 illorum
2435 5376 2708 5445 mentibus
2741 5393 2846 5443 vim
2874 5391 3161 5461 quamdam
3196 5389 3397 5443 intelli-

1835 5491 1989 5561 gelidi
2007 5503 2069 5541 ac
2088 5486 2249 5541 veluti
2266 5484 2507 5538 intuendi
2522 5492 2682 5552 atque
2703 5484 2772 5536 ita
2785 5476 3313 5553 certocoguoseeudi
3334 5482 3385 5534 id

1836 5703 2081 5757 nuditate
2119 5696 2644 5777 t-orportnn_nullus
2683 5697 2965 5751 oriebatur
2999 5693 3197 5759 rubor,
3235 5691 3394 5763 quale

1832 5790 2052 5844 quoque
2086 5774 2267 5828 etit°in
2306 5774 2495 5837 patria.
