4202 6430
822 409 881 471 51
2054 406 2283 464 MO‘SIS
2324 407 2411 463 BA
2425 406 2469 464 li
2510 405 2749 468 CEI’IU

3908 414 4019 481 552

786 524 930 592 quod
958 522 1315 589 iubebantur,
1345 520 1489 573 nulla
1532 518 1903 572 intercedente
1940 532 2069 572 voce
2111 533 2229 584 qua.-
2253 533 2349 571 au-
2376 520 2424 579 Α
2451 514 2717 569 Nimirum
2755 526 2811 569 ut
2856 521 3108 585 princeps
3142 519 3275 574 solet
3311 536 3415 574 non
3459 523 3614 577 facile
3653 533 3812 592 atque
3842 532 4021 587 amice

784 615 965 671 diendi
1011 629 1230 667 sensum
1277 619 1545 675 moveret;
1588 625 1712 665 cum
1750 624 1993 677 serpens,
2031 608 2247 675 quando
2290 607 2356 661 de

782 708 898 773 lege
936 706 1042 758 lata
1099 704 1483 770 interrogabat,
1523 716 1802 770 perperam
1854 700 1965 766 ipsa
2002 698 2133 767 legis
2192 698 2355 751 verba

784 798 1057 860 retulerit,
1098 796 1349 849 nimirum
1373 794 1499 860 quia
1536 808 1643 846 non
1679 794 1847 859 legem
1881 790 2050 857 ipsam
2086 790 2351 853 auditam,

785 904 909 941 cum
942 890 1190 947 l'erretur,
1248 885 1486 948 tenebat,
1514 887 1604 937 sed
1660 880 1963 949 suspiciens
2017 880 2356 948 conjectabat

787 982 973 1040 modo,
1006 989 1066 1032 ut
1093 978 1183 1045 qui
1213 992 1335 1030 cum
1370 978 1574 1029 videret
1615 974 1907 1026 animantia
1937 975 2135 1041 passim
2167 988 2358 1041 capere

784 1069 1066 1137 pabulum,
1104 1064 1370 1118 Adamum
1394 1080 1521 1117 vero
1542 1063 1820 1129 Erantque
1851 1062 1948 1115 etsi
1973 1077 2196 1129 corpore
2227 1078 2357 1116 con-

784 1170 991 1211 starent
1019 1198 1032 1217 ,
1070 1159 1309 1211 nondum
1345 1167 1521 1209 tamen
1543 1155 1710 1216 vesci,
1749 1155 1906 1206 facile
1936 1154 2144 1206 venerit
2178 1154 2229 1205 in
2263 1170 2358 1207 su-

783 1248 1105 1312 Spicioncm,
1175 1248 1495 1313 imperatam
1533 1244 1618 1297 his
1653 1258 1772 1296 esse
1825 1242 1993 1309 legem
2040 1243 2353 1310 quampiam

782 1351 889 1403 qua
962 1336 1208 1389 vescendi
1282 1335 1474 1386 modus
1550 1334 1745 1400 aliquis
1791 1342 1935 1385 esset
1986 1335 2352 1402 pra-scriptus.

785 1425 883 1477 llis
913 1440 1040 1491 ergo
1069 1425 1401 1476 inducuntur
1436 1424 1523 1475 isti
1574 1423 1898 1479 rationibus.
1932 1433 1986 1474 ut
2014 1433 2198 1492 putent
2253 1424 2360 1476 ὼε-

786 1530 1002 1568 mouent
1039 1515 1283 1582 ignarum
1322 1514 1587 1574 mandati,
1625 1513 1908 1565 mulierem
1940 1513 2026 1566 illa
2062 1515 2359 1583 interroga—

786 1607 930 1658 tione
954 1620 1075 1657 esse
1125 1608 1403 1666 adortum,
1440 1605 1582 1672 quod
1625 1619 1687 1656 ex
1726 1604 1841 1667 ipsa
1898 1604 2067 1672 legem
2103 1606 2354 1665 disceret,

786 1711 957 1763 caque
991 1697 1233 1765 cognita,
1274 1706 1325 1748 et
1367 1695 1432 1748 iis
1473 1695 1675 1761 quibus
1734 1696 1995 1765 imperata
2033 1706 2147 1749 erat
2180 1707 2229 1748 et
2255 1698 2354 1764 ipsi

784 1790 1077 1857 b-gislatori
1116 1790 1419 1842 insubaret.
1469 1787 1598 1842 Esto
1641 1801 1823 1843 autem
1879 1791 2142 1857 judicium
2194 1804 2354 1856 penes

786 1882 1246 1941 lectm'em,utram
1277 1881 1466 1934 harum
1493 1882 1724 1935 duarum
1746 1883 2052 1950 Opinionem
2074 1882 2355 1949 approbet;
2392 1881 2428 1899 "

784 1980 878 2037 pet
899 1983 959 2022 -st
984 1973 1126 2023 enim
1152 1971 1204 2023 in
1229 1973 1432 2025 utravis
1459 1974 1825 2041 acquiescere.
1846 1972 2111 2026 Cmterum
2139 1972 2356 2026 Satame

784 2064 946 2116 velut
996 2063 1085 2116 illa
1129 2065 1181 2115 in
1225 2064 1342 2130 ipso
1394 2066 1573 2116 statim
1612 2063 1836 2117 exordio
1866 2106 1880 2129 ,
1929 2066 2018 2118 Dei
2053 2066 2232 2118 verbis
2267 2066 2358 2117 ad-

786 2167 1109 2220 versantur;
1152 2156 1433 2208 mandarat
1463 2160 1606 2209 enim
1658 2157 1799 2210 Deus
1830 2158 1957 2209 Ad;e
2005 2169 2166 2226 atque
2204 2156 2357 2209 uxori

787 2260 844 2303 ut
869 2252 933 2303 de
961 2250 1218 2304 omnibus
1250 2251 1537 2306 arboribus
1582 2253 1819 2320 paradisi
1854 2262 2198 2305 vescerentur
2222 2252 2358 2320 (2|),

787 2340 880 2392 srd
908 2340 972 2393 de
1004 2341 1119 2393 sola
1156 2341 1349 2394 arbore
1377 2343 1615 2395 scicntia-
1650 2342 1774 2394 boni
1805 2353 1856 2394 et
1885 2343 2007 2394 ntali
2043 2358 2149 2394 non
2179 2358 2362 2395 vesce-

787 2440 995 2485 rentur.
1057 2433 1126 2483 At
1167 2432 1255 2485 ille
1292 2443 1478 2485 contra
1517 2452 1529 2485 :
1574 2431 1697 2484 Vere
1723 2433 1941 2501 (inquit)
1995 2435 2128 2485 dixit
2164 2433 2298 2485 Deus
2333 2449 2350 2487 :

788 2519 874 2574 Ne
906 2523 967 2574 de
1023 2524 1299 2574 arboribus
1366 2524 1604 2591 paradisi
1657 2526 2145 2593 resccretnini,qua2
2192 2526 2365 2579 oratio

795 2630 1017 2684 prorsus
1048 2632 1171 2669 cum
1219 2615 1312 2669 Dei
1342 2618 1591 2670 oratione
1624 2630 1847 2686 pugnat.
1885 2616 2110 2670 Videtur
2145 2633 2271 2671 vero
2305 2618 2358 2670 in

790 2708 910 2777 ipso
970 2709 1241 2763 sermonis
1295 2710 1452 2761 initio
1503 2711 1712 2761 ιιιιιιιιυιι
1768 2710 1885 2762 ideo
1944 2710 2106 2763 verba
2152 2728 2247 2764 sua
2297 2712 2361 2763 ad

791 2801 994 2853 multas
1055 2802 1277 2853 arbores
1338 2801 1687 2863 extendisse,
1745 2811 1801 2853 ut
1853 2803 2198 2854 occasionem
2260 2802 2364 2855 sibi

792 2900 1135 2958 compararet
1172 2890 1222 2941 in
1261 2893 1553 2958 progressu
1586 2905 1745 2942 Unam
1779 2890 1921 2940 illam
1953 2890 2173 2941 vetitam
2201 2891 2365 2943 arbo-

791 2996 904 3032 rem
943 2981 1335 3032 calumniandi.
1370 2980 1502 3031 Nam
1543 2982 1698 3047 cujus
1732 2980 1909 3031 studia
1965 2980 2015 3031 in
2051 2982 2363 3034 universum

792 3072 971 3124 omnia
1013 3071 1262 3139 improba
1293 3081 1420 3123 sunt
1466 3082 1631 3138 atque
1669 3086 1944 3139 pervena,
1978 3072 2119 3125 haud
2165 3074 2362 3125 mirum

794 3176 878 3217 est
911 3165 952 3215 si
979 3165 1045 3217 ab
1079 3164 1429 3230 improbitate
1476 3165 1792 3230 auspicetur
1827 3182 1841 3217 :
1874 3164 1939 3215 L'l
1982 3167 2052 3216 ait
2081 3165 2264 3218 mulier
2299 3166 2364 3217 ad

790 3267 1077 3319 serpentem
1113 3269 1130 3305 :
1161 3253 1233 3305 De
1263 3254 1522 3321 fructi-'2”
1552 3255 1796 3305 arbcrnnt
1846 3256 2090 3319 paradisi
2130 3257 2364 3306 omnium

789 3346 1213 3405 conmrlinms,de
1248 3344 1508 3411 fructibus
1543 3344 1746 3396 arboris
1794 3361 1906 3411 qua!
1965 3355 2041 3397 est
2111 3348 2162 3397 in
2208 3346 2366 3398 medi-

793 3434 945 3487 tullio
976 3433 1220 3501 paradisi
1251 3435 1387 3484 dixit
1426 3432 1563 3485 Deus
1600 3448 1617 3485 :
1657 3433 1737 3486 Λέ
1772 3436 1940 3487 edulis
1983 3438 2043 3487 de
2086 3452 2167 3499 ea,
2208 3452 2367 3503 neque

795 3527 1023 3593 tangatis
1052 3541 1187 3589 cam,
1212 3541 1271 3577 ne
1302 3526 1617 3576 moriemini.
1647 3523 1787 3589 Non,
1819 3527 2014 3595 inquit,
2046 3542 2077 3581 ο
2105 3543 2351 3596 serpens,

792 3616 931 3683 jussi
963 3630 1155 3669 smnus
1185 3617 1253 3667 ah
1281 3616 1536 3667 erunibus
1569 3618 1845 3669 abstinere
1872 3619 2185 3681 arboribus,
2222 3629 2279 3671 ut
2311 3629 2365 3671 tu

796 3706 1003 3768 dixisti,
1055 3707 1148 3759 sed
1201 3706 1268 3758 ab
1293 3722 1396 3758 una
1448 3708 1561 3759 sola
1620 3724 1738 3775 qua:
1794 3708 1845 3760 in
1906 3710 2139 3777 paradisi
2190 3711 2370 3765 medio

799 3807 1015 3861 exstat;
1070 3796 1561 3865 intertninatusquc
1614 3807 1697 3851 est
1744 3799 1900 3851 nobis
1952 3799 2092 3852 Deus
2128 3800 2369 3853 futurum

800 3898 859 3941 ut
890 3888 1214 3952 moriamur,
1251 3888 1297 3940 si
1334 3888 1399 3941 de
1437 3889 1536 3941 hac
1561 3890 1853 3944 ederimus.
1886 3891 2150 3943 Cmterum
2185 3893 2376 3944 existi-

805 3981 1062 4033 tnaudum
1105 3990 1206 4044 est,
1244 3980 1526 4033 mulierem
1563 3998 1669 4033 non
1698 3982 1859 4035 modo
1887 3983 2135 4036 arborem
2172 3983 2222 4035 in
2259 4001 2370 4037 tne-

800 4072 891 4127 ι]Ξο
947 4074 1103 4126 sitam
1163 4074 1418 4141 paradiso
1469 4074 1609 4142 apud
1672 4085 1979 4142 serpentem
2042 4075 2372 4141 nominasse,

805 4164 898 4217 sed
932 4165 1205 4216 addidisse
1234 4165 1422 4223 etiam,
1457 4165 1693 4216 scicntia’
1722 4164 1842 4217 boni
1891 4176 1937 4216 et
1987 4167 2137 4229 muli,
2168 4169 2379 4219 tametsi

807 4255 910 4306 hoc
943 4252 1120 4306 Moses
1161 4255 1521 4320 praeterierit;
1574 4256 1832 4307 credibile
1875 4258 2017 4307 enim
2051 4268 2152 4322 est,
2206 4258 2375 4324 ipsum

807 4342 1050 4395 mandati
1076 4343 1238 4394 verba
1273 4344 1453 4395 omnia
1484 4344 1759 4408 recitasse,
1789 4346 1926 4395 inter
1951 4360 2071 4413 qua:
2102 4347 2262 4398 etiam
2291 4347 2378 4398 illa

806 4443 933 4489 sunt
966 4433 1068 4488 :Et
1096 4438 1166 4486 ait
1204 4450 1416 4503 serpens
1440 4435 1509 4486 ad
1543 4435 1811 4486 mulierem
1832 4452 1847 4485 :
1871 4434 1989 4486 Non
2021 4447 2237 4487 mortem
2277 4454 2386 4487 mo-

2458 607 2600 661 ferre
2631 607 2866 675 aequales
2897 624 3028 662 suos
3056 611 3349 679 principes,
3381 613 3451 663 ita
3485 628 3659 681 neque
3695 613 3856 667 Deum
3884 616 4023 672 deos

2457 699 2566 766 pati
2595 699 2729 753 alios
2759 713 2915 767 posse
2941 714 2954 762 ;
2987 709 3246 767 prmterea
3276 711 3334 754 ut
3378 702 3567 754 incitet
3598 704 3660 755 ad
3690 706 4018 760 vescendum

2460 790 2624 842 vetito
2657 791 2856 855 fructu,
2897 792 3049 860 quasi
3086 792 3227 845 dicat
3263 811 3277 847 :
3310 794 3427 848 Non
3474 795 3635 848 modo
3666 813 3773 850 non
3825 800 4015 850 morie-

2459 880 2612 941 tuini,
2660 898 2843 935 verum
2891 884 3050 937 etiam
3092 883 3383 951 pluritnum
3422 886 3699 949 crescetis,
3738 890 3933 957 quippe
3966 890 4020 943 in

2459 970 2588 1024 deos
2618 974 2834 1025 evasuri
2881 975 3057 1042 qualis
3103 976 3189 1029 ille
3219 977 3469 1029 conditor
3522 988 3703 1033 vester
3749 993 3851 1033 ρει.
3886 980 4020 1034 Nam

2460 1063 2513 1115 in
2560 1063 2677 1133 ipso
2724 1063 2923 1127 fructu,
2954 1066 3205 1134 interque
3235 1083 3411 1120 ramos
3457 1068 3603 1123 illius
3648 1072 3856 1125 arbor's
3894 1073 4026 1125 latet

2467 1153 2768 1207 divinitatis
2816 1154 2924 1217 vis,
2959 1155 3029 1207 ita
3079 1163 3138 1206 ut
3185 1157 3435 1226 quisquis
3476 1170 3743 1225 vescatur,
3793 1163 3877 1215 ille
3922 1176 4027 1232 pro

2458 1243 2561 1295 deo
2589 1244 2700 1307 fiat,
2732 1246 2967 1314 bonique
2999 1261 3060 1298 ac
3090 1246 3214 1297 mali
3245 1263 3463 1315 gnarus.
3496 1249 3596 1302 Per
3626 1252 3814 1303 oculos
3842 1266 4023 1306 autem

2459 1334 2802 1399 aperiendus,
2852 1337 3177 1404 cognitionis
3227 1352 3475 1403 acumen,
3532 1342 4026 1408 perspicacitatern,

2461 1434 2622 1490 atque
2674 1423 2801 1476 boui
2856 1427 3093 1495 malique
3129 1428 3515 1495 experientiam
3566 1432 3866 1497 polliCetur.
3919 1432 4027 1485 De-

2460 1520 2624 1584 nique
2656 1518 2795 1586 quod
2845 1518 2975 1571 deos
3025 1516 3164 1582 fore,
3201 1536 3427 1574 numero
3474 1522 3858 1584 multitudinis,
3898 1540 4031 1592 pro-

2460 1608 2659 1670 mittit;
2704 1608 2813 1661 huc
2862 1607 3010 1671 facit,
3047 1618 3104 1661 ut
3139 1608 3382 1675 ipsorum
3434 1612 3629 1665 animis
3664 1612 3868 1665 inserat
3902 1617 4027 1681 opi-

2461 1699 2704 1759 nionem,
2751 1715 2855 1752 non
2911 1701 3206 1753 maximum
3261 1715 3461 1753 numen
3515 1716 3634 1755 esse
3684 1718 3803 1756 eum
3856 1702 4026 1756 Deum

2462 1789 2553 1858 qui
2586 1804 2653 1842 ne
2689 1789 2754 1842 de
2790 1791 2983 1842 arbore.
3020 1792 3106 1843 illa
3134 1792 3374 1849 ederent,
3408 1791 3785 1845 interminatus
3824 1794 4027 1858 fuerat,

2463 1883 2554 1935 sed
2589 1896 2709 1934 esse
2747 1882 2909 1934 etiam
2963 1883 3095 1935 deos
3132 1884 3270 1935 alios
3316 1884 3390 1936 illi
3443 1899 3615 1951 pares.
3670 1884 3931 1937 l’rmterea
3972 1896 4033 1939 ut

2464 1974 2763 2042 improbam
2807 1973 2954 2026 illam
3006 1973 3486 2036 existimationem,
3535 1991 3695 2043 quam
3739 1986 3885 2029 esset
3928 1976 4032 2029 ali-

2465 2069 2679 2135 quando
2710 2067 2959 2134 gentibus
2998 2082 3377 2135 persuasurus,
3409 2071 3715 2135 complures
3746 2070 3873 2121 deos
3909 2084 4034 2121 esse

2468 2159 2520 2209 iu
2552 2158 2720 2223 orbe;
2752 2158 2817 2210 ab
2847 2159 2965 2226 ipso
2990 2159 3172 2211 statim
3207 2158 3380 2222 initio,
3416 2160 3715 2226 primorum
3746 2176 3885 2227 pare.
3916 2172 4029 2213 tum

2466 2252 2687 2304 auribus
2715 2250 3023 2317 iustillaret,
3050 2262 3210 2321 atque
3237 2253 3306 2304 ita
3336 2254 3401 2305 ad
3428 2267 3587 2305 omne
3636 2252 3834 2305 malum
3861 2270 4035 2320 genus

2468 2344 2765 2396 humanum
2817 2352 3105 2395 averterit.
3159 2345 3498 2411 Quapropter
3551 2355 3693 2396 recte
3740 2344 4033 2395 admodum

2470 2434 2700 2487 Satanas
2752 2434 2840 2487 ille
2904 2434 3065 2485 etiam
3118 2434 3368 2486 diabolus
3420 2432 3529 2501 (22)
3576 2442 3659 2485 est
3706 2433 4035 2500 aprellatus.

2470 2527 2707 2581 Satanas
2753 2527 2997 2595 quidem,
3041 2533 3094 2579 et
3141 2526 3264 2594 quia
3315 2524 3429 2593 ipse
3489 2539 3519 2577 a
3558 2523 3665 2577 Deo
3704 2529 3948 2587 recessit,
3983 2535 4038 2575 et

2466 2618 2593 2686 quia
2664 2617 2921 2669 mortales
2979 2616 3149 2669 aDco
3197 2615 3415 2668 alalmit
3490 2624 3550 2667 ut
3607 2623 3880 2668 sectentur
3940 2628 4040 2667 eos

2468 2706 2561 2775 qui
2605 2706 2737 2758 iram
2790 2705 3041 2773 pariant;
3083 2704 3332 2757 diabolus
3378 2719 3525 2768 vero,
3564 2705 3663 2757 |;oe
3692 2715 3791 2763 est.
3827 2705 4043 2757 caluit.-

2471 2799 2667 2860 niator,
2719 2798 2845 2864 quia
2892 2794 3061 2849 Deum
3098 2810 3191 2863 per
3230 2794 3558 2848 calumniam
3605 2796 3859 2864 culpabat
3894 2799 4040 2863 apud

2470 2887 2738 2939 Adantum
2766 2894 2817 2940 et
2848 2885 3035 2951 Evam,
3064 2885 3219 2954 quasi
3253 2901 3348 2954 per
3374 2900 3594 2939 causam
3622 2887 3837 2941 invidia:
3873 2889 4045 2942 inter-

2478 2977 2741 3029 minatum
2808 2992 2876 3029 nc
2924 2977 2991 3030 de
3042 2977 3234 3030 arbore
3287 2976 3376 3029 illa
3444 2986 3757 3046 gustarem;
3807 2986 3860 3031 et
3915 2981 4043 3045 quia

2472 3070 2713 3123 vicissim
2771 3070 3021 3123 homines
3054 3069 3290 3122 traducit
3342 3070 3480 3136 apud
3536 3068 3723 3129 Deum,
3759 3079 3816 3121 ut
3844 3068 3911 3121 de
3940 3065 4045 3119 Job

2416 3211 2439 3236 π
2475 3160 2600 3226 seri;
2626 3170 2737 3213 tum
2768 3170 2962 3213 exstat.
2999 3160 3070 3213 De
3102 3160 3205 3213 hoc
3230 3159 3372 3212 enim
3403 3160 3481 3212 sic
3510 3161 3649 3227 apud
3684 3158 3851 3211 Deum
3884 3161 4045 3210 verba

2475 3252 2706 3303 faciebat
2737 3267 2749 3302 :
2787 3250 3023 3303 Extende
3061 3267 3275 3302 manum
3308 3262 3475 3313 tuam,
3526 3262 3575 3303 et
3624 3261 3779 3318 tange
3831 3266 4044 3303 carnem

2471 3344 2657 3411 ipsius,
2700 3358 2822 3393 nunt
2860 3344 2910 3395 in
2958 3343 3147 3409 [aciem
3194 3355 3337 3394 tuam
3381 3343 3661 3394 maledicat
3702 3344 3797 3393 tibi
3827 3344 3916 3394 "?
3946 3342 4050 3394 De-

2476 3434 2638 3502 rique
2663 3436 2788 3502 quia
2822 3434 3147 3502 persuadere
3174 3434 3495 3487 mortalibus
3529 3435 3734 3486 laborat
3764 3432 3871 3485 Deo
3901 3434 4047 3499 ipsos

2474 3540 2619 3577 cura:
2645 3540 2749 3575 nou
2777 3538 2921 3576 esse.
2946 3522 3081 3576 Cum
3110 3505 3193 3575 lex,
3222 3524 3401 3575 omnis
3428 3535 3518 3575 aut
3550 3525 3612 3575 al
3644 3523 4045 3591 prohibemlam

2475 3625 2778 3684 peceatum,
2805 3627 2896 3667 aut
2919 3614 2984 3666 ad
3010 3616 3429 3680 promerendam
3453 3614 3717 3683 justitiam
3746 3616 4008 3679 pertineat
4034 3631 4046 3676 ;

2478 3718 2641 3777 atque
2688 3710 2768 3761 vel
2816 3708 3105 3760 formidine
3138 3722 3308 3776 poena:
3338 3722 3456 3775 qua.-
3500 3707 3922 3767 rebellantibus,
3970 3706 4053 3755 vel

2478 3813 2573 3866 spe
2616 3798 2821 3864 prtemii
2860 3796 3004 3863 quod
3042 3796 3356 3861 parentibus
3407 3794 3769 3862 praestitutum
3816 3800 3920 3853 est,
3957 3794 4055 3843 ob-

2478 3898 2749 3941 servetur.
2813 3888 3049 3953 Serpens
3086 3886 3208 3948 iste,
3258 3886 3357 3938 hoc
3384 3894 3466 3937 est
3500 3885 3766 3947 diabolus,
3804 3899 3869 3937 eo
3910 3885 4056 3951 quoi

2477 3982 2548 4033 ait
2584 3998 2596 4033 :
2625 3978 2743 4031 Non
2777 3978 3068 4031 moriemini
3100 3978 3263 4028 etiam
3296 3977 3340 4027 si
3372 3975 3615 4038 ederitis,
3652 3990 3820 4042 rosum
3853 3993 3883 4025 ιι
3908 3988 4058 4028 etum

2481 4073 2804 4125 submovere
2836 4078 3084 4131 conatur,
3113 4082 3223 4137 quo
3252 4069 3327 4120 illi
3361 4068 3784 4136 prohibebantur
3811 4084 3839 4117 a
3874 4077 4061 4118 trans-

2486 4162 2780 4230 grediendo
2823 4162 2992 4226 legent
3046 4158 3158 4211 Dei.
3192 4160 3400 4211 ltursus
3447 4160 3576 4210 dum
3627 4157 3775 4209 addit
3818 4173 3833 4208 :
3890 4156 4066 4208 Erilis

2484 4255 2618 4307 sicut
2669 4254 2768 4315 dii,
2822 4254 3070 4304 maximae
3115 4251 3277 4303 etiam
3332 4248 3597 4302 mercedis
3630 4262 3722 4315 spe
3770 4247 3958 4309 lactat,
4019 4248 4068 4299 si

2488 4356 2770 4398 vescantur
2818 4343 3087 4397 fructibus
3120 4358 3148 4391 a
3186 4344 3293 4394 Deo
3328 4340 3527 4393 vetitis.
3563 4341 3659 4392 Est
3690 4354 3813 4391 vero
3862 4341 4072 4391 exsti-

2488 4438 2740 4490 litandum
2776 4436 2940 4494 lixam
2975 4449 3148 4501 neque
3190 4436 3261 4486 ita
3292 4433 3568 4499 accepisse
3598 4432 3757 4484 verba
3792 4432 4076 4498 serpentis

811 4527 1038 4586 rientini,
1058 4527 1145 4577 sed
1172 4526 1309 4577 norit
1332 4525 1469 4578 Deus
1487 4528 1623 4594 quod
1643 4527 1840 4594 quodie
1857 4528 2065 4578 ederilis
2084 4528 2241 4592 tlcca,
2266 4545 2385 4595 ape—
2425 4548 2461 4599 ι)
2493 4526 2607 4577 sive
2638 4523 2866 4586 diabozi,
2900 4531 3155 4587 tauquam
3193 4535 3313 4589 quae
3340 4520 3603 4586 disputari
3636 4527 3853 4584 passent
3880 4534 3896 4579 ;
3929 4519 4077 4569 alio-

811 4618 1172 4671 rienturoculi
1200 4623 1379 4683 vestri,
1418 4629 1465 4671 et
1498 4621 1643 4671 eritis
1672 4620 1805 4671 sicut
1829 4621 1904 4671 dii
1929 4621 2146 4672 scientes
2186 4621 2305 4672 boni
2339 4630 2385 4671 et

813 4709 959 4763 ntali.
992 4711 1124 4762 Cum
1164 4709 1239 4762 ait
1278 4724 1533 4777 serpens;
1555 4706 1677 4759 Non
1704 4716 1865 4759 morlc
1896 4710 2209 4775 moriemini,
2235 4711 2392 4762 audet

817 4803 911 4855 llci
939 4804 1163 4854 verbum
1199 4813 1574 4866 contemnere,
1613 4801 1844 4868 falsique
1878 4816 2105 4869 arguere
2136 4819 2149 4853 :
2182 4800 2393 4855 dixerat

815 4896 959 4949 enim
994 4896 1085 4950 ille
1117 4897 1413 4949 morituros
1445 4896 1549 4948 nisi
1588 4894 1655 4947 ab
1689 4894 1779 4948 illa
1808 4896 2001 4947 arbore
2035 4896 2384 4954 abstinerent,

816 5000 869 5041 ct
918 4988 1079 5040 simul
1117 4987 1404 5041 submovet
1455 4996 1658 5039 metum
1700 4986 1895 5039 mortis
1936 5000 2043 5051 quo
2090 4985 2156 5037 ab
2191 4998 2253 5036 ea
2288 5000 2389 5053 gu-

819 5081 1008 5133 standa
1040 5078 1118 5131 illi
1155 5079 1524 5132 abStinebaut.
1579 5076 1787 5132 Caetera
1838 5077 2000 5128 verba
2035 5090 2098 5128 eo
2128 5084 2389 5143 spectant,

820 5180 880 5223 ut
924 5172 1246 5237 persuadeat
1296 5174 1463 5225 Deum
1513 5188 1609 5241 per
1646 5171 1909 5225 invidiam
1942 5187 2003 5225 ea
2054 5171 2162 5223 illis
2201 5171 2393 5223 arbore

823 5265 1203 5331 interdixisse;
1236 5281 1427 5334 nempe
1452 5281 1521 5321 ne
1549 5265 1623 5320 dii
1653 5265 1860 5330 fierent,
1885 5264 2060 5332 qualis
2087 5264 2202 5332 ipse
2228 5269 2392 5315 esset.

897 5445 941 5475 ιι
976 5441 1076 5498 Job
1124 5460 1163 5512 ι,
1207 5444 1295 5512 ιι,
1343 5445 1427 5499 ιι.

901 5604 1013 5672 (2|)
1050 5600 1312 5672 Superius
1341 5612 1531 5657 auctor
1568 5601 1733 5655 citat:
1764 5600 1845 5654 Ne
1874 5602 1936 5655 de
1971 5602 2211 5656 omnibus
2247 5603 2401 5655 arbo—

828 5676 971 5799 altus
1002 5675 1257 5741 paradisi,
1290 5686 1421 5740 etc.,
1452 5688 1575 5729 cum
1603 5672 1759 5741 signo
1796 5672 2113 5737 universali,
2152 5684 2207 5728 ut
2230 5684 2312 5727 est
2338 5672 2393 5725 in

881 5749 1075 5798 ebrzeo.

881 5767 1316 5885 t[(lgzréiuoverbum,
1357 5812 1449 5867 Sot
1503 5814 1653 5885 Syris
1700 5823 1754 5870 et
1794 5813 2058 5869 Cltaldreis
2108 5814 2397 5883 signilirat,

2495 4615 2587 4683 qui
2619 4616 2761 4666 enim
2802 4613 2986 4665 multis
3010 4612 3081 4664 illi
3109 4613 3304 4673 modis,
3329 4620 3422 4661 aut
3454 4623 3563 4660 uno
3586 4609 3775 4660 saltem
3804 4609 4075 4675 quopiam

2501 4707 2940 4775 respondissent;
2973 4719 3147 4771 neque
3176 4718 3366 4756 rursus
3388 4718 3485 4754 ceu
3512 4700 3677 4752 dubia
3702 4710 3754 4752 et
3782 4701 4071 4767 ambigua,

2499 4815 2621 4851 nam
2654 4799 2723 4849 ita
2764 4812 2981 4864 quoque
3009 4812 3116 4847 non
3144 4794 3406 4847 defuisset
3439 4793 3539 4861 ipsi
3576 4793 3717 4859 quod
3763 4802 3954 4843 contra
3989 4794 4077 4843 di-

2498 4898 2676 4953 ceret;
2715 4889 2979 4956 potuisset
3012 4886 3156 4938 enim
3207 4885 3535 4953 respondere
3583 4900 3597 4936 :
3649 4879 3799 4934 Unde
3833 4890 3889 4934 tu
3923 4885 4077 4937 nosti

2500 4981 2601 5032 hoc
2630 4977 2986 5048 mysterium?
3020 4979 3162 5030 Sane
3194 4977 3283 5042 qui
3312 4976 3560 5028 arborem
3592 4976 3858 5038 causevit,
3894 4975 4079 5044 major

2501 5082 2550 5126 te
2580 5083 2680 5128 est.
2716 5074 3004 5134 Praeterea,
3039 5070 3168 5138 quid
3202 5070 3305 5122 sibi
3352 5068 3464 5121 vult
3509 5070 3655 5137 quod
3687 5082 3837 5121 meos
3880 5070 4077 5121 oculos

2502 5176 2751 5234 apertqu
2791 5166 2853 5216 iri
2888 5164 2967 5216 ais
3000 5173 3213 5232 gustato
3247 5162 3448 5222 fi'rictu,
3480 5161 3697 5229 quando
3726 5160 3888 5212 etiam
3928 5176 4080 5214 nunc

2505 5274 2678 5328 neque
2710 5256 2958 5325 lippiunt,
2992 5270 3163 5323 neque
3193 5254 3361 5308 clausi
3395 5258 3561 5307 sunt?
3597 5251 3728 5304 Nam
3764 5251 3867 5304 uisi
3900 5254 4077 5318 aperti

2514 5599 2769 5663 recedere,
2803 5595 3090 5663 deﬂectere,
3141 5592 3283 5646 unde
3335 5591 3421 5646 hic
3462 5589 3680 5663 deducit
3735 5589 4082 5663 Sat_an.r_no-

2505 5687 2653 5732 men,
2714 5658 2875 5735 quod
2908 5669 3092 5719 verius
3131 5666 3198 5717 ab
3233 5664 3458 5717 Hebraeo
3506 5661 3672 5714 Sutan
3718 5661 3919 5735 venit._
3938 5658 4083 5735 Sane

2507 5728 2650 5808 Syri,
2683 5728 3029 5803 O'chalcarzo,
3060 5735 3250 5791 eodem
3280 5744 3461 5803 etymo
3494 5739 3691 5784 vocant
3719 5743 3828 5799 quo
3876 5728 4081 5793 Graeci,

2509 5810 2775 5863 διαϐολιᾶν.
