4202 6430
163 450 265 513 553

1287 435 1385 495 DE
1432 424 1830 491 PARADISO.
1872 446 1943 461 --
1980 421 2175 481 PARS
2212 421 2255 479 Ι.

3292 415 3396 476 554

165 565 371 617 essent,
402 553 495 623 qui
537 564 747 621 possem
783 564 882 617 ego
917 557 967 602 te
1005 545 1271 613 aspicere,
1324 548 1737 608 serpentemqnc
1766 534 1812 591 Λ
1838 530 2090 599 simplicit
2123 544 2149 581 r
2184 527 2373 580 intuita
2416 526 2587 592 ipsam
2639 524 2847 590 fuerat;
2897 533 2949 576 at
2985 532 3334 594 posteaquam
3368 542 3395 576 ιι

166 661 214 702 te
262 660 557 715 agnoscere
594 660 606 694 :
645 652 757 695 tum
798 639 957 699 illud,
996 637 1140 703 quod
1177 633 1300 688 boni
1351 631 1584 698 malique
1635 642 1729 695 pe-

167 742 296 791 ritus
345 736 460 789 fore
494 749 591 786 nos
636 745 940 792 asseveras,
978 728 1079 780 ttisi
1127 739 1228 790 ego
1260 722 1371 791 jam
1422 734 1565 773 nunc
1604 717 1731 784 quid

167 832 371 885 bonum
421 839 472 880 et
506 825 634 892 quid
673 824 874 877 malum
905 821 974 874 sit
1024 818 1313 885 intelligam
1340 854 1353 879 ,
1390 814 1483 883 qui
1535 810 1734 879 pOSsim

166 924 305 975 scire
335 918 623 972 consilium
658 926 810 969 tuum
840 928 959 966 esse
990 911 1245 981 probum,
1278 916 1370 961 aut
1398 903 1734 957 divinitatem

167 1014 366 1066 bonam
390 1051 405 1073 ,
442 1020 667 1063 inertem
698 1021 823 1058 vero
857 1002 1099 1058 malam?
1133 1001 1211 1054 Ad
1248 1002 1383 1061 hate,
1416 997 1543 1049 illud
1575 996 1735 1048 etiam

170 1104 413 1171 objicere
444 1100 708 1168 quivisset
742 1112 756 1150 :
792 1094 846 1148 Si
885 1108 1008 1147 vera
1042 1106 1252 1154 narras,
1284 1089 1371 1141 abi
1406 1096 1485 1149 tu,
1512 1096 1563 1138 et
1595 1086 1739 1155 prior

168 1198 323 1249 aufer
361 1194 429 1247 de
458 1193 652 1246 arbore
702 1190 787 1242 illa
820 1202 883 1241 ac
915 1199 1155 1249 vescere,
1186 1195 1242 1234 nt
1289 1180 1601 1245 aperiantur
1642 1175 1736 1227 tibi

170 1286 312 1339 oeuli
352 1287 560 1351 liasque
598 1282 730 1333 deus
760 1278 937 1331 sciens
969 1276 1092 1328 boni
1122 1283 1175 1326 et
1219 1270 1369 1332 tnali,
1402 1279 1511 1320 tntn
1546 1263 1741 1317 deinde

167 1394 265 1445 ego
293 1390 511 1445 quoque
540 1372 802 1425 accedens
848 1383 1055 1421 vescar.
1091 1367 1155 1417 At
1201 1377 1323 1416 eum
1368 1362 1558 1412 horum
1610 1356 1738 1409 nihil

170 1472 243 1523 illi
274 1466 639 1535 responderit,
671 1464 804 1517 satis
830 1462 1087 1527 colligere
1117 1468 1220 1521 est,
1258 1471 1432 1521 neque
1466 1461 1518 1503 ut
1552 1450 1736 1517 dispu-

169 1561 354 1614 tabilia
412 1570 590 1623 neque
619 1564 677 1607 ut
730 1555 932 1606 incerta
984 1549 1251 1617 serpentis
1305 1546 1464 1597 verba
1517 1544 1583 1596 ab
1634 1542 1739 1594 lixa

166 1670 287 1707 esse
336 1660 556 1717 accepta
614 1664 627 1700 :
678 1659 853 1712 neque
900 1644 1041 1695 enim
1093 1658 1201 1709 prae
1242 1637 1596 1707 imprudentia
1650 1646 1737 1687 ant

165 1741 421 1805 infantia,
456 1739 569 1792 luce
618 1736 821 1801 tacuit;
871 1734 1067 1802 quippe
1102 1746 1220 1799 qua:
1253 1732 1463 1782 ratione
1504 1727 1738 1794 prndero

167 1834 350 1901 tiaque
402 1832 451 1883 in
490 1831 609 1898 ipso
643 1842 744 1881 suo
779 1838 895 1878 ortu
941 1824 1163 1893 pra-dita
1213 1822 1407 1883 fuerat,
1455 1829 1508 1871 et
1558 1819 1600 1871 si
1644 1834 1735 1885 pa-

168 1942 392 1993 rntnper
422 1926 687 1976 adversus
716 1920 865 1973 illum
897 1925 1275 1987 argnmentata
1309 1913 1520 1973 fuisset,
1550 1911 1740 1963 victrix
1777 1897 1818 1954 Β

165 2021 434 2073 evasisset
468 2034 481 2069 :
515 2016 609 2070 sed
645 2016 715 2068 ita
745 2014 891 2066 illius
941 2010 1102 2062 verba
1154 2006 1447 2074 accepisse,
1482 2016 1737 2071 tanqu-tm

164 2127 284 2179 qua:
324 2111 516 2179 procul
548 2109 715 2163 dubio
749 2122 872 2159 vera
920 2115 1123 2158 essent.
1156 2101 1289 2153 Nam
1342 2115 1435 2167 per
1483 2100 1741 2151 daemonis

167 2204 465 2272 nequitiam
520 2199 680 2255 simul
713 2214 835 2253 cum
882 2196 987 2249 illis
1020 2193 1197 2247 verbis
1245 2210 1257 2244 :
1305 2190 1369 2243 Et
1418 2191 1561 2242 eritis
1608 2190 1742 2241 airttt

166 2298 258 2359 dii,
290 2296 556 2365 injectum
591 2305 671 2345 est
701 2293 798 2360 ipsi
830 2289 1163 2343 desiderium
1200 2283 1412 2337 arboris
1444 2281 1743 2349 gustandm,

168 2389 509 2447 incensaque
560 2394 641 2437 est
693 2380 942 2448 cupidine
1008 2374 1337 2430 divinitatis.
1401 2372 1549 2425 Solet
1601 2370 1743 2421 enim

170 2488 479 2546 pect‘atnm,
538 2483 771 2527 mentem
803 2484 991 2524 eorum
1022 2468 1116 2537 qui
1148 2466 1265 2532 ejus
1312 2474 1439 2517 sunt
1489 2462 1742 2522 studiosi,

173 2569 447 2634 Captivam
490 2563 591 2615 sibi
636 2560 972 2629 tratzcipare.

232 2658 308 2712 ‘D.
368 2657 565 2710 Maritv
598 2663 647 2707 et
703 2652 824 2706 [frte
863 2653 1207 2720 comparatio.
1242 2678 1312 2689 --
1348 2648 1427 2700 Tn
1478 2662 1627 2707 vero,
1671 2646 1746 2697 lc-

172 2760 306 2810 ctor,
360 2748 450 2799 hic
488 2746 620 2798 mihi
670 2742 891 2795 Mariam
944 2742 1084 2808 apud
1134 2752 1283 2791 tttttnt
1324 2737 1565 2790 animum
1616 2749 1748 2787 con-

175 2839 383 2891 tendito
438 2835 714 2904 paulisper
766 2848 891 2887 eum
933 2831 1077 2895 Eva;
1135 2840 1297 2898 atque
1346 2829 1494 2882 illius
1530 2827 1748 2895 quidem

173 2929 575 2991 fortitudinem,
626 2926 790 2993 hujus
839 2941 966 2979 vero
1016 2924 1318 2978 socordiam
1368 2938 1431 2975 ac
1483 2919 1748 2989 ignaviam

174 3021 621 3074 animadvertito.
657 3019 827 3073 Maria
854 3018 1001 3071 enim
1029 3031 1150 3085 qua:
1182 3014 1480 3081 sa-pissime
1508 3011 1753 3063 audierat

173 3116 507 3184 promissum
556 3129 681 3169 esse
720 3130 750 3167 a
795 3113 903 3166 Deo
932 3112 1196 3181 patribus,
1230 3108 1563 3160 nasciturum
1595 3102 1754 3156 Chri-

174 3218 341 3266 stum,
381 3222 556 3273 neque
599 3204 883 3275 ignorabat
920 3216 1041 3271 qutc
1079 3201 1145 3253 de
1194 3215 1256 3253 ea
1296 3214 1353 3252 re
1400 3204 1579 3251 essent
1618 3195 1749 3248 vati-
1777 3238 1822 3299 Ο
1860 3203 2075 3256 demum
2112 3216 2211 3270 pro
2246 3201 2400 3254 valde
2438 3199 2579 3253 {mna
2633 3200 2857 3267 diraque
2900 3202 3155 3255 habuisse

175 3298 344 3351 cinati
390 3298 685 3365 propltetzn,
718 3310 841 3349 cum
892 3296 1011 3363 ejus
1052 3293 1226 3345 nuntii
1260 3291 1429 3358 gratia
1479 3289 1546 3342 ad
1582 3289 1750 3356 ipsau

176 3391 417 3444 veniSSet
448 3389 676 3457 angelus
708 3388 886 3455 specie
917 3389 1173 3447 humana,
1210 3384 1547 3449 dixissetque
1575 3398 1589 3432 :
1620 3379 1758 3431 Can-

178 3484 335 3546 cipie:
387 3489 438 3531 et
490 3480 665 3544 paries
698 3479 779 3538 ⁵³ς
824 3489 1163 3543 nequaquam
1202 3473 1379 3526 subito
1417 3474 1570 3525 Iidem
1616 3472 1756 3523 illius

179 3572 363 3624 verbis
403 3570 673 3630 adtribuit,
728 3582 795 3619 eo
846 3566 988 3636 quod
1045 3565 1346 3618 inauditutu
1387 3572 1540 3614 antea
1590 3572 1755 3622 esset,

174 3665 449 3731 virginem
506 3662 824 3730 peperisse;
880 3658 973 3712 sed
1024 3673 1142 3709 eum
1201 3656 1353 3723 ipso,
1408 3652 1757 3721 disceptando

178 3771 291 3806 rem
341 3756 650 3818 expendere
697 3749 965 3817 occmpit,
1019 3748 1206 3800 dicens
1257 3764 1272 3799 :
1322 3745 1593 3809 Quomodo
1646 3743 1758 3808 ﬁeri

175 3852 347 3910 potest
380 3852 436 3891 nt
465 3840 564 3891 Itoc
590 3842 813 3904 eveniat,
841 3838 1049 3907 quando
1076 3839 1153 3889 rir
1180 3836 1307 3887 mihi
1337 3844 1489 3887 notus
1516 3848 1619 3885 non
1648 3834 1761 3886 est?

178 3938 314 3996 sive,
347 3935 525 3987 virum
558 3947 662 3984 non
696 3947 950 4000 cognosco
972 3930 1066 3982 "2’
1111 3937 1168 3983 ιιι
1200 3929 1302 3981 alia
1354 3928 1552 3980 habent
1579 3941 1759 3977 exem-

180 4031 381 4098 plaria.
438 4028 520 4079 Ad
577 4027 698 4089 hoc,
752 4027 884 4081 abiit
933 4027 1108 4080 visum
1161 4025 1319 4077 etiam
1374 4022 1499 4074 illud
1550 4021 1759 4088 signum

179 4123 327 4189 quod
383 4117 614 4184 angelus
652 4120 893 4181 dederat,
941 4132 1051 4184 quo
1088 4117 1153 4169 de
1193 4116 1363 4182 ipsius
1421 4113 1599 4165 verbis
1641 4111 1762 4163 inde

181 4214 390 4266 certior
424 4213 608 4278 lii-ret;
640 4211 915 4279 gravidam
950 4208 1153 4260 scilicet
1187 4205 1575 4265 Elisabctlmne,
1606 4203 1763 4255 steri-

183 4304 287 4357 lem
327 4303 533 4370 alioqui
570 4316 755 4353 anum.
792 4301 859 4352 At
895 4298 999 4349 Eva
1033 4312 1154 4366 quae
1191 4312 1465 4363 nunquam
1498 4296 1762 4354 audierat,

185 4393 357 4448 Deum
398 4394 605 4447 invidia
642 4392 911 4453 laborare,
942 4399 1035 4441 aut
1066 4404 1123 4441 se
1153 4387 1258 4442 diis
1295 4402 1449 4453 pares
1483 4386 1693 4437 futuros
1723 4386 1763 4435 si

182 4486 253 4538 de
279 4484 447 4535 vetita
473 4484 671 4533 arbore
698 4487 1016 4549 gustarent,
1055 4477 1215 4530 simul
1246 4487 1409 4543 atque
1443 4475 1768 4543 loquebatur

1836 632 2085 689 serpente
2116 620 2339 686 decepta
2388 628 2488 683 est,
2523 628 2681 683 atque
2712 618 2775 669 ad
2811 618 2965 671 [idem
3016 618 3178 685 hujus
3225 620 3400 671 verbis

1837 714 1920 767 lia!
1943 712 2136 765 endam
2172 710 2411 765 inducta.
2444 720 2557 763 tum
2588 710 2806 761 demum
2838 710 2969 763 vidit
2998 712 3246 763 arborem
3279 726 3401 764 esse.

1837 804 2116 873 pulchram
2158 802 2225 855 ad
2275 804 2622 863 vescendum,
2659 810 2712 854 et
2752 811 2991 868 spei-tatu
3030 803 3400 870 cxpetibilem,

1836 898 2036 966 quippe
2072 894 2427 948 immoderato
2471 895 2847 963 tlissol..toque
2887 896 3125 962 appetitu
3159 907 3287 949 tunc
3319 914 3403 948 ar-

1840 991 2023 1042 borem
2074 997 2395 1056 aspexerat;
2445 988 2581 1040 solet
2633 989 2778 1039 enim
2834 987 3207 1053 hujuscemosi
3258 990 3397 1056 cupi-

1838 1081 1978 1135 dinis
2015 1080 2422 1145 immoderatio,
2452 1081 2495 1133 si
2533 1079 2753 1147 quando
2799 1081 3041 1132 animum
3094 1081 3313 1143 invasit,
3347 1095 3408 1134 ea

1841 1174 1891 1226 in
1927 1188 2045 1241 qua:
2082 1170 2404 1233 intenditur,
2459 1171 2704 1223 omnium
2744 1172 3108 1238 pulcherrima
3145 1174 3410 1241 gravissi-

1841 1280 2035 1333 tnaque
2090 1265 2333 1328 ducere;
2394 1263 2555 1318 sicuti
2620 1265 2839 1317 evenire
2903 1264 3148 1319 videmus
3204 1266 3268 1319 iis
3319 1268 3410 1334 qui

1842 1358 2085 1424 improbo
2139 1356 2355 1411 l‘entinte
2406 1356 2641 1423 alicujus
2699 1370 2888 1409 amore
2941 1355 3295 1420 detinentur;
3351 1374 3412 1410 ea

1840 1452 2004 1511 enim,
2029 1452 2191 1503 etiam
2217 1452 2263 1504 si
2289 1466 2427 1517 szepe
2450 1451 2519 1502 sit
2546 1449 2845 1503 foedissima
2878 1448 3413 1517 deformissimaque.

1845 1554 2024 1595 tamen
2058 1543 2193 1595 bene
2240 1542 2474 1610 pulchra
2506 1557 2569 1593 ne
2616 1553 2842 1596 venusta
2892 1544 2943 1595 in
2994 1544 3208 1595 illorum
3247 1543 3416 1595 oculis

1847 1635 2094 1697 habetur,
2131 1634 2266 1687 adeo
2317 1641 2375 1686 ut
2422 1633 2633 1686 illormu
2690 1634 2905 1686 creeitas
2950 1636 3015 1687 iis
3062 1635 3131 1687 sit
3178 1636 3414 1688 ostentui

1844 1726 1933 1794 qui
1964 1727 2029 1779 ab
2058 1742 2119 1779 ea
2154 1725 2495 1794 permotione
2534 1725 2700 1778 animi
2748 1725 3012 1778 adversus
3065 1726 3209 1777 illam
3263 1725 3419 1777 femi-

1849 1834 1969 1871 nam
2006 1818 2159 1871 vacui
2192 1826 2339 1871 sunt.
2394 1817 2563 1884 Igitur
2598 1818 2724 1884 quia
2765 1819 3005 1879 mulieri,
3038 1818 3235 1886 cupido
3282 1818 3421 1870 illius

1849 1909 2058 1961 arboris
2097 1923 2190 1976 per
2226 1907 2494 1975 serpentis
2527 1906 2770 1959 fraudem
2804 1908 2912 1975 jam
2948 1909 3143 1977 injecta
3180 1909 3422 1975 erat,.ait

1850 2004 2045 2064 Moses,
2088 2006 2255 2070 ipsum
2306 2003 2412 2057 ridi
2443 2018 2496 2054 se
2543 2002 2782 2054 arborem
2836 2004 2973 2071 quod
3023 2005 3241 2070 parit-lira
3294 2020 3422 2061 esset

1848 2096 1915 2147 ad
1955 2096 2279 2157 vescendum,
2336 2104 2436 2149 etc.
2498 2093 2602 2145 Sed
2659 2105 2714 2146 ut
2753 2110 2837 2147 res
2890 2096 3061 2162 magis
3103 2096 3421 2161 illustrctur,

1846 2190 2101 2249 dicimus.
2159 2189 2335 2241 tribus
2384 2187 2608 2239 omnino
2688 2187 2894 2239 vicibus
2946 2187 3053 2239 aiio
3100 2199 3259 2254 atque
3321 2190 3427 2242 alio

1852 2280 2014 2331 modo
2053 2280 2216 2330 Evam
2252 2278 2453 2330 vidisse
2486 2278 2629 2328 illam
2663 2278 2932 2332 arborem.
2965 2278 3147 2332 Primo
3178 2282 3423 2348 quidem,

1850 2372 2066 2441 quando
2097 2371 2214 2436 lege
2241 2384 2359 2421 eam
2397 2368 2610 2421 velabat
2637 2368 2815 2431 Deus;
2852 2370 3046 2423 iterum
3078 2387 3108 2423 a
3141 2370 3339 2425 Satana
3372 2374 3425 2426 in

1852 2464 2097 2516 Iraudcni
2151 2463 2478 2515 illit-iebatur
2518 2463 2665 2531 ipsa;
2710 2463 2871 2515 tertio
2924 2477 3210 2533 postquam
3243 2468 3307 2520 de
3339 2468 3429 2522 illa

1852 2558 2072 2610 t"liSSCl.
2111 2557 2174 2609 lit
2220 2556 2396 2625 primo
2422 2558 2639 2623 quidem
2673 2556 2995 2624 simpliciter
3026 2558 3273 2612 intuitam
3307 2576 3430 2614 esse.

1853 2663 1909 2703 ut
1949 2662 2266 2702 canerarum
2308 2648 2564 2699 arborum
2608 2662 2770 2698 unum
2812 2649 3132 2716 quamlibet.
3177 2652 3427 2703 Secundo

1854 2756 1983 2795 veto
2024 2756 2130 2794 non
2167 2740 2488 2808 simpliciter
2525 2741 2823 2807 aspexisse,
2863 2740 2955 2793 sed
2998 2758 3120 2794 cum
3170 2743 3425 2810 cupidine

1854 2849 1958 2903 qua
1998 2834 2110 2903 jam
2152 2844 2261 2885 tum
2304 2833 2608 2892 tenebatur,
2643 2847 2856 2899 quaque
2898 2834 3153 2887 censebat
3181 2836 3424 2887 omnium

1855 2925 2281 2995 pulcherrimam
2338 2939 2501 2984 esse;
2545 2924 2688 2976 sicut
2738 2924 2977 2978 Thamar
3032 2926 3429 2980 tortuosissimi:

1856 3018 2142 3072 videbatur
2183 3016 2235 3067 in
2267 3015 2441 3068 oculis
2477 3016 2757 3070 Ammonis
2792 3033 2976 3070 amore
3007 3019 3125 3084 ejus
3162 3019 3425 3088 impediti.

1860 3109 2044 3163 Tertio
2080 3109 2335 3177 denique.
2377 3110 2533 3162 simul
2583 3119 2744 3175 atque
2794 3119 3088 3177 gustasset,
3140 3120 3250 3164 tum
3305 3127 3431 3164 vero

3206 3220 3216 3254 :
3268 3203 3428 3255 siculi

1860 3295 2026 3346 etiam
2069 3292 2301 3345 Ammon
2357 3307 2597 3345 sororem
2651 3308 2803 3345 suam
2856 3293 3111 3354 Thamar,
3168 3304 3226 3346 ut
3263 3296 3433 3346 viola-

1860 3393 2030 3447 verat,
2064 3383 2298 3437 invisam
2332 3383 2591 3446 habebat;
2628 3385 2870 3450 quamvis
2900 3386 3041 3437 enim
3075 3400 3178 3437 una
3208 3387 3430 3438 eadem-

1860 3491 1967 3545 qtte
2017 3477 2271 3529 manebat
2320 3474 2496 3543 ipsius
2547 3473 2785 3527 Thamar
2825 3473 2993 3526 ferina
3043 3487 3165 3528 ante
3215 3486 3268 3528 et
3315 3487 3435 3543 post

1862 3569 2159 3621 admissum
2209 3576 2479 3633 stuprum,
2531 3573 2711 3617 tamen
2764 3582 2925 3633 quam
2982 3568 3134 3635 prius
3168 3567 3332 3620 frater
3366 3570 3436 3619 ob

1862 3667 2197 3711 venustatem
2223 3657 2523 3719 adamarat,
2554 3668 2841 3725 postquam
2870 3673 2962 3723 per
2989 3668 3266 3726 peccatum
3295 3674 3438 3713 εδει-ι

1864 3752 2088 3811 abusus,
2139 3746 2267 3800 odio
2314 3746 2843 3814 prosequebatur".
2895 3746 3080 3814 itaque
3127 3749 3293 3801 arbor
3350 3751 3438 3801 illa

1865 3855 1984 3906 qua:
2020 3838 2133 3907 pari
2184 3837 2585 3906 pulchritudine
2631 3838 2732 3892 fuit
2776 3854 2895 3892 cum
2930 3839 2996 3892 de
3044 3842 3155 3908 ipsa
3205 3839 3439 3893 ferretur

1867 3933 1948 3983 lex
1984 3938 2037 3983 et
2087 3946 2210 3981 ettm
2263 3940 2406 3983 esset
2444 3930 2676 3984 αλιξυιοηί
2720 3929 2927 3983 fraudis
2969 3931 3217 3991 materia,
3252 3947 3313 3983 ac
3347 3933 3441 3982 tle-

1866 4022 2029 4090 nique
2075 4030 2196 4091 post
2237 4023 2552 4090 decerptum
2591 4030 2981 4089 gnslatnmquc
3012 4032 3041 4075 a
3075 4022 3302 4076 muliere
3333 4024 3446 4076 frti-

1865 4124 2053 4177 ctum;
2096 4125 2272 4168 tamen
2324 4115 2501 4182 pritno
2555 4130 2731 4182 neque
2788 4113 3012 4180 pulchra
3069 4129 3243 4183 neque
3299 4114 3441 4169 {teda

1869 4207 1979 4259 visa
2014 4205 2204 4273 primis
2256 4205 2459 4257 nostris
2510 4205 2830 4273 parentibus
2877 4213 2979 4269 est,
3015 4219 3135 4257 mox
3169 4219 3297 4259 vero
3330 4204 3445 4273 pul-

1869 4298 2181 4359 tbcrritna,
2241 4297 2332 4348 sed
2404 4305 2678 4363 postremo
2748 4297 2906 4365 plane
2971 4297 3306 4351 dt-tcsmbilis
3363 4308 3447 4349 est

1869 4390 2051 4443 habita
2093 4400 2378 4456 postquam
2436 4398 2717 4453 pet-catum
2775 4404 2869 4457 p~~r
2928 4390 3098 4456 ipsam
3157 4391 3445 4443 admisere.

1872 4479 2017 4533 Vidit
2067 4481 2227 4548 igitur
2265 4478 2410 4546 quod
2464 4479 2686 4546 pulchra
2736 4481 3132 4547 conmtodaque
3181 4491 3328 4535 esset
3380 4481 3446 4533 ad

183 4589 313 4627 cum
352 4575 492 4639 ipsa,
524 4586 629 4649 non
656 4571 767 4636 jam
799 4570 981 4622 humat
1006 4583 1035 4621 a
1064 4566 1259 4635 aliquis
1288 4566 1468 4634 specie
1494 4579 1761 4632 apparens

1872 4574 2195 4629 vescendum
2231 4588 2339 4643 prie
2374 4573 2583 4625 cancris
2626 4572 2856 4639 paradisi
2905 4572 3243 4640 quibuslibet
3290 4574 3447 4623 arbo-

186 4669 279 4719 sed
326 4679 576 4731 serpens,
615 4661 748 4714 nihil
790 4660 1029 4729 disputat
1068 4659 1134 4712 de
1180 4657 1394 4720 arbore,
1428 4656 1518 4707 sed
1571 4654 1768 4706 divini-

187 4760 319 4807 tatis
358 4755 661 4807 ambitione
707 4753 1038 4814 incenditur,
1072 4748 1460 4818 tilipenditque
1493 4746 1585 4798 Dei
1621 4762 1771 4799 man—

186 4848 409 4905 datum,
445 4859 616 4911 quare
648 4856 1015 4896 consentanec
1040 4844 1106 4896 de
1138 4858 1198 4895 ea
1232 4842 1436 4896 dictum
1471 4849 1554 4893 cst
1586 4853 1613 4891 a
1645 4837 1771 4890 divo

189 4937 345 4990 Mosc
387 4954 401 4990 :
446 4934 513 4988 Et
548 4936 670 4987 vidit
705 4934 896 4987 mulier
932 4936 1069 5002 quod
1100 4934 1319 5002 pttlcltra
1351 4941 1482 4985 esset
1515 4930 1671 4984 arbor
1701 4932 1769 4982 ad

191 5030 533 5090 reticendum,
569 5037 618 5081 et
650 5028 942 5093 expetibilis
980 5027 1163 5091 oculis,
1213 5035 1370 5095 atque
1407 5024 1767 5077 desiderabilis

190 5131 459 5188 spectata.
515 5117 737 5171 Viderat
789 5119 1005 5187 quidem
1062 5117 1261 5171 l'etnina
1323 5117 1571 5171 arborem
1623 5115 1767 5168 illam

191 5215 360 5265 etiam
411 5213 565 5277 ptius
604 5226 767 5280 quam
819 5212 961 5263 illam
1015 5225 1239 5277 serpens
1288 5209 1553 5273 adiisset,
1598 5223 1771 5275 neque

193 5306 344 5357 enim
398 5312 616 5371 poterat
672 5302 786 5369 lege
842 5303 1070 5355 inhiberi
1125 5300 1225 5369 ipsi
1281 5302 1444 5353 arbor
1497 5317 1602 5353 non
1637 5299 1771 5351 visa.

195 5395 355 5461 Quod
395 5411 528 5449 vero
577 5393 756 5449 Moses
800 5394 909 5463 jam
958 5396 1055 5458 ait,
1096 5394 1281 5446 vidisse
1320 5394 1588 5447 mulierem
1636 5394 1774 5460 quod

195 5488 421 5555 pulchra
448 5498 585 5541 esset
616 5489 773 5540 arbor
796 5488 861 5540 ad
889 5489 1216 5551 vescendum,
1244 5496 1297 5539 et
1326 5502 1446 5555 quae
1474 5498 1776 5555 sequuntur

199 5582 329 5641 alia.
384 5580 625 5634 ostendit
673 5579 783 5632 alio
838 5580 994 5632 modo
1039 5588 1165 5633 ante
1196 5576 1459 5631 daemonis
1492 5591 1773 5631 accessura

200 5675 377 5727 visam
413 5673 484 5725 ab
516 5672 605 5724 illa
638 5671 808 5725 fuisse
838 5675 1111 5734 arborem,
1146 5672 1253 5725 alio
1286 5680 1429 5738 post.
1462 5672 1600 5723 Ante
1630 5669 1773 5721 cnim

270 5852 317 5881 ³³
347 5851 461 5907 Luc
540 5868 576 5911 I,
621 5853 710 5905 5|.
788 5852 832 5884 δ”
869 5853 998 5909 Ibid.
1052 5853 1140 5906 34.

564 5951 833 6013 Ριινιήοι..
887 5955 996 6011 (in.
1049 5952 1203 6012 (ῖΧΙ.

1877 4666 2049 4729 ribus,
2093 4680 2269 4736 eoque
2315 4668 2522 4720 acriore
2569 4666 2620 4719 in
2667 4666 2837 4731 ἱιιεειιιι
2882 4666 3121 4732 appetitu
3164 4673 3315 4733 rapta
3364 4677 3445 4717 Cz-l

1877 4771 2038 4826 quam
2068 4756 2121 4809 in
2148 4766 2465 4810 exterarum
2493 4756 2729 4826 aliquam
2755 4771 2769 4817 ;
2805 4769 2910 4808 non
2944 4756 3087 4824 quod
3120 4755 3282 4807 arbor
3308 4756 3443 4822 ipsa,

1880 4848 1970 4902 sed
1996 4848 2122 4915 quia
2152 4847 2364 4902 femina:
2387 4848 2599 4902 animus
2622 4858 2766 4900 esset
2793 4856 3034 4899 mutatus
3063 4861 3157 4915 per
3179 4847 3447 4915 serpentis

1881 4941 2160 5005 fraudem,
2224 4944 2315 5010 qui
2368 4940 2614 4993 muliebri
2672 4940 2991 4993 crudelitate
3045 4948 3206 5006 atque
3260 4938 3445 4992 effreni

1881 5031 2099 5083 libidine
2133 5031 2304 5098 ipsam
2339 5031 2529 5099 agebat
2566 5030 2897 5098 praecipitem
2925 5032 2989 5082 ad
3021 5044 3139 5081 eam
3172 5030 3446 5081 arborem.

1878 5120 2143 5174 Caeterum
2182 5120 2361 5189 aptior
2392 5120 2565 5174 videri
2612 5122 2780 5189 possit
2822 5121 3108 5173 verborum
3149 5129 3448 5179 structura.

1882 5217 1923 5266 si
1966 5212 2045 5265 sic
2078 5212 2289 5280 legatur
2330 5231 2342 5265 :
2387 5211 2451 5265 Et
2492 5214 2621 5265 vidit
2658 5213 2842 5263 "mlier
2879 5212 3016 5279 quod
3066 5210 3284 5275 pulchra
3319 5222 3452 5262 esset

1884 5305 2039 5357 arbor
2085 5307 2275 5366 oculis,
2302 5317 2346 5357 et
2379 5303 2668 5371 cxpetibiiis
2717 5304 2783 5355 ad
2827 5302 3167 5365 vescendum;
3206 5301 3451 5369 pulchri-

1886 5400 2015 5450 tudo
2054 5401 2199 5452 enim
2230 5398 2294 5451 ad
2328 5400 2604 5466 spectandi
2639 5412 2858 5451 sensum
2912 5399 3162 5465 pertinet,
3198 5408 3256 5449 ut
3286 5412 3454 5465 appe-

1886 5491 2019 5542 titus
2054 5489 2121 5542 ad
2158 5489 2360 5542 cibum.
2396 5488 2499 5543 Sed
2547 5490 2648 5541 hoc
2678 5488 2805 5542 alibi
2839 5488 2949 5557 jam
2981 5502 3010 5540 a
3043 5487 3201 5541 nobis
3233 5499 3315 5542 est
3344 5497 3453 5541 tra-

1887 5589 2111 5634 ctatum.
2151 5580 2249 5634 Est
2283 5594 2408 5631 vero
2442 5588 2494 5631 et
2530 5580 2631 5632 hoc
2670 5578 3209 5632 animadvertendum
3246 5594 3310 5632 ex
3345 5578 3454 5633 illis

1892 5673 2067 5725 verbis
2110 5691 2122 5725 :
2170 5673 2232 5724 Iit
2276 5672 2397 5723 vidit
2455 5671 2664 5737 mulier,
2720 5682 2848 5726 etc..
2896 5670 3074 5739 colligi
3126 5671 3296 5739 ipsam
3348 5687 3452 5723 non

1215 5855 1259 5885 "
1294 5852 1331 5905 ll
1370 5852 1498 5926 Reg.
1538 5869 1657 5920 xm,
1696 5852 1716 5906 l
1755 5867 1906 5922 seqq.

3030 5943 3102 6005 18
