4202 6430
778 434 880 497 53.5

2044 426 2272 484 MOSIS
2316 424 2460 482 ΒΑΗ
2503 424 2749 484 CEPIIA

3900 437 4009 496 55ίῖ

780 553 958 606 subito
1000 564 1059 602 ac
1097 563 1321 618 propere
1370 548 1434 599 de
1479 548 1670 600 arlzore
1719 554 1987 615 gustasse,
2039 544 2130 597 sed
2169 544 2337 596 multa
2371 548 2410 601 Α
2442 552 2745 610 acceperat,
2783 542 3025 594 futurum
3059 552 3117 596 ιιι
3146 556 3250 594 non
3287 546 3459 597 solum
3501 560 3604 597 non
3644 560 4010 612 morerentur,

777 642 925 707 prius
979 655 1164 692 secum
1214 637 1525 690 meditatam
1568 654 1581 687 :
1617 646 1774 703 atque
1825 652 1946 688 cunt
1987 634 2153 693 illam.
2193 626 2344 699 juvta

778 731 1037 784 insistens
1086 730 1155 783 ob
1207 729 1396 783 oculos
1454 728 1670 779 haberet
1725 744 1738 780 :
1789 736 2194 795 aspectantrm,
2242 724 2343 776 alia

778 834 941 891 atque
982 821 1085 874 alia
1128 820 1311 873 animo
1342 819 1575 873 voluisse
1609 835 1622 871 :
1661 816 1725 869 Et
1758 819 1953 886 accepit
1984 818 2047 870 de
2092 816 2346 884 fructibus

778 915 945 980 ipsius
976 922 1023 964 et
1055 911 1184 963 edit.

846 1001 954 1055 Cur
1008 999 1118 1055 Eva
1169 1010 1287 1055 ante
1341 1009 1580 1053 vocatum
1634 1000 1898 1053 Adamum
1948 1000 2233 1068 gustaverit
2285 1000 2346 1052 de

779 1094 966 1148 arbore
994 1094 1243 1149 scientia'.
1270 1122 1339 1131 —
1365 1092 1585 1158 Quaerat
1617 1091 1836 1159 aliquis,
1867 1105 1965 1144 cur
1999 1106 2105 1144 non
2140 1092 2347 1145 vocarit

781 1186 1087 1248 Adamnm,
1138 1190 1194 1236 ut
1241 1184 1287 1237 is
1327 1186 1477 1252 prior
1520 1182 1734 1236 ederet!
1780 1180 2035 1233 nimirum
2077 1179 2341 1234 transfor-

785 1278 920 1331 mari
959 1277 1075 1345 ipsa
1108 1278 1254 1344 prior
1284 1276 1537 1344 cupiebat
1572 1275 1623 1327 itt
1656 1272 1839 1337 deum,
1865 1273 2153 1342 virumque
2185 1287 2346 1326 suum

781 1370 1065 1424 divinitate
1115 1369 1425 1423 antevenire
1472 1367 1563 1435 qui
1615 1380 1674 1420 se
1726 1366 2065 1420 humanitate
2115 1379 2349 1435 princes-

782 1470 951 1523 serat,
1005 1473 1112 1528 quo
1165 1459 1263 1510 hac
1313 1456 1525 1511 ratione
1578 1455 2107 1509 administrationem
2164 1469 2346 1508 rerum

786 1565 894 1616 prae
933 1550 1024 1601 illo
1071 1555 1231 1615 atque
1287 1547 1571 1615 imperium
1622 1544 1890 1597 obtineret
1938 1560 1951 1595 :
2003 1542 2351 1596 existimabat

780 1641 923 1693 enim
976 1639 1138 1692 simul
1177 1646 1341 1708 atque
1379 1644 1645 1706 gustaret,
1686 1634 1953 1703 evestigio
2001 1635 2054 1687 in
2102 1635 2257 1688 deam
2293 1648 2351 1688 se

784 1731 1230 1785 transformatum
1274 1730 1337 1782 iri
1380 1744 1478 1797 pro
1527 1726 1733 1781 fallacis
1785 1728 2053 1795 serpentis
2099 1726 2347 1781 consilio.

786 1826 1021 1877 l’tursum
1054 1824 1221 1893 quaeri
1255 1831 1453 1890 potest,
1488 1820 1842 1889 quamobrem
1879 1834 1984 1872 nun
2020 1828 2145 1871 sunt
2179 1819 2347 1887 aperti

785 1916 1026 1970 mulieris
1062 1915 1226 1979 oculi,
1264 1916 1656 1983 agnoveritque
1695 1926 1847 1966 suam
1889 1913 2003 1979 ipsa
2049 1910 2348 1964 nuditatem

789 2022 908 2061 mov
949 2006 1039 2061 ubi
1075 2008 1276 2061 edisset
1316 2022 1437 2060 cum
1474 2006 1736 2067 fructum,
1773 2004 1913 2056 sicut
1953 2003 2151 2057 accidit
2219 2003 2353 2055 utri-

785 2115 889 2163 que
922 2109 1204 2167 postquam
1239 2098 1473 2151 edissent
1523 2096 1704 2150 ambo.
1743 2093 1920 2163 Hujus
1950 2096 2025 2146 rei
2065 2095 2178 2147 haec
2229 2093 2351 2146 red-

784 2191 958 2242 denda
990 2198 1071 2240 est
1116 2187 1255 2241 ratio
1288 2204 1299 2239 :
1334 2187 1378 2239 si
1416 2186 1501 2239 illa
1544 2187 1707 2240 simul
1756 2198 1915 2256 atque
1954 2189 2099 2256 prior
2130 2188 2349 2254 edisset,

785 2277 1125 2331 verecundia:
1156 2292 1319 2331 sensu
1355 2275 1547 2329 fuisset
1584 2277 1855 2343 perculsa,
1890 2279 2173 2332 metuisset
2210 2278 2353 2331 Ada-

786 2384 907 2422 mus
969 2380 1131 2435 atque
1196 2367 1591 2430 abstinuisset,
1660 2383 1837 2436 neque
1907 2378 2084 2420 tamen
2142 2384 2203 2421 ea
2250 2370 2353 2424 sibi

786 2463 1109 2517 abstinentia
1162 2462 1388 2531 justitia:
1437 2462 1650 2515 laudem
1702 2462 1864 2513 ullam
1919 2462 2239 2525 meruisset,
2294 2471 2354 2513 ut

789 2558 878 2624 qtti
912 2571 1018 2608 non
1046 2555 1246 2607 divinae
1276 2554 1410 2621 legis
1441 2553 1741 2607 reverentia
1772 2560 1823 2603 et
1855 2560 2098 2620 respectu
2133 2552 2226 2607 sed
2260 2566 2355 2622 per

788 2647 974 2699 usuris
1022 2646 1279 2714 pudorem
1332 2643 1524 2697 fuisset
1573 2643 1869 2696 cohibitus.
1919 2642 2090 2708 Igitur
2134 2644 2356 2710 quando

788 2748 1060 2790 certamen
1093 2753 1156 2789 cx
1191 2750 1345 2805 reque
1379 2735 1445 2788 ad
1487 2744 1776 2801 utrumque
1815 2734 2118 2801 spectabat,
2153 2731 2355 2787 facien-

789 2836 1026 2899 dumque
1056 2839 1173 2883 erat
1224 2828 1519 2897 perieulum
1553 2829 1619 2880 de
1653 2826 1935 2894 utriusque
1981 2825 2143 2878 simul
2180 2826 2357 2878 indole

792 2944 853 2979 ac:
882 2928 1191 2987 voluntate;
1227 2920 1437 2974 distulit
1472 2921 1611 2972 Deus
1643 2918 1762 2971 EVA:
1792 2917 2200 2983 verecundiam,
2229 2916 2356 2969 clie-

790 3021 972 3085 titque
1017 3031 1081 3068 ne
1115 3017 1284 3084 ipsant
1316 3012 1480 3067 simul
1510 3026 1629 3065 cum
1660 3020 1872 3079 gustato
1920 3008 2097 3062 fructu
2134 3007 2360 3077 puderet

792 3108 1074 3160 ιιυιιειειιὶς.
1106 3105 1169 3156 Et
1197 3104 1334 3155 dedit
1364 3104 1521 3155 etiam
1548 3103 1653 3154 viro
1682 3117 1776 3152 suo
1806 3115 2002 3164 rerum,
2031 3109 2080 3150 et
2110 3097 2356 3150 comedit.

795 3197 1296 3252 Esistintauduutue
1326 3203 1409 3248 est
1444 3194 1529 3245 ltic
1564 3192 1839 3243 tttuiierem
1886 3189 2211 3259 simpliciter
2242 3189 2361 3241 viro
2392 3224 2433 3279 ο

796 3290 1133 3355 porrexisse.
1190 3287 1363 3337 virum
1422 3300 1545 3335 vero
1596 3283 1795 3344 edisse,
1849 3297 1971 3333 cum
2049 3294 2222 3348 neque
2274 3278 2363 3330 illa

798 3382 1014 3433 verbum
1051 3382 1217 3429 ullum
1252 3375 1317 3429 ad
1362 3378 1534 3444 ipsum
1568 3373 1788 3434 faceret,
1820 3388 1994 3439 neque
2025 3372 2139 3438 ipse
2171 3385 2364 3423 rursus

797 3471 937 3538 apud
984 3470 1128 3521 illaut
1176 3468 1241 3519 de
1271 3481 1334 3518 eo
1374 3464 1495 3516 t-i'uo
1526 3460 1889 3529 disquircret?
1930 3460 2071 3514 Sane
2100 3474 2199 3511 nos
2228 3474 2362 3512 cen-

797 3576 982 3614 semus
1011 3570 1063 3613 et
1090 3561 1265 3611 virum
1307 3557 1373 3609 de
1405 3556 1526 3608 cibo
1568 3552 1967 3620 disquisivisse,
1998 3561 2050 3604 et
2083 3550 2365 3603 utulierem

800 3654 898 3722 ipsi
940 3663 1052 3705 tum
1099 3666 1161 3703 ea
1209 3648 1369 3699 verba
1413 3644 1664 3699 retulisse
1699 3641 1842 3710 quod
1889 3655 2113 3706 serpens
2155 3639 2365 3691 daemon

800 3748 903 3801 sibi
950 3747 1192 3805 dixerat,
1245 3751 1354 3793 tum
1413 3738 1519 3792 alia
1574 3745 1833 3805 prmterea
1885 3748 1949 3785 ex
2004 3745 2103 3784 suo
2152 3729 2368 3796 ingenio

801 3841 1065 3908 adjecisse
1105 3851 1226 3905 qu.e
1275 3834 1338 3885 ad
1391 3829 1827 3900 petsuadendum
1876 3826 2140 3877 Adamum
2192 3821 2371 3874 facere

803 3939 1017 3998 putaret
1068 3926 1280 3994 :idque
1322 3923 1406 3975 his
1447 3918 1749 3973 rationibus
1795 3911 2157 3967 demonstrari
2212 3923 2372 3978 posse

803 4025 1203 4076 existimamus.
1238 4016 1419 4068 Primo
1466 4012 1609 4065 enim
1660 4025 1781 4063 eum
1833 4017 1957 4059 ante
1993 4004 2247 4057 violatattt
2292 4002 2369 4053 le-

805 4132 947 4183 gt‘tll,
988 4126 1194 4180 magna:
1233 4122 1375 4160 curm
1406 4104 1569 4157 fuerit
1600 4101 1813 4169 utrique
1846 4114 1912 4153 ne
1942 4098 2069 4167 qttid
2106 4096 2372 4148 adversus

808 4205 896 4257 Dei
936 4204 1089 4271 jussa
1135 4198 1564 4254 committerent,
1611 4205 1716 4243 non
1758 4190 1937 4259 potuit
1989 4185 2231 4253 profecto
2262 4181 2371 4235 Eva

807 4294 1131 4364 purrigendo
1184 4289 1345 4341 modo
1397 4286 1576 4339 cibum
1639 4281 1863 4334 vetitum
1921 4292 2093 4346 neque
2147 4275 2371 4329 verbum

809 4390 975 4439 ullum
1020 4382 1265 4436 addendo
1305 4378 1561 4432 inducere
1598 4372 1867 4425 Adamutn
1914 4370 1979 4423 ad
2022 4367 2376 4427 vescendum,

808 4480 941 4531 ιιιὶιὶι
978 4488 1200 4545 prorsus
1245 4470 1311 4523 de
1341 4483 1405 4523 eo
1449 4464 1593 4535 quod
1627 4462 2027 4533 porrigebatur,
2062 4458 2373 4525 disquircn-

2448 647 2633 685 verum
2680 634 2842 687 etiam
2899 632 3126 685 deorum
3180 634 3385 689 similes
3436 638 3756 697 malerent,
3804 651 3857 691 et
3905 642 4017 694 alia

2449 727 2669 792 insuper
2703 726 2977 779 aliinxisse
3015 727 3214 793 quibus
3261 727 3514 779 maritum
3569 728 3631 779 ad
3685 731 4016 782 vescendum

2449 819 2743 887 pcllieeret,
2796 827 2959 887 atque
3005 818 3075 869 ita
3116 829 3405 886 utrumque
3446 819 3643 880 edisse,
3694 820 4020 889 facinusque

2448 911 2740 977 pessimum
2778 911 3080 963 admisisse.
3116 910 3255 974 Quin
3290 911 3544 964 dominus
3602 912 3830 979 Ephrem
3876 913 4015 965 scri-

2450 1001 2548 1064 bit,
2594 1000 2756 1053 Evam
2793 1000 2961 1053 multa
3010 1001 3398 1069 pollicitatione
3444 1002 3764 1059 sollicitasse
3807 1007 4019 1069 virum,

2450 1100 2610 1160 atque
2657 1094 2722 1146 ad
2772 1094 3098 1147 vescendum
3141 1094 3441 1160 induxissv,
3498 1103 3749 1149 caeterum
3803 1096 4018 1161 Most-it,

2450 1184 2649 1253 quibus
2702 1200 2795 1237 usa
2847 1186 2961 1253 ipsa
3012 1184 3084 1237 sit
3120 1186 3333 1250 verbis,
3391 1186 3840 1254 przeterutisisse,
3889 1206 4017 1244 cum

2451 1284 2594 1330 esset
2623 1285 2916 1330 contentus
2944 1278 3195 1331 docuisse
3228 1293 3327 1331 nos
3359 1278 3611 1332 feminam
3647 1282 3764 1333 viro
3795 1296 4020 1334 causam

2452 1366 2714 1421 violanda:
2751 1366 2883 1435 legis
2923 1368 3111 1433 fuisse,
3151 1383 3216 1422 eo
3247 1370 3391 1437 quod
3430 1371 3621 1424 vetitos
3666 1370 3877 1426 fructus
3913 1373 4018 1441 ipsi

2452 1458 2689 1512 edendos
2731 1458 3202 1521 subministrarlt,
3256 1466 3311 1512 et
3354 1460 3517 1514 simul
3567 1461 3777 1513 animos
3825 1462 4025 1515 edendi

2454 1548 2722 1602 addiderit
2759 1567 2773 1602 :
2805 1551 3072 1617 serpentis
3105 1565 3234 1604 vero
3267 1552 3426 1603 verba
3462 1553 3657 1605 litteris
3690 1553 4021 1619 prodidisse.

2454 1646 2513 1690 ut
2557 1652 2681 1690 eum
2726 1638 3153 1707 intelligeremus
3198 1639 3372 1706 ipsum
3423 1655 3541 1692 esse
3590 1643 3803 1706 generis
3847 1643 4022 1694 nostri

2456 1742 2801 1782 communem
2849 1731 3081 1791 hostem,
3117 1745 3291 1799 eoque
3328 1732 3553 1784 insidias
3605 1733 4030 1799 improbitatan

2456 1836 2561 1890 que
2614 1820 2807 1889 ipsius,
2860 1820 3141 1881 evitandi,
3197 1823 3371 1891 major
3422 1824 3574 1877 nobis
3628 1824 3807 1877 cautio
3854 1837 4026 1879 esset.

2459 1911 2627 1965 Porro
2667 1926 2786 1980 quae
2839 1910 3001 1965 fuerit
3043 1912 3205 1965 arbor
3236 1917 3300 1967 de
3347 1930 3451 1983 qua
3478 1916 3705 1969 ederunt
3753 1917 3923 1970 Adam
3976 1932 4030 1971 et.

2458 2003 2588 2065 Eva,
2632 2013 2685 2058 et
2728 2019 3017 2074 quemnam
3072 2004 3305 2058 fructum
3344 2008 3650 2073 gustarint,
3688 2025 3848 2079 supra
3882 2019 3964 2063 est
4000 2027 4029 2061 τι

2460 2095 2615 2149 nobis
2667 2104 3076 2163 pertractatum.
3132 2096 3209 2149 Ad
3272 2096 3385 2149 haec
3447 2096 3577 2150 illttd
3629 2100 3792 2151 etiam
3845 2117 4031 2169 operm

2459 2187 2692 2257 pretium
2732 2186 2894 2240 fuerit
2932 2186 3386 2241 animadvertisse
3436 2205 3450 2241 :
3501 2204 3621 2243 cum
3674 2190 3923 2259 quisquis
3972 2208 4034 2241 γε·

2460 2280 2638 2348 aliqua
2684 2279 2942 2343 vescitur,
2988 2287 3082 2329 aut
3126 2276 3282 2329 fatuis
3319 2282 3642 2333 necessitate
3676 2282 3898 2349 impelli,
3934 2295 4029 2332 aut

2461 2374 2539 2428 rei
2572 2372 2688 2440 ejus
2731 2372 2955 2424 libidine
2993 2369 3359 2437 etirenataque
3398 2370 3727 2438 cupiditate;
3760 2374 4031 2425 Adauunu

2461 2464 2607 2516 nulla
2644 2463 2787 2514 fame
2818 2470 3065 2527 cogente,
3114 2461 3206 2513 sed
3253 2461 3474 2513 libidine
3521 2462 3800 2523 suadente,
3834 2464 3900 2517 de
3936 2468 4031 2517 tl'a

2462 2554 2656 2608 arbore
2687 2553 2888 2616 edisse,
2929 2567 2991 2606 ac
3036 2552 3259 2619 proinde
3288 2555 3334 2606 ei
3367 2556 3823 2623 concupiscentiae
3851 2561 4038 2609 C(iit.l‘-

2464 2649 2603 2702 sisse
2632 2654 2939 2712 peccatum.
2976 2643 3109 2697 Nam
3144 2653 3201 2697 ut
3235 2645 3611 2714 apostolorum
3656 2648 3875 2715 quidam
3909 2648 3987 2701 ait
4023 2667 4036 2702 :

2464 2737 2897 2805 Concupiscentia
2958 2736 3183 2795 concipit
3233 2746 3282 2788 et
3333 2738 3475 2803 parit
3539 2746 3809 2805 peccatum
3847 2738 3917 2790 ".
3975 2738 4037 2791 Si

2463 2832 2607 2884 enim
2637 2844 2740 2881 non
2766 2844 2858 2897 per
2886 2826 3187 2887 libidinem,
3223 2825 3315 2879 sed
3347 2836 3405 2880 ttt
3429 2827 3520 2896 qui
3540 2829 3873 2882 nutrimento
3898 2845 4040 2899 Opus

2464 2922 2707 2981 haberet,
2753 2918 2971 2977 edisset,
3010 2918 3077 2970 de
3108 2920 3320 2973 caeteris
3358 2918 3561 2973 edisset
3604 2921 3893 2975 artioribus
3928 2924 4037 2973 situ

2467 3013 2518 3066 in
2552 3020 2763 3079 pastum
2816 3011 3118 3079 permiSsis,
3161 3025 3269 3063 non
3314 3011 3379 3063 de
3423 3026 3485 3065 ea
3535 3021 3713 3065 autem
3762 3027 3884 3080 qum
3917 3015 4037 3063 sola

2467 3104 2565 3157 sibi
2599 3103 2777 3156 fuerat
2800 3104 2960 3154 vetita
2988 3120 3001 3155 :
3031 3102 3208 3168 itapte
3238 3101 3412 3157 lames
3436 3113 3587 3157 extra
3619 3118 3816 3157 noxam
3854 3104 4040 3155 fututa

2467 3200 2613 3254 erat,
2650 3207 2772 3243 cum
2823 3191 3262 3259 concupiscentia
3306 3208 3427 3245 tum
3474 3204 3697 3262 peccato
3742 3195 4037 3262 cuujuutta

2468 3282 2574 3346 sit;
2608 3284 2805 3350 quippe
2842 3282 2978 3334 hanc
3021 3282 3265 3333 ciborum
3315 3283 3554 3335 luxuries
3596 3283 3905 3343 comitatur,
3943 3284 4039 3348 qui

2469 3386 2595 3423 vero
2631 3370 2884 3439 ingluviei
2929 3371 3226 3438 indulgent.
3266 3374 3332 3424 aal
3382 3387 3629 3424 venerem
3673 3375 3828 3441 proni
3868 3370 4039 3427 tiuut.

2472 3473 2657 3530 utpote
2695 3461 2891 3529 gulosi,
2944 3463 3119 3514 ventri
3173 3461 3488 3528 mancipati,
3527 3461 3749 3529 projerti
3799 3462 4041 3528 denique

2470 3556 2536 3605 ad
2586 3552 2993 3614 ebriositatem,
3043 3567 3161 3619 quae
3209 3553 3333 3603 vitia
3384 3562 3546 3619 atque
3600 3552 3834 3604 maxima
3892 3562 4045 3603 sunt.

2476 3639 2701 3694 Veneris
2752 3655 2916 3708 porro
2966 3640 3195 3693 comites
3247 3649 3373 3692 sunt
3425 3639 3672 3699 scortari,
3721 3642 4047 3701 a-lulteruri,

2470 3748 2594 3785 cum
2645 3733 2885 3784 maribus
2933 3745 3130 3799 corpus
3177 3730 3535 3784 commiscere
3589 3748 3603 3781 :
3655 3747 3775 3799 qum.
3823 3742 3875 3784 et
3926 3732 4044 3798 ipsa

2472 3821 2672 3889 ﬂagitia
2703 3830 2850 3874 sunt.
2882 3817 2948 3871 Et
2980 3822 3148 3885 aperti
3180 3829 3300 3871 sunt
3331 3820 3467 3872 oculi
3499 3821 3792 3872 amborum.

2544 3912 2707 3965 Musis
2746 3922 2792 3964 et
2842 3912 3094 3978 serpentis
3134 3911 3277 3961 dicta
3319 3911 3382 3962 de
3428 3910 3718 3977 aperiendi:
3753 3911 4050 3974 primorum

2471 4014 2744 4074 parentum
2784 4003 2969 4054 oculis.
3000 4031 3068 4040 —
3100 4001 3238 4053 Sunt
3279 4002 3369 4069 qui
3421 4011 3622 4054 temere
3670 4012 3834 4068 atque
3878 4003 4050 4054 etiam

2474 4096 2817 4164 impudenter
2860 4094 3062 4155 diram,
3110 4092 3218 4158 jam
3268 4104 3411 4143 nunc
3461 4091 3591 4143 illud
3638 4091 3856 4142 evenire
3901 4093 4053 4157 quod

2474 4202 2701 4256 serpens
2732 4189 2865 4255 (hoc
2904 4193 2985 4237 est
3028 4184 3280 4248 Satanas)
3310 4182 3424 4234 fore
3471 4184 3820 4249 prmdixerat;
3856 4198 4055 4247 Itt‘mpt’

2476 4280 2522 4335 si
2566 4277 2736 4331 Adam
2782 4274 3001 4343 Evaque
3052 4274 3278 4327 ederent
3312 4271 3379 4325 de
3425 4272 3513 4324 illa
3545 4274 3757 4331 artiore,
3793 4281 4053 4337 apertum

2476 4373 2540 4425 iri
2576 4371 2821 4438 ipsorum
2852 4365 3041 4419 oculos
3077 4380 3090 4417 :
3128 4365 3175 4416 id
3205 4364 3352 4417 enim
3386 4363 3472 4416 hic
3501 4372 3684 4414 narrat
3715 4360 3890 4413 Moses
3928 4372 4048 4426 rost

2478 4471 2750 4532 gustatum
2789 4458 2996 4511 .cibum
3050 4458 3277 4510 vetitum
3336 4456 3465 4523 ipsis
3503 4456 3786 4507 accidisse.
3842 4450 4051 4503 Verum

810 4581 913 4623 tam
944 4540 1173 4621 :deiude
1198 4564 1241 4615 si
1268 4558 1585 4627 simpliciter
1618 4565 1900 4623 acceptum
1929 4551 2114 4605 cibum
2147 4549 2371 4609 edisset,
2406 4567 2449 4625 ι)
2480 4565 2579 4603 nos
2625 4546 3037 4614 respondemus,
3074 4544 3229 4595 aliter
3276 4540 3483 4603 Mosen,
3529 4542 3688 4593 aliter
3738 4549 4054 4604 Si‘l‘pt‘lilt‘lll

813 4676 1032 4731 ignarus
1075 4654 1363 4723 czntcroqui
1414 4649 1768 4720 quamobrem
1820 4648 2023 4708 ederet,
2055 4660 2083 4696 a
2116 4656 2223 4710 quo
2253 4650 2378 4693 ante

811 4757 994 4823 jussus
1038 4749 1213 4802 fuerat
1243 4744 1545 4807 abstinere,
1591 4738 1735 4792 nulla
1776 4736 2066 4790 meruisset
2094 4733 2249 4801 culpa
2284 4745 2381 4784 no-

816 4847 915 4899 turi
943 4844 1013 4896 ob
1042 4842 1092 4894 id
1120 4838 1266 4909 quod
1298 4833 1615 4904 simpliciter
1654 4841 1816 4900 atque
1864 4829 2153 4882 inscienter
2188 4825 2382 4876 incon-

815 4940 1155 5001 siderathue
1195 4929 1461 4985 fecisset:
1509 4939 1631 4979 cum
1667 4938 1797 4977 vero
1843 4922 2117 4990 culpatum
2168 4923 2383 4971 constet

819 5038 1100 5099 propterea
1145 5022 1289 5091 quod
1337 5019 1571 5081 edisset,
1624 5014 1779 5069 facile
1857 5011 2207 5077 intelligimus
2266 5022 2379 5059 rem

822 5121 993 5186 ipsum
1043 5124 1169 5168 ante
1214 5113 1283 5164 ab
1332 5109 1449 5178 ipso
1502 5118 1667 5173 atque
1704 5117 1872 5156 uxore
1928 5100 2095 5153 fuisse
2128 5104 2382 5151 accurate

821 5185 1135 5275 t‘itpt'nsatn.
1176 5202 1457 5256 Postremo
1485 5198 1528 5252 si
1560 5195 1668 5247 Eva
1712 5194 1908 5246 mulier
1948 5205 2046 5243 usa
2090 5198 2171 5242 est
2203 5185 2384 5239 verbis

822 5304 1087 5353 adversus
1130 5303 1454 5363 serpentem,
1502 5288 1748 5356 dixitque
1798 5303 1810 5337 :
1850 5282 1980 5352 Lege
2029 5281 2121 5333 Dei
2165 5278 2383 5330 interdi-

825 5406 962 5445 ctum
995 5390 1138 5441 nobis
1179 5399 1253 5439 est
1284 5402 1343 5439 ea
1377 5384 1582 5445 arbore,
1632 5388 1836 5449 quanto
1868 5377 2039 5444 magis
2072 5372 2389 5427 existiman-

826 5488 954 5536 dunt
1004 5490 1087 5535 est
1137 5479 1402 5531 Adamum
1450 5474 1663 5528 curiose
1711 5470 1863 5541 prius
1912 5468 1980 5521 de
2046 5466 2168 5519 cibo
2226 5476 2386 5533 quem

829 5592 964 5627 uxor
1032 5570 1340 5640 porrigebat
1405 5561 1785 5633 iuquisivisse,
1839 5572 2002 5628 quam
2074 5562 2388 5621 gustaret:

829 5681 1050 5721 uxorein
1116 5677 1239 5715 vero
1285 5670 1337 5713 et
1384 5673 1441 5713 ea
1509 5652 1857 5725 respondisse
1900 5664 2019 5720 quae
2066 5666 2094 5702 a
2143 5654 2391 5715 serpente

896 5849 934 5873 ’δ
969 5846 1082 5900 Jac.
1121 5856 1160 5907 ι,
1201 5840 1283 5893 i3-

2479 4642 2544 4694 de
2583 4636 2893 4708 aperiendis
2941 4634 3115 4687 oculis
3164 4644 3286 4683 esse
3339 4630 3566 4683 locutos.
3623 4626 3857 4694 Serpens
3902 4629 4053 4679 l‘lliltl

2479 4729 2690 4784 volebat
2732 4727 3016 4779 oculorum
3057 4732 3312 4791 apertura
3363 4719 3671 4786 significare
3708 4718 3957 4769 futurutn
3993 4731 4054 4771 ut

2479 4822 2589 4876 acri
2620 4829 2784 4888 atque
2812 4814 3115 4884 perspicaci
3154 4819 3336 4865 essent
3366 4808 3603 4877 ingenio,
3641 4808 3956 4873 bonumque
3988 4824 4055 4859 at:

2483 4918 2683 4969 malum
2718 4911 2939 4980 perinde
2967 4923 3029 4961 ac
3058 4905 3129 4959 dii
3160 4910 3379 4973 possent
3407 4902 3759 4969 dignoscere;
3791 4907 3844 4950 at
3874 4898 4058 4952 Moses

2485 5005 2687 5075 apertis
2735 5000 2908 5055 oculis
2957 4998 3092 5051 nihil
3139 4995 3285 5049 aliud
3336 4994 3485 5053 vult,
3532 5005 3691 5059 quam
3743 5006 3855 5043 sua:
3905 4990 4058 5056 ipsos

2490 5095 2748 5151 nuditatis
2781 5092 2885 5147 sibi
2916 5091 3164 5144 conscios
3190 5101 3311 5141 esse
3340 5087 3544 5139 factos;
3581 5084 3681 5135 lmc
3706 5092 3809 5143 est,
3842 5083 4057 5146 pudore

2492 5186 2925 5254 Verecundiaque
2972 5181 3209 5235 allectos.
3262 5176 3328 5229 Et
3379 5181 3722 5244 cognorcrunt
3753 5172 3891 5238 quod
3925 5174 4057 5221 nudi

2489 5287 2657 5333 essent
2688 5293 2705 5329 :
2742 5278 2843 5329 hoc
2888 5282 2992 5335 est,
3031 5269 3223 5339 puduit
3257 5270 3404 5336 ipsos
3451 5280 3561 5319 siue
3603 5262 3884 5313 unditatis.
3917 5260 4056 5311 Cum

2490 5370 2635 5426 enim
2672 5376 2951 5438 peccatum
2981 5361 3299 5418 detraxisset
3326 5359 3456 5426 ipsis
3484 5368 3683 5408 vestem
3716 5352 3903 5421 glorise
3946 5366 4056 5419 qua

2493 5464 2669 5516 adhuc
2703 5460 2919 5513 fuerant
2965 5455 3170 5517 amicti,
3211 5450 3466 5505 deuudati
3520 5458 3687 5510 sunt,
3751 5442 4059 5513 puduitque

2493 5556 2616 5609 illos
2657 5550 2869 5604 violata:
2912 5548 3066 5617 legis,
3102 5554 3263 5613 atque
3301 5542 3498 5595 amissa
3534 5537 3679 5591 omni
3717 5536 3913 5588 fiducia
3948 5547 4057 5602 qua

2496 5655 2621 5700 ante
2677 5642 2947 5715 pollebant
3006 5646 3333 5709 peecatoque
3392 5632 3503 5701 jam
3554 5642 3753 5699 corpus
3809 5626 4056 5695 ipsorum
