4202 6430
800 442 902 500 5.39

2079 428 2310 488 MOSIS
2350 426 2499 487 ΒΑΗ
2541 426 2788 486 ΕΕΡΙΙᾹ

3937 422 4042 482 5ϋΰ

801 554 1078 624 cognitum
1117 552 1262 602 hunc
1303 547 1530 599 alterum
1581 544 1920 602 habuissent,
1968 553 2245 608 nunquam
2285 537 2374 592 ille
2406 544 2449 600 Α
2485 537 2754 591 duntaxat
2798 548 2970 604 parum
3014 535 3268 598 absolvit,
3307 534 3406 587 hoc
3455 541 3559 596 est,
3595 549 3660 585 ne
3711 548 3774 586 eo
3813 532 3931 600 ipso
3956 536 4044 585 die

802 654 1061 714 quantum
1111 640 1240 692 huic
1284 647 1520 706 praestet,
1569 645 1755 688 exacte
1806 631 2218 685 intellexissent.
2267 628 2369 682 Po-

803 750 1022 790 sIretuo.
1071 740 1129 784 ut
1162 731 1290 782 dum
1326 727 1557 781 subinde
1606 740 1634 777 a
1671 732 1888 792 peccato
1931 721 2370 789 iuterpellaretur

805 825 996 878 Adami
1033 823 1261 890 livznque
1308 820 1585 879 voluntas,
1622 815 1967 869 erudirentur
2010 811 2111 880 ipsi
2146 813 2209 864 ad
2243 827 2370 880 pec-

805 917 910 969 cati
957 916 1140 966 odium
1194 920 1353 977 atque
1411 908 1614 976 fugam,
1681 915 1936 972 tanquam
2000 903 2120 969 ejus
2174 915 2203 953 a
2262 915 2371 968 quo

807 1012 1050 1075 ingentes
1076 1003 1414 1070 accepissent
1440 997 1776 1052 calamitates
1799 1010 1814 1056 ;
1847 1003 2010 1060 atque
2036 1008 2098 1045 ea
2124 992 2370 1047 doctrina

807 1100 874 1152 ab
911 1097 1014 1149 illis
1061 1094 1126 1146 ad
1185 1106 1283 1144 nos
1336 1104 1508 1158 usque
1540 1094 1951 1156 propagaretur,
2007 1085 2160 1151 quasi
2207 1098 2370 1135 manu

807 1186 1024 1240 tradita.
1070 1182 1360 1235 Enimvero
1409 1179 1623 1246 quoties
1679 1174 1937 1242 peccandi
1987 1174 2204 1228 occasio
2254 1187 2374 1226 sese

809 1278 964 1329 nobis
994 1273 1172 1338 offert,
1214 1280 1410 1341 prmsto
1439 1270 1637 1322 adsunt
1682 1267 1842 1320 nobis
1883 1267 2026 1334 leges
2055 1280 2191 1332 quas
2225 1264 2374 1316 Deus

807 1369 963 1421 nobis
1019 1365 1306 1432 imperavit
1349 1370 1406 1414 ut
1461 1361 1596 1428 ipsis
1637 1371 1988 1412 coerceantur
2032 1369 2061 1406 a
2109 1356 2374 1423 patrando

808 1467 1053 1528 peccato.
1091 1456 1233 1520 Quin
1269 1452 1480 1523 legibus
1519 1451 1650 1519 ipsis
1685 1449 1846 1501 etiam
1880 1446 2183 1499 subsidium
2225 1445 2374 1499 addi—

809 1552 886 1604 uit
932 1565 1049 1602 eam
1099 1562 1218 1614 qua:
1253 1546 1536 1598 doctorum
1586 1540 1766 1593 verbis
1802 1539 1857 1591 lit
1912 1537 2372 1606 redargutionem,

808 1641 939 1692 utsi
997 1638 1214 1706 quando
1271 1633 1530 1702 flagitium
1588 1630 2013 1692 admiserimus,
2081 1639 2192 1680 tum
2253 1626 2375 1679 latis

806 1731 1040 1798 legibus,
1094 1740 1204 1781 tum
1256 1741 1316 1779 ea
1367 1725 1532 1777 etiam
1590 1723 1965 1790 increpatione
2000 1735 2104 1786 qua
2153 1729 2374 1786 peccata

814 1824 991 1876 verbis
1024 1819 1483 1887 perstringuntur,
1530 1815 1837 1867 indicantur
1882 1813 1946 1864 ad
1979 1811 2373 1879 paenitentiam,

2471 633 2845 688 morerentur;
2877 626 3170 693 caeteroqui
3221 639 3328 678 nou
3358 625 3580 676 sustulit
3610 638 3840 691 prorsus
3886 636 4042 674 mor-

2473 724 2601 769 tem.
2652 713 2767 767 Non
2809 724 2892 769 est
2939 715 3122 783 itaque
3172 714 3290 766 falsi
3327 712 3730 764 insiniulamlus
3777 711 3916 763 Ileus
3949 712 4042 777 qui

2474 821 2569 874 per
2599 807 2743 859 illam
2774 805 3206 860 misericordiam
3241 803 3396 857 venia
3428 802 3681 869 dignatus
3713 809 3795 854 est
3822 810 4046 854 nostros

2474 899 2680 965 primos
2729 905 2998 965 parentes,
3036 896 3396 963 meritamque
3444 908 3659 962 poenam
3709 895 3902 960 partim
3941 907 4043 943 τεο

2476 989 2647 1050 misit,
2717 1004 2892 1056 neque
2948 1005 3012 1042 eo
3073 989 3190 1056 ipso
3234 1002 3342 1053 quo
3383 988 3595 1039 dixerat
3651 983 3736 1036 die
3789 983 4046 1052 peremit.

2478 1079 2619 1133 Sunt
2660 1080 2879 1148 quidem
2909 1081 3000 1147 qui
3031 1078 3122 1131 Dei
3155 1079 3315 1130 verba
3357 1077 3438 1130 sic
3476 1084 3718 1130 tutentur
3748 1085 3805 1127 ut
3834 1074 4048 1128 obiisse

2478 1181 2710 1224 mortem
2748 1171 2870 1223 illos
2898 1171 3232 1223 contendant
3259 1185 3367 1238 quo
3397 1169 3484 1222 die
3510 1171 3854 1237 deliquerunt
3883 1186 3895 1220 :
3931 1183 4044 1221 non

2477 1263 2694 1329 quidem
2742 1262 2987 1329 corporis
3023 1270 3250 1314 mortem
3301 1260 3394 1314 sed
3441 1261 3632 1321 animi,
3664 1277 3784 1329 qua:
3819 1276 3882 1313 es
3916 1274 4045 1325 pee-

2479 1360 2602 1403 cato
2653 1360 2935 1404 nascatur.
2969 1348 3169 1403 Verum
3217 1350 3418 1402 frustra
3451 1359 3534 1403 est
3575 1350 3689 1402 haec
3739 1351 4046 1412 excusatio.

2477 1445 2696 1510 quando
2722 1458 2825 1495 non
2866 1449 3096 1495 mortem
3121 1442 3314 1494 animre
3352 1442 3446 1495 sed
3477 1441 3745 1510 corporis,
3792 1444 3894 1495 hoc
3936 1452 4046 1498 est.

2477 1550 2600 1605 qua:
2632 1536 2804 1602 ipsam
2850 1535 3090 1587 animam
3144 1550 3172 1586 a
3223 1549 3450 1602 corpore
3481 1534 3804 1587 dissociaret
3829 1576 3845 1600 ,
3878 1535 4050 1586 inter-

2482 1627 2721 1679 minatus
2771 1624 2877 1677 illis
2928 1623 3104 1677 fuerat
3139 1624 3299 1677 Deus.
3352 1622 3470 1676 .lam
3525 1637 3653 1674 vero
3694 1624 3823 1675 illud
3879 1633 4046 1675 restat

2481 1719 2681 1781 dicere,
2713 1733 2808 1768 cur
2841 1733 2947 1768 non
2979 1716 3175 1768 obicrit
3207 1716 3375 1767 Adam
3410 1731 3516 1784 quo
3553 1715 3638 1766 die
3667 1716 3775 1767 edit
3805 1715 4046 1766 fructum

2483 1811 2601 1878 lege
2642 1809 2997 1876 prohibitum,
3048 1817 3106 1860 ut
3146 1808 3306 1860 minze
3346 1806 3591 1859 futurum
3628 1807 4046 1861 derututiarunt,

811 1916 1064 1983 dignique
1097 1912 1387 1964 reddantur
1413 1909 1611 1977 quibus
1645 1906 1738 1958 fiat
1772 1904 2139 1957 admissorum
2178 1906 2371 1969 gratia.
2407 1882 2448 1938 Β
2485 1901 2577 1953 sed
2611 1899 2916 1951 extcndcrit
2951 1909 3136 1965 postea
3175 1900 3338 1950 vitam
3378 1913 3534 1950 suam
3573 1901 3636 1949 a-l
3693 1898 3880 1949 novies
3919 1914 4054 1946 ecu-

811 2007 957 2058 Sicut
986 2002 1188 2054 l’aulus
1224 2015 1383 2052 suum
1416 1998 1764 2049 Timotheum
1799 1995 2004 2058 scripto
2037 1994 2291 2046 hortatur
2321 2003 2379 2046 ut

811 2095 975 2148 simul
1001 2109 1123 2146 cum
1162 2091 1366 2159 legibus
1393 2090 1501 2156 jam
1535 2099 1646 2140 tum
1681 2087 1872 2154 positis
1899 2084 2186 2151 rcdarguat
2214 2087 2376 2135 etiam

811 2198 972 2254 atque
1035 2179 1392 2250 reprehendat
1445 2188 1781 2246 peccatores,
1843 2191 1954 2242 quo
2013 2189 2111 2225 sua
2159 2182 2378 2241 peccata

812 2287 1106 2347 agnoscant
1164 2283 1216 2325 et
1276 2271 1616 2339 paenitudine
1662 2265 2026 2319 ducantur".
2089 2269 2166 2317 Ad
2233 2265 2378 2317 hunc

815 2379 976 2421 etiam
1027 2367 1246 2420 modum
1297 2378 1418 2415 cum
1457 2361 1648 2428 primis
1687 2359 2005 2428 parentibus
2051 2370 2230 2410 aetum
2274 2369 2375 2410 est.

811 2461 946 2511 Cum
988 2460 1131 2511 enim
1180 2455 1312 2524 ipsis
1360 2456 1699 2523 obrepsisset
1741 2461 2045 2520 peccatum,
2082 2453 2194 2518 ipse
2237 2448 2379 2504 Deus

811 2567 905 2606 eos
946 2551 1122 2603 verbis
1168 2548 1553 2617 reprehendit;
1612 2559 1845 2610 cumque
1881 2542 2149 2610 paenitere
2193 2556 2250 2594 se
2283 2540 2379 2592 ad—

814 2645 964 2697 missi
1012 2643 1198 2712 flagitii
1250 2641 1632 2699 osteuderent.
1705 2638 2086 2705 tpiadautenus
2130 2634 2377 2703 ignovit;

815 2735 1033 2804 quando
1085 2748 1191 2787 non
1251 2747 1357 2800 quo
1413 2732 1502 2784 die
1549 2730 1781 2783 ederunt
1833 2728 1896 2779 de
1945 2727 2105 2780 vetita
2158 2725 2378 2790 arbore,

814 2826 1002 2877 codem
1035 2833 1088 2876 et
1126 2824 1231 2876 \ita
1266 2821 1512 2874 defuncti
1548 2831 1699 2881 Slllll,
1736 2820 1879 2871 sicut
1921 2833 2013 2885 per
2049 2818 2222 2870 minas
2249 2816 2381 2885 ipsis

816 2925 1198 2974 obnuntiatum
1247 2917 1442 2969 fuerat.
1492 2915 1594 2967 Sed
1636 2917 1744 2983 jam
1803 2915 1906 2965 alia
1951 2913 2198 2965 oboritur
2233 2925 2382 2979 qua:-

819 3015 962 3077 stio;
1034 3027 1128 3064 cur
1162 3027 1268 3062 non
1327 3009 1396 3060 sit
1446 3017 1697 3058 mortuus
1744 3005 1908 3056 Adam
1958 3019 2068 3070 quo
2118 3002 2205 3054 dic
2271 3000 2385 3053 edit

819 3109 1054 3157 fructum
1115 3112 1337 3153 \‘ttlllUdl
1409 3101 1546 3153 sicut
1610 3097 1996 3149 interminatus
2052 3094 2150 3162 ipsi
2210 3095 2384 3145 fuerat

2489 1992 2745 2044 tesimum
2784 2001 2836 2043 ct
2887 1989 3221 2043 tricesimum
3273 2005 3498 2042 annum.
3540 1987 3710 2054 Hujus
3760 1991 3833 2041 rei
3884 1992 4053 2039 \arizu

2483 2093 2608 2136 sunt
2663 2097 2864 2135 causa}.
2926 2081 3110 2135 Potuit
3168 2083 3310 2133 enim
3368 2080 3508 2133 Deus
3565 2082 3708 2134 illius
3763 2081 4048 2135 iziisereri.

2483 2175 2973 2241 eommeritamque
3005 2188 3240 2240 pmuam.
3291 2172 3336 2224 si
3379 2186 3485 2224 non
3533 2186 3773 2231 omnem,
3827 2181 3879 2222 at
3931 2186 4056 2235 par-

2485 2267 2578 2319 tim
2629 2267 2821 2318 saltem
2851 2265 3164 2328 remittere;
3203 2266 3296 2332 qui
3333 2278 3524 2330 magna
3555 2264 3770 2330 quidem
3804 2263 4055 2322 duraque

2486 2359 2706 2413 minari.
2746 2367 2801 2408 at
2848 2359 3059 2408 minora
3112 2357 3470 2423 uudlioraque
3520 2356 3759 2419 intligcre
3816 2354 3956 2405 solet
3997 2361 4055 2400 ut

2485 2451 2646 2503 nobis
2675 2449 2924 2501 Ninivita:
2979 2450 3228 2516 cxernplo
3275 2448 3446 2500 fuere.
3486 2447 3683 2498 Deinde
3721 2446 3762 2498 si
3809 2447 3882 2496 illi
3925 2459 4053 2496 mos

2485 2559 2610 2596 eum
2644 2543 2887 2595 admisso
2917 2551 3138 2608 peccato
3175 2542 3281 2592 vita
3326 2540 3567 2592 defuncti
3607 2539 3858 2595 fitiS.~’i‘t.l.
3897 2540 4051 2588 nulla

2490 2634 2901 2702 relinquebatur
2955 2631 3285 2701 propagandi
3343 2631 3558 2700 generis
3597 2630 3818 2681 humani
3868 2630 4047 2694 origo.

2484 2724 2750 2781 Prmtirea
2799 2726 2886 2780 illa
2923 2726 3013 2778 Dei
3050 2723 3354 2777 benedictio
3391 2740 3402 2774 :
3436 2724 3664 2774 Crescite
3695 2731 3738 2772 ct
3791 2719 4056 2781 multipli-

2487 2821 2716 2880 camini,
2769 2827 3122 2887 praecesserat
3165 2820 3312 2869 diras
3364 2820 3497 2870 istas
3551 2817 3723 2867 minas
3764 2812 3925 2877 :Qno
3976 2813 4060 2861 di.-

2486 2911 2744 2974 edcrilis,
2813 2920 3034 2961 mortem
3095 2909 3411 2961 moriemini.
3473 2909 3698 2975 insuper
3751 2909 3915 2958 dilata
3975 2917 4062 2957 t‘rl

2491 3018 2638 3056 mors
2674 3002 2948 3070 peccantis
3000 3002 3147 3062 Adae,
3200 3016 3265 3052 ue
3304 3000 3514 3066 sijusto
3549 2999 3706 3050 initio
3753 3013 3901 3048 mars
3957 2999 4063 3048 iiii-

2488 3096 2699 3162 perium
2737 3108 2896 3147 suum
2941 3093 3222 3159 auspicata
3261 3100 3404 3144 esset
3438 3091 3489 3142 iu
3525 3103 3694 3156 genus
3729 3089 4059 3144 humanum.

819 3196 999 3249 Deus?
1055 3195 1158 3244 Sed
1225 3194 1541 3259 priusquam
1599 3191 1664 3240 a.l
1733 3188 1871 3238 hanc
1933 3185 2454 3268 respondeamus,c
2489 3198 2714 3253 prorsus
2773 3183 2876 3236 hoc
2944 3181 3329 3235 iudissolubile
3397 3181 3655 3247 deinceps
3706 3179 4061 3232 obtinuisset.

819 3301 997 3353 opera:
1042 3301 1114 3350 pr:
1142 3287 1272 3334 tium
1328 3280 1490 3332 fuerit
1537 3280 1752 3330 illorum
1794 3276 2074 3328 hominum
2134 3274 2378 3343 argutias

818 3380 1111 3433 dissolvere
1143 3379 1233 3444 qui
1285 3377 1384 3428 hoc
1438 3375 1554 3425 loco
1607 3372 1760 3422 aiunt
1811 3369 2078 3436 serpentis
2111 3366 2238 3434 (hoc
2273 3375 2379 3430 est,

820 3472 1054 3538 Satanze)
1100 3472 1257 3522 verba
1306 3477 1420 3520 rata
1467 3466 1603 3523 fieri,
1657 3464 1856 3530 quibus
1906 3460 2231 3528 praedixerat
2276 3473 2383 3512 non

822 3567 1116 3618 morituros
1170 3559 1386 3614 etiamsi
1437 3565 1794 3609 vescerentur
1853 3551 2142 3620 prohibitis
2192 3551 2385 3604 fructi-

824 3666 925 3715 bus
957 3679 969 3716 :
1007 3660 1097 3712 Dei
1152 3672 1280 3709 vero
1311 3655 1466 3708 irrita
1500 3653 1743 3720 falsaque
1777 3651 1868 3719 qui
1910 3650 2097 3704 eodem
2129 3664 2252 3702 cum
2285 3662 2384 3716 pa-

823 3762 965 3805 trato
995 3751 1235 3802 facinore
1266 3748 1350 3798 die
1383 3745 1677 3798 morituros
1707 3743 1948 3794 minatus
1977 3740 2174 3793 fuerat.
2223 3739 2383 3806 Atqui

825 3843 1246 3911 haudquaquam
1282 3838 1544 3891 mentitus
1590 3843 1670 3887 est
1706 3833 1869 3895 Deus,
1902 3831 1992 3884 sed
2029 3829 2384 3899 praestitutam

823 3950 1038 4004 pinnam
1109 3929 1482 3984 misericordia
1539 3924 1824 3992 mitigavit.
1881 3921 2032 3974 Solet
2093 3921 2240 3974 enim
2297 3921 2386 3972 ille

823 4040 1057 4080 maxima
1107 4021 1539 4090 grmissiutaquc
1595 4015 1859 4084 supplicia
1912 4013 2130 4076 minari,
2171 4021 2230 4064 ut
2282 4011 2385 4064 sibi

824 4127 1046 4169 iareaut
1095 4112 1372 4172 mortales,
1429 4123 1616 4161 verum
1693 4105 1888 4158 deinde
1951 4103 2038 4155 illa
2089 4116 2182 4170 per
2233 4115 2386 4154 suam

826 4206 1256 4260 misericordiam
1297 4199 1590 4260 moderati,
1628 4196 1945 4264 lenioraque
1979 4208 2216 4247 sumere.
2254 4193 2388 4244 Nam

826 4313 879 4354 σοι
931 4301 1185 4352 Muli-itis
1239 4313 1362 4348 eum
1422 4296 1806 4345 interminatus
1857 4297 2000 4341 esset
2031 4288 2280 4349 exitium,
2315 4285 2388 4338 illi

827 4411 953 4444 ιντο
986 4395 1052 4443 ab
1094 4387 1344 4453 llltmplis
1391 4383 1630 4438 revocati
1675 4383 1996 4450 ramiterent
2020 4417 2034 4441 ,
2066 4381 2210 4430 nulla
2243 4378 2389 4445 ipsos

829 4489 998 4540 multa
1033 4481 1305 4536 affecit“.
1352 4476 1597 4530 Ezechiae
1639 4487 1854 4543 quoque.
1887 4485 2012 4524 cunt
2064 4471 2386 4521 moriturum

2488 3277 2701 3330 Jastum
2728 3285 2908 3328 autem
2943 3273 3138 3326 fuisset
3193 3272 3386 3325 mortis
3435 3272 3650 3339 imperii
3695 3270 4060 3337 principium.

2488 3366 2531 3419 si
2565 3366 2758 3429 Adam,
2795 3365 2887 3433 qui
2919 3364 3116 3416 violata
3151 3364 3266 3433 lege
3293 3362 3618 3428 deliquerat,
3653 3362 3860 3428 primus
3887 3369 4064 3411 nmrte

2488 3456 2856 3518 eoneidisset;
2904 3465 2957 3508 at
3019 3457 3164 3507 enim
3204 3465 3558 3522 posteaquam
3597 3453 3683 3504 ille
3717 3451 3928 3519 primus
3981 3462 4068 3502 (‘sl

2491 3554 2667 3599 morte
2707 3545 3013 3598 exstinctus
3048 3545 3139 3613 qui
3189 3560 3298 3612 pra:
3334 3543 3545 3597 caeteris
3593 3541 3917 3595 mortalibus
3953 3542 4064 3592 fleo

2497 3636 2746 3705 placebat
2808 3645 2860 3688 et
2920 3639 3150 3688 omnino
3199 3645 3373 3688 morte
3424 3634 3675 3702 indignus
3718 3643 3856 3694 erat,
3901 3644 4064 3699 atque

2492 3731 2562 3783 ita
2597 3730 2849 3798 improbo
2875 3730 3144 3797 principio
3181 3745 3331 3782 nmrs
3368 3745 3522 3783 suam
3557 3731 3768 3796 Occepit
3813 3731 4064 3796 tyranni-

2491 3821 2649 3886 dem;
2685 3829 2884 3873 merito
2919 3836 2980 3873 ea
3020 3823 3264 3890 tyrannis
3292 3821 3422 3874 olim
3454 3821 3800 3875 dissolremla
3833 3820 3939 3872 fuit
3967 3835 4064 3887 per

2491 3913 2766 3965 Christum
2817 3911 2908 3978 qui
2954 3926 3054 3965 suo
3098 3912 3241 3963 illam
3295 3911 3529 3965 adventu
3577 3912 3782 3964 viribus
3845 3927 4064 3964 cassam

2491 4000 2746 4054 reddidit.
2809 3997 2947 4052 Illuc
3025 4000 3282 4052 dominus
3350 3998 3585 4066 liphrem
3646 4000 3696 4050 iu
3776 3999 3905 4049 illud
3976 3998 4068 4048 Ιιιιι

2492 4092 2696 4143 dictum
2733 4107 2744 4141 :
2775 4088 3008 4159 Sanguis
3052 4090 3178 4141 Abel
3225 4091 3423 4141 claumt
3471 4091 3538 4140 ad
3599 4105 3677 4141 me
3724 4104 3786 4139 ex.
3827 4090 4068 4149 terra“,

2494 4185 2637 4239 sicut
2669 4194 2930 4250 scriptum
2969 4181 3232 4250 reliquit:
3274 4182 3452 4234 Ululat
3496 4195 3645 4233 mors
3691 4180 3742 4232 in
3770 4195 3871 4231 suo
3909 4181 4072 4232 itiiiln

2494 4276 2790 4330 ostendens
2859 4290 3016 4342 quem
3083 4275 3153 4326 sit
3230 4273 3480 4324 habitura
3548 4270 3730 4324 finem.
3794 4271 4074 4324 [metr-rea

2493 4379 2654 4420 etiam
2705 4366 2747 4420 si
2800 4382 2908 4418 non
2976 4365 3120 4418 illico
3172 4373 3484 4433 peccantem
3544 4365 3809 4416 Adamum
3886 4375 4075 4414 morte

2498 4459 2810 4512 multaverit
2860 4458 3023 4519 Deus,
3074 4466 3252 4510 tamen
3312 4456 3592 4508 tnortalem
3640 4470 3780 4516 esse,
3821 4463 3871 4505 et
3930 4469 3960 4505 a
4017 4470 4078 4504 se

829 4592 1002 4629 uerae
1031 4575 1301 4626 victurum
1334 4569 1764 4638 pronuntiasset,
1792 4573 2030 4626 euntque
2064 4555 2271 4624 peccati
2306 4554 2390 4608 sui
2425 4535 2466 4588 θ
2498 4551 2626 4603 olim
2674 4549 3049 4618 perimendum
3085 4548 3195 4615 jam
3255 4557 3366 4600 tum
3415 4547 3650 4600 ostendit
3703 4545 3785 4597 his
3835 4547 4027 4598 verbis
4065 4565 4075 4597 :

827 4667 1190 4738 picuituisset,
1222 4659 1553 4729 impendenti
1583 4669 1756 4725 poena:
1779 4654 1891 4721 jam
1921 4650 2139 4702 addicto
2165 4647 2393 4714 gratiam

829 4761 1062 4817 fecit";
1101 4769 1151 4808 et
1196 4763 1376 4807 tamen
1431 4763 1612 4808 nemo,
1654 4747 1723 4799 ob
1760 4745 1876 4798 haec
1923 4741 2194 4794 mendacii
2223 4738 2394 4791 Deum

830 4849 1193 4902 accusaret-it.
1243 4843 1334 4896 Sic
1383 4841 1548 4910 igitur
1580 4837 1742 4891 etiam
1780 4849 1902 4887 cum
1952 4831 2158 4884 Adamn
2194 4838 2247 4882 et
2283 4828 2395 4880 Eva

830 4944 960 5009 egit.
997 4936 1336 4990 Praemouuit
1369 4932 1512 4986 enim
1564 4945 1631 4981 ne
1678 4927 1744 4980 de
1785 4925 1872 4976 illa
1930 4925 2122 4976 arbore
2154 4921 2396 4981 ederent,

834 5033 1105 5100 simulque
1159 5029 1331 5080 minas
1393 5021 1600 5076 addidit
1664 5018 1778 5071 fore
1837 5025 1896 5068 ut
1955 5013 2057 5067 nisi
2113 5022 2394 5081 parerent,

835 5131 1020 5179 eodem
1073 5125 1157 5175 die
1214 5127 1443 5173 mortem
1490 5123 1852 5185 oppeterent:
1890 5126 2010 5162 cum
2054 5123 2217 5176 porro
2286 5107 2396 5175 jam

837 5226 1162 5288 praeceptum
1209 5213 1506 5265 violassent
1546 5216 1710 5274 atque
1743 5209 2086 5272 peccassent,
2115 5199 2401 5252 miseratus

835 5315 980 5378 ipsos
1011 5316 1093 5361 est
1125 5305 1452 5371 culpamque
1480 5296 1716 5356 remisit,
1748 5305 1801 5348 et
1851 5292 2175 5360 supplicium
2217 5291 2288 5340 ita
2321 5299 2403 5340 est

840 5401 1152 5452 moderatus
1188 5403 1245 5446 ut
1272 5408 1336 5446 eo
1369 5394 1485 5459 ipso
1509 5390 1594 5440 die
1628 5394 1856 5439 mortem
1896 5398 1998 5434 non
2025 5381 2260 5434 obierint
2289 5394 2397 5447 quo

839 5490 1147 5558 impositam
1205 5484 1306 5536 sibi
1344 5483 1516 5551 legem
1553 5478 1846 5545 fregerant.
1883 5473 1997 5526 Luo
2027 5488 2156 5525 vero
2208 5470 2400 5522 adver-

839 5599 935 5636 sus
967 5579 1236 5634 Ninivitas
1293 5582 1463 5627 totum
1501 5569 1722 5624 omnino
1776 5564 2104 5633 supplicium
2165 5561 2395 5613 reddidit

841 5675 1087 5735 irritum;
1132 5677 1185 5722 at
1213 5666 1414 5736 primos
1469 5663 1636 5716 hosce
1683 5671 1899 5713 nostros
1937 5663 2190 5724 parentes
2247 5661 2399 5720 parte

909 5827 991 5880 ⁵⁷1
1028 5823 1168 5879 Tim.
1203 5840 1239 5886 ι,
1272 5821 1302 5873 3
1337 5834 1486 5888 seqq.
1576 5816 1617 5850 "
1642 5813 1789 5869 JOIlII‘
1824 5828 1898 5880 ut,
1931 5809 1963 5862 ‘2
1994 5825 2142 5877 seq-1.

2220 5807 2260 5838 ⁵³
2293 5803 2518 5872 Γνίίὶιδέ.
2565 5819 2652 5867 xx,
2692 5801 2705 5853 l
2747 5817 2797 5847 ξι·
2824 5817 2896 5862 :u.

2496 4641 2676 4695 Putris
2715 4659 2789 4704 es,
2830 4651 2876 4693 et
2925 4643 2977 4692 in
3014 4641 3276 4708 pulverem
3324 4639 3618 4691 reverteris.
3654 4639 3894 4704 Denith
3941 4652 4075 4690 cuin

2498 4736 2588 4788 ille
2635 4745 2847 4802 gustata
2896 4733 3092 4785 arbore
3129 4733 3314 4790 vetita,
3370 4745 3526 4796 pruna
3571 4729 3838 4781 obnoxius
3889 4729 4081 4781 factu.

2496 4836 2672 4888 esset,
2739 4825 2924 4877 habuit
2985 4825 3161 4891 ipsum
3223 4821 3361 4874 Deus
3411 4837 3509 4889 pro
3560 4828 3796 4882 mo:tuo,
3847 4820 4077 4871 etiamsi

2501 4920 2654 4971 vivus
2707 4931 2827 4970 esse
2869 4916 3165 4968 \idcretur.
3222 4913 3278 4966 Si
3317 4913 3461 4965 enim
3493 4912 3652 4965 divus
3684 4909 3888 4963 Paulus
3936 4925 4080 4976 apo-

2503 5012 2676 5066 stolus
2706 5024 2801 5061 eos
2836 5008 2926 5076 qui
2962 5007 3157 5059 mortui
3191 5016 3340 5066 sunt,
3365 5014 3513 5058 recte
3551 5014 3709 5056 vocat
3732 5004 4078 5054 dormientes

2502 5117 2720 5174 propter
2768 5101 3125 5155 certissimam
3163 5097 3581 5151 resurrectionis
3612 5111 3782 5163 spem,
3811 5109 3912 5147 cur
3962 5110 4078 5147 nm

2503 5198 2744 5248 Atlauius
2797 5203 3150 5260 posteaquam
3214 5197 3435 5258 peccato
3490 5191 3833 5255 mancipatus
3907 5195 4081 5253 atque

2506 5303 2660 5340 noxa:
2685 5285 2898 5337 deditus
2926 5293 3089 5338 esset.
3129 5283 3351 5350 perinde
3384 5290 3546 5348 atque
3576 5281 3646 5332 ob
3687 5292 3883 5330 noxam
3923 5293 4084 5329 mor-

2505 5386 2630 5428 tuus
2665 5373 2842 5425 vot'al‘i
2875 5371 3095 5421 ttt‘iitlil'.’

2575 5465 2743 5518 Adam
2782 5467 3036 5531 quomodo
3089 5471 3328 5513 mortuus
3377 5477 3435 5512 eo
3492 5460 3579 5510 die
3632 5473 3732 5526 quo
3771 5456 3834 5509 de
3884 5455 4085 5508 arbore

2505 5557 2736 5608 sricntia:
2779 5554 3033 5622 gustarit.
3063 5581 3128 5590 ο-
3163 5552 3297 5604 llinc
3328 5562 3409 5604 est
3439 5555 3581 5618 quod
3616 5549 3869 5601 dominus
3893 5546 4085 5599 Julius

2505 5647 2906 5702 (latrunculario
2967 5661 3066 5698 suo
3110 5646 3161 5696 in
3225 5643 3574 5711 livzmgelium
3628 5641 3898 5704 Joannis,
3959 5645 4081 5692 ait:

2990 5801 3031 5830 εν
3061 5799 3194 5855 lica.
3233 5813 3302 5853 tv.
3339 5798 3418 5850 l0.
