4202 6430
177 390 272 444 ἑ-ϋι

179 593 376 644 arbore
419 590 691 657 prohibita
730 591 860 656 edit,
893 608 958 646 eo
993 609 1100 662 qun
1147 595 1225 650 sic
1258 597 1480 650 haberet
1524 609 1743 652 senten-

180 682 247 734 tia
279 699 291 735 :
329 680 448 744 Quo
493 681 579 734 die
621 683 910 734 comet/eris
936 686 1000 736 de
1037 687 1243 748 arbore,
1278 689 1535 741 morieris.
1585 691 1744 759 Atqui

182 769 393 821 tivebal
423 770 587 822 etiam
642 779 780 825 tum.
825 770 926 835 Qui
955 789 1082 841 ergo
1117 775 1296 841 potuit
1327 786 1570 831 mortuus
1601 795 1742 843 esse,

175 875 303 913 sane
354 875 454 927 per
503 865 830 914 sententiam
895 865 1065 932 ipsatu
1113 876 1272 933 atque
1325 884 1418 934 per
1471 877 1740 934 patratum

176 951 415 1012 facinus.
449 952 564 1018 jam
603 962 716 1004 tum
749 965 997 1008 mortuus
1020 965 1159 1008 erat.
1201 957 1332 1009 Nam
1377 958 1546 1012 simul
1581 972 1743 1029 atque

175 1061 232 1096 se
269 1044 398 1111 quis
434 1043 742 1111 subjectum
775 1046 946 1113 culpa:
987 1048 1141 1110 fecit,
1177 1051 1436 1118 supplicia
1473 1052 1742 1119 quodam-

177 1135 333 1184 nioio
386 1137 614 1202 patitur,
664 1137 878 1190 tatnetsi
929 1139 1104 1192 adlmc
1139 1155 1242 1194 non
1300 1141 1480 1210 reipsa
1519 1143 1738 1208 ductus,

175 1224 264 1277 sed
314 1241 416 1292 per
465 1227 634 1280 solam
677 1231 1080 1294 pronuntiatam
1111 1234 1434 1286 sententiam
1462 1234 1741 1302 judicatus

172 1324 270 1368 est.
353 1315 424 1370 Et
489 1319 745 1373 dominus
810 1321 1044 1385 Ephrem
1117 1325 1207 1376 ubi
1276 1323 1471 1378 iterum
1543 1337 1741 1381 tractat

173 1398 353 1459 locum
409 1411 560 1462 illum
600 1410 668 1464 de
717 1410 926 1465 Adamo
971 1424 1221 1468 vescente
1267 1414 1477 1471 fructus
1520 1420 1738 1484 vetitos,

172 1500 550 1569 molienteque
581 1519 645 1555 eo
683 1504 801 1571 ipso
837 1505 943 1568 die,
971 1505 1236 1574 scriptum
1267 1509 1486 1578 reliquit
1521 1511 1572 1564 in
1602 1511 1738 1565 hanc

169 1594 503 1645 sententiam
562 1613 573 1645 :
637 1594 791 1648 Sicut
853 1597 944 1664 qui
1002 1611 1167 1651 Sanus
1237 1608 1358 1664 est,
1421 1602 1736 1670 priusquam

169 1680 371 1735 incidat
424 1684 478 1736 in
527 1685 801 1749 morbum,
841 1687 981 1739 bona
1025 1687 1226 1742 lrnitur
1263 1692 1571 1747 valetudine
1617 1711 1737 1762 qua:

168 1773 356 1826 morbo
410 1775 592 1841 pntior
633 1788 716 1830 esr
751 1795 764 1828 :
803 1791 990 1832 verum
1040 1780 1127 1832 ubi
1157 1781 1372 1836 letltalis
1405 1797 1530 1837 eum
1582 1785 1736 1840 inivit

1307 396 1400 454 DE
1444 397 1844 464 ΡΜίΛΓιΙὶὲί).

180 500 347 551 Adam
405 496 590 563 itaque
641 511 707 551 eo
751 497 838 551 die
891 509 1120 554 mortem
1173 501 1329 562 obiit,
1381 519 1491 572 quo
1539 505 1626 558 die
1683 510 1819 566 ὸεΑ

1926 429 1952 439 -
1991 407 2176 468 ΡΛιὶῖὲ
2226 412 2266 468 1.

1854 509 2178 580 detraheret,
2217 521 2517 576 secundum
2563 529 2882 585 sctttetttiani
2923 549 3082 602 quant
3127 534 3409 593 dominum

1859 601 2087 670 Ephrem
2140 621 2191 661 et
2259 612 2349 678 qui
2404 614 2546 670 huttc
2591 601 3062 694 seqnuutttrppro
3122 625 3412 694 Scriptura:

1856 703 2040 749 trttnre
2064 700 2339 766 amplexos
2367 719 2487 758 esse
2515 723 2678 776 supra
2703 712 3213 771 demonstravimus.
3245 719 3411 771 Porio

1853 786 1965 840 sive.
2029 805 2120 856 per
2178 799 2684 865 contemplationem
2753 806 3041 872 quamdam
3100 813 3403 878 apparuerit

1853 888 1977 931 tunc
2007 881 2130 940 illis,
2169 892 2224 934 ut
2265 883 2623 942 Philoxenum
2654 895 2967 950 existimare
2995 897 3249 965 diximus,
3296 903 3406 954 site

1854 973 1922 1023 ita
1950 982 2007 1025 ut
2040 975 2185 1041 ipsos
2214 991 2400 1031 eorum
2435 996 2628 1036 scnsns
2655 983 2824 1039 forma
2855 1002 3115 1056 corporea
3145 1003 3402 1057 moveret,

1853 1073 1908 1115 ut
1956 1065 2028 1117 illi
2072 1066 2300 1134 volunt;
2360 1086 2489 1124 sane.
2529 1075 2904 1146 cujuscunque
2953 1083 3066 1134 lucc
3122 1085 3266 1135 modi
3325 1101 3407 1137 res

1851 1152 2032 1219 fuerit,
2094 1168 2286 1224 pacate
2335 1175 2398 1212 ac
2446 1161 2638 1238 blande
2698 1166 2804 1220 illis
2837 1168 3044 1224 vicilrus
3085 1182 3410 1240 apparuerat

1849 1243 2020 1314 ipsis;
2053 1257 2106 1300 at
2131 1247 2242 1317 jam
2284 1250 2353 1305 ita
2391 1251 2545 1320 plane
2580 1272 2636 1308 se
2673 1267 3045 1326 reprtesentat,
3089 1271 3146 1314 ut
3184 1265 3301 1317 suis
3330 1264 3404 1316 illi

1848 1341 2101 1396 sensibus
2148 1347 2464 1413 percipiant,
2501 1349 2752 1404 nimirum
2803 1354 3035 1408 humana
3090 1359 3268 1424 specie
3293 1359 3405 1412 foro

1847 1432 2143 1496 ntidabilis,
2185 1437 2452 1506 turbidus,
2490 1439 2744 1507 dilﬁcilis,
2785 1454 2836 1498 et
2872 1447 3023 1515 quasi
3057 1463 3279 1517 peregre
3311 1451 3404 1503 ad-

1847 1522 2092 1586 veniens,
2136 1526 2327 1595 iraque
2359 1539 2592 1594 tumens,
2629 1531 2944 1605 furensque,
2977 1547 3031 1592 et
3061 1553 3158 1593 suo
3192 1540 3407 1594 incessu

1846 1615 2160 1671 concutiens
2185 1624 2585 1692 terram,'atque
2603 1624 2738 1679 adeo
2762 1627 2907 1696 ipsas
2926 1631 3160 1697 paradisi
3181 1632 3404 1687 arbores

1848 1707 2049 1770 pressis
2080 1710 2318 1779 vestigiis
2341 1715 2715 1770 tremefaciens
2745 1733 2759 1770 :
2790 1719 3124 1784 hujusmodi,
3154 1722 3401 1790 inquam,

1849 1795 2033 1852 habitu
2093 1799 2181 1852 hic
2234 1817 2380 1857 nunc
2445 1806 2656 1860 videtur
2709 1809 2776 1862 ab
2827 1810 2962 1875 illis;
3013 1811 3268 1866 nimirum
3348 1826 3408 1867 ut

3308 429 3412 490 562

2362 1855 2375 1857 ,
2709 1855 2771 1862 _-,
2828 1855 2962 1875 ....-,
3349 1855 3408 1867 ..ν

169 1866 460 1932 :Pgritudo,
511 1867 622 1936 jam
673 1867 726 1920 in
781 1872 973 1924 mortis
1019 1881 1281 1940 potestate
1325 1889 1445 1928 esse
1487 1889 1739 1932 censetur
1768 1855 1816 1916 Β
1845 1889 2020 1956 pavidi
2053 1890 2422 1947 confiteantur
2449 1910 2545 1948 sua
2575 1896 2792 1962 delicta,
2825 1909 2987 1968 atque
3018 1902 3164 1956 illius
3196 1903 3409 1962 miseri-

169 1957 378 2010 etiatusi
436 1960 748 2026 complures
805 1959 921 2015 dies
974 1972 1210 2030 tegrotus
1271 1967 1536 2036 transigat
1589 1969 1738 2037 prius

168 2066 329 2116 quam
365 2051 634 2103 moriatur
667 2068 682 2103 :
721 2051 792 2105 ita
827 2063 879 2106 et
910 2054 1078 2107 Adam
1123 2054 1332 2110 felicem
1373 2072 1537 2128 atque
1585 2062 1728 2114 inco-

169 2141 369 2195 lumem
424 2144 592 2196 vitam
676 2144 914 2213 agitabat
981 2147 1035 2200 in
1110 2151 1364 2217 paradiso
1421 2154 1735 2221 priusquam

170 2245 440 2300 peccaret,
481 2244 536 2287 at
566 2235 654 2288 ubi
678 2235 987 2290 admisisset
1017 2251 1313 2307 peccatum,
1344 2244 1622 2295 sententim
1641 2243 1738 2296 ob-

169 2327 366 2381 noxius
392 2325 571 2380 faetus
603 2339 706 2391 est,
735 2341 786 2385 et
815 2330 1038 2400 proinde
1075 2348 1172 2400 pro
1200 2348 1264 2386 eo
1295 2335 1595 2388 aestimatus
1643 2337 1735 2404 qtti

168 2420 360 2474 mortis
411 2422 776 2475 exsecrationi
835 2423 1176 2492 imperioque
1234 2425 1512 2494 subjectus
1568 2439 1733 2484 esset.

172 2511 357 2579 ita-gite
398 2513 590 2568 multis
623 2530 845 2583 pressus
889 2517 1145 2576 miseriis,
1179 2527 1435 2587 tanquam
1482 2530 1738 2590 perpetuo

173 2606 424 2659 lethalem
460 2607 740 2661 sustinens
765 2607 1039 2673 morbum,
1073 2607 1137 2661 ad
1173 2610 1342 2678 ipsam
1380 2626 1553 2675 usque
1589 2628 1737 2666 mor-

168 2709 272 2750 tetu
305 2700 570 2766 perrexit.
603 2698 814 2753 Rursus
845 2700 1003 2753 sicuti
1040 2701 1084 2754 si
1111 2702 1234 2770 quis
1259 2704 1423 2757 alium
1460 2705 1738 2760 mortifero

168 2792 389 2841 vulnere
441 2793 668 2853 sanciet,
722 2793 1076 2859 quantumvis
1129 2794 1222 2848 ille
1284 2805 1407 2862 post
1459 2809 1735 2865 acceptam

168 2885 381 2948 plagam
457 2883 660 2934 multos
720 2893 1000 2949 superstes
1074 2896 1290 2938 maneat
1345 2886 1499 2952 dies,
1557 2898 1734 2943 tanten

170 2975 394 3040 perinde
425 2989 487 3026 ac
522 2976 566 3027 si
619 2989 742 3027 mox
789 2978 880 3030 uiti
932 2991 1227 3045 percussus
1268 2978 1444 3033 fuerat
1488 2980 1732 3048 obiissct,

165 3068 244 3116 sic
304 3065 591 3118 vindicant
637 3065 851 3132 judices
910 3084 1028 3119 eam
1076 3069 1274 3122 easdem
1310 3089 1322 3122 :
1357 3072 1427 3123 ita
1487 3089 1592 3140 quo
1651 3074 1737 3128 die

1841 1981 2080 2033 centiam
2137 1982 2459 2054 veniamque
2509 1986 2796 2055 implorent
2834 2007 2846 2042 :
2879 2005 2942 2045 eo
2997 1993 3143 2047 enim
3196 2005 3405 2063 spectat

1839 2070 1981 2137 quod
2027 2073 2352 2128 ambulantis
2387 2092 2568 2130 \oecm
2603 2080 2842 2135 audiisse
2888 2083 3164 2139 dicuntur.
3197 2086 3402 2155 Quippe

1840 2162 2005 2214 voluit
2044 2165 2217 2217 audiri
2245 2168 2313 2219 ab
2345 2167 2474 2232 ipsis
2525 2185 2682 2223 suum
2713 2171 3006 2238 incessum,
3052 2184 3106 2228 et
3155 2176 3270 2244 ipse
3305 2192 3402 2231 ceu

1840 2266 2162 2322 corporatus
2209 2262 2440 2326 spectari
2493 2261 2724 2315 humana
2755 2263 2951 2332 forma,
3005 2277 3065 2321 ut
3097 2283 3206 2337 prin
3253 2279 3400 2324 motu

1841 2341 2161 2400 festinarent
2190 2348 2254 2400 ad
2294 2349 2410 2417 ejus
2460 2352 2683 2417 gratiam
2736 2354 3255 2428 ignoscentiamque.
3283 2361 3401 2415 Ca:-

1840 2443 2014 2490 terum
2048 2437 2153 2492 dici
2210 2439 2616 2497 inclinationem
2653 2457 2807 2500 vocat
2857 2445 3136 2518 Scriptura
3190 2462 3401 2522 tempus

1840 2527 1970 2580 illud
2019 2530 2122 2582 diei
2155 2532 2298 2601 quod
2352 2533 2571 2590 circiter
2603 2538 2733 2592 hora
2771 2555 2912 2594 nona
2960 2551 3044 2596 est
3078 2554 3195 2610 post
3233 2547 3398 2599 nteri-

1837 2619 2002 2683 diem,
2039 2623 2151 2676 sole
2202 2625 2266 2677 aJ
2298 2641 2552 2680 occasum
2604 2639 2905 2700 spectante.
2945 2630 3049 2686 Sed
3102 2637 3245 2688 enim
3293 2635 3398 2692 He-

1839 2713 2013 2765 brreos
2052 2717 2224 2780 aiunt,
2265 2733 2362 2786 pro
2395 2720 2741 2775 inclinatione
2785 2725 2889 2778 dici
2931 2726 3109 2780 dicere
3142 2729 3397 2796 spiritum

1840 2806 1951 2857 sive
1994 2816 2210 2860 ventum
2252 2811 2379 2864 diei.
2428 2811 2696 2868 Caeterum
2749 2817 2891 2884 quod
2947 2822 3012 2870 ad
3073 2816 3396 2876 inclinatum

1838 2911 2008 2964 usque
2059 2898 2198 2953 diem
2255 2902 2468 2956 distulit
2524 2919 2581 2958 se
2623 2907 2898 2968 exhibete.
2955 2909 3006 2962 id
3056 2926 3120 2964 eo
3161 2910 3289 2966 fecit
3344 2924 3400 2967 ut

1839 2989 2072 3042 snatium
2107 2991 2369 3046 haberent
2413 2994 2640 3057 interea,
2679 3006 2939 3065 quantum
2970 3012 3279 3068 patrassent
3318 3004 3397 3056 fu-

1837 3083 1992 3134 cinus
2037 3084 2216 3135 animo
2264 3100 2448 3139 secum
2499 3089 2756 3154 agitandi.
2813 3091 2915 3145 Sed
2965 3103 3019 3148 et
3064 3094 3165 3150 hoc
3219 3097 3398 3152 disce-

167 3157 363 3209 vulnus
395 3159 610 3223 excepit
659 3156 852 3218 Adam,
895 3159 960 3209 ab
1003 3174 1067 3210 co
1107 3159 1193 3212 die
1234 3170 1486 3214 censetur
1519 3162 1736 3230 judica-
1764 3195 1806 3250 ρ
1843 3172 2098 3237 ptamlnm
2133 3182 2233 3232 est,
2265 3177 2328 3227 de
2362 3191 2470 3243 quo
2511 3177 2596 3230 hic
2630 3178 2715 3231 die
2749 3190 2873 3249 agat
2900 3181 3090 3236 Moses.

165 3257 250 3299 tus
293 3248 526 3307 abiisse,
576 3255 634 3300 ut
685 3249 777 3316 qui
814 3247 938 3302 inde
1004 3264 1177 3317 usque
1233 3250 1360 3303 dttnt
1415 3265 1732 3322 moreretur,

169 3337 349 3388 tethali
394 3337 586 3390 utotbo
618 3347 669 3390 ct
706 3339 1026 3405 :egritudine
1067 3339 1230 3392 fuerit
1273 3341 1593 3409 impiicitus.
1635 3347 1734 3415 Igi-

169 3439 254 3478 tur
286 3428 394 3480 ctsi
440 3429 622 3497 reipsa
676 3444 786 3483 non
836 3429 1165 3498 oppetivet-it
1212 3445 1436 3487 mortem
1494 3437 1735 3492 Adamus

168 3521 330 3572 simul
369 3529 427 3572 ut
463 3520 699 3576 fructum
743 3523 871 3586 edit,
915 3535 1096 3576 tamen
1129 3540 1226 3592 pro
1271 3537 1482 3580 mortuo
1517 3531 1735 3586 habitus

171 3621 252 3663 est
285 3627 353 3665 eo
388 3615 533 3680 quod
569 3615 787 3682 capitali
833 3615 991 3683 culpa
1034 3631 1092 3669 se
1126 3617 1532 3682 obstzinxissct,
1572 3635 1735 3691 atque

163 3703 275 3768 jam
314 3712 432 3754 tum
471 3718 562 3769 per
592 3705 919 3769 sententiam
957 3721 1110 3758 noxae
1160 3707 1373 3763 deditus
1414 3722 1574 3765 esset.
1629 3715 1732 3767 Sed

169 3793 320 3848 dices
369 3795 527 3846 :Cur
584 3811 693 3848 non
736 3811 962 3864 pret-sus
1010 3799 1248 3853 abolevit
1309 3802 1446 3856 Deus
1503 3815 1732 3860 mortem

166 3904 332 3954 quam
372 3902 471 3953 pro
507 3889 746 3942 maxima
779 3905 873 3942 sua
915 3891 1298 3946 misericordia
1347 3913 1449 3949 non
1484 3899 1736 3955 intulerat

166 4000 228 4028 ι’(ι
280 3983 370 4033 die
423 3995 533 4048 quo
585 3993 903 4049 peccaverat
951 3985 1228 4042 Adamns?
1276 3989 1438 4058 Atqui
1490 3994 1607 4059 cjns
1659 3996 1732 4048 rei

168 4090 194 4116 ιι
221 4071 347 4122 ΙιΙτΐιξ
387 4081 616 4139 ιιομςιιιιι
647 4074 790 4125 reddi
827 4091 1036 4130 cauere.
1081 4080 1290 4132 Abolita
1321 4083 1462 4134 enim
1515 4099 1735 4151 prorsus

167 4176 382 4226 amt-ie,
436 4165 603 4232 hujus
656 4180 874 4234 quoque
923 4170 1106 4223 tuumli
1159 4157 1483 4242 compositio
1531 4175 1732 4231 frustra

166 4257 384 4312 fuisset.
434 4256 545 4309 itno
583 4258 841 4312 saaculum
900 4262 1062 4315 etiam
1099 4265 1242 4332 quod
1281 4263 1522 4319 futurum
1573 4283 1734 4322 voea-

169 4367 313 4403 mus.
372 4351 448 4402 Ad
516 4352 652 4416 hoc,
727 4355 936 4406 sublata
997 4369 1144 4407 nzors
1211 4357 1371 4410 simul
1423 4359 1736 4414 sustulisset

163 4442 457 4494 adventum
508 4441 632 4494 Filii
675 4443 793 4496 Dei.
841 4444 1104 4497 Praeterea
1137 4455 1415 4512 peccatum
1449 4449 1640 4502 Adami
1679 4459 1733 4504 et

167 4534 294 4586 Em:
322 4544 486 4602 atque
525 4535 708 4588 omnis
754 4537 1106 4603 posteritatia
1141 4537 1450 4594 immortale
1487 4539 1730 4596 futurum

171 4626 393 4683 fuisset.
445 4637 504 4678 ut
562 4636 644 4680 est
700 4637 980 4694 peccatum
1038 4629 1259 4683 diaboli.
1320 4630 1559 4702 Denique
1611 4635 1731 4691 ideo

171 4716 382 4783 reliqua
421 4732 568 4770 mors
599 4715 723 4780 fuit,
775 4731 830 4771 ut
865 4719 1021 4784 primi
1057 4729 1303 4786 parentes
1349 4724 1588 4777 animum
1634 4727 1732 4778 ad-

165 4817 442 4859 verterent
501 4809 565 4859 ad
650 4824 804 4860 suum
873 4810 1112 4878 ipsorum
1164 4811 1396 4876 facinus,
1463 4823 1513 4867 et
1564 4817 1731 4870 animi

167 4901 511 4968 pmuituiline
565 4901 909 4955 afﬁcerentur
944 4919 1162 4971 :neque
1210 4906 1402 4959 mortis
1454 4908 1622 4960 secuti
1681 4916 1733 4960 et

175 4992 292 5042 suis
349 4990 560 5044 seducti
615 4991 893 5044 erroribus
957 5003 1171 5060 peccata
1236 4994 1368 5047 levia
1435 4995 1731 5058 ducerent,

169 5091 332 5146 atque
361 5083 432 5131 ita
467 5080 722 5134 omnibus
751 5079 972 5148 flagitiis
1001 5084 1375 5136 advesrerent.
1410 5083 1557 5138 lianc
1587 5087 1730 5139 cuitu

170 5172 236 5224 ob
263 5188 378 5224 rem
415 5171 558 5226 Deus
582 5188 688 5225 non
715 5173 1035 5241 simpliciter
1061 5178 1128 5228 ad
1161 5179 1427 5232 Adamum
1463 5179 1732 5250 Evamqnc

170 5265 464 5318 accedebat
509 5265 560 5317 in
597 5266 875 5334 paradiso,
920 5267 1012 5320 sed
1055 5268 1294 5322 maxime
1344 5287 1466 5324 cum
1504 5281 1729 5334 terrore,

171 5369 224 5408 ut
288 5357 361 5407 ait
411 5355 588 5409 Moses
621 5375 636 5411 :
675 5355 742 5408 Et
801 5358 1113 5410 audit-erunt
1156 5377 1326 5413 rocetn
1368 5363 1578 5415 Domini
1639 5363 1734 5416 Dei

168 5448 460 5514 gradientis
484 5449 537 5499 in
567 5449 842 5515 paradiso.
878 5450 1164 5502 inclinante
1191 5453 1294 5504 die.
1331 5454 1483 5523 Stepe
1509 5453 1729 5522 quidem

170 5541 304 5592 alias
357 5549 687 5608 apparuerat
735 5540 876 5596 Deus
921 5542 1050 5596 Adae
1091 5555 1142 5597 et.
1180 5544 1300 5598 Erae
1341 5562 1354 5598 :
1393 5547 1570 5614 primo
1609 5562 1731 5602 cum
1773 5541 1777 5548 ’

173 5632 441 5685 Λιιειιιιιιιιι
496 5631 800 5698 conderet,
862 5635 1273 5696 conformat-cr.
1341 5650 1731 5710 emnponcret,

171 5723 434 5789 erigeret;
482 5723 749 5790 secundo,
805 5741 926 5779 cum
970 5727 1082 5796 lege
1127 5728 1385 5795 imperata
1419 5741 1620 5786 vetaret
1666 5747 1733 5786 ne

173 5816 236 5870 de
269 5815 462 5870 arbore
493 5816 820 5882 cognitionis
858 5819 1072 5883 ederet;
1110 5822 1267 5873 tertio
1299 5839 1418 5874 cum
1454 5821 1614 5876 Evam
1657 5825 1728 5879 illi

1911 3261 2023 3324 Quo
2047 3262 2130 3315 die
2153 3264 2289 3316 Dens
2315 3266 2511 3330 primos
2537 3279 2777 3335 parentes
2826 3273 3074 3339 paradiso
3101 3275 3399 3330 eliminat-c-

1852 3352 1947 3404 ril.
1980 3381 2046 3392 --
2080 3353 2218 3407 Sunt
2259 3369 2435 3408 autem
2479 3359 2569 3426 qui
2602 3360 2802 3422 dicant,
2848 3362 2936 3416 die
2976 3379 3040 3415 eo
3071 3381 3176 3434 quo
3199 3369 3396 3422 conditi

1847 3439 1998 3494 fuere
2046 3444 2203 3510 primi
2249 3456 2536 3512 patentes;
2588 3450 2679 3503 illo
2732 3452 2817 3506 die
2864 3455 3004 3506 enim
3040 3465 3089 3508 et
3142 3472 3396 3523 peccasse

1839 3532 1984 3599 ipsos
2027 3534 2139 3599 lege
2178 3535 2396 3599 violata,
2425 3537 2514 3606 qui
2547 3539 2664 3594 dics
2694 3551 2810 3595 erat
2845 3553 3050 3597 sextus.
3087 3545 3392 3602 Secundum

1839 3626 1958 3687 hos,
1993 3642 2101 3680 uno
2134 3631 2431 3699 cudi-mque
2468 3633 2552 3686 die
2579 3646 2792 3686 creatus
2832 3648 2912 3688 est
2959 3637 3128 3689 Adam
3175 3645 3227 3689 et
3263 3653 3393 3689 cnn-

1839 3713 2067 3768 furutata
2116 3715 2244 3781 Eva,
2281 3719 2497 3788 lataque
2555 3721 2636 3774 lex
2685 3732 2737 3774 et
2766 3723 2984 3786 violata,
3033 3734 3194 3792 atque
3236 3727 3396 3794 primi

1840 3816 2092 3872 parentes
2125 3809 2192 3859 ub
2221 3808 2322 3862 hoc
2352 3819 2558 3862 tantum
2611 3810 2818 3866 facinus
2849 3814 3117 3883 ol-jnrgati
3151 3826 3200 3869 ct
3238 3831 3398 3880 para-

1838 3897 1956 3950 diso
1989 3900 2270 3954 eliminati.
2314 3902 2414 3955 Sed
2446 3904 2676 3956 aliorum
2714 3907 2980 3959 sententia
3022 3915 3124 3967 est,
3175 3909 3282 3962 aiio
3311 3911 3398 3962 die

1836 4001 2050 4045 creatos
2097 3993 2215 4046 illos
2265 4009 2402 4056 che,
2458 3994 2564 4048 alio
2613 4011 2884 4064 peccasse,
2918 3997 3003 4050 ltic
3037 4013 3181 4063 iero,
3215 4001 3279 4053 de
3331 4015 3395 4055 co

1835 4083 1981 4152 loqui
2026 4083 2234 4147 Mosen,
2266 4101 2372 4154 quo
2410 4095 2725 4154 peccarunt.
2780 4087 2982 4141 l‘rzeter
3025 4090 3123 4144 hos
3160 4089 3250 4144 alii
3297 4105 3392 4158 pn-

1837 4182 1974 4234 tant,
2004 4174 2145 4227 hunc
2184 4175 2322 4227 diem
2363 4191 2537 4245 neque
2583 4194 2704 4230 cum
2742 4179 2910 4233 fuisse
2962 4181 3014 4232 in
3045 4195 3151 4248 quo
3183 4179 3397 4236 fuerant

1838 4262 2054 4317 formati
2087 4267 2254 4318 Adam
2299 4279 2350 4320 ct
2397 4269 2528 4332 Eva,
2569 4284 2746 4338 neque
2797 4287 2919 4323 eum
2973 4271 3163 4338 inquo
3202 4287 3393 4340 pecea-

1835 4364 2049 4419 verunt,
2102 4359 2191 4410 sed
2226 4369 2345 4426 post
2398 4359 2542 4420 illos,
2589 4359 2786 4422 alium;
2841 4375 3017 4429 neque
3069 4361 3212 4413 enint
3257 4362 3393 4415 satis

1836 4457 2255 4502 consentaneam
2290 4465 2411 4504 esse
2440 4459 2497 4504 ut
2533 4451 2645 4504 lure
2674 4460 2820 4505 tanta
2855 4467 2962 4504 uno
3001 4452 3260 4506 accidisse
3289 4453 3378 4507 die

1759 4526 1812 4586 D
1838 4540 2237 4595 existimentur.
2276 4542 2379 4595 Sed
2413 4558 2512 4598 nos
2563 4544 2676 4597 haec.
2718 4533 2982 4610 inferius;
3005 4544 3112 4598 Deo
3159 4546 3393 4608 volente,

1837 4633 2226 4700 explicabimus
2270 4635 2576 4689 dilucidius.
2626 4634 2694 4688 Et
2742 4637 3108 4689 occultabamr
3143 4637 3314 4690 Adam
3348 4648 3394 4691 cl

1837 4738 1972 4776 uxor
2011 4725 2174 4790 ipsius
2225 4743 2255 4777 α
2303 4735 2576 4794 conspectu
2624 4725 2833 4779 Domini
2877 4727 2971 4779 Dei
3013 4729 3150 4779 inter
3184 4728 3394 4781 arbores

1835 4811 2095 4881 paradisi.
2144 4814 2442 4884 Fugiebaut
2487 4818 2648 4886 igitur
2699 4827 2812 4870 tum
2847 4834 2872 4869 ιι
2933 4816 3038 4870 Deo
3084 4818 3174 4887 qui
3208 4835 3392 4874 vocem

1839 4907 2086 4960 incessus
2123 4907 2228 4967 sui,
2267 4907 2505 4976 ipsorum
2543 4909 2770 4962 auribus
2813 4910 3139 4978 ingesserat;
3180 4919 3291 4963 tum
3327 4913 3394 4963 ab

1837 4999 2028 5048 arbore
2083 4997 2149 5050 de
2200 5014 2305 5066 qua
2354 4997 2600 5065 improbe
2643 5000 2889 5061 cdcraut,
2950 5011 3111 5067 atque
3164 5001 3216 5052 in
3260 5002 3393 5056 locis

1837 5087 2022 5141 densis
2096 5090 2578 5158 freqttcntihusque
2649 5092 2818 5144 ntulta
2888 5093 3142 5159 variaque
3204 5094 3393 5147 arbore

1837 5181 2236 5233 ahscundcbaut
2303 5195 2378 5244 se,
2438 5183 2697 5233 nimirum
2749 5182 2873 5251 quia
2927 5190 2979 5235 et
3037 5184 3242 5250 peccati
3289 5185 3390 5239 sibi

1838 5272 2044 5325 conscii
2097 5281 2247 5325 erant
2301 5283 2354 5324 et
2409 5274 2560 5333 nudi,
2627 5274 2728 5326 hoc
2776 5282 2878 5337 est,
2924 5274 3049 5342 quia
3101 5275 3391 5329 horrebant

1838 5377 2180 5434 consltectutn
2215 5365 2324 5424 Dei,
2352 5375 2404 5417 et
2439 5367 2562 5434 quia
2599 5367 3127 5419 verecnudabantur.
3155 5365 3220 5418 Et
3242 5385 3388 5420 ιιοσαο

1839 5461 1923 5509 bat
1991 5458 2240 5509 Dominus
2305 5458 2440 5509 Dens
2496 5458 2759 5510 Admnum
2810 5468 2856 5509 et
2889 5459 3093 5511 dicebat
3145 5461 3189 5512 ei
3227 5458 3392 5512 :‘Ubt

1835 5567 1888 5602 cs
1930 5550 2138 5601 Adam?
2173 5548 2289 5601 Jam
2326 5549 2566 5602 diximus
2607 5557 2894 5617 corporata
2943 5559 3104 5619 atque
3159 5549 3391 5604 humana

1838 5642 2004 5708 ﬁgura
2054 5641 2218 5694 Deum
2277 5641 2359 5695 hic
2408 5641 2724 5708 apparuisse
2781 5641 2973 5707 primis
3035 5642 3390 5710 parentibus.

1840 5735 2092 5802 ips'osquc
2159 5746 2287 5786 voce
2337 5747 2458 5798 qua:
2510 5730 2763 5783 attlicmli
2818 5748 3038 5784 sensum
3106 5735 3390 5795 tumebat,

1837 5825 2211 5893 trutnpcllassr.
2267 5823 2410 5878 Sniet
2459 5833 2641 5875 autem
2695 5822 2899 5875 dictum
2958 5825 3086 5876 illul
3127 5843 3138 5876 :
3180 5822 3275 5875 l'l-t
3321 5842 3373 5876 τι
