4202 6430
177 391 273 453 εδει

1312 399 1410 459 DE
1452 399 1761 462 I’ARADIS

1846 448 1854 463 .
1900 424 1967 439 σ·
2007 406 2198 470 PARS
2246 412 2290 472 1.
3312 424 3424 486 566

178 508 350 551 tanien
378 506 429 553 te
464 496 583 566 ejus
622 497 811 571 pttduit
846 511 970 559 ante
999 501 1122 570 hac,
1165 505 1296 575 quid
1331 518 1410 564 est
1440 523 1567 578 ergo
1597 511 1739 580 quod
1772 520 1815 573 Α
1913 515 2022 572 Cur
2052 517 2192 575 Deus
2213 534 2499 591 serpentem
2522 542 2625 580 non
2659 529 3305 601 interragarcrit.—Nulla
3334 537 3432 604 lgi-

178 602 311 643 nuuc
339 591 478 643 adeo
504 591 821 658 erubescas,
847 602 1007 663 atque
1035 594 1267 652 timeas?
1299 596 1441 651 Nunt
1464 600 1527 656 de
1561 602 1749 655 arbore

176 681 233 734 de
262 695 367 749 qua
412 680 681 749 jusseram
745 700 805 737 ne
861 686 1061 750 ederae,
1118 687 1329 743 edisti?
1379 688 1551 745 Etiam
1604 706 1748 746 nunc

178 772 342 840 pergit
402 784 592 841 pacate
632 790 755 829 cum
800 776 891 831 illo
922 778 1182 847 colloqui,
1230 780 1384 848 quasi
1432 783 1745 852 conjectura

178 864 425 931 quapiam
462 867 623 919 modo
664 866 834 922 fretus
867 868 992 923 illud
1044 865 1187 924 dicat
1221 871 1399 925 :Num
1449 875 1511 926 de
1542 874 1746 937 arbore,

175 962 272 1007 etc.
323 950 421 1007 Est
453 964 631 1007 autem
669 954 756 1011 hic
800 956 1341 1015 animadvertemlum
1374 978 1436 1017 ex
1477 965 1748 1033 ascriptis,

175 1056 264 1099 aut
290 1047 509 1101 duohus
534 1050 830 1117 p‘uuctulis,
881 1060 974 1105 aut
1027 1068 1135 1108 uno
1183 1056 1318 1118 solo,
1358 1056 1423 1109 ad
1460 1058 1630 1113 illud:
1669 1057 1752 1113 Ne

173 1139 368 1201 ederes,
435 1140 740 1193 orationem
794 1141 934 1197 hanc
991 1146 1072 1198 vel
1141 1145 1477 1213 allirmative,
1528 1165 1623 1219 per
1677 1150 1760 1205 in-

176 1229 597 1299 terrogationem
627 1232 805 1288 etl'erri
845 1250 1024 1302 posse.
1065 1237 1639 1315 Caeterum‘dominus
1675 1245 1747 1299 E-

174 1329 363 1386 phrem
412 1330 465 1374 et
499 1323 589 1391 qui
622 1318 769 1377 cum
826 1326 945 1394 ipso
974 1330 1236 1393 sentiunt,
1270 1346 1334 1385 ex
1398 1333 1480 1407 his
1508 1342 1559 1389 et
1600 1334 1754 1389 simi-

173 1410 312 1465 libus
346 1414 532 1467 verbis
565 1416 917 1483 singulariter
961 1420 1027 1473 ad
1057 1420 1322 1475 Adamum
1356 1423 1512 1479 factis
1558 1428 1753 1481 contici

177 1512 387 1569 putant,
426 1505 523 1558 soli
554 1507 765 1561 Adamo
811 1511 1129 1577 imperatam
1163 1529 1191 1566 a
1243 1514 1351 1569 Deo
1406 1517 1576 1587 legem
1609 1534 1751 1582 esse,

173 1609 407 1664 eamque
435 1597 610 1665 ipsum
650 1598 845 1654 deinde
870 1600 996 1655 Evze
1025 1606 1178 1657 uxori
1234 1606 1487 1661 retulisse
1516 1625 1530 1673 ;
1566 1623 1753 1662 vertuu

171 1688 257 1741 alii
308 1689 661 1757 respondent.
700 1690 867 1745 Deum
924 1695 1028 1747 sub
1073 1694 1204 1750 Adae
1230 1712 1458 1765 persona
1492 1714 1611 1754 cum
1645 1699 1751 1755 Eva

171 1795 397 1848 quoque
428 1782 685 1852 colloqui,
724 1800 820 1852 pro
853 1785 1147 1856 Seripturaa
1204 1804 1354 1845 more
1388 1811 1400 1844 :
1429 1790 1623 1844 Beatus
1679 1793 1756 1845 vir
1793 1793 1846 1856 ,τ

172 1871 371 1939 (inquit
418 1849 608 1944 David)
660 1849 749 1943 qui
797 1891 896 1928 non
930 1877 1214 1932 ambulavit
1266 1898 1358 1949 per
1387 1883 1523 1935 viam
1556 1883 1756 1951 impro-
1789 1849 1834 1908 Β

170 1967 353 2019 horum
376 1966 444 2021 ".
470 1966 602 2031 Quis
632 1982 759 2021 vero
784 1984 888 2022 non
927 1970 1012 2025 hic
1033 1987 1148 2025 cam
1178 1973 1564 2029 beatitudinem
1601 1992 1756 2048 atque

172 2055 235 2108 ad
272 2055 531 2109 mulieres
559 2067 806 2125 spectare
844 2060 1033 2113 dicat?
1059 2062 1318 2116 nimirum
1357 2065 1477 2119 ideo
1510 2067 1605 2120 viri
1640 2084 1761 2136 per-

180 2162 310 2201 seua
353 2148 610 2204 libentius
660 2150 824 2203 utitur
855 2150 1161 2221 Scriptura,
1218 2158 1359 2224 quod
1392 2160 1471 2211 vir
1510 2161 1759 2215 mulieris

171 2248 331 2306 caput
370 2240 442 2291 sit
474 2256 487 2292 :
526 2238 591 2290 Et
624 2240 698 2291 ait
730 2241 902 2292 Adam
935 2254 963 2294 ':
1024 2241 1216 2297 Mulier
1265 2262 1422 2313 quant
1466 2252 1759 2305 attribuisti

173 2330 441 2397 mittiipsa
470 2332 614 2384 dedit
648 2334 777 2386 mihi
814 2336 877 2387 tle
908 2336 1117 2399 arbore,
1154 2348 1203 2391 et
1240 2342 1460 2394 comedi.
1528 2343 1759 2399 Prorsus

172 2437 307 2474 \ana
331 2434 417 2476 est
436 2434 488 2475 et
517 2424 698 2479 inanis
718 2427 878 2479 etiam
900 2428 1012 2481 haec
1042 2429 1233 2483 Adami
1260 2431 1505 2488 defensio
1529 2452 1542 2498 ;
1563 2436 1761 2505 quippe

174 2532 275 2584 qua
301 2517 535 2571 minime
566 2534 676 2586 prze
722 2535 781 2573 se
808 2519 912 2573 fert
949 2521 1245 2577 demissum
1306 2526 1759 2598 humiliatumque

174 2610 443 2670 animum,
471 2612 564 2663 sed
604 2612 655 2663 in
694 2612 867 2679 ipsum
903 2616 1304 2681 quodammodo
1342 2618 1510 2673 Deum
1543 2622 1755 2690 culpam

170 2700 386 2766 avertit,
422 2702 579 2770 quasi
612 2702 799 2756 dicat:
848 2704 1040 2759 Mulier
1069 2723 1230 2776 quam
1267 2718 1321 2762 tu
1350 2712 1491 2779 apud
1531 2728 1615 2767 me
1638 2729 1758 2769 esse

176 2791 414 2852 voluisti,
442 2806 508 2845 ea
551 2794 682 2846 mihi
704 2809 867 2849 causa
902 2796 1003 2862 fuit
1033 2799 1376 2853 transiliendi
1411 2802 1601 2871 legem,
1633 2804 1755 2859 illa-

174 2899 277 2949 que
310 2884 513 2937 arbore
546 2886 822 2939 vescendi.
858 2886 961 2940 Sed
1021 2892 1284 2945 adversus
1335 2892 1470 2960 haec,
1505 2896 1672 2950 multa
1725 2912 1755 2949 a

178 2972 283 3026 Deo
316 2974 386 3027 ad
425 2974 579 3027 illum
639 2978 976 3046 arguendum
1035 2979 1143 3033 dici
1186 2968 1531 3050 potuissent;
1606 2988 1755 3043 verbi

170 3064 337 3129 gratia
369 3080 385 3117 :
420 3064 541 3118 Non
573 3066 705 3133 quia
751 3068 1031 3123 mulierem
1061 3084 1163 3141 ego
1193 3072 1288 3126 tibi
1330 3073 1574 3143 adjunxi,
1608 3078 1753 3145 justa

173 3155 266 3209 tibl
306 3156 452 3208 ratio
481 3166 601 3209 erat
633 3164 693 3210 ut
726 3158 773 3211 ci
813 3161 1151 3227 auscultans,
1183 3179 1299 3218 mea
1325 3166 1479 3234 jussa
1496 3169 1749 3225 violares.

174 3244 309 3299 Tum
348 3247 395 3301 si
432 3262 520 3300 me
550 3262 776 3303 accusas
809 3251 929 3319 quia
965 3268 1190 3308 uxorem
1214 3256 1310 3317 tibi
1335 3258 1479 3323 dedi,
1512 3277 1609 3314 cur
1646 3278 1752 3318 non

170 3337 361 3399 etiam,
392 3340 523 3406 quia
555 3350 605 3393 te
630 3342 899 3393 condidi?
935 3346 1041 3397 nisi
1070 3347 1214 3399 enim
1255 3356 1307 3401 te
1338 3364 1615 3406 creassem
1645 3370 1751 3410 non

175 3443 488 3496 peccasses,
537 3432 689 3499 quia.
713 3432 808 3494 tibi
842 3438 1029 3489 Oculos
1066 3438 1232 3492 indidi
1265 3440 1384 3494 sine
1414 3444 1612 3511 quibus
1648 3462 1751 3499 non

173 3537 295 3575 cras
329 3525 588 3577 arborem
622 3527 888 3583 visurus?
933 3533 1058 3599 quia
1110 3550 1303 3589 manus
1345 3537 1438 3591 tibi
1504 3541 1751 3607 apposui,

176 3612 289 3665 sine
319 3614 531 3681 quibus
566 3632 675 3670 non
711 3620 1077 3689 decerpsisses
1107 3624 1298 3679 vetitos
1344 3626 1753 3698 fructus?‘quia

174 3718 230 3755 ns
268 3704 365 3757 tibi
396 3694 545 3769 dedi,
579 3708 698 3763 sine
733 3725 842 3777 quo
893 3728 999 3765 nou
1052 3714 1262 3770 odisses
1283 3716 1316 3798 ἰνι
1350 3717 1549 3772 frustra
1592 3694 1756 3789 igitur

174 3793 258 3847 illa
284 3813 548 3861 excusas,
576 3814 698 3852 cum
734 3816 854 3854 eam
886 3805 1167 3859 mulierem
1214 3793 1377 3876 quam
1422 3810 1513 3863 tibi
1548 3814 1753 3868 sociam

171 3884 310 3949 dedi,
344 3888 424 3941 ita
452 3892 884 3957 comparaverim
921 3902 978 3947 ut
999 3895 1092 3948 tibi
1123 3909 1267 3951 esset
1294 3898 1347 3951 in
1376 3915 1563 3966 manu,
1595 3913 1755 3973 atque

172 3978 423 4045 sujecta;
457 3996 563 4033 non
606 3993 785 4036 autem
824 3995 949 4039 utle
983 3996 1213 4056 tuasque
1241 3990 1489 4051 actiones
1521 4008 1751 4063 regeret,

173 4071 638 4140 gubernaretque.
673 4072 793 4139 llis,
832 4074 1072 4145 inquam,
1102 4087 1265 4147 atque
1292 4081 1606 4150 huiusmodi
1636 4088 1755 4143 aliis

173 4163 349 4219 verbis
374 4166 729 4230 expostulare
777 4182 900 4220 cum
958 4170 1049 4222 illo
1097 4172 1750 4244 potuisssetjurelleus:

173 4270 357 4309 verum
392 4258 655 4313 omnibus
682 4260 963 4325 abstinuit,
990 4265 1120 4332 quia
1159 4281 1263 4319 non
1286 4318 1291 4321 Α
1315 4271 1755 4330 accusationibus
1838 4295 1847 4305 '

173 4359 486 4417 perterrere
512 4351 810 4421 hominem,
830 4357 920 4409 sed
950 4360 1143 4425 patrati
1165 4359 1424 4418 facinoris
1442 4356 1754 4433 paenitentia

170 4450 435 4491 revocare
455 4439 709 4507 cupiebat
734 4457 751 4505 ;
793 4458 965 4512 quare
1006 4463 1127 4500 mox
1154 4452 1507 4517 quaestionem
1539 4456 1605 4508 ad
1636 4448 1757 4511 mu?

171 4530 358 4585 liercm
413 4533 725 4597 convertit;
764 4536 843 4590 sie
877 4538 1022 4592 enim
1068 4542 1356 4609 sequitur:
1416 4544 1485 4609 Et
1520 4549 1595 4600 ait
1648 4548 1754 4602 Do-
1781 4524 1835 4584 Β

170 4624 337 4675 minus
352 4624 429 4677 ad
453 4625 722 4678 mulierem
750 4642 767 4679 :
785 4625 925 4691 Quid
943 4630 1037 4683 lroc
1058 4642 1133 4684 est
1151 4635 1289 4702 quod
1309 4635 1480 4702 fecisti
1498 4640 1523 4693 ἲ
1544 4639 1754 4698 Rursus

169 4730 287 4766 cum
321 4714 485 4767 mulir
503 4730 561 4769 re
586 4732 803 4785 quoque
829 4736 939 4773 non
960 4725 1157 4778 acerbe
1182 4733 1343 4795 atque
1367 4728 1754 4796 iracunde,sed

170 4809 347 4859 sedate
383 4817 442 4859 ct
479 4807 673 4863 blande
713 4811 954 4880 loquitur
1015 4816 1175 4880 Deus,
1231 4821 1295 4873 ac
1346 4824 1502 4889 quasi
1540 4828 1754 4882 nescius

172 4900 478 4970 interrogat
496 4902 567 4954 ob
595 4904 810 4957 easdem
840 4909 1081 4963 rationes
1098 4928 1235 4979 quas
1261 4930 1437 4983 nuper
1461 4920 1528 4972 de
1546 4922 1753 4978 Adatno

172 4991 516 5061 interrogato
548 4995 871 5061 protulimus
897 5013 909 5050 :
941 4998 1007 5051 Et
1033 5003 1105 5055 ait
1138 5007 1330 5058 mulier
1356 5023 1375 5059 :
1405 5009 1627 5078 Serpens
1658 5016 1750 5068 de-

170 5086 294 5147 cepit
329 5100 437 5147 me,
474 5093 525 5135 et
555 5087 773 5139 comedi.
805 5088 996 5144 Mulier
1022 5094 1162 5147 enim
1199 5098 1378 5151 Omnia
1405 5106 1638 5169 serpenti
1666 5122 1754 5162 as-

170 5174 344 5235 rribit,
377 5190 496 5227 non
551 5174 786 5240 Satanw,
815 5196 879 5234 eo
908 5186 1049 5251 quod
1074 5200 1378 5255 serpentem
1412 5195 1625 5261 quidem
1658 5203 1751 5268 qui

172 5280 225 5315 se
256 5265 726 5333 interpellaverat,
763 5284 1029 5339 nosceret,
1072 5287 1125 5331 at
1154 5280 1408 5337 Satanatu
1444 5285 1582 5341 intra
1636 5265 1752 5345 ser-

173 5364 384 5418 pentem
425 5358 788 5426 occultatmu,
827 5376 854 5413 a
894 5380 1005 5433 quo
1059 5370 1239 5423 omnis
1278 5372 1576 5442 impostura
1626 5396 1751 5449 pro-

171 5460 430 5509 cesserat,
479 5449 776 5517 ignoraret,
808 5453 871 5507 Et
907 5459 984 5509 ait
1018 5458 1267 5517 Dominus
1293 5468 1362 5519 ml
1417 5456 1702 5539 serpentem
1731 5490 1752 5530 :

172 5537 303 5599 Quia
329 5540 517 5607 fecisti
546 5540 662 5603 Irae,
682 5545 992 5600 maledictus
1015 5566 1067 5603 es
1090 5567 1201 5619 prw
1227 5558 1369 5609 omni
1398 5537 1684 5628 animante,
1704 5576 1751 5620 et

172 5642 274 5689 pra:
305 5630 458 5683 omni
518 5630 681 5687 bestia
714 5638 848 5704 agri.

235 5822 281 5854 "
326 5823 483 5879 l‘sal.
532 5844 565 5887 r,
624 5829 667 5880 Ι.
754 5828 787 5854 ⁷⁵
832 5827 1025 5885 ιςιυυιι.
1078 5849 1135 5893 ιι.
1190 5837 1271 5890 13.

1856 888 1995 957 apud
2055 888 2320 947 Adatnum
2385 903 2439 949 et
2518 893 2680 949 Evam
2766 914 2899 955 usus
2982 899 3178 956 fuerat.

1863 619 1947 664 tur
1982 612 2120 679 apud
2156 624 2482 682 serpentem,
2507 618 2606 671 hoc
2627 626 2728 683 est,
2764 619 3044 685 Satanam,
3077 623 3244 679 utitur
3268 625 3431 683 intrr-

1861 704 2164 772 rogatione,
2200 720 2305 775 qua
2354 708 2421 763 ad
2455 724 2512 763 se
2543 711 2914 766 excusandum
2964 714 3052 769 ille
3090 729 3426 785 promet-tur,

1862 811 1925 852 ac
1958 798 2029 851 ita
2088 799 2302 855 tandem
2365 802 2642 871 judicetur
2697 807 3215 879 condemneturque,
3273 811 3429 869 sicuti

3257 905 3427 975 Cujus

1864 982 2003 1037 hanc
2036 992 2290 1053 putamus
2313 987 2461 1041 reddi
2500 1003 2663 1057 posse
2717 991 2980 1047 rationeru
3012 1009 3026 1060 ;
3067 994 3191 1062 quia
3225 998 3429 1051 Adamo

1864 1076 2129 1145 uxorique
2171 1076 2323 1133 locus
2374 1088 2491 1134 erat
2532 1081 2885 1150 poenitentiae,
2938 1098 3001 1140 ac
3051 1085 3106 1139 in
3166 1090 3432 1155 serpentis

1863 1166 2233 1238 daemonisque
2262 1170 2487 1225 arbitrio
2517 1186 2625 1226 non
2681 1182 2800 1229 erat
2842 1182 2901 1229 ut
2936 1176 3195 1245 pmnitere
3230 1188 3432 1246 posset.

1865 1260 2034 1315 Porro
2068 1263 2237 1317 multa
2284 1263 2576 1331 hic-qmeri
2636 1267 2834 1333 solent,
2883 1268 3191 1337 cuiusmodi
3254 1282 3431 1327 sunt:

1866 1352 2193 1412 Praeditusue
2249 1348 2689 1433 fandifacultate
2746 1375 2775 1414 a
2823 1359 2952 1425 Deo,
3001 1376 3224 1428 serpens
3280 1364 3428 1419 locu-

1866 1453 1952 1500 tus
1984 1447 2074 1511 sit,
2112 1463 2177 1500 an
2218 1446 2449 1503 Satanas
2486 1451 2623 1504 intra
2679 1461 2983 1519 serpentem
3036 1454 3237 1517 latens,
3302 1471 3425 1509 cum

1866 1539 1953 1593 ille
2005 1540 2145 1594 hunc
2180 1550 2372 1611 suapte
2403 1543 2638 1598 arbitrio
2671 1544 3050 1613 subterfugere
3085 1548 3354 1616 nequiret,
3382 1560 3437 1600 ut

1866 1644 1973 1683 non
2009 1631 2109 1700 ipsi
2139 1647 2232 1700 pro
2273 1633 2633 1688 instruruento
2673 1644 2835 1689 esset.
2870 1634 2949 1688 Διὶ
2985 1634 3109 1697 hoc,
3167 1652 3267 1690 cur
3324 1654 3432 1691 non

1864 1734 2175 1777 exsecratus
2200 1723 2271 1777 sit
2302 1701 2441 1779 Deus
2470 1725 2748 1790 Satanam,
2780 1736 2833 1780 ut
2854 1738 3187 1795 serpentem.
3207 1725 3434 1781 l’rancr-

1862 1828 1948 1876 ea,
1998 1828 2097 1868 cur
2141 1814 2339 1879 Moses,
2390 1831 2512 1870 cum
2547 1818 2691 1872 hunc
2719 1818 2914 1872 librum
2961 1818 3150 1873 multis
3178 1829 3297 1889 post
3333 1834 3436 1873 sa:—

1864 1904 2003 1959 culis
2035 1907 2441 1975 conscripserit,
2468 1910 2689 1976 quando
2718 1910 2828 1978 jam
2871 1918 2982 1964 tum
3018 1910 3150 1966 satis
3183 1911 3435 1980 cognitus

1864 2005 1983 2050 erat
2011 1998 2333 2052 mortalibus
2360 1998 2612 2065 Satanas,
2649 2015 2754 2055 non
2776 2001 2922 2056 clare.
2948 2001 3150 2055 dixerit
3175 2002 3434 2057 Satauaru

1864 2087 2035 2142 fuisse
2068 2090 2159 2158 qui
2182 2090 2321 2144 intra
2341 2101 2646 2160 serpentem
2675 2093 3046 2161 loquebatur?
3074 2093 3165 2148 sed
3200 2109 3310 2147 non
3335 2093 3433 2148 has

1862 2189 1917 2235 et
1943 2181 2104 2249 hujus
2143 2181 2356 2250 generis
2403 2184 2536 2235 alias
2569 2185 2898 2250 qumstiones
2929 2184 3093 2239 altius
3144 2184 3433 2253 investiga-

1866 2282 1949 2327 tas
1995 2273 2348 2329 dissolvimus
2388 2276 2529 2344 (cap.
2566 2275 2682 2343 27).
2720 2275 2919 2330 Verum
2951 2277 3170 2347 quando
3193 2276 3434 2346 suntqui

1864 2364 2041 2417 illam:
2065 2363 2178 2418 Cur
2213 2381 2317 2418 non
2349 2375 2668 2421 exsecratus
2704 2366 2775 2421 sit
2808 2366 2949 2421 Deus
2982 2368 3241 2421 Satanam
3272 2367 3432 2421 sicuti

1862 2465 2190 2525 serpentem,
2228 2458 2421 2512 iterum
2455 2469 2617 2526 atque
2668 2459 2863 2512 itertrm
2911 2469 3125 2530 urgent,
3164 2475 3261 2514 uos
3301 2476 3435 2528 prae-

1864 2561 2009 2605 terca
2042 2566 2161 2619 qua:
2202 2563 2325 2607 ante
2362 2552 2740 2621 respondimus
2775 2553 2877 2607 hoc
2907 2554 3071 2607 etiam
3112 2553 3308 2608 addere
3346 2553 3434 2608 hic

1862 2644 2153 2707 voluimus,
2205 2646 2371 2697 Deum
2411 2660 2520 2699 nou
2581 2644 2763 2699 minus
2814 2645 3159 2700 maledisisse
3210 2644 3429 2700 Salaria:

1860 2751 1967 2789 non
2000 2737 2315 2805 aspectabili
2345 2752 2508 2805 quam
2540 2737 2777 2806 serpenti
2815 2738 2908 2807 qui
2957 2738 3127 2793 oculis
3158 2738 3434 2792 cerneba-

1860 2835 1965 2890 tur,
1990 2837 2146 2895 atque
2177 2826 2400 2894 perinde
2429 2826 2715 2880 inluesisse
2743 2826 3177 2881 exsecrationem
3205 2826 3434 2897 mystice

1860 2933 2169 2988 arcanoque
2204 2918 2386 2983 modo,
2438 2918 2513 2972 illi
2551 2928 2609 2971 ut
2641 2917 2767 2972 huic
2802 2930 2985 2987 aperte
3013 2927 3067 2973 et
3102 2918 3155 2972 in
3183 2918 3302 2987 ipso
3321 2933 3437 2972 cor-

1858 3024 2020 3079 pore;
2072 3009 2214 3076 quod
2248 3008 2553 3078 eujusmodi
2584 3009 2658 3063 sit
2686 3008 2847 3063 velim
2888 3017 2937 3062 te
2966 3009 3106 3078 apud
3133 3017 3283 3062 tuum
3311 3009 3433 3062 aui-

1859 3117 2005 3155 mnm
2032 3103 2323 3171 pensitare.
2370 3102 2613 3156 llahehat
2642 3103 2783 3155 enim
2831 3103 2972 3156 Deus
3001 3113 3311 3171 serpentem
3342 3120 3432 3157 ve-

1782 3188 1826 3250 C
1858 3195 1955 3248 luti
1996 3194 2232 3249 medium
2290 3198 2430 3249 inter
2493 3185 2749 3249 Satanam
2812 3196 3129 3278 primosque
3178 3207 3433 3266 parentes

1858 3285 2302 3339 intervenientem
2337 3302 2351 3348 ;
2386 3301 2509 3339 nam
2547 3285 2707 3340 sicuti
2759 3286 2811 3340 hi
2862 3302 2953 3355 per
2992 3295 3299 3357 serpentem
3348 3304 3433 3343 se.

1859 3360 2005 3431 ducti
2063 3385 2211 3443 sunt,
2283 3377 2351 3430 ita
2402 3378 2492 3431 ille
2546 3392 2640 3445 per
2696 3387 3001 3447 serpentem
3053 3380 3430 3457 exsecratione

1856 3471 2177 3539 perstrictus
2195 3481 2308 3538 est;
2331 3480 2458 3525 etut
2485 3486 2710 3541 serpens
2736 3470 2837 3527 iuit
2869 3466 3080 3526 Salaria:
3103 3473 3433 3526 instrumen-

1858 3575 1968 3619 tum
2008 3565 2263 3618 illieiendi
2306 3565 2511 3634 primos
2563 3575 2812 3635 parentes
2864 3566 2927 3620 ad
2967 3566 3320 3634 peccandum,
3357 3568 3429 3620 ita

1856 3673 2145 3727 personam
2196 3674 2413 3727 quoque
2452 3661 2616 3723 gessit
2672 3660 2774 3713 sub
2805 3673 2913 3727 qua
2953 3657 3109 3731 _Deus
3166 3658 3425 3737 Satanam

1853 3757 1941 3803 est
1964 3747 2287 3802 detestatus.
2325 3748 2551 3817 Utrique
2572 3749 2753 3819 igitur,
2783 3758 2837 3805 et
2871 3748 3102 3803 Satanas
3124 3758 3175 3803 et
3206 3764 3430 3817 serpens

1856 3837 2096 3891 divinam
2134 3837 2565 3891 exsecrationem
2604 3848 2732 3891 sunt
2767 3838 2933 3906 passi.
2969 3838 3100 3891 Nam
3135 3850 3194 3892 ut
3223 3840 3287 3891 ad
3317 3856 3430 3892 scr--

1858 3940 2070 3999 pentem
2104 3930 2308 3984 dictum
2337 3940 2454 3983 cst:
2493 3929 2811 3983 Maledictus
2844 3948 2897 3984 es
2942 3947 3053 4000 pra:
3087 3932 3227 3984 omni
3268 3932 3430 3983 bestia

1855 4033 1903 4075 et
1952 4020 2238 4087 nrtirrtante,
2276 4038 2340 4075 ex
2368 4017 2589 4091 quorum
2626 4040 2838 4077 numero
2887 4034 2941 4077 tu
2976 4041 3048 4090 es,
3078 4024 3147 4078 ita
3172 4024 3432 4078 adversus
3501 4101 3507 4107 ‘
3581 4102 3587 4108 _

1857 4114 2111 4168 Satanam
2163 4115 2571 4183 pronuntiatum
2633 4132 2754 4170 esse
2817 4106 3238 4193 existimamlum
3299 4127 3430 4172 est:

1858 4206 2174 4283 Maledictus
2202 4223 2258 4262 cs
2276 4223 2381 4276 pra:
2398 4210 2653 4262 orunihus
2671 4202 2842 4277 copiis
2875 4211 3249 4279 spiritualihus
3268 4220 3432 4280 atque

1860 4300 2213 4374 angelicis‘cx
2245 4315 2474 4367 quarunt
2510 4316 2712 4368 genere
2732 4309 2787 4354 tu
2817 4301 2900 4355 cs.
2920 4288 3248 4356 Animalinm
3285 4304 3428 4357 enim

1860 4394 2076 4446 nomine
2109 4392 2290 4446 vocari
2327 4392 2379 4445 in
2418 4389 2701 4462 Scriptura
2735 4396 3107 4463 sacra’c0pias
3136 4397 3429 4465 angelicas,

1864 4490 2045 4551 aperte
2094 4491 2335 4551 arguunt
2356 4496 2418 4534 ea
2450 4481 2703 4535 animalia
2735 4499 2854 4552 qua:
2886 4485 3015 4537 vidit
3046 4484 3296 4539 Ezechiel
3320 4487 3430 4539 "et

1861 4572 2000 4642 δίψει
2031 4574 2156 4626 alibi
2180 4571 2434 4627 Satanam
2468 4573 2669 4627 animal
2692 4574 3017 4643 appellatum
3036 4590 3159 4630 esse
3189 4577 3240 4630 in
3262 4577 3431 4631 sacris

1857 4665 2075 4720 Litteris
2099 4676 2287 4720 notum
2308 4674 2407 4719 est.
2429 4664 2532 4718 Sed
2558 4682 2657 4721 cur
2683 4667 3429 4735 auspicatusestexsecratio-

1859 4776 1978 4812 nem
2003 4757 2142 4812 Deus
2161 4774 2189 4811 a
2212 4750 2443 4811 Sataira?
2461 4759 2714 4813 nimirum
2732 4760 2858 4827 quia
2887 4761 2973 4834 ille
2992 4763 3198 4831 primus
3214 4762 3430 4835 admisit

1861 4863 2145 4920 peccatum
2190 4852 2357 4919 prima
2392 4860 2475 4905 est
2501 4853 2693 4906 merito
2720 4838 3426 4932 detestatione"percussus.

1858 4941 2126 4995 Caeterum
2166 4952 2469 5009 serpentem
2504 4934 2936 4997 ex‘auintarum
2978 4960 3172 5019 ggnere
3233 4946 3424 5009 fuisse,

1862 5046 1967 5084 non
2004 5043 2184 5086 autent
2244 5034 2512 5100 rcptilium
2563 5033 2749 5103 (quod
2788 5036 3006 5108 quidem
3056 5045 3425 5101 autumavcrc,

1858 5138 1979 5175 cum
2006 5124 2148 5176 dicat
2176 5142 2188 5176 :
2227 5122 2545 5179 Maledictus
2567 5143 2676 5194 prw
2702 5144 2842 5178 omm
2868 5108 3138 5181 aitimnnte
3160 5144 3425 5182 memora-

1860 5217 2035 5273 vimus
2053 5219 2209 5272 etiam
2233 5234 2517 5290 eapnxxn.
2542 5219 2603 5271 Et
2625 5238 2781 5288 super
2802 5233 3028 5275 ventrem
3052 5236 3193 5275 tuum
3212 5225 3423 5291 gradie-

1858 5310 1951 5361 ris.
1972 5309 2138 5374 Quasi
2168 5309 2311 5364 dicat
2336 5330 2350 5365 :
2384 5311 2698 5372 Amissurus
2724 5329 2782 5367 es
2812 5316 2965 5383 pedes
2997 5325 3115 5368 tuos
3137 5314 3333 5383 quibus
3357 5316 3421 5367 ad

1856 5402 2176 5470 pravitatem
2206 5404 2519 5469 cucurristi,
2553 5406 2966 5476 ambulabisque
2984 5423 3046 5462 ac
3082 5421 3237 5476 rupes
3262 5423 3424 5475 super

1859 5502 2097 5546 ventrem
2131 5504 2304 5559 tuum,
2343 5498 2472 5565 quia
2520 5508 2760 5555 ventrem
2805 5501 3101 5568 primorum
3138 5511 3418 5568 parentum

1857 5584 2129 5639 incscasti.
2156 5587 2385 5641 Pedibus
2411 5588 2573 5656 igitur
2591 5606 2812 5658 serpens
2836 5600 2960 5643 ante
2992 5592 3418 5645 evseeraliom-m

1860 5672 2161 5735 incedebat,
2206 5684 2259 5728 ut
2287 5685 2477 5730 czeteru
2509 5675 2864 5731 animantium
2890 5695 3103 5742 gt'lltflll,
3132 5691 3245 5745 νομί
3272 5694 3421 5742 νι”·ιι,
