4202 6430
764 476 864 540 5ῡῖ

2039 458 2269 519 MOSIS
2310 458 2458 516 ΒΑΚ
2499 453 2742 514 ΟΕΡΗᾹ

3905 429 4021 491 568

768 589 874 641 illis
908 584 1146 648 amissis,
1181 594 1496 654 prosctpt-rc
1528 578 1685 645 ρωίιίι
1716 591 1777 630 ac
1805 582 1989 627 ventre
2013 567 2338 640 pruinoveri.
2370 573 2416 630 Λ
2446 576 2685 619 ventrem
2724 569 2960 628 serpant,
2989 571 3159 625 neque
3183 569 3239 608 se
3262 551 3540 621 subrigere
3560 547 3687 601 dum
3709 544 4022 606 caeduntur,

772 684 833 730 tat
872 678 984 729 luet:
1018 676 1230 744 quidem
1260 679 1446 739 aperte
1493 670 1556 722 ad
1592 670 1767 735 ipsum
1817 671 2059 732 Spectant
2123 674 2339 725 serpen-

770 781 901 826 tem.
935 786 994 819 ea
1014 778 1185 820 terum
1221 763 1432 816 Satatne
1462 762 1539 813 sic
1558 757 2000 812 accommodetur
2023 753 2210 807 eadem
2239 752 2341 803 ista

772 860 1112 913 t'XSt'tfrttlil):
1152 856 1418 920 Quoniam
1458 852 1739 921 spirituale
1772 861 1970 900 munus
2020 857 2194 908 lttum,
2232 858 2340 910 quo

774 950 1082 1018 t'nngeharis
1142 948 1192 1001 in
1229 946 1365 1001 ccclo
1394 961 1499 997 una
1541 960 1661 997 eum
1697 940 1921 1006 reliquis
1955 938 2127 1007 e0piis
2177 950 2341 1000 ange-

770 1045 837 1097 lEe
866 1059 891 1097 s
917 1058 1037 1112 quae
1067 1042 1118 1093 in
1146 1039 1359 1093 sublimi
1389 1047 1690 1097 versantur,
1720 1032 2004 1087 deseruisti
2033 1040 2192 1098 alque
2217 1026 2346 1079 ami-

773 1134 911 1193 sisti,
948 1133 1120 1185 adhoc
1153 1128 1357 1198 primos
1382 1134 1627 1196 parentes
1654 1121 1943 1183 seduxisti,‘
1972 1136 2075 1173 non
2110 1118 2215 1170 erit
2248 1114 2342 1167 tibi

772 1226 824 1277 in
848 1225 985 1276 c0320
1017 1231 1073 1274 ut
1126 1230 1248 1274 ante
1279 1216 1537 1272 habitatio
1573 1216 1664 1269 sed
1702 1214 1849 1267 humi
1890 1210 2129 1269 incedes,
2160 1219 2347 1277 protev

774 1330 994 1386 pesque,
1029 1315 1185 1366 malis
1214 1312 1403 1365 studiis
1429 1309 1568 1362 addit
1590 1315 1709 1361 tus:
1743 1305 1805 1356 Et
1830 1304 2089 1370 pulverem
2112 1299 2345 1353 comedes

773 1407 1011 1460 untnibus
1037 1406 1213 1458 diebus
1245 1403 1362 1455 vita:
1401 1410 1526 1454 tuw.
1560 1398 1777 1464 Nempe,
1812 1396 1862 1448 in
1890 1396 2162 1458 pulverem
2194 1391 2349 1443 rede-

774 1502 897 1570 gisti
936 1502 1135 1568 primos
1191 1504 1466 1564 parentes,
1506 1494 1723 1561 pulvere
1757 1490 1921 1558 igitur
1956 1487 2189 1540 vesceris
2236 1493 2391 1566 tota“

775 1594 902 1642 vita.
941 1589 1215 1656 ()iijicittnt
1249 1585 1489 1654 quidam,
1526 1583 1615 1650 qui
1656 1582 1822 1649 possit
1858 1579 1985 1651 illud
2020 1576 2341 1656 consistere,

777 1684 918 1751 quod
952 1682 1079 1739 ait:
1116 1680 1383 1732 Fttlt-ercnt
1412 1675 1669 1739 contctlcs;
1712 1673 1927 1748 quando
1955 1670 2199 1721 videmus
2242 1682 2352 1720 ser-

779 1785 965 1844 pentes
1003 1771 1310 1826 vtrmiculis
1373 1770 1425 1822 in
1458 1784 1594 1835 aqua
1640 1764 1955 1831 degentibus
1989 1763 2156 1828 pasci,
2196 1769 2355 1827 atque

782 1866 1081 1932 passercuh
1104 1878 1130 1917 s
1163 1877 1403 1931 queque,
1435 1858 1842 1923 columbasque,
1872 1867 1922 1908 et
1954 1855 2116 1921 hujus
2140 1851 2353 1920 generis

2446 661 2688 726 aliasque
2704 654 3012 723 superiores
3031 646 3277 717 corporis
3293 654 3472 714 partes
3491 643 3741 695 invadere
3759 644 4019 707 possunt.

2448 757 2562 821 ipsa
2594 751 2847 804 calcauea
2882 744 3180 798 lancinaut.
3215 738 3318 792 Sed
3346 738 3411 791 de
3443 734 3639 788 Satana
3665 728 4019 799 interpretari

2448 852 2673 917 possunt
2709 840 2867 893 verba
2906 838 2975 891 ad
3039 838 3180 889 hunc
3246 834 3503 885 modum:
3561 826 3820 880 llomines
3880 822 4018 875 dum

2449 955 2542 1007 per
2578 937 2803 988 virtutes
2829 932 2991 983 vitam
3020 935 3203 996 agant,
3224 923 3381 977 facile
3401 920 3703 975 discutiunt
3725 916 4023 982 irritosquc

2383 1039 2390 1052 '
2448 1030 2682 1085 reddunt
2722 1023 3080 1095 v'al‘ros‘tuos
3116 1026 3361 1075 Conatus,
3405 1027 3544 1081 quos
3607 1020 3661 1063 tu
3726 1005 4026 1077 primarios

2449 1130 2609 1189 atque
2636 1114 3026 1186 insuperabiles
3049 1125 3169 1164 csse
3202 1100 3794 1175 putabasr0hservahis
3819 1108 3872 1153 ttt
3896 1097 4027 1166 qui-

2449 1215 2571 1267 dem
2606 1214 2818 1264 illorum
2853 1206 3048 1267 calces,
3096 1211 3153 1255 ut
3188 1203 3337 1268 ipsos
3390 1196 3707 1265 subvertere
3739 1202 3899 1259 atque
3966 1189 4024 1241 iu

2450 1314 2670 1375 peccata
2716 1298 3052 1389 praecipitare
3114 1294 3336 1362 possis:
3396 1300 3582 1340 verum
3625 1283 3757 1336 nihil
3795 1281 4023 1337 etlicies.

2402 1384 2403 1391 “
2453 1372 2555 1451 nisi
2588 1374 2682 1449 sua
2726 1372 2825 1460 ipsi
2859 1388 3052 1459 spo‘nte
3101 1392 3263 1451 atque
3296 1389 3487 1461 suapte
3542 1378 3817 1431 voluntate
3842 1388 3901 1428 se
3927 1372 4026 1424 tibi

2454 1491 2703 1560 prodant.
2722 1485 2823 1539 Sed
2846 1492 2899 1537 et
2924 1483 3023 1535 hoc
3043 1493 3205 1534 sensu
3227 1484 3369 1529 recte
3401 1471 3732 1539 accipiantur
3748 1482 3807 1521 ea
3825 1466 4024 1521 verba:

2400 1643 2407 1663 ι
2454 1588 2558 1645 Τιι,
2590 1584 2825 1641 ιιειξιιιοη,
2866 1577 3123 1631 observas
3150 1573 3401 1627 caleanea
3437 1568 3742 1626 hominum,
3780 1565 3881 1616 hoc
3910 1569 4025 1622 est,

2455 1666 2699 1745 ipsorum
2723 1658 2863 1724 dicta
2890 1668 3159 1735 factaque,
3195 1672 3253 1715 ιιι
3276 1664 3329 1715 in
3352 1669 3571 1729 peccata
3586 1657 3839 1735 dejicere,
3860 1662 4031 1720 atque

2457 1784 2486 1820 a
2526 1766 2633 1819 Deo
2659 1762 2847 1833 procul
2881 1763 3030 1830 ipsos
3062 1756 3542 1820 abducerequeas;
3572 1763 3758 1803 verum
3775 1732 4034 1800 Christus

2461 1859 2550 1913 ubi
2584 1856 2823 1916 advenit,
2876 1851 3034 1905 nobis
3065 1847 3262 1902 exemit
3290 1846 3435 1899 hunc
3468 1842 3545 1895 ttti
3577 1850 3804 1899 metum,
3829 1851 4036 1891 secun-

780 1957 882 2008 alia
910 1970 1122 2007 vorare.
1153 1952 1255 2005 Stltl
1286 1952 1442 2003 etiam
1466 1949 1510 2001 Si
1530 1948 1877 2016 [unoquoque
1904 1946 2188 2006 devorant,
2220 1943 2359 2005 inte-
2395 1956 2434 2009 Β
2464 1952 2592 2005 dum
2629 1949 2718 2002 illa
2751 1946 2922 2015 ipsius
2949 1942 3112 1996 verba
3147 1956 3162 1992 τ
3198 1938 3333 1990 Dedi
3386 1935 3526 1989 vobis
3558 1939 3864 2000 ροεεδιαιεηι
3916 1928 4040 1981 σαι-

782 2049 883 2099 rim
938 2047 1142 2113 alasque
1186 2043 1400 2112 pulvere
1432 2042 1595 2094 vitam
1627 2048 1934 2093 sustentare
1963 2043 2256 2105 nequeunt.
2292 2032 2355 2086 Et

782 2156 913 2194 vero
947 2140 1063 2191 licet
1086 2137 1293 2188 Adamo
1318 2137 1517 2187 dictum
1549 2134 1619 2187 sit
1646 2150 1656 2184 :
1679 2133 1947 2186 Insudore
1968 2131 2123 2200 [aciei
2143 2140 2245 2183 tum
2266 2144 2354 2181 co-

784 2235 956 2286 nmlcs
987 2249 1171 2300 panem
1206 2240 1374 2292 iitum,
1415 2238 1590 2281 tamen
1622 2242 1788 2280 carne
1821 2225 2058 2279 vescitur
2086 2205 2270 2285 etiam,
2301 2225 2354 2273 rt.

782 2337 939 2381 terra:
971 2327 1235 2395 frugibus,
1264 2325 1294 2375 is
1314 2325 1633 2391 uctibusque
1655 2321 1792 2374 aliis.
1826 2319 1930 2372 Sed
1952 2320 2061 2372 lucc
2081 2318 2147 2370 ad
2176 2318 2352 2385 ipsum

782 2433 1086 2487 serpentem
1139 2417 1429 2485 pertinent,
1491 2415 1787 2481 eademque
1846 2427 1974 2465 vero
2012 2418 2240 2476 possunt
2292 2408 2356 2461 ad

787 2512 1040 2565 Satanam
1064 2512 1115 2563 in
1142 2510 1280 2562 hanc
1301 2510 1622 2562 sententiam
1646 2508 1783 2560 dicta
1808 2505 1976 2584 videri
1998 2521 2013 2558 :
2034 2504 2357 2570 Priusquam

787 2606 1053 2656 delabere:
1070 2603 1133 2664 is,
1152 2601 1701 2654 divinisohlectabare
1719 2574 2181 2657 ntéditationibus,
2199 2574 2383 2663 atque“

782 2695 1224 2755 ewlestibUs,setl
1239 2704 1522 2761 postquam
1558 2702 1607 2743 te
1629 2690 1957 2758 pnecipitetn
1980 2687 2175 2741 dedisti
2199 2697 2362 2755 atque

788 2788 1136 2847 descendisti,
1158 2796 1299 2839 totus
1325 2784 1553 2838 terrenis
1574 2783 1977 2848 humilibusque
2001 2780 2191 2835 studiis
2213 2779 2365 2833 dedi—

788 2893 876 2934 tus
902 2881 1028 2942 eris,
1074 2889 1232 2946 atque
1258 2880 1322 2930 ad
1357 2877 1733 2945 perﬁciendam
1769 2874 2065 2942 nequitiam
2103 2882 2248 2945 tuam
2271 2886 2363 2923 co-

790 2973 1076 3041 gitationes
1118 2980 1237 3022 ltzas
1267 2984 1455 3021 omnes
1485 2966 1791 3021 exercebis.
1813 2963 1876 3015 Et
1930 2963 2237 3016 inimicitias
2270 2977 2363 3025 po-

790 3079 913 3115 nant
947 3063 1080 3114 inter
1103 3070 1149 3112 te
1184 3069 1229 3111 ct
1272 3058 1561 3120 mulierem,
1589 3066 1636 3108 ct
1674 3058 1809 3108 inter
1842 3071 2009 3107 semen
2038 3070 2182 3105 tuum
2208 3060 2255 3103 et
2287 3066 2367 3102 sc—

790 3174 905 3209 mcn
938 3159 1067 3221 ejus.
1100 3153 1388 3218 Quoniam,
1411 3152 1607 3219 inquit,
1629 3134 1890 3201 adversus
1923 3148 2197 3199 mulierem
2218 3144 2364 3198 luisti

794 3248 1003 3300 amicus
1032 3246 1430 3306 itaudu'entus,
1450 3240 1940 3310 atqueinimicitias
1973 3240 2154 3292 sevisti
2180 3239 2224 3289 ei
2244 3253 2363 3289 cum

795 3339 924 3401 Deo,
953 3353 1052 3403 ego
1086 3337 1222 3388 inter
1260 3345 1310 3388 te
1344 3344 1390 3385 ct
1428 3334 1621 3400 ipsam,
1656 3334 1901 3399 interque
1926 3340 2075 3383 tuam
2104 3344 2285 3382 semen
2316 3340 2369 3380 et
2398 3309 2442 3369 C

795 3432 969 3501 ipsius
988 3445 1189 3481 semen.
1215 3425 1511 3479 initnieiti:e
1530 3438 1746 3493 quoque
1775 3433 1831 3475 ιιι
1849 3431 2099 3476 constent
2120 3421 2368 3473 eliieiam.

878 3518 1179 3582 Super-itum
1207 3516 1499 3566 inimicitia
1522 3527 1636 3562 cum
1666 3510 1961 3562 hominibus
1990 3509 2202 3575 mystice
2222 3506 2369 3575 quid.

798 3638 867 3648 -—
922 3608 1076 3661 (lerte
1117 3610 1285 3659 laetos
1321 3622 1348 3655 a
1404 3604 1511 3656 Deo
1552 3602 1707 3655 nobis
1776 3601 2025 3653 inimicos
2075 3593 2406 3665 serpentes,‘

803 3712 889 3749 res
923 3698 1035 3763 ipsa
1064 3696 1212 3746 docet
1238 3710 1251 3757 ;
1280 3708 1452 3759 neque
1479 3693 1622 3744 enim
1666 3705 1897 3757 anguem
1937 3689 2104 3741 ullum
2133 3688 2375 3757 aspicere
2420 3698 2427 3723 θ

803 3789 1160 3845 sustinemus,
1210 3795 1263 3838 ιιι
1310 3783 1469 3836 nobis
1509 3799 1614 3835 non
1648 3798 1935 3835 caveamus
1991 3781 2058 3832 ab
2089 3781 2224 3849 ipso,
2280 3795 2372 3831 seu

807 3884 959 3934 hoste
996 3889 1212 3942 nostro;
1250 3874 1463 3945 nosque
1494 3890 1598 3927 non
1642 3889 2015 3942 comparemus
2039 3874 2101 3923 ad
2144 3880 2373 3940 pugnam
2413 3864 2427 3876 ’

810 3984 864 4027 tt:
901 3974 1049 4026 illurn
1083 3972 1433 4037 perieramus,
1474 3977 1727 4032 tanquam
1762 3981 1884 4018 cum
1931 3965 2021 4033 qui
2057 3980 2153 4017 nos
2186 3963 2379 4017 laedere

808 4066 1006 4131 cupiat.
1045 4062 1164 4113 lltec
1190 4062 1373 4113 ea-lem
1401 4060 1463 4111 ad
1507 4058 1761 4112 Satanam
1793 4057 1902 4109 sic”
1928 4055 2329 4109 transferantur
2361 4068 2376 4105 :

810 4157 906 4215 Te.
949 4156 1168 4217 Satana,
1202 4153 1378 4207 adhuc
1402 4166 1462 4203 ea
1500 4166 1622 4203 cura
1666 4150 2016 4215 sttnliumque
2046 4146 2382 4207 exercuit,ut

811 4251 1015 4319 primos
1050 4256 1298 4315 parentes
1327 4259 1431 4297 una
1464 4257 1585 4295 cum
1624 4242 1879 4311 ipsorum
1903 4239 2217 4319 posteritate
2245 4237 2382 4290 ami-

813 4357 906 4395 «λος»
933 4341 1110 4393 facere
1140 4347 1194 4392 tn
1226 4338 1319 4389 tibi
1362 4351 1549 4406 possu‘s
1586 4352 1598 4387 :
1634 4349 1733 4401 ego
1764 4348 1892 4385 vero
1935 4304 2043 4400 jam
2096 4331 2285 4393 t-liicio,
2325 4340 2384 4383 ut

814 4442 1072 4503 perpetuo
1128 4430 1342 4484 hostilia
1388 4428 1567 4480 omnia
1614 4427 1719 4479 sint
1784 4426 1923 4477 inter
1967 4433 2017 4476 te
2053 4436 2213 4492 atque
2239 4423 2380 4476 illos.

817 4526 881 4578 Et
916 4527 1084 4588 ipsum
1125 4530 1348 4576 conteret
1382 4531 1535 4586 caput
1573 4528 1738 4573 tmttn.
1774 4519 1911 4583 Quia
1946 4534 2043 4586 per
2076 4517 2384 4586 superbiam

2461 2044 2615 2101 condi
2643 2049 2925 2109 serpentes,
2962 2048 3008 2088 et
3042 2021 3364 2102 scorpiones,
3385 2042 3636 2098 omneque
3665 2025 3828 2079 robur
3847 2021 4044 2075 adver-

2462 2134 2757 2193 sarium".
2788 2120 3055 2185 Caeterum
3102 2142 3167 2180 ex
3218 2121 3531 2177 his'verbis
3579 2117 3876 2188 intelligere
3925 2121 4041 2176 est,

2464 2247 2572 2285 non
2601 2229 2665 2282 ad
2698 2226 2873 2281 solum
2905 2227 3256 2288 corporatum
3292 2220 3625 2283 serpentem,
3655 2221 3843 2261 verum
3868 2204 4041 2257 etiam

2465 2326 2531 2381 ad
2564 2323 2824 2378 Satanam
2884 2314 3215 2385 pertinuisse
3258 2308 3500 2362 divinam
3562 2299 4045 2360 exsecrationem;

2465 2415 2685 2487 quando
2715 2426 2821 2466 non
2883 2408 2997 2462 sola
3055 2404 3228 2473 capita
3277 2406 3587 2469 serpentum
3640 2393 3863 2447 terimus
3904 2389 4046 2441 dum

2465 2510 2732 2580 perimere
2806 2503 2953 2570 ipsos
3021 2496 3296 2558 volumus,
3355 2490 3448 2545 sed
3525 2486 3791 2554 reliquum
3873 2481 4047 2535 etiam

2468 2616 2666 2670 corpus
2691 2616 2703 2657 :
2732 2612 2906 2664 neque.
2935 2606 3125 2645 rursus
3160 2585 3352 2655 anguis
3385 2583 3530 2636 solos
3552 2581 3730 2635 calces
3756 2574 4048 2630 hominum

2470 2667 2724 2764 percutit,
2744 2689 2836 2742 sed
2877 2686 3014 2738 alias
3040 2681 3203 2734 etiam
3221 2690 3357 2746 quas
3373 2680 3549 2743 potest
3565 2667 3808 2736 corporis
3834 2673 4047 2734 partes.

2545 2801 2683 2853 Dens
2715 2794 2933 2850 Setmm’
2971 2789 3129 2845 simul
3158 2795 3207 2839 et
3251 2782 3474 2851 serpenti
3523 2775 3823 2832 maledixit.
3861 2801 3931 2815 —
3987 2770 4052 2823 Si

2472 2908 2604 2949 vero
2631 2890 2755 2960 quis
2796 2885 3028 2952 denique
3059 2886 3287 2949 quierat,
3319 2890 3419 2929 cur
3446 2873 3587 2925 Deus
3611 2866 3846 2937 serpenti
3877 2862 4054 2919 simul

2472 2993 2525 3037 ct
2573 2956 2787 3035 Salanie
2822 2971 3185 3033 maledixerit,
3211 2956 3704 3036 respondebimus:
3736 2958 3863 3020 quia
3899 2963 4059 3008 uter-

2475 3090 2587 3142 que
2620 3069 2999 3124 exsecratione
3031 3064 3227 3123 dignus
3260 3067 3425 3121 erat,:
3452 3070 3550 3123 pro
3584 3051 3867 3131 maximon
3900 3044 4057 3115 quod

2477 3121 2580 3142 Ἰ.--
2732 3121 2740 3123 .
3092 3121 3117 3123 _.
3454 3121 3465 3123 _
3850 3121 3867 3131 _

2475 3168 2757 3231 patr-arant
2781 3156 2959 3213 ambo,
3008 3150 3274 3205 maleﬁcio
3301 3144 3314 3211 ξ
3351 3144 3546 3198 deinde
3577 3150 3635 3194 ttt
3663 3140 3823 3208 primi
3850 3140 4055 3205 paren-

2478 3266 2579 3313 tes,
2620 3251 2805 3305 audita
2838 3262 2900 3301 ca
2960 3255 3069 3298 tam
3102 3243 3238 3295 dura
3306 3233 3661 3291 detestatione
3718 3227 3925 3287 divina,
3983 3225 4056 3277 ad

2480 3343 2871 3415 pmnitudinem
2917 3338 3336 3394 revocarentur;
3379 3342 3503 3381 nam
3559 3324 3604 3379 si
3667 3318 4061 3392 pmnituissent

2479 3439 2803 3504 veniamque
2829 3431 3225 3504 implorassent,
3266 3424 3389 3476 licet
3413 3434 3474 3473 ca
3506 3433 3565 3470 re
3615 3428 3786 3481 neque
3818 3418 4058 3464 mortem

2480 3529 2801 3598 eﬂttgisscut
2854 3536 3027 3590 neque
3075 3498 3387 3587 paradisum
3447 3507 3818 3564 retinuissent,
3872 3510 4059 3554 tamen

2482 3624 2628 3675 ditas
2660 3621 2782 3673 illas
2836 3614 2923 3667 Dei
2968 3612 3263 3666 evitasscnt
3325 3617 3461 3672 quas
3513 3603 3779 3664 memorat
3831 3592 4058 3646 Moses:

2486 3714 2587 3768 Per
2621 3686 2831 3763 dolores
2857 3717 3011 3775 atque
3042 3714 3261 3770 angores
3289 3696 3528 3761 parietis,
3586 3706 3678 3757 per
3737 3686 3947 3739 dolores
4011 3689 4061 3734 ct

2483 3805 2702 3857 sudores
2760 3798 2915 3866 faciei
2980 3809 3138 3862 panes
3199 3785 3498 3841 comedetis.
3561 3781 3852 3847 Postquam
3930 3786 4064 3825 vero

2480 3894 2590 3963 jam
2623 3882 2928 3957 serpentem
2976 3894 3031 3938 ct
3063 3882 3320 3935 Satanam
3366 3872 3676 3929 maledictio
3710 3864 4062 3937 perstrinxit,

2489 3986 2628 4037 Deus
2665 3977 2932 4033 convertit
2976 3967 3369 4029 sermonemad
3408 3956 3689 4016 mulierem
3717 3957 3798 4009 his
3832 3955 4061 4009 verbis:

2488 4078 2552 4131 Et
2581 4077 2647 4128 ad
2682 4066 2951 4125 mulierem
2978 4067 3052 4119 ait
3088 4080 3107 4118 :
3141 4056 3544 4128 Multiplicundo
3572 4046 3936 4115 multiplicabo
3970 4047 4070 4096 do-

2488 4174 2621 4225 lores
2655 4168 2791 4227 tuos,
2826 4175 2874 4217 et
2904 4142 3193 4225 conceptus
3214 4166 3351 4214 tuos,
3375 4159 3421 4203 et
3454 4150 3505 4200 in
3537 4142 3822 4213 angoribus
3882 4137 4067 4205 paries

2490 4261 2647 4323 ﬁlios.
2691 4226 2807 4308 Non
2847 4251 2956 4320 jam
2986 4247 3136 4307 dicit,
3186 4258 3281 4297 eos
3313 4240 3453 4294 fetus
3493 4250 3632 4304 quos
3658 4239 3753 4283 aut
3784 4226 4072 4294 concipiet

2488 4362 2581 4406 aut
2625 4344 2979 4405 edetmulier,
3008 4338 3123 4392 fore
3152 4331 3486 4388 maledictos.
3525 4324 3659 4379 Nam
3685 4322 3893 4391 pridem
3929 4318 4073 4371 bene

2489 4449 2740 4511 precatus
2766 4420 2879 4510 illisl
2909 4434 3102 4493 luerat,
3133 4427 3487 4491 dixeratque:
3532 4415 3763 4471 Crescite
3794 4422 3843 4463 et
3880 4406 4071 4461 multi-

2489 4526 2762 4601 plicamini
2783 4542 2799 4579 :
2818 4502 2921 4576 Sed
2946 4521 3107 4581 feres,
3128 4516 3323 4584 inquit,
3348 4525 3559 4565 uterum
3580 4523 3685 4561 non
3709 4505 3827 4558 sine
3854 4501 4070 4563 dolore,

816 4617 1015 4668 elatum
1050 4613 1148 4666 fuit
1174 4620 1335 4679 caput
1366 4621 1538 4673 tuum,
1566 4620 1616 4662 et
1646 4611 1883 4677 improba
1912 4609 2147 4660 locutum
2174 4615 2275 4669 est,
2304 4620 2387 4658 se-
2416 4649 2466 4707 D
2489 4591 2868 4691 'P'roqumsquc
2896 4615 3042 4682 ipsos
3082 4604 3203 4663 mg
3232 4606 3371 4659 fctus
3403 4616 3498 4672 per
3540 4611 3830 4652 agrumnas.
3867 4591 4074 4646 Videre

2112 4698 2124 4707 ι
2346 4696 2357 4707 ι
2483 4702 2489 4707 .
2844 4706 2849 4707 ,
2947 4706 2951 4707 ,
3201 4700 3231 4707 ..
3343 4697 3354 4707 .
3402 4696 3411 4707 .
3489 4695 3517 4707 -.
3664 4688 3739 4707 ,rn
3782 4689 3791 4707 ξ
3851 4682 4072 4707 -----.J-

822 4724 942 4760 men
979 4707 1189 4758 femina:
1220 4705 1355 4771 (huc
1385 4712 1485 4764 cst,
1523 4703 1611 4770 qtti
1644 4718 1702 4753 cx
1746 4716 1805 4753 ea
1842 4698 2129 4766 nascetur)
2166 4696 2389 4750 concul-

819 4800 962 4855 cabit
991 4806 1150 4865 caput
1184 4807 1357 4855 tuum.
1403 4804 1557 4862 teque
1588 4794 1793 4861 perdet.
1856 4791 2118 4843 l’ratterea
2152 4790 2297 4857 quia
2330 4798 2383 4841 ιιι

820 4893 1085 4943 Adamum
1110 4901 1269 4955 atque
1288 4888 1449 4939 Evam
1476 4886 1542 4938 de
1566 4883 1733 4953 gradu
1753 4883 2030 4949 dignitatis
2054 4896 2211 4949 quem
2235 4882 2386 4948 quasi

822 4983 1093 5051 principes
1132 4979 1469 5041 obtinebant,
1527 4975 1810 5043 dejeeisti:
1847 4988 2031 5027 semen
2083 4972 2400 5040 posteritas-

824 5089 926 5141 que
953 5073 1214 5139 ipsorum,
1268 5080 1420 5123 tuum
1455 5077 1611 5134 caput
1651 5066 1888 5137 vicissim
1946 5064 2308 5125 conculcabit,
2343 5072 2393 5115 et

829 5177 881 5218 te
920 5164 1229 5217 interﬁciet.
1295 5162 1399 5215 Sed
1462 5176 1561 5213 cur
1620 5168 1780 5227 caput
1831 5158 1974 5211 illius
2036 5172 2144 5225 prae
2178 5155 2398 5221 reliquis

827 5256 1088 5310 membris
1121 5255 1363 5307 attritum
1399 5254 1460 5306 iri
1498 5244 1673 5306 dicit?
1714 5251 1977 5304 Nimirum
2011 5251 2137 5319 quia
2162 5250 2397 5303 contrito

830 5361 1154 5416 mortuoque
1184 5349 1355 5415 capite
1379 5347 1432 5399 itt
1459 5345 1713 5409 anguium
1748 5359 1961 5413 genere,
1999 5353 2167 5396 totum
2200 5356 2399 5410 corpus

832 5444 1160 5495 exstincutm
1191 5451 1290 5492 est.
1330 5438 1394 5489 Et
1440 5448 1495 5490 tu
1532 5437 1666 5489 illud
1703 5438 1857 5504 feries
1910 5437 1964 5488 in
2016 5437 2152 5487 calce
2208 5437 2395 5501 ipsius.

832 5534 967 5597 Quia
999 5533 1241 5585 calcibus
1283 5531 1398 5583 suis
1436 5536 1795 5598 properarunt
1835 5526 1993 5594 primi
2044 5539 2295 5595 parentes
2330 5527 2395 5579 ad

832 5628 1081 5676 arborem
1127 5624 1479 5692 prohibitam,
1534 5632 1587 5673 ιιι
1657 5622 1881 5674 seminis
1927 5621 2169 5689 ipsorum
2222 5623 2399 5674 calces

837 5720 1017 5772 feries.
1085 5716 1185 5768 Sed
1255 5725 1307 5767 et
1383 5715 1504 5766 itilO
1600 5715 1730 5766 dicit
1784 5730 1986 5779 augtn-s
2045 5729 2396 5781 percussurus

833 5810 1009 5864 (alces
1071 5806 1370 5867 hominum,
1420 5805 1543 5874 quia
1595 5822 1715 5854 eum
1766 5805 1989 5870 pellitis
2047 5815 2283 5869 tarrant,
2349 5816 2399 5858 t-t

1126 5920 1224 5986 'x,
1266 5922 1344 5977 l9.

984 5920 1131 5979 :3ch
1175 5942 1224 5979 λ.
1266 5922 1344 5977 l9.
1431 5926 1461 5959 ’π
1507 5919 1657 5973 λίς-ιιι.
1719 5938 1822 5979 λιι,
1855 5922 1942 5973 ‘ll.

2449 4682 2577 4785 f'est
2626 4711 2770 4764 enim
2834 4706 3065 4759 feminas
3102 4700 3267 4753 variis
3325 4695 3611 4749 doloribus
3652 4688 3794 4742 allici
3847 4682 4073 4754 quando

2498 4815 2711 4858 uterum
2744 4812 2958 4867 gerunt,
2994 4805 3045 4846 ct
3083 4806 3273 4844 rursus
3309 4786 3461 4839 duris
3495 4779 3733 4849 torqueri
3771 4774 4075 4845 angoribus

2499 4901 2626 4949 dum
2660 4894 2913 4963 pariunt;
2967 4886 3018 4939 id
3057 4882 3198 4953 quod
3260 4880 3423 4933 etiam
3488 4862 3751 4926 memorat
3804 4866 4077 4921 Dominus

2508 4957 2715 5048 noster,
2746 4984 2933 5036 dit-cus
2974 4997 2986 5032 :
3015 4977 3204 5031 Mulier
3227 4987 3344 5025 cum
3372 4970 3536 5037 parit,
3562 4965 3793 5017 dolerent
3829 4958 3984 5010 habet
4008 4957 4077 5007 ".

2508 5083 2694 5150 Neque
2722 5076 2865 5129 enim
2911 5070 3198 5141 quisquam
3236 5062 3544 5116 mortalium
3580 5055 3713 5109 satis
3756 5050 4081 5104 existimare

2506 5140 2701 5246 potest,
2735 5183 2895 5241 quam
2930 5140 3202 5219 idill‘tcilcs
3242 5158 3517 5219 durosque
3556 5148 3817 5202 sustineat
3880 5140 4078 5194 mulier

2507 5230 2725 5320 dolores
2752 5230 2924 5327 .atquc
2973 5266 3245 5308 a‘runmas
3273 5249 3324 5300 in
3356 5253 3534 5314 partu,
3572 5248 3767 5307 praeter
3814 5233 3963 5301 ipsas
3996 5230 4080 5283 l‘e-

2507 5356 2702 5409 minas.
2766 5324 3085 5417 rit-quidem
3141 5337 3322 5393 audivi
3354 5333 3634 5386 mulierem
3678 5340 3800 5380 cum
3846 5324 4080 5380 diceret,

2510 5461 2696 5500 earum
2730 5457 2850 5510 qtae
2883 5440 3125 5508 pariunt,
3177 5429 3405 5501 pupillas
3441 5423 3722 5477 oculorum
3768 5429 3878 5486 prae
3911 5413 4085 5465 nimio

2510 5538 2715 5592 doloris
2746 5504 2907 5589 sensu
2945 5530 3079 5583 adeo
3106 5523 3405 5581 obluscari,
3462 5526 3519 5569 ut
3555 5512 3690 5568 nihil
3721 5515 3969 5563 cernant.
4014 5504 4085 5558 Et

2512 5634 2623 5683 haec
2655 5627 2871 5695 quidem
2907 5624 2972 5676 de
3006 5637 3067 5673 ea
3110 5613 3460 5672 auxietudinc
3490 5620 3651 5675 quam
3681 5601 3810 5654 dum
3861 5607 4081 5650 uterum

2510 5731 2727 5783 (xerunt,
2776 5719 3014 5783 dumque
3072 5710 3310 5779 pariunt.
3370 5700 3601 5755 tolerant
3648 5692 3895 5751 fetninm,
3933 5689 4082 5741 dicta

2513 5820 2670 5865 sunt;
2707 5808 2845 5877 quod
2872 5809 2912 5861 si
2948 5822 3072 5859 veto
3109 5802 3419 5854 universum
3463 5789 3589 5846 illud
3622 5795 3836 5853 tempus
3864 5789 4084 5849 reputes
