4202 6430
798 390 893 450 571
2059 394 2287 457 MOSlS
2329 397 2480 458 ΒΑΗ
2520 399 2765 460 CEl'HA
3923 404 4033 469 572

796 499 928 554 locis
962 497 1265 565 describat;
1304 506 1385 553 est
1430 497 1593 553 etiam
1627 497 1718 554 ubi
1762 498 1863 555 hoc
1900 496 1975 553 illi
2021 500 2183 555 modo
2213 515 2359 556 cura:
2385 505 2436 564 Α
2472 514 2632 575 taque
2662 520 2726 559 ex
2764 505 3054 561 concubitu
3090 507 3190 562 viri
3235 520 3297 563 ac
3325 509 3566 565 mulieris
3596 510 3780 568 sobole
3811 523 4032 569 auctmu

791 601 873 646 est
912 597 971 645 ut
1019 591 1070 645 id
1096 590 1238 661 quod
1276 600 1489 658 gestum
1513 598 1615 654 est.
1639 600 2027 645 commemoret
2062 605 2235 660 neque
2268 604 2362 661 per
2474 597 2562 662 iri,
2617 605 2672 651 et
2730 612 2821 667 per
2865 598 3004 654 banc
3068 614 3287 656 causam
3350 602 3599 671 specioso
3659 602 3749 658 illo
3811 605 4035 660 nomine

794 682 1070 738 silentium
1117 680 1470 745 transmittat,
1524 688 1721 735 caetero
1756 680 1929 749 quiin
1966 687 2210 746 tempore
2249 696 2359 750 quo
2472 702 2693 741 uxorem
2739 702 2960 745 vocasse
3007 689 3199 755 Evam,
3256 693 3359 746 hoc
3413 702 3516 753 est.
3561 694 3740 750 omnis
3798 695 4039 751 viventis

794 782 974 828 actum
1040 782 1143 835 est,
1173 770 1515 825 observando
1560 770 1695 824 nihil
1728 770 2015 827 sollicitus.
2047 769 2360 837 Enimvero,
2470 788 2719 834 matrem,
2763 780 2938 850 supra
2987 783 3409 838 memoravimus
3455 784 3558 838 tria
3618 798 3739 840 esse
3788 787 4035 850 nomina,

794 872 887 917 aut
912 860 1130 930 quando
1159 871 1307 915 costa
1344 860 1446 915 sibi
1487 861 1914 916 subtrahebatur
1944 862 2195 930 atquein
2246 878 2364 917 mu-
2469 871 2665 940 quibus
2713 871 2884 925 Adam
2938 873 2990 927 in
3036 874 3137 929 hoc
3191 873 3331 929 libro
3367 874 3672 945 appelletur
3719 874 3890 939 Naso,
3927 876 4038 931 hoc

795 958 984 1012 lierem
1007 956 1460 1021 concinnabatur,
1504 956 1808 1025 appellabat
1845 955 2089 1012 Adamus
2132 971 2359 1011 uxorem
2469 970 2551 1015 εει
2583 963 2681 1026 vir,
2721 972 2774 1015 et
2804 962 3093 1029 Baronoso,
3134 965 3278 1022 filius
3303 967 3403 1020 viri
3437 982 3541 1022 :ac
3571 967 3806 1038 denique
3835 968 4031 1029 Adam,

796 1066 890 1118 per
940 1050 1258 1105 vaticinium
1314 1049 1528 1104 duobus
1577 1047 1888 1103 nominibus
1917 1066 1930 1101 :
1959 1047 2091 1115 Itto,
2155 1048 2364 1103 scilicet
2470 1052 2624 1121 quasi
2654 1051 2823 1117 dicas,
2848 1055 3010 1107 homo
3039 1072 3052 1109 :
3079 1055 3171 1109 ubi
3203 1066 3465 1125 quantum
3519 1056 3636 1124 ipsa
3674 1056 3813 1110 inter
3840 1057 4035 1109 se-di-

796 1141 925 1212 (hoc
954 1150 1056 1205 est,
1092 1140 1399 1207 mulierem,
1445 1141 1559 1195 sive
1601 1154 1827 1194 uxorem
1871 1148 1926 1194 et
1982 1138 2193 1211 Evam).
2229 1137 2358 1205 lllo,
2469 1150 2633 1206 stent,
2665 1144 2828 1199 etiam
2858 1146 3270 1216 explicavimus.
3303 1146 3423 1202 Jam
3461 1164 3590 1203 vero
3618 1147 3784 1204 Evam
3810 1163 4035 1219 quoque

798 1233 924 1302 quia
951 1232 1066 1286 viro
1102 1232 1401 1286 cohaereret
1432 1245 1525 1300 per
1556 1230 1863 1300 legitimum
1891 1229 2249 1293 connubium,
2302 1239 2364 1285 ut
2469 1228 2686 1284 duobus
2733 1242 2981 1287 vocatam
3040 1235 3356 1291 nominibus
3418 1236 3810 1306 intelligimus;
3844 1252 4041 1306 nempe

796 1334 921 1377 ante
974 1331 1060 1377 est
1114 1338 1143 1376 a
1208 1323 1363 1377 nobis
1420 1323 1752 1391 explicatum
1804 1339 1818 1376 :
1860 1322 1981 1385 hoc,
2008 1321 2135 1391 quia
2186 1332 2363 1377 mater
2469 1318 2580 1375 Itto
2614 1322 2740 1393 (hoc
2769 1332 2871 1386 est,
2927 1325 3217 1381 mulierem
3265 1328 3380 1382 sive
3423 1329 3673 1392 uxorem)
3706 1338 3759 1381 et
3807 1325 3974 1380 Evam
4018 1345 4032 1381 :

794 1422 940 1468 esset
969 1413 1147 1468 futura
1193 1413 1370 1468 omnis
1409 1414 1663 1468 viventis.
1714 1415 1828 1466 Aut
1868 1414 1968 1466 hoc
2000 1414 2121 1467 loco
2165 1428 2360 1467 nomen
2468 1428 2700 1482 quorum
2762 1411 2914 1482 illud‘,
2972 1419 3039 1472 ad
3074 1418 3382 1473 universam
3434 1418 3761 1475 feminarum
3796 1422 4035 1485 speciem

798 1507 921 1563 Evze
952 1510 1052 1579 ipsi
1086 1525 1204 1563 eam
1240 1511 1310 1563 ob
1339 1524 1563 1565 causam
1620 1509 1812 1563 indidit
1844 1519 2136 1579 postquam
2182 1524 2211 1562 a
2254 1507 2361 1562 Deo
2469 1507 2949 1585 accommodatur;
2998 1508 3122 1574 hoc,
3188 1510 3348 1565 unius
3380 1524 3624 1579 persona:
3685 1511 3897 1580 propria
3953 1521 4042 1565 est

798 1599 1049 1668 prolapsa
1077 1599 1448 1669 damnataque
1476 1614 1567 1669 per
1601 1600 2089 1654 sententiamesset
2118 1599 2359 1653 dolorum
2469 1595 2777 1663 appellatio.
2844 1598 2912 1653 Et
2964 1598 3087 1664 fecit
3146 1598 3398 1653 Dominus
3455 1594 3590 1654 Deus
3626 1601 3825 1654 Adamn
3882 1613 4042 1670 atque

798 1692 850 1743 in
884 1699 1037 1759 partu
1079 1690 1450 1754 ferendorum,
1486 1700 1580 1745 aut
1616 1691 1852 1761 denique
1890 1700 2174 1762 postquam
2203 1689 2360 1759 ejecti
2469 1688 2622 1740 uxori
2675 1688 2838 1756 ipsius
2887 1694 3096 1745 tunicas
3151 1691 3393 1761 pelliceas
3427 1732 3441 1757 ,
3491 1705 3539 1747 et
3597 1694 3797 1747 vestivit
3856 1695 4035 1762 ipsos.

797 1791 923 1834 sunt
962 1781 1123 1835 ambo
1152 1798 1180 1836 e
1212 1780 1486 1850 paradiso,
1528 1780 1691 1835 Evam
1739 1781 2007 1850 appellare
2045 1785 2208 1849 coepit
2231 1779 2356 1848 quia
2459 1778 2718 1857 ‘Quinque
2744 1789 3013 1850 suntquae
3043 1797 3101 1839 se
3134 1783 3221 1837 hic
3243 1783 3401 1838 nobis
3427 1786 3739 1852 explicanda
3769 1786 4042 1841 offerunt:

799 1870 1092 1923 viventium
1136 1880 1363 1925 matrem
1402 1871 1627 1926 videret.
1662 1869 1783 1926 Jam
1814 1887 1943 1926 vero
1973 1871 2017 1925 si
2051 1870 2133 1925 vel
2178 1872 2356 1940 primo
2386 1870 2434 1930 B
2463 1886 2658 1941 nempe
2693 1888 2791 1928 cur
2839 1873 3083 1929 induerit
3116 1873 3258 1929 Deus
3292 1875 3557 1929 Adamum
3592 1888 3643 1946 et
3676 1876 3856 1940 Evam,
3894 1877 4038 1930 tuni-

799 1963 880 2017 vel
912 1974 1183 2031 postremo
1210 1974 1451 2033 tempore
1472 1963 1575 2018 hoc
1608 1978 1802 2018 nomen
1838 1964 1907 2017 ab
1939 1963 2147 2017 Adamo
2180 1962 2367 2017 datum
2467 1977 2583 2029 tas,
2609 1964 2805 2020 deinde
2833 1968 3022 2035 quales
3045 1964 3247 2043 fuerint
3271 1968 3351 2021 hae
3379 1968 3592 2030 tunicae;
3628 1968 3863 2030 tertium,
3895 1969 4043 2023 unde

798 2065 880 2108 est
912 2055 1085 2117 uxori,
1126 2057 1365 2125 neglecta
1414 2063 1497 2110 est
1530 2070 1561 2109 a
1591 2054 1738 2110 Mose
1779 2056 2040 2123 temporis
2073 2056 2243 2119 ratio;
2283 2055 2367 2109 sin
2466 2064 2831 2125 comparatae;
2856 2066 3126 2125 quartum.
3157 2073 3255 2113 cur
3284 2058 3391 2112 sint
3412 2060 3692 2127 appellata:
3717 2058 4041 2122 Chutim'tte;

800 2146 999 2210 medio,
1053 2158 1301 2201 accurate
1355 2148 1641 2202 observata
1682 2156 1782 2202 est.
1832 2147 2127 2210 Caeterum,
2179 2148 2367 2202 viven-
2466 2147 2609 2216 quod
2629 2146 2864 2202 idemest
2884 2162 2947 2202 ac
2970 2147 3014 2202 si
3036 2148 3208 2214 dicas,
3231 2148 3534 2216 gossipinas
3562 2149 3676 2203 sive
3714 2150 3924 2218 sylinas
3954 2164 4047 2202 ve-

800 2239 935 2291 tium
966 2239 1225 2302 vocabulo
1257 2238 1345 2293 hic
1394 2238 1496 2293 soli
1552 2238 1798 2293 homines
1850 2255 1955 2292 non
1991 2239 2154 2293 etiam
2207 2240 2367 2294 bruta
2466 2244 2618 2303 stes;
2646 2238 2928 2308 quintum,
2963 2254 3062 2294 cur
3085 2255 3222 2307 opus
3243 2239 3529 2295 habuerint
3558 2250 3726 2305 veste,
3764 2242 4042 2294 mortales.

800 2330 1055 2383 animalia
1100 2330 1498 2401 significantur,
1538 2331 1696 2385 siculi
1731 2331 1840 2385 illic
1867 2346 2081 2400 qucque
2116 2349 2130 2385 :
2172 2331 2367 2400 Eﬁun-
2539 2327 2648 2383 Cur
2678 2329 2815 2384 Dens
2845 2331 3069 2385 vestierit
3099 2332 3295 2399 primos
3329 2334 3690 2401 parentes.,—
3724 2333 3833 2386 Cur
3877 2332 4045 2400 igitur

798 2423 921 2475 dant
973 2425 1218 2491 spiritum
1270 2440 1439 2477 meum
1502 2438 1658 2493 super
1712 2437 1917 2476 onmem
1970 2424 2269 2489 carnem";
2303 2424 2369 2479 de
2470 2421 2593 2477 illos
2631 2406 2828 2477 tunicis
2860 2422 3119 2488 vestiret,
3171 2406 3405 2485 dicimus
3466 2438 3734 2477 summam
3770 2423 3861 2475 Dei
3906 2436 4040 2489 erga

802 2514 1115 2569 hominibus
1148 2516 1301 2578 solis,
1344 2531 1450 2569 non
1488 2516 1553 2571 de
1599 2515 1898 2585 pecudibus
1947 2516 2189 2584 loquitur
2223 2515 2371 2569 Scri-
2450 2514 2617 2582 ipsos
2649 2513 3076 2569 misericordiam
3129 2512 3183 2568 in
3233 2528 3397 2569 causa
3442 2513 3631 2568 fuisse.
3665 2514 3873 2583 Quippe
3915 2528 4045 2566 cum

801 2617 984 2674 plura.
1020 2606 1124 2661 Sed
1153 2607 1296 2661 enim
1332 2606 1614 2662 sciendum
1656 2614 1761 2671 est,
1791 2607 1843 2660 vi
1882 2606 2115 2675 quadam
2149 2606 2369 2661 fatidica
2472 2605 2616 2661 Deus
2675 2606 3006 2676 colloquium
3065 2621 3187 2662 cum
3239 2608 3429 2674 primis
3467 2608 3781 2677 parentibus
3830 2608 4047 2673 longius

802 2706 966 2766 atque
1009 2696 1199 2751 divino
1227 2697 1491 2750 instinctu
1516 2690 1787 2750 Adamuni
1810 2695 2114 2765 appeliasse
2143 2711 2368 2751 uxorem
2474 2697 2715 2761 haberet,
2761 2708 2923 2767 atque
2981 2696 3050 2751 ad
3104 2697 3377 2751 Adamum
3435 2698 3575 2752 inter
3622 2698 3726 2752 alia
3785 2699 3991 2751 diceret
4032 2716 4046 2751 :

802 2803 958 2843 suam
1005 2786 1197 2853 Evam,
1234 2787 1329 2843 sed
1361 2802 1423 2843 ea
1457 2788 1622 2843 verba
1674 2802 1797 2857 qua:
1843 2786 2256 2856 subjiciuntur:
2290 2785 2370 2840 Eo
2474 2789 2606 2853 Quis
2664 2788 2978 2858 signiﬁcavit
3015 2788 3111 2843 tibi
3147 2789 3284 2858 quod
3333 2790 3502 2842 nudus
3560 2790 3743 2842 esses?
3793 2790 4050 2842 similiter

800 2880 940 2950 quod
996 2880 1115 2948 ipsa
1168 2887 1303 2933 esset
1336 2890 1505 2934 mater
1537 2881 1708 2933 omnis
1757 2880 1994 2944 viventis,
2028 2893 2136 2933 non
2178 2876 2371 2933 Adami
2474 2879 2579 2934 alia
2625 2889 2794 2950 atque
2837 2879 2944 2935 alia
2996 2880 3064 2935 ad
3119 2878 3383 2934 feminam
3418 2890 3472 2934 et
3522 2890 3829 2950 serpentem
3870 2882 4045 2933 verba

803 2969 897 3024 sed
933 2968 1098 3025 Mosis
1128 2984 1271 3035 esse,
1304 2968 1428 3025 Eva:
1450 2969 1779 3025 vocabulum
1825 2984 1887 3025 ea
1929 2969 2373 3039 interpretatione
2475 2970 2700 3038 faceret,
2732 2970 2940 3027 interea
2971 2970 3214 3026 arefacta
3245 2985 3310 3025 ea
3341 2972 3538 3040 quibus
3569 2985 3628 3027 se
3678 2972 3752 3025 illi
3784 2980 4053 3027 contexe-

803 3063 1144 3131 eXplicantis.
1187 3062 1295 3118 Sed
1329 3062 1476 3119 dices
1508 3080 1524 3117 :
1556 3062 1664 3118 Cur
1693 3078 1799 3117 non
1837 3060 2061 3132 perinde
2102 3060 2372 3115 Adamum
2475 3072 2618 3129 rant,
2643 3062 2772 3118 folia
2800 3064 3031 3127 ficulnea
3067 3064 3304 3118 defluere
3339 3072 3644 3133 coeperunt.
3680 3064 3816 3119 Cum
3860 3065 4054 3135 itaque

807 3157 1030 3225 scripsit
1078 3156 1253 3212 Moses
1296 3172 1417 3212 esse
1463 3166 1671 3227 patrem
1718 3156 1898 3211 omnis
1932 3155 2185 3219 viventis,
2230 3155 2374 3210 sicut
2480 3155 2670 3209 nudati
2696 3155 2809 3224 jam
2852 3165 2965 3209 tum
3009 3155 3084 3209 illi
3139 3156 3343 3225 pudore
3386 3155 3753 3218 adicerentur,
3789 3170 3897 3209 non
3930 3165 4057 3209 erat

809 3247 971 3300 Evam
1005 3248 1242 3316 prodidit
1280 3263 1401 3303 esse
1463 3250 1730 3302 matrem?
1766 3246 2207 3316 Respondemus,
2244 3246 2374 3314 quia
2402 3232 2445 3291 ο
2481 3256 2909 3327 consentaneum
2941 3247 3141 3301 divina:
3166 3248 3576 3331 misericordiae,
3617 3247 3791 3301 nudos
3822 3262 4055 3315 prorsus

806 3338 914 3401 vir,
947 3337 1074 3391 dum
1130 3353 1243 3391 rem
1277 3353 1400 3393 eum
1452 3338 1680 3392 muliere
1718 3337 1899 3402 habet,
1960 3352 2145 3392 semen
2200 3336 2376 3406 injicit

807 3444 982 3499 neque
1012 3430 1119 3485 vita
1154 3446 1328 3501 neque
1375 3428 1547 3485 forma
1590 3430 1895 3500 praeditum,
1929 3439 1982 3483 at
2011 3429 2235 3495 femina,
2278 3443 2377 3482 ex-

806 3531 1023 3590 ceptum
1050 3523 1204 3589 illud,
1255 3531 1544 3592 postquam
1602 3521 1657 3577 itt
1692 3538 1792 3577 suo
1820 3532 1976 3577 utero
2006 3520 2232 3575 infantis
2262 3517 2377 3573 lor-

809 3628 953 3666 mam
988 3612 1162 3667 induit
1191 3622 1355 3683 atque
1394 3616 1448 3668 in
1477 3615 1772 3669 humanam
1808 3614 2037 3685 ﬁguram
2068 3613 2379 3669 conforma-

810 3715 925 3757 tum
960 3713 1063 3767 est,
1094 3716 1208 3758 tum
1252 3705 1469 3757 demum
1518 3719 1627 3759 non
1663 3704 1823 3774 quale
1855 3706 1936 3757 vir
1967 3704 2251 3773 injecerat,
2284 3701 2380 3757 sed

812 3794 998 3847 vivens
1038 3804 1192 3862 partu
1240 3792 1377 3847 edit.
1407 3791 1597 3847 Merito
1627 3806 1757 3862 ergo
1783 3800 1955 3845 mater
1986 3792 2164 3846 omnis
2196 3790 2383 3845 viven-

810 3887 881 3938 tis
918 3884 1026 3937 Eva
1057 3885 1359 3953 appellatur
1383 3898 1412 3937 a
1445 3882 1616 3938 Mose.
1645 3881 1835 3938 Adhoc
1870 3899 1883 3936 :
1918 3881 2089 3935 Adam
2122 3890 2374 3950 sumptus

813 3977 936 4039 fuit,
970 3993 1094 4030 cum
1126 3986 1270 4032 esset
1296 3977 1471 4045 pulvis
1497 3977 1620 4031 vitae
1653 3992 1848 4046 expers
1875 3990 1939 4030 ac
1970 3973 2166 4030 deinde
2198 3963 2382 4029 divino

811 4078 957 4122 statu
982 4067 1170 4131 vitam,
1206 4067 1559 4136 animamque
1611 4064 1856 4134 accepit;
1889 4066 1997 4119 Eva
2032 4079 2248 4134 quoque
2271 4063 2383 4132 jam

812 4171 926 4216 tum
950 4160 1204 4216 inanimis
1233 4170 1407 4224 costa,
1439 4161 1683 4215 detracta
1712 4158 1813 4212 fuit
1834 4158 2074 4222 Adamo;
2102 4165 2228 4226 post
2253 4170 2385 4211 vero

814 4254 943 4306 dum
995 4268 1026 4306 a
1056 4251 1168 4307 Deo
1198 4236 1644 4315 concinnaretur,
1679 4250 1845 4305 vitam
1886 4257 1967 4329 est
1998 4249 2190 4327 adepta
2222 4258 2386 4323 atque

815 4346 1055 4400 animam
1090 4364 1104 4400 :
1135 4354 1190 4399 at
1242 4344 1500 4400 mortales
1547 4343 1737 4414 reliqui
1777 4343 1889 4398 alio
1915 4342 2075 4397 modo
2120 4341 2385 4395 nascituri

813 4449 995 4503 erant,
1028 4452 1220 4507 nempe
1247 4453 1311 4492 ex
1339 4438 1562 4501 femina,
1593 4450 1646 4492 et
1678 4435 1914 4490 absoluti
1940 4435 2201 4489 viventes.
2223 4432 2386 4489 Recte

818 4528 981 4597 igitur
1030 4528 1192 4582 etiam
1231 4527 1300 4581 ob
1346 4527 1487 4582 bane
1530 4542 1643 4581 rem
1671 4535 1862 4580 vocata
1892 4535 1976 4580 est
2028 4526 2138 4580 Eva
2208 4540 2386 4582 mater

2480 3322 2763 3390 eliminare
2789 3337 3066 3405 paradiso.
3103 3322 3387 3392 Miseratus
3415 3352 3544 3407 ergo
3589 3337 3823 3406 ipsorum
3852 3337 4057 3390 condi-

2482 3428 2710 3489 tionem,
2742 3442 2842 3497 pro
2874 3442 2969 3483 sua
2993 3428 3283 3483 clementia
3318 3428 3453 3497 ipsis
3488 3443 3644 3498 opem
3688 3428 3831 3488 tulit,
3860 3427 4060 3482 factis—

2438 3558 2439 3561 η
2481 3534 2587 3589 que
2618 3521 2816 3575 tunicis
2859 3520 3159 3575 nuditatem
3200 3521 3424 3575 velavit.
3454 3520 3721 3575 Praeterea
3756 3520 3923 3573 voluit
3972 3521 4063 3585 ip-

2485 3626 2573 3667 sos
2608 3609 2853 3668 vestibus
2879 3612 3122 3676 indutos,
3168 3627 3199 3666 a
3225 3612 3435 3667 caeteris
3464 3612 3829 3666 animantibus
3871 3612 4063 3664 brutis

2484 3718 2806 3774 segregare;
2840 3703 3077 3779 denique
3120 3702 3424 3757 nuditatem
3466 3716 3563 3756 seu
3592 3701 3833 3755 libidinis
3870 3702 4064 3756 illece-

2486 3796 2641 3851 bram
2670 3796 2882 3866 putavit
2916 3794 3225 3865 tegendam.

2556 3886 2751 3951 Quales
2777 3885 2971 3955 fuerint
3006 3886 3297 3952 primorum
3317 3893 3592 3952 parentum
3620 3897 3877 3937 vestes.—-
3899 3883 4067 3949 Quod

2486 3991 2615 4033 vero
2645 3977 2710 4032 ad
2742 3977 2891 4046 ipsas
2915 3977 3130 4033 tunicas
3163 3978 3386 4042 attinet,
3425 3979 3715 4048 cujusnam
3762 3978 3907 4031 modi
3968 3993 4068 4033 res

2486 4068 2718 4133 fuerint,
2753 4067 3052 4138 Gregorius
3092 4068 3402 4140 Theologus
3429 4071 3667 4138 quodam
3713 4068 3836 4122 loco
3885 4068 4068 4124 fuisse

2486 4158 2563 4213 ait
2594 4160 2829 4213 cortices
2870 4160 3150 4225 arborum,
3197 4175 3305 4229 quo
3337 4160 3469 4229 ipsis
3528 4158 3671 4214 Deus
3711 4160 3762 4211 in
3817 4170 4067 4213 mentem

2487 4248 2698 4303 miserit
2724 4264 2821 4304 ceu
2848 4248 3074 4305 idoneos
3104 4264 3171 4304 ex
3200 4251 3401 4319 quibus
3424 4249 3528 4304 sibi
3564 4251 3731 4303 vestis
3762 4249 4067 4317 quamdam

2486 4340 2714 4398 formam
2748 4351 3015 4412 aptarent,
3041 4357 3180 4413 eque
3209 4357 3273 4398 ea
3313 4343 3621 4407 amicirent,
3664 4342 3805 4396 sicut
3836 4353 3965 4396 ante
3996 4358 4071 4397 ex

2490 4432 2639 4491 foliis
2677 4434 2926 4489 ﬁculneis
2957 4434 3201 4490 fecerant
3233 4434 3590 4502 subligacula.
3629 4434 3697 4486 At
3723 4434 3888 4494 idem,
3932 4446 4074 4485 ora-

2490 4524 2637 4599 tione
2666 4539 2827 4593 quam
2873 4524 3097 4595 scripsit
3124 4523 3193 4577 de
3224 4522 3509 4577 Natalibus
3539 4522 3769 4584 Christi,
3799 4523 3935 4576 dicit
3966 4539 4073 4577 eas

817 4595 995 4672 omnis
1024 4615 1273 4673 viventis.
1308 4614 1413 4670 Sed
1447 4624 1502 4671 et
1528 4616 1632 4670 hoc
1662 4615 1831 4685 quaeri
1866 4624 2039 4685 p0test
2076 4636 2090 4673 :
2122 4618 2382 4685 Adatnus,
2416 4595 2460 4651 Ῐ)
2492 4595 2706 4671 tunicas
2737 4615 2907 4671 fuisse
2951 4629 3174 4670 carnem
3218 4614 3571 4679 crassiorem,
3614 4614 4075 4683 ignavioremque

819 4707 1040 4775 quando
1084 4716 1260 4760 morte
1293 4706 1609 4760 damnatum
1662 4720 1719 4760 se
1758 4720 1786 4758 a
1838 4705 1949 4759 Deo
1996 4721 2119 4761 esse
2166 4708 2392 4762 moritu-

822 4812 1053 4866 rnmque
1086 4797 1434 4867 intelligebat,
1484 4812 1583 4851 cur
1615 4806 1847 4867 augusto
1878 4807 1931 4851 et
1981 4797 2122 4853 felici
2159 4798 2251 4853 illo
2286 4813 2387 4853 no-

824 4889 970 4944 mine
1023 4904 1247 4943 uxoretn
1294 4889 1522 4953 vocarit,
1560 4904 1670 4958 quo
1726 4898 1898 4944 mater
1946 4890 2126 4945 omnis
2169 4892 2396 4947 viventis

826 4980 1006 5035 futura
1040 4979 1493 5050 significabatur,
1534 4981 1677 5050 quod
1716 4982 1876 5051 plane
1923 4981 2118 5036 divinae
2161 4982 2237 5037 illi
2263 4998 2393 5038 sen-

825 5074 1004 5127 tentia:
1039 5073 1322 5128 adversum
1371 5088 1493 5129 esse
1537 5074 1704 5128 videri
1746 5074 1994 5144 poterat?
2047 5074 2127 5128 Ad
2162 5074 2276 5130 haec
2305 5076 2391 5129 di-

825 5162 1034 5225 cimus,
1098 5163 1366 5218 Adamum
1428 5163 1574 5218 illam
1646 5164 1931 5221 adversum
2000 5179 2057 5220 se
2122 5165 2385 5234 prolatam

827 5259 1019 5308 mortis
1050 5255 1372 5310 sententiam
1406 5256 1684 5327 accepisse
1718 5256 1937 5326 quidem
1970 5272 2065 5326 per
2116 5265 2245 5311 uota
2296 5271 2390 5310 ac-

829 5348 1103 5401 cusatoria
1150 5348 1255 5403 sibi
1301 5349 1505 5412 inusta,
1549 5349 1642 5404 sed
1692 5349 1896 5405 interea
1946 5348 2114 5403 Deum
2149 5362 2247 5418 pro
2296 5362 2394 5402 sua

833 5438 1203 5494 misericordia
1232 5439 1287 5494 in
1317 5440 1424 5495 illis
1456 5448 1691 5496 mentem
1721 5455 1843 5495 eam
1881 5438 2144 5494 indidisse
2183 5436 2394 5507 Opinio-

835 5546 959 5585 nem
992 5541 1050 5585 ut
1073 5532 1185 5602 jam
1221 5543 1336 5587 tum
1373 5533 1712 5590 existimaret
1765 5548 1937 5604 genus
1988 5535 2285 5589 humanum
2341 5532 2394 5584 in

834 5625 945 5678 vita
1012 5638 1435 5694 permansurqu
1484 5641 1608 5685 esse
1660 5640 1824 5697 super
1866 5635 2100 5694 terram,
2151 5638 2400 5697 procrea-

902 5808 949 5844 ”
997 5809 1111 5868 Jnel
1171 5827 1229 5875 ιι,
1260 5812 1348 5866 28.

2492 4723 2597 4777 qua
2652 4722 2843 4762 sumus
2901 4706 3163 4761 contecti.
3216 4704 3515 4775 Gregorius
3571 4717 3697 4757 vero
3758 4700 4073 4772 Nyssamus

2492 4798 2705 4864 scribit,
2737 4799 2950 4853 tunicas
2985 4812 3079 4851 eas
3116 4797 3286 4850 fuisse
3317 4795 3633 4867 libidinem;
3667 4796 3893 4858 coitum,
3926 4810 4077 4848 con-

2493 4900 2732 4959 ceptum,
2773 4896 3010 4957 partum,
3043 4886 3421 4941 educationem
3473 4899 3577 4953 qua
3616 4883 3923 4936 minutatim
3971 4900 4077 4937 au-

2493 4982 2791 5053 gescimus,
2824 4981 3166 5043 alimentum,
3197 4977 3476 5041 morbum,
3509 4976 3866 5040 iracundiam,
3921 4992 4082 5032 mor-

2498 5087 2606 5131 tem
2646 5074 2910 5139 denique;
2943 5072 3027 5127 his
3052 5072 3199 5125 enim
3226 5070 3482 5125 omnibus
3511 5069 3668 5122 malis
3698 5068 3817 5122 illos
3842 5069 4082 5125 indutus

2497 5181 2618 5222 esse
2645 5166 2807 5221 simul
2841 5174 3006 5234 atque
3028 5162 3187 5217 donis
3235 5160 3471 5231 Spiritus
3498 5159 3671 5213 sancti
3716 5167 3842 5211 sunt
3869 5172 4086 5225 exspo-

2502 5259 2637 5312 liati.
2662 5256 2800 5311 Huic
2830 5255 3163 5309 l‘biloxenus
3205 5252 3550 5322 Mabugensis
3599 5249 3709 5302 fere
3748 5249 4083 5309 subscribit.

2502 5349 2631 5403 dum
2664 5348 2738 5401 ait
2767 5362 2863 5402 eas
2911 5348 3125 5401 tunicas
3162 5345 3333 5401 fuisse
3385 5359 3546 5399 curas
3572 5384 3587 5408 ,
3625 5342 4043 5410 corruptionem
4070 5388 4084 5403 .

2503 5434 2745 5499 morbos,
2781 5434 3021 5497 dolores,
3053 5435 3374 5497 anxietates,
3399 5442 3637 5497 metum;
3671 5440 3725 5484 et
3751 5431 3802 5483 in
3831 5446 4089 5491 surmna.

2501 5542 2843 5598 quzrcunque
2875 5526 3067 5597 primis
3097 5526 3415 5597 parentibus
3447 5534 3569 5596 pust
3608 5525 3860 5578 violatam
3898 5522 4087 5590 legem

2505 5620 2842 5686 acciderunt,
2869 5634 2992 5677 cum
3024 5629 3149 5675 ante
3184 5619 3248 5675 iis
3283 5635 3389 5674 non
3422 5616 3653 5673 fuissent
3684 5614 3931 5679 obnoxii,
3963 5626 4020 5669 et
4057 5635 4087 5664 ;ι
