4202 6430
133 447 225 514 573

1244 447 1342 506 DE
1385 443 1785 504 FAliADlSO.
1827 465 1886 477 -
1937 445 2125 501 PARS
2173 445 2212 502 Ι.

3246 445 3308 506 57
3325 443 3349 505 ί

133 560 320 624 quibus
358 572 461 612 nos
515 573 732 626 quoque
795 565 915 627 post
973 558 1423 612 resurrectionem
1481 558 1688 610 erimus
1724 560 1762 616 Α
1795 554 1894 606 bus
1928 555 2142 607 tt'xi‘udi
2177 565 2370 606 aztcni.
2413 552 2483 606 De
2534 563 2730 620 quarto
2770 553 3026 618 dicimus,
3056 571 3146 610 eas
3186 569 3360 611 veste:

132 654 400 704 immunes
428 651 668 719 :quippe
710 666 802 718 per
826 653 922 702 has
955 651 1167 703 tunicas
1197 649 1489 719 signiﬁcari
1525 647 1698 700 maxi-

134 755 266 791 mam
307 741 455 792 illam
495 741 850 793 mutationem
890 755 1011 808 qua!
1050 741 1262 793 illorum
1287 740 1466 793 evenit
1498 754 1694 807 corpo-

133 833 278 885 ribus
339 845 458 901 pos'.
510 832 806 885 admissum
864 843 1164 900 peccatum.
1219 832 1287 884 At
1342 831 1695 894 Athanasius,

136 923 380 976 oratione
423 923 492 977 de
544 935 729 988 cruce,
762 931 815 976 et
850 925 1108 979 dominus
1141 916 1371 991 Ephrem
1403 923 1492 975 ubi
1555 923 1699 975 hunc

134 1019 302 1067 locum
337 1015 744 1084 interpretatur,
792 1015 945 1067 aiunt
977 1016 1074 1067 has
1106 1015 1314 1067 tunicas
1339 1030 1400 1067 ex
1443 1013 1692 1067 animau-

134 1107 260 1158 tium
287 1107 522 1173 pellibus
571 1091 852 1158 confectas
898 1104 1090 1159 fuissr.
1141 1104 1389 1173 Denique
1442 1106 1698 1158 dominus

131 1195 364 1248 larobus
417 1193 744 1262 Sarugi-nsis
792 1195 921 1247 dicit
991 1194 1154 1247 vestis
1205 1194 1476 1262 quoddam
1530 1209 1699 1262 genus

134 1287 319 1347 fuisse,
356 1287 498 1354 quod
548 1287 674 1354 quia
711 1295 855 1338 tactu
889 1301 1137 1338 crassum
1186 1289 1522 1354 densumque
1559 1293 1695 1348 erat,

132 1378 326 1428 tunicae
362 1374 598 1443 p-‘llicete
651 1377 812 1447 fuerit
852 1378 1205 1445 appeliatum.

201 1467 356 1520 Unde
399 1454 676 1534 sumpserit
721 1467 856 1520 Deus
882 1469 1172 1533 primorum
1204 1477 1481 1535 parentum
1512 1477 1696 1520 restes.

131 1589 188 1598 —
215 1559 290 1610 De
320 1561 508 1621 tertio,
544 1563 684 1614 unde
716 1561 916 1612 fuerint
951 1560 1148 1613 tunicae
1198 1561 1302 1614 illa:
1350 1567 1698 1627 comparatae,
1735 1613 1739 1622 ,

133 1648 429 1716 Gregorius
468 1629 794 1715 ΤΙιιιοΓοςςιις,
844 1660 897 1702 et
924 1665 1048 1703 cum
1091 1665 1157 1703 eu
1189 1651 1280 1704 alii
1315 1651 1404 1717 qui
1441 1650 1698 1702 arborum
1735 1651 1746 1662 ‘

133 1743 360 1792 cortices
401 1738 570 1792 fuisse
628 1740 853 1805 volunt;
890 1741 1115 1794 arbores
1169 1735 1506 1808 de‘glubiisse
1558 1737 1704 1792 Atla-

133 1848 273 1883 mum
307 1841 364 1883 et
394 1829 554 1882 Exam
593 1831 780 1884 dicunt
815 1849 828 1884 :
864 1841 1118 1884 catterum
1146 1830 1351 1887 Moscm
1385 1832 1505 1885 ideo
1529 1829 1698 1884 factas

132 1939 240 1976 esse
268 1938 301 1974 a
335 1921 448 1977 Deo
475 1923 680 1986 dicere,
705 1923 828 1989 quia
863 1923 947 1975 hic
973 1923 1080 1976 illis
1119 1925 1170 1976 in
1205 1933 1439 1976 mentem
1475 1923 1698 1978 immisit

134 2107 426 2176 Nyssmtitts
455 2118 507 2161 et
538 2107 872 2162 Philoxenus
893 2148 908 2170 ,
941 2123 1173 2176 quorum
1229 2107 1560 2161 sententiam
1593 2122 1700 2159 nu-

133 2215 212 2267 p-r
249 2202 648 2262 recitavimus,
702 2201 854 2252 aiunt
905 2213 967 2251 ea
1017 2199 1157 2251 mala
1209 2199 1414 2265 primos
1446 2207 1697 2266 parentes

132 2296 273 2356 {quia
330 2292 562 2360 peccali,
626 2306 655 2342 a
714 2290 820 2343 Deo
852 2289 1100 2342 damnati
1127 2289 1332 2356 essent)
1397 2290 1699 2354 invasisse;

133 2383 296 2451 idque
353 2398 478 2436 esse
533 2381 677 2451 quod
714 2379 908 2435 Moses
958 2381 1168 2445 scribit,
1231 2382 1394 2435 Deum
1462 2381 1703 2435 induisse

133 2476 241 2528 illus
265 2493 366 2528 eas
403 2477 636 2527 tunicas.
675 2473 918 2542 Denique
953 2475 1292 2528 Athanasius
1347 2483 1401 2527 et
1437 2474 1701 2528 dominus

132 2567 397 2635 Ephrem,
439 2568 534 2637 qui
568 2565 888 2620 animalium
942 2566 1111 2635 p--lles
1170 2567 1338 2621 fuisse
1389 2557 1699 2630 autumant,

130 2659 334 2720 dicunt,
385 2658 639 2711 mactatis
679 2671 773 2711 eas
822 2655 1118 2724 pecudibus
1149 2640 1452 2711 detraxisse
1496 2642 1702 2726 primos

131 2761 385 2818 parentes
444 2758 611 2817 atque
655 2749 1012 2804 concinnasse
1062 2750 1115 2804 in
1159 2757 1364 2803 vestem
1399 2748 1490 2802 Dei
1547 2738 1702 2804 nutu.

131 2841 414 2894 Postremo
438 2839 691 2894 dominus
723 2837 961 2894 lacubus
992 2837 1322 2909 Sarugensis
1349 2839 1501 2910 dicit,
1533 2839 1700 2893 Deum

131 2949 185 2986 ea
214 2934 541 2986 indumenta
583 2948 648 2984 ex
699 2933 870 2985 nihilo
901 2933 1199 2996 creavisse'.
1245 2933 1724 3005 Scribit'enim‘in.

131 3028 236 3079 ha-e
285 3026 452 3077 verba
488 3023 819 3077 :Contexuit
850 3025 1061 3079 tunicas
1087 3039 1153 3078 ex
1190 3025 1380 3084 nihilo,
1407 3035 1460 3079 et
1485 3024 1700 3079 vestivit

129 3120 289 3182 ipsos.
320 3118 385 3169 Et
413 3112 820 3180 rm-sus':Quia,
848 3118 1043 3185 inquit,
1071 3118 1227 3170 tactu‘
1247 3117 1409 3170 rudes
1431 3128 1483 3172 et
1507 3133 1704 3172 crassa:

127 3221 297 3268 erant,
342 3208 639 3297 appellavit
671 3208 864 3275 pelles;
904 3215 1136 3261 attexuit
1176 3217 1356 3288 autem
1393 3209 1538 3277 ipsas
1565 3224 1701 3277 pan-
1728 3248 1774 3308 ρ

128 3302 271 3354 latim
310 3285 642 3368 corporibus
677 3301 938 3368 ipsorum,
974 3316 1075 3352 suo
1122 3285 1445 3366 iiutuatque
1476 3301 1544 3352 ita
1573 3298 1700 3352 dum

127 3409 226 3444 non
276 3393 534 3445 sentient
577 3391 878 3443 induuntur
925 3390 1146 3458 tunicis,
1182 3392 1275 3444 sed
1327 3397 1419 3444 ezt's
1452 3390 1562 3457 jam
1598 3383 1703 3441 “ve-

127 3482 229 3533 stiti
268 3482 464 3532 vident
526 3479 764 3531 tandem.
824 3477 993 3532 Porro
1047 3495 1147 3553 nos
1200 3495 1323 3532 cum
1374 3481 1704 3543 ‘Atlianasio,

127 3584 286 3640 atque
326 3571 560 3623 domino
601 3569 834 3638 Ephrem
866 3586 1154 3624 censemus
1187 3561 1502 3624 animalium
1539 3553 1728 3640 pelles,

128 3666 316 3717 luisse.
362 3665 422 3716 Si
461 3677 588 3714 vero
621 3663 669 3714 id
724 3663 1048 3741 redarguere
1101 3664 1223 3731 quis
1281 3671 1530 3728 conetur,
1580 3663 1713 3731 quia.

129 3758 342 3810 nullum
380 3757 591 3807 animal
645 3755 877 3822 iugulari
938 3755 1116 3808 adhuc
1149 3747 1404 3824 potui-rit,
1434 3756 1649 3823 quando
1679 3771 1709 3816 _e

123 3850 359 3917 singulis
392 3848 689 3915 generibus
747 3861 842 3914 par
888 3845 1105 3899 unicum
1161 3829 1440 3900 conditum
1502 3846 1704 3909 fuerat,

125 3956 300 4008 coque
334 3941 464 3992 sine
513 3938 728 4004 generis
761 3938 923 3992 unius
959 3924 1184 3992 interitu
1241 3939 1444 3991 nullum
1509 3939 1709 3991 animal

126 4041 436 4083 mactatum
484 4026 711 4092 luisset;
751 4044 1009 4097 negamus
1040 4030 1261 4082 unicum
1307 4031 1570 4083 duntaxat
1616 4047 1711 4100 par

129 4122 180 4174 in
215 4117 565 4176 animalium
608 4122 899 4188 generibus
947 4121 1178 4188 singulis
1230 4121 1398 4194 fuisse
1434 4122 1710 4187 ell‘cctuni,

124 4231 300 4283 neque
329 4215 488 4268 enim
526 4213 628 4266 hoc
667 4215 840 4267 sacris
873 4213 1090 4267 Litteris
1120 4217 1387 4282 proditum
1408 4224 1508 4269 cst.
1532 4215 1715 4269 Enim-

125 4322 250 4360 vero
298 4308 453 4360 Deus
481 4306 572 4373 qui
622 4305 869 4374 permisit
903 4307 1098 4360 Adami
1131 4307 1361 4360 arbitrio
1399 4316 1457 4362 ut
1491 4323 1715 4375 peccare

126 4395 340 4466 ροὶςρι,
399 4411 651 4466 opusque
708 4398 928 4450 haberet
1001 4398 1322 4452 indumento
1356 4437 1373 4464 ,
1441 4406 1716 4473 creaverat

124 4494 424 4559 complura
457 4489 711 4542 animalia
740 4505 755 4554 ;
789 4504 1020 4558 cumque
1060 4491 1152 4543 ille
1187 4489 1384 4542 violata
1438 4490 1554 4564 lege
1587 4480 1712 4559 pec-

1733 1889 1773 1943 Β

134 2030 181 2068 ut
218 2017 487 2069 arborum
544 2017 841 2069 corticibus
883 2028 944 2069 se
977 2014 1265 2070 vestirent.
1305 2014 1372 2068 At
1402 2015 1733 2089 Gregorius”

1801 646 2097 713 appellatas
2129 661 2251 697 esse
2278 660 2304 696 a
2341 644 2504 703 llose,
2537 644 2820 696 chutiuitas
2856 645 2992 708 (9.6),
3037 648 3160 715 quia
3191 649 3361 716 ipsius

1800 745 1979 796 aetate,
2015 735 2114 786 hoc
2156 735 2418 786 voi'abulo
2463 735 2742 788 hominum
2798 735 3033 788 amicula
3087 737 3362 804 signiﬁca-

1803 830 2025 890 bantur,
2045 829 2118 880 ἰιι
2169 827 2349 878 videre
2378 837 2462 880 est
2512 828 2575 880 de
2613 836 2766 880 veste
2799 823 2926 886 Job,
2961 827 3185 895 .losepb,
3219 829 3364 882 Than

1810 932 1949 978 mar,
1976 915 2223 983 denique.
2245 914 2451 968 Domini
2488 915 2657 969 nostri
2693 915 2820 969 Jesu
2848 916 3085 981 Christi;
3122 935 3255 973 usus
3281 929 3364 971 est

1803 1007 2081 1074 igitursui
2117 1006 2302 1059 surculi
2347 1005 2610 1058 vocabulo
2641 1005 2837 1060 Moses.
2873 1007 3134 1071 Quintum
3167 1024 3230 1060 ac
3263 1025 3362 1077 po-

1804 1110 2066 1153 strcmum
2112 1109 2247 1160 erat,
2295 1114 2392 1153 cur
2422 1105 2559 1167 opus
2613 1099 2775 1153 fuerit
2828 1100 3149 1154 mortalibus
3185 1112 3358 1161 veste,

1803 1192 1894 1246 hic
1921 1191 2178 1253 dicimus,
2210 1199 2268 1243 ut
2298 1192 2613 1260 augustiore
2649 1201 2812 1258 atque
2856 1191 3186 1258 elegantiore
3215 1192 3361 1246 cultu

1801 1292 2003 1344 essent,
2031 1299 2204 1352 eoque
2231 1300 2260 1338 a
2292 1285 2464 1338 brutis
2503 1286 2875 1340 animantibus
2898 1261 3212 1352 diﬂ‘er’rent;
3248 1299 3362 1340 tum

1801 1376 2056 1434 etiamnt
2077 1377 2269 1428 armati
2300 1385 2484 1430 essent
2513 1376 2775 1430 adversus
2808 1378 3107 1446 frigora,et
3133 1389 3360 1440 aestum;

1803 1467 2012 1529 adbtrc,
2073 1476 2129 1520 ut
2182 1467 2413 1520 laterent
2468 1466 2710 1520 libidinis
2770 1469 3132 1522 irritamenta.
3170 1467 3234 1520 Et
3292 1471 3369 1522 ait

1805 1559 2228 1612 Dominus'Deus
2265 1577 2278 1612 :
2310 1557 2388 1611 En
2428 1555 2597 1612 Ad‘am
2629 1559 2802 1626 factus
2828 1569 2902 1612 est
2928 1570 2984 1612 ut
3008 1578 3143 1614 unus
3165 1579 3191 1616 ε
3215 1562 3365 1615 nobis

1800 1653 1854 1705 in
1882 1646 2230 1733 cognoscendo
2257 1651 2387 1704 bona
2409 1661 2456 1704 et
2482 1651 2646 1705 malo.
2673 1649 3039 1719 Contemptim
3076 1663 3130 1706 et
3163 1653 3370 1708 ironice

1802 1743 1916 1796 haec
1947 1758 1978 1795 a
2009 1741 2118 1794 Deo
2142 1742 2399 1795 dicuntur
2425 1742 2491 1796 de
2511 1742 2719 1796 Adamo
2747 1744 2839 1810 qui
2866 1745 3129 1799 daemonis
3161 1744 3369 1800 fallacia

1802 1834 1905 1887 bus
1929 1832 2110 1886 verbis
2156 1833 2473 1906 auscultans
2511 1846 2700 1902 captus
2752 1833 2960 1901 fuerat;
3000 1837 3143 1890 sicut
3206 1836 3369 1890 David

1803 1921 2010 1976 inducit
2041 1920 2206 1974 Dentri
2247 1909 2636 1988 despicientem
2675 1933 2862 1988 gentes
2909 1938 3030 1990 quze
3080 1923 3370 1976 adversum

1806 2029 1869 2070 se
1927 2015 2398 2075 insurrexerant,:
2438 2011 2541 2075 Qui
2572 2013 2736 2074 sedet,
2774 2013 3028 2079 inquiens
3054 2052 3067 2073 ,
3119 2014 3172 2065 in
3226 2013 3371 2066 ca’lis

1801 2105 2076 2169 deridebir,
2099 2113 2148 2156 et
2187 2102 2647 2156 Dominustlludct
2678 2103 2806 2171 ipsis
2831 2103 2899 2155 ".
2940 2102 3074 2156 Nam
3113 2118 3207 2171 per
3249 2103 3371 2155 lllll-

1802 2200 2054 2260 sionem,
2126 2207 2288 2264 atque
2354 2196 2654 2260 deridens,
2724 2196 2799 2248 ait
2837 2195 3108 2250 accidisse
3165 2195 3374 2248 Adamn

1801 2290 2064 2368 quidquid
2100 2286 2328 2342 Satanas
2367 2287 2469 2356 ipsi
2503 2288 2830 2351 promiserat
2860 2305 2872 2341 :
2905 2298 2961 2341 ut
3006 2289 3098 2356 qui
3143 2289 3254 2356 jam
3292 2288 3370 2340 si-

1802 2385 1944 2440 milis
1974 2383 2200 2437 deorum
2234 2381 2473 2448 cuipiam
2516 2379 2700 2434 laetus
2733 2379 2839 2443 sit;
2875 2379 3086 2432 sciliCet
3118 2379 3210 2448 qui
3253 2395 3375 2448 qua:

1803 2480 1945 2556 bona
1987 2473 2236 2546 malaque
2253 2485 2402 2538 sunt,
2425 2477 2640 2543 cognita
2673 2473 2886 2528 habeat.
2912 2472 3181 2526 Caeterum
3217 2488 3377 2527 usur-

1754 2595 1757 2597 ·
1803 2555 2177 2640 patpluralem
2214 2563 2524 2626 numerum,
2555 2576 2607 2616 ut
2652 2581 2787 2642 unus
2820 2581 2845 2618 ε
2878 2555 3063 2628 ὃιοὸἱδ,
3098 2565 3373 2632 inquiens,

1801 2665 1926 2718 sive
1974 2670 2197 2731 propter
2229 2657 2529 2713 Trinitatis
2567 2665 2975 2712 sacrosanctum
3033 2657 3366 2727 mysterium,

1784 2745 1920 2811 lsive
1949 2755 2075 2823 quia
2102 2733 2357 2807 diabolus!
2390 2751 2576 2806 itidem
2615 2750 2810 2819 plurali
2848 2765 3076 2804 numero
3107 2750 3320 2817 dixerat
3351 2761 3365 2798 :

1806 2848 2134 2912 Eritimicut
2159 2846 2265 2912 dii,
2290 2847 2512 2898 scientes
2533 2844 2654 2898 boni
2685 2853 2732 2898 et
2766 2845 2914 2897 ntali.
2953 2829 3187 2897 Possunt
3208 2843 3375 2896 teliam

1807 2937 1922 2994 bteé
1971 2939 2130 2992 verba
2182 2953 2279 3006 pro
2319 2914 2822 3018 eaconsuetudine
2854 2918 2995 2988 dicta
3033 2933 3232 3001 accipi,
3267 2949 3377 2998 qua

1805 3035 1982 3086 solent
2011 3020 2256 3084 homines
2288 3016 2493 3082 domini
2527 3043 2716 3082 servos
2759 3039 2890 3082 Suos
2923 3016 3038 3081 arei
3056 3027 3117 3080 be
3152 3027 3376 3094 alloqui,

1805 3127 1850 3182 si
1889 3123 2111 3195 quando
2129 3132 2484 3192 contumaces
2505 3121 2766 3175 .conlcrrc
2797 3137 2854 3175 se
2885 3136 2980 3190 per
3020 3121 3376 3178 temeritatem

1805 3234 1929 3272 cum
1973 3219 2105 3300 ipsis
2144 3217 2364 3268 audent.
2398 3215 2617 3300 rDicunt
2647 3201 2794 3267 enim
2829 3231 2843 3268 :
2874 3213 2952 3266 En
2979 3213 3089 3280 jam
3124 3211 3252 3263 inibi
3285 3225 3380 3277 par

1806 3307 2050 3381 evasisti‘.
2089 3292 2404 3382 Adversum
2446 3306 2590 3359 enim
2625 3305 2775 3372 jussa
2822 3304 3094 3357 t-lfccttii'is
3152 3303 3233 3384 sui
3286 3301 3377 3354 Dei

1809 3385 2049 3455 Adainus
2084 3402 2306 3460 iecerat,
2343 3398 2731 3467 cupiveratque
2766 3397 2837 3450 illi
2867 3398 3090 3465 :equalis
3125 3395 3376 3473 evadere.

1809 3493 1937 3546 Tale
1968 3495 2128 3547 etiam
2167 3491 2297 3545 illttd
2334 3491 2538 3544 Christi
2564 3500 2647 3543 est
2676 3492 2742 3541 ad
2770 3488 2962 3543 ludam
2998 3491 3368 3557 proiitoretn:

1811 3565 2080 3654 Cujustrei
2107 3601 2267 3637 causa
2293 3585 2496 3646 venisti,
2527 3584 2660 3635 socie
2700 3584 2768 3634 mi
2792 3583 2873 3634 δοῖ)
2906 3583 3131 3633 Possunt
3164 3591 3380 3648 pra-ter-

1811 3677 1953 3731 eain
1992 3677 2133 3748 hanc
2190 3691 2407 3744 quoque
2449 3674 3132 3743 interpretarisententiam
3171 3671 3374 3724 :Adam

1812 3756 2096 3838 postquam
2123 3767 2233 3821 edit
2253 3769 2318 3820 de
2351 3767 2553 3838 arbore
2585 3772 2769 3830 vetita,
2805 3765 2917 3830 ipsa
2941 3765 3013 3817 rei
3043 3762 3375 3829 experientia

1813 3859 2001 3921 didicit
2026 3895 2029 3901 ι
2052 3858 2179 3927 quid
2240 3859 2440 3911 bonum
2473 3865 2616 3912 esset
2647 3867 2700 3911 et
2739 3856 2866 3924 quid
2904 3855 3126 3916 malum,
3155 3853 3297 3907 sicut
3327 3861 3379 3906 et

1817 3950 1958 4004 Deus
2006 3949 2092 4002 illa
2124 3933 2336 4017 cognita
2381 3932 2576 4010 habet;
2640 3933 2746 4000 non
2778 3947 2999 4016 quidem
3037 3947 3122 4000 hic
3159 3959 3251 4013 per
3281 3959 3380 3997 ex-

1817 4040 2160 4110 perientiam,
2207 4039 2299 4093 sed
2344 4047 2399 4090 ut
2432 4037 2477 4092 is
2511 4039 2601 4106 qui
2646 4039 2826 4090 omnia
2858 4037 3045 4100 novit,
3081 4035 3371 4105 prtetcrita,

1815 4132 2122 4203 pra-scotia,
2182 4129 2384 4182 futura.
2435 4129 2675 4184 Adainus
2703 4130 2846 4181 enim
2899 4129 3216 4198 priusquam
3269 4126 3392 4192 lruo‘
3474 4175 3480 4183 ,

1817 4235 1961 4277 etum
1999 4238 2104 4292 quo
2146 4222 2248 4277 sibi
2296 4222 2644 4275 interdictum
2680 4231 2816 4284 erat,
2853 4229 3140 4284 gustasset,
3174 4233 3266 4286 per
3296 4230 3384 4270 soo

1793 4317 1932 4383 .lani
1985 4313 2373 4382 regitationem
2422 4311 2757 4380 intelligebat
2803 4310 2932 4378 quid
2982 4309 3187 4362 bonum
3215 4315 3381 4368 esset,

1819 4407 2055 4476 quidque
2111 4405 2338 4466 malum,
2374 4388 2493 4474 post
2527 4419 2654 4457 vero
2685 4419 2777 4470 per
2814 4403 2984 4470 ipsam
3019 4403 3182 4454 etiam
3217 4387 3384 4471 expe-

1824 4497 2068 4551 rientiam
2096 4514 2108 4548 :
2143 4478 2235 4548 sed
2265 4496 2406 4548 Deus
2435 4495 2782 4548 exactissime
2834 4492 3005 4560 atque'
3034 4492 3224 4544 intime
3256 4504 3378 4566 om-

126 4594 308 4638 casset
364 4585 612 4636 humana
645 4597 702 4634 se
750 4584 931 4650 specie
976 4583 1165 4651 primis
1193 4583 1506 4651 parentibus
1531 4593 1790 4655 ostcn—D
1823 4586 1912 4639 nia
1974 4585 2252 4648 cognoscit
2301 4601 2422 4638 cum
2485 4583 2554 4637 sit
2603 4583 2855 4636 conditor
2896 4583 3225 4648 cllcetorque
3273 4594 3386 4630 om-

121 4678 278 4741 dens,
323 4674 517 4729 induit
554 4676 700 4756 ipsos
723 4675 910 4743 pelles,
952 4676 1070 4728 solo
1102 4675 1220 4746 ejus
1245 4686 1376 4729 nutu
1409 4676 1712 4744 pecudibus

122 4772 452 4833 detractas;
495 4779 657 4835 atque
687 4770 871 4830 verbo,
904 4769 956 4821 in
987 4767 1198 4822 tunicas
1227 4757 1626 4846 conformatas.
1659 4771 1721 4824 Et

127 4877 258 4915 vero
330 4860 603 4914 dominus
662 4857 894 4947 Ephrem
947 4859 1022 4914 ait
1089 4856 1319 4921 fortasse
1366 4878 1554 4915 coram
1614 4862 1720 4916 illis

119 4953 414 5019 ju;ulatas
448 4966 575 5005 esse.
597 4937 854 5032 pecudes,
878 4961 936 5004 ut
970 4967 1158 5005 earum
1189 4967 1382 5007 carnes
1411 4955 1507 5020 ipsi
1543 4969 1721 5008 vesce-
1752 4967 1765 4976 ’

126 5055 342 5103 rentur,
428 5041 710 5108 coriisque
778 5042 1096 5096 nuditatem.
1138 5057 1290 5096 suam
1355 5045 1720 5111 cooperirent,

122 5134 368 5203 denique
403 5147 478 5185 ex
528 5133 767 5200 ipsnrum
801 5146 973 5188 morte
1003 5149 1060 5188 se
1092 5150 1310 5204 quoque
1344 5137 1590 5189 mortalia
1622 5137 1718 5190 ha-

125 5230 244 5279 l-cre
279 5239 537 5294 corpora
570 5224 952 5294 intelligerent.
991 5225 1084 5280 Est
1114 5243 1275 5296 porro
1307 5239 1363 5282 et
1395 5230 1496 5283 hoc
1527 5243 1718 5283 notan-

124 5319 272 5380 dum,
294 5333 436 5370 esse
474 5330 539 5367 ex
573 5315 926 5381 interpretum
960 5333 1186 5372 numero
1202 5322 1293 5386 qui
1315 5321 1481 5385 dicat,
1504 5321 1629 5373 inde
1655 5321 1722 5374 ab

128 5411 341 5462 Adamo
377 5419 434 5460 et
481 5405 588 5459 Eva
628 5418 856 5462 cunetos
901 5411 1159 5464 mortales
1192 5411 1420 5480 pellibus
1469 5413 1720 5466 animan-

128 5515 263 5555 tium
295 5500 548 5555 vestitos
585 5499 754 5552 fuisse
789 5500 856 5553 ad
895 5501 1164 5556 inventam
1199 5519 1369 5572 usque
1395 5506 1462 5558 ab
1488 5505 1721 5560 bomini-

192 5661 236 5690 "
276 5660 438 5717 l'sal.
490 5674 551 5723 ll,
593 5659 682 5713 40.
759 5658 804 5689 ’θ
849 5657 1036 5714 Matth.
1086 5677 1233 5727 xm,
1275 5661 1364 5715 50.

195 5807 310 5873 iit.)
343 5803 482 5871 Syri
525 5814 718 5854 \ocanl
760 5812 1018 5865 Illlilt'itlll,
1060 5804 1365 5862 Litt/mulio,
1403 5805 1715 5861 abllrbm'v
1785 5811 2060 5870 ti:t,..ti)'..lu,
2104 5812 2372 5864 tutaturi/1.

127 5896 242 5932 ruit
275 5875 458 5944 χιιὼν
502 5884 685 5926 ιειιιίιιιι
719 5891 820 5940 ru,
855 5884 904 5925 ul
944 5893 1038 5941 ego
1067 5884 1209 5929 ervit:
1239 5878 1400 5939 cunjti
1423 5896 1491 5930 lt).

1823 4677 1998 4729 nium.
2035 4673 2367 4743 Deniqueila
2405 4689 2696 4742 possumus
2735 4673 3035 4743 intelligere
3069 4671 3213 4722 dicta
3263 4668 3387 4729 ista,

1819 4755 1881 4820 ac
1909 4767 1951 4819 si
1990 4741 2134 4819 Dc‘us
2185 4767 2299 4834 ipse
2348 4775 2567 4818 actuset
2608 4741 3387 4844 voliiiitatein.\arbitriumque

1819 4857 2010 4910 Adami
2032 4852 2486 4931 qtii":il]cc;avciit
2513 4855 2816 4918 Deus‘esse,
2847 4854 2989 4923 quod
3022 4853 3130 4905 llcll
3163 4865 3385 4920 prorsus

1823 4949 2107 5017 nequiret;
2145 4965 2266 5001 nam
2297 4948 2608 5000 tnortalium
2643 4963 2800 4999 nemo
2833 4961 2925 5012 per
2954 4953 3132 4997 tantas
3160 4943 3386 4993 virtutes

1824 5044 1987 5094 vitam
2040 5027 2217 5110 agere.
2242 5051 2442 5110 potest,
2485 5051 2541 5092 ut
2582 5039 2675 5092 Dei
2736 5051 2988 5092 naturain
3038 5043 3383 5101 assequatur.

1819 5132 1935 5186 Erit
1967 5133 2150 5200 itaque
2199 5132 2285 5184 liic
2318 5132 2608 5185 verborum
2645 5131 2837 5197 sensus
2872 5143 2884 5180 :
2930 5127 3005 5179 Eu
3045 5125 3211 5177 Adam
3236 5123 3386 5188 cupi-

1818 5227 1893 5279 vit
1923 5227 2136 5294 quidem
2169 5240 2291 5278 esse
2322 5217 2494 5293 qualis
2519 5240 2659 5277 unus
2689 5233 2957 5280 nostrum,
2990 5233 3173 5270 verum
3206 5230 3380 5282 neque

1820 5318 1995 5370 lactus
2023 5328 2125 5379 est,
2174 5331 2236 5368 ac
2269 5332 2443 5384 neque
2488 5315 2740 5369 etiam'ut
2791 5314 2881 5365 liat
2926 5312 3008 5364 las
3043 5318 3144 5363 est.
3201 5309 3384 5374 Ιιειιμιιι

1823 5411 1951 5464 illud
1994 5428 2008 5465 :
2045 5409 2124 5463 En
2163 5411 2332 5478 factus
2367 5420 2464 5473 cu,
2523 5409 2746 5478 perinde
2792 5411 2894 5462 erit
2929 5421 2992 5459 ac
3044 5405 3086 5458 si
3145 5403 3387 5469 negativa-

1821 5507 1972 5560 dicas
2010 5524 2020 5558 :
2059 5504 2176 5560 Non
2227 5515 2310 5560 est
2337 5505 2510 5559 lactus
2541 5515 2598 5558 ut
2630 5519 2773 5558 unus
2803 5513 3068 5557 nostrum.
3094 5496 3220 5550 Jum
3248 5513 3384 5556 τινι-υ,

2448 5827 2558 5865 sive
2614 5809 2922 5873 buttouct/i,
2961 5824 2989 5862 a
3019 5824 3124 5877 quo
3151 5819 3200 5862 Ct
3233 5807 3349 5858 (ιιιίν
