4202 6430
742 418 847 478 .575

2024 417 2251 479 MOSIS
2288 421 2439 481 ΒΑΗ
2481 425 2723 485 ΟΕΡΗΑ

3890 430 3955 491 57

736 533 984 601 fortassis
1018 531 1265 585 extendat
1298 546 1507 581 manum
1537 547 1685 583 suam
1724 541 1771 584 et
1805 539 1983 583 sumat
2031 532 2094 585 de
2137 532 2325 589 arbore

2444 545 2467 595 εἰ
2498 544 2562 596 ad
2600 546 2846 599 arborem
2887 545 3008 601 vitae
3047 546 3242 600 fuisset
3297 545 3600 606 admissus,
3647 552 3703 597 ut
3734 557 3831 597 nec
3869 545 3996 598 vita:

738 628 859 676 vita:
911 632 959 675 et
987 625 1102 677 edat
1135 640 1195 675 uc
1235 624 1367 674 vivat
1399 623 1453 674 in
1482 632 1753 676 aeternum.
1785 620 1883 676 llic
1911 638 2074 677 causa
2106 624 2313 692 profer-

741 725 849 778 tur,
878 730 978 767 cur
1012 730 1115 768 non
1161 714 1231 766 sil.
1259 714 1482 768 relictus
1512 716 1754 767 Atlamus
1786 714 1837 767 in
1873 716 2131 783 paradiso
2160 728 2312 783 post-

739 822 902 875 quam
932 807 1219 858 adversum
1240 804 1406 873 legem
1444 804 1535 856 Dei
1573 803 1812 865 fecisset.
1846 806 2309 874 deliquissctque;

740 909 932 967 estque
987 898 1077 951 hic
1119 898 1340 950 Collatia
1376 896 1586 948 arboris
1611 897 1732 949 vitae
1760 912 1881 950 cum
1917 897 2107 950 arbore
2135 898 2314 950 Scien-

742 992 869 1055 tiaa;
915 989 1068 1057 quasi
1124 988 1271 1041 dicat
1325 987 1465 1039 Deus
1502 1004 1517 1039 :
1556 986 1707 1040 Sicut
1742 988 2020 1055 protendit
2062 1004 2313 1052 manum,

742 1080 1089 1148 sumpsitque
1125 1080 1191 1132 de
1232 1079 1424 1131 arbore
1454 1078 1694 1131 scicntia:
1719 1087 1771 1130 et
1799 1081 2057 1138 comedit,
2095 1096 2198 1148 qua
2231 1080 2316 1133 in-

745 1171 1073 1225 terdixeram
1107 1172 1174 1230 ei.
1205 1179 1563 1238 protensurus
1584 1179 1665 1222 est
1688 1185 1931 1235 manum,
1957 1182 2312 1241 sumpturus-

742 1279 851 1332 que
881 1263 1043 1316 etiam
1074 1262 1139 1315 de
1172 1266 1372 1315 arbore
1395 1262 1515 1315 vita:
1545 1272 1705 1330 atque
1740 1277 1960 1327 esurus,
1998 1278 2062 1316 ac
2092 1264 2316 1332 proinde

746 1354 996 1407 victurus
1038 1354 1090 1405 in
1126 1362 1447 1422 perpetuum
1482 1355 1526 1406 si
1563 1354 1616 1405 in
1648 1355 1899 1421 paradiso
1945 1356 2308 1426 relinquatur.

743 1444 877 1498 Nam
914 1445 958 1499 si
994 1446 1215 1497 vetitam
1262 1447 1510 1497 arborem
1562 1453 1807 1513 tangere,
1846 1447 2100 1514 vescique
2149 1462 2315 1502 ausus

746 1549 852 1602 est,
886 1546 1090 1602 quanto
1129 1536 1301 1603 magis
1342 1551 1450 1588 non
1486 1536 1707 1589 vetitam
1749 1537 2086 1605 contingere,
2133 1537 2320 1591 edere-

744 1643 849 1697 que
873 1628 1131 1681 audebit?
1161 1626 1329 1679 Porro
1363 1628 1491 1680 illud
1528 1646 1541 1680 :
1579 1625 1659 1678 Ne
1694 1628 1964 1695 fortassis,
2019 1644 2127 1681 non
2165 1629 2315 1682 acci-

746 1722 1002 1791 piendum
1037 1730 1119 1774 est
1160 1721 1316 1789 quasi
1348 1720 1509 1773 dubie
1540 1718 1749 1772 dictum
1782 1734 1810 1773 a
1845 1719 1953 1773 Deo
1976 1735 2136 1789 quem
2183 1720 2319 1773 nihil

748 1813 993 1865 oumium
1028 1811 1180 1875 latet,
1215 1811 1255 1864 si
1270 1826 1326 1863 re
1360 1809 1714 1878 praeteritum,
1750 1813 1863 1864 sive
1904 1826 2169 1878 przesens,
2202 1812 2316 1864 sive

2390 626 2485 697 ,ita
2551 649 2723 699 neque
2779 636 3027 689 dolorum
3082 650 3556 703 aerumnarumque
3614 634 3814 702 quibus
3871 634 3994 688 haec

2413 722 2606 777 fuisset
2633 726 2809 793 plena,
2831 742 3064 795 unquam
3088 728 3245 780 finem
3278 736 3565 779 assecutus
3598 724 3791 779 fuisset
3819 744 3833 789 ;
3862 725 3978 791 jam

2418 816 2563 866 enim
2610 818 3053 882 pronuntiaverat
3087 817 3250 879 Deus,
3280 832 3404 871 cum
3435 815 3713 869 doloribus
3741 818 3992 867 anxieta-

2413 898 2666 967 tibusque
2727 901 2876 953 illum
2913 902 3181 954 victurum
3226 942 3240 954 .
3279 916 3447 969 quare
3482 900 3526 953 si
3562 910 3760 953 aeterna
3802 898 4000 951 fuisset

2413 1005 2474 1042 ea
2518 992 2646 1049 vita.
2690 990 2922 1045 fuissent
2950 1002 3003 1045 ct
3052 993 3285 1045 miseriae
3319 992 3675 1045 immortales.
3728 991 3997 1044 Praeterea

2416 1080 2537 1133 ideo
2574 1081 2735 1133 etiam
2784 1081 2853 1134 ab
2881 1082 3079 1136 arbore
3113 1083 3237 1135 vita:
3270 1084 3420 1134 illum
3475 1081 3715 1135 coercuit
3781 1097 3847 1134 ne
3893 1082 4000 1133 im-

2414 1173 2792 1225 mortalitatem
2830 1173 3077 1242 adeptus,
3104 1189 3196 1242 per
3223 1172 3598 1227 confidentiam
3623 1175 3848 1241 agitaret
3878 1190 4001 1227 om-

2416 1278 2537 1314 nem
2576 1263 2759 1327 vitam,
2789 1266 2880 1317 sed
2911 1266 3152 1317 animum
3180 1266 3244 1317 ad
3280 1265 3656 1333 paenitentiam
3691 1264 3997 1327 induceret,

2418 1352 2669 1421 hancque
2717 1369 2904 1405 curam
2942 1353 3166 1407 haberet
3197 1354 3371 1406 donec
3411 1354 3625 1406 tandem
3656 1354 3720 1406 de
3756 1354 3875 1405 vita:
3909 1368 4002 1405 ar-

2418 1440 2553 1493 bore
2598 1450 2779 1507 posset
2810 1442 2995 1504 edere,
3027 1442 3145 1510 ipso
3179 1442 3401 1496 Christo
3446 1443 3539 1510 qui
3569 1443 3690 1494 vitae
3720 1442 3883 1494 arbor
3914 1452 4003 1496 est

2420 1534 2647 1601 mystico
2668 1549 2854 1587 sensu.
2886 1533 3125 1603 Denique
3154 1535 3324 1601 ipsius
3357 1536 3595 1605 pravitas
3628 1545 3889 1604 perpetua
3916 1550 4005 1589 es-

2421 1631 2524 1683 set,
2562 1624 2874 1691 cujusmodi
2905 1635 2985 1679 est
3025 1626 3247 1681 diaboli.

2492 1714 2599 1769 Cur
2632 1732 2659 1769 e
2689 1717 2941 1784 paradiso
2988 1717 3181 1784 ejectus
3216 1720 3411 1772 Adam.
3438 1749 3510 1761 —
3541 1719 3616 1774 De
3646 1720 3796 1773 bisce
3838 1720 4006 1786 igitur

2422 1809 2610 1863 causis
2644 1808 2952 1879 prohibitus
2984 1820 3066 1863 est
3106 1812 3274 1863 Adam
3306 1814 3375 1866 ab
3421 1812 3615 1867 arbore
3654 1813 3796 1866 vine.
3829 1812 4007 1866 Crete-

749 1904 993 1957 futurum
1020 1921 1034 1957 :
1066 1904 1261 1972 quippe
1286 1902 1431 1956 enim
1464 1911 1662 1956 utrem
1692 1902 2056 1956 certissimam
2085 1902 2320 1956 aﬂirmat
2354 1888 2395 1943 Β
2428 1916 2548 1954 rum
2589 1902 2707 1955 alite
2743 1911 2888 1965 sunt,
2924 1917 3023 1955 cur
3059 1903 3313 1970 paradiso
3336 1904 3410 1957 sit
3439 1905 3771 1957 eliminatus.
3797 1902 4009 1971 Nempe

751 2007 1097 2064 sumptuqu
1128 1995 1281 2047 illum
1320 1995 1384 2047 de
1411 1996 1605 2048 arbore
1632 1995 1778 2056 vitae,
1810 2004 2317 2063 comesturumque,

751 2098 912 2157 atque
945 2096 1204 2157 perpetuo
1258 2087 1530 2145 victurum
1577 2085 1681 2139 nisi
1729 2086 1983 2153 paradiso
2038 2085 2314 2154 ejiciatur.

751 2181 1014 2233 CtBlCl‘llm
1050 2193 1296 2247 quaenam
1335 2176 1499 2229 fuerit
1530 2175 1619 2229 illa
1651 2178 1775 2230 vita:
1810 2177 1993 2241 arbor,
2027 2186 2079 2230 et
2121 2192 2219 2229 cur
2258 2191 2322 2232 eo

751 2271 973 2322 nomine
1009 2269 1313 2337 appellata,
1375 2273 1499 2319 aute
1571 2266 2159 2329 commemoravimus;
2200 2266 2321 2319 -ubi

762 2362 895 2415 illud
930 2376 1149 2430 quoque
1199 2360 1442 2415 diximus
1491 2374 1599 2429 qua
1658 2360 1724 2413 de
1757 2373 1921 2413 causa
1978 2358 2318 2411 interdixerit

760 2456 903 2509 Deus
931 2455 1162 2515 Atlamo,
1220 2454 1418 2507 arbore
1452 2452 1599 2506 vitae.
1639 2455 1708 2505 Et
1745 2451 1965 2503 immisit
2006 2451 2179 2518 ipsum
2214 2449 2321 2503 Do-

754 2551 924 2601 minus
963 2547 1102 2600 Deus
1135 2556 1287 2599 extra
1333 2544 1643 2614 paradisum
1694 2542 1859 2608 Eden,
1895 2550 1952 2593 ut
2001 2542 2193 2594 coleret
2226 2550 2304 2594 ter

756 2658 869 2694 ram
902 2657 964 2694 ex
998 2657 1099 2709 qua
1133 2647 1373 2709 sumptus
1403 2638 1602 2706 fuerat.

826 2734 993 2787 Adam
1050 2733 1243 2799 ejectus
1280 2746 1307 2783 e
1366 2730 1618 2797 paradiso
1644 2756 1705 2765 —
1744 2726 1919 2796 Supra
1964 2734 2324 2779 memoratum

760 2836 861 2892 cst,
896 2825 1183 2878 Dominum
1226 2822 1506 2891 accepisse
1534 2820 1822 2885 Adamum,
1876 2830 2037 2887 atque
2073 2819 2125 2871 in
2165 2834 2329 2887 para-

766 2918 943 2971 disum
981 2915 1215 2977 misisse,
1265 2914 1353 2966 hic
1406 2910 1536 2965 vero
1593 2910 1845 2964 emisisse
1894 2918 2145 2962 narratur
2182 2919 2333 2962 extra

764 3008 1116 3076 paradisum:
1146 3004 1299 3072 quasi
1333 3002 1495 3063 dicat,
1547 3016 1668 3054 eum
1707 3000 1937 3069 quodam
1986 2999 2185 3067 impetu
2238 3000 2336 3051 abs

760 3115 818 3153 se
857 3096 1156 3165 propulisse
1208 3105 1371 3159 atque
1398 3094 1737 3155 eliminasse,
1806 3106 1983 3159 neque
2014 3092 2333 3146 comitatum

763 3204 887 3243 esse
953 3188 1265 3245 abeuntem,
1316 3185 1515 3254 quippe
1553 3198 1617 3236 ex
1677 3182 2075 3247 jucundissima
2134 3182 2335 3252 quiete,

762 3281 940 3350 qualis
970 3280 1109 3333 intra
1142 3278 1451 3348 paradisum
1494 3276 1669 3329 fuerat
1713 3276 2038 3328 arnandahat
2064 3275 2240 3342 ipsum
2274 3274 2338 3327 ad

764 3370 1050 3425 colendam
1074 3382 1297 3431 terram,
1354 3381 1603 3436 asperam
1654 3381 1783 3419 sane
1817 3381 1879 3419 ac
1912 3366 2180 3420 difﬁcilem
2214 3380 2344 3433 ope-

769 3478 915 3524 ram,
960 3471 1020 3514 ut
1067 3476 1187 3529 qua:
1222 3474 1450 3529 prorsus
1496 3456 1643 3511 onmi
1683 3457 1793 3510 otio
1816 3472 1879 3510 ac
1902 3458 2093 3526 requie
2142 3466 2344 3511 careat.

771 3553 934 3607 Addit
975 3567 1136 3620 porro
1175 3569 1188 3603 :
1232 3549 1313 3602 13.1:
1359 3567 1462 3617 qua
1493 3561 1733 3618 sumptus
1782 3550 1978 3617 fuerat,
2028 3548 2152 3616 quia
2198 3548 2258 3597 de
2283 3560 2345 3600 ea

774 3657 915 3696 terra
943 3645 1006 3696 ad
1040 3660 1200 3710 quam
1226 3644 1584 3697 exercendum
1619 3643 1912 3696 remittitur
1945 3650 2201 3707 acceptus
2229 3637 2346 3690 fue-

778 3741 857 3783 rat
896 3732 1072 3800 pulvis
1104 3732 1355 3799 fingendo
1382 3731 1883 3799 conformandoque
1930 3728 2060 3781 Adae
2110 3728 2346 3794 corpori,

774 3831 833 3872 ut
863 3827 986 3872 ante
1016 3828 1097 3872 est
1132 3829 1493 3873 memoratum
1527 3819 1608 3873 his
1640 3818 1817 3872 verbis
1853 3815 1943 3868 :Et
1980 3816 2134 3883 ﬁnxit
2168 3815 2349 3868 Domi-

775 3927 872 3962 nus
902 3910 1042 3963 Deus
1069 3910 1335 3963 Adamum
1389 3911 1647 3977 pulverem
1672 3910 1735 3962 de
1777 3918 1938 3961 terra.
1976 3911 2050 3961 Ac
2104 3922 2295 3960 rursus
2334 3924 2347 3960 :

782 4003 955 4057 Donec
982 4015 1234 4057 revertare
1269 4006 1319 4056 in
1346 4014 1540 4057 terram
1571 4004 1633 4055 de
1656 4020 1759 4073 qua
1793 4013 2030 4070 sumptus
2058 4019 2128 4054 es.
2153 4000 2219 4053 Et
2252 4000 2349 4053 eli-

779 4094 992 4147 minarit
1025 4096 1189 4161 ipsum
1222 4095 1478 4148 Dominus
1516 4093 1648 4146 Deus
1677 4114 1687 4146 :
1719 4095 1974 4147 nimirum
2007 4103 2155 4145 extra
2190 4107 2351 4159 para-

784 4188 988 4249 disum,
1014 4202 1173 4253 quem
1211 4186 1409 4255 alioqui
1443 4187 1585 4239 illius
1611 4185 1916 4239 oblectandi
1952 4184 2123 4251 gratia
2167 4182 2356 4235 condi-

785 4276 1309 4331 dt'rat.Existimaut
1342 4279 1612 4341 nonnulli,
1656 4277 1847 4340 Deum,
1898 4277 2043 4346 quod
2086 4276 2353 4330 Adamum

787 4370 1109 4438 prohibuita
1147 4370 1413 4439 gustanda
1442 4371 1565 4423 vitae
1596 4370 1793 4423 arbore
1816 4380 1866 4422 et
1891 4369 2145 4437 paradiso
2172 4367 2353 4435 ejecit,

795 4463 1033 4530 denique
1062 4463 1203 4530 quod
1241 4462 1401 4545 morti
1436 4460 1663 4525 addixit,
1692 4462 1890 4515 iratum
1916 4460 2144 4515 fecisse:
2173 4474 2357 4513 verum

2419 2007 2634 2060 aequum
2674 2009 2777 2044 non
2807 2004 2921 2045 erat
2945 1994 3193 2047 utlocum
3214 1996 3486 2051 obtineret
3515 2012 3753 2058 sacrum,
3786 2006 4009 2063 postea—

2420 2102 2581 2156 quam
2624 2085 2772 2139 illum
2826 2086 2939 2154 lege
2988 2086 3208 2149 violata,
3268 2103 3365 2155 per
3408 2098 3691 2156 peccatum
3719 2088 4009 2155 profanas-

2424 2186 2526 2240 set,
2567 2187 2618 2231 ct
2669 2187 2786 2230 erat
2818 2177 2945 2230 illud
2973 2187 3179 2230 tantum
3232 2178 3511 2241 delictum,
3568 2179 3669 2232 hoc
3698 2179 3890 2232 exsilio
3926 2178 4018 2231 di-

2426 2283 2619 2338 gnum.
2651 2269 2919 2322 Praeterea
2984 2268 3314 2323 erudiendus
3372 2278 3511 2335 erat,
3580 2284 3861 2339 perperam
3928 2284 4013 2327 sc.

2427 2360 2756 2429 contemptis
2815 2359 2905 2413 Dei
2988 2359 3181 2428 jussis,
3222 2362 3544 2415 obsecutum
3604 2376 3722 2414 esse
3781 2359 4019 2413 consilio

2429 2452 2766 2506 fraudulcnli
2803 2454 2997 2515 hostis,
3032 2462 3197 2521 atque
3242 2452 3419 2507 edisse
3451 2452 3519 2506 de
3578 2453 3741 2506 vetita
3795 2452 4016 2505 arbore.

2428 2542 2652 2613 Insuper
2706 2544 2834 2597 dum
2883 2544 2971 2597 ille
2998 2543 3237 2612 ejicitur,
3280 2544 3503 2598 verbum
3558 2542 3648 2598 Dei
3684 2553 3856 2597 ratum
3935 2544 4018 2606 fit,

2430 2653 2538 2707 quo
2569 2637 2889 2707 pnedixerat
2920 2638 3095 2705 ipsum
3126 2653 3190 2692 ea
3248 2640 3333 2692 die
3388 2638 3710 2692 moriturum
3744 2654 3849 2706 qua
3886 2638 4024 2691 ede-

2433 2739 2516 2783 ret
2544 2730 2610 2782 de
2642 2731 2835 2782 arbore
2889 2729 3166 2794 scientize;
3212 2738 3412 2783 contra
3453 2745 3582 2783 vero
3617 2730 3879 2782 mendacii
3930 2745 4027 2781 ar-

2443 2821 2627 2889 guitur
2673 2820 2882 2874 daemon
2919 2822 3010 2890 qui
3039 2837 3186 2890 Spem
3225 2821 3301 2874 illi
3336 2830 3498 2890 atque
3529 2820 3782 2874 fiduciam
3815 2821 4027 2874 fecerat

2435 2913 2550 2967 fore
2593 2922 2652 2967 ut
2683 2913 2822 2969 Deus
2873 2914 3127 2969 evaderet
3157 2914 3201 2969 si
3236 2924 3584 2978 vesceretur;
3656 2914 3855 2982 quippe
3909 2929 4026 2966 non

2438 3006 2599 3060 modo
2631 3022 2737 3059 non
2784 3009 2955 3059 evasit
2982 3006 3031 3059 in
3067 3007 3259 3069 Deum,
3290 3007 3385 3060 sed
3415 3007 3532 3074 ipso
3571 3005 3732 3059 etiam
3769 3004 4033 3072 paradiso

2440 3095 2674 3148 extorris
2712 3095 2886 3148 factus
2917 3105 3020 3148 cst.
3064 3095 3285 3161 Adhmc,
3326 3096 3369 3148 si
3403 3096 3453 3147 in
3496 3094 3751 3161 paradiso
3786 3093 4031 3146 mansis-

2445 3198 2522 3239 set
2584 3197 2894 3253 suspettum
2929 3188 3178 3243 fortassis
3236 3189 3450 3241 invidia:
3488 3188 3655 3241 Deum
3724 3188 4032 3252 habuisset,

2444 3278 2535 3346 qui
2593 3278 2692 3331 sibi
2756 3280 2875 3330 \ita:
2927 3280 3135 3332 arboris
3182 3295 3305 3333 esca
3342 3279 3725 3333 interdixisset.
3782 3278 4035 3347 Denique

2447 3371 2570 3422 dum
2604 3372 2779 3423 solum
2814 3369 2993 3431 vertit,
3044 3368 3299 3436 intelligit
3329 3370 3543 3423 tandem
3579 3371 3630 3422 in
3668 3379 3871 3439 quanta
3907 3368 4037 3422 fctio

2448 3462 2613 3516 citate
2646 3472 2891 3515 versatus
2926 3463 2994 3515 sit
3034 3462 3351 3529 priusquam
3398 3473 3679 3529 peccaret;
3729 3472 3784 3515 et
3831 3477 4039 3514 rursus

2450 3555 2501 3607 in
2540 3570 2700 3622 quam
2733 3554 2929 3606 multas
2969 3554 3220 3607 miserias
3261 3553 3629 3621 prmcipitatus
3659 3553 3749 3615 sit,
3794 3568 3861 3605 eo
3884 3553 4037 3621 quod

2450 3645 2731 3698 adversum
2771 3643 2858 3695 Dei
2889 3644 3056 3710 legem
3108 3642 3317 3694 fecerit.
3364 3643 3649 3697 Postremo
3698 3642 3903 3693 idcirco
3953 3653 4044 3694 cst

2449 3736 2960 3804 llﬂl'ﬂtlib‘Of‘jtﬁClUS,
3023 3744 3081 3786 ut
3131 3745 3414 3802 peccatum
3476 3749 3635 3787 suum
3692 3742 4041 3799 agnosceret.

2452 3827 2805 3892 sedulamque
2860 3841 3076 3893 operam
3116 3826 3442 3893 pmniteutia:
3483 3824 3655 3885 daret,
3695 3832 3747 3876 et
3804 3825 4044 3891 supplex

2454 3934 2481 3972 a
2516 3920 2622 3971 Deo
2658 3919 3030 3981 contenderet,
3080 3927 3139 3971 ut
3179 3933 3237 3971 se
3279 3918 3332 3970 in
3374 3917 3660 3984 pristinum
3704 3917 4032 3969 restitueret

2452 4011 2653 4064 locum.
2698 4010 2997 4064 Conficitur
3044 4008 3225 4076 itaque
3260 4023 3325 4062 ex
3366 4008 3450 4061 his
3485 4022 3605 4075 quae
3635 4007 3747 4074 jam
3788 4022 4047 4059 comme-

2457 4102 2814 4163 moravimus,
2854 4114 3197 4168 nequaquam
3234 4113 3329 4168 per
3360 4097 3493 4151 iram
3522 4097 3853 4167 prohibitum
3887 4098 4051 4152 illum

2456 4210 2485 4248 a
2519 4194 2626 4247 Deo
2659 4209 2778 4247 esse
2812 4194 2878 4246 ab
2904 4194 3097 4245 arbore
3131 4192 3251 4244 vitm
3282 4206 3455 4259 neque
3496 4190 3747 4259 paradiso
3782 4190 4051 4256 ejectum,

2456 4287 2539 4339 vel
2587 4285 2746 4338 morti
2785 4284 2945 4338 etiam
2981 4282 3296 4347 addictum;
3340 4283 3437 4337 sed
3474 4296 3539 4334 ex
3570 4296 3716 4335 mera
3754 4281 3843 4334 Dei
3879 4282 4054 4335 mise-

2460 4378 2713 4437 ricordia.
2739 4385 2794 4430 et
2826 4376 3059 4429 sollicita
3107 4375 3225 4445 ejus
3257 4390 3407 4430 cura.
3439 4374 3545 4428 Sed
3575 4375 3718 4427 enim
3753 4373 3865 4426 sint
3908 4373 4054 4435 haec,

2459 4472 2600 4525 dicet
2632 4469 2852 4538 aliquis,
2884 4468 2956 4521 ita
2991 4482 3116 4521 cum
3162 4466 3369 4519 Adamo
3415 4475 3533 4519 acta
3570 4467 3638 4521 ab
3667 4465 3789 4534 ipso
3824 4464 3961 4525 Deo,
3994 4477 4058 4519 nt

794 4574 893 4610 nos
922 4570 1107 4611 contra
1140 4571 1234 4625 per
1266 4554 1357 4608 Dei
1390 4555 1817 4609 misericordiam
1853 4564 2013 4623 atque
2046 4567 2232 4608 curam
2269 4551 2359 4604 illa
2393 4564 2436 4619 ι)
2464 4562 2539 4616 im
2582 4559 2933 4629 prodessent;
2970 4566 3023 4611 at
3070 4557 3306 4618 labores,
3372 4555 3607 4619 dolores,
3650 4555 3817 4609 sudor
3867 4556 4056 4617 faciei,

789 4651 930 4702 facta
963 4665 1080 4705 esse
1104 4650 1365 4714 dicimus;
1404 4648 1652 4717 quamvis
1680 4648 1826 4702 enim
1853 4647 2125 4701 contraria
2150 4646 2290 4700 inter
2308 4659 2367 4700 se

791 4739 1098 4803 videantur,
1126 4739 1390 4793 inducere
1413 4739 1466 4792 in
1494 4739 1806 4802 paradisum
1850 4747 1905 4792 et
1928 4739 2147 4808 ejicere,
2172 4746 2353 4792 tamen

795 4840 1088 4899 utrumque
1130 4832 1285 4900 juxta
1317 4833 1511 4886 divina:
1556 4831 1861 4904 clementia:
1903 4845 2040 4899 Opus
2092 4838 2143 4883 ct
2172 4843 2358 4884 curam

798 4937 961 4989 quam
998 4937 1123 4991 erga
1171 4941 1340 4991 genus
1369 4924 1667 4978 humanum
1701 4924 1920 4992 gerebat
1951 4921 2137 4987 fuisse,
2172 4938 2235 4975 ex
2276 4921 2362 4975 his

796 5025 1099 5078 cognoscas
1130 5012 1255 5067 licet
1283 5031 1296 5079 ;
1340 5013 1543 5069 idcirco
1570 5013 1713 5067 enim
1745 5012 2052 5083 prohibitus
2080 5022 2163 5065 est
2196 5010 2262 5063 ab
2279 5024 2367 5064 ar-

807 5102 936 5156 bore
970 5106 1086 5158 vita:
1115 5121 1181 5159 ne
1210 5105 1337 5173 quid
1366 5105 1492 5159 inde
1535 5105 1677 5174 quod
1706 5120 1829 5160 cum
1875 5105 2057 5157 divina
2101 5103 2366 5157 sententia

800 5203 1081 5261 pugnaret,
1116 5195 1403 5257 accideret,
1441 5198 1775 5264 verbumque
1814 5194 1906 5248 Dei
1955 5194 2154 5249 falsum
2205 5194 2371 5247 habe-

805 5293 975 5337 retur.
1013 5286 1389 5341 (Zomminatus
1416 5288 1559 5340 enim
1579 5287 1757 5342 fuerat
1790 5288 1930 5341 Deus
1960 5287 2284 5341 moriturum
2306 5285 2371 5338 il-

806 5382 915 5430 turn
957 5394 1066 5447 quo
1114 5380 1425 5445 degustaret
1458 5380 1525 5434 de
1572 5380 1765 5434 arbore
1817 5379 2082 5443 scientiae,
2141 5380 2304 5447 igitur
2332 5378 2378 5432 si

806 5481 929 5539 post
950 5471 1089 5525 hanc
1110 5482 1378 5542 gustatam
1392 5515 1404 5535 ,
1423 5473 1584 5526 etiam
1610 5474 1674 5527 de
1693 5473 1888 5528 arbore
1906 5473 2027 5526 vita:
2046 5472 2265 5536 edisset,
2291 5481 2382 5525 aut

810 5564 948 5617 falso
977 5566 1194 5619 nomine
1232 5566 1332 5619 ista
1359 5567 1477 5619 vita:
1508 5567 1669 5620 arbor
1692 5566 1953 5635 appellata
1980 5582 2007 5619 a
2040 5565 2149 5618 Deo
2172 5565 2381 5626 fuisset.

812 5666 908 5709 aut
951 5656 1238 5711 mendaces
1280 5657 1509 5711 fuissent
1558 5656 1661 5713 illae
1710 5657 1831 5727 ejus
1884 5659 2066 5712 nrinaa.
2123 5656 2202 5710 Ad
2262 5655 2386 5720 hoc,

2471 4651 2525 4705 in
2576 4664 2696 4717 quae
2733 4647 2872 4701 mala
2903 4648 3051 4700 illum
3084 4645 3316 4714 conjecit
3346 4644 3596 4713 paradiso
3644 4644 3883 4712 pulsum,
3912 4660 4058 4713 quas

2458 4741 2674 4797 tandem
2692 4738 3120 4799 commoditates,
3138 4737 3463 4790 utilitatesve
3476 4734 3666 4788 afferre
3690 4734 3763 4787 illi
3785 4746 4019 4803 potuere
4039 4742 4061 4787 '.'

2467 4832 2899 4901 Respondemus,
2949 4828 3119 4881 Deum
3161 4842 3265 4881 non
3305 4825 3508 4880 frustra
3548 4831 3782 4893 quietem
3820 4825 3899 4877 illi
3931 4829 4056 4879 nui-

2468 4925 2575 4979 lam
2619 4922 2979 4985 concessisse,
3009 4930 3066 4973 ut
3100 4927 3182 4973 est
3218 4920 3515 4972 humanum
3572 4915 3880 4983 ingenium;
3925 4933 4057 4971 nam

2472 5018 2517 5072 si
2558 5017 2722 5070 tantis
2762 5013 3103 5069 condemnati
3143 5012 3301 5065 malis
3326 5025 3431 5062 non
3466 5008 3763 5061 desinimus
3798 5022 4058 5075 peccare,

2475 5107 2603 5177 quid
2661 5120 2769 5160 non
2821 5115 3190 5174 patrassemus
3234 5102 3286 5154 in
3324 5101 3435 5152 otio
3501 5096 3820 5164 deliciisque
3883 5098 4058 5151 vitam

2477 5199 2682 5269 agitare
2709 5194 3187 5266 pcrmissi?Certe
3242 5191 3403 5260 hujus
3459 5190 3532 5242 rei
3585 5188 3829 5255 exempla
3895 5190 4064 5240 nobis

2477 5288 2820 5358 suppeditant
2864 5286 3135 5345 homines,
3167 5283 3259 5353 qui
3298 5281 3457 5336 otiosi
3493 5295 3556 5333 ac
3585 5279 3797 5331 desides
3833 5290 4008 5346 atque
4036 5297 4063 5331 a

2476 5382 2660 5435 labore
2692 5388 2746 5432 et
2776 5378 3039 5431 molestiis
3070 5378 3225 5429 vacui
3266 5374 3578 5427 mollitcrac
3606 5370 3833 5424 delicate
3863 5386 4064 5439 agunt.

2481 5470 2657 5525 Otium
2684 5483 2869 5536 porro,
2894 5467 3181 5528 desidiam,
3219 5464 3440 5519 delicias
3472 5462 3609 5517 mala
3640 5478 3778 5522 esse,
3810 5463 4067 5515 certissi-

2492 5561 2595 5614 tuis
2626 5560 2917 5628 Scriptura:
2941 5558 3265 5613 testimoniis
3296 5556 3709 5626 comprobatur.
3741 5552 3881 5607 Nam
3924 5555 4067 5607 libro

2485 5652 2723 5708 secundo
2753 5652 2862 5722 κεῖ)
2884 5652 3142 5721 scriptum
3165 5658 3249 5705 est
3269 5668 3281 5705 :
3302 5648 3543 5705 Consedit
3560 5646 3780 5717 populus
3809 5646 3879 5697 ad
3911 5646 4068 5699 eden-

891 5829 1004 5897 (27)
1051 5828 1171 5905 Syri
1220 5832 1386 5890 libros
1420 5833 1580 5889 Mos':s
1610 5848 1670 5888 ex
1700 5834 1886 5891 ordine
1921 5834 2163 5892 numeris
2196 5841 2385 5892 notant
2426 5831 2621 5902 saepius
2658 5845 2819 5899 quam
2856 5830 3183 5885 nominibus.
