4202 6430
139 401 223 460 5η
1258 399 1351 458 DE
1393 396 1790 458 PARADISO.
1832 422 1899 432 —
1949 400 2136 456 PARS
2179 398 2219 456 l.

3301 405 3402 467 578

139 515 417 578 iturine/ad
441 513 736 578 bibendrm,
764 513 1098 582 surrexitque
1117 513 1182 564 ad
1201 513 1564 566 ludendum“.
1587 511 1698 564 Etti
1756 517 1792 568 Α
1829 513 1927 564 εξὶῑ
1954 529 2013 562 us
2050 511 2252 576 angelis
2288 511 2694 580 izzcotporrnm;
2727 514 2894 565 aciem
2927 527 3053 565 vero
3094 512 3254 582 gladii
3287 529 3402 569 vcr-

136 605 425 673 liroquinto
453 604 709 673 :Pinguis
729 605 900 671 [actus
922 615 996 656 est
1025 603 1212 668 Israel,
1241 613 1288 655 et
1307 602 1603 656 calcitrat-it
1639 602 1704 653 θ’.

137 700 183 749 ΕΙ
215 698 432 767 quidam
453 713 518 752 ex
545 698 881 766 sapientibus
909 697 1170 764 Scriptum
1204 697 1418 764 reliquit
1453 714 1465 749 :
1507 695 1716 748 Malim.

136 792 408 851 molium,
464 803 622 857 atque
681 790 900 858 pigritia
952 788 1193 857 frondent
1243 789 1382 855 parit
1409 787 1477 840 ⁸³.
1507 788 1709 841 Contra

139 899 247 936 tero
276 923 288 944 ,
327 884 567 944 labores,
616 884 1037 949 turbulentaque
1066 882 1320 935 exercitia
1373 882 1514 934 bona
1564 895 1708 943 esse,

136 983 410 1027 attestatur
474 974 665 1042 ltavid,
722 989 842 1026 eum
885 975 952 1026 de
1003 974 1262 1026 lsraeiitis
1313 973 1542 1043 Loquens
1593 972 1706 1024 ait:

137 1063 252 1115 Cum
283 1065 543 1116 occideret
576 1065 737 1128 ipsos,
771 1064 1069 1131 queerebant
1093 1080 1230 1126 eum,
1263 1073 1310 1116 et
1338 1067 1710 1116 converteban-

136 1167 231 1217 tur,
262 1165 419 1222 atque
449 1156 789 1208 maturabant
855 1156 922 1208 ad
949 1157 1122 1223 ipsum
1153 1155 1222 1207 ⁸³.
1256 1155 1317 1208 lit
1349 1156 1474 1208 alibi
1509 1172 1523 1208 :
1551 1154 1708 1221 Bene,

136 1247 316 1310 inquit,
355 1249 484 1298 mihi
527 1257 632 1308 est,
697 1249 834 1316 quod
877 1250 975 1300 sint
1025 1248 1357 1313 humiliatus,
1403 1260 1461 1299 ut
1511 1247 1710 1298 discam

138 1338 390 1390 mandala
448 1349 535 1390 tua
557 1340 622 1391 ⁸⁸.
683 1339 744 1390 Et
780 1339 921 1393 Deus
955 1354 1050 1408 per
1085 1337 1376 1393 Jereiniam
1421 1339 1482 1392 ad
1523 1338 1712 1391 civita-

135 1439 228 1480 tein
268 1428 572 1480 Jerusalem
619 1447 632 1480 :
669 1428 774 1482 Per
834 1429 1036 1498 plagas,
1070 1429 1262 1498 inquit,
1323 1430 1533 1482 erudita
1575 1446 1649 1492 es,
1681 1448 1710 1481 υ

131 1519 426 1571 Jerusalem
465 1520 532 1571 ".
569 1520 806 1574 ltursum
839 1519 1039 1574 Paulus
1075 1539 1088 1575 :
1126 1521 1289 1574 Datus
1329 1531 1426 1584 est,
1462 1523 1556 1585 ait,
1583 1521 1711 1573 milii

132 1615 370 1663 stimulus
397 1615 446 1662 in
476 1628 684 1663 carnem
719 1628 911 1674 meam,
961 1612 1174 1680 angelus
1207 1610 1444 1676 Saluum,
1485 1628 1546 1663 ne
1582 1612 1706 1679 e/fe-

133 1701 296 1752 far".
333 1699 635 1752 (lonticitur
661 1700 864 1768 itaque,
909 1701 1116 1753 homini
1148 1716 1213 1754 ex
1241 1717 1337 1754 usu
1363 1701 1530 1755 fuisse
1564 1700 1708 1769 quod

131 1794 425 1853 :lt-lzirilstts,
467 1791 872 1859 laboribusque,
913 1802 962 1844 et
992 1794 1285 1846 sudoribus
1327 1795 1596 1848 olmoxius
1627 1803 1709 1846 est

1815 603 1986 657 sutilis
2014 604 2178 653 luisse
2216 601 2436 669 ﬁgurant
2471 604 2757 669 quain-ﬁam
2809 603 2974 667 ignem
3010 605 3209 658 lancea:
3235 622 3397 674 quam

1813 693 2029 746 (Iberub
2065 707 2223 743 manu
2276 701 2459 745 it'iit'lis
2509 704 2669 760 atque
2702 707 3016 751 curnt-aus,
3053 696 3404 762 proterrebat

1817 788 2022 854 primos~
2067 793 2320 852 parentes
2359 800 2386 836 a
2437 787 2708 852 paradiso,
2741 787 3069 853 arcebatque
3109 789 3175 838 ab
3206 788 3404 842 arbore.

1813 887 1956 928 vztar.
1989 876 2251 929 Caeterum
2307 876 2514 928 lant-tae
2557 875 2782 929 formam
2827 877 2948 929 inde
2975 889 3226 943 agnum,
3259 881 3400 946 quod

1813 983 1879 1021 eo
1933 971 2158 1038 mystice
2226 977 2506 1036 spectasse
2552 970 2794 1022 videatur
2868 969 3052 1021 lam-ca
3122 971 3204 1021 illa
3240 985 3398 1038 quam

1814 1059 2066 1112 Christus
2110 1075 2208 1111 suo
2244 1063 2407 1112 latere
2438 1060 2651 1126 excepit
2691 1079 2701 1110 :
2739 1061 2890 1126 quasi
2915 1060 3027 1128 jam
3065 1071 3176 1113 tum
3210 1071 3390 1130 errp'n

1815 1159 1957 1204 esset
1994 1151 2059 1203 de
2100 1167 2261 1202 manu
2323 1151 2562 1212 Cberub,
2602 1150 2689 1202 illa
2753 1155 2954 1212 lancea,
3020 1151 3398 1222 putt-lataque

1814 1244 1877 1294 a.l
1917 1243 2166 1294 arborem
2203 1242 2323 1294 vita:
2384 1242 2489 1294 \ia.
2537 1242 2638 1293 Alii
2672 1242 2855 1293 ditnnt
2882 1246 3048 1294 aciem
3097 1245 3257 1311 gladii
3301 1260 3399 1298 γο-

1813 1343 1987 1388 calam
2044 1347 2186 1391 esse,
2241 1348 2347 1384 non
2391 1332 2592 1384 ferrum
2647 1349 2820 1400 neque
2871 1333 3069 1398 ignem,
3128 1337 3218 1388 sed
3254 1339 3389 1404 ligu-

1815 1437 1928 1476 ram
1961 1422 2252 1490 quamdam
2306 1422 2475 1474 ensis.
2533 1436 2665 1488 qua:
2701 1424 2852 1486 ἰμιυει
2905 1424 3084 1491 Sptcie
3137 1425 3404 1479 coilticere

1814 1524 1978 1580 atque
2022 1513 2224 1580 lulgere
2267 1513 2580 1577 Videbatur;
2617 1510 2833 1564 (Iltcrub
2889 1529 3012 1566 vero
3059 1529 3164 1566 non
3224 1514 3396 1569 etule—

1815 1615 1950 1658 steni
1988 1604 2220 1672 aliquem
2256 1605 2504 1672 spiritum
2562 1612 2725 1670 atque
2773 1602 3146 1670 incorporeum
3189 1606 3404 1674 angelo-

1814 1711 1932 1748 rum
1976 1695 2162 1758 luisse,
2207 1697 2296 1747 sed
2326 1705 2596 1762 specu-um
2632 1694 2906 1761 quoddam
2965 1696 3284 1759 vehemens;
3317 1697 3399 1748 id-

1815 1805 1919 1859 que
1956 1789 2173 1842 Clierub
2197 1791 2414 1840 nomine
2449 1802 2696 1840 vocatum
2733 1804 2871 1851 esse,
2901 1788 3024 1856 quia
3057 1793 3225 1840 soleat
3256 1787 3401 1840 Scri-

133 1882 364 1934 rt-dditus
415 1900 441 1932 a
484 1885 608 1941 Deo,
667 1893 953 1948 postquam
1003 1883 1315 1937 eliminatus
1352 1895 1495 1937 esset
1536 1899 1692 1949 para-
1731 1883 1772 1935 Β
1803 1891 1955 1951 plura
2001 1896 2125 1949 quae
2184 1879 2402 1948 magnis
2444 1879 2651 1932 viribus
2714 1895 3014 1947 magnaque
3057 1879 3396 1932 velacinenda

129 1973 272 2023 diso?
309 1973 374 2026 lit
428 1975 626 2025 rersari
666 1974 786 2042 fecit
842 1974 910 2025 ad
942 1975 1190 2027 orientem
1242 1978 1479 2043 paradisi
1540 1977 1704 2042 ipsius

131 2067 286 2125 Egen,
316 2065 545 2128 Cherub,
577 2076 625 2116 et
674 2065 835 2117 aciem
861 2067 1025 2134 gladii
1066 2067 1352 2128 versatilis,
1405 2067 1474 2120 ad
1531 2080 1706 2121 custo-

139 2158 383 2209 diendum
411 2159 515 2209 iter
545 2158 749 2210 arboris
792 2159 930 2211 vitai.
980 2158 1035 2211 In
1076 2158 1299 2213 Hebraeo
1338 2169 1419 2212 est
1448 2177 1460 2211 :
1493 2159 1558 2212 Et
1595 2177 1708 2213 nta-

129 2265 240 2299 nere
279 2249 498 2316 [ecrtub
553 2249 751 2301 oriente
797 2249 1040 2317 paradisi
1096 2250 1398 2304 C/terubim.
1460 2251 1703 2305 Gra-cum

129 2356 244 2393 ιυιο
275 2343 440 2392 habet
479 2358 491 2392 :
528 2338 596 2390 Et
627 2340 900 2395 collocavit
933 2343 1162 2402 Clterub,
1205 2351 1253 2394 et
1285 2343 1521 2411 gladium
1551 2344 1705 2411 ﬂam-

130 2447 286 2482 meum
320 2432 389 2482 ad
423 2433 826 2486 custodiendum
871 2437 971 2488 iter
998 2434 1201 2487 arboris
1247 2436 1386 2487 t'ita'.
1430 2435 1707 2505 Signiﬁca-

130 2535 208 2572 tur
241 2533 429 2575 autem
461 2523 548 2578 bis
602 2524 804 2588 verbis,
840 2525 1142 2579 custodiam
1171 2524 1390 2579 Cberub
1439 2535 1492 2578 et
1533 2527 1705 2579 aciem

127 2614 276 2678 gladii
311 2615 637 2669 collocatam
689 2616 859 2672 fuisse
928 2637 958 2672 a
1015 2619 1121 2671 Deo
1160 2619 1226 2670 ad
1270 2619 1411 2671 latus
1449 2617 1708 2672 orientale

126 2707 387 2760 duntaxat
423 2708 687 2776 paradisi,
726 2709 884 2778 quasi
915 2724 978 2762 ex
1007 2724 1066 2761 ea
1099 2717 1248 2777 parte
1277 2711 1451 2762 solum
1512 2709 1706 2780 probi-

127 2798 245 2850 bere
284 2801 563 2852 Adamum
605 2799 839 2855 voluerit
869 2815 976 2854 non
1009 2801 1134 2854 item
1175 2801 1242 2854 ab
1269 2802 1388 2855 aliis
1422 2803 1704 2856 lateribus.

126 2888 327 2958 Quippe
374 2890 804 2944 existimandqu
857 2901 962 2957 est,
1014 2896 1084 2946 ab
1134 2902 1257 2948 ortu
1306 2894 1439 2948 solis
1501 2904 1709 2962 portam

125 2983 288 3034 tuisse
327 2984 655 3050 aditumque
689 2987 925 3052 patuisse
953 2985 1006 3038 in
1049 2985 1399 3052 paradisum;
1431 2995 1596 3055 atque
1645 2987 1710 3039 il-

123 3071 194 3125 lac
250 3076 650 3141 introductum,
714 3075 946 3144 illacque
1003 3091 1193 3131 rursus
1253 3090 1499 3131 exactum
1572 3079 1714 3133 Ada-

122 3182 262 3217 innm
300 3181 471 3228 esse;
524 3166 649 3219 inde
679 3167 839 3220 etiam
899 3166 1144 3222 semitam
1188 3166 1356 3222 fuisse
1387 3168 1606 3222 ductam
1650 3172 1702 3223 in

122 3257 357 3309 medium
402 3259 720 3325 paradisum
754 3259 842 3312 ubi
877 3259 979 3311 sita
1009 3269 1128 3311 erat
1153 3260 1274 3312 vitae
1323 3260 1503 3324 arbor,
1547 3271 1710 3330 atque

120 3349 230 3400 ideo
269 3365 340 3401 ne
374 3363 572 3402 rursus
614 3350 909 3418 aliquando
973 3349 1162 3412 Adam,
1210 3351 1333 3405 illac
1367 3367 1425 3404 se
1461 3353 1605 3406 intro
1633 3369 1716 3408 re-

119 3451 346 3504 l‘lpel’cl,
404 3443 710 3495 custodiam
745 3442 817 3494 ibi
847 3456 968 3496 esse
1012 3443 1284 3495 collatam.
1315 3441 1584 3496 Craterum
1616 3461 1712 3499 cur

114 3531 532 3584 custodiendam
592 3534 716 3584 vitae
777 3533 1048 3595 arborem,
1106 3532 1509 3601 arcendunique
1550 3535 1618 3586 ab
1648 3548 1711 3586 ea

114 3624 385 3674 Adaniuni
428 3623 666 3674 voluerit
715 3622 879 3684 Deus,
913 3631 1039 3676 ante
1085 3631 1170 3675 est
1199 3638 1226 3674 a
1262 3623 1417 3675 nobis
1464 3624 1709 3692 dictum;

114 3731 213 3779 quo
257 3718 369 3766 hoc
396 3715 562 3766 etiam
603 3712 907 3766 addendum
940 3723 1212 3780 putamus,
1239 3727 1304 3764 eo
1334 3729 1551 3781 quoque
1584 3729 1713 3781 Spe.-

117 3816 292 3859 Hasse
339 3804 650 3858 custodiam
696 3811 756 3856 ut
805 3803 1128 3871 intelligeret
1185 3802 1430 3858 Adatnns
1487 3821 1709 3872 prorsus

113 3900 449 3963 pra-elusum
499 3894 603 3949 sibi
640 3895 850 3947 aditum
891 3909 1013 3948 esse
1057 3910 1151 3963 per
1183 3905 1489 3962 peccatum,
1535 3910 1708 3963 eoque

112 3990 508 4056 pertinaciore,
567 3987 672 4040 hoc
732 3987 858 4040 odio
902 3995 1346 4055 prosequeretur,
1398 3986 1708 4055 maioreque

111 4098 232 4134 una
259 4081 556 4135 vitandum
595 4079 698 4132 sibi
737 4079 788 4131 in
833 4089 1111 4147 posterum
1155 4088 1370 4146 putaret
1398 4081 1553 4146 quasi
1584 4077 1697 4131 lon-

110 4184 209 4225 tem
253 4182 547 4226 tantorum
589 4172 880 4234 malorum,
919 4171 970 4223 in
1008 4185 1127 4238 qua:
1159 4171 1298 4223 mala
1328 4184 1393 4222 ex
1426 4172 1551 4222 vitae
1584 4180 1708 4224 ante

109 4277 401 4332 peccatum
439 4273 596 4327 actae,
633 4277 757 4317 cum
789 4277 850 4316 ea
877 4263 931 4315 in
959 4277 1065 4329 qua
1094 4276 1240 4315 nunc
1275 4269 1540 4320 versetur,
1559 4277 1708 4314 coni-

109 4360 400 4424 paratione
468 4357 628 4410 facile
681 4355 1021 4424 intelligeret.
1087 4352 1356 4408 Praaterea
1421 4354 1704 4421 magniﬁca

107 4449 188 4500 illa
226 4447 490 4501 custodia
525 4444 769 4513 (Cherub
811 4445 954 4506 dico,
980 4454 1034 4499 et
1077 4445 1248 4499 aciem
1286 4445 1448 4512 gladii
1482 4445 1712 4500 versati-

1808 1975 2034 2044 pollent,
2075 1988 2136 2026 ea
2179 1973 2279 2026 hoc
2312 1973 2530 2025 nomine
2593 1972 2838 2024 vocitare
2887 1972 3046 2039 quale
3096 1980 3177 2025 est
3220 1971 3395 2026 illud:

1811 2065 1913 2130 Qui
1941 2065 2186 2134 equitavit
2239 2080 2396 2132 super
2449 2063 2731 2127 Clierubos,
2777 2074 2823 2115 et
2858 2063 3048 2116 rolarit
3079 2063 3145 2125 ⁸⁸,
3191 2064 3398 2131 signiti-

1812 2167 1908 2212 cat
1933 2159 2078 2211 enim
2111 2158 2278 2211 Deum
2320 2174 2509 2226 magna
2539 2159 2588 2210 vi
2629 2157 2933 2219 advenisse,
2967 2163 3019 2209 et
3053 2156 3224 2209 veluti
3267 2157 3398 2208 iusi-

1809 2252 2021 2304 dentem
2057 2249 2319 2302 Clierubis
2349 2249 2687 2316 apparuisse,
2707 2249 2808 2302 hoc
2830 2259 2932 2306 est,
2965 2257 3212 2314 potenter
3234 2261 3396 2300 excr-

1810 2344 1992 2397 cuisse
2025 2344 2329 2412 imperium.
2371 2342 2683 2397 Secundum
2719 2343 2816 2395 hos
2848 2342 3044 2393 habent
3090 2340 3192 2392 ista
3228 2339 3396 2394 Musis

1818 2435 1977 2486 verba
2009 2433 2152 2486 hunc
2197 2448 2441 2495 sensum,
2484 2433 2626 2501 quod
2687 2433 2828 2486 Deus
2888 2431 3231 2485 constituerit
3270 2445 3390 2498 spe-

1811 2537 1985 2582 Cll‘llm
2021 2525 2290 2595 quoddam
2323 2525 2614 2578 vehemens
2644 2539 2705 2576 ac
2738 2524 2976 2576 terribile
3032 2539 3129 2590 pro
3181 2524 3388 2578 lot'iuus

1813 2625 1976 2686 inque
2012 2619 2130 2685 ipso
2181 2618 2324 2670 aditu
2358 2618 2592 2685 paradisi
2633 2616 2815 2683 specie
2857 2615 3150 2667 animantis
3197 2613 3382 2683 cujus-

1815 2712 1978 2780 piani,
2023 2710 2325 2763 deterrendi
2373 2708 2768 2774 coercendique
2814 2706 3005 2760 Adami
3062 2721 3245 2763 causa.
3295 2705 3396 2761 Af-

1814 2801 1997 2854 l‘erunt
2054 2813 2233 2854 autem
2287 2802 2337 2852 lii
2371 2816 2483 2854 sua:
2537 2804 2818 2854 sententia:
2881 2800 3023 2853 banc
3086 2801 3392 2855 rationem:

1811 2895 2043 2957 Nomen,
2100 2893 2368 2962 inquiunt,
2435 2892 2658 2947 Cherub
2689 2894 2754 2946 ad
2805 2893 3048 2962 juvenile
3112 2895 3390 2962 quoddam

1815 2986 1981 3039 robur
2033 2987 2250 3054 proprie
2279 2994 2504 3051 spectat,
2549 3001 2608 3036 ac
2635 2985 2862 3053 proinde
2896 2984 3192 3039 Cberubiui
3235 2987 3397 3055 spiris

1818 3085 1903 3129 tus
1936 3074 2042 3127 Deo
2082 3074 2371 3128 viciniores
2407 3074 2693 3136 assistunt,
2742 3089 2838 3128 nec
2880 3075 2946 3128 ad
2995 3087 3166 3130 terras
3200 3077 3396 3130 demit-

1817 3176 2037 3228 tuntur;
2098 3181 2272 3235 neque
2304 3167 2447 3218 enim
2509 3165 2790 3234 Scriptura
2830 3167 2894 3221 iis
2950 3168 3393 3234 procurationem

1817 3256 2052 3324 aliquam
2105 3256 2156 3307 in
2188 3255 2348 3308 terris
2401 3256 2659 3324 assignat,
2695 3257 2786 3309 sed
2818 3259 2991 3325 angeli
3029 3269 3157 3312 sunt
3201 3261 3292 3328 qui
3327 3263 3390 3312 ad

1816 3356 2012 3401 terram
2051 3348 2389 3414 ablegantur,
2445 3363 2640 3414 resque
2696 3349 2746 3399 in
2797 3363 2857 3400 ea
2905 3348 3291 3404 administrant
3336 3361 3392 3405 et

1814 3439 2150 3506 dispensant.
2197 3437 2396 3492 Verum
2432 3441 2638 3507 priores
2692 3439 2785 3502 illi,
2834 3442 2978 3494 inter
3011 3458 3146 3511 quos
3213 3445 3389 3499 domi-

1815 3547 1944 3584 ntnn
1977 3531 2238 3584 Jacobum
2299 3534 2658 3599 Sarugensem
2715 3548 2835 3586 esse
2870 3535 3128 3599 diximus,
3189 3549 3387 3606 negant

1815 3625 1952 3676 banc
1978 3640 2098 3675 esse
2135 3625 2369 3676 numinis
2401 3622 2618 3677 Cherub
2645 3628 2956 3689 notionem;
2997 3628 3105 3680 imo
3137 3629 3384 3682 ordinem

1813 3717 2101 3784 quemdam
2157 3717 2460 3768 coiit-stium
2508 3715 2794 3783 spirituum
2833 3732 2936 3770 nozi
2971 3720 3383 3787 aspectabilium

1811 3809 2111 3877 signiﬁcare
2149 3809 2247 3860 hoc
2278 3808 2598 3861 vocabulum
2645 3811 2832 3873 aiunt;
2900 3813 3088 3878 quales
3118 3827 3382 3880 apparue-

1812 3909 1935 3951 runt
1986 3899 2338 3961 Ezechieli“,
2376 3910 2429 3951 et
2491 3915 2719 3966 quorum
2793 3902 3080 3954 simulacra
3139 3904 3382 3969 quantam

1809 4001 1964 4044 erant
1999 3993 2050 4043 in
2083 3990 2256 4056 adytis
2289 3991 2620 4043 tabernaculi
2655 3992 2851 4058 posita,
2885 3995 3062 4061 itaque
3102 3995 3382 4060 geniorum
3415 3996 3422 4003 ’

1807 4083 2105 4135 ttrzlestium
2157 4082 2390 4147 aliquem
2445 4083 2623 4149 potius
2681 4083 2850 4136 fuisse
2890 4092 3176 4136 autumant
3209 4084 3384 4152 ipsum

1807 4172 2043 4229 Clierub,
2074 4171 2163 4238 qui
2192 4170 2330 4239 genii
2363 4172 2610 4223 cmlestes
2633 4170 2816 4222 dolent
2841 4171 2882 4223 si
2917 4172 3135 4232 quando
3161 4183 3386 4242 peccent

1809 4261 2062 4314 mortales
2087 4261 2218 4330 (228),
2252 4277 2316 4314 ac
2362 4277 2554 4316 rursus
2641 4262 2838 4330 gaudio
2898 4263 3202 4315 alliciuntur
3260 4280 3384 4317 eum

1809 4352 1931 4405 illos
1991 4351 2313 4404 delictorum
2373 4354 2618 4420 ptl‘ttitet,
2682 4364 2739 4405 ut
2791 4353 2866 4406 ait
2918 4355 3194 4410 Dominus.
3258 4355 3388 4410 Erat

1807 4443 1965 4511 igitur
1993 4441 2209 4496 Cberub
2237 4452 2423 4497 custos
2456 4445 2712 4510 paradisi,
2746 4446 3047 4498 caelestium
3092 4448 3382 4515 spirituum

106 4541 186 4606 Iis)
237 4541 315 4593 ob
383 4539 579 4591 oculos
634 4537 792 4590 nobis
848 4537 1001 4605 ponit
1061 4536 1454 4603 praecellentem
1505 4537 1716 4603 arboris
1747 4559 1790 4614 ο
1825 4548 1963 4586 unus
1994 4533 2190 4602 aliquis
2220 4541 2411 4587 tenens
2445 4534 2683 4587 lanceam
2736 4537 2970 4604 igneam,
3025 4553 3255 4608 eamque
3289 4543 3368 4593 vi-

106 4633 222 4683 vitte
259 4631 621 4699 dignitatem.
667 4626 818 4693 Quod
851 4643 979 4682 vero
1010 4627 1318 4682 versatilem
1345 4628 1583 4694 gladium
1620 4630 1705 4682 di-

103 4722 189 4784 (il,
223 4729 502 4790 perpetua
531 4734 656 4772 cum
689 4719 982 4787 agitatione
1012 4719 1118 4773 huc
1141 4719 1273 4772 illud
1293 4720 1563 4772 vibratum
1583 4735 1704 4774 esse

102 4812 408 4880 signiﬁcat,
449 4823 682 4864 corusco
713 4809 921 4878 fulgore
964 4810 1095 4862 inde
1136 4812 1400 4864 emicante
1450 4826 1558 4879 quo
1611 4811 1709 4863 ob-

104 4907 378 4959 iitentium
423 4904 570 4957 oculi
622 4917 727 4956 non
776 4905 898 4957 sine
959 4905 1187 4957 horrore
1222 4905 1698 4972 perstringeretur.

102 4999 366 5066 Superest
423 5005 482 5048 ut
532 4997 600 5050 de
629 4995 847 5049 Cherub
880 5005 934 5049 et
971 4996 1150 5062 gladio
1182 4995 1480 5059 videamus,
1515 4996 1702 5064 cujus-

102 5087 246 5138 inodi
321 5101 419 5139 res
468 5084 689 5136 fuerint.
748 5084 1008 5138 Dominus
1060 5082 1229 5138 Jacob
1271 5083 1592 5155 Sarugensis
1641 5102 1703 5139 ea

101 5179 355 5231 oratione
395 5190 564 5244 quam
605 5177 670 5228 de
706 5176 993 5237 Passionc,
1032 5186 1085 5230 et
1133 5192 1325 5232 rursus
1355 5192 1416 5230 ea
1447 5193 1608 5246 quam
1639 5179 1704 5231 de

102 5272 350 5323 Ascensu
383 5267 648 5335 scripsit;
709 5277 760 5319 et
792 5283 914 5321 eum
950 5283 1016 5320 eo
1047 5268 1140 5320 alii
1186 5267 1374 5322 dicunt
1425 5270 1701 5322 custodem

103 5362 344 5427 paradisi
389 5360 619 5414 Cbcrub
664 5359 834 5414 fuisse
864 5373 1030 5411 unum
1069 5361 1377 5428 quemqiam
1441 5376 1507 5414 ex
1544 5363 1705 5416 cccle-

165 5529 209 5560 ⁸¹
489 5536 658 5645 ιιιχιὲ,
693 5520 1027 5645 6.”³;¹[)ἓιιι.
1057 5535 1223 5642 ζίιιιιῗ
1263 5521 1368 5621 1ὅί⁸
1471 5519 1768 5644 ξιιοιγὼχῗί

171 5640 183 5645 -
391 5611 476 5645 er.
517 5611 588 5645 vi.
652 5635 665 5645 .
948 5608 1026 5645 or.
1079 5607 1158 5645 ·ι.
1233 5630 1244 5643 .
1443 5608 1468 5645 s
1529 5630 1541 5643 .
1620 5607 1698 5645 '.

1529 5630 1791 5657 ......,...

102 5599 183 5654 7|.
265 5599 314 5628 ³⁵
351 5597 476 5652 Jcr.
517 5611 588 5657 vi,
615 5594 665 5648 8.
745 5595 784 5623 ’⁸⁷
827 5593 868 5646 11
902 5592 1026 5646 Cor.
1061 5606 1158 5656 xu,
1193 5591 1244 5643 7.

169 5758 282 5829 EX)
337 5757 523 5810 Caute
548 5754 701 5829 lege;
732 5770 855 5809 nam
886 5757 1060 5829 angeli
1099 5754 1312 5829 proprie
1364 5769 1470 5829 non
1496 5754 1684 5829 _d_olent

103 5824 188 5881 sint
258 5824 567 5883 (r‘stanlur
611 5828 678 5878 de
742 5824 981 5891 |ecratis
1041 5824 1344 5894 lientiuttm,
1387 5825 1442 5880 S.
1496 5824 1689 5883 Thom.

1823 4625 1986 4678 brans
2031 4633 2192 4691 atque
2238 4640 2554 4685 coruscans,
2604 4635 2654 4678 et
2684 4628 2884 4692 primos
2934 4640 3184 4696 parentes
3213 4632 3389 4684 deter-

1817 4730 1941 4770 rens
1971 4715 2039 4770 ab
2065 4731 2316 4778 excessu,
2350 4727 2410 4769 ut
2442 4718 2610 4770 sensit
2635 4719 2889 4773 dominus
2926 4719 3158 4774 Jacobus
3213 4722 3384 4777 Saru-

1814 4809 2020 4876 gensis,
2083 4817 2137 4862 et
2195 4808 2594 4877 plerique'eum
2630 4826 2695 4864 eo
2727 4811 2969 4879 ejusdem
3002 4823 3161 4868 secta:
3193 4817 3312 4870 viri.

1884 4899 1988 4951 Sed
2012 4900 2121 4967 jam
2151 4911 2204 4954 et
2230 4902 2401 4967 locus,
2435 4911 2489 4954 et
2537 4913 2747 4971 tempus
2779 4909 3071 4972 postulant,
3111 4917 3165 4959 ut
3197 4909 3385 4976 dispu-

1812 4992 1973 5045 tando
2007 4993 2412 5062 investigemus,
2456 5010 2634 5048 unone
2677 4998 2973 5065 eodemque
3025 4999 3112 5051 die
3157 5014 3222 5052 an
3264 5001 3384 5068 plu-

1814 5086 1960 5149 ribus
1981 5086 2094 5138 haec
2125 5089 2304 5139 omnia
2338 5096 2486 5155 gesta
2519 5088 2630 5141 sint
2661 5103 2676 5140 :
2711 5098 2926 5144 creatus
2955 5072 3147 5153 Adam,
3178 5093 3386 5146 immis-

1813 5192 1905 5232 sus
1934 5177 1986 5229 in
2026 5178 2357 5244 paradisum,
2392 5179 2494 5230 lata
2539 5179 2645 5240 lex,
2708 5179 2876 5233 indita
2937 5182 3156 5234 nomina
3196 5181 3385 5236 bestiis

1814 5278 1868 5322 et
1923 5268 2264 5334 volucribus,
2297 5269 2509 5323 condita
2540 5268 2672 5333 Eva,
2712 5272 2918 5338 decepti
2956 5287 3051 5339 per
3078 5283 3380 5341 serpentem

1814 5361 1971 5431 primi
2003 5370 2274 5430 parentes,
2313 5361 2512 5416 violata
2566 5363 2672 5427 lex,
2720 5362 3056 5418 vindicatum
3096 5365 3149 5417 in
3181 5367 3379 5422 noxios

1813 5522 1869 5574 11
1898 5537 1912 5582 ;
1945 5537 2128 5583 xxvnt,
2163 5522 2246 5576 l9.
2301 5521 2344 5553 "
2379 5521 2526 5576 Psal.
2561 5535 2760 5588 ιλιι-ιι,
2787 5521 2881 5577 54.
2939 5521 3143 5578 "Psal.
3167 5536 3356 5586 cxvni,

1908 5592 1950 5622 “’
1987 5592 2185 5647 Ezecb.
2237 5609 2273 5657 ι,
2308 5593 2370 5646 15
2418 5609 2570 5662 seqq.

1797 5773 1811 5810 ι
1850 5736 1997 5825 part.
2021 5768 2214 5824 quast.
2249 5757 2366 5819 115,
2391 5765 2493 5812 art.
2523 5759 2551 5808 7
2574 5795 2587 5820 ,
2648 5757 2740 5810 Sed
2779 5766 2981 5810 tattnm
3012 5756 3380 5827 mClilf'ltOllt'e

1803 5842 1924 5882 cum
1973 5842 2222 5882 tlﬂth‘Bl.‘
2249 5831 2474 5883 salutem
2512 5837 2754 5884 nostram
2784 5830 3023 5886 cupiant.
