4202 6430
765 410 867 476 579

2036 397 2265 460 διΟὸΙὸ
2308 397 2460 460 BAR
2500 394 2747 460 CEPHA

3911 395 4022 458 580

766 520 1031 593 ι’]οοιῐιιιω
1069 516 1305 588 denique
1334 514 1410 572 llli
1458 522 1611 570 extra
1644 510 1977 586 paradisum.
2011 510 2087 569 De
2136 511 2237 568 hac
2280 525 2338 568 re
2368 517 2410 574 Α
2440 526 2587 577 cere.
2627 509 2786 581 cujus
2830 505 3073 583 potentia
3125 519 3352 580 prorsus
3400 503 3665 563 voluntati
3712 511 4023 579 respondet.

770 615 849 669 ita
898 609 1061 668 sentit
1107 607 1462 671 l‘hlloxenus,
1520 603 1767 662 oratione
1814 618 1977 675 quam
2003 604 2223 676 serlpslt
2273 604 2342 662 do

772 704 968 759 arbore
998 702 1142 765 vitae,
1182 708 1237 755 et
1264 696 1524 753 dominus
1554 696 1786 766 Ephrem
1836 695 2257 753 Commentarils
2286 695 2339 752 in

768 794 1047 855 Genesim,
1104 800 1266 859 atque
1320 788 1481 844 etiam
1558 786 1813 842 dominus
1882 784 2114 841 Jacobus
2177 787 2344 843 Saru-

771 884 975 954 gensis,
1009 878 1253 931 oratione
1271 876 1339 929 de
1369 874 1647 936 Passione,
1676 882 1731 926 et
1760 889 1884 926 cum
1913 874 1996 928 his
2020 874 2130 938 alii,
2162 875 2343 929 omnia

775 978 883 1028 iure
920 972 1107 1025 eodem
1151 984 1262 1023 uno
1288 968 1373 1021 die
1399 968 1489 1036 qui
1527 976 1714 1021 sextus
1742 975 1917 1019 erata
1955 965 2170 1019 condito
2210 966 2347 1019 caelo

773 1076 1051 1132 terraque,
1104 1068 1225 1113 acta
1276 1069 1441 1127 atque
1478 1057 1727 1111 confecta
1770 1072 1933 1111 esse:
1971 1056 2194 1124 ejusque
2248 1056 2345 1120 rei,

772 1158 882 1210 duo
920 1154 1131 1207 faciunt
1159 1159 1481 1219 argumenta
1518 1166 1531 1203 :
1561 1149 1811 1212 alterum,
1844 1148 1988 1217 quod
2013 1148 2190 1202 adhuc
2216 1147 2348 1201 nihil

774 1246 1017 1298 cdisscttt
1079 1242 1254 1295 Adam
1307 1254 1589 1308 uxorque;
1640 1253 1765 1293 nam
1815 1239 1861 1292 si
1897 1247 2177 1294 vescentes
2223 1247 2349 1293 ante

773 1337 998 1391 vidisset
1025 1349 1267 1404 serpens,
1296 1333 1519 1387 minime
1548 1333 1780 1387 dixisset
1808 1333 1872 1386 ad
1906 1332 2068 1386 Evam
2101 1349 2114 1385 :
2162 1330 2350 1385 Verene

774 1429 931 1495 iussit
974 1427 1131 1489 Deus,
1177 1442 1239 1478 ne
1269 1425 1491 1478 ederetis
1522 1426 1585 1479 de
1629 1426 1791 1478 omni
1819 1424 2007 1477 arbore
2059 1424 2296 1491 paradisi
2328 1425 2352 1477 ?

774 1519 892 1575 1am
927 1534 1052 1573 vero
1099 1518 1145 1572 si
1188 1522 1359 1572 multo
1388 1527 1516 1572 ante
1549 1519 1752 1571 conditi
1799 1518 2053 1579 fuissent,
2085 1517 2355 1585 nequivis-

778 1620 899 1665 sent
941 1610 1118 1663 adlmc
1170 1609 1377 1678 absque
1414 1608 1559 1663 fame
1605 1617 1659 1662 et
1698 1609 1820 1662 cibo
1872 1608 2035 1661 vitam
2106 1607 2351 1661 tolerare.

775 1704 1017 1755 Alterum
1052 1702 1277 1771 petitum
1307 1710 1391 1755 est
1418 1714 1481 1755 ex
1516 1700 1583 1754 iis
1616 1716 1737 1770 quae
1760 1714 1953 1770 passus
1983 1709 2065 1754 est
2096 1699 2357 1754 Dominus

778 1798 966 1844 noster
981 1788 1268 1856 Christus;
1302 1803 1364 1843 ca
1388 1789 1531 1843 enim
1556 1789 1896 1843 emendando
1920 1788 2108 1843 Adami
2137 1789 2356 1848 delicto,

780 1891 973 1934 exacto
997 1890 1183 1934 tenore
1208 1885 1537 1951 respondere
1561 1882 1731 1935 aiunt.
1755 1880 1913 1936 Verbi
1933 1885 2103 1951 gratia
2131 1901 2145 1937 :
2170 1882 2356 1948 Sexto,
2391 1858 2434 1917 Β

780 1972 1058 2041 inquiunt,
1091 1972 1178 2027 die
1217 1983 1437 2027 creatus
1466 1982 1547 2027 est
1575 1974 1768 2036 Adam,
1794 1974 1981 2028 eodem
2014 1977 2358 2032 excruciatus

777 2072 862 2116 est
898 2062 1158 2118 Dominus
1196 2072 1399 2127 noster,
1450 2065 1503 2117 in
1537 2065 1655 2133 ejus
1711 2065 1815 2120 diei
1866 2066 2020 2119 initio
2061 2067 2147 2120 ille
2176 2076 2259 2121 est
2290 2084 2354 2123 ex

779 2152 893 2205 luto
916 2153 1268 2221 compositus,
1311 2153 1398 2207 hic
1431 2153 1556 2207 item
1588 2154 1653 2208 ad
1690 2156 1922 2209 tribunal
1950 2168 2175 2224 raptus;
2228 2158 2358 2211 hnra

781 2243 928 2296 illius
958 2244 1063 2297 dici
1096 2244 1249 2297 tertia
1296 2245 1549 2302 inductus
1588 2257 1673 2302 est
1711 2249 1763 2303 in
1798 2251 2131 2319 paradisum,
2159 2261 2210 2304 et
2235 2250 2361 2305 Ser-

784 2344 937 2388 vator
964 2344 1151 2389 noster
1183 2336 1339 2390 tertia
1368 2337 1501 2392 hora
1532 2348 1813 2395 extractus
1842 2349 1923 2395 est
1947 2357 2012 2395 ex
2045 2342 2177 2396 urbe
2203 2340 2361 2396 Jeru-

786 2426 978 2490 salem,
1007 2426 1249 2481 humeris
1276 2442 1494 2484 crucem
1525 2447 1678 2485 suam
1707 2432 1987 2501 bajulans;
2016 2442 2068 2487 et
2100 2449 2206 2503 quo
2228 2443 2362 2486 tem-

784 2532 914 2585 pore
947 2519 1120 2573 Adam
1155 2537 1348 2576 manus
1383 2525 1654 2592 protendit
1677 2525 1742 2579 ad
1768 2525 2133 2595 decerpeudos
2154 2526 2361 2581 fructus

788 2616 1030 2678 negatos,
1058 2610 1247 2665 eodem
1266 2611 1519 2668 Christus
1535 2630 1663 2669 suas
1682 2616 1940 2671 distendit
1958 2632 2117 2685 super
2133 2619 2358 2686 lignum.

790 2700 996 2757 ltursus
1029 2716 1060 2756 a
1092 2714 1244 2757 sexta
1278 2704 1345 2757 ad
1383 2720 1582 2760 nonam
1615 2708 1803 2761 horam
1832 2717 2029 2763 exutus
2062 2719 2149 2764 est
2188 2711 2358 2763 Adam

788 2805 885 2843 sua
911 2789 1104 2859 gloria,
1139 2808 1397 2869 noxa'que
1422 2797 1659 2857 deditus,
1701 2796 1885 2867 itaque
1922 2808 1977 2853 et
2023 2801 2094 2855 ob
2146 2815 2360 2855 crucem

789 2880 1018 2937 Christi.
1067 2879 1162 2936 Sol
1197 2898 1227 2937 a
1259 2894 1411 2938 sexta
1441 2886 1509 2938 ad
1550 2899 1775 2949 nonam,
1813 2888 2017 2943 amisso
2082 2890 2366 2956 splendore

792 2969 1119 3025 obscuratus
1177 2980 1283 3037 est,
1336 2984 1501 3044 atque
1527 2976 1777 3030 universa
1818 2988 2065 3032 creatura
2094 2978 2238 3034 luctu
2272 2994 2368 3035 co-

789 3060 1202 3129 eperata,quasi
1234 3064 1485 3116 retricata
1510 3063 1721 3133 pristini
1738 3064 1867 3119 Adae
1894 3081 2056 3121 casus
2082 3069 2364 3123 memoria.

2447 600 2539 657 sed
2560 599 2688 673 qula
2724 613 2829 656 non
2859 598 2995 656 satis
3016 606 3445 654 consentaneum
3472 595 3684 652 videtur
3707 607 3771 653 ea
3800 595 3878 653 sic
3900 606 4024 651 aeta

2447 702 2590 746 esse.
2646 688 2713 744 Et.
2744 700 2873 744 vero
2901 686 2948 743 sl
2980 685 3155 743 Adam
3185 684 3350 740 etiam
3399 692 3513 740 tum
3551 684 3757 739 nullum
3789 683 4028 754 [lll'Idiai

2452 778 2686 835 fructum
2714 785 2983 848 gustasset
3013 785 3204 847 praeter
3222 775 3449 831 vetitum
3482 774 3657 838 illum.
3687 790 3863 845 neque
3888 775 4031 830 satis

2456 872 2637 925 adhuc
2662 880 2757 925 aut
2788 870 2966 924 locum
3008 870 3206 938 ipsum,
3240 877 3333 921 aut
3354 868 3470 937 ejus
3497 866 3720 922 delicias
3747 875 4032 936 expertus.

2454 965 2627 1019 solum
2673 963 2922 1015 vertisset
2961 976 2976 1014 :
3015 960 3107 1029 qui
3153 960 3419 1028 potuisset
3447 973 3544 1027 per
3566 960 4030 1027 comparationem

2454 1070 2518 1109 ex
2538 1055 2656 1124 ejus
2675 1062 2835 1107 terrze
2857 1052 2997 1106 unde
3012 1051 3288 1104 exciderat
3307 1051 3582 1114 felicitate,
3610 1065 3756 1109 eam,
3784 1050 3835 1102 in
3867 1064 4033 1117 quam

2455 1144 2864 1207 detrudebatur,
2883 1142 3101 1203 duram,
3124 1140 3422 1206 horridam,
3448 1150 3610 1210 atque
3628 1140 3889 1195 infelicem
3913 1140 4038 1193 exi-

2458 1234 2713 1292 stimare?
2743 1234 2846 1289 Sed
2884 1235 3034 1290 dices
3063 1250 3082 1288 :
3114 1232 3385 1286 Audivere
3424 1248 3608 1287 vocem
3657 1233 3747 1287 Dei
3778 1233 4039 1301 gradien-

2460 1330 2532 1384 tis
2565 1343 2661 1397 per
2692 1326 3002 1397 paradisum
3030 1328 3117 1381 die
3141 1327 3254 1395 jam
3287 1335 3398 1381 tum
3428 1325 3689 1379 inclinato
3716 1324 3871 1393 pulsi
3900 1338 4037 1392 ergo

2461 1428 2589 1473 sunt
2613 1433 2679 1473 eo
2730 1418 2837 1473 die.
2875 1417 3040 1484 Atqui
3072 1417 3351 1487 Scriptura
3378 1431 3485 1469 non
3518 1417 3669 1479 dicit,
3702 1429 3824 1468 eum
3865 1414 4040 1467 fuisse

2462 1510 2602 1565 diem
2631 1525 2741 1580 quo
2772 1509 3027 1564 conditus
3060 1506 3239 1562 fuerat
3277 1508 3543 1563 Adatnus.
3574 1508 3697 1563 Pari
3740 1521 3869 1575 ergo
3897 1520 4037 1559 con-

2463 1600 2659 1655 feceris
2690 1601 2921 1665 ratione,
2949 1602 3139 1655 eodem
3186 1601 3276 1654 die
3333 1610 3387 1656 et
3412 1599 3677 1654 Joannem
3737 1599 4037 1669 Baptistam

2463 1702 2519 1747 et
2540 1691 2817 1747 Christum
2843 1693 3078 1758 venisse,
3109 1692 3549 1761 quandoquidem
3573 1691 3811 1746 historia:
3842 1695 4041 1756 series,

2466 1786 2545 1840 cis
2576 1785 2770 1839 diebus
2798 1783 3000 1853 quibus
3027 1785 3278 1854 apparuit
3303 1784 3413 1847 ille,
3438 1786 3599 1853 hujus
3628 1784 3768 1839 diem
3806 1786 4043 1853 subjun-

2462 1880 2557 1950 git.
2592 1878 2697 1935 Sed
2736 1895 2913 1950 neque
2943 1879 3077 1932 illud
3110 1880 3244 1933 satis
3275 1880 3491 1932 lirmum
3514 1888 3598 1932 est
3634 1886 4041 1947 argumentum,

2464 1990 2563 2029 cur
2599 1990 2946 2045 praepropera
3005 1973 3358 2029 festinatione
3411 1970 3805 2025 conturhemus
3854 1984 4042 2022 rerum

2460 2081 2732 2137 gestarum
2758 2046 2979 2133 seriem,
3006 2076 3169 2135 atque
3210 2066 3374 2119 unius
3400 2063 3757 2133 ejusdemque
3785 2062 3891 2115 diei
3913 2077 4049 2129 spa-

2462 2160 2539 2212 tio
2578 2169 2686 2213 tam
2724 2160 2892 2213 multa
2931 2160 3350 2222 concludamus,
3398 2158 3543 2227 quod
3577 2157 3643 2211 de
3676 2156 3877 2210 Christi
3909 2171 4048 2209 cru-

2460 2250 2695 2305 ciatibus
2739 2251 2961 2305 allatum
3034 2259 3137 2305 est.
3190 2250 3326 2303 Nam
3380 2261 3438 2304 ut
3498 2250 3729 2305 libentes
3786 2248 4050 2308 fatemur,

2463 2342 2741 2395 Christum
2783 2341 2869 2396 die
2906 2350 3062 2396 sexto
3090 2340 3414 2396 emendasse
3448 2350 3612 2410 atque
3643 2342 3890 2409 expiasse
3920 2355 4054 2408 quae

2463 2430 2532 2488 ab
2584 2434 2794 2487 Adamo
2847 2433 3089 2488 admissa
3173 2432 3411 2494 fuerant,
3487 2435 3563 2486 ita
3624 2432 3736 2485 fieri
3801 2432 4056 2492 potuisse

2463 2526 2843 2601 contendimus
2880 2534 2939 2577 ut
2987 2525 3252 2590 Adamus,
3314 2540 3438 2578 cum
3492 2524 3583 2578 die
3642 2523 3843 2577 conditi
3895 2524 4056 2576 urbis

2465 2624 2617 2671 sexto
2666 2626 2811 2671 esset
2845 2624 3062 2672 creatus
3094 2624 3254 2686 atque
3288 2616 3478 2669 eodem
3522 2617 3683 2669 etiam
3705 2616 4055 2685 deliquisset.

2466 2709 2573 2763 alio
2622 2709 2709 2763 die
2745 2717 2928 2772 sexto.
2962 2724 3063 2780 pro
3097 2723 3160 2763 ea
3185 2708 3400 2763 dierum
3442 2708 3585 2762 serie
3626 2722 3734 2776 qua
3762 2723 4060 2760 recurren-

2467 2808 2551 2855 tes
2584 2807 2961 2863 recensentur,
2998 2799 3083 2852 sui
3124 2798 3310 2868 ﬂagitii
3346 2799 3742 2853 condemnatus
3772 2812 3803 2851 a
3835 2798 3949 2851 Deo
3984 2799 4062 2849 sit

2468 2902 2635 2961 atque
2685 2892 3002 2945 eliminatus
3037 2892 3314 2960 paradiso.
3347 2888 3639 2944 Enimvero
3691 2890 3814 2959 quis
3865 2890 4064 2944 credat

2470 2985 2617 3055 (cum
2665 2984 3067 3054 amplissimum
3112 2992 3259 3038 esset
3325 2982 3564 3053 paradisi
3628 2983 3887 3051 spatium)
3942 2996 4064 3034 uno

2471 3076 2558 3131 die
2595 3076 2865 3130 Adamum
2896 3089 3019 3130 esse
3042 3088 3319 3145 egressum
3344 3075 3410 3129 ad
3443 3073 3769 3142 imponenda
3800 3072 4066 3126 animan-

793 3150 988 3259 l-llapsa
1018 3150 1212 3259 deinde
1240 3167 1385 3207 nona
1444 3155 1601 3255 hora,
1623 3189 1630 3195 ο
1654 3155 1928 3259 dissipata:
1954 3166 2115 3228 atque
2161 3160 2367 3215 abacta
2398 3201 2440 3259 Ο
2471 3169 2619 3224 tibus
2657 3167 2903 3234 nomina,
2931 3168 3238 3235 eodemque
3287 3166 3578 3221 revertisse
3602 3165 3655 3219 in
3681 3165 3915 3219 modium
3956 3178 4064 3232 pa-

795 3247 922 3291 sunt
975 3241 1240 3306 tenebrae;
1294 3257 1403 3310 qua
1442 3259 1503 3297 re
1555 3244 1968 3309 significabatur
2023 3248 2201 3303 soluta
2256 3252 2369 3318 jam

792 3339 906 3383 tum
942 3347 1062 3387 esse
1099 3350 1159 3387 ea
1193 3334 1332 3387 ηειδιά
1365 3351 1485 3401 qua:
1535 3352 1707 3406 genus
1737 3340 2035 3394 humanum
2063 3342 2370 3398 circumde-

796 3423 1007 3487 derant,
1071 3435 1236 3495 atque
1290 3440 1623 3497 occuparant
1670 3442 1887 3499 pt’opter
1944 3433 2111 3502 legem
2158 3433 2250 3487 Dei
2304 3434 2371 3487 ab

797 3516 1007 3569 Adamn
1042 3516 1318 3571 violatam.
1364 3518 1591 3586 Insuper
1628 3536 1738 3588 quo
1787 3533 2031 3591 tempore
2083 3523 2375 3578 confossus

802 3606 1062 3662 Dominus
1080 3621 1263 3663 noster
1290 3611 1498 3676 lancea,
1517 3614 1705 3667 eodem
1728 3630 1758 3667 a
1785 3616 1999 3669 Chct-uh
2022 3618 2247 3670 custode
2280 3633 2375 3683 pa-

803 3702 964 3753 radisi
1015 3710 1068 3754 et
1115 3703 1327 3757 arboris
1377 3706 1499 3759 vitm
1534 3705 1709 3759 ablata
1754 3719 1835 3762 est
1868 3709 2075 3764 lanaea.
2136 3710 2378 3779 Denique

803 3806 909 3857 qua
961 3792 1089 3845 hora
1133 3794 1321 3864 pulsus
1349 3808 1429 3851 est
1462 3798 1716 3866 paradiso
1743 3799 1983 3855 Adamus
2019 3818 2046 3854 a
2099 3802 2227 3866 Deo,
2288 3819 2379 3859 ea-

804 3878 929 3934 dem
962 3897 1186 3950 prorsus
1212 3900 1244 3938 a
1290 3886 1508 3943 Christo
1542 3890 1787 3945 immissa
1847 3902 1930 3946 est
1975 3893 2024 3947 in
2067 3895 2375 3963 paradisum

802 3973 980 4027 anima
1006 3973 1232 4031 latronis
1262 3978 1372 4050 (29)
1408 3996 1421 4031 :
1448 3994 1511 4034 ac
1535 3981 1761 4050 proinde
1778 3998 1886 4052 quo
1910 3987 2379 4054 temporedwmon

801 4064 988 4120 videns
1017 4066 1249 4135 ejectum
1279 4070 1534 4139 paradiso
1583 4074 1853 4129 Adamum
1898 4078 2118 4147 gavisus
2151 4090 2251 4144 est,
2287 4094 2383 4135 eo-

805 4158 927 4212 dem
965 4170 1018 4214 et
1052 4160 1223 4215 doluit
1254 4176 1377 4216 cum
1404 4175 1654 4221 cerneret
1677 4166 1909 4225 latronis
1941 4172 2177 4225 animam
2202 4173 2253 4226 in
2288 4188 2382 4242 pao

808 4250 1049 4304 raolisum
1082 4252 1381 4307 reductam.
1420 4252 1631 4325 Quippe
1686 4274 1811 4312 cum
1860 4260 2064 4314 Christi
2114 4263 2293 4317 anima
2326 4264 2379 4318 in

808 4357 969 4393 cruce
996 4352 1138 4397 esset
1164 4359 1193 4396 a
1236 4358 1461 4413 corpore
1504 4358 1774 4416 separata,
1819 4350 1933 4420 ipsa
1962 4354 2217 4409 divinitas
2247 4356 2371 4410 sim,

809 4431 1039 4499 pliciter,
1071 4448 1247 4502 neque
1290 4450 1491 4507 corpus
1526 4454 1700 4508 neque
1733 4441 1972 4494 animam
2002 4443 2260 4508 deseruit,
2292 4446 2384 4499 sed

2477 3260 2740 3324 radisum,
2773 3259 2875 3313 hoc
2899 3268 3002 3323 est,
3029 3258 3324 3312 multorum
3354 3258 3565 3312 dierum
3596 3259 3693 3307 iter
3714 3257 4023 3310 confecisse
4043 3257 4069 3308 ἲ

2475 3350 2676 3405 Eodem
2735 3353 2897 3403 etiant
2940 3358 3247 3419 exemptam
3292 3350 3394 3418 ipsi
3448 3359 3657 3403 costam
3692 3363 3841 3419 esse,
3887 3358 3944 3401 et
4006 3351 4065 3401 in

2477 3444 2758 3498 mulierem
2800 3441 3272 3505 transformatam,
3342 3442 3533 3496 eodem
3569 3442 3636 3495 de
3668 3442 3829 3495 vetita
3862 3440 4071 3494 arbore

2478 3537 2668 3590 ambos
2697 3536 2875 3589 edisse
2927 3535 3289 3604 paradisoque
3322 3549 3447 3589 csse
3489 3533 3775 3588 extrusos?
3808 3533 3977 3593 Sane,
4012 3544 4074 3585 et

2478 3629 2649 3692 exire,
2693 3638 2747 3680 et
2780 3626 3007 3691 reverti,
3040 3635 3096 3680 et
3128 3635 3387 3695 praetcrea
3426 3625 3591 3679 tantis
3636 3626 3757 3678 aliis
3796 3625 4075 3677 interesse

2478 3719 2665 3781 rebus,
2696 3718 2841 3771 haud
2883 3725 2968 3771 est
3020 3732 3121 3787 pro
3156 3719 3319 3771 unius
3359 3718 3466 3772 diei
3504 3717 3710 3785 spatio;
3740 3726 3794 3769 et
3836 3714 4073 3782 quidem

2481 3825 2589 3866 non
2619 3810 2810 3877 integri
2842 3809 2936 3865 sed
2968 3823 2998 3862 a
3031 3809 3273 3864 diluculo
3296 3810 3363 3864 ad
3412 3824 3611 3864 nonam
3649 3809 3911 3863 duntaxat
3960 3807 4078 3861 hu-

2482 3918 2599 3956 ram
2632 3916 2829 3971 usque,
2876 3910 2937 3955 ut
2994 3901 3073 3956 illi
3116 3903 3293 3958 aiunt.
3348 3902 3592 3972 Denique
3628 3902 3884 3964 dicimus,
3914 3901 4078 3955 haud

2482 3994 2775 4050 verisimile
2797 3994 2988 4059 videri,
3024 3995 3215 4049 eodem
3242 3994 3326 4048 die
3351 4004 3406 4047 et
3456 3995 3734 4049 conditum
3765 4008 3888 4048 esse
3917 3994 4080 4047 Ada-

2483 4102 2632 4142 mum
2659 4087 3094 4141 etanimantibus
3111 4101 3207 4140 sua
3223 4100 3344 4140 eum
3368 4087 3629 4143 indidisse
3657 4086 3895 4141 nomina.
3926 4084 4079 4139 Nam

2484 4178 2534 4234 si
2561 4192 2671 4248 quo
2695 4188 2939 4247 tempore
2964 4186 3089 4231 sunt
3118 4187 3397 4245 procreata
3444 4178 3717 4238 animalia,
3748 4178 3940 4229 eodem
3997 4178 4081 4229 si-

2487 4271 2601 4326 mul
2660 4280 2713 4325 et
2764 4272 2984 4324 nomina
3022 4270 3265 4324 Adamus
3324 4270 3611 4323 dedisset:
3649 4269 3891 4338 profecto
3956 4284 4081 4323 non

2490 4372 2825 4417 memoraret
2857 4361 3159 4430 Scriptura,
3193 4361 3359 4415 Deum
3389 4362 3475 4415 illa
3503 4363 3569 4415 ad
3588 4362 3856 4415 Adamum
3890 4362 4083 4414 addu-

2490 4454 2659 4507 xisse.
2723 4452 2907 4522 Neque
2934 4454 3080 4507 enim
3109 4462 3238 4507 ante
3269 4468 3391 4506 eum
3424 4453 3565 4506 diem
3595 4468 3707 4521 quo
3737 4463 3963 4507 creatus
3992 4468 4081 4509 est

808 4532 861 4576 «ι
891 4539 997 4576 una
1033 4539 1157 4578 cum
1218 4541 1448 4597 corpore
1508 4531 1816 4600 sepulcrum
1873 4526 2039 4587 subiit
2063 4552 2105 4601 ;,
2133 4544 2187 4591 et
2222 4539 2371 4591 simu

2490 4544 2661 4597 Adam
2695 4543 2784 4597 illa
2831 4544 2982 4598 fuere
3041 4552 3185 4607 orta,
3240 4544 3333 4599 sed
3368 4560 3433 4598 eo
3463 4547 3581 4615 ipso
3638 4560 3747 4613 quo
3802 4546 4083 4613 Adamus,

808 4629 933 4669 cum
961 4615 1140 4668 anima
1184 4616 1385 4673 inferos
1430 4622 1684 4682 correxit,
1743 4633 1905 4691 atque
1935 4626 2001 4677 ad
2052 4641 2146 4680 eas
2177 4615 2389 4682 animas

811 4722 931 4774 qme
976 4706 1105 4760 inibi
1155 4709 1481 4764 tenebantur
1520 4714 1838 4766 concionem
1897 4715 2088 4769 habuit
2140 4719 2282 4771 sicut
2316 4718 2393 4773 ait

815 4797 1009 4852 Petrus
1056 4799 1334 4866 apostolus
1365 4803 1418 4855 in
1468 4818 1566 4857 sua
1618 4806 1844 4874 epistola
1870 4807 1936 4859 ’°.
1974 4806 2158 4877 Itaque
2212 4815 2391 4866 anima

812 4888 1015 4942 Christi
1052 4904 1144 4946 cas
1177 4890 1387 4948 animas
1420 4910 1539 4964 qua:
1574 4897 1626 4950 in
1675 4912 1734 4952 se
1759 4901 2074 4967 credebant,
2101 4902 2168 4956 ab
2205 4903 2392 4959 inferis

814 4982 1058 5047 sustuiil,
1106 4984 1473 5055 subveCtaque
1508 4987 1726 5044 induxit
1775 5006 1897 5046 cum
1936 4994 2164 5048 latronis
2208 4997 2387 5051 anima

816 5088 869 5124 ιιι
905 5074 1216 5141 paradisum
1252 5078 1393 5132 unde
1421 5081 1682 5148 expulsus
1710 5081 1884 5136 fuerat
1913 5086 2174 5141 Adamus.

890 5165 1150 5219 Adnmum
1176 5168 1355 5221 eodem
1379 5172 1463 5224 die
1498 5181 1729 5225 creatum
1768 5187 1814 5228 et
1846 5192 1874 5229 e
1900 5180 2151 5244 paradiso
2173 5179 2394 5247 eiectum

816 5272 918 5307 rion
957 5258 1141 5325 fuisse.
1179 5288 1250 5300 —-
1282 5261 1479 5316 Verum
1533 5270 1799 5321 sententia
1840 5268 2069 5324 aliorum
2111 5272 2393 5327 doctorum

814 5354 920 5408 est,
956 5363 1296 5419 nequaquam
1351 5369 1461 5407 uno
1495 5354 1582 5408 die
1609 5359 1788 5411 omnia
1844 5360 1934 5414 illa
1964 5378 2083 5416 esse
2130 5376 2342 5433 peracta
2382 5386 2394 5419 :

817 5456 922 5495 non
953 5443 1078 5513 quia
1096 5460 1204 5499 non
1224 5450 1455 5515 potuerit
1487 5448 1625 5505 Dens
1661 5461 1768 5505 tam
1795 5454 1911 5508 bre\
1927 5455 1939 5506 i
1958 5470 2018 5507 ca
2038 5458 2212 5525 spatio
2229 5461 2401 5511 conti-

887 5624 931 5655 ”
960 5626 974 5679 Ι
1002 5628 1141 5681 Pctr.
1170 5645 1251 5696 ttt,
1300 5630 1387 5687 19.

2488 4638 2651 4692 etiam
2679 4637 2769 4691 illa
2817 4646 2945 4691 sunt
2966 4645 3285 4705 procreata;
3326 4652 3496 4704 quare
3525 4653 3716 4706 parum
3752 4652 4083 4706 congruen-

2491 4738 2572 4783 tcr
2602 4728 2715 4797 ipsa
2747 4727 2999 4782 dicantur
3053 4728 3245 4780 eodem
3306 4742 3417 4780 uno
3461 4743 3583 4781 cum
3615 4727 3824 4780 Adamn
3869 4728 3963 4782 die
4023 4730 4083 4783 in

2491 4820 2703 4875 dissitis
2735 4817 3048 4888 regionibus
3077 4827 3217 4879 orta,
3244 4826 3297 4870 et
3326 4818 3489 4870 simul
3550 4818 3616 4870 ad
3649 4818 3916 4869 Adamum
3949 4831 4082 4873 acta

2492 4926 2653 4977 esse;
2726 4910 2976 4979 quamvis
3035 4910 3086 4960 id
3142 4908 3195 4960 in
3254 4908 3506 4961 volucres
3558 4908 3826 4976 quadrare
3874 4912 4086 4977 possit,

2496 5004 2695 5073 quippe
2752 5016 2871 5071 qua:
2901 5002 3011 5071 jam
3059 5012 3184 5053 ante
3229 5002 3443 5054 fuerant
3490 5012 3682 5054 enata'.
3723 5001 3880 5066 Quod
3924 5007 4085 5058 enim

2500 5104 2869 5148 memorantur
2898 5093 3150 5146 animalia
3184 5094 3248 5145 ad
3267 5094 3528 5146 Adamum
3560 5109 3588 5146 a
3625 5092 3731 5146 Deo
3760 5109 3882 5149 esse
3904 5096 4092 5149 addu-

2500 5196 2607 5247 cta,
2646 5185 2921 5253 significat
2971 5184 3135 5236 variis
3188 5184 3389 5252 alioqui
3440 5186 3574 5237 locis
3627 5184 3715 5237 illa
3779 5199 4085 5253 procreati

2502 5277 2856 5345 dispersoque
2944 5274 3197 5342 agitasse.
3282 5274 3759 5330 Verumcnimvcro
3838 5278 4088 5332 liberum

2505 5377 2620 5422 esto
2647 5366 2860 5430 lecturi,
2902 5377 3078 5419 utram
3122 5367 3249 5421 velit
3290 5369 3483 5421 harum
3534 5370 3762 5422 duarum
3825 5370 3978 5425 inter
4029 5389 4093 5425 se

2510 5458 2945 5512 advet‘sariarum
2978 5458 3296 5526 opinionum
3336 5460 3583 5529 amplecti
3620 5470 3783 5533 atque
3815 5464 4093 5519 retinere.

889 5814 999 5888 (29)
1026 5816 1141 5875 Non
1192 5816 1245 5873 in
1281 5827 1589 5877 terrestrem
1632 5822 1941 5891 paradisum
1998 5823 2241 5883 immtssa
2289 5834 2371 5885 est
2413 5825 2640 5884 latronis
2668 5827 3065 5896 auima,sedin
3102 5830 3348 5900 gloriam.
