4202 6430
143 410 238 474 581

1271 402 1365 460 DE
1411 399 1812 459 PAltADlSO.
1855 422 1922 432 -
1963 396 2149 454 PARS»
2194 397 2239 456 Ι.

3282 399 3393 458 552

143 528 269 582 Nam
301 533 450 579 certa
475 531 663 579 earum
712 534 892 574 rerum
930 517 1169 586 cognitio
1200 517 1252 568 in
1288 515 1471 568 futuro
1497 513 1717 566 demum
1748 515 1793 575 Α
1826 510 1877 562 in
1910 509 2161 577 paradiso
2210 515 2602 562 commoratum
2651 519 2770 560 esse
2819 506 2980 560 horas
3031 521 3138 560 non
3164 511 3394 577 amplius

141 619 340 674 smcnlo
403 616 472 670 iis
519 612 765 667 absolute
803 609 1102 675 continget,
1145 606 1236 674 qui
1292 613 1450 658 antea
1486 602 1714 660 ,virtutis

143 708 416 764 exercitiis
466 721 522 761 sc
554 705 656 774 ipsi
706 703 792 756 hic
820 716 850 755 a
884 698 1092 769 peccati
1137 697 1372 751 tenebris
1421 707 1717 764 perpurga-

141 803 336 853 rerint.

209 894 425 958 Quanto
451 900 677 956 tempore
707 885 876 936 Adam
910 884 1096 936 vixerit
1130 882 1184 934 iu
1219 875 1711 948 paradiso.——Jam

139 999 266 1036 vero
317 982 426 1033 hoc
483 993 702 1047 quoque
768 975 1123 1045 expediamus
1163 990 1176 1025 :
1225 978 1428 1040 quanto
1476 977 1716 1035 tempore

139 1075 403 1127 manserit
437 1075 609 1126 Adam
638 1069 688 1123 in
719 1069 992 1138 paradiso.
1022 1063 1120 1118 Hic
1153 1063 1370 1132 quidam
1405 1059 1716 1114 existimant

141 1165 358 1234 triginta
393 1177 567 1216 annos
611 1161 742 1214 inibi
776 1158 977 1222 fuisse,
1030 1169 1222 1224 nempe
1271 1160 1404 1221 quot
1458 1150 1716 1204 Dominus

139 1267 319 1311 noster
341 1257 399 1308 in
434 1255 643 1310 mundo
687 1253 797 1323 egit
851 1267 947 1321 pro
971 1249 1242 1320 expiando
1283 1246 1427 1300 illius
1458 1245 1666 1300 scelere
1696 1257 1712 1297 :

138 1355 198 1399 ut
243 1346 493 1415 quandiu
550 1342 712 1412 primi
771 1342 1022 1396 homines
1050 1337 1448 1408 magniﬁcentia
1481 1332 1715 1404 paradisi

135 1448 263 1491 sunt
293 1434 479 1504 potiti,
509 1433 695 1487 tandiu
749 1434 851 1487 iste
903 1429 1090 1486 mundi
1135 1429 1300 1498 hujus
1353 1426 1712 1482 humilitatem

136 1526 484 1580 toleraverit.
539 1526 643 1578 Alii
677 1535 891 1592 putant,
948 1521 1306 1591 quadraginta
1350 1520 1538 1572 diebus
1571 1518 1713 1570 Ada-

134 1630 284 1668 mum
331 1616 444 1671 illic
479 1615 740 1679 laesisse;
783 1628 958 1674 eoque
992 1612 1270 1667 Christum
1323 1610 1440 1664 dies
1493 1610 1712 1664 totidem

131 1706 404 1776 jejunium
463 1710 768 1771 duravisse,
815 1705 1076 1760 nimirum
1135 1714 1193 1758 ut
1242 1704 1404 1771 hujus
1444 1701 1712 1770 jejunium

133 1801 384 1854 remedio
415 1810 556 1854 esset
590 1800 806 1852 illorum
848 1795 1104 1867 ingluviei
1135 1811 1230 1864 per
1256 1811 1416 1863 quam
1445 1794 1715 1848 admisere

1825 615 1955 663 sex;
1990 615 2018 652 a
2052 603 2208 654 tertia
2249 599 2478 660 scilicet,
2507 598 2574 652 ad
2635 612 2833 651 nonani
2865 613 3035 668 usque
3078 599 3180 654 diei
3213 604 3388 662 sexti;

1816 691 1982 758 idque
2045 692 2222 745 tribus
2279 689 2578 744 rationibus
2639 690 3021 742 demonstrare
3103 691 3396 746 nituntur:

1816 796 2048 850 quarum
2082 782 2256 849 prima
2289 790 2393 843 est,
2428 780 2556 848 quia
2590 783 2760 834 multo
2788 780 2999 835 facilius
3023 781 3191 851 decipi
3224 786 3399 852 potuit

1816 874 2058 928 Atlamus
2093 876 2145 928 in
2183 874 2304 942 ipso
2333 874 2516 928 statim
2542 873 2695 926 initio
2717 889 2877 942 quam
2913 873 2955 926 si
2981 872 3227 941 longiore
3257 887 3344 928 ten
3368 906 3397 920 ν

1817 978 1946 1032 pore
1998 965 2307 1034 paradisum
2360 964 2718 1028 incoluissct;
2772 965 2984 1027 altera,
3031 966 3288 1033 quoniam
3350 968 3392 1018 .~i

1817 1055 2023 1110 diutius
2060 1056 2203 1125 apud
2237 1056 2478 1109 animum
2514 1070 2675 1110 suum
2709 1055 3020 1108 meditando
3051 1056 3396 1124 expendisstt

1817 1147 2136 1216 imperatam
2211 1148 2312 1202 sibi
2393 1148 2604 1217 legem,
2651 1145 2866 1200 cautior
2910 1145 3089 1202 factus
3165 1147 3394 1209 fuisset;

1815 1254 2001 1292 verum
2033 1239 2251 1307 quando
2283 1239 2536 1303 exiguum
2561 1236 2650 1290 ille
2713 1236 2974 1304 temporis
3005 1237 3238 1304 spatium
3261 1237 3394 1305 egit,

1814 1329 1976 1383 simul
2007 1337 2064 1381 ut
2084 1328 2398 1381 mandatum
2427 1343 2457 1380 a
2481 1327 2588 1381 Deo
2617 1332 2924 1393 acceperat,
2951 1324 3195 1378 fraudem
3224 1329 3385 1380 etiam

1815 1421 1922 1476 sibi
1977 1418 2136 1473 facile
2187 1418 2304 1472 ﬁeri
2359 1431 2554 1487 passus
2582 1429 2686 1470 est.
2729 1417 2934 1482 Tertia,
2971 1415 3234 1470 credibile
3291 1427 3392 1480 est,

1816 1515 2023 1576 Deum,
2079 1526 2240 1581 quem
2301 1513 2560 1577 paradiso
2607 1507 2866 1577 pulsurus
2909 1517 3046 1567 erat,
3078 1522 3201 1562 cum
3254 1509 3394 1560 haud

1817 1605 1974 1676 longo
2008 1616 2248 1675 tempore
2295 1614 2444 1657 tanta
2473 1603 2737 1656 felicitate
2769 1599 2877 1653 frui
2905 1600 3100 1654 sivissc
3128 1615 3194 1653 ne
3227 1599 3396 1652 nimi-

1820 1713 1953 1753 rum
2003 1697 2451 1757 excruciaretur;
2504 1695 2594 1748 sed
2669 1692 2886 1746 mollius
2929 1691 3216 1758 minusque
3257 1705 3397 1759 aegre

1820 1785 2025 1847 ferret,
2084 1799 2143 1837 se
2226 1783 2390 1836 tantis
2447 1783 2653 1836 deliciis
2701 1780 2959 1850 spoliari;
3025 1779 3164 1832 solet
3225 1779 3370 1832 cnim

134 1901 419 1959 peccaturo
447 1892 500 1943 in
533 1890 806 1957 paradiso.
857 1861 962 1942 de
990 1861 1241 1940 domi—nus
1275 1861 1552 1952 Ephrem,
1589 1881 1710 1934 l’hi-
1748 1861 1787 1914 Β
1821 1877 1958 1931 Deus
1989 1877 2281 1930 clementer
2309 1875 2723 1942 castigationem
2756 1887 3034 1926 exercere.
3080 1871 3258 1938 Atque
3309 1870 3396 1923 hic

133 1982 389 2046 loxcuus,
415 1989 469 2036 et
500 1981 558 2036 Ι).
586 1981 830 2036 Jacobus
866 1979 1192 2049 Sarugensis
1235 1979 1408 2040 aiunt,
1443 1975 1708 2028 Adamum

147 2164 3012 2196 Μ

1820 1971 1942 2025 linis
1975 1979 2092 2024 esto
2133 1970 2293 2038 primi
2328 1965 2730 2022 commentarii.

1209 2331 1495 2418 PARS
1572 2325 2295 2418 POSTERIOR.

728 2709 1069 2767 PROOEMIU
1080 2709 1148 2763 Μ.

196 2829 322 2887 Col.
369 2825 680 2898 Superioris
710 2823 1135 2888 Commentarii,
1170 2821 1256 2890 pie
1295 2818 1492 2890 lgnati,
1535 2819 1712 2891 primo

125 2921 330 2989 capite,
359 2917 681 2973 disserendo
709 2914 1048 2970 ostendimus
1067 2952 1082 2977 ,
1113 2912 1426 2980 paradisum
1477 2911 1711 2980 duplicis

121 3027 249 3065 esse
289 3009 651 3070 conditionis,
687 3021 959 3075 corporeae
1013 3013 1068 3060 et
1105 3004 1398 3074 spiritalis;
1445 3011 1608 3073 atque
1641 3003 1708 3057 ad

123 3106 175 3158 id
202 3102 669 3172 coxnprobandnm
691 3099 1018 3153 adduximus
1036 3107 1350 3166 argumenta
1371 3097 1704 3152 ﬁrmissima:

123 3203 238 3246 tum
275 3195 344 3244 ab
376 3192 491 3260 ipsa
521 3205 702 3243 rerum
740 3199 930 3242 natura
964 3187 1150 3255 petita,
1190 3197 1301 3239 tum
1331 3200 1521 3240 eorum
1564 3187 1708 3238 viro-

122 3300 246 3337 rum
286 3284 615 3335 auctoritate
644 3281 766 3332 nisa
810 3281 901 3348 qui
929 3278 1086 3331 ﬁdem
1117 3279 1168 3329 in
1200 3277 1266 3330 iis
1301 3277 1463 3330 rebus
1497 3290 1711 3328 meren-

123 3387 234 3428 tur.
271 3375 556 3428 f’rosecuti
599 3388 758 3440 porro
786 3373 892 3426 illic
924 3387 1115 3425 sumus
1154 3378 1502 3438 corporatum
1553 3384 1710 3438 para-

119 3467 330 3525 disum,
362 3478 588 3532 quaeque
617 3479 682 3515 eo
708 3477 830 3514 cum
858 3469 1185 3527 spectarent,
1206 3467 1510 3510 memoratu
1545 3456 1706 3525 digna

116 3572 243 3610 csse
279 3556 613 3607 videbantur
644 3571 656 3606 :
694 3551 1048 3619 explicantes,
1100 3565 1207 3602 non
1252 3551 1413 3601 modo
1445 3563 1531 3600 res
1561 3547 1707 3615 ipsas

117 3648 214 3702 sed
258 3647 486 3698 nomina
521 3645 684 3694 etiam
718 3657 919 3704 rerum,
951 3656 1046 3708 pro
1081 3649 1265 3693 tenore
1296 3654 1482 3691 eorum
1518 3641 1708 3690 terbo-

116 3753 241 3792 rum
295 3736 501 3802 quibus
552 3734 709 3786 dit-us
757 3733 933 3784 Moses
966 3731 1018 3782 in
1055 3729 1413 3783 dcscribendo
1451 3729 1704 3797 paradiso

117 3845 256 3883 usus
302 3837 408 3880 est.
442 3825 558 3880 Jatn
590 3839 724 3878 vero
778 3824 833 3877 in
885 3826 988 3876 hoc
1037 3822 1276 3876 secundo
1305 3819 1704 3874 Commentario

113 3919 544 3978 constituimus,
598 3916 891 3983 adjttrante
937 3927 1154 3981 operam
1203 3922 1448 3964 nostrain
1493 3910 1698 3981 Spiritu

115 4021 314 4062 sancto
344 4008 436 4077 qui
471 4007 653 4059 omnia
685 4011 1056 4073 perscrutatur
1087 4002 1249 4055 etiam
1299 4016 1496 4056 arcana
1536 4011 1700 4071 atque

112 4105 309 4158 intima
352 4101 466 4161 Dei,
492 4100 558 4153 de
585 4099 772 4152 eodem
805 4097 1055 4165 paradiso
1085 4095 1355 4149 disserere
1372 4095 1699 4162 mystice,et,

112 4195 277 4247 utsic
315 4195 522 4252 dicam,
550 4190 906 4258 spiritualiter
938 4204 952 4241 :
987 4197 1043 4242 nt
1079 4188 1538 4257 quemadmodum
1583 4188 1699 4256 ipse

110 4285 412 4356 paradisus
472 4283 669 4349 duplex
727 4289 832 4345 est,
881 4281 953 4334 ita
988 4295 1015 4332 a
1075 4279 1229 4334 nobis
1279 4279 1481 4348 duplici
1533 4279 1696 4333 modo

109 4385 403 4428 tractetur.
447 4372 883 4425 Consentaneum
933 4385 1098 4440 porro
1145 4379 1266 4435 est,
1327 4381 1385 4424 ut
1433 4371 1487 4424 in
1535 4371 1694 4436 hujus

2311 2707 2541 2763 CAPUT
2603 2707 2894 2764 PRIMUM.

1900 2821 2077 2876 Varia:
2110 2824 2382 2877 sententia:
2449 2823 2733 2877 Doctorum
2789 2823 3276 2880 Ecclesiasticorum
3331 2830 3396 2882 de

1817 2916 2072 2984 paradiso
2135 2916 2377 2985 mystico.
2433 2946 2504 2957 —
2565 2917 2826 2971 Doctores
2863 2915 3151 2988 Ecclesia:
3203 2934 3395 2986 sacrm,

1814 3008 1906 3078 qui
1933 3007 2215 3078 praecipui,
2289 3008 2711 3077 certissimaeque
2764 3008 2884 3062 ﬁdei
2922 3008 3212 3076 habentur,
3249 3012 3388 3066 alias

1812 3108 1974 3170 atque
2007 3099 2143 3153 alias
2181 3099 2468 3164 opiniones
2499 3099 2740 3152 habuere
2761 3099 2826 3152 dc
2853 3099 3103 3168 paradiso
3131 3102 3388 3169 mystico.

1817 3194 2050 3258 Quidam
2109 3192 2253 3245 enim
2321 3192 2564 3261 ipsorum
2627 3202 3036 3244 sacrosanctam
3089 3189 3385 3246 Ecclesiant

1813 3286 2261 3338 existimaverunt
2302 3283 2588 3352 mysticum
2647 3283 2958 3351 paradisum
2983 3298 3151 3338 esse:
3209 3294 3376 3352 atque

1815 3377 1978 3444 hujus
2011 3375 2232 3443 ﬁguram
2294 3375 2579 3444 mysticam
2637 3374 2808 3428 fuisse
2867 3377 2998 3428 olim
3035 3388 3383 3444 corporatum

1817 3465 1966 3518 illum
1999 3465 2310 3534 paradisum
2346 3467 2396 3518 in
2437 3480 2546 3534 quo
2608 3477 2724 3520 erat
2757 3467 3020 3520 Adatnus.
3071 3467 3174 3520 Alii
3223 3485 3386 3539 para-

1814 3559 1993 3613 disum
2033 3559 2320 3627 mysticum
2361 3557 2603 3612 fecerunt
2666 3575 2785 3613 eam
2840 3559 3045 3612 Christi
3102 3561 3384 3615 docrinam

1811 3667 1972 3719 quam
2004 3651 2311 3719 baptizatus
2343 3650 2680 3719 divulgabat,
2723 3654 3028 3720 cujnsmodi
3080 3665 3208 3708 sunt
3251 3655 3383 3708 illa:

1805 3739 1883 3794 Ne
1912 3741 2168 3794 irascaris
2199 3751 2291 3794 tuo
2319 3741 2484 3794 fratri-
2508 3742 2746 3810 gratuito
2780 3759 2794 3796 :
2830 3743 2906 3796 Ne
2945 3745 3189 3800 iutueare
3224 3744 3381 3801 femi-

1806 3834 2009 3884 minatn
2046 3847 2140 3900 per
2169 3831 2475 3900 cupidinem
2512 3851 2525 3885 :
2563 3831 2625 3887 Si
2677 3837 2792 3901 quis
2835 3840 3148 3901 percusserit
3191 3839 3383 3891 maxil-

1804 3921 1911 3974 lam
1970 3933 2136 3983 tuam,
2196 3924 2468 3976 dexteram
2513 3925 2717 3978 obverte
2773 3928 2820 3978 ei
2873 3928 3096 3980 alteram
3135 3945 3380 3998 quoque:

1810 4013 1971 4076 Vade,
2003 4015 2164 4068 reude
2193 4017 2449 4086 quidquid
2477 4017 2656 4082 habes,
2681 4031 2729 4070 et
2753 4019 2880 4071 date
2903 4021 3218 4089 pauperibus
3237 4023 3306 4085 ",
3331 4035 3383 4076 et

1801 4103 1962 4174 hujus
1991 4107 2206 4175 generis
2253 4107 2378 4162 alia.
2408 4108 2645 4162 Rursum
2698 4111 2786 4164 alii
2849 4121 3062 4180 putant,
3093 4119 3378 4182 mysticum

1798 4195 2107 4264 paradisum
2156 4213 2276 4251 esse
2327 4199 2524 4254 anima:
2566 4210 2774 4270 typum,
2812 4203 3142 4273 arboresque
3183 4204 3236 4258 in
3289 4206 3381 4259 illo

1798 4296 1965 4348 satas,
2020 4286 2214 4339 animae
2252 4286 2492 4341 facinora
2537 4305 2630 4357 per
2669 4290 2924 4344 virtutem
2980 4291 3119 4346 facta
3169 4294 3380 4364 signiti-

1795 4391 1955 4439 care;
1986 4375 2062 4438 hi,
2082 4386 2318 4446 quatuor
2334 4378 2567 4446 paradisi
2589 4379 2810 4435 ﬂumina
2833 4384 2896 4437 ad
2922 4393 3157 4452 quatuor
3185 4387 3379 4440 anima:

107 4480 339 4535 quoque
388 4463 613 4517 secundi
663 4464 935 4516 sermonis
994 4461 1280 4531 principio,
1319 4462 1436 4530 ipsa
1487 4474 1690 4532 septem
1728 4507 1770 4560 Β
1796 4467 2030 4522 virtutes
2077 4469 2398 4522 naturaliter
2425 4472 2862 4534 (accommodant
2893 4489 2908 4527 :
2943 4489 3136 4544 nempe
3168 4475 3233 4530 ad
3264 4492 3382 4530 eam

105 4559 292 4624 capita
323 4555 527 4624 quibus
563 4563 733 4606 totum
765 4569 902 4622 opus
930 4569 960 4607 a
996 4553 1152 4607 nobis
1183 4553 1509 4613 absolvetur,
1539 4569 1694 4608 sum-

105 4646 302 4698 matim
329 4659 722 4712 proponamus.
745 4643 928 4697 Primo
967 4644 1131 4713 igitur
1166 4644 1336 4713 capite
1365 4646 1692 4709 ostenditttr,

105 4752 214 4805 qua
269 4735 487 4787 ratione
532 4735 736 4788 inducti
783 4735 893 4790 sint
926 4735 1178 4791 doctores
1212 4737 1486 4799 Ecclesiae,
1521 4745 1576 4791 ut
1627 4739 1694 4792 de

104 4826 377 4896 paradiso
420 4826 649 4895 mystice
682 4827 1068 4892 loquerentur;
1101 4837 1152 4880 et
1183 4829 1382 4897 quibus
1414 4830 1692 4885 vocabulis

105 4918 516 4989 appellaverint
547 4919 837 4988 mysticum
864 4920 1196 4988 paradisum.
1233 4919 1482 4975 Secundo
1516 4923 1691 4991 capite

105 5010 497 5078 explicabitur,
561 5011 692 5079 quid
739 5011 810 5065 sit
845 5012 1098 5079 pardisus
1145 5015 1428 5084 mySticus.
1479 5014 1686 5080 Tertio,

104 5117 367 5170 quaenam
398 5103 470 5155 sit
516 5112 657 5156 terra
698 5105 946 5174 mystica.
987 5103 1212 5170 Quarto,
1255 5109 1442 5176 quales
1489 5108 1689 5163 fuerint

106 5195 341 5244 arbores
399 5199 561 5259 atque
618 5191 811 5259 plantat
872 5195 927 5247 in
959 5193 1062 5249 hoc
1117 5197 1347 5266 mystico
1413 5199 1684 5267 paradiso.

102 5282 314 5347 Quinto
355 5298 482 5350 quae
525 5282 688 5336 fuerit
735 5285 898 5338 arbor
943 5287 1182 5341 scientia.-
1219 5289 1343 5342 boni
1379 5299 1431 5345 et
1476 5291 1600 5343 mali
1636 5292 1688 5346 in

105 5374 212 5425 hoc
249 5372 509 5439 paradiso
535 5373 758 5443 mystico
783 5385 922 5431 sata.
959 5379 1143 5442 Sesto,
1175 5394 1298 5448 qua:
1331 5379 1492 5434 fuerit
1528 5383 1689 5435 arbor

99 5465 231 5516 vita:
275 5464 330 5514 in
362 5461 466 5514 hoc
500 5463 750 5529 paradiso
779 5466 1024 5536 mystico.
1061 5468 1322 5539 Septimo,
1347 5482 1687 5541 exponentur

103 5554 341 5624 mystice
400 5555 561 5608 verba
610 5554 776 5612 Mosis
804 5573 924 5628 qua:
953 5560 1021 5616 de
1056 5563 1310 5630 paradiso
1344 5567 1547 5638 scripta
1595 5567 1684 5624 ille

103 5645 355 5715 reliquit.

173 5805 216 5836 "
266 5804 460 5860 Malllt.
493 5821 543 5876 v,
577 5805 660 5871 l2,
692 5806 782 5877 27,
816 5808 923 5877 '59;
976 5826 1084 5876 ius,
1120 5811 1211 5871 2|.

1800 4575 1919 4628 qua:
1947 4560 2226 4613 rationalis
2249 4561 2422 4629 partis
2457 4561 2650 4616 anima:
2679 4563 2896 4631 propria
2924 4574 3025 4624 est,
3052 4575 3106 4620 et
3140 4567 3382 4635 pruden-

1803 4653 1874 4705 tia
1932 4664 2182 4714 vocatur,
2239 4661 2294 4706 et
2336 4653 2402 4706 ad
2455 4655 2922 4722 temperantiam:
2961 4657 3088 4711 item
3139 4658 3205 4714 ad
3258 4674 3377 4712 eam

1799 4758 1917 4814 qua!
1947 4745 2247 4799 animosam
2280 4745 2394 4799 sive
2415 4746 2740 4801 irascibilem
2777 4758 2983 4816 partem
3019 4749 3213 4804 anitnze
3244 4765 3369 4820 spe-

1799 4845 1926 4901 ctat,
1954 4845 2120 4905 atque
2148 4851 2292 4891 nunc
2319 4835 2602 4902 fortitudo,
2637 4853 2782 4893 nunc
2812 4839 3010 4894 lenitas
3053 4854 3377 4894 mansuetu-

1799 4929 1936 4982 dove
1988 4928 2310 4997 appellatur,
2362 4929 2599 4998 denique
2643 4930 2708 4984 ad
2750 4929 3019 4999 justitiam
3054 4949 3067 4985 :
3100 4932 3182 4985 hac
3227 4934 3371 4987 enim

1796 5030 2050 5090 quatuor,
2088 5031 2312 5077 caeteras
2341 5023 2536 5077 anima
2565 5023 2795 5078 virtutes
2839 5039 3031 5078 omnes
3066 5024 3234 5077 veluti
3293 5026 3371 5078 ri-

1797 5126 1942 5183 gant,
1971 5112 2173 5179 fovent,
2195 5125 2411 5184 augent.
2449 5116 2588 5169 Sunt
2610 5128 2865 5185 przeterea
2897 5115 2988 5185 qui
3011 5116 3369 5182 arbitrentur,

1799 5207 2082 5276 mysticum
2122 5209 2431 5277 paradisum
2467 5223 2587 5262 esse
2618 5223 2811 5263 sensus
2857 5208 3120 5276 quosdam
3165 5207 3370 5278 ﬁgura-

1794 5308 1878 5351 tos
1911 5300 2026 5353 sive
2054 5300 2396 5370 parabolicos
2426 5301 2508 5370 (ut
2543 5301 2820 5367 vocamus)
2871 5309 2966 5352 aut
3003 5302 3364 5370 anagOgicos:

1791 5402 1854 5441 ca
1877 5389 2022 5442 enim
2055 5405 2175 5458 quae
2205 5405 2233 5443 a
2262 5389 2408 5445 Mose
2438 5390 2504 5446 de
2531 5392 2782 5460 paradiso
2805 5389 2949 5444 dicta
2984 5403 3129 5454 sunt,
3169 5391 3362 5460 partim

1789 5480 1854 5534 de
1895 5481 2058 5536 rebus
2110 5483 2241 5552 ipsis
2279 5499 2400 5552 qua:
2433 5482 2715 5538 vocabulis
2747 5482 3008 5551 subjectae
3041 5492 3190 5546 sunt,
3223 5482 3364 5534 acri-

1788 5571 1982 5641 pienda
2036 5588 2159 5628 esse
2196 5591 2209 5626 :
2241 5574 2438 5644 partim
2486 5587 2617 5627 vero
2662 5588 2760 5641 per
2789 5571 3201 5626 similitudinem
3259 5573 3365 5625 alio

1786 5666 2266 5721 accommodanda.
2315 5665 2475 5722 Verbi
2512 5664 2710 5736 gratia,
2749 5663 2892 5735 quod
2948 5663 3023 5718 ait
3071 5662 3358 5717 Dominum
