4202 6430
789 441 891 503 583

2056 420 2286 483 MOSIS
2328 422 2479 481 ΒΑΗ
2519 420 2607 479 CE
2620 420 2711 479 PH
2719 420 2760 478 Δ

3920 417 4037 478 584

794 557 961 609 Deum
1000 553 1262 605 formasse
1293 548 1583 606 Adamum,
1625 553 1680 598 et
1726 556 1849 611 (pta:
1883 548 2012 595 sunt
2056 540 2218 607 hujus
2266 553 2360 607 geo
2389 542 2433 601 Α
2468 546 2548 592 est
2594 535 2897 590 dill‘erentia
2936 551 2946 587 :
2984 533 3302 604 quantisper
3342 546 3485 584 enim
3537 532 3648 585 haec
3696 531 3820 585 Athe
3861 528 4039 585 animi

794 645 962 702 neiis,
985 642 1051 694 de
1078 640 1242 693 rebus
1277 639 1404 708 ipsis
1428 649 1548 689 esse
1583 630 1928 701 intelligenda
1961 629 2150 683 dicunt
2182 644 2195 679 :
2230 626 2361 680 illud

793 749 944 794 vero,
975 731 1120 800 quod
1164 730 1423 782 Dominus
1452 725 1592 778 Deus
1619 721 1928 777 conseverit
1962 718 2269 788 paradisum
2310 717 2362 769 in

796 827 944 880 EJen
978 825 1045 876 ab
1082 822 1255 885 initio,
1286 819 1394 871 alio
1430 831 1593 870 sensu
1632 830 1750 868 esse
1784 810 2161 878 accipiendum
2202 823 2364 877 quam

799 919 964 972 verba
1014 916 1129 985 ipsa
1166 911 1495 975 ostendunt;
1534 921 1730 975 nempe
1781 904 1950 957 Deum
1991 904 2368 972 comparuisse

799 1009 1137 1078 spiritualem
1169 1003 1461 1072 quamdam
1508 1012 1669 1067 atque
1705 998 1917 1051 felicem
1950 996 2166 1051 vivendi
2201 995 2363 1048 ratio-

802 1108 1077 1160 ncm,etc.
1116 1096 1320 1149 Praeter
1364 1094 1464 1146 hos
1514 1098 1639 1145 sunt
1687 1088 1779 1156 qui
1828 1087 2034 1146 velint,
2086 1087 2370 1155 mysticum

800 1188 1113 1259 paradisum
1146 1199 1267 1237 esse
1297 1183 1475 1251 ipsum
1508 1188 1849 1247 eorporatum
1879 1176 2214 1244 paradisum,
2242 1174 2372 1227 dum

804 1294 929 1331 cum
978 1276 1163 1329 animo
1213 1272 1644 1339 contemplamnr
1692 1268 1961 1335 spirituali
2003 1267 2234 1319 ratione.
2271 1263 2377 1318 Po-

806 1380 1011 1423 stremo
1069 1374 1196 1421 Sttnt
1251 1365 1342 1417 alii
1389 1363 1639 1415 doctores
1671 1375 1904 1428 quorum
1942 1358 2228 1411 sententi-J2
2276 1371 2377 1411 nos

805 1476 1023 1530 quoque
1062 1457 1484 1516 subscribimus,
1514 1455 1605 1522 qui
1636 1456 1811 1523 ipsum
1862 1450 2170 1521 paradisum
2202 1450 2382 1518 dupli-

806 1556 887 1608 cis
923 1551 1259 1606 conditionis
1290 1563 1414 1603 esse
1462 1551 1617 1602 aiunt
1648 1589 1660 1611 ,
1700 1547 1895 1615 partim
1946 1547 2089 1598 enim
2121 1560 2187 1597 ex
2219 1543 2380 1595 rebus

810 1644 1132 1707 corporalis,
1192 1640 1385 1710 partim
1420 1654 1482 1691 ex
1522 1636 1896 1704 Spirituahbus
1928 1645 2205 1697 constare;
2242 1632 2383 1686 sicut

808 1744 862 1787 ct
914 1735 1027 1801 ipse
1075 1734 1243 1784 Adam
1286 1731 1443 1797 cujus
1492 1730 1661 1798 gratia
1714 1728 1803 1779 ille
1858 1726 2109 1779 conditus
2140 1733 2277 1788 erat,
2315 1737 2382 1775 ex

810 1838 1037 1891 corpore
1065 1830 1117 1873 et
1146 1822 1325 1873 anima
1368 1820 1480 1872 sive
1529 1818 1719 1886 spiritu
1772 1817 1949 1869 fuerat
1997 1814 2334 1883 compositus
2366 1851 2382 1875 ,

2469 1010 2576 1063 que
2614 995 2852 1056 dendsh,

2465 630 2546 683 vis
2577 629 2676 685 sihi
2707 628 3013 691 constabat,
3066 635 3175 680 tota
3211 627 3262 679 in
3293 640 3459 679 unum
3508 638 3668 678 suum
3718 624 4041 678 Creatorem

2466 723 2710 779 inventa,
2744 719 2972 788 jugique
3005 718 3459 785 contemplatione
3489 717 3536 769 ei
3576 718 3814 785 alligata,
3845 718 4046 770 tantis-

2468 828 2565 882 per
2597 815 2648 865 in
2678 811 2796 864 solo
2828 810 2972 863 bono
3013 811 3099 863 ille
3132 810 3472 871 versabatur,
3504 810 3665 877 idqure
3698 825 3861 860 unum
3905 822 4047 859 sen-

2470 905 2634 957 tiebat
2665 943 2681 968 ,
2709 917 2894 955 verum
2937 912 3221 970 postquam
3253 899 3344 953 illa
3386 899 3513 952 inde
3570 909 3715 951 mota
3747 905 3851 958 est,
3889 913 4038 951 sese-

2924 993 3095 1046 sensit
3134 993 3296 1046 etiam
3344 992 3571 1045 alterum
3626 992 3754 1042 illud
3783 1027 3797 1051 ,
3826 989 3875 1042 id
3935 1000 4048 1049 est,

2472 1088 2649 1155 ipsum
2685 1086 2907 1139 malum.
2950 1082 3055 1137 Alii
3083 1092 3365 1135 autumant
3416 1081 3652 1134 scientiae
3680 1080 3805 1131 boni
3836 1090 3886 1132 et
3918 1080 4051 1130 mali

2476 1180 2724 1232 arborem
2795 1177 2963 1230 fuisse
3016 1184 3202 1244 typum
3235 1175 3366 1243 legis
3404 1172 3655 1226 Mosaicae
3684 1213 3698 1234 ,
3730 1186 3787 1222 ut
3833 1182 3886 1222 et
3923 1167 4055 1222 reit-

2478 1283 2618 1340 quas
2651 1268 2888 1336 paradisi
2922 1266 3170 1327 arbores,
3218 1263 3554 1330 singulorum
3587 1262 3705 1327 ejus
3741 1258 3874 1324 legi.
3907 1273 4056 1325 pra:-

2479 1371 2756 1430 ceptorum
2796 1358 3017 1427 ﬁguras,
3041 1371 3107 1410 eo
3142 1354 3286 1423 quod
3318 1354 3401 1405 lex
3423 1353 3653 1406 Mosaiea
3683 1354 3818 1402 inter
3842 1350 4053 1401 bonum

2482 1452 2790 1519 malumque
2815 1448 3110 1516 dijudicet;
3141 1461 3341 1515 eosque
3378 1445 3469 1513 qui
3508 1444 3641 1496 bene
3659 1451 3844 1510 agunt.
3867 1440 4057 1503 bonis,

2482 1551 2535 1595 et
2565 1542 2657 1608 qui
2689 1542 2849 1603 male,
2884 1537 3044 1590 malis
3078 1536 3316 1599 alliciat;
3350 1545 3514 1601 atque
3548 1531 3671 1583 ideo
3721 1532 3859 1583 hanc
3894 1530 4061 1581 arbo-

2483 1644 2595 1683 rem
2620 1630 2772 1696 juxta
2801 1630 2920 1681 vitm
2958 1629 3206 1679 arborem
3262 1627 3417 1678 sitam
3455 1622 3625 1674 fuisse
3656 1660 3671 1685 ,
3705 1632 3763 1672 ut
3801 1621 3898 1672 nisi
3929 1618 4062 1686 quis

2486 1723 2656 1791 ipsam
2688 1720 2838 1788 prius
2866 1720 3034 1786 legem
3063 1716 3346 1776 coluisset,
3375 1714 3478 1767 hoc
3509 1723 3609 1771 est.
3642 1710 3774 1779 legis
3805 1711 4063 1762 mandata

2489 1813 2856 1870 observasset,
2882 1810 2945 1860 ad
2981 1809 3102 1859 vita:
3141 1805 3387 1858 arborem
3425 1814 3732 1870 pertingere
3790 1801 4065 1866 nequiret,

813 1923 1238 1981 corporatasque
1269 1910 1502 1978 paradisi
1529 1919 1707 1976 partes
1727 1923 1847 1962 esse
1877 1907 2124 1970 arbores,
2152 1906 2380 1971 plantas,
2421 1884 2461 1936 Β
2492 1905 2543 1959 id
2569 1913 2651 1957 est
2693 1903 2759 1955 ad
2792 1916 2909 1954 eam
2946 1899 3250 1952 libertatem
3286 1909 3408 1963 quae
3449 1895 3591 1960 apud
3621 1892 3895 1946 Christum
3930 1900 4015 1939 est
4047 1928 4064 1950 ,

814 2019 868 2062 et
917 2004 1250 2075 ejnscemodi
1303 2019 1389 2056 res
1442 2003 1576 2055 alias
1615 2042 1629 2063 ,
1663 2010 1844 2069 partes
1875 2014 2005 2051 vero
2049 1996 2385 2066 Spiritualcs.

817 2100 980 2151 vitam
1010 2097 1218 2148 beatam
1250 2101 1411 2161 atque
1435 2092 1730 2145 secundum
1753 2090 1999 2144 virtutem
2031 2099 2231 2149 actam,
2256 2096 2389 2152 ett-.,

820 2190 962 2244 sicut
1003 2186 1201 2255 prioris
1226 2182 1617 2235 Commentarii
1644 2180 1886 2234 secundo
1933 2178 2105 2248 capite
2156 2178 2394 2246 explica-

823 2281 1022 2334 vimus.

1437 2341 1663 2396 CAPUT
1700 2341 1767 2394 ll.

894 2438 1023 2503 Qua:
1079 2452 1156 2489 res
1213 2439 1279 2489 sit
1333 2433 1618 2500 paradisus
1681 2432 2056 2500 mysticus.—
2108 2428 2399 2483 l’aradisus

824 2528 1123 2598 spiritualis
1175 2526 1291 2581 sive
1329 2526 1611 2594 mysticus,
1639 2524 1746 2576 vita
1798 2532 1881 2576 est
1942 2520 2245 2590 spiritualis
2277 2535 2399 2587 quae

825 2626 1007 2676 animo
1036 2625 1295 2691 agitatur,
1334 2619 1500 2686 rplena
1548 2630 1773 2670 summa:
1814 2611 2183 2682 temperantia:
2236 2624 2399 2681 atque

827 2714 1153 2774 sanctitatis,
1191 2722 1245 2764 et
1298 2708 1569 2779 perpetuis
1604 2705 2049 2760 meditationibus
2098 2718 2276 2757 rerum
2324 2702 2404 2756 di-

828 2806 1078 2857 vinarum
1116 2816 1413 2869 carumque
1450 2814 1569 2867 quae
1599 2806 1727 2852 sunt
1760 2812 1787 2848 a
1822 2796 1926 2848 Deo
1962 2794 2215 2859 conditae,
2246 2793 2404 2847 addi-

830 2906 917 2947 cta
948 2934 963 2958 ,
996 2902 1157 2960 atque
1217 2890 1443 2943 omnino
1483 2889 1589 2940 vita
1637 2886 1794 2939 beata
1826 2892 1878 2938 et
1914 2884 2181 2953 angelica,
2219 2879 2408 2949 procul

834 2983 903 3037 ab
933 2984 1189 3036 omnibus
1219 2978 1384 3032 animi
1434 2973 1954 3045 perturbationibus,
2004 2970 2371 3024 anxietatibus
2393 3007 2409 3033 ,

834 3074 1109 3142 suspiriis,
1148 3074 1294 3124 luctu
1330 3077 1559 3130 remota,
1593 3075 1755 3134 atque
1784 3079 1906 3117 cum
1946 3062 2166 3132 gaudio,
2198 3059 2409 3125 latitia,

833 3165 1196 3219 exsultatione
1246 3160 1556 3227 conjuncta,
1610 3156 1788 3224 itaque
1846 3153 2055 3223 pollens
2106 3160 2410 3221 potensque

836 3264 897 3309 ut
946 3253 1129 3306 radios
1180 3260 1341 3318 atque
1390 3246 1732 3319 splendorem
1771 3244 2077 3297 divinarum
2122 3242 2410 3295 notionum

838 3343 1129 3411 concipere
1168 3350 1332 3409 queat
1362 3379 1376 3405 ,
1412 3339 1611 3408 quippe
1643 3336 1736 3405 qui
1768 3335 1825 3387 in
1865 3336 1967 3387 hoc
2001 3331 2256 3402 paradiso
2291 3346 2413 3383 ver-

838 3445 1053 3516 santur,
1079 3435 1131 3487 in
1187 3447 1399 3486 summa
1438 3430 1628 3483 vivunt
1667 3424 2030 3488 beatitudine,
2060 3432 2221 3491 atque
2261 3437 2412 3476 crear

840 3514 1012 3582 torem
1046 3524 1217 3578 Deum
1249 3524 1480 3592 ejusque
1504 3529 1802 3580 creaturas,
1836 3525 2015 3570 mente
2042 3514 2421 3583 contemplan-

848 3629 930 3672 tes
982 3616 1345 3669 oblectantur.
1380 3609 1511 3663 Nam
1544 3621 1597 3664 et
1644 3622 1893 3677 superna:
1944 3605 2114 3674 cepiae
2163 3606 2419 3674 angelica:

845 3708 956 3760 illic
991 3705 1267 3767 habitant,
1307 3712 1360 3755 et
1382 3701 1553 3755 Adam
1604 3700 1819 3766 Evaque
1843 3738 1857 3759 ,
1893 3704 2185 3763 antequam
2226 3696 2423 3749 adver-

849 3814 973 3853 sum
1030 3796 1123 3851 Dei
1195 3796 1511 3848 mandatum
1594 3790 1889 3854 fecissent,
1975 3787 2175 3840 ibidem
2241 3801 2424 3840 mora-

848 3893 1075 3947 bantur.

1469 3950 1697 4007 CAPUT
1740 3950 1828 4004 Ill.

923 4092 1114 4159 Qualis
1173 4090 1332 4159 fuerit
1383 4096 1523 4140 terra
1579 4083 1791 4154 mystici
1843 4079 2108 4150 paradisi.
2155 4106 2229 4119 —
2263 4077 2431 4131 Terra

853 4186 1067 4258 mystici
1106 4180 1339 4251 paradisi
1374 4179 1477 4231 fuit
1524 4176 1739 4229 animus
1783 4182 1837 4225 et
1878 4186 2031 4225 mens
2069 4169 2285 4231 Adami,
2317 4168 2423 4221 hoc

853 4289 958 4343 est,
1020 4275 1258 4329 hominis
1326 4270 1454 4323 inibi
1515 4267 1746 4337 agentis.
1801 4262 1938 4316 Nam
1988 4261 2113 4316 inde
2161 4259 2430 4330 pullulant

858 4378 1022 4437 atque
1050 4366 1302 4419 oriuntur
1333 4360 1724 4415 meditationes
1754 4370 1861 4410 non
1895 4354 2054 4408 modo
2101 4366 2282 4407 rerum
2310 4365 2433 4419 spe-

860 4458 1165 4517 ctabilium,
1194 4455 1287 4509 sed
1327 4460 1381 4508 et
1415 4465 1605 4505 earum
1647 4460 1865 4517 quoque
1895 4460 2015 4515 qua:
2076 4444 2225 4497 nullo
2269 4457 2432 4497 sensu

863 4550 1068 4623 percipi
1108 4553 1340 4617 queunt.

2489 1995 2708 2059 quando
2765 1994 2881 2060 ipse
2931 1990 3095 2043 etiam
3149 1987 3481 2055 Redemptor
3542 1994 3729 2036 noster
3783 1983 4054 2049 tantisper

2491 2088 2618 2140 dum
2657 2086 2838 2153 legenti
2870 2082 3214 2143 observabat,
3242 2079 3545 2132 libertatem
3579 2090 3690 2127 sum
3718 2075 3839 2125 vitae
3870 2086 4075 2140 genere

2494 2178 2714 2232 minime
2752 2190 2864 2245 pne
2895 2188 2953 2228 se
2990 2172 3215 2227 ferebat.
3243 2170 3311 2222 At
3342 2182 3443 2221 nos
3474 2168 3760 2220 deﬁnimus
3814 2162 4075 2216 arborem

2495 2267 2742 2321 scientiae
2783 2265 2908 2318 boni
2938 2272 2991 2317 et
3028 2263 3153 2315 mali
3200 2260 3485 2329 mysticam
3550 2272 3670 2308 esse
3706 2256 4077 2320 cognitionem

2495 2366 2549 2413 et
2602 2357 3006 2411 meditationem
3038 2367 3161 2422 quae
3192 2351 3340 2405 circa
3389 2348 3554 2401 Deum
3608 2362 3787 2399 rerum
3821 2343 4077 2396 ontuium

2498 2450 2835 2503 conditorem
2867 2458 3115 2500 versatur
3143 2461 3159 2508 ;
3191 2439 3586 2505 scientiamque
3617 2435 3767 2499 boni,
3798 2449 3917 2487 esse
3949 2447 4077 2485 eam

2499 2541 2863 2611 cognitionem
2887 2554 3007 2605 quae
3028 2550 3197 2589 unum
3229 2535 3405 2587 solum
3430 2531 3594 2583 Deum
3630 2528 3877 2594 agnosth
3904 2535 4078 2588 atque

2506 2633 2832 2705 profitetur:
2873 2628 2998 2683 ntali
3029 2641 3156 2681 vero
3186 2638 3306 2693 qua:
3344 2624 3544 2675 multos
3591 2633 3708 2671 esse
3737 2618 3866 2669 deos
3902 2626 4085 2682 putat,

2506 2739 2671 2795 atque
2689 2727 2787 2777 hac
2806 2722 3072 2775 Adamum
3092 2720 3365 2785 l'lvamque
3385 2730 3477 2783 per
3494 2711 3757 2765 da-rnonis
3783 2708 4083 2761 consilium

2508 2819 2681 2874 fuisse
2726 2815 3015 2869 distentos.
3078 2812 3305 2876 Insuper
3356 2808 3456 2859 hoc
3528 2817 3745 2871 quoque
3804 2802 4088 2858 dicimus,

2508 2924 2628 2965 eam
2696 2903 3205 2961 commentationem
3258 2913 3354 2968 pro
3406 2899 3476 2950 iis
3530 2901 3615 2963 qui
3667 2892 3868 2961 pollent
3922 2900 4093 2956 atque

2509 3000 2797 3058 exercitati
2873 3006 2999 3049 sunt
3058 2992 3410 3045 meditatione
3476 3002 3657 3039 rerum
3716 2985 4087 3039 divinarum,

2513 3092 2801 3147 scientiam
2848 3086 2975 3139 boni
3020 3094 3075 3138 et
3118 3083 3303 3135 vocari
3330 3089 3382 3133 et
3413 3094 3553 3139 esse,
3586 3092 3682 3145 pro
3737 3075 3803 3127 iis
3834 3087 3960 3125 vero
3993 3070 4093 3139 qui

2439 3211 2483 3267 ρ
2514 3195 2693 3250 neque
2730 3177 2862 3231 satis
2913 3173 3050 3228 ﬁrmi
3089 3180 3222 3226 sunt
3256 3183 3427 3237 neque
3480 3165 3780 3224 exercitati,
3809 3172 3862 3215 et
3904 3173 4094 3212 tamen

2521 3272 2722 3326 audent
2751 3269 2816 3322 de
2840 3266 2948 3320 Deo
2969 3264 3131 3317 altius
3160 3256 3537 3318 commentari,
3571 3252 3941 3323 appellandam
3974 3263 4103 3302 esse

2518 3362 2800 3418 scientiam
2834 3357 2984 3412 mali.

3145 3442 3373 3498 CAPUT
3420 3440 3505 3493 Vl.

2597 3544 2677 3598 De
2720 3542 2907 3594 arbore
2960 3538 3080 3593 vita:
3132 3535 3375 3605 mystica.
3404 3560 3471 3569 —-
3500 3528 3637 3582 Sunt
3675 3527 3811 3578 inter
3848 3523 4111 3575 doctores

2525 3634 2805 3698 Ecclesiae,
2839 3631 2932 3700 qui
3004 3630 3254 3682 arborem
3304 3626 3425 3675 vita:
3480 3621 3706 3688 mystice
3752 3616 3932 3668 dicant
3983 3625 4115 3664 esse

2528 3728 2783 3782 humana:
2820 3722 3015 3776 mentis
3047 3718 3457 3788 proprietatem,
3485 3724 3608 3778 quae
3637 3721 3760 3759 cum
3791 3704 3857 3756 iis
3895 3702 4115 3768 cogita-

2531 3819 2774 3873 tionibus
2807 3828 2924 3882 quae
2957 3811 3101 3863 circa
3135 3822 3303 3860 unum
3338 3817 3498 3857 suum
3529 3798 3841 3853 effectorem
3876 3808 4116 3845 versan-

2533 3922 2646 3973 tur,
2688 3906 2909 3974 alligata
2938 3910 3041 3962 est,
3080 3912 3254 3965 neque
3304 3895 3411 3946 huc
3446 3892 3573 3944 illuc
3601 3885 3989 3953 circumagitur
4020 3894 4122 3934 aut

2535 4008 2589 4056 in
2618 4000 2755 4054 alias
2792 4012 2883 4051 res
2912 3994 3166 4061 requirit,
3210 3995 3573 4057 praeterquam
3604 3982 3660 4034 in
3699 3979 3875 4033 solum
3905 3975 4122 4028 (Londi-

2535 4104 2713 4147 torem
2784 4102 2989 4148 suum,
3050 4082 3191 4135 sicut
3222 4081 3383 4131 etiam
3449 4075 3621 4130 sancti
3686 4068 3860 4138 angeli
3940 4066 4124 4120 SUltltS

2536 4181 2811 4239 Creatoris
2849 4178 2933 4231 sui
2997 4169 3443 4228 meditationibus
3486 4164 3839 4218 distinentur.
3900 4156 4120 4210 Horum

2538 4272 2809 4329 sententia
2838 4276 2944 4327 est,
2986 4264 3278 4323 Adamum,
3327 4257 3489 4311 simul
3521 4265 3685 4321 atque
3716 4259 3932 4303 creatus
3969 4259 4127 4298 esset

2541 4364 2836 4429 [latumque
2865 4356 3178 4412 Conditoris
3206 4351 3291 4405 sui
3320 4347 3660 4415 excepisset,
3694 4343 3759 4394 ad
3796 4340 3963 4392 Deum
4000 4340 4128 4405 rapi

2542 4458 2780 4527 coepisse
2813 4466 2985 4520 aquo
3035 4447 3261 4501 eﬂ‘ectus
3302 4440 3498 4501 fuerat,
3541 4446 3703 4503 atque
3755 4434 3810 4486 in
3861 4433 3961 4484 hac
4014 4446 4126 4481 una

2547 4522 3007 4613 contemplatione
3064 4546 3235 4591 totum
3296 4530 3470 4586 fuisse
3516 4526 3891 4588 mansisseque
3954 4522 4128 4572 horas

1460 4628 1689 4685 CAPUT
1740 4626 1832 4685 ιν.

936 4751 1126 4816 Quales
1187 4746 1400 4799 arbores
1451 4754 1499 4797 et
1559 4744 1756 4812 planta:
1802 4743 1855 4794 in
1882 4742 2248 4809 paradiso.-—-
2278 4736 2445 4806 Igitur

870 4842 1188 4911 hujusmotti
1238 4838 1593 4908 cogitationes
1630 4832 2115 4899 meditationesque
2151 4844 2215 4883 ex
2248 4827 2447 4881 animis

869 4943 923 4989 et
960 4933 1238 4985 hominum
1264 4940 1317 4983 et
1350 4928 1688 4996 angelorum,
1724 4924 1880 4993 quasi
1927 4922 2154 4976 arbores
2202 4934 2234 4972 e
2281 4928 2447 4980 terra,

874 5033 1193 5094 procreatae,
1228 5020 1454 5073 arbores
1484 5026 1538 5071 et
1568 5015 1765 5086 plantae
1797 5012 2035 5085 paradisi
2065 5009 2276 5081 mystici
2303 5006 2447 5061 haud

875 5114 1112 5170 absurde
1146 5110 1424 5165 dicuntur.

1492 5197 1722 5255 CAPUT
1767 5194 1828 5249 V.

956 5297 1027 5351 Dc
1047 5296 1231 5350 arbore
1252 5293 1483 5348 scientia’
1518 5291 1639 5344 boni
1656 5299 1703 5343 et
1724 5287 1851 5340 mali
1876 5285 1929 5338 in
1951 5284 2194 5353 paradiso
2218 5284 2457 5353 mystico.

880 5421 947 5432 -—
972 5390 1201 5457 Quidam
1232 5402 1262 5440 e
1293 5400 1521 5439 numero
1546 5383 1830 5453 doctorum
1853 5376 2109 5432 Ecclesia:
2133 5378 2338 5438 dicunt,
2372 5389 2453 5425 ar-

886 5486 1072 5538 borem
1095 5478 1335 5535 Sticutia:
1368 5477 1495 5530 boni
1518 5483 1570 5529 et
1600 5472 1725 5528 mali
1759 5471 2041 5541 mysticam
2074 5477 2128 5521 et
2150 5466 2204 5521 in
2224 5464 2455 5536 mystico

886 5573 1135 5645 paradiso
1185 5570 1479 5631 consitam,
1530 5580 1656 5621 esse
1703 5561 1873 5618 animi
1909 5568 2116 5614 motum
2166 5557 2455 5626 quemdam

888 5684 997 5739 quo
1030 5666 1191 5719 homo
1217 5679 1315 5719 ceu
1364 5659 1622 5733 peculiari
1659 5659 1858 5712 mentis
1918 5666 2030 5709 suae
2080 5648 2261 5704 indole
2299 5648 2458 5703 incli-

891 5774 1067 5827 natur,
1105 5774 1168 5812 eo
1196 5758 1336 5812 enim
1362 5754 1575 5818 sentiri,
1608 5768 1727 5823 qua:
1754 5752 1893 5807 inter
1932 5744 2133 5801 malum
2154 5743 2460 5813 bonumque

966 5878 1009 5907 '-
1048 5870 1235 5926 Matth.
1272 5883 1355 5931 ttt,
1388 5869 1443 5921 9..

2465 4618 2655 4692 Dnon
2711 4607 2945 4700 amplius
3008 4637 3142 4687 tres,
3197 4620 3464 4685 tantisper
3512 4613 3717 4668 scilicet
3760 4610 3887 4662 dum
3948 4607 4130 4672 legem

2550 4733 2873 4798 imperatam
2925 4717 3249 4779 transiliret,
3304 4713 3381 4764 ita
3436 4717 3494 4760 ut
3545 4706 3749 4758 interea
3804 4700 4010 4753 nullam
4060 4699 4133 4749 de

2553 4789 2717 4876 rebus
2751 4817 2874 4870 aliis
2910 4809 3297 4879 cogitationem
3342 4816 3465 4855 cum
3497 4798 3587 4850 illa
3622 4792 3922 4848 miscuerit.
3962 4789 4137 4857 Igitur

2552 4914 2606 4967 hi
2638 4904 3051 4964 meditationem
3101 4913 3219 4952 eam
3269 4891 3470 4949 mentis
3499 4902 3621 4958 qua:
3659 4886 3725 4937 de
3754 4898 3861 4936 uno
3896 4896 3998 4935 suo
4031 4879 4136 4932 Pa-

2548 5012 2703 5059 rente
2749 5000 2857 5052 Deo
2884 4996 3143 5064 agitatur,
3204 4986 3590 5057 proprietatem
3652 4976 3850 5031 mentis
3904 4981 4129 5024 vocant.

2554 5099 2650 5151 Est
2697 5097 2879 5161 itaque
2912 5088 2996 5141 his
3031 5084 3195 5138 arbor
3228 5082 3350 5133 vitae
3380 5074 3635 5145 mystica,
3684 5081 3840 5122 sacer
3881 5065 3971 5117 ille
4003 5079 4131 5128 gra-

2559 5190 2662 5242 dus
2714 5186 2769 5237 in
2826 5194 2937 5248 quo
2978 5191 3074 5245 per
3119 5171 3447 5239 baptismum
3490 5165 3845 5221 collocantur,
3897 5164 4133 5208 matrem

2565 5278 2848 5349 mysticam
2882 5286 2987 5340 qua
3037 5270 3233 5321 iterum
3273 5260 3547 5330 gignimur
3578 5255 3641 5307 ad
3690 5253 3878 5304 vitam.
3911 5248 4020 5299 Alii
4056 5247 4139 5297 di-

2561 5346 2695 5427 cunt
2735 5370 2875 5422 hanc
2912 5361 3165 5417 arborem
3214 5356 3336 5407 vita:
3375 5346 3738 5419 spiritualem,
3775 5353 3899 5394 esse
3934 5349 4135 5389 novum

2557 5458 2681 5511 vita
2745 5465 2917 5522 genus
2977 5446 3123 5516 quod
3180 5437 3588 5511 repraesentavit
3646 5430 3909 5486 Dominus
3949 5435 4139 5478 noster

2560 5551 2683 5605 inde
2706 5518 2771 5602 es
2799 5555 2911 5613 quo
2940 5540 3253 5609 baptizatus
3288 5532 3390 5585 fuit
3424 5542 3599 5595 usque
3627 5525 3756 5578 dum
3790 5518 3943 5575 cruci
3987 5528 4139 5571 esset

2563 5643 2790 5703 ailixus;
2824 5635 2890 5690 de
2924 5608 3033 5702 quo
3065 5640 3258 5701 genere
3287 5625 3407 5678 vita:
3454 5620 3773 5674 dictum'est
3813 5631 3825 5665 :
3865 5608 4141 5665 Converti-

2563 5734 2691 5789 mini
2744 5746 2834 5802 per
2876 5723 3258 5798 pmnitentiam,
3292 5714 3610 5787 propinquat
3666 5720 3878 5778 regnum
3929 5702 4049 5754 ccli
4079 5700 4139 5749 ".
