4202 6430
785 410 887 472 ῑ;87

2054 403 2276 459 MOSIS
2322 402 2458 459 [Hii
2499 401 2743 459 CEi’iH

3910 403 4027 470 $88

778 522 971 574 anima:
1012 526 1235 571 cet-teras
1283 528 1499 584 quoque
1540 511 1750 564 fovebat
1806 512 2162 580 augebatque.
2206 512 2343 566 Sunt
2370 518 2421 576 Α
2447 512 2550 575 sui,
2580 524 2749 577 seque
2782 530 2847 565 eo
2869 526 2976 564 uno
2995 511 3310 567 oblectaret.
3344 513 3409 565 Et
3464 517 3727 566 mandavit
3764 516 4027 570 lionttuus

779 616 1079 675 prarterea,
1135 606 1228 674 qui
1287 606 1403 668 sic,
1471 611 1527 655 ut
1591 618 1685 671 per
1742 602 1958 655 [luvium
2018 602 2347 671 intelligatur

776 698 1025 749 Christus
1054 695 1145 763 qui
1184 710 1279 749 sua
1314 692 1556 746 doctrina
1614 691 1909 745 Ecclesiam
1960 691 2198 760 rigabat;
2234 691 2345 743 col-

776 787 978 855 legium
1004 786 1129 839 dico
1155 786 1512 855 apostolicum
1539 788 1682 854 quod
1709 784 2010 852 eratyeiuti
2042 784 2342 852 paradisus,

776 878 973 932 deinde
1002 878 1263 931 evadebat
1294 886 1474 929 sectus
1506 877 1559 929 in
1590 887 1824 945 quatuor
1853 876 2051 943 capita,
2096 876 2196 928 hoc
2238 884 2342 935 est,

777 968 927 1036 ipsos
959 978 1191 1037 quatuor
1237 969 1617 1038 evangelistas,
1668 968 2019 1031 Matthaeum,
2069 966 2342 1027 Marcum,

778 1056 1018 1118 Lucam,
1076 1054 1384 1122 Joannem,
1450 1066 1611 1127 atque
1663 1058 1716 1111 hi
1771 1058 1968 1111 deinde
2025 1059 2341 1111 universum

776 1149 961 1201 orbem
1000 1148 1346 1202 habitabilem
1385 1150 1725 1218 proluebant.
1780 1147 1984 1203 Nomen
2024 1152 2179 1201 unius
2215 1148 2343 1201 Phi-

776 1255 889 1300 son,
938 1240 981 1289 is
1022 1248 1097 1290 est
1142 1241 1231 1306 qui
1279 1242 1464 1292 circuit
1505 1241 1801 1292 universum
1851 1250 2043 1292 terram
2082 1239 2292 1293 "avita:
2326 1256 2344 1292 :

772 1339 820 1380 et
856 1329 927 1379 ibi
965 1340 1039 1381 es!
1084 1346 1313 1391 aurum;
1347 1340 1395 1382 et
1430 1346 1619 1382 aurum
1660 1330 1773 1398 ejus
1815 1340 1967 1384 terra:
2013 1334 2200 1383 bonum
2232 1342 2344 1394 est;

775 1422 848 1471 ibi
878 1419 1090 1481 bdellia,
1122 1434 1168 1472 et
1197 1420 1393 1487 lapides
1425 1422 1626 1491 berylli.

850 1511 1042 1564 Phison
1070 1513 1286 1579 mystice
1316 1514 1465 1580 quid.
1510 1544 1577 1552 —
1634 1513 1735 1567 l‘er
1779 1514 2065 1567 Phisonem
2117 1512 2342 1565 ﬂuvium

781 1604 1000 1672 intelligi
1036 1615 1218 1673 potest
1264 1604 1400 1657 flava
1450 1606 1572 1659 bilis
1598 1608 1700 1673 fqui
1740 1608 1931 1658 humor
1985 1606 2037 1657 in
2098 1607 2344 1673 corporis

775 1694 997 1745 humani
1048 1695 1433 1748 constitutione
1485 1696 1770 1749 laudabilis
1822 1707 1921 1749 est.
1971 1695 2104 1750 Nam
2156 1699 2248 1765 qui
2281 1713 2343 1751 eo

774 1783 979 1851 largius
1026 1784 1233 1853 ιιι-εειιίῑί
1286 1795 1431 1843 sunt.
1492 1786 1709 1853 ingenio
1752 1787 1955 1854 pollent
2010 1789 2119 1840 acri
2180 1798 2342 1854 atque

2451 601 2587 654 Deus
2624 602 2847 667 Adamo,
2881 604 3118 671 dixitque
3151 605 3252 671 ipsi
3286 620 3304 656 :
3328 605 3403 659 De
3434 623 3463 658 ο
3486 608 3675 658 auibus
3713 611 4019 668 arboribus.

2448 709 2564 762 qua:
2585 703 2705 746 sunt
2742 694 2795 746 in
2842 696 3115 763 paradiso,
3170 697 3369 749 edendo
3397 700 3515 752 edes
3543 714 3559 750 :
3589 707 3643 749 ut
3674 700 3737 752 de
3768 702 3881 765 ipsa
3925 720 4029 751 (v-

2450 790 2570 839 bore
2599 787 2824 840 scientia:
2849 790 2969 839 boni
2998 800 3046 841 et
3082 790 3227 850 ntali,
3273 806 3335 841 ne
3367 789 3513 853 edas,
3558 794 3656 845 hoc
3688 802 3789 855 est,
3820 806 4026 843 exerce.

2450 885 2500 930 te
2530 878 2946 946 cogitationibus
2980 882 3060 947 ,de
3099 881 3265 934 rebus
3311 882 3569 935 omnibus
3622 892 3734 936 tum
3766 894 4026 951 aspecta-

2447 966 2648 1021 bilibus
2677 1008 2690 1028 ,
2749 977 2858 1021 tum
2907 985 3028 1037 quae
3068 972 3183 1024 sola
3226 972 3423 1025 mentis
3465 972 3811 1041 intelligentia
3844 975 4027 1043 perri.

2448 1058 2669 1123 piuntur
2696 1076 2710 1124 ;
2737 1061 2985 1128 apudque
3020 1069 3171 1113 tuum
3196 1064 3438 1115 animum
3468 1063 3725 1115 meditare
3756 1065 4019 1131 quisnam

2448 1147 2519 1200 sit
2557 1147 2768 1200 illarqu
2794 1136 3012 1204 effector
3041 1161 3091 1205 et
3124 1166 3337 1219 parens,
3371 1161 3423 1207 et
3446 1153 3716 1221 quomodo
3744 1153 3975 1206 sintc0n
3994 1183 4018 1192 -

2448 1238 2607 1300 diue;
2645 1248 2901 1306 totusque
2935 1251 3052 1295 esto
3086 1242 3136 1294 in
3181 1241 3489 1295 meditando
3527 1259 3587 1295 ea
3617 1259 3735 1312 qua?
3768 1244 3868 1296 sibi
3908 1244 4023 1295 illis

2453 1330 2678 1398 mystice
2709 1331 2875 1383 latent
2904 1348 2919 1393 ;
2964 1348 3199 1402 eumque
3228 1350 3291 1387 ex
3331 1348 3510 1386 rerum
3540 1337 3750 1387 illarum
3777 1336 4022 1404 pulchri-

2449 1420 2862 1491 tudine‘raptus
2904 1420 3072 1474 fueris
3119 1423 3174 1476 in
3218 1423 3626 1477 admirationem
3656 1464 3671 1487 ,
3704 1436 3829 1479 tunc
3869 1427 4023 1490 ipsa-

2447 1523 2564 1560 rum
2594 1510 2873 1566 CondiIOri
2898 1514 3095 1581 gratias
3114 1515 3273 1581 agita,
3289 1530 3520 1584 eumque
3539 1515 3788 1567 laudibus
3807 1516 3926 1569 elici
3942 1526 4026 1570 to.

2448 1598 2603 1662 Quod
2640 1616 2801 1667 porro
2848 1603 3113 1671 sequitur,
3163 1603 3230 1655 ab
3278 1605 3472 1657 arbore
3510 1606 3749 1658 scientia:
3784 1604 3912 1659 bOni
3968 1616 4023 1656 et

2447 1691 2571 1743 mali
2624 1692 3001 1746 abstinendum
3048 1710 3187 1758 esse,
3235 1694 3503 1763 significat
3542 1696 3689 1746 illum
3745 1694 4022 1748 Clll'iOaillS

2449 1780 2724 1847 inquirere
2753 1798 2857 1835 non
2885 1784 3137 1839 debuisse
3181 1786 3234 1838 in
3270 1786 3434 1839 Deum
3473 1786 3674 1853 ipsum,
3710 1787 3838 1853 quid
3871 1798 4019 1840 esset

773 1888 1096 1926 arcanorum
1142 1872 1235 1926 Dei
1287 1875 1641 1945 mysticorum
1679 1877 2006 1945 cognitione,
2058 1886 2110 1929 et
2155 1892 2336 1930 rerum
2373 1872 2414 1926 Β
2445 1881 2499 1924 et
2532 1873 2805 1939 quomodo
2825 1874 3130 1940 exsisteret,
3161 1887 3216 1928 et
3242 1879 3502 1931 unicusne
3528 1893 3593 1931 an
3625 1878 3808 1946 plures
3830 1891 4023 1931 essent

771 1967 1114 2021 conditarum
1148 1970 1415 2035 scicntia;
1464 1972 1563 2025 hoc
1598 1980 1700 2034 est,
1735 1972 2039 2025 divinarum
2064 1980 2116 2025 et
2146 1970 2339 2025 huma-

773 2072 963 2110 narum
1002 2074 1184 2112 rerum
1224 2075 1455 2127 capaci";
1486 2062 1625 2127 quod
1660 2063 1899 2128 profecto
1924 2062 2092 2113 multo
2125 2077 2258 2114 auro
2288 2072 2340 2115 et

772 2147 1126 2214 margaritis,
1182 2149 1561 2215 lapidibusque
1618 2151 1867 2217 pretiosis
1929 2148 2334 2202 anteferendum

771 2245 876 2298 est,
905 2238 1041 2289 sicut
1068 2238 1144 2289 ait
1170 2236 1376 2291 Psaltes
1410 2239 1573 2292 David
1616 2258 1628 2293 :
1668 2241 1945 2309 Propterea
1982 2243 2153 2293 amavi
2188 2258 2335 2293 mane

768 2326 896 2377 data
955 2335 1045 2377 tua
1103 2328 1325 2379 multum
1374 2346 1531 2395 supra
1577 2346 1785 2393 aurum,
1820 2341 1867 2384 et
1914 2333 2133 2384 multum
2174 2349 2337 2400 supra

774 2418 980 2485 lapides
1034 2422 1284 2485 pretiosos
1336 2421 1398 2472 θ’.
1438 2420 1829 2475 Ρυιοξει“θιί;ιιιι
1887 2439 1978 2491 per
2046 2422 2335 2477 I’hisonem

772 2511 941 2576 accipi
981 2525 1041 2563 ea
1090 2512 1257 2563 virtus
1307 2512 1473 2564 animi
1528 2528 1645 2579 qua:
1670 2516 1893 2567 rationis
1944 2516 2156 2583 propria
2212 2525 2333 2577 est;

774 2602 1113 2668 prudentiam
1166 2602 1311 2655 dico.
1354 2601 1534 2656 Potest
1576 2620 1790 2671 quoque
1850 2605 2060 2658 Marcus
2105 2620 2338 2673 evange-

771 2691 892 2740 lista
934 2690 1188 2742 l’ltisonis
1222 2691 1437 2742 nomine.
1482 2693 1725 2758 signatus
1764 2692 2010 2761 intelligi,
2041 2702 2097 2745 nt
2144 2694 2196 2745 in
2226 2708 2335 2763 quo

775 2776 941 2828 robur
979 2776 1349 2845 fortitudoque
1384 2780 1577 2833 enituit
1618 2797 1703 2834 res
1741 2797 1968 2851 superas
2008 2783 2332 2851 explicandi.

771 2864 839 2916 lit
889 2882 1070 2917 nomen
1122 2868 1270 2932 [furii
1321 2870 1556 2931 secundi,
1616 2869 1807 2935 Cillan,
1840 2872 1881 2923 is
1925 2881 1998 2924 est
2031 2874 2117 2934 qui
2150 2874 2330 2925 circuit

774 2971 973 3006 omnem
1010 2968 1207 3008 tt’rrum
1235 2957 1376 3011 (ibus
1411 2973 1427 3008 :
1462 2969 1508 3011 et
1536 2977 1717 3011 nomen
1744 2963 1891 3027 ﬂuvii
1922 2963 2098 3025 tertii,
2133 2960 2333 3025 Diklat,

769 3044 861 3112 qui
917 3046 955 3096 it
1004 3049 1251 3101 adversus
1314 3051 1477 3101 Assur
1536 3067 1552 3101 :
1611 3062 1659 3101 et
1711 3053 1901 3119 ﬂuetus
1969 3065 2186 3121 quartus
2236 3066 2333 3117 est,

774 3132 991 3189 l’erat/t.
1031 3137 1295 3192 (iihoncm
1330 3150 1505 3203 vocat,
1538 3146 1825 3194 humorem
1858 3161 1979 3197 eum
2014 3162 2173 3212 quem
2210 3161 2335 3199 san-

2447 1960 2557 2027 dii;
2594 1962 2695 2015 huc
2723 1963 2863 2015 enim
2904 1964 3119 2032 penitus
3152 1969 3551 2035 procedendum
3585 1969 3655 2020 illi
3688 1983 3793 2021 non
3824 1968 4015 2026 fuisse,

2447 2064 2731 2120 propterea
2762 2056 2903 2121 quod
2951 2059 3127 2112 adlmc
3163 2061 3226 2112 ad
3262 2061 3409 2113 iliius
3438 2061 3580 2112 modi
3612 2076 3696 2114 res
3724 2062 4020 2127 capiendas

2447 2154 2553 2191 non
2580 2142 2709 2194 satis
2741 2142 2965 2208 polleret
2986 2145 3130 2199 illius
3160 2162 3334 2201 mens.
3379 2148 3513 2211 Quia
3541 2165 3641 2215 quo
3666 2149 3749 2200 die
3778 2150 4018 2201 contedes

2444 2230 2507 2281 de
2536 2246 2615 2291 ea,
2647 2243 2813 2283 morte
2845 2234 3129 2297 morieris;
3165 2250 3227 2289 ac
3257 2236 3302 2289 si
3338 2236 3483 2289 dicat
3517 2254 3530 2289 :
3573 2235 3690 2300 Quo
3718 2237 3803 2287 die
3836 2244 4019 2287 tecum

2446 2322 2719 2390 ambigere
2742 2326 2973 2391 coeperis
3009 2341 3217 2379 unusne
3245 2326 3383 2379 Deus
3416 2328 3486 2380 sit
3516 2342 3581 2378 an
3613 2330 3813 2392 plures,
3848 2334 4018 2393 atque.

2447 2412 2499 2465 in
2537 2414 2849 2482 opinionem
2904 2415 3139 2483 plurium
3185 2417 3463 2481 incideris,
3498 2427 3723 2468 mortem
3772 2426 4018 2483 appetes,

2444 2513 2496 2553 et
2528 2505 2798 2568 peccando
2826 2515 2876 2555 ct
2913 2515 2982 2564 te,
3016 2520 3043 2554 a
3069 2520 3175 2567 me,
3205 2507 3560 2558 subdiu-endo
3586 2505 4014 2571 alienandoqne.

2444 2592 2536 2659 qui
2568 2607 2689 2646 sum
2728 2607 2888 2647 verus
2909 2593 3069 2648 Deus.
3100 2595 3308 2663 Quippe
3340 2596 3389 2648 id
3420 2596 3493 2648 illi
3526 2596 3726 2659 evenit,
3757 2612 3860 2647 una
3886 2611 4016 2648 cum

2449 2695 2617 2733 uxore
2648 2678 2756 2733 Eva
2786 2683 2988 2735 diaboli
3025 2684 3213 2737 fraude
3241 2686 3467 2739 seducto
3506 2704 3519 2738 :
3570 2686 3661 2753 qui
3707 2700 3810 2737 non
3848 2686 4015 2737 modo

2445 2780 2585 2819 escae
2629 2770 2896 2822 illecebris
2936 2771 3083 2837 ipsos
3132 2770 3340 2834 fefellit,
3396 2772 3489 2826 sed
3525 2774 3794 2840 persuasit
3848 2775 4013 2824 etiam

2446 2858 2628 2926 plures
2668 2874 2788 2913 esse
2818 2862 2972 2924 deos,
3012 2863 3141 2914 dum
3188 2864 3389 2917 diceret
3427 2881 3441 2917 :
3498 2863 3559 2917 Si
3590 2864 3918 2917 comederitis
3950 2864 4017 2916 de

2443 2966 2505 3002 ea
2537 2950 2742 3014 arbore,
2790 2953 2939 3004 eritis
2988 2954 3117 3005 sicut
3172 2954 3267 3007 dii.
3312 2952 3407 3007 llic
3442 2954 3573 3006 illud
3606 2956 3769 3006 etiam
3824 2954 4018 3007 obser-

2446 3044 2681 3094 vandum
2743 3052 2826 3094 est
2872 3060 2887 3095 :
2939 3043 3069 3096 Adae
3122 3054 3284 3112 atque
3328 3046 3507 3105 uxori,
3566 3046 3760 3098 arbore
3798 3055 4011 3097 tantum

2447 3133 2687 3185 scientia:
2736 3134 3081 3186 interdictum
3122 3149 3242 3188 esse
3273 3149 3341 3190 ne
3380 3136 3447 3188 ad
3500 3150 3619 3189 eam
3670 3139 4014 3202 accederent,

772 3222 989 3287 guinem
1042 3224 1303 3289 dicimus;
1344 3226 1536 3291 D.Llat,
1581 3246 1702 3281 eum
1746 3247 1903 3297 quem
1942 3207 2187 3299 pituitam
2226 3249 2325 3285 vo-
2364 3207 2405 3263 ο
2444 3236 2639 3290 nempe
2691 3225 2819 3290 quia
2874 3227 3114 3275 nondum
3169 3225 3288 3291 eius
3320 3240 3548 3291 capaces
3598 3237 3795 3289 eral”;
3844 3236 3898 3279 al
3948 3229 4017 3278 (Ιυ

771 3325 992 3375 ramus;
1043 3314 1277 3381 denique
1328 3315 1547 3378 Perath,
1591 3321 1740 3371 illurn
1786 3336 1945 3387 quem
1995 3323 2331 3389 appellamus

772 3399 935 3452 bilem
972 3409 1166 3465 atram,
1221 3414 1279 3457 ut
1308 3405 1381 3457 ait
1416 3405 1476 3457 Ι).
1514 3407 1749 3460 Jacobus
1790 3413 2097 3464 Uriohaita.
2130 3414 2335 3465 Possu-

774 3502 898 3540 mus
932 3503 1149 3555 quoque
1198 3505 1292 3558 per
1322 3492 1586 3546 Uiitonem
1635 3497 1928 3565 intelligi-re
1972 3513 2087 3550 eam
2140 3501 2336 3553 anima:

775 3577 1026 3631 virtutem
1060 3594 1180 3645 qua:
1208 3585 1557 3649 temperantia
1589 3585 1826 3649 dicitur;
1863 3604 1958 3655 per
1987 3587 2183 3649 Diklat,
2216 3604 2334 3642 eam

774 3684 896 3736 qua:
930 3669 997 3721 ad
1036 3683 1241 3738 partem
1284 3673 1477 3726 anima:
1519 3676 1841 3728 irascibilem
1879 3680 1993 3731 sive
2035 3680 2335 3732 animosam

779 3758 1044 3825 pertinet;
1080 3764 1178 3814 hoc
1201 3774 1300 3826 est,
1350 3762 1744 3831 fortitudinem,
1795 3780 1846 3821 et
1890 3770 2199 3834 lenitatem;
2248 3785 2343 3839 per

777 3848 975 3903 l’erath
1024 3850 1255 3919 denique
1286 3893 1298 3916 ,
1346 3854 1633 3922 justitiam.
1688 3857 1895 3911 Ilursus
1946 3860 2119 3913 Gihon
2163 3872 2339 3928 potest

778 3937 1091 3993 Matthaeum
1123 3942 1425 4011 signiﬁcare
1448 3948 1853 4016 evangelistam;
1884 3948 2075 4011 Diklat,
2103 3949 2301 4005 Lucam
2334 3969 2349 4019 ;

779 4026 979 4082 Perath
1018 4028 1303 4087 Joannem.
1360 4034 1423 4086 Et
1477 4040 1673 4104 accepit
1728 4040 1978 4093 Dominus
2021 4042 2157 4094 Deus
2196 4044 2343 4096 Ada-

780 4138 941 4185 mum,
975 4133 1023 4176 et
1069 4126 1239 4191 posuit
1268 4131 1436 4193 ipsum
1466 4130 1521 4181 in
1554 4135 1806 4198 paradiso
1835 4132 2005 4189 Eden.
2046 4134 2340 4204 Postquam

780 4214 1113 4268 condidisset
1140 4218 1278 4272 Deus
1308 4220 1594 4286 Adamum,
1626 4224 1845 4276 sustulit
1873 4226 2048 4293 ipsum
2078 4227 2225 4279 illinc
2251 4227 2342 4281 ubi

783 4312 1001 4357 creatus
1032 4306 1228 4372 fuerat,
1266 4316 1320 4360 et
1354 4310 1592 4363 traduxit
1625 4312 1678 4363 in
1714 4315 2024 4380 paradisum
2085 4316 2345 4383 spirituao

783 4394 1036 4458 lem,hoc
1081 4407 1184 4459 est,
1236 4398 1288 4449 in
1322 4400 1483 4452 vitam
1518 4401 1751 4467 feliCem,
1797 4413 1851 4456 ut
1900 4406 2225 4474 voluptatem
2258 4422 2349 4462 ca-

782 4494 934 4551 peret
977 4501 1042 4538 ex
1086 4487 1433 4544 meditatione
1478 4507 1658 4546 rerum
1693 4496 2056 4558 conditarum,
2087 4509 2249 4567 atque
2281 4514 2343 4552 ex

785 4572 983 4628 divinae
1014 4578 1248 4633 notionis
1279 4580 1441 4634 radiis
1482 4583 1681 4651 quibus
1713 4585 1884 4654 ipsius
1918 4604 2070 4642 mens
2104 4589 2343 4644 illustra—

783 4665 947 4718 batur
998 4668 1317 4737 angelorum
1364 4686 1513 4727 more
1548 4714 1561 4737 ,
1616 4679 2069 4744 quemadmodum
2122 4681 2172 4733 in
2231 4682 2350 4750 ipso

783 4771 1000 4824 quoque
1067 4773 1354 4827 corporato
1434 4768 1684 4833 paradiso
1748 4770 2141 4825 oblectabatur.
2214 4772 2349 4825 Cum

783 4849 929 4901 enim
964 4850 1194 4918 duplicis
1224 4866 1368 4909 esset
1415 4860 1747 4915 conditionis
1795 4865 2120 4930 paradisus;
2165 4875 2352 4933 quate-

780 4950 889 4988 nus
919 4937 1215 5005 spiritualis
1264 4955 1396 5008 erat,
1441 4946 1743 5002 delectabat
1788 4952 1915 5005 Αᾱω
1944 4953 2183 5006 animum
2216 4970 2347 5007 con-

786 5028 1266 5095 templationibus;
1309 5048 1576 5103 quatenus
1616 5058 1742 5094 vero
1796 5056 2135 5111 corporatus,
2180 5046 2344 5099 arbo-

746 5111 751 5123 “
786 5118 935 5171 ribus
964 5119 1355 5193 fructibusque,
1385 5128 1528 5183 illius
1558 5145 1753 5200 corpus
1781 5137 2079 5187 recreabat.
2137 5135 2202 5189 Ut
2226 5153 2342 5189 eum

786 5208 977 5261 coleret
1004 5222 1050 5263 et
1087 5219 1388 5271 custodiret.
1430 5218 1633 5275 Idcirco
1670 5223 1886 5292 (inquit)
1924 5228 2161 5279 traduxit
2193 5227 2341 5280 illum

790 5298 844 5351 in
882 5315 1006 5354 eum
1053 5305 1386 5372 spiritualem
1422 5323 1471 5366 et
1512 5315 1729 5369 beatum
1765 5319 1977 5371 vivendi
2011 5321 2255 5385 modum,
2294 5331 2352 5373 ut

790 5391 848 5452 in
879 5400 996 5466 ipso
1026 5415 1146 5455 sese
1200 5416 1476 5459 exerceret
1506 5422 1599 5474 per
1644 5409 1844 5476 probas
1891 5410 2248 5478 cogitationes
2304 5420 2359 5465 et

793 5502 972 5542 reetas
1011 5492 1388 5548 meditationes
1413 5511 1533 5565 qua:
1560 5498 1702 5552 circa
1734 5514 1821 5553 res
1852 5501 2101 5555 conditas
2133 5518 2360 5557 versen-

792 5590 905 5647 tur,
959 5582 1242 5654 ipsumque
1291 5590 1609 5647 observaret
1654 5594 1801 5647 omni
1866 5594 2145 5661 proposito
2198 5594 2364 5647 animi

869 5744 913 5775 ’³³
942 5741 1087 5801 Psal.
1126 5761 1310 5812 cxvm,
1342 5749 1428 5803 7‘2.

2448 3318 2642 3368 arbore
2672 3317 2790 3367 vitae
2820 3317 2953 3368 nihil
2979 3331 3099 3369 esse
3126 3328 3450 3384 praeceptum
3484 3318 3699 3385 quidem
3738 3318 3873 3388 lege,
3914 3322 4010 3372 sed

2450 3421 2549 3475 pro
2582 3406 2828 3459 custodia
2858 3405 2973 3471 ejus
3019 3410 3248 3474 positum
3280 3409 3496 3461 Cherub
3531 3417 3583 3460 et
3614 3412 3785 3462 aciem
3824 3412 4017 3478 gladii,

2453 3496 2706 3547 nimirum
2753 3504 2810 3547 ut
2851 3509 2912 3547 ea
2945 3510 3001 3546 re
3032 3496 3387 3562 signiﬁcetur,
3435 3511 3529 3548 eos
3570 3498 3825 3549 mortales
3878 3502 4020 3565 (sive

2452 3586 2667 3653 pristini
2702 3586 2847 3637 illius
2900 3588 3016 3638 sive
3049 3585 3208 3650 hujus
3260 3586 3538 3654 temporis,
3582 3588 3672 3653 qui
3727 3602 3835 3640 non
3878 3592 4016 3642 satis

2455 3680 2593 3729 lirtni
2632 3688 2756 3728 sunt
2787 3678 2850 3728 ad
2882 3675 3294 3728 commentanda
3350 3693 3411 3729 ea
3461 3693 3581 3745 qua:
3618 3679 3682 3731 ad
3721 3694 4017 3732 sacrosan-

2457 3778 2596 3822 ctam
2651 3768 2965 3820 'I'rinitatem
3036 3774 3322 3833 spectant;
3402 3782 3567 3820 unum
3641 3771 3847 3823 sciliiet
3894 3786 4022 3825 eSse

2459 3856 2651 3921 Deum,
2709 3871 2968 3925 personas
3019 3871 3146 3909 vero
3192 3865 3321 3919 tres,
3372 3866 3535 3925 atque
3584 3859 3655 3911 ita
3690 3858 4019 3915 Trinitatem

2455 3964 2577 4003 esse
2613 3950 2665 4000 in
2724 3952 2950 4012 unitate,
2998 3956 3052 4000 et
3098 3961 3313 4000 rursum
3361 3950 3622 4001 unitatem
3667 3949 3719 4002 in
3754 3949 4025 4004 Trinitam

2462 4042 2627 4111 (hanc
2663 4042 2804 4091 enim
2844 4056 2963 4091 esse
3011 4040 3259 4091 arborem
3293 4041 3439 4103 vitae,
3478 4054 3645 4108 supra
3689 4033 4025 4093 memoravi-

2463 4134 2606 4195 mus)
2636 4145 2648 4181 ε
2683 4131 2726 4182 si
2756 4138 3021 4181 conentur
3066 4143 3157 4195 per
3189 4129 3543 4182 temeritatem
3588 4130 3681 4184 illo
3713 4142 4025 4198 penetrare,

2460 4221 2634 4287 deque
2681 4219 2892 4271 arcanis
2942 4218 3046 4270 illis
3082 4227 3136 4268 et
3190 4218 3426 4283 cogitare
3453 4228 3507 4270 et
3538 4219 3728 4286 loqui:
3784 4236 3903 4278 eos.
3938 4222 4029 4273 in-

2461 4327 2647 4382 quam,
2682 4310 2920 4365 coerceri
2970 4310 3265 4377 repellique
3307 4312 3461 4377 quasi
3491 4325 3519 4361 a
3547 4310 3772 4363 custode
3806 4310 4031 4364 Cbernb

2462 4414 2515 4460 et
2540 4407 2722 4457 lancea
2746 4405 2977 4471 quadam
3008 4405 3157 4471 ignea
3179 4403 3479 4472 fulgoribus
3512 4402 3745 4454 micante
3771 4401 4035 4470 ipsosque

2460 4496 2763 4548 deterrente
2813 4504 2971 4561 atque
3012 4508 3238 4546 accessu
3278 4493 3618 4555 prohibente.
3674 4488 3739 4539 Et
3777 4491 4030 4555 formarit

2467 4587 2714 4641 Dominus
2772 4585 2907 4637 Deus
2975 4602 2999 4636 e
3052 4595 3191 4635 terra
3241 4594 3445 4635 onmem
3502 4580 3722 4632 bestiam
3778 4581 3933 4647 agri,
3982 4590 4032 4631 et

2458 4694 2665 4733 omnem
2699 4680 2954 4730 volucrem
2988 4676 3122 4727 caeli.
3166 4671 3288 4727 llaec
3317 4672 3500 4732 verba,
3522 4681 3682 4739 atque
3707 4670 3819 4723 hinc
3847 4671 4031 4723 oratio

2450 4771 2515 4825 de
2548 4771 2710 4823 rebus
2759 4769 2890 4836 ipsis
2923 4766 3189 4818 duntaxat
3233 4761 3579 4830 interpretari
3628 4768 3879 4827 possunt,
3921 4774 4031 4811 non

2449 4865 2605 4917 etiam
2626 4860 2693 4913 ad
2713 4860 2960 4926 spiritum
2986 4854 3403 4909 arcommodari.
3425 4852 3587 4921 Igitur
3607 4864 3726 4917 quae
3745 4864 4035 4903 commen-

2452 4958 2591 5009 tario
2611 4953 2889 5021 superiore
2914 4951 2977 5004 de
3003 4949 3134 5017 ipsis
3157 4954 3283 5001 sunt
3308 4962 3336 4998 a
3368 4945 3522 4998 nobis
3553 4942 3713 5003 dicta,
3739 4940 4037 4996 suliieiant.

2460 5046 2525 5098 Et
2552 5044 2771 5097 immisit
2806 5042 3056 5093 Dominus
3079 5038 3211 5091 Deus
3238 5038 3458 5105 quietem
3480 5034 3611 5102 (aut.
3637 5042 3692 5083 ut
3725 5031 3887 5083 habet
3930 5029 4041 5084 lle-

2460 5140 2686 5198 brmum,
2707 5136 2964 5197 somnum)
2985 5133 3035 5183 in
3059 5132 3336 5189 Adamnm,
3359 5136 3405 5178 et
3437 5125 3720 5176 dormivit:
3744 5132 3791 5174 et
3820 5122 4040 5173 sustulit

2452 5245 2608 5281 unam
2637 5243 2663 5279 e
2696 5226 2850 5278 costis
2884 5225 3069 5289 ipsius,
3101 5220 3389 5286 clausitque
3423 5231 3577 5267 carne
3607 5214 3718 5280 ejus
3746 5215 3942 5275 locum,
3985 5214 4039 5263 ει

2458 5319 2782 5374 concinnavit
2820 5316 3065 5366 Dominus
3116 5312 3250 5362 Deus
3292 5324 3355 5360 ex
3379 5317 3523 5359 costa
3566 5318 3721 5373 quam
3742 5311 4041 5367 sumpserat

2463 5428 2526 5466 ex
2578 5412 2801 5471 Atlante,
2830 5409 3096 5474 feminam.
3119 5402 3270 5468 Quod
3307 5416 3369 5454 ex
3393 5400 3597 5451 Adamo
3628 5410 3823 5461 sopore
3840 5394 4044 5446 obruto

2470 5511 2682 5569 sumpta
2708 5510 2789 5554 est
2820 5509 2990 5559 costa,
3042 5506 3201 5562 atque
3239 5508 3301 5545 ex
3354 5492 3454 5542 hac
3491 5489 3629 5541 facta
3673 5485 3781 5537 Eva
3809 5522 3823 5547 ,
3856 5497 4045 5536 saera-

2474 5602 2716 5648 mentum
2761 5599 2843 5643 est
2899 5588 3178 5656 sanguinis
3232 5594 3285 5638 et
3330 5596 3483 5650 aqua:
3521 5596 3584 5633 ex
3616 5576 3818 5631 Christi
3871 5577 4043 5627 latere
