4202 6430
163 372 250 434 3:4)
1171 402 1179 415 ι
1265 363 1356 422 DE
1399 361 1790 422 PARwIs‘O.
1835 383 1900 394 ν-
1938 358 2126 418 PARS
2172 356 2246 414 tt.

3271 348 3292 406 Ξ
3306 346 3379 408 9-3

166 479 557 548 proﬂuentium,
617 487 903 548 postquam
964 476 1018 531 in
1060 489 1223 531 cruce
1263 475 1710 537 obdormivisset;
1744 486 1784 542 Α
1817 481 1898 525 ret
1934 471 2141 524 hortata
2173 475 2276 533 est,
2314 467 2357 517 is
2390 481 2515 517 vero
2547 463 2732 518 uxoris
2765 461 2925 516 dictis
2967 468 3051 513 est
3095 473 3367 521 assensus,

165 572 343 640 quibus
377 573 675 625 constituta
723 579 803 623 est
846 579 1192 624 sacrosancta
1237 567 1473 622 Ecclesia
1513 585 1524 618 :
1559 575 1695 628 tum,

164 662 289 728 quod
320 677 385 713 ex
433 663 598 715 latere
636 660 822 714 Adami
854 661 1222 726 excipiebatur
1253 659 1384 720 Eva,
1408 669 1564 728 typus
1601 655 1703 709 fuit

166 748 382 801 fodiendi
417 751 544 802 olim
593 749 775 804 lateris
826 749 1050 813 Christi,
1083 766 1147 804 ex
1198 764 1306 818 quo
1338 759 1518 802 essent
1551 746 1704 800 rillu-

166 853 295 890 xiirat
345 854 500 906 aquae
542 839 660 894 vitae
708 850 761 894 et
815 840 1006 893 vitales
1066 841 1486 908 salutaresque;
1527 853 1702 907 aqua).

168 929 392 997 inquam,
429 932 566 985 sacri
601 931 850 997 baptismi
881 933 971 1000 qui
1024 941 1108 986 est
1152 942 1320 985 mater
1361 933 1612 1002 mystica,
1643 945 1704 982 ex

169 1031 258 1084 qua
286 1035 387 1071 una
420 1029 774 1088 procreantur
798 1022 890 1074 lilii
923 1022 1044 1072 novi
1083 1022 1148 1074 ad
1183 1023 1340 1075 vitam
1374 1022 1706 1090 spiritualcm

170 1120 313 1176 atque
354 1112 738 1176 srmpiternain
796 1132 810 1168 :
871 1115 1012 1166 sicut
1069 1113 1172 1166 Eva
1229 1129 1443 1183 quoque
1487 1129 1606 1177 qu:e
1645 1127 1708 1166 ex

173 1200 349 1253 Adami
406 1202 578 1254 latere
631 1203 850 1271 prodiit,
903 1213 1075 1256 mater
1131 1204 1311 1257 omnis
1357 1204 1588 1256 viventis
1631 1213 1711 1256 est

170 1292 445 1360 appellata.
496 1291 559 1345 Et
612 1311 821 1362 serpens
882 1297 1110 1349 astutior
1137 1305 1252 1348 erat
1300 1294 1539 1347 omnibus
1592 1297 1710 1348 ani-

170 1383 376 1434 malibus
423 1385 562 1453 agri,
617 1399 732 1452 qua:
762 1385 956 1452 fecerat
992 1385 1246 1438 Dominus
1281 1383 1440 1437 Deus.
1486 1385 1716 1454 Serpen-

171 1482 262 1524 tem
291 1485 447 1527 vocat
482 1475 794 1541 diabolum;
834 1479 982 1530 illum
1019 1478 1125 1530 Deo
1149 1481 1422 1542 rebellem,
1454 1479 1713 1532 mendacii

175 1574 387 1631 patrem,
426 1565 674 1618 humanm
718 1578 922 1620 natura:
955 1568 1342 1638 impostorem;
1393 1586 1516 1624 nam
1557 1569 1715 1622 etiam

172 1655 279 1706 alibi
311 1656 364 1707 in
396 1659 565 1710 sacris
593 1657 827 1718 Litteris,
857 1658 945 1711 ille
966 1675 1186 1728 serpens
1212 1663 1508 1730 appellatur
1536 1679 1548 1713 :
1578 1659 1716 1724 Feci,

175 1744 328 1812 inquit
362 1745 645 1805 Dominus.
677 1748 817 1801 vobis
845 1759 1146 1817 potestatem
1175 1752 1416 1804 calcandi
1460 1761 1719 1815 serpentes

1813 576 1973 632 atque
2023 565 2073 612 in
2129 562 2342 614 easdem
2401 558 2754 626 cogitationes
2806 554 3051 609 incubuit
3115 569 3126 605 :
3191 552 3378 618 Apcrti

1807 663 1927 706 situt
1968 653 2112 728 oculi
2160 653 2429 704 amborum
2467 658 2514 702 et
2559 656 2904 714 cognoverunt
2957 645 3094 711 quod
3139 643 3268 695 nudi
3295 656 3380 694 es-

1809 753 1942 796 sent.
2015 741 2281 807 livesﬁgio
2337 741 2533 794 violata
2604 739 2716 803 lege
2772 736 2884 799 llci,
2949 732 3197 802 patefacti
3251 743 3379 786 sunt

1814 836 2054 902 ipsorum
2087 832 2232 884 oculi
2267 847 2278 882 :
2323 848 2426 884 non
2472 829 2614 900 quod
2647 828 2698 880 in
2729 828 2856 880 deus
2885 827 2996 894 jam
3035 834 3144 878 tum
3176 822 3377 876 evasis-

1813 935 1950 982 sent.
1975 926 2025 974 in
2049 937 2208 986 quam
2239 936 2387 984 spem
2418 922 2561 988 ipsos
2584 919 2880 972 adduxerat
2902 919 3134 977 dictum,
3169 913 3260 967 sed
3286 913 3378 972 ita,

1817 1025 1874 1069 ut
1926 1014 2411 1067 animadverterent
2449 1027 2596 1065 suam
2633 1010 2963 1071 nuditat-m;
2997 1009 3098 1061 hoc
3158 1017 3258 1068 est,
3290 1004 3366 1055 ad-

1817 1116 1989 1173 empta
2017 1114 2099 1159 est
2129 1104 2260 1172 ipsis
2289 1103 2432 1173 prior
2470 1104 2558 1156 illa
2586 1101 2838 1158 cernendi
2871 1099 3096 1152 facultas
3123 1097 3378 1165 spiritua-

1820 1198 1885 1251 lis
1902 1204 2064 1266 atque
2087 1196 2323 1265 angelica
2352 1209 2456 1262 qua
2484 1193 2700 1247 fuerant
2724 1191 2954 1261 praediti,
2983 1189 3210 1242 intellexi
3233 1194 3375 1240 runt-

1819 1303 1943 1354 que,
1977 1287 2162 1354 sejam
2195 1285 2330 1339 felici
2372 1285 2458 1338 illa
2495 1284 2586 1337 Dei
2629 1285 2797 1354 gratia
2833 1296 2956 1336 esse
2983 1282 3240 1349 spoliatos
3273 1292 3378 1344 qua

1822 1387 2108 1447 antequam
2139 1379 2402 1431 adversus
2446 1378 2619 1445 legem
2671 1375 2948 1434 fecissent,
2995 1387 3092 1426 sua
3139 1371 3382 1436 ipsorum

1823 1487 2046 1537 corpora
2102 1471 2263 1522 veluti
2295 1470 2464 1522 velata
2514 1469 2746 1522 fuerant.
2791 1465 2860 1518 Et
2905 1465 3388 1531 conglutinarcrunt

1825 1564 1952 1631 folia
1997 1562 2243 1628 ﬁculnea,
2291 1561 2619 1628 feceruntque
2667 1559 2766 1611 sibi
2821 1554 3173 1623 sulu'igmsula.
3237 1551 3387 1602 Folia

1827 1654 2052 1707 ficulnea
2111 1661 2264 1705 vocat
2328 1652 2567 1718 ipsorum
2650 1665 2880 1707 manus;
2946 1649 3182 1698 referunt
3243 1643 3388 1694 cuitu

1829 1759 2030 1797 manus
2068 1757 2253 1796 eorum
2288 1741 2539 1794 foliorum
2584 1740 2833 1807 figuram.
2879 1735 3041 1800 Quasi
3076 1735 3235 1790 dicat.
3266 1746 3386 1783 eum

172 1843 213 1886 et
257 1840 572 1903 scorpiones.
601 1839 668 1892 ’³.
728 1837 794 1892 Et
843 1842 971 1896 alibi
1025 1844 1285 1910 scriptum
1333 1851 1418 1896 est
1468 1860 1478 1890 :
1520 1841 1722 1895 Occidit
1759 1871 1797 1924 η
1826 1849 1883 1888 se
1915 1832 2090 1885 nudos
2120 1847 2238 1884 esse
2278 1829 2799 1886 animadverterent.
2837 1827 3085 1878 inanibus
3130 1837 3226 1876 sua
3264 1837 3394 1874 cono

175 1943 342 1978 manus
404 1930 572 1994 ipsius
635 1941 916 1997 serpentem
970 1935 1322 2001 transfugam.
1388 1935 1492 1986 sire
1544 1933 1726 1999 [uqitio

174 2031 280 2066 cum
313 2016 384 2071 ⁸³.
417 2017 685 2084 Angelica:
725 2034 851 2070 vero
884 2019 1061 2072 Vil‘lUlt
1083 2038 1107 2073 s
1156 2022 1492 2088 appellantur
1519 2021 1726 2072 aninza-

172 2103 376 2171 lia,quo
403 2107 620 2160 nomine
649 2108 767 2160 illas
798 2108 1109 2178 Scripturas
1149 2112 1289 2176 apud
1321 2111 1656 2164 Etet-bienni
1682 2111 1727 2140 π’

172 2213 373 2265 quoque
407 2208 564 2250 vocat
600 2200 651 2252 in
679 2212 892 2254 ostento
923 2203 1035 2254 illo.
1071 2203 1274 2254 Dicitur
1303 2215 1481 2255 autem
1511 2217 1730 2268 serpens

176 2289 392 2339 astutior
414 2289 668 2342 omnibus
693 2289 1039 2354 animalibus,
1063 2293 1190 2358 quia
1223 2293 1479 2360 angelica!
1508 2291 1730 2343 virtutes

176 2392 387 2444 prorsus
416 2379 486 2431 ab
518 2381 663 2434 omni
703 2381 902 2435 malitia
931 2391 1090 2450 atque
1117 2392 1234 2436 astu
1268 2397 1450 2436 vacuze
1479 2390 1643 2443 sunt;
1675 2388 1730 2432 at

175 2468 407 2522 diabolus
436 2469 583 2521 vafer
611 2479 694 2524 est
723 2481 775 2524 et
816 2473 1094 2540 improbus
1127 2487 1350 2540 prorsus
1385 2489 1397 2524 :
1428 2471 1496 2524 Et
1525 2472 1597 2523 ait
1619 2487 1732 2523 ser-

175 2573 284 2620 pens
322 2560 390 2611 ad
420 2561 691 2614 mulierem
721 2577 737 2613 :
783 2561 908 2615 Vere
935 2562 1071 2613 dixit
1111 2562 1265 2624 Deus,
1301 2577 1362 2614 ne
1395 2559 1729 2613 comedet-etis

178 2649 231 2701 de
253 2652 492 2703 omnibus
528 2652 803 2704 arboribus
832 2651 1092 2717 paradisi,
1137 2653 1238 2704 hoc
1275 2659 1378 2714 est,
1413 2649 1568 2716 plane
1600 2649 1734 2701 dixit

177 2741 316 2794 vobis
369 2739 514 2794 Deus
564 2759 579 2795 :
621 2741 804 2795 Nolite
837 2742 1146 2795 meditando
1189 2741 1494 2810 expendere
1551 2755 1730 2792 rerum

178 2832 555 2894 conditionem,
603 2835 714 2886 sive
763 2833 1196 2902 aspectabilinm,
1245 2833 1358 2887 sive
1398 2846 1583 2885 earum
1616 2846 1734 2900 qum

179 2921 224 2973 in
253 2937 443 2975 sensus
473 2938 577 2976 non
607 2924 825 2976 cadunt.
880 2922 944 2976 Et
971 2925 1044 2976 ait
1089 2924 1276 2976 mulier
1305 2923 1372 2975 ad
1400 2931 1684 2990 serpentem
1716 2939 1733 2974 :

181 3009 245 3065 De
270 3013 532 3080 fructibus
573 3015 819 3066 arborum
850 3014 1086 3080 paradisi
1117 3015 1345 3067 omnium
1372 3015 1733 3075 comedemus;

179 3107 232 3154 de
292 3105 555 3171 fructibus
609 3104 838 3166 arboris,
895 3120 1010 3173 qua:
1063 3112 1138 3156 est
1182 3106 1234 3156 in
1289 3104 1460 3157 medio
1493 3103 1732 3172 paradisi

1832 1936 2007 1977 texere
2048 1920 2333 1990 pudenda;
2389 1929 2552 1987 atque
2602 1919 2674 1971 ita
2725 1919 2886 1971 etiam
2935 1931 3080 1968 llllltc
3113 1930 3172 1967 se
3212 1915 3391 1966 mores

1831 2013 2138 2067 mortalium
2205 2011 2425 2063 habent.
2474 2006 2659 2073 Neque
2701 2007 2844 2061 enim
2879 2015 2972 2058 aut
3002 2005 3262 2057 amictum
3293 2011 3388 2053 aut

1831 2104 2071 2164 tunicas,
2114 2100 2215 2154 sibi
2268 2101 2415 2168 ipsos
2466 2099 2658 2152 fecisse
2705 2097 2856 2157 dicit,
2897 2097 2988 2149 sed
3037 2093 3390 2162 perizomata.

1833 2197 1936 2249 hoc
1969 2201 2095 2255 est,
2138 2207 2256 2259 qum
2318 2191 2429 2242 sul.)
2505 2189 2753 2256 genitalia
2830 2187 3071 2241 membra
3127 2195 3392 2250 tegerent.

1833 2284 1899 2337 Iit
1933 2285 2209 2336 audierunt
2245 2297 2414 2334 rorem
2449 2279 2655 2332 Domini
2699 2280 2789 2332 Dei
2824 2279 3112 2346 gradientis
3149 2278 3200 2328 in
3227 2290 3392 2342 para-

1829 2376 1964 2435 diso,
1997 2375 2064 2427 ad
2115 2373 2507 2425 inclinationem
2553 2371 2679 2423 dici.
2729 2369 3014 2422 Inclinatio
3046 2367 3152 2420 diei
3187 2380 3390 2418 moram

1835 2465 2092 2534 temporis
2130 2463 2433 2533 significat;
2485 2461 2637 2529 quasi
2684 2460 2848 2521 dicat,
2896 2475 3000 2510 non
3035 2455 3193 2509 simul
3228 2465 3393 2522 atqu:-

1833 2558 2145 2610 tnandatum
2214 2553 2636 2608 trausilirissent
2707 2551 3166 2619 deliquissentqnc
3227 2561 3394 2616 appa-

1836 2647 2010 2700 ruisse
2038 2645 2170 2713 ipsis
2198 2644 2401 2697 Deum:
2438 2640 2534 2696 sed
2570 2641 2856 2708 interiecto
2896 2639 3152 2706 temporis
3188 2636 3387 2704 spatio.

1837 2735 2093 2789 nimirum
2127 2750 2236 2803 quo
2282 2734 2400 2802 ipso
2461 2732 2602 2800 apud
2650 2732 2888 2784 animum
2939 2744 3098 2783 suum
3135 2727 3234 2780 sibi
3272 2741 3398 2778 cozz-

1835 2827 1979 2880 scios
2006 2825 2229 2894 puderet
2261 2823 2499 2887 interim,
2527 2822 2914 2890 pmuiteretque
2943 2816 3166 2871 admissi
3191 2814 3396 2882 ﬂagitii.

1834 2916 2002 2969 Pul‘l‘O
2047 2917 2339 2969 descensus
2391 2925 2444 2966 ct
2497 2913 2759 2965 adventus
2813 2911 2904 2962 Dei
2955 2909 3004 2961 in
3057 2907 3395 2976 paradisum.

1837 3009 2004 3075 tigura
2035 3013 2150 3058 erat
2182 3020 2302 3072 qua:
2332 3005 2717 3058 descensurum
2749 3011 2912 3070 atque
2950 3008 3235 3051 venturum
3267 2996 3398 3049 olim

1839 3097 1890 3152 in
1927 3097 2184 3150 mundum
2227 3095 2317 3148 Dei
2347 3093 2580 3148 Verbum
2623 3091 2977 3162 significabat.
3022 3089 3130 3142 Dici
3164 3087 3396 3141 inclina-

181 3193 496 3256 dizitDeus,
527 3211 589 3247 ne
630 3195 798 3248 cdatis
831 3195 893 3249 de
937 3211 998 3248 ea
1032 3211 1192 3263 neque
1232 3195 1462 3263 tangatis
1504 3210 1641 3255 eam,
1670 3209 1731 3244 ne
1759 3173 1800 3230 ο
1835 3190 1982 3242 tione.
2029 3204 2153 3241 vero
2197 3185 2421 3256 mystica
2475 3185 2862 3238 ostendebatur
2910 3181 3024 3234 fore
3062 3187 3117 3232 ut
3153 3180 3252 3233 hoc
3304 3177 3396 3230 Dei

181 3287 498 3341 moriemini.
530 3284 701 3339 Jussit
737 3287 951 3352 quidem
987 3285 1128 3339 Deus
1176 3295 1232 3338 ut
1269 3301 1452 3338 rerum
1487 3285 1730 3338 omnium

182 3387 277 3426 tam
307 3391 430 3442 qua:
479 3375 624 3428 cerni
673 3391 778 3427 non
833 3383 1064 3442 possunt
1107 3389 1268 3442 quam
1314 3390 1433 3443 qua:
1487 3384 1719 3442 possunt

180 3465 631 3530 contemplatione
663 3478 764 3515 nos
810 3477 1184 3524 exerceamus,
1229 3471 1389 3532 atque
1421 3480 1482 3517 ea
1517 3472 1730 3516 nosmet

180 3553 538 3615 oblectemus;
595 3563 651 3608 at
702 3555 838 3608 inse
895 3555 997 3623 (est
1048 3555 1187 3607 enim
1236 3556 1367 3624 ipse,
1431 3555 1594 3608 arbor
1645 3555 1730 3606 illa

182 3644 497 3713 spiritualis)
537 3645 708 3697 noluit
739 3658 836 3697 nos
869 3644 1035 3699 altius
1061 3645 1442 3714 curiosiusque
1464 3644 1734 3713 inquirere

183 3737 438 3788 unicusnc
483 3734 554 3788 sit
607 3734 745 3789 Deus
777 3749 842 3787 au
897 3737 1102 3804 plures,
1142 3751 1206 3790 ne
1253 3737 1378 3790 dum
1419 3737 1484 3788 ad
1529 3735 1737 3802 eiusce-

186 3824 320 3877 modi
373 3824 779 3890 indagationem
833 3840 987 3878 mens
1040 3834 1223 3879 nostra
1278 3840 1470 3894 parum
1527 3825 1737 3894 pollens

182 3924 479 3982 potensque
526 3924 630 3975 est,
678 3928 770 3982 per
821 3924 1100 3980 peccatum
1153 3914 1489 3969 occidamus.
1553 3914 1618 3966 Et
1663 3915 1736 3966 uit

181 4015 374 4067 serpens
435 4000 506 4052 ad
550 4001 819 4054 mulierem
866 4017 884 4056 :
934 4001 1053 4055 Non
1105 4014 1272 4056 morte
1304 4005 1548 4056 morituri
1593 4004 1735 4056 estis.

182 4089 250 4141 En
282 4100 340 4144 ut
370 4092 511 4145 nihil
558 4091 723 4158 pudet
769 4093 1068 4146 dminonem
1106 4094 1262 4162 plane
1311 4095 1417 4146 Deo
1464 4094 1739 4148 contradi-

181 4193 291 4234 cere
318 4200 332 4236 :
363 4182 456 4235 ille
485 4189 710 4234 mortem
741 4182 1026 4236 obnuntiat
1058 4183 1101 4235 si
1134 4184 1256 4252 quis
1281 4184 1442 4237 altius
1485 4185 1536 4236 in
1563 4185 1736 4252 ipsum

183 4270 441 4339 inqutrat;
474 4272 564 4326 hic
594 4287 818 4340 prorsus
856 4273 1048 4327 mortis
1082 4287 1303 4327 securos
1343 4274 1472 4328 facit
1511 4288 1604 4326 eos
1647 4273 1741 4342 qui

189 4370 375 4410 arcana
412 4357 508 4410 Dei
541 4357 778 4411 audeant
805 4359 1058 4412 scrutari.
1111 4359 1177 4413 Et
1215 4361 1340 4414 ridit
1383 4361 1568 4413 mulier
1607 4361 1742 4430 quod

185 4445 396 4510 pulchra
444 4457 578 4499 esset
631 4448 899 4520 arbor_ad
953 4450 1257 4502 vescendum
1287 4491 1302 4514 ,
1347 4461 1394 4503 et
1446 4451 1742 4519 expetibilis

1841 3278 2069 3331 Verbum
2104 3278 2155 3331 in
2196 3279 2300 3332 line
2335 3287 2635 3345 temporum
2683 3291 2897 3328 carnem
2949 3273 3213 3333 indueret,
3253 3270 3391 3324 sicu'~

1837 3368 1909 3420 ait
1940 3366 2138 3419 Paulus
2172 3383 2182 3416 :
2218 3365 2345 3418 Cum
2374 3366 2587 3417 reuissct
2621 3364 2743 3431 linis
2786 3362 3050 3429 teniporis,
3086 3359 3221 3411 misit
3258 3358 3394 3410 Dens

1842 3459 2040 3511 Filiam
2071 3467 2305 3520 suum,ct
2337 3456 2508 3523 {actus
2539 3468 2610 3508 cst
2639 3471 2702 3509 ex
2733 3451 3024 3506 muliere”.
3052 3450 3246 3503 Deinde
3276 3462 3398 3518 gra-

1836 3548 2032 3600 dientis
2065 3547 2156 3598 Dei
2185 3546 2364 3598 audita
2410 3561 2501 3613 per
2545 3545 2853 3613 paradisum
2905 3557 3002 3595 vox
3045 3538 3401 3609 portendebat

1839 3636 2071 3691 Vettum
2118 3635 2206 3688 Dei
2243 3635 2534 3703 aliquando
2564 3635 2699 3700 apud
2751 3647 2848 3687 uos
2875 3630 2927 3685 iu
2963 3645 3121 3683 carne
3152 3637 3400 3683 versatu-

1847 3745 1965 3782 rum
1994 3727 2526 3792 ambulaturunique,
2558 3724 3003 3793 quemadmodum
3033 3722 3098 3776 de
3120 3721 3233 3788 ipso
3271 3734 3402 3788 pne-

1842 3818 1978 3872 dixit
2008 3829 2153 3872 rates
2185 3835 2196 3869 :
2241 3816 2304 3869 fit
2333 3832 2487 3884 super
2516 3827 2711 3868 (errant
2749 3815 2889 3868 visus
2921 3825 3018 3877 cst,
3049 3821 3096 3865 et
3135 3811 3274 3878 apud
3305 3810 3401 3862 ho-

1843 3909 2006 3963 mines
2035 3916 2265 3961 versatus
2299 3916 2372 3959 est
2403 3907 2472 3958 θ’.
2533 3904 2596 3958 Et
2635 3905 2887 3958 «lidebant
2911 3919 2964 3957 se
2989 3905 3154 3956 Adam
3195 3910 3242 3953 et
3273 3915 3408 3952 uxor

1847 4001 2012 4067 ipsius
2043 4017 2074 4050 a
2111 4009 2387 4067 conspectu
2423 3997 2628 4051 Domini
2678 3996 2791 4059 Dei,
2825 3997 2957 4048 inter
2997 3995 3206 4046 arbores
3237 4006 3403 4054 para-

1849 4091 1974 4144 disi.
2011 4089 2292 4144 Abdebant
2334 4089 2555 4157 quidem
2605 4089 2743 4142 inter
2789 4089 3010 4141 arbores
3041 4083 3276 4152 paradisi
3309 4097 3405 4135 sua

1842 4197 2120 4250 corpora;
2177 4196 2361 4234 verum
2421 4181 2808 4235 conscientiam
2864 4177 3086 4231 admissi
3151 4174 3408 4229 facinoris

1845 4284 2024 4342 tegere
2063 4291 2092 4328 a
2123 4281 2411 4340 conSpcctu
2447 4271 2661 4325 Domini
2687 4278 2848 4338 atque
2879 4267 3248 4330 dissimulare,
3285 4265 3400 4333 ipse

1846 4364 2162 4434 prohibebat
2185 4362 2378 4432 pudor.
2397 4362 2579 4416 Vocem
2604 4370 2746 4414 tuam
2771 4361 2947 4413 audiri
2974 4361 3026 4411 in
3058 4358 3330 4426 paradiso,
3353 4367 3404 4408 et

1846 4459 1949 4510 vidi
1973 4456 2111 4525 quod
2152 4457 2322 4508 nudus
2367 4471 2553 4516 essent,
2585 4464 2632 4507 et
2672 4453 2849 4506 abdidi
2885 4468 2983 4506 me.
3039 4449 3104 4503 Et
3137 4449 3286 4518 quia.
3324 4447 3407 4500 in-

186 4537 339 4591 oculis
369 4578 384 4601 ,
433 4548 593 4606 atque
642 4539 1007 4592 desiderabilis
1060 4539 1220 4593 arbor
1273 4517 1529 4609 spectata.
1587 4542 1740 4607 Quod
1778 4517 1818 4569 θ
1849 4517 1995 4618 quit,
2026 4561 2209 4600 vocem
2241 4555 2385 4599 luant
2416 4545 2710 4614 gradientis
2742 4559 2834 4613 per
2858 4517 3167 4612 paradisum
3201 4537 3404 4599 audivi,

185 4631 462 4684 mulierem
501 4630 634 4684 dicit
662 4631 866 4685 vidisse
919 4631 1194 4696 arborem,
1225 4647 1331 4686 non
1366 4633 1437 4686 ita
1473 4635 1744 4702 accipien-

191 4720 310 4774 dum
337 4730 420 4775 est
449 4721 610 4789 quasi
655 4721 822 4775 Deum
862 4723 950 4777 illa
981 4724 1172 4778 viderit
1201 4739 1356 4791 quem
1391 4724 1616 4794 mystice
1649 4740 1744 4794 per

189 4825 298 4865 eam
329 4815 582 4866 arborem
618 4812 980 4879 significatum
1004 4830 1122 4870 esse
1145 4815 1411 4880 diximus;
1440 4817 1532 4872 sed
1571 4819 1740 4886 ipsam

192 4903 529 4959 auscultasse
562 4904 788 4959 c0nsilio
829 4905 1123 4970 daemonis,
1159 4906 1384 4976 ejusque
1411 4907 1588 4962 verbis
1618 4923 1741 4977 per-

191 5006 398 5049 suasam
434 4995 717 5049 curiosius
747 4995 800 5048 in
832 4993 998 5049 Deum
1032 4996 1306 5066 inquirere
1344 5007 1591 5053 conatam
1621 5013 1742 5053 esse

190 5084 472 5151 signiﬁcat.
512 5085 576 5138 Et
608 5087 804 5155 accepit
842 5088 906 5140 de
943 5087 1195 5155 fructibus
1234 5089 1398 5157 ipsius
1423 5098 1471 5142 et
1500 5090 1628 5152 edit,
1651 5089 1743 5142 de-

193 5175 360 5244 ditque
379 5176 544 5229 etiam
598 5176 756 5229 simul
797 5177 904 5230 viro
960 5193 1075 5241 suo,
1112 5187 1160 5230 et
1192 5180 1434 5232 comedit.
1476 5178 1590 5247 Ipsa
1620 5193 1744 5233 eum

195 5268 368 5322 animo
403 5281 510 5322 suo
540 5275 791 5335 reputare
826 5277 987 5337 atque
1017 5269 1317 5338 disquirere
1343 5271 1509 5339 cmpit
1537 5272 1604 5324 de
1641 5269 1747 5323 Deo

196 5373 397 5412 unusne
451 5365 604 5411 esset
636 5373 702 5410 an
755 5357 958 5427 plures,
1001 5370 1236 5430 etquam
1263 5360 1334 5414 ob
1374 5375 1594 5416 causam
1647 5359 1764 5414 sibi

197 5451 498 5518 maritoque
535 5464 636 5502 suo
662 5448 1030 5513 interdixisset
1056 5466 1236 5505 escam
1268 5451 1476 5507 arboris
1515 5451 1751 5507 scientia:

199 5550 348 5610 atque
374 5540 544 5597 simul
570 5541 834 5596 Adamum
873 5542 1123 5598 maritum
1151 5558 1309 5598 suum
1341 5555 1400 5598 ut
1427 5546 1567 5600 idem
1606 5545 1750 5598 face-

262 5707 307 5740 ἰ
348 5706 482 5762 Luc.
521 5720 574 5772 κ,
604 5707 688 5762 ιθ.
763 5706 809 5738 ἰ
847 5709 1128 5776 Apoc.xs,
1199 5708 1254 5762 ε.
1330 5710 1374 5740 π
1411 5671 1601 5764 cit-cn.
1645 5724 1678 5771 t,
1715 5707 1764 5759 rs.

1849 4649 1902 4691 et
1925 4637 2051 4706 quia
2074 4636 2278 4689 nudum
2307 4650 2391 4689 me
2413 4651 2535 4688 esse
2561 4635 2917 4688 animadverti
2946 4651 2959 4696 ;
2990 4633 3055 4686 ab
3075 4647 3136 4685 ea
3173 4631 3406 4684 maxima

1851 4739 2010 4795 atque
2049 4725 2400 4781 saluberrima
2427 4725 2596 4794 gratia
2626 4740 2730 4793 qua
2765 4735 2887 4777 ante
2927 4723 3131 4776 fueram
3159 4721 3404 4778 indutus.

1850 4820 1919 4871 ob
1949 4819 2045 4872 bas
2079 4833 2176 4887 ego
2207 4817 2340 4870 duas
2378 4830 2572 4870 causas
2612 4824 2755 4868 metu
2790 4815 3074 4883 perculsus
3113 4827 3198 4866 me
3227 4811 3408 4866 occul-

1850 4910 1978 4972 tavi,
2012 4910 2111 4962 hoc
2139 4918 2220 4962 est
2251 4922 2362 4960 rem
2392 4908 2562 4976 ipsam
2594 4907 2962 4968 commissam,
2994 4904 3132 4972 apud
3166 4903 3404 4955 animum

1850 5014 2028 5053 meum
2055 4998 2360 5066 expendens
2398 4999 2552 5050 timui
2589 5016 2600 5049 :
2636 4995 2700 5048 Et
2725 4997 2802 5049 ait
2830 4997 2899 5048 ad
2934 4996 3083 5047 illuni
3109 4993 3356 5046 Dominus
3387 5009 3404 5045 :

1854 5090 1984 5154 Quis
2017 5090 2322 5158 signiﬁcavit
2359 5089 2452 5140 tibi
2475 5089 2614 5156 quod
2641 5088 2813 5140 nudus
2844 5103 2977 5140 esses
3002 5087 3028 5139 ?
3076 5101 3196 5138 num
3228 5085 3291 5137 de
3314 5100 3419 5136 ar-.

1852 5184 1970 5235 bore
2005 5184 2068 5234 de
2091 5199 2192 5251 qua
2207 5180 2344 5258 jussi
2369 5196 2430 5232 ne
2455 5182 2654 5243 ederes,
2685 5179 2841 5232 edisti
2869 5180 2894 5234 ?
2936 5178 3011 5232 Ac
3041 5177 3084 5230 si
3113 5176 3256 5231 dicat
3282 5195 3295 5230 :
3328 5174 3402 5227 En

1852 5276 1957 5327 mei
1991 5273 2405 5343 cogitationibus
2453 5279 2573 5324 tete.
2603 5272 2902 5339 oecupasti,
2945 5270 3198 5338 qualibus
3237 5268 3408 5321 absti-

1853 5379 1982 5417 nere
2015 5371 2066 5416 te
2097 5363 2386 5432 jusseram.
2423 5361 2490 5414 Et
2528 5363 2606 5414 ait
2650 5362 2820 5415 Adam
2853 5378 2870 5414 :
2904 5359 3095 5414 Mulier
3122 5374 3281 5428 quam
3327 5367 3409 5410 at-

1856 5454 2088 5507 tribuisti
2135 5454 2280 5515 milii,
2314 5453 2426 5520 ipsa
2471 5453 2615 5505 dedit
2650 5454 2797 5514 mihi,
2829 5462 2877 5505 et
2923 5452 3142 5507 comedi.
3196 5448 3405 5512 Mulier,

1857 5544 2050 5609 inquit,
2081 5557 2242 5612 quam
2277 5543 2404 5596 mibi
2436 5542 2640 5608 sociam
2677 5541 2876 5604 fecisti,
2915 5555 2979 5593 ea
3025 5540 3154 5593 mihi
3185 5538 3409 5592 medita-

1842 5703 1883 5734 υτ
1921 5704 2096 5759 Garat.
2134 5722 2202 5770 ιγ,
2241 5705 2285 5759 ι,
2360 5706 2403 5735 θ’
2446 5703 2678 5757 Baruch.
2719 5716 2798 5762 tll.
2826 5699 2916 5754 53-
