4202 6430
754 400 851 459 sui

2018 405 2244 463 MOSIS
2289 407 2429 465 ΒΑΗ
2476 411 2715 469 (ἶΕῐ-ἸΗ

3876 414 3985 477 592

764 510 925 563 tinnis
958 511 1020 562 de
1054 521 1101 563 te
1149 510 1490 565 instituenda:
1520 526 1685 565 causa
1734 513 1850 564 fuit.
1886 512 2151 567 Nimirum
2198 515 2326 569 facit
2352 517 2400 574 Α
2430 519 2480 569 iu
2511 520 2792 580 Triuitate,
2836 533 2888 574 et
2933 522 3252 576 'l'iiuitateni
3303 525 3355 577 in
3399 524 3604 578 unitate
3633 541 3647 588 ;
3682 537 3733 578 et
3765 537 3821 578 ut
3860 526 3982 579 Vua.

758 602 925 652 Adam
977 598 1119 667 quod
1179 602 1438 655 mortales
1479 617 1666 655 omnes
1720 603 1896 656 solent
1944 621 1959 658 :
2010 606 2055 659 si
2107 609 2321 674 quando

760 693 903 743 enim
942 700 1128 744 errant
1154 701 1316 760 atque
1347 700 1570 760 peccant
1602 692 2075 760 homines,causas
2097 695 2319 762 quasvis

760 779 1029 847 arripiunt
1056 780 1249 848 quibus
1288 795 1316 831 a
1364 779 1519 847 culpa
1546 795 1605 833 se
1629 790 1682 835 et
1709 797 1865 851 parua
1908 782 2199 836 vindicent.
2244 782 2314 834 Et

760 868 834 919 ait
880 868 1129 921 Dominus
1163 870 1230 922 ad
1253 879 1539 936 serpentem
1563 887 1581 924 :
1622 871 1761 936 Quia
1796 874 1964 941 fecisti
2010 874 2127 937 hoc,
2157 874 2323 926 male-

759 960 931 1012 diclus
972 977 1023 1014 es
1069 977 1178 1029 prce
1221 964 1363 1014 omni
1436 964 1681 1027 animali,
1724 974 1771 1017 et
1821 964 1982 1016 bestia
2023 967 2157 1033 agri.
2212 966 2325 1019 Hoc

762 1050 892 1103 dicit
944 1052 1007 1103 ad
1066 1051 1325 1105 Satanam
1394 1052 1655 1106 Dominus
1708 1070 1722 1105 :
1775 1053 1898 1121 quia
1949 1053 2217 1107 Adamum
2273 1065 2325 1108 et

765 1157 985 1195 livorem
1013 1142 1181 1208 ipsius
1216 1144 1499 1202 seduxisti.
1552 1144 1798 1212 jumenta
1845 1145 2062 1212 quidem
2098 1146 2323 1200 bestias-

763 1249 869 1298 que
916 1246 1136 1286 meti-ras
1187 1234 1452 1304 dignabor
1496 1249 1611 1286 inea
1639 1249 1792 1299 cura,
1829 1236 1877 1287 i.l
1922 1245 2027 1301 est,
2061 1237 2321 1289 sulliciam

765 1324 896 1389 ipsis
932 1324 1112 1377 cibum
1159 1327 1210 1377 in
1255 1336 1495 1393 tempere
1528 1343 1540 1377 :
1584 1334 1639 1378 at
1668 1334 1723 1377 tu
1756 1341 1870 1378 mea
1907 1342 2033 1379 cura
2074 1329 2326 1394 indignus

764 1413 1073 1467 habeberis.
1106 1413 1170 1464 Et
1198 1429 1350 1479 super
1382 1424 1604 1467 remrem
1638 1424 1787 1466 tuum
1813 1417 2089 1483 gradieris.
2128 1416 2323 1468 Extor-

768 1505 841 1556 iis
871 1504 1013 1557 enim
1060 1520 1088 1556 a
1122 1505 1330 1557 caelesti
1370 1506 1666 1573 republica,
1698 1521 1849 1573 rcpcs
1892 1506 2041 1557 humi
2080 1516 2241 1574 atque
2271 1508 2321 1559 iu

768 1598 994 1649 terrenis
1040 1597 1204 1650 rebus
1267 1597 1617 1649 volutaberis.
1668 1595 1733 1648 Et
1788 1596 2047 1662 pulverem
2093 1598 2325 1651 camertes

766 1687 1004 1739 omnibus
1032 1688 1213 1740 diebus
1244 1692 1358 1740 vita:
1389 1699 1492 1739 tuw
1522 1705 1535 1738 :
1573 1688 1818 1741 homines
1844 1691 2023 1755 perire
2050 1688 2215 1757 (quod
2245 1699 2327 1742 est

768 1779 930 1830 veluti
962 1778 1014 1831 in
1048 1779 1319 1847 pulverem
1358 1777 1580 1844 reverti)
1618 1788 1672 1831 tu
1709 1779 1803 1831 tibi
1837 1794 1932 1845 pro
1962 1793 2084 1831 esca
2113 1788 2167 1831 et
2199 1780 2323 1831 cibo

769 1867 954 1928 duces,
984 1877 1197 1935 propter
1221 1883 1492 1922 summum
1517 1880 1670 1922 tuum
1699 1870 1957 1921 adversus
1980 1869 2099 1922 illos
2122 1870 2327 1921 odium.

773 1957 840 2009 Et
873 1958 1175 2010 inimicitias
1208 1976 1395 2021 ponam
1428 1960 1563 2012 inter
1609 1972 1676 2016 te.
1712 1969 1760 2011 et
1793 1960 2081 2021 mulierem,
2106 1968 2155 2011 et
2191 1958 2330 2009 inter

766 2067 939 2101 semen
996 2059 1141 2102 tuum
1197 2061 1243 2102 et
1302 2066 1473 2103 semen
1543 2049 1704 2101 illius.
1761 2047 1814 2099 Id
1861 2049 2087 2113 odium,
2134 2048 2329 2115 inquit,

768 2156 876 2208 quo
918 2151 971 2194 tu
1006 2142 1226 2210 gaudes,
1256 2156 1448 2208 ponam
1481 2154 1582 2207 ego
1615 2140 1755 2192 inter
1787 2148 1836 2192 te
1866 2149 1917 2192 et
1947 2140 2089 2201 illos,
2115 2148 2167 2192 et
2195 2141 2331 2192 inter

773 2248 953 2284 semen
1027 2232 1324 2283 humanum
1391 2240 1553 2299 atque
1604 2232 1829 2285 rebelles
1886 2232 2165 2286 daemonas
2215 2242 2336 2284 tuos

772 2322 968 2374 socios.
1020 2320 1082 2374 Et
1112 2322 1224 2390 ipsa
1254 2331 1479 2374 conteret
1527 2332 1681 2388 caput
1716 2332 1882 2385 tuum,
1942 2323 2041 2375 hoc
2076 2331 2176 2383 est,
2211 2321 2329 2398 irri-

773 2420 886 2463 tum
920 2410 1078 2464 faciet
1113 2420 1326 2463 tuarum
1361 2411 1680 2463 astutiarum
1720 2411 1952 2463 initium.
2011 2410 2077 2461 Et
2111 2421 2165 2463 tu
2204 2411 2336 2463 illud

774 2503 928 2569 feries
973 2504 1025 2554 in
1067 2504 1211 2555 calce
1244 2504 1427 2569 ipsius,
1495 2502 1595 2553 hoc
1628 2511 1729 2565 est,
1783 2514 1837 2554 ιιι
1881 2504 2083 2567 peccati
2144 2502 2336 2555 vulnus

774 2594 874 2660 ipsi
923 2593 1155 2660 indiges.
1182 2604 1237 2645 ut
1265 2593 1485 2661 perdere
1518 2592 1694 2660 possis
1726 2591 1778 2644 in
1806 2601 2049 2645 extremo
2073 2593 2191 2661 ejus
2221 2595 2338 2647 vitae

773 2696 919 2737 artu.
973 2686 1041 2736 Et
1082 2684 1147 2735 ad
1182 2684 1451 2737 mulierem
1485 2684 1558 2734 ait
1596 2699 1613 2735 :
1653 2682 2055 2752 Multiplicando
2084 2686 2341 2753 multipli-

775 2773 903 2825 cabo
933 2775 1139 2828 dolores
1184 2786 1297 2827 tuos
1326 2784 1374 2826 et
1409 2782 1681 2841 conceptus
1725 2784 1862 2829 tuos.
1900 2775 2020 2828 llaec
2051 2779 2337 2847 mysticum

776 2879 996 2919 sensum
1034 2883 1141 2920 non
1170 2868 1499 2935 admittunt;
1533 2883 1789 2927 caeterum
1826 2891 1935 2928 rem
1975 2875 2141 2943 ipsam
2176 2893 2338 2945 supra

779 2960 1247 3024 pcrtraetavimus.
1284 2962 1347 3014 Et
1407 2965 1524 3031 fecit
1574 2964 1826 3016 Dominus
1858 2965 1996 3017 Deus
2043 2968 2263 3030 Adamo,
2293 2978 2341 3020 et

775 3050 929 3100 uxori
962 3050 1125 3115 ipsius
1149 3053 1352 3105 tunicas
1387 3054 1650 3120 pelliceas.
1698 3065 1745 3107 et
1780 3058 1981 3108 vestit-it
2015 3059 2172 3124 ipsos.
2206 3058 2339 3111 Cum

2363 1839 2404 1891 Β

2429 609 2556 662 bum
2591 610 2705 675 Dei,
2750 612 2876 664 olim
2914 629 3131 667 carnem
3173 629 3293 667 esse
3336 624 3741 683 assumpturum
3792 628 3987 670 nostra

2426 700 2616 752 salutis
2667 710 2720 753 et
2763 700 3145 769 redemptionis
3197 705 3370 772 gratia
3403 746 3417 767 ,
3461 706 3839 773 prospiceret:
3882 720 3992 757 non

2427 792 2579 853 satis,
2617 790 2865 859 inquam,
2894 794 3126 859 pollebat
3157 794 3352 846 deinde
3382 810 3554 859 genus
3586 797 3885 848 humanum
3925 797 3994 848 ad

2434 881 2750 949 huiusmodi
2783 883 3043 936 sublimes
3076 886 3454 938 meditationes
3485 886 3838 943 exercendas.
3866 894 3993 936 tau-

2430 975 2597 1041 tisper
2628 970 2756 1025 dum
2795 974 3055 1043 flagitium
3085 977 3214 1028 illud
3240 986 3294 1028 et
3330 978 3573 1044 pravitas
3606 992 3702 1044 per
3729 976 3992 1030 Satanam

2429 1066 2531 1117 sub
2595 1066 2864 1132 serpentis
2908 1068 3085 1134 specie
3138 1066 3268 1133 (quo
3327 1068 3580 1121 utebatur
3636 1083 3731 1118 ccn
3786 1070 3997 1120 instru-

2430 1158 2631 1215 mento)
2670 1156 2866 1223 injecm
2899 1157 3209 1210 delerentur
3253 1169 3415 1224 atque
3462 1160 3805 1210 abolerentur
3844 1160 3991 1223 petii-

2429 1257 2537 1301 tus.
2580 1248 2643 1300 Et
2678 1250 2816 1299 misit
2848 1249 3017 1317 ipsum
3055 1251 3306 1302 Dominus
3342 1247 3476 1300 Deus
3505 1262 3651 1300 extra
3690 1251 3999 1315 paradisum

2432 1337 2599 1401 Eden,
2631 1348 2685 1391 ut
2726 1340 2912 1393 coleret
2942 1352 3158 1397 terram,
3192 1357 3254 1391 ex
3283 1357 3385 1407 qua
3431 1349 3666 1403 sumptus
3698 1340 3889 1405 fuerat.
3936 1336 4001 1388 Et

2428 1431 2720 1483 eliminavit
2769 1433 2941 1499 ipsum
2992 1431 3243 1481 Dominus
3284 1431 3438 1481 l'cus.
3484 1431 3705 1495 Propter
3737 1430 3993 1481 violatam

2429 1520 2594 1588 legem
2635 1523 2880 1575 multavit
2913 1521 3175 1573 Adamum
3210 1520 3349 1571 [Mrs
3407 1519 3720 1571 felicissima
3770 1518 3861 1571 illa
3898 1521 4006 1570 riaa

2431 1613 2483 1665 iu
2509 1628 2613 1681 qua
2682 1624 2913 1665 mentem
2976 1629 3127 1667 suam
3179 1614 3266 1664 ille
3316 1626 3527 1662 autumn
3575 1619 3836 1676 perpetua
3873 1626 4006 1662 erm-

2437 1705 2783 1771 templ'itione
2817 1718 2996 1754 rerum
3029 1713 3081 1755 et
3108 1720 3227 1770 qua:
3258 1701 3470 1754 videndi
3513 1700 3693 1752 sensui
3730 1701 3923 1767 suhjiei
3952 1712 4006 1754 et

2432 1808 2553 1860 quae
2582 1808 2689 1845 non
2716 1792 2907 1856 subjici
2945 1800 3207 1859 possunt,
3243 1801 3371 1842 ante
3413 1787 3793 1856 pertractahat.
3827 1790 4005 1853 Atque

2436 1884 2657 1951 insuper
2696 1900 2723 1935 a
2769 1884 2891 1935 vitze.
2933 1882 3094 1934 etiam
3145 1880 3337 1932 arbore
3376 1878 3651 1945 prohibuit
3686 1894 3700 1943 ;
3740 1878 3813 1931 ait
3862 1880 4009 1931 enim

2437 1972 2614 2024 Muses
2652 1992 2662 2025 :
2708 1973 2773 2025 Et
2803 1975 2999 2025 versari
3035 1972 3153 2039 fecit
3184 1972 3250 2023 ad
3284 1972 3532 2023 orientem
3560 1969 3801 2037 paradisi
3835 1968 4010 2031 Ede»,

2434 2064 2602 2127 ipsum
2634 2062 2832 2114 (Ilicrnb
2858 2074 2902 2114 et
2934 2064 3095 2114 aciem
3119 2061 3282 2129 gladii
3314 2060 3595 2121 versatilis,
3621 2060 3687 2110 ad
3718 2060 4017 2111 custodien-

2435 2154 2561 2207 dum
2593 2157 2691 2207 iter
2740 2155 2943 2206 arboris
2973 2155 3110 2206 vitae.
3158 2152 3236 2206 Ad
3266 2151 3586 2204 orientalem
3611 2159 3815 2217 partem
3850 2165 4017 2215 para-

2436 2244 2537 2297 disi
2596 2245 2790 2303 solam.
2840 2260 2947 2295 nou
2997 2242 3158 2295 etiam
3209 2240 3272 2293 ad
3330 2239 3567 2305 reliquas
3620 2238 3882 2291 collocata
3938 2246 4019 2289 est

2437 2334 2703 2391 custodia.
2735 2332 2861 2403 quia
2911 2332 3153 2386 Orientis
3211 2332 3357 2398 regio
3418 2328 3719 2396 praestituta
3782 2334 3900 2377 erat
3962 2335 4022 2377 ut

2435 2433 2579 2478 esset
2634 2425 2760 2477 olim
2807 2425 2956 2476 locus
3000 2422 3264 2474 adorandi
3312 2419 3426 2472 Dei.
3488 2420 3658 2469 Porro
3706 2415 3930 2468 Cherub
3964 2426 4019 2466 ct

2438 2514 2648 2583 gladius
2674 2516 2862 2582 igneus
2894 2512 3294 2578 terrifieusquc,
3349 2506 3607 2560 custodiat
3641 2519 3801 2557 causa
3852 2503 4016 2571 positi

2441 2613 2569 2659 sunt
2619 2605 2759 2658 inter
2810 2600 3171 2671 Adze‘ingenii
3225 2609 3440 2665 captum
3502 2605 3555 2649 et
3605 2596 3774 2661 ipsam
3829 2609 4018 2647 sacro-

2440 2702 2684 2748 sanctam
2748 2692 3070 2745 Trinitatem
3119 2708 3132 2745 :
3194 2705 3261 2742 ne
3314 2687 3520 2741 scilicet
3571 2700 3723 2738 mens
3776 2685 4020 2737 humana

2442 2786 2601 2839 altius
2632 2783 3327 2851 curiosiusqueinquireret
3363 2780 3413 2831 in
3441 2787 3551 2831 tres
3588 2790 3848 2845 personas
3873 2773 4025 2826 Divi-

2448 2877 2635 2929 uitatis
2686 2892 2807 2943 qua:
2849 2890 3073 2943 prorsus
3113 2883 3195 2925 est
3227 2866 3816 2936 incomprehensibilis.
3878 2863 4030 2916 Sunt

2445 2979 2624 3021 autem
2664 2984 2787 3037 quae
2822 2968 2906 3020 hic
2934 2982 2961 3017 a
2995 2964 3142 3017 Mose.
3172 2963 3512 3021 scribuntur,
3546 2973 3644 3027 pro
3668 2954 3872 3009 nostris
3911 2968 4032 3005 mo-

2449 3060 2604 3116 ribus
2632 3062 2798 3114 dicta.
2838 3060 2945 3114 Nos
2989 3060 3159 3111 enim.
3212 3054 3257 3107 si
3289 3068 3452 3120 quam
3482 3066 3593 3103 rem
3625 3052 3829 3103 salvam
3866 3047 4032 3114 cupi-

781 3141 974 3208 ίηηυίιι
1035 3143 1285 3213 ademlHa
1336 3146 1441 3200 “iis
1498 3158 1639 3200 ⁸88οι
1690 3147 1796 3201 κίῑει
1848 3148 1936 3199 “In
1994 3150 2335 3217 ερίνίιυίιιίδε
2377 3153 2420 3213 C
2460 3174 2605 3217 mus,
2632 3155 2681 3208 ei
2716 3151 2997 3206 custodem
3033 3146 3351 3209 sollicitum,
3387 3143 3660 3203 sedulum,
3704 3141 4031 3208 prudentem

779 3232 958 3298 beata,
986 3234 1275 3303 gaudiique
1306 3237 1482 3305 plena,
1517 3249 1736 3308 propter
1760 3253 1858 3293 sua
1892 3238 2132 3307 ipsorum
2164 3248 2342 3292 errata

784 3324 987 3379 inducti
1025 3335 1152 3379 sunt
1191 3328 1240 3380 in
1280 3329 1440 3381 vitam
1486 3330 1624 3383 hanc
1669 3344 2021 3398 corpoream;
2079 3346 2349 3382 a-rnmno-

780 3430 897 3467 sam
940 3424 1103 3483 atque
1135 3416 1310 3472 anxiis
1345 3421 1504 3472 rebus
1534 3420 1811 3474 refertam.
1845 3420 2112 3473 Caeterum
2147 3419 2348 3473 tunicis

784 3507 1046 3573 pelliccis.
1080 3511 1314 3561 maxima
1355 3510 1472 3562 vita:
1504 3511 1857 3563 commutatio
1902 3526 2022 3577 quae.
2056 3509 2187 3577 ipsis
2228 3511 2343 3559 viu-

789 3598 893 3651 lata
923 3598 1036 3668 lege
1076 3598 1295 3660 accidit,
1330 3599 1689 3667 signiﬁcatur.
1723 3598 1949 3665 Propter
1975 3612 2069 3651 sua
2106 3600 2347 3665 ipsorum

786 3692 949 3760 igitur
979 3700 1198 3760 peccata
1227 3707 1321 3745 eas
1354 3707 1543 3760 plenas
1592 3693 1878 3756 dederunt,
1922 3700 1978 3743 ut
2008 3691 2344 3759 spiritnalcm

786 3799 911 3838 cum
942 3798 1221 3852 corporea,
1260 3784 1360 3837 hoc
1392 3791 1492 3847 est,
1525 3783 1889 3837 felicissimam
1939 3796 2063 3834 enim
2094 3782 2353 3835 infelicis-

789 3876 929 3929 sima
965 3876 1070 3928 vita
1104 3884 1403 3929 mutarent.
1433 3873 1498 3927 Et
1528 3876 1604 3928 ait
1632 3874 1937 3928 Dominus:
1967 3872 2043 3925 En
2074 3871 2239 3925 Adam
2269 3873 2356 3938 [a-

791 3975 904 4017 ctus
937 3975 1010 4018 est
1036 3965 1209 4033 qualis
1247 3981 1382 4019 unus
1411 3974 1648 4017 nostrum
1680 3968 1731 4016 in
1762 3964 2111 4033 cognoscendo
2147 3962 2278 4015 bono
2312 3971 2360 4014 et

793 4056 955 4109 malo.
1014 4054 1138 4110 Haec
1182 4070 1345 4125 supra
1405 4056 1619 4110 abunde
1665 4056 2080 4125 explicavimus.
2131 4052 2248 4105 lani
2300 4068 2361 4105 ne

795 4148 1036 4216 fortassis
1067 4149 1313 4202 extendat
1357 4164 1570 4200 manum
1607 4163 1781 4209 suam,
1807 4157 1854 4199 ct
1886 4153 2060 4197 sumat
2092 4144 2154 4196 de
2181 4145 2364 4196 arbore

796 4243 936 4301 τηαν,
968 4249 1015 4293 et
1043 4241 1184 4304 edat,
1222 4256 1283 4292 ac
1324 4243 1458 4293 rit-at
1488 4242 1542 4292 in
1574 4250 1845 4292 aitet-num.
1871 4237 2227 4305 Posteaquam
2268 4234 2364 4288 ad-

801 4332 972 4385 misso
1006 4329 1210 4400 flagitio
1258 4332 1547 4386 excidisset
1591 4346 1763 4400 genus
1810 4330 2106 4382 humanum
2160 4327 2251 4380 illo
2283 4340 2367 4379 sc-

796 4423 1037 4477 cundum
1074 4426 1319 4478 animum
1354 4424 1568 4478 vivendi
1613 4424 1777 4475 modo
1822 4421 2023 4488 illaque
2073 4420 2176 4473 vita
2210 4419 2364 4470 beata

2456 3247 2783 3317 praelicimus
2826 3239 3051 3293 terribili
3104 3238 3282 3302 aliqua
3327 3237 3509 3287 lancea
3556 3231 3836 3284 .munitum
3869 3271 3884 3292 ,
3925 3230 4025 3295 qui

2454 3336 2639 3406 procul
2703 3340 2882 3384 arceat
2964 3327 3300 3379 acc'edentes.
3366 3324 3481 3376 llue
3541 3323 3784 3373 animum
3845 3327 4037 3370 atten-

2456 3429 2583 3481 dant
2631 3428 2874 3491 quoquot
2928 3426 3019 3470 aut
3071 3433 3175 3469 nou
3223 3414 3557 3481 satis‘firtni
3604 3426 3724 3466 cum
3774 3410 3905 3466 sint,
3940 3418 4037 3457 aut

2460 3530 2563 3569 non
2627 3514 2759 3565 satis
2828 3506 3108 3560 exercitati
3166 3515 3327 3571 atque
3377 3502 3596 3562 eruditi,
3660 3507 3753 3551 aut
3795 3497 4039 3561 denique

2463 3607 2670 3662 nullum
2700 3602 2917 3655 virtutis
2946 3613 3068 3651 cum
3104 3596 3339 3649 habeant
3374 3608 3529 3646 usum
3572 3615 3583 3644 :
3622 3590 3822 3643 audent
3848 3598 4038 3640 tamen

2466 3715 2558 3767 per
2587 3695 2945 3749 temeritatem
2981 3688 3159 3742 subito
3202 3686 3453 3755 prosilire
3490 3684 3541 3735 in
3582 3682 3817 3733 medium
3857 3690 4036 3746 atque

2469 3766 2643 3855 loqui,
2709 3766 3124 3849 diseeptareqtie
3178 3778 3243 3830 de
3332 3781 3698 3829 sacrosancta
3747 3768 4043 3821 Trinitatis

2472 3877 2719 3949 personis
2764 3892 2775 3925 :
2818 3883 2871 3925 et
2916 3872 2999 3924 his
3049 3870 3213 3921 lllosis
3238 3868 3397 3921 dictis
3424 3873 3627 3918 tantam
3671 3878 3820 3916 suam
3858 3860 4043 3911 auda-

2469 3971 2609 4024 ciam
2664 3963 2945 4018 refrenare
2994 3961 3227 4019 discant,
3285 3966 3446 4025 atque
3503 3957 3575 4006 ita
3611 3969 3667 4007 se
3708 3956 3759 4004 in
3798 3951 3899 4004 hac
3927 3950 4041 4002 vita

2467 4065 2766 4124 expurgem
2812 4050 3174 4105 observandis
3216 4046 3307 4101 Dei
3357 4044 3531 4112 jussis
3565 4052 3622 4095 ut
3653 4042 3706 4094 in
3737 4041 3905 4093 altera
3943 4041 4041 4092 illa

2472 4150 2638 4204 futuri
2666 4146 2849 4201 sarculi
2903 4143 3173 4197 donentur
3230 4137 3536 4206 cognitione
3580 4132 4051 4195 meditationeque

2474 4254 2650 4293 rerum
2708 4251 2737 4289 a
2818 4234 2926 4287 Deo
2982 4230 3324 4284 conditarum
3411 4236 3571 4291 atque
3633 4223 3804 4290 ipsius
3876 4221 4049 4272 etiam

2472 4341 2700 4384 summie
2730 4321 3037 4383 Trinitatis,
3076 4327 3345 4386 quatenus
3393 4322 3536 4368 certe
3561 4310 3698 4363 hanc
3729 4324 3815 4362 res
3850 4318 4056 4359 create

2473 4428 2637 4485 atque
2669 4423 2909 4467 externa:
2942 4425 3037 4479 per
3058 4408 3310 4460 virtutem
3346 4401 3733 4470 omnipotentis
3766 4398 3862 4450 Dei
3897 4411 4059 4449 com-

790 4526 854 4570 et
886 4516 1151 4584 angelica,
1206 4517 1486 4586 indignum
1537 4518 1648 4584 jam
1699 4487 1946 4570 evaserat
1987 4524 2147 4583 atque
2203 4513 2365 4567 etiam
2400 4494 2441 4547 υ
2474 4504 2809 4576 prehendere‘
2856 4507 3128 4569 poterunt.
3166 4495 3231 4548 Et
3287 4495 3375 4547 hic
3416 4492 3537 4544 linis
3610 4499 3726 4542 esto
3778 4487 4059 4540 sermonis

804 4603 1101 4657 invalidum
1145 4615 1205 4659 ut
1246 4606 1576 4676 cogitatione
1611 4615 1998 4674 assequcretur
2027 4611 2370 4673 agnosceret-

797 4711 912 4764 que
945 4712 1113 4750 unum
1148 4696 1316 4752 Deum
1362 4707 1415 4753 et
1459 4708 1568 4753 tres
1596 4711 1876 4768 personas,
1913 4707 2075 4765 atque
2108 4697 2365 4749 unitatem

812 4854 974 4870 ﬁ...

2000 4971 2282 5060 PARS

1377 5283 1792 5340 PllOtEMlUM.

896 5400 1185 5469 Superiore
1251 5400 1496 5465 proxima
1552 5397 1843 5456 oratione,
1898 5409 1931 5447 ο
1988 5392 2074 5462 pie
2108 5400 2163 5445 et
2223 5405 2385 5444 vene-

827 5493 991 5546 rande
1057 5492 1219 5545 frater
1267 5499 1490 5552 noster,
1545 5486 1762 5541 domine
1819 5483 2012 5554 lgnati,
2060 5484 2269 5551 egimus
2321 5481 2387 5535 de

829 5584 1081 5653 paradiso
1124 5592 1177 5635 et
1230 5582 1519 5635 arboribus
1561 5580 1827 5649 mysticis,
1891 5592 1989 5644 pro
2040 5577 2180 5629 serie
2221 5584 2385 5642 atque

829 5687 1016 5730 tenore
1050 5673 1338 5739 Scriptum
1391 5691 1404 5727 :
1441 5683 1491 5726 at
1548 5673 1799 5740 praesenti
1835 5685 2083 5724 sermone
2113 5668 2391 5721 dissolve-

833 5782 976 5831 mus,
1027 5766 1135 5818 Deo
1182 5779 1399 5818 manum
1450 5765 1606 5819 nobis
1635 5764 1967 5833 porrigente,
2016 5760 2392 5813 haereticorum

835 5857 1133 5914 calumnias
1171 5871 1310 5926 quas
1346 5856 1631 5912 adversum
1671 5865 1855 5911 nostra
1906 5853 2046 5908 dicta
2086 5852 2396 5921 proferunt;

2480 4597 2725 4651 secundi.

2375 4970 2857 5056 TERTIA.

2493 5295 2555 5331 ac
2606 5274 2765 5331 simul
2803 5270 3089 5326 nonnullas
3137 5263 3469 5333 quaestiones
3514 5276 3543 5313 a
3584 5255 3911 5327 quihusdam
3940 5249 4065 5303 alii?

2489 5371 2620 5423 viris
2654 5366 2907 5437 quasitas
2938 5358 3345 5431 explicabimus.

3116 5470 3339 5529 CAPUT
3378 5469 3421 5521 1.

2497 5600 2691 5652 Contra
2729 5594 3021 5649 calumnias
3066 5589 3293 5642 Simonis
3330 5585 3507 5650 Magi,
3539 5587 3605 5634 de
3637 5582 3797 5648 primi
3831 5584 4071 5641 parenti:

3163 5664 3390 5725 peccato.

2569 5757 2766 5825 Oljicit
2813 5756 2998 5807 Simon
3048 5751 3254 5817 Magius,
3304 5742 3553 5814 inquiens
3597 5758 3609 5792 :
3652 5738 3792 5825 Dcns
3824 5732 4072 5825 ille-qui

2506 5821 2769 5904 Adamutn
2804 5843 3065 5906 condidit,
3101 5841 3368 5905 impotens
3402 5840 3518 5884 erat
3550 5838 3711 5895 atque
3746 5821 4071 5877 imbecillis:
