4202 6430
186 399 267 458 rm
1280 401 1371 458 DE
1417 398 1805 459 PARADISO.
1848 425 1910 438 -ν
1952 400 2142 460 PARS
2186 404 2303 463 lIl.

185 530 327 581 neque
375 514 521 566 enim
571 515 778 568 edicere
830 514 1000 582 potuit
1050 524 1103 569 ut
1158 527 1400 570 maneret
1449 519 1707 581 Adamus,
1736 519 1786 577 Δ
1883 518 1937 571 Si
1997 529 2299 587 propterea,
2345 519 2533 571 Simon
2618 519 2783 587 Mago,

183 604 363 671 qualem
412 618 532 656 esse
565 603 794 657 volebat.
827 606 905 655 Ad
948 605 1060 658 inec
1113 605 1521 671 respondemus,
1563 621 1714 657 man-

183 695 296 746 sisse
356 693 624 744 Adamum
675 696 886 761 qualem
941 696 1115 761 ipsum
1151 703 1205 745 et
1241 709 1363 748 esse
1400 706 1452 747 et
1501 710 1716 748 manere

182 782 363 834 volebat
408 782 547 835 Deus
584 785 832 836 conditor
881 784 1210 852 cll'cctnrque
1259 786 1466 853 ipsius;
1506 787 1716 840 volebat

184 876 299 927 enim
348 874 490 928 Deus
538 877 711 942 ipsum
762 876 963 942 pollere
1015 886 1205 944 suopte
1251 878 1507 941 arbitrio,
1558 887 1716 945 atque

186 967 383 1018 liberum
427 980 569 1025 esse,
606 983 710 1019 non
748 979 925 1020 autem
968 979 1215 1020 naturam
1254 970 1448 1020 habere
1484 967 1715 1021 vinctam

181 1066 225 1109 et
244 1058 542 1122 obnoxiam,
570 1059 782 1125 qualem
816 1057 1015 1111 habent
1049 1059 1201 1110 bruta
1236 1060 1532 1111 animantia
1562 1069 1613 1110 et
1640 1073 1718 1111 eae

183 1161 253 1198 res
286 1162 399 1213 qua:
439 1148 632 1200 anima:
679 1157 926 1216 expertes
975 1156 1122 1201 sunt.
1173 1149 1334 1216 Atqui
1391 1148 1632 1214 profecto
1671 1148 1715 1200 si

183 1234 420 1288 voluisset
475 1236 614 1288 Deus
668 1236 871 1288 Adamn
921 1236 1144 1288 liberum
1199 1250 1320 1288 esse
1370 1251 1525 1288 suum
1569 1236 1717 1288 arbic

184 1326 340 1386 trium,
379 1326 466 1378 hic
496 1341 625 1380 vero
658 1340 761 1379 non
791 1326 1115 1379 obtinuisset
1141 1327 1425 1378 arbitrium
1465 1328 1713 1387 liberum,

183 1428 329 1480 neque
376 1413 424 1467 is
475 1412 669 1467 fuisset.
718 1430 877 1481 quem
926 1429 1048 1467 esse
1097 1414 1308 1465 volebat
1354 1414 1473 1479 ejus
1523 1429 1717 1480 parens

182 1502 317 1567 Deus,
362 1504 458 1558 sed
504 1519 727 1571 prorsus
777 1503 937 1564 alius.
970 1519 1033 1557 ac
1081 1512 1193 1556 tum
1243 1505 1457 1556 demum
1498 1504 1585 1557 isti
1622 1520 1716 1557 ca-

178 1595 369 1648 lumnia:
425 1596 575 1648 locus
624 1595 837 1648 fuisset.
896 1595 996 1648 Sed
1055 1596 1219 1648 instat
1270 1594 1454 1647 Simon
1514 1612 1525 1646 :
1576 1596 1717 1648 Deus

182 1686 373 1739 ιυιυιιτιι
404 1701 471 1739 ne
488 1686 670 1738 ederet
703 1687 943 1739 Adamus
969 1686 1034 1738 de
1064 1686 1150 1739 illa
1181 1687 1411 1748 arbore;
1441 1692 1497 1737 at
1517 1686 1559 1738 is
1586 1688 1715 1752 edit,

179 1791 266 1829 non
308 1792 435 1843 (rgo
485 1778 687 1830 mansit
735 1775 948 1844 qualem
1008 1791 1230 1829 manere
1279 1775 1491 1827 volebat
1538 1776 1713 1842 Deus;

177 1869 442 1923 Conﬁcitur
474 1883 601 1936 ergo
635 1882 825 1935 parum
866 1876 1136 1935 potentem
1172 1867 1342 1920 fuisse
1386 1866 1516 1920 Adae
1556 1870 1718 1921 Crea-

180 1970 347 2013 torem.
398 1961 512 2013 lmo
562 1974 692 2013 vero
725 1960 775 2011 id
820 1958 995 2024 ipsum
1041 1960 1184 2027 quod
1235 1959 1344 2012 edit
1392 1960 1457 2011 de
1504 1962 1714 2024 arbore,

177 2062 479 2115 argumento
512 2060 595 2104 est
632 2051 898 2105 mansisse
928 2051 1144 2118 qualem
1179 2050 1393 2103 volebat
1427 2049 1567 2105 Deus
1599 2067 1716 2104 tua-

177 2156 285 2194 nere
321 2160 333 2194 :
374 2157 439 2195 ea
493 2144 636 2194 enim
691 2150 809 2193 erat
862 2142 951 2193 Dei
1007 2142 1275 2200 voluntas,
1326 2154 1382 2193 ut
1427 2151 1715 2204 constaret.

174 2232 417 2284 Adamum
465 2246 584 2285 esse
633 2232 862 2284 liberum
912 2239 1073 2300 atque
1116 2247 1236 2284 cum
1278 2232 1448 2285 libero
1495 2232 1718 2285 arbitrio

177 2322 481 2386 conditum;
520 2322 681 2390 idque
713 2333 861 2375 certo
907 2323 977 2375 ita
1014 2337 1070 2375 se
1104 2323 1301 2376 habere
1340 2324 1463 2375 inde
1497 2323 1718 2390 potissi-

175 2428 301 2466 mum
350 2414 477 2468 διίΐὶ
535 2413 710 2481 potuit
754 2393 898 2482 quod
949 2422 1231 2481 appareret
1284 2413 1337 2466 in
1380 2414 1547 2481 ipsius
1596 2429 1714 2468 esse

174 2506 380 2571 positum
434 2505 690 2558 facultate
739 2515 792 2557 et
842 2504 1005 2558 edere
1050 2513 1104 2557 et
1153 2518 1261 2556 non
1313 2504 1471 2558 edere
1517 2506 1583 2557 de
1625 2505 1714 2557 illa

174 2599 374 2664 arbore;
408 2601 692 2668 legemque
716 2598 798 2650 vel
826 2597 1116 2649 observare
1146 2597 1221 2651 vel
1252 2597 1471 2649 violare.
1497 2594 1717 2648 Postea-

172 2701 315 2753 quam
347 2689 510 2755 igitur
554 2687 743 2756 jussus
788 2687 1058 2749 abstinere
1088 2702 1194 2742 non
1231 2687 1517 2752 abstinuit,
1553 2688 1717 2739 libero

173 2792 376 2843 prorsus
409 2780 639 2833 arbitrio
667 2794 725 2833 se
751 2779 985 2833 ostrn-lit
1016 2780 1298 2847 praeditum
1328 2793 1470 2841 esse,
1503 2779 1714 2845 qualem

174 2866 323 2933 ipsius
366 2871 587 2924 effector
636 2870 776 2924 Deus
813 2879 867 2925 et
913 2886 1034 2924 esse
1085 2880 1137 2923 ct
1166 2886 1403 2924 ~manere
1452 2871 1714 2923 voluerat.

173 2955 336 3025 Neque
385 2973 517 3012 vero
566 2959 805 3012 Adamus
855 2960 1176 3013 vescebatur
1221 2975 1282 3011 ea
1328 2952 1541 3021 arbore,
1578 2964 1716 3013 victa

173 3060 520 3119 superataque
549 3050 859 3107 Conditoris
891 3050 983 3104 Dei
1010 3050 1434 3115 voluntate;'sed
1463 3052 1717 3104 Creatore

3286 408 3385 473 59$

2865 522 3029 576 Deum
3089 524 3379 580 invalidum

1820 623 1981 661 vocas
2013 608 2139 675 quia
2193 609 2452 661 Adamum
2507 625 2627 662 cmn
2685 610 2853 666 libero
2891 614 3116 667 arbitrio
3162 619 3382 679 creavit,

1818 716 1929 765 quo
1976 700 2063 752 ille
2115 698 2390 766 praeditus,
2442 703 2700 756 adversus
2748 704 2920 759 edicta
2968 706 3245 762 Creatoris
3297 711 3380 762 sui

1818 788 1998 841 facere
2045 798 2246 855 posset,
2300 799 2358 842 ut
2405 792 2565 843 etiam
2622 792 2779 845 hodie
2832 792 3158 849 imbecillum
3212 797 3379 851 Deum

1818 893 1942 931 esse
1978 880 2147 938 dicas,
2199 895 2420 934 necesse
2468 880 2661 947 fuerit;
2712 885 2876 951 jussit
2918 886 3058 939 cnim
3094 902 3160 939 ne
3205 888 3376 942 homi-

1819 971 1978 1032 cidia,
2008 970 2339 1023 adulteriavc
2374 974 2769 1027 committerent
2815 976 3091 1041 mortales,
3123 984 3177 1030 et
3203 985 3377 1031 tamen

1820 1061 1932 1113 haec
1967 1069 2130 1127 atque
2172 1062 2273 1114 alia
2321 1064 2609 1118 adversum
2652 1065 2819 1134 legem
2858 1069 2946 1122 Dei
2996 1080 3229 1139 patraut.
3280 1071 3381 1124 Sed

1819 1150 1962 1201 enim
1999 1156 2150 1201 utare
2184 1161 2238 1202 ut
2277 1152 2403 1204 libet
2436 1168 2501 1207 co
2550 1165 2640 1207 tuo
2675 1168 3017 1222 argumento,
3067 1159 3289 1224 Simon;
3329 1169 3384 1213 at

1822 1237 2036 1290 interim
2070 1238 2241 1305 inobis
2288 1244 2607 1307 respondeto
2655 1261 2666 1293 :
2721 1244 3000 1299 volcntene
3041 1246 3147 1298 Deo
3180 1248 3386 1301 faciunt

1822 1326 2073 1383 homines
2107 1330 2369 1383 adversus
2410 1331 2575 1400 legem
2627 1334 2814 1403 ipsius,
2847 1351 2913 1388 an
2961 1337 3214 1390 nolente?
3246 1340 3384 1390 Satin

1820 1419 1864 1472 si
1915 1420 2151 1482 nolente,
2189 1436 2525 1490 consequens
2564 1435 2667 1488 est,
2718 1425 3001 1480 imbecillis
3050 1441 3173 1480 eum
3220 1429 3378 1479 etiam

1823 1524 1967 1563 nunc
2001 1513 2205 1566 viribus
2238 1528 2388 1578 0881‘;
2439 1516 2639 1583 quippe
2686 1530 2793 1582 quo
2831 1519 3064 1583 nolente,
3099 1534 3219 1586 qua:
3249 1534 3383 1587 pra:-

1821 1599 2039 1666 soripsit
2086 1601 2377 1657 vialantur.
2420 1602 2513 1655 Sin
2565 1605 2801 1665 volente,
2837 1604 2939 1657 erit
2984 1607 3095 1672 ipse
3139 1607 3237 1659 sibi
3287 1608 3379 1659 ad-

1822 1705 2012 1744 versus
2063 1700 2120 1744 ut
2168 1692 2257 1760 qui
2302 1708 2362 1744 ea
2417 1694 2594 1747 verbis
2625 1695 2846 1763 jusserit
2892 1676 3014 1763 qua:
3064 1697 3236 1765 reipsa
3271 1699 3383 1751 fieri

1823 1782 2080 1845 noluerit,
2114 1793 2168 1836 et
2202 1784 2459 1839 mortales
2510 1785 2771 1838 voluntati
2826 1786 2970 1841 illius
3021 1790 3267 1855 paruisse
3304 1786 3387 1839 di-

1822 1882 2015 1926 centur
2044 1873 2137 1941 qui
2165 1883 2353 1927 contra
2388 1875 2637 1929 mandata
2672 1875 2928 1937 fecerint,
2960 1878 3103 1945 quod
3143 1876 3383 1945 profecto

1820 1962 2113 2017 absurdum
2161 1973 2267 2017 est.
2314 1963 2544 2029 Rursus,
2605 1966 2879 2020 lihentene
2926 1981 2992 2019 an
3057 1968 3224 2021 invito
3274 1968 3380 2023 Deo

1821 2062 2037 2123 patrant
2080 2054 2327 2111 homines
2377 2074 2494 2126 quae
2544 2059 2786 2127 improha
2836 2060 3001 2112 sunt?
3051 2061 3106 2112 Si
3162 2061 3423 2123 Ιίιιοιιιιι,,

1818 2147 1923 2199 crit
1970 2147 2084 2215 ipse
2134 2163 2350 2216 quoque
2403 2150 2678 2218 improbus
2724 2150 2816 2218 qui
2874 2151 3018 2205 vitiis
3054 2146 3379 2217 delectetur;

1819 2237 1902 2291 sin
1950 2237 2141 2302 invito,
2188 2253 2287 2291 cur
2326 2255 2430 2291 non
2482 2240 2738 2306 impedit?
2776 2240 2844 2292 At
2889 2239 2931 2293 si
2976 2249 3230 2294 coercere
3260 2241 3383 2294 illos

1822 2330 1892 2382 ab
1936 2344 2003 2382 eo
2046 2331 2188 2396 quod
2226 2345 2451 2398 pravum
2500 2339 2605 2395 est,
2651 2329 2982 2399 designando
3028 2346 3133 2385 non
3187 2341 3384 2400 potest,

1819 2420 2101 2473 conticitur
2151 2431 2324 2482 certe,
2376 2419 2580 2473 viribus
2630 2418 2805 2487 ipsum
2857 2419 3019 2472 etiam
3076 2435 3219 2472 nunc
3279 2436 3383 2473 non

1819 2510 2019 2577 pollere
2063 2526 2077 2562 :
2123 2511 2202 2559 vel
2233 2510 2275 2563 si
2322 2524 2427 2562 non
2461 2510 2592 2569 vult,
2630 2524 2841 2562 rursmn
2888 2524 3091 2577 pravus
3126 2519 3183 2564 ut
3216 2510 3386 2579 ipsius

1817 2603 1887 2655 sit
1932 2603 2305 2668 consequitur,
2354 2601 2444 2668 qui
2494 2614 2657 2668 prava
2704 2600 3030 2654 dissimulet.
3082 2600 3173 2653 Est
3219 2616 3381 2668 porro

1817 2691 1983 2744 'etiam
2020 2690 2168 2743 aliud
2215 2690 2455 2743 Simonis
2491 2688 2622 2752 Magi
2665 2697 3038 2756 argumentum
3079 2704 3183 2757 quo
3220 2689 3383 2742 Deum

1820 2782 2013 2834 Adami
2071 2780 2441 2843 conditorem,
2510 2778 2872 2847 improbitatis
2936 2787 3097 2843 atque
3162 2778 3386 2830 invidia‘

1821 2886 2095 2925 arcessere
2138 2871 2348 2924 nititur.
2390 2869 2520 2922 Nam
2578 2867 2876 2931 interdixit,
2920 2868 3112 2936 inquit,
3157 2869 3383 2930 Adamn,

1822 2966 2017 3015 arbore
2052 2962 2291 3014 scientia:
2321 2960 2442 3012 boui
2474 2969 2528 3013 et
2558 2960 2705 3019 mali,
2738 2974 2842 3027 qua
2874 2967 3084 3026 gustata
3122 2960 3386 3023 potuisset

1822 3054 1908 3108 iilc
1943 3055 2085 3107 inter
2118 3053 2313 3104 bonum
2361 3050 2671 3117 malumque
2711 3050 3028 3117 dijudieare,
3069 3058 3228 3117 atque
3280 3050 3380 3103 hoc

172 3138 259 3205 ipsi
306 3143 692 3208 permittente,
764 3150 823 3194 ut
869 3140 1013 3208 quod
1080 3142 1284 3194 arbitrii
1332 3142 1449 3208 ejus
1502 3142 1791 3207 libertasc
1825 3146 2032 3211 fugere,
2086 3143 2215 3196 illud
2268 3143 2539 3210 persequi.
2592 3141 2696 3193 Sed
2749 3141 3159 3207 rcSpondemus,
3212 3140 3379 3193 Deum

171 3227 379 3284 dictaret
424 3232 479 3283 id
527 3218 688 3297 porro
739 3240 941 3298 ageret,
991 3229 1212 3294 faceret,
1261 3239 1515 3297 patraret.
1566 3230 1713 3283 Prae-

174 3332 320 3385 terea,
366 3323 475 3375 nisi
518 3322 669 3375 liberi
720 3318 928 3374 arbitrii
977 3320 1105 3374 Adae
1145 3319 1450 3373 facultatem
1501 3320 1718 3372 rebellio

172 3412 251 3463 illa
299 3412 650 3481 prodidisset,
702 3426 871 3480 quare
923 3411 1132 3464 tandem
1173 3410 1400 3479 perSpici
1459 3410 1719 3477 potuisset

170 3505 388 3558 maxima
432 3504 746 3574 prmstantia
785 3502 1027 3569 obsequii
1072 3501 1214 3570 quod
1261 3510 1443 3569 postea
1477 3502 1563 3553 iile
1600 3517 1718 3554 am-

171 3596 345 3662 plexus
373 3610 513 3659 erat,
542 3608 595 3649 et
626 3610 719 3664 per
752 3595 802 3647 id
838 3595 1112 3648 rediturus
1139 3594 1204 3646 ad
1235 3592 1523 3660 pristinum
1559 3607 1716 3645 suum

170 3686 425 3751 ordinem,
483 3682 858 3751 gradumque?
908 3683 1109 3751 quippe
1156 3697 1275 3734 cum
1323 3691 1469 3735 esset
1516 3683 1718 3734 bonum

169 3773 296 3837 quod
345 3773 464 3841 ipse
499 3782 755 3840 pill'ztl't’l,
791 3786 894 3823 non
943 3770 1117 3823 solum
1163 3769 1437 3823 Creatoris
1482 3770 1564 3823 Sui
1608 3786 1723 3821 ιιιιι-

168 3876 291 3923 nus,
340 3877 533 3916 verum
584 3863 745 3915 ctiam
798 3862 967 3929 ipsius
1020 3861 1298 3929 proprium
1349 3876 1504 3928 npus.
1558 3860 1723 3915 Porro

169 3956 389 4022 amplius
420 3955 585 4008 etiam
632 3964 782 4021 urget
816 3954 1023 4016 Simon,
1054 3954 1237 4021 aitque
1271 3969 1283 4005 :
1320 3952 1539 4007 Volebat
1585 3956 1723 4009 Deus

169 4044 424 4098 Adamum
461 4060 685 4100 manere
735 4046 786 4098 in
838 4046 1124 4113 paradiso;
1179 4053 1232 4097 at
1277 4045 1391 4112 ipse
1439 4061 1531 4113 per
1567 4060 1721 4098 suum

169 4133 417 4204 flagitium
472 4136 598 4188 inde
647 4138 884 4201 excidit;
934 4146 1051 4190 erat
1098 4152 1228 4202 ergo
1280 4136 1549 4204 impotens
1598 4138 1726 4189 Ada:

168 4224 375 4280 effector
423 4225 569 4281 Deus
616 4237 675 4280 ut
714 4227 805 4296 qui
855 4242 953 4294 pro
996 4242 1093 4280 sua
1143 4228 1421 4279 voluntate
1472 4227 1621 4279 illum
1672 4228 1724 4279 in

170 4317 411 4380 paradiso
463 4316 700 4371 retinere
762 4318 1086 4387 nequiverit.
1140 4317 1245 4372 Sed
1338 4317 1727 4386 I'ESpmtdellltlS

172 4404 349 4472 Deum,
379 4408 477 4461 ubi
524 4406 785 4461 Adamum
822 4409 1151 4463 condidisset
1197 4417 1361 4477 atque
1393 4408 1444 4461 in
1479 4409 1728 4475 paradiso

1822 3233 1962 3287 haud
2004 3233 2120 3286 ideo
2162 3232 2398 3286 vetuisse
2444 3231 2708 3283 Adamum
2758 3231 2899 3283 vesci
2949 3230 3126 3283 fructu
3173 3229 3381 3283 arboris

1824 3323 2063 3377 scientiae
2110 3337 2175 3374 ne
2224 3322 2421 3374 bonum
2472 3322 2907 3388 amplecteretur,
2956 3320 3258 3389 malumque
3298 3322 3375 3373 vi-

1820 3424 1971 3475 taret,
2019 3422 2075 3467 ut
2110 3413 2472 3466 calumniatur
2525 3413 2753 3476 Simon;
2804 3411 2915 3480 ipsa
2965 3417 3109 3465 enim
3163 3426 3248 3467 res
3297 3412 3385 3463 Si-

1824 3504 2003 3555 monis
2033 3503 2196 3556 verha
2233 3502 2509 3570 redarguit
2535 3501 2824 3562 mendacii,
2857 3516 2981 3555 nam
3024 3504 3135 3556 edit
3165 3503 3380 3570 quidem

1821 3591 1887 3644 de
1924 3595 2120 3646 arbore
2165 3592 2406 3647 scientia:
2440 3594 2677 3647 Adamus
2708 3608 2723 3646 :
2755 3600 2808 3646 et
2838 3594 2964 3661 quid
2998 3593 3222 3656 bonum,
3256 3595 3383 3662 quid

1822 3682 2022 3736 malum
2055 3693 2218 3746 esset,
2259 3683 2400 3738 facto
2439 3683 2677 3751 periculo
2708 3684 2897 3737 didicit
2930 3698 2946 3737 :
2981 3693 3032 3737 et
3064 3692 3237 3738 tamen
3275 3700 3382 3737 non

1823 3775 1982 3827 modo
2028 3772 2174 3826 nullo
2226 3772 2351 3827 inde
2385 3774 2668 3827 commodo
2714 3773 3010 3827 utilitateve
3055 3783 3247 3826 auctus
3280 3784 3381 3834 est,

1822 3863 1914 3917 sed
1974 3864 2135 3917 etiam
2195 3878 2391 3931 magno
2440 3865 2637 3918 damno
2689 3865 2982 3928 multatus,
3036 3864 3233 3933 quippe
3292 3867 3384 3933 qui

1822 3954 2016 4007 acerba
2065 3969 2222 4022 pinna
2256 3964 2338 4007 est
2378 3955 2789 4008 condemnatus.
2836 3954 2941 4008 Sed
2974 3954 3145 4024 pergit
3189 3954 3386 4022 impius

1823 4048 1912 4102 ille
1965 4046 2148 4115 Magns
2202 4064 2213 4099 :
2270 4048 2335 4100 At
2389 4046 2489 4099 nisi
2522 4084 2535 4107 ,
2592 4045 2808 4113 inquit,
2855 4044 3078 4099 Creator
3125 4045 3212 4097 ille
3262 4045 3387 4099 Ada:

1824 4140 2084 4193 edixisset
2116 4154 2180 4190 ne
2210 4137 2296 4190 ille
2327 4138 2507 4189 ederet
2537 4137 2601 4191 de
2630 4152 2690 4191 ca
2722 4136 2935 4201 arbore,
2966 4136 3385 4204 haudquaquam

1821 4230 2085 4298 judicium
2120 4230 2222 4283 hoc
2248 4243 2571 4296 pmnamque
2603 4226 2930 4289 subivissct;
2965 4226 3086 4279 inde
3112 4226 3253 4279 enim
3288 4225 3390 4277 hoc

1828 4322 2025 4376 malum
2051 4319 2197 4390 quod
2245 4328 2434 4374 contra
2469 4318 2558 4371 Dei
2593 4318 2828 4371 edictum
2860 4317 2950 4371 ille
2980 4315 3213 4380 fecerat;
3248 4314 3391 4368 Deus

1829 4416 1969 4468 enim
2006 4414 2245 4482 jusserat
2293 4427 2361 4465 ne
2408 4410 2610 4474 ederet,
2662 4410 2777 4477 ipse
2824 4422 2952 4462 vero
2982 4408 3110 4463 edit.
3152 4407 3256 4460 Sed
3303 4422 3390 4460 re-

169 4497 451 4561 posuisset,
486 4512 715 4567 prorsus
760 4498 989 4551 liberum
1037 4499 1137 4565 ipsi
1184 4498 1375 4552 fecisse
1419 4506 1475 4551 ut
1513 4498 1592 4550 vel
1627 4498 1726 4551 ob-
1755 4489 1805 4549 D
1834 4503 2160 4572 spondemus
2210 4502 2377 4556 Deum
2430 4515 2604 4569 neque
2634 4498 2872 4553 voluisse
2911 4507 2970 4551 ut
3008 4498 3093 4551 ille
3119 4497 3301 4551 ederet
3328 4498 3393 4550 de

169 4597 367 4641 servata
402 4589 523 4657 lege
567 4589 697 4641 inibi
735 4597 997 4652 maneret,
1033 4589 1111 4641 vel
1158 4587 1328 4641 fracta
1378 4589 1499 4641 inde
1530 4590 1717 4641 exiret.

168 4675 321 4744 Igitur
366 4694 495 4733 cum
539 4693 600 4731 ea
648 4678 722 4730 illi
768 4680 1019 4731 voluntas
1070 4676 1256 4731 fuiSSct
1306 4687 1363 4729 ut
1409 4678 1724 4744 imperatam

167 4765 323 4834 legem
356 4768 686 4831 transiliret,
736 4770 929 4821 merito
962 4778 1219 4822 cxtrusus
1267 4777 1349 4821 est
1396 4768 1557 4835 parad
1584 4783 1645 4820 so
1673 4775 1726 4819 ct

168 4866 330 4911 morte
353 4859 523 4912 etiam
548 4858 854 4922 damnatus,
881 4869 1101 4927 propter
1121 4859 1416 4912 admissum
1443 4868 1723 4925 peccatum

169 4949 402 5015 scilicet;
438 4957 498 5004 et
537 4948 701 5002 simul
736 4964 803 5003 ne
841 4950 1011 5018 ipsius
1051 4950 1290 5017 pravitas
1328 4950 1469 5003 foret
1504 4950 1727 5002 immor-

170 5040 300 5104 talis,
323 5042 509 5110 qualis
530 5050 614 5094 est
639 5041 860 5095 diaboli.
884 5042 1105 5096 Accedit
1128 5042 1257 5108 huc,
1282 5051 1339 5096 ut
1365 5052 1507 5095 metu
1538 5043 1726 5095 tnottis

170 5133 318 5199 cujus
366 5148 469 5201 per
520 5132 842 5186 sententiam
889 5147 1016 5185 reus
1063 5140 1209 5193 erat,
1268 5146 1486 5185 causam
1538 5130 1727 5183 mortis

172 5234 447 5290 peceatum
477 5224 692 5287 vitaret,
719 5232 773 5276 et
798 5222 922 5276 huic
951 5225 1236 5277 contrariae
1260 5223 1486 5289 justitia;
1508 5236 1724 5289 operam

172 5318 313 5369 daret
345 5335 359 5370 :
390 5315 631 5382 denique
663 5329 787 5369 cum
828 5314 955 5367 olim
986 5329 1050 5369 ex
1088 5313 1614 5382 ipsius‘posteritate
1648 5310 1730 5365 fu-

174 5408 272 5461 turi
300 5416 491 5463 essent
521 5414 802 5473 martyres,
835 5405 940 5457 lata
965 5414 1048 5458 cst
1074 5404 1332 5458 adversus
1367 5404 1512 5458 illum
1540 5404 1730 5458 mortis

174 5500 460 5561 sententia,
493 5506 555 5551 ut
591 5496 646 5549 hi
680 5512 776 5566 per
809 5504 1036 5551 mortem
1070 5511 1167 5560 pro
1199 5510 1296 5551 sua
1329 5495 1382 5549 in
1417 5496 1585 5551 Deum
1621 5499 1731 5565 pie-

175 5596 277 5641 tate
332 5597 505 5656 atque
569 5586 867 5639 reverentia
929 5585 1171 5645 obitam,
1224 5599 1456 5639 coronas
1508 5585 1730 5654 adipisci

177 5686 389 5743 possent
414 5676 667 5745 justitiaz.
729 5672 831 5731 Sed
893 5677 1727 5745 revertamur;undepaulnlum

185 5768 400 5831 digressi
440 5784 655 5823 sumus.

1828 4609 1886 4646 ea
1933 4595 2145 4645 arbore.
2197 4591 2325 4645 Nam
2374 4592 2417 4645 si
2465 4590 2723 4645 voluisset
2766 4597 2827 4642 ιιι
2872 4586 3080 4645 ederet.
3127 4587 3234 4639 duo
3279 4586 3392 4647 hac

1828 4684 2063 4737 absurda
2099 4686 2495 4736 conficerentur
2527 4698 2540 4734 :
2572 4682 2826 4741 alterum,
2860 4676 3028 4731 Deum
3062 4678 3389 4730 verbotcnus

1831 4772 2112 4825 mandasse
2163 4772 2303 4837 quod
2357 4772 2530 4837 rcipsa
2581 4769 2693 4823 fieri
2761 4767 3059 4828 noluisset,
3124 4767 3389 4827 alterum,

1828 4878 1949 4916 eum
1988 4864 2081 4930 qui
2120 4863 2381 4916 adversus
2428 4859 2740 4914 Conditoris
2787 4857 2873 4911 sui
2920 4857 3072 4925 jussa
3120 4855 3389 4925 propalam

1830 4952 2042 5020 agebat,
2079 4952 2338 5005 voluntati
2389 4951 2559 5018 ipsius
2598 4949 2793 5002 fecisse
2839 4947 2994 5012 satis,
3043 4946 3389 5015 quantumvis

1830 5042 2069 5095 nescium
2143 5052 2305 5110 atque
2378 5041 2798 5109 imprudentem.
2874 5037 2971 5090 Sin
3032 5038 3392 5091 voluissctne

1829 5134 2029 5193 ederet,
2066 5134 2233 5186 videri
2277 5140 2488 5201 poterat
2520 5130 2822 5184 imbecillus
2850 5144 2865 5182 :
2898 5140 2957 5183 ut
2986 5128 3144 5197 cujus
3193 5127 3388 5180 volun-

1832 5221 1929 5273 tati
1960 5220 2203 5275 Adamus
2236 5234 2529 5289 repugnare
2556 5205 2794 5285 potuerit
2821 5236 2835 5270 :
2860 5216 2953 5272 sed
2983 5217 3089 5270 huc
3119 5224 3391 5284 spectasse

1834 5312 2003 5364 Deum
2022 5312 2149 5365 dum
2176 5313 2340 5380 legem
2363 5309 2566 5363 Adamo
2588 5308 2982 5377 praescriberet,
3002 5305 3389 5360 observaretuc

1832 5418 1898 5457 an
1925 5403 2148 5455 violaret
2174 5403 2260 5456 ille
2278 5415 2418 5466 eam,
2442 5414 2549 5453 non
2576 5408 2755 5452 autem
2780 5398 2960 5463 ederet
2982 5411 3048 5448 an
3076 5409 3182 5449 non
3208 5395 3390 5447 ederet

1830 5494 1897 5549 de
1939 5494 2026 5547 illa
2069 5492 2283 5552 arbore,
2324 5504 2485 5560 atque
2537 5491 2659 5547 ideo
2701 5494 2918 5556 quoque
2958 5486 3038 5540 de.
3065 5485 3274 5539 duabus
3311 5484 3388 5536 illi

1836 5584 2260 5667 habitationibus
2309 5583 2627 5653 providisse,
2676 5589 2733 5633 ut
2776 5580 2999 5631 alteram
3047 5575 3091 5629 si
3141 5575 3241 5643 legi
3293 5589 3429 5640 βενε

1789 5685 1792 5688 ’
1821 5664 2053 5760 nuisset,
2081 5676 2304 5729 alteram
2338 5676 2380 5729 si
2414 5687 2521 5726 non
2561 5671 2822 5739 paruisset
2852 5668 3090 5721 haberet.
3127 5665 3288 5733 quue
3315 5664 3385 5717 ita

1835 5755 1953 5819 me:
2001 5765 2079 5819 vel
2133 5766 2253 5820 itittc
2294 5763 2609 5820 ostendatur
2658 5759 2801 5828 quod
2844 5759 2951 5815 duo
2995 5764 3107 5811 hanc
3148 5755 3284 5810 inter
3327 5766 3387 5808 se
