4202 6430
777 400 885 459 ξιῦῒῖ

2044 408 2273 469 MOSIS
2313 408 2463 467 ΒΑΗ
2502 409 2747 470 CEPHA

3903 410 4004 469 Silii

780 517 929 579 paria
975 520 1101 566 sunt
1132 529 1145 566 :
1181 516 1350 567 Deum
1402 514 1634 581 jussisse
1682 524 1742 570 ut
1786 518 1992 584 ederet,
2031 521 2179 574 illum
2216 534 2343 574 vero
2372 522 2417 577 Α
2449 518 2619 588 ipsius
2650 518 2854 572 malitia
2886 533 2989 571 una
3020 530 3142 572 cum
3172 518 3290 588 ipso
3325 520 3667 585 immortalis,
3698 519 4005 591 cnjusmodi

781 620 889 657 non
916 604 1133 670 edisse;
1166 614 1217 658 et
1252 606 1417 657 Deum
1455 609 1687 661 vetuisse
1720 622 1785 659 ne
1813 613 2012 674 ederet,
2042 612 2133 665 sed
2164 622 2340 667 tamen

780 696 932 748 illum
984 697 1198 757 edisse;
1259 710 1353 762 par
1422 697 1562 749 enim
1632 698 1838 754 violata:
1904 703 2033 770 legis
2081 704 2237 771 culpa
2292 706 2342 759 in

782 788 991 842 utrovis
1023 787 1201 838 futura
1248 796 1380 840 erat.
1432 786 1602 855 Igitur
1653 804 1757 842 non
1789 807 1854 844 eo
1880 794 2156 861 spectabat
2205 795 2344 851 Deus

782 880 909 931 dum
958 879 1129 947 legem
1165 878 1449 937 conderet,
1496 879 1752 935 ederctne
1796 883 1883 937 ille
1928 899 2108 939 annon
2165 889 2346 942 ederet

779 984 942 1036 quem
988 969 1195 1022 arbitrii
1229 969 1472 1022 libertate
1504 970 1751 1036 donarat,
1778 976 1869 1028 sed
1899 977 2227 1038 observaret,
2252 994 2344 1031 au—

782 1076 892 1113 non
943 1060 1253 1113 observaret
1320 1060 1486 1127 legem
1541 1078 1700 1129 quam
1755 1064 1911 1127 liberi
1971 1069 2089 1136 ejus
2136 1070 2343 1124 arbitrii

782 1150 1063 1203 materiem
1113 1162 1235 1201 esse
1270 1150 1530 1203 voluerat.
1571 1151 1852 1221 Simulque
1882 1172 1947 1207 eo
1974 1159 2133 1211 etiam
2178 1160 2347 1227 perti-

783 1238 947 1289 nebat
992 1235 1125 1305 legis
1166 1239 1501 1299 ceustitutio,
1548 1249 1603 1293 ut
1648 1242 1969 1312 intelligeret
2013 1248 2250 1303 Adamus
2292 1265 2349 1305 se

784 1326 853 1379 ab
885 1326 993 1379 alio
1024 1328 1323 1389 conditum,
1355 1329 1511 1397 eique
1553 1345 1649 1385 suo
1681 1333 1977 1397 Couditori,
2012 1347 2069 1390 ut
2099 1337 2345 1403 Domino,

782 1418 1091 1485 subjectum
1134 1433 1191 1470 se
1230 1432 1368 1471 esse.
1414 1422 1515 1475 Sed
1565 1438 1726 1491 supra
1776 1441 1804 1478 a
1855 1428 2032 1491 nobis,
2078 1430 2159 1484 ba:
2191 1441 2349 1500 atque

784 1509 902 1561 alim
930 1509 1160 1562 ferendae
1187 1510 1317 1579 legis
1344 1526 1519 1565 causa:
1544 1515 1675 1568 satis
1705 1525 1943 1571 tractatze
1965 1522 2349 1592 explicata-que

781 1609 933 1655 sunt.
972 1599 1051 1651 Ad
1100 1599 1222 1663 hoc,
1265 1602 1356 1669 qui
1406 1614 1576 1668 potest
1605 1608 1910 1663 verosimile
1955 1613 2142 1675 videri,
2184 1614 2347 1669 Deum

787 1692 997 1743 Adamo
1030 1705 1155 1744 esca
1195 1692 1279 1744 illa
1320 1693 1663 1748 interdixisse
1699 1714 1763 1750 ne
1802 1701 1922 1754 inde
1954 1703 2078 1755 boni
2118 1706 2349 1771 malique

786 1781 966 1835 sciens
1000 1782 1146 1834 tieret
1183 1799 1196 1833 :
1229 1780 1569 1851 alterumque
1600 1788 1869 1855 amplecti,
1902 1790 2084 1858 fugere
2119 1794 2347 1847 alterum

784 1880 988 1936 nosset,
1022 1873 1238 1939 quando
1287 1874 1433 1926 nulla
1462 1875 1509 1929 ei
1538 1878 1716 1930 arbori
1748 1879 1824 1933 vis
1864 1880 2040 1936 inerat
2076 1900 2195 1953 qua=
2227 1886 2349 1940 boui
2389 1873 2426 1906 ’⁵

785 1959 1025 2028 malique
1070 1960 1396 2025 dijudicandi
1447 1963 1671 2018 scientia
1722 1968 1945 2023 edentes
1988 1971 2347 2027 informaret:

785 2049 897 2101 imo
929 2065 1057 2104 vero
1100 2051 1210 2117 jam
1252 2062 1362 2105 tuin
1396 2053 1514 2121 ejus
1560 2056 1752 2122 judicii
1804 2074 1997 2126 expers
2040 2064 2208 2117 Adam
2252 2068 2351 2119 mi-

786 2139 935 2192 nime
989 2152 1133 2194 esset
1181 2143 1401 2211 (quippe
1448 2145 1532 2197 lex
1584 2147 1651 2200 iis
1699 2163 1803 2200 non
1854 2154 2222 2217 przescribitur
2258 2158 2351 2226 qui

790 2229 991 2281 malum
1026 2244 1054 2282 a
1092 2231 1235 2283 bono
1266 2248 1551 2287 secernere
1588 2253 1694 2290 non
1729 2252 1953 2307 queunt,
1986 2246 2078 2297 sed
2108 2247 2200 2315 qui
2232 2258 2353 2303 ante

788 2319 943 2386 probi
1018 2322 1402 2392 improbique,
1472 2326 1812 2385 discernendi
1874 2334 2087 2402 judicio
2152 2342 2353 2406 prtediti

788 2410 934 2477 sunt)
984 2410 1126 2464 sicut
1174 2414 1387 2477 oculus,
1422 2419 1670 2483 quamvis
1724 2435 1828 2473 non
1882 2438 1979 2477 usu
2032 2436 2191 2494 atque
2231 2428 2353 2481 fun-

786 2501 990 2561 ctione,
1045 2517 1100 2555 re
1151 2512 1327 2556 tamen
1382 2506 1531 2573 ipsa,
1582 2517 1693 2561 tum
1746 2512 1976 2578 visione,
2032 2526 2142 2570 tum
2196 2522 2357 2574 rebus

789 2592 1217 2659 aspectabilibus
1245 2596 1393 2663 prior
1418 2608 1498 2652 est
1528 2616 1540 2651 :
1571 2614 1691 2668 qua:
1714 2618 1876 2671 supra
1903 2622 2119 2675 quoque
2145 2625 2173 2663 a
2203 2612 2357 2665 nobis

792 2693 919 2739 sunt
965 2696 1211 2742 tractata.
1259 2690 1325 2743 At
1357 2706 1484 2746 vero
1513 2694 1633 2749 ideo
1678 2697 1827 2751 illum
1875 2699 2038 2767 jussit
2069 2704 2136 2757 ab
2165 2708 2359 2761 arbore

790 2777 1064 2831 abstinere
1106 2791 1165 2833 ut
1197 2785 1450 2836 evaderet
1492 2784 1835 2852 immortalis,
1871 2804 2162 2864 ageretque
2196 2800 2357 2851 vitam

789 2881 1106 2937 perpetuam
1138 2890 1151 2925 :
1188 2872 1286 2926 hoc
1319 2876 1461 2929 cnim
1498 2879 1699 2932 donum
1738 2898 1765 2935 a
1796 2884 1974 2939 divina
2016 2889 2185 2955 gratia
2214 2901 2358 2944 retu-

791 2957 966 3013 lisset.
1001 2960 1068 3013 At
1104 2960 1247 3015 enim
1297 2962 1461 3016 Deum
1497 2982 1600 3019 non
1645 2969 1947 3037 improbum
1988 2989 2084 3041 pro
2121 2976 2359 3031 Simonis

790 3049 1102 3114 calumniis,
1147 3052 1241 3105 sed
1291 3054 1490 3107 bonurn
1533 3056 1933 3129 benignumque
1982 3073 2171 3117 natura
2219 3082 2358 3129 esse,

793 3140 878 3193 his
905 3140 1176 3209 colligitur
1209 3147 1581 3213 argumentis;
1622 3150 1861 3204 condidit
1894 3154 2036 3206 enim
2070 3157 2356 3224 Adamum,

791 3242 917 3279 cum
952 3237 1076 3280 ante
1111 3245 1286 3299 neque
1333 3232 1423 3286 ille
1457 3236 1767 3302 exsisteret,
1817 3257 1989 3309 neque
2034 3246 2174 3299 alius
2207 3249 2358 3313 quis-

794 3316 958 3385 piam,
988 3318 1079 3387 qui
1128 3322 1303 3387 ipsum
1347 3323 1412 3374 ad
1456 3324 1605 3378 illum
1640 3330 2000 3393 eoudendum,
2032 3335 2116 3387 vel
2145 3336 2356 3391 hortatu

794 3409 878 3461 vtl
920 3410 1166 3477 pi'CL‘li-da
1204 3428 1337 3463 inor:
1363 3423 1475 3479 rut;
1511 3416 1687 3471 adhuc
1716 3422 1946 3475 contulit
1977 3422 2048 3475 illi
2079 3425 2359 3494 imperium

796 3502 847 3553 in
904 3502 1075 3568 pisces
1128 3506 1292 3557 maris
1342 3514 1393 3555 tt
1447 3507 1690 3562 volucres
1744 3512 1906 3574 cmli;
1958 3513 2178 3583 insuper
2228 3520 2363 3587 bene

793 3602 1047 3660 precatus
1089 3603 1170 3646 νει
1218 3596 1341 3661 ipsi,
1395 3607 1451 3649 ut
1495 3611 1765 3653 cresceret
1815 3618 2147 3673 numeroque
2198 3623 2360 3674 auge-

790 3696 995 3739 sceret.
1040 3685 1303 3739 Pralterea
1347 3689 1489 3741 dedit
1540 3691 1612 3743 illi
1652 3709 1867 3747 omnem
1920 3694 2141 3750 herbam
2186 3699 2363 3768 profc-

796 3787 1002 3830 rentem
1035 3792 1242 3839 seziieu,
1271 3790 1322 3833 et
1349 3795 1564 3833 omnem
1594 3785 1842 3837 arborem
1876 3786 2233 3853 lructiferam,
2266 3806 2364 3859 pro

792 3868 943 3922 cibo.
972 3867 1212 3938 Denique
1241 3886 1341 3924 nos
1376 3873 1519 3941 ipsos
1547 3877 1710 3929 etiam
1755 3893 1898 3931 nunc
1926 3889 1979 3932 et
2008 3882 2051 3933 si
2081 3896 2366 3949 peccemus

797 3969 961 4029 atque
996 3962 1284 4017 adversum
1337 3965 1508 4031 ipsius
1557 3968 1808 4021 mandata
1862 3970 2146 4037 faciamus,
2186 3982 2363 4027 tamen

796 4068 907 4107 non
954 4056 1115 4107 modo
1169 4058 1399 4110 suslinet
1450 4074 1626 4127 neque
1676 4062 1845 4115 nostri
1880 4063 2239 4128 obliviscitur,
2275 4067 2364 4118 sed

796 4145 962 4198 etiam
989 4155 1292 4209 conservat,
1325 4149 1511 4215 pascit,
1542 4150 1830 4214 gubernat,
1860 4163 1911 4204 ct
1942 4155 2164 4206 omnino
2198 4157 2364 4208 nostri

798 4252 989 4291 curam
1019 4241 1176 4303 gerit.
1209 4237 1349 4292 Sunt
1375 4256 1538 4308 porro
1566 4242 1670 4294 alia
1705 4243 1935 4310 plurima
1962 4259 2083 4312 qua!
2110 4254 2367 4297 testentur

798 4331 972 4383 Deum
1020 4339 1210 4383 natura
1265 4330 1465 4383 bonum
1514 4347 1653 4393 esse,
1704 4342 1866 4400 atque
1902 4348 1966 4385 ex
2006 4349 2151 4387 mera
2199 4336 2367 4404 gratia

798 4421 1067 4473 Adamum
1118 4430 1451 4489 carterasque
1497 4437 1583 4474 res
1630 4423 1893 4476 etfecisse.
1944 4422 2155 4492 Pugnat
2206 4440 2367 4494 porro

2444 618 2525 662 est
2556 609 2751 663 diaboli
2803 610 3061 678 pravitas.
3112 610 3287 676 Atque
3334 609 3433 664 hoc
3469 611 3538 663 ita
3576 625 3633 664 se
3677 611 3877 665 habere
3926 613 4009 664 vel

2446 702 2570 756 inde
2601 712 2808 755 certum
2840 709 2944 765 est,
2981 700 3121 769 quod
3156 701 3284 753 olim
3333 716 3691 755 concessurus
3726 714 3807 754 est
3854 702 4010 753 nobis

2444 791 2608 845 vitam
2655 802 2972 860 perpetuam
3015 792 3064 843 in
3106 791 3287 844 futuro
3317 793 3536 853 sarculo,
3574 793 3736 845 nullis
3772 792 4011 858 peccatis

2445 891 2537 936 aut
2576 883 2781 936 delictis
2820 882 3134 943 obnoxiam,
3164 880 3257 934 sed
3297 882 3639 949 sempiternis
3709 894 3870 949 atque
3906 886 4010 934 im-

2446 973 2763 1027 mortalibus
2793 972 3000 1025 deliciis
3028 972 3260 1039 plenam.
3294 970 3504 1025 Rursus
3528 973 3608 1025 sic
3634 975 3811 1038 arguit
3841 973 4009 1024 Deum

2448 1063 2587 1116 idem
2637 1064 2823 1116 Simon
2875 1062 3081 1129 Magus.
3112 1063 3227 1128 Qua
3273 1065 3489 1117 tandem
3539 1064 3769 1121 ratione,
3814 1066 4010 1130 itiqui',

2446 1165 2755 1207 exsecratus
2809 1162 2891 1206 est
2953 1154 3092 1205 Deus
3160 1164 3459 1223 serpentem
3506 1157 3528 1208 ?
3562 1155 3691 1207 Nam
3724 1157 3764 1207 si
3800 1166 3855 1207 ut
3886 1171 4011 1208 eum

2447 1248 2539 1313 qui
2582 1246 2837 1298 damnum
2887 1245 3128 1308 dederat,
3173 1263 3272 1299 cur
3308 1264 3411 1300 non
3450 1248 3692 1301 coercuit
3730 1264 3795 1300 ne
3834 1248 4008 1311 daret,

2451 1339 2551 1391 boc
2579 1347 2682 1403 est,
2714 1353 2779 1391 ne
2830 1336 3105 1390 seduceret
3150 1338 3458 1391 Adamum?
3497 1338 3550 1391 Si
3600 1354 3727 1391 vero
3759 1353 3855 1391 ceu
3886 1353 4011 1390 eum

2448 1429 2540 1496 qui
2591 1430 2873 1481 utilitatem
2910 1428 3183 1489 attulerat,
3215 1430 3412 1496 quippe
3454 1430 3541 1498 qui
3585 1428 3791 1481 Adamo
3822 1442 4014 1482 aiicfor

2452 1517 2627 1569 fuerat
2658 1528 2716 1569 ut
2740 1517 2806 1569 de
2835 1517 2969 1569 bona
3008 1518 3095 1571 illa
3124 1518 3316 1571 arbore
3346 1520 3680 1585 ederet,sane
3709 1520 4015 1587 improbum

2450 1620 2610 1675 atque
2663 1607 2901 1659 invidum
2954 1608 3120 1662 fuisse
3168 1608 3318 1661 illum
3354 1624 3575 1663 necesse
3620 1621 3737 1673 est;
3783 1609 4019 1676 denique

2451 1715 2572 1754 cum
2622 1709 2859 1751 neutram
2894 1698 3084 1749 harum
3134 1714 3417 1755 causarum
3470 1700 3712 1759 haberet.
3749 1701 3896 1752 illum
3933 1709 4016 1752 est

2453 1787 2776 1851 detestatus,
2816 1800 2877 1838 ac
2931 1786 3155 1853 proinde
3206 1802 3339 1841 sane
3386 1789 3666 1857 imperitia:
3714 1798 3874 1857 atque
3921 1801 4018 1839 ve-

2455 1880 2652 1931 cordia:
2704 1882 2894 1931 merlto
2936 1881 3254 1931 accusetur!
3308 1879 3384 1931 Ad
3437 1881 3549 1934 luce
3597 1880 4019 1948 respondemus,

2458 1969 2623 2022 Deum
2675 1980 3017 2022 exsecratum
3088 1984 3208 2021 esse
3271 1979 3573 2039 serpentem
3629 1981 3683 2023 ut
3737 1971 3810 2024 rei
3867 1970 4025 2022 mala:

2456 2070 2753 2121 auctorem,
2788 2067 2841 2111 et
2875 2069 3051 2112 tamen
3091 2075 3192 2111 non
3240 2062 3546 2115 coercuisse
3592 2061 4020 2120 machinantem,

2456 2152 2549 2221 qui
2582 2166 2639 2206 se
2667 2152 2871 2219 alioqui
2903 2152 2993 2220 qui
3041 2169 3145 2203 non
3188 2153 3407 2216 latebat,
3444 2154 3629 2206 eadem
3681 2135 4025 2220 rationequa

2459 2258 2630 2310 neque
2662 2243 2819 2296 hodie
2853 2258 2949 2295 eos
2981 2243 3194 2296 cohibet
3221 2244 3310 2311 qui
3347 2244 3606 2312 improbis
3639 2246 3797 2296 rebus
3830 2245 4024 2295 intenti

2458 2342 2606 2398 sunt,
2642 2349 2708 2387 ne
2754 2349 2846 2387 eas
2878 2340 3123 2401 patrent;
3161 2344 3273 2387 tum
3306 2335 3492 2396 etiam,
3540 2350 3605 2387 ne
3636 2350 3695 2387 ea
3735 2351 3790 2387 re
3823 2335 4027 2387 diaboli

2464 2424 2768 2477 libertatem
2805 2424 3110 2492 impediret,
3146 2426 3235 2493 qui
3272 2441 3365 2493 per
3397 2437 3700 2495 serpentem
3741 2428 3901 2479 verba
3941 2426 4027 2479 fa-

2458 2514 2666 2576 ciebat;
2712 2514 2943 2580 denique
2992 2522 3048 2565 ut
3080 2515 3376 2581 pericuium
3413 2514 3559 2567 ﬁeret
3591 2516 3657 2566 de
3700 2514 3907 2565 Adamn
3942 2513 4027 2581 ip-

2459 2606 2679 2673 siusque
2716 2605 2882 2658 libero
2918 2605 3166 2667 arbitrio,
3200 2622 3260 2658 ea
3313 2621 3487 2671 pugna
3530 2616 3691 2674 atque
3734 2604 4031 2657 certamine

2461 2698 2512 2749 in
2544 2713 2652 2763 quo
2699 2697 2805 2749 illic
2856 2698 3188 2749 versabatur.
3232 2698 3511 2752 Postmqu
3548 2698 3591 2750 si
3628 2697 3900 2764 serpentis
3936 2710 4033 2747 co-

2462 2796 2646 2840 natum
2687 2789 3054 2856 impcdivisset
3094 2789 3252 2847 Deus,
3290 2792 3413 2843 data
3463 2790 3654 2843 luisset
3707 2790 4032 2841 mortalibus

2462 2880 2735 2945 qumrcnu'i
2769 2895 2931 2945 ansa;
2960 2882 3221 2933 dixissent
3248 2884 3391 2935 enim
3452 2882 3617 2933 Deum
3649 2897 3743 2949 per
3770 2882 4027 2932 invidiam

2462 2969 2790 3021 abstinuisse
2814 2971 3080 3023 Adamum
3106 2986 3133 3023 a
3160 2972 3335 3025 brevis
3360 2973 3666 3024 tentationis
3692 2969 4034 3039 periculique

2464 3070 2757 3122 momento,
2792 3077 2857 3113 ne
2886 3076 2949 3114 eo
2981 3072 3235 3129 superato
3262 3063 3426 3115 vitam
3460 3064 3853 3130 adipisceretur
3884 3078 4030 3113 sem-

2388 3185 2431 3241 C
2465 3158 2766 3220 piternain;
2818 3171 2989 3223 neque
3024 3158 3166 3208 enim
3221 3157 3391 3224 ipsum
3448 3157 3714 3226 serpentis
3749 3156 3950 3214 verbis.
3988 3155 4036 3208 si

2416 3225 2431 3244 ⁸
2466 3242 2680 3293 fallendi
2713 3258 2934 3295 causam
2987 3244 3135 3295 illum
3175 3246 3399 3298 adortus
3446 3257 3607 3309 esset,
3641 3259 4035 3299 conccSSiirum

2462 3332 2650 3385 fuisse.
2704 3333 2870 3387 Porro
2913 3335 2979 3387 de
3030 3334 3251 3388 Simone
3305 3336 3454 3405 Mago
3492 3338 3620 3389 illud
3666 3338 3811 3389 scire
3857 3351 4037 3405 operat

2464 3426 2695 3493 pretium
2742 3434 2845 3489 est,
2896 3441 3016 3481 esse
3065 3429 3156 3495 qui
3209 3429 3414 3490 dicant,
3471 3430 3641 3496 ipsum
3691 3429 3744 3480 in
3798 3429 4036 3494 speciem

2465 3516 2681 3583 quidem
2721 3517 3021 3570 assensisse
3071 3516 3233 3569 Musis
3271 3518 3393 3585 legi,
3446 3520 3536 3570 sed
3591 3518 3769 3583 plures
3819 3517 4039 3568 interim

2465 3608 2593 3658 deos
2628 3607 2894 3673 posuisse,
2949 3622 3178 3675 quorum
3218 3624 3358 3661 unus
3408 3609 3475 3661 sit
3524 3608 3824 3660 imbecillus
3875 3620 4041 3673 atque

2466 3696 2763 3763 impotens,
2816 3698 2860 3750 is
2913 3699 3002 3765 qui
3052 3700 3315 3752 Adamum
3373 3699 3525 3751 limit
3577 3699 3847 3766 fecitque;
3905 3701 4043 3750 alter

2466 3803 2594 3840 vero
2646 3788 2747 3842 hoc
2794 3796 3063 3857 superior,
3105 3791 3297 3857 major,
3334 3793 3622 3857 potentior.
3661 3792 3807 3841 Alios
3855 3801 4041 3840 autem

2468 3888 2657 3945 pinare
2688 3878 2926 3931 Simonis
2961 3879 3096 3948 Magi
3130 3882 3453 3933 sententiam
3487 3880 3676 3940 fuisse,
3712 3882 3979 3931 mundum
4014 3893 4044 3931 a

2468 3969 2603 4021 mula
2632 3984 2794 4022 causa
2820 3979 2998 4023 ortum
3026 3986 3176 4036 esse;
3208 3983 3370 4039 atque
3396 3972 3516 4023 ideo
3545 3971 3693 4023 illum
3724 3970 4044 4037 bujusmo.’.i

2468 4058 2698 4111 absurda
2754 4060 3036 4128 turpiaque
3080 4062 3224 4114 dictu
3278 4062 3599 4129 collegisse,
3650 4062 3846 4129 quibus
3898 4060 4044 4127 apud

2468 4161 2560 4198 cos
2613 4148 2703 4213 qui
2758 4148 2809 4198 in
2862 4163 2985 4199 vera
3045 4149 3145 4201 Iide
3194 4150 3473 4209 durarent,
3528 4147 3712 4200 mundi
3758 4160 4043 4199 auctorem

2470 4238 2638 4291 Deum
2683 4238 3018 4306 suggillaret.
3055 4238 3345 4306 Propterea
3378 4253 3665 4305 corporum
3703 4252 3921 4304 quoque
3954 4251 4042 4289 re-

2470 4330 2858 4383 surrectionem
2919 4331 3119 4396 perlide
3174 4331 3321 4383 illum
3382 4343 3626 4393 negasse.
3678 4328 3875 4382 Verum
3931 4329 4047 4380 hzec

2472 4422 2651 4473 omnia
2677 4437 2741 4474 ex
2770 4435 2836 4473 eo
2866 4420 3013 4473 libro
3047 4422 3298 4489 cognosci
3332 4429 3581 4488 possunt,
3610 4435 3769 4488 quem
3798 4419 3867 4470 de
3900 4421 4045 4471 mul-

797 4510 989 4565 Simon
1026 4509 1214 4580 Magus
1246 4516 1507 4565 adversus
1547 4510 1735 4573 Deum,
1765 4514 1926 4565 etiam
1966 4512 2066 4565 bac
2100 4514 2183 4566 via
2220 4532 2233 4566 :
2271 4513 2369 4565 Per
2401 4518 2443 4571 D
2472 4515 2700 4567 titudine
2729 4513 3141 4580 dilferentiaque
3171 4520 3438 4564 sectarum
3473 4510 3923 4577 conscripsimus.

800 4602 1083 4664 invidiam,
1112 4602 1305 4669 inquit,
1336 4602 1612 4669 prohibuit
1638 4602 1903 4655 Adamum
1933 4604 2002 4656 ab
2030 4604 2224 4657 arbore
2250 4604 2372 4658 vita:

802 4692 1089 4760 gustanda,
1138 4706 1327 4758 nempe
1360 4707 1425 4745 ne
1474 4692 1799 4744 immortalis
1835 4695 2007 4749 lieret.
2043 4695 2201 4761 Atqui
2234 4695 2277 4747 si
2308 4708 2369 4748 ea

803 4780 1004 4833 invidia
1067 4780 1368 4833 laborasset
1422 4780 1566 4834 Deus
1609 4796 1835 4849 prorsus
1903 4786 1971 4836 ab
2027 4784 2205 4847 initio,
2262 4800 2369 4837 non

803 4872 1102 4923 creavisset
1133 4870 1424 4924 Adamum.
1471 4869 1656 4938 Neque
1689 4872 1835 4924 enim
1871 4872 1977 4925 ulla
2012 4887 2136 4925 eum
2184 4872 2262 4927 vis
2305 4872 2372 4925 ad

805 4960 1097 5013 creandum
1138 4962 1286 5014 illum
1340 4961 1575 5030 impulit,
1622 4962 1715 5015 sed
1760 4978 1858 5016 sua
1906 4964 2201 5027 voluntate,
2250 4980 2373 5031 gra-

807 5051 950 5105 tuito
978 5054 1124 5106 illum
1152 5054 1422 5116 condidit;
1449 5054 1648 5119 adhoc,
1675 5055 1985 5121 paradisum
2017 5055 2161 5107 illius
2187 5070 2373 5119 causa,

808 5145 916 5196 hoc
961 5153 1074 5205 est,
1123 5152 1183 5195 ut
1230 5145 1280 5196 in
1332 5158 1397 5197 eo
1450 5144 1537 5196 ille
1576 5154 1637 5213 _et
1688 5146 1954 5198 habitaret
2002 5156 2055 5199 ct
2103 5147 2376 5214 voluptate

810 5234 1105 5296 frueretur,
1157 5249 1261 5286 non
1315 5233 1529 5289 fecisset
1578 5237 1623 5289 si
1681 5237 1983 5300 invidisset,
2041 5246 2133 5290 aut
2180 5239 2373 5289 saltem

812 5325 987 5393 ipsam
1014 5324 1137 5378 vita:
1169 5326 1417 5379 arborem
1464 5342 1622 5395 quam
1658 5328 1731 5379 illi
1766 5328 2065 5391 invidisset,
2100 5342 2205 5381 non
2253 5344 2377 5396 pro-

813 5425 1054 5469 creasset
1082 5417 1133 5467 in
1167 5417 1449 5484 paradiso;
1489 5432 1660 5486 neque
1686 5426 1838 5471 tanto
1868 5419 2028 5472 etiam
2063 5420 2292 5487 imperio
2324 5419 2376 5472 in

816 5507 1018 5577 pisces,
1043 5508 1306 5570 volucres,
1336 5509 1598 5573 iumenta,
1624 5510 1764 5564 feras
1789 5510 1937 5565 illum
1962 5510 2376 5579 ampliﬁcasset;

819 5596 1055 5667 denique
1100 5614 1201 5652 non
1234 5600 1566 5655 condidisset
1608 5601 1754 5655 illum
1802 5602 1867 5654 ad
1904 5616 2056 5655 suam
2090 5603 2375 5671 imaginem

819 5697 869 5741 ct
903 5688 1305 5744 similitudinem
1342 5708 1353 5743 :
1388 5692 1480 5745 sed
1514 5706 1576 5745 ea
1620 5693 1686 5747 de
1728 5708 1892 5747 causa
1923 5694 1991 5746 ab
2024 5696 2215 5747 arbore
2261 5694 2380 5748 vitae

825 5782 1085 5847 eacrcuit,
1115 5798 1179 5837 ne
1213 5792 1471 5853 perpetuo
1509 5785 1708 5840 viveret
1745 5786 1794 5838 in
1844 5795 2085 5854 peccato,
2132 5796 2381 5855 essetque

3090 4644 3317 4700 CAPUT
3358 4643 3424 4699 ll.

2480 4780 2806 4847 Objectiones
2843 4780 2990 4846 impii
3032 4777 3278 4839 Manetia,
3323 4788 3374 4830 et
3402 4776 3516 4844 ejus
3561 4786 3715 4830 rectm
3747 4776 4045 4828 hominum.

2547 4870 2729 4922 Manes
2768 4869 2931 4921 homo
2969 4866 3431 4935 improbissimus,
3458 4875 3513 4919 et
3542 4866 3633 4934 qui
3665 4880 3788 4918 eum
3822 4875 4049 4919 sectan-

2478 4969 2588 5024 tur,
2612 4962 2802 5012 dicuut
2831 4961 3000 5026 legem
3030 4958 3236 5011 Adatno
3261 4956 3577 5024 imperatam
3608 4956 3855 5023 plurimis
3883 4959 4049 5009 rebus

2476 5051 2727 5105 absurdis
2784 5052 2996 5119 plenam
3032 5064 3173 5111 esse,
3207 5057 3368 5117 atque
3412 5048 3537 5101 inde
3580 5048 3747 5100 multa
3782 5047 4047 5114 suppedi-

2478 5142 2637 5195 ditari
2707 5150 3021 5210 argumenta
3075 5141 3272 5208 quibus
3338 5139 3531 5192 merito
3580 5148 3867 5192 accusetur
3932 5139 4050 5205 ipse

2478 5234 2777 5302 legislator.
2828 5233 2987 5287 Verbi
3036 5234 3230 5301 gratia,
3258 5233 3423 5301 jussit
3467 5231 3733 5282 Adainum
3769 5230 4051 5281 abstinere

2482 5327 2549 5378 ab
2590 5326 2783 5378 arbore
2818 5324 3056 5379 scientia:
3103 5323 3228 5377 boni
3257 5331 3311 5375 et
3344 5322 3489 5383 mali,
3522 5322 3759 5374 minatus
3811 5332 4050 5373 mortem

2481 5430 2588 5483 quo
2637 5418 2724 5469 die
2772 5416 2915 5470 illius
2964 5416 3138 5467 lructu
3189 5421 3535 5475 vesceretur;
3586 5410 3728 5479 quod
3777 5410 4050 5473 ediezum,

2484 5506 2675 5559 harum
2722 5521 2899 5559 rerum
2944 5507 3185 5557 omnium
3230 5503 3407 5569 arguit
3454 5501 3618 5554 Deum
3667 5518 3679 5553 :
3720 5500 4051 5562 inscientize,

2482 5598 2817 5661 Iracundize,
2878 5596 3246 5665 paenitentize,
3308 5593 3571 5646 mendacii
3640 5590 3893 5658 denique.
3956 5590 4053 5643 ln-

2482 5690 2722 5745 scientia:
2764 5689 3021 5757 quidem,
3069 5687 3210 5756 quod
3263 5686 3431 5755 legem
3486 5684 3829 5753 imperaverit
3879 5699 4048 5751 quam

2486 5784 2687 5851 putarit
2736 5780 3150 5843 observandam,
3201 5792 3261 5831 ca
3300 5792 3426 5831 vero
3462 5779 3744 5831 observata
3795 5792 3902 5828 non
3955 5778 4049 5829 sit.
