4202 6430
159 385 251 446 597
1253 379 1348 437 DE
1390 376 1786 437 l’AltADiS-t).
1833 400 1899 409 --
1947 378 2136 436 PARS
2179 378 2293 438 lll.
3304 392 3405 453 593

160 495 480 557 lraruudiae,
518 494 661 563 quod
714 506 835 546 eum
872 492 966 560 qui
1014 497 1199 545 contra
1252 506 1405 544 suam
1444 492 1612 560 legem
1653 490 1729 543 fe-
1758 494 1805 550 Α
1834 484 1953 541 Non
1983 488 2145 556 igitur
2169 487 2326 539 latam
2354 502 2378 541 ιι
2403 504 2458 543 se
2484 494 2803 547 sententiam
2828 496 3089 551 adversus
3114 501 3397 566 Adamnan,

160 589 344 649 cisset,
378 598 475 654 per
519 585 656 638 iram
708 582 1175 637 comlemnaverit.
1215 580 1574 645 l‘trnitentite,
1605 582 1729 648 quia

158 681 320 730 latam
362 676 711 735 sententiam.
764 687 859 741 per
896 671 1325 725 misericordiam
1378 672 1458 739 (ut
1508 687 1603 723 vos
1651 673 1734 724 di-

157 768 310 829 citis,
370 768 581 834 inquit,
638 764 853 828 Manes)
905 764 1115 817 irritam
1170 762 1439 815 habuerit.
1497 764 1735 831 Denique

160 860 467 923 mendacii,
517 858 645 927 quia
694 865 921 909 mortem
973 870 1083 908 non
1129 854 1447 923 appetiverit
1496 854 1739 909 Adamus

158 965 264 1017 quo
296 951 385 1003 die
416 950 529 1002 edit
560 950 625 1002 de
654 949 741 1001 illa
771 948 984 1002 arbore.
1016 947 1321 1001 Adversum
1368 949 1480 1001 haec
1511 962 1741 1015 respon-

160 1039 375 1103 demus,
412 1038 583 1092 Deum
619 1039 916 1091 inscientia:
945 1037 1153 1106 culpari
1187 1053 1293 1091 non
1332 1052 1512 1106 posse,
1542 1040 1639 1109 qui
1672 1041 1740 1092 ab

158 1138 363 1183 arterno
406 1129 591 1183 omnia
629 1130 777 1182 novit
809 1130 961 1198 prius
993 1144 1154 1197 quam
1200 1129 1365 1193 ﬁant;
1411 1142 1474 1183 ac
1509 1130 1739 1197 proinde

156 1222 286 1273 illud
344 1220 511 1274 etiam
562 1221 704 1274 clare
754 1221 1051 1291 prmscivit,
1098 1221 1403 1282 Adamum.
1455 1236 1581 1289 quae
1628 1223 1741 1291 ipse

157 1311 526 1380 Imperaturus
569 1320 731 1374 esset,
790 1326 851 1365 ea
906 1326 1013 1365 non
1052 1310 1347 1364 facturum.
1394 1310 1508 1367 Nec
1560 1322 1738 1367 tamen

158 1402 275 1454 ideo
320 1418 430 1454 non
463 1401 766 1470 imperavit,
798 1402 925 1471 quia
956 1401 1108 1455 illum
1142 1401 1445 1469 pariturum
1480 1419 1587 1457 non
1618 1418 1740 1457 esse

156 1492 472 1559 prmscivit;
529 1503 956 1545 consentaneum
1010 1491 1152 1543 enim
1210 1500 1365 1560 erat,
1424 1502 1483 1547 ut
1539 1494 1738 1546 nihilo-

161 1581 348 1634 minus
415 1582 494 1635 illi
552 1582 925 1650 prmscriberet
991 1581 1207 1650 legem,
1276 1593 1329 1637 et
1382 1584 1599 1653 quidem
1669 1583 1737 1636 ob

158 1673 359 1726 multas
396 1687 613 1727 causas.
657 1672 895 1726 Primum
944 1684 1001 1726 ut
1043 1682 1323 1728 constaret
1366 1690 1483 1730 esse
1515 1676 1606 1744 qui
1642 1677 1738 1730 do-

156 1764 459 1817 minatione
500 1772 874 1833 potestateqne
909 1779 1089 1818 rerum
1140 1766 1408 1833 potiretur
1452 1766 1557 1837 (est
1591 1769 1732 1822 enim

154 1853 523 1919 dominorum,
578 1855 722 1923 leges
771 1857 1036 1924 statuere)
1084 1864 1363 1927 sciretque
1410 1860 1650 1914 Adamus
1683 1870 1735 1914 et

158 1953 371 1997 caetera:
425 1960 509 1998 res
541 1948 790 2012 conditae,
837 1961 896 2001 se
943 1958 1224 2004 creaturas
1271 1964 1392 2004 esse
1434 1959 1486 2003 et
1530 1967 1733 2016 servos,

154 2036 357 2103 quibus
389 2037 567 2092 solent
617 2038 761 2109 leges
808 2040 947 2093 dari.
996 2040 1081 2095 Ad
1134 2042 1258 2105 hoc,
1304 2044 1425 2096 data
1476 2045 1588 2113 lege
1621 2062 1735 2099 eer-

158 2126 352 2179 tiorem
386 2128 621 2182 reddidit
649 2128 794 2184 Deus
822 2130 1094 2183 Adamum
1122 2141 1175 2186 et
1205 2132 1446 2202 reliquos
1478 2137 1735 2189 mortales

161 2219 372 2272 ratione
406 2222 685 2287 prreditos,
714 2237 771 2276 se
802 2223 1013 2276 arbitrii
1045 2225 1298 2279 libertate
1324 2227 1470 2293 ipsos
1501 2228 1736 2281 donaSse

158 2306 286 2360 dum
328 2308 606 2374 conderet,
640 2324 745 2380 qua
781 2310 902 2365 l‘reti
938 2323 1163 2381 possent
1212 2315 1290 2365 vel
1338 2315 1626 2368 observare
1656 2316 1736 2370 vel

161 2398 437 2451 transilire
471 2398 640 2471 legem
672 2403 1062 2469 prmscriptam.
1098 2398 1234 2455 Nam
1266 2403 1312 2457 si
1342 2403 1509 2471 legem
1556 2404 1731 2471 tollas,

160 2490 294 2542 nihil
324 2494 430 2544 erit
462 2494 603 2547 unde
641 2510 758 2547 eam
799 2496 1130 2557 libet-tatem,
1164 2511 1441 2549 summum
1493 2496 1736 2563 profecto

164 2580 254 2633 ltci
285 2586 513 2644 donum,
544 2600 866 2651 cognoscas.
896 2585 1127 2653 Insuper
1161 2586 1266 2651 lex,
1294 2596 1346 2639 et
1368 2588 1411 2638 si
1439 2588 1506 2640 ab
1530 2588 1736 2642 Adamo

163 2672 413 2725 violanda
456 2684 606 2737 crat,
657 2686 834 2729 tanien
879 2676 1029 2730 utilis
1065 2677 1169 2729 fuit
1210 2679 1275 2730 ad
1310 2664 1620 2746 probandos
1649 2694 1737 2733 se-

161 2766 576 2839 gregandosque
645 2770 945 2838 morigeros
998 2787 1026 2823 a
1084 2770 1412 2836 rebellibus,
1476 2772 1650 2827 bonos
1707 2790 1737 2827 a

163 2854 342 2916 malis,
392 2857 597 2911 amicos
645 2859 714 2911 ab
764 2860 1038 2922 hostibus,
1090 2860 1436 2930 aliorumque
1485 2865 1735 2917 virtutem

162 2948 230 2998 ab
262 2946 496 3000 aliorum
536 2951 798 3017 pravitate
844 2970 858 3003 :
898 2968 1131 3019 quorum
1167 2954 1302 3006 nihil
1354 2955 1566 3007 sublata
1598 2956 1734 3024 lege,

163 3041 424 3105 cognosci
476 3042 872 3111 dijudicariqne
918 3061 946 3096 a
1000 3046 1158 3099 nobis
1192 3058 1394 3113 posset.
1443 3045 1561 3099 Jam
1611 3064 1738 3101 vero

162 3133 252 3194 qui
282 3142 565 3185 constaret
590 3133 737 3201 juste
761 3134 883 3187 aliis
912 3138 1193 3202 prmmium
1226 3151 1254 3189 a
1284 3135 1393 3189 Deo
1419 3138 1534 3189 dari
1566 3138 1737 3204 ipsum

162 3222 384 3275 cccleste
442 3238 711 3293 regnum,
781 3226 873 3293 qui
924 3226 1241 3295 obsequiosi
1296 3228 1560 3281 servanda
1623 3230 1738 3297 lege

163 3310 403 3363 cilicium
454 3313 678 3377 colunt,
749 3316 871 3367 aliis
926 3315 1265 3369 calamitates
1318 3318 1509 3369 merito
1570 3317 1661 3369 inﬂ
1686 3320 1735 3385 gi

163 3402 254 3468 qui
285 3401 409 3455 lata:
439 3403 539 3471 legi
574 3420 680 3457 non
718 3414 929 3473 parent,
962 3407 1066 3459 nisi
1098 3407 1180 3459 lex
1214 3418 1363 3460 esset
1401 3409 1553 3459 latzt?
1584 3408 1737 3473 Quod

164 3494 209 3543 si
242 3508 371 3545 vero
404 3493 525 3546 ideo
572 3494 699 3548 ferri
750 3512 857 3549 non
902 3496 1089 3549 debuit
1133 3498 1261 3563 quia
1309 3512 1427 3550 eam
1464 3498 1737 3554 fracturus

163 3594 279 3636 erat
304 3584 543 3639 Adamus
566 3602 688 3639 cunt
717 3601 904 3650 uxore,
928 3587 1071 3641 haud
1097 3602 1229 3641 sane
1252 3597 1401 3642 recte
1425 3593 1737 3660 prrescripta

159 3672 272 3740 jam
304 3672 469 3727 fuerit
502 3675 823 3729 mortalibus
856 3676 975 3729 lidei
1006 3690 1220 3738 norma,
1252 3680 1468 3744 quando
1501 3682 1735 3733 maxima

168 3781 294 3829 pars
324 3766 606 3819 Imminutn
633 3784 750 3821 eant
782 3784 888 3821 non
914 3769 1061 3822 colit.
1090 3767 1392 3831 Postremo,
1423 3771 1736 3839 praescripta

167 3851 285 3919 iege
333 3866 622 3907 mouemur
656 3855 884 3908 alterum
919 3871 1041 3909 esse
1086 3856 1344 3910 saeculum
1391 3857 1443 3909 in
1494 3873 1597 3925 quo
1641 3876 1736 3914 sua

169 3941 415 4005 praemia,
448 3953 504 3995 et
535 3944 601 3996 iis
631 3944 723 4013 qui
756 3944 1147 4013 obtemperant,
1176 3953 1228 3997 et
1258 3945 1323 3998 iis
1352 3944 1445 4014 qui
1479 3946 1737 4001 rebellant

166 4031 279 4084 sint
327 4036 622 4100 prazstituta
662 4050 678 4086 :
715 4035 898 4088 alteris
949 4042 1220 4103 perpetua:
1276 4034 1503 4095 deliciae,
1556 4035 1737 4089 alteris

170 4122 453 4177 cruciatus
506 4114 844 4192 sempiterni.
900 4122 1009 4177 Lex
1064 4124 1209 4177 enim
1264 4125 1461 4186 omnis,
1514 4132 1568 4177 et
1616 4139 1739 4191 pro-

169 4212 340 4266 missa
379 4222 434 4268 ct
475 4215 651 4269 ruinas
698 4230 881 4270 secum
932 4213 1086 4267 adert
1116 4232 1128 4266 :
1164 4225 1221 4267 ut
1253 4214 1361 4277 illa,
1394 4215 1438 4267 si
1474 4224 1735 4279 servetur,

171 4304 278 4367 hac,
321 4303 366 4357 si
411 4303 710 4372 frangatur,
743 4314 939 4373 przesto
980 4304 1109 4357 sint.
1157 4304 1311 4369 Quod
1344 4320 1505 4369 porro
1536 4308 1600 4358 ad
1635 4306 1741 4360 ira-

169 4396 434 4447 cundiam
485 4404 731 4463 speetat,
788 4396 1182 4463 respondemus
1270 4394 1436 4448 Deum
1491 4412 1594 4450 non
1646 4412 1740 4465 per

1838 581 1999 650 quasi
2048 582 2166 649 ejus
2194 581 2525 648 pmnituerit,
2558 584 2823 650 dissolvit,
2856 588 2948 641 sed
2984 604 3077 659 per
3111 608 3260 646 suam
3298 612 3399 647 tnt-

1846 670 2197 722 sericordiatn
2227 679 2386 735 atque
2411 671 2772 736 clementiam,
2798 690 2914 744 qua:
2944 680 3114 747 ipsius
3149 683 3397 749 virtutes,

1846 776 1908 813 ea
1940 775 1993 813 re
2023 770 2147 813 sunt
2183 761 2480 814 luculenter
2514 766 2814 831 patefacta}.
2851 767 2978 820 Nam
3009 773 3206 840 alioqui
3238 776 3398 828 etiam

1843 851 2056 921 quoties
2098 853 2281 906 relicta
2329 854 2601 922 impietate
2636 860 2789 918 redit,
2821 876 2944 913 eum
2977 865 3207 931 excipit;
3243 879 3401 937 atque

1842 960 1963 1013 quae
2009 943 2267 998 adversus
2315 946 2463 999 illum
2515 948 2856 1013 decreverat,
2913 962 3106 1018 mutat,
3151 957 3224 1008 ait
3272 974 3399 1026 pro-

1842 1032 2002 1100 pheta
2054 1030 2407 1086 Jeremias”.
2454 1035 2518 1087 Et
2562 1032 2829 1091 Ninivitas
2875 1041 3039 1095 exitio
3096 1045 3397 1111 damnatos,

1844 1131 1963 1191 post
2010 1137 2171 1192 quam
2221 1137 2622 1182 cotnmutarunt
2670 1131 2867 1193 vitam,
2928 1136 3191 1203 supplicio
3220 1140 3401 1192 ex-ol-

1852 1215 1926 1267 vit
1958 1216 1995 1269 ¹.
2051 1214 2234 1285 Neque
2270 1215 2552 1273 Ezechiam
2584 1222 2649 1277 de
2683 1225 2919 1279 admisso
2960 1241 3179 1296 peccato
3214 1234 3402 1287 dolen-

1843 1315 1971 1369 tem,
2017 1319 2212 1371 morte,
2256 1318 2315 1362 ut
2345 1311 2706 1367 comminatus
2740 1314 2937 1380 fuerat,
2978 1321 3240 1376 multavit.
3288 1325 3403 1378 lmo

1843 1413 1968 1452 vero
2006 1400 2249 1466 quotidie
2298 1401 2481 1456 videre
2515 1414 2621 1467 est,
2667 1407 2814 1461 illum
2862 1426 2970 1465 non
3019 1416 3285 1481 perditum
3323 1418 3401 1472 ire

1838 1504 1932 1544 eos
1962 1491 2056 1560 qui
2102 1494 2219 1549 suis
2251 1496 2519 1551 mandatis
2556 1512 2664 1553 non
2713 1514 2924 1568 parent,
2963 1507 3055 1560 sed
3087 1520 3404 1577 exspectare

1841 1589 1899 1634 ut
1930 1582 2276 1651 resipiscant.
2326 1585 2607 1642 Postremo
2655 1591 2720 1643 ad
2770 1594 3033 1649 mendacii
3078 1598 3402 1655 calumniam

1839 1673 2254 1741 respondemus,
2289 1675 2443 1744 plane
2468 1677 2632 1733 Deum
2661 1682 2946 1736 tnentitum
2976 1699 3081 1739 non
3112 1703 3251 1751 esse,
3278 1706 3399 1744 cum

1837 1764 2029 1829 Adam,
2078 1780 2186 1835 quo
2229 1766 2317 1819 die
2362 1767 2427 1821 de
2473 1769 2632 1823 vetita
2673 1772 2863 1828 arbore
2906 1776 3035 1839 edit,
3072 1792 3138 1831 eo
3173 1788 3401 1833 mortem

1767 1839 1807 1892 Β
1835 1870 2052 1938 quoque
2095 1859 2162 1925 (si
2216 1860 2459 1913 animum
2506 1864 2741 1931 spectes)
2784 1866 3022 1940 .obierit;
3068 1870 3267 1940 quippe
3310 1874 3403 1938 qui

1837 1947 2176 2001 abalienatus
2208 1949 2334 2003 sita
2366 1948 2493 2014 Deo,
2525 1954 2617 2021 qui
2658 1968 2797 2009 unus
2831 1954 2938 2010 vita
2970 1973 3114 2021 vera,
3149 1972 3404 2030 certaque

1837 2046 1955 2101 est;
1988 2047 2101 2090 rata
2130 2039 2290 2106 igitur
2320 2039 2419 2094 fuit
2449 2041 2563 2106 Dei,
2593 2058 2657 2097 eo
2687 2044 2797 2108 die,
2825 2046 3089 2101 adversus
3117 2050 3264 2105 illum
3297 2053 3401 2106 lata

1837 2129 2127 2182 sententia.
2160 2127 2220 2181 Et
2248 2144 2372 2182 vero
2408 2130 2522 2197 ipso
2549 2133 2709 2185 etiam
2742 2148 2992 2202 corpore,
3019 2137 3109 2189 illo
3143 2140 3230 2191 die
3261 2156 3402 2194 mor-

1840 2228 1963 2271 tuus
1992 2229 2075 2272 est
2104 2220 2336 2287 quadam
2371 2221 2659 2275 affectione
2719 2225 3026 2280 turbulenta
3064 2244 3183 2296 qua:
3214 2232 3405 2287 mortis

1838 2319 1981 2363 esset
2012 2311 2247 2364 eliiciens
2278 2328 2291 2364 :
2324 2321 2380 2365 ut
2411 2327 2439 2365 a
2471 2328 2578 2381 quo
2610 2314 2771 2367 simul
2806 2331 3029 2381 prorsus
3060 2321 3405 2376 auferebatur

1840 2400 2263 2456 immortalitatis
2300 2405 2493 2471 gratia,
2547 2420 2610 2459 ac
2659 2407 2885 2474 proinde
2937 2410 3095 2464 morti
3129 2411 3241 2479 jam
3294 2422 3403 2467 tum

1842 2489 2000 2541 tiebat
2031 2490 2320 2554 obnoxius,
2352 2502 2405 2545 et
2457 2494 2681 2548 omnino
2728 2497 2992 2551 mortalis.
3031 2499 3109 2553 Ex
3160 2501 3244 2555 his
3274 2519 3405 2569 ergo

1838 2579 2091 2635 omnibus
2126 2582 2438 2646 coniicitur,
2479 2583 2741 2640 Manetetn
2790 2596 2845 2640 et
2890 2589 3127 2658 reliquos
3169 2592 3288 2660 ejus
3323 2596 3405 2647 fa-

1838 2672 2033 2724 ctionis
2085 2672 2333 2727 homines
2386 2674 2634 2743 improbe
2700 2676 2864 2731 Deum
2915 2682 3171 2749 sugillare
3219 2698 3404 2739 eorum

1840 2759 2167 2823 criminum,
2209 2778 2330 2829 qua:
2364 2763 2475 2831 jam
2517 2766 2776 2824 vidimus.

1911 2848 2119 2905 Rursus
2148 2851 2300 2904 aiunt
2332 2853 2488 2907 iidem
2521 2855 2741 2912 Manetis
2768 2874 3083 2917 asseusores
3112 2880 3127 2917 :
3158 2864 3402 2930 Quanam

1841 2941 2149 3008 prohibitus
2211 2956 2295 2997 est
2342 2944 2583 3001 Adamus
2628 2963 2792 3002 causa
2827 2951 2895 3005 ab
2929 2954 3119 3008 arbore
3162 2959 3404 3011 scientiai

1840 3034 2146 3097 gustanda?
2192 3049 2259 3087 an
2296 3036 2423 3104 quia
2460 3038 2599 3090 mala
2629 3053 2691 3094 ea
2723 3053 2904 3106 esset,
2952 3060 3018 3098 an
3061 3048 3186 3115 quia
3222 3048 3405 3103 bona?

1846 3119 1902 3172 Si
1936 3124 2060 3189 quia
2094 3124 2232 3176 mala
2257 3141 2269 3187 ;
2294 3140 2360 3177 an
2395 3128 2532 3179 mala
2561 3130 2721 3183 arbor
2747 3142 2859 3185 sata
2893 3145 3011 3188 erat
3038 3138 3088 3188 in
3116 3137 3402 3204 paradiso?

1846 3210 1939 3263 Sin
1969 3212 2094 3280 quia
2127 3213 2301 3277 bona;
2328 3230 2420 3283 per
2449 3218 2705 3273 invidiam
2731 3224 3034 3288 prohibitus
3061 3228 3174 3279 est!
3201 3227 3398 3282 Contra

1840 3300 1951 3354 haec
2000 3302 2254 3365 dicimus,
2286 3320 2402 3358 eam
2449 3308 2699 3363 arborem
2749 3324 2939 3381 snapte
2991 3327 3184 3370 natura
3230 3336 3402 3389 neque

1842 3391 2033 3444 bonam
2065 3408 2238 3461 neque
2269 3395 2462 3449 malam
2497 3399 2684 3464 fuisse,
2714 3402 2807 3455 sed
2842 3405 3062 3471 perinde
3091 3419 3253 3477 atque
3287 3412 3402 3477 ipsa

1840 3480 1960 3548 quis
1986 3491 2221 3536 uteretur
2245 3484 2644 3541 abutereturve.
2672 3487 2839 3545 Usum
2890 3503 3067 3548 autem
3118 3508 3274 3567 atque
3304 3504 3403 3553 ab-

1840 3586 1995 3623 usum
2019 3610 2032 3635 ,
2056 3574 2104 3625 in
2138 3573 2309 3628 libero
2342 3579 2637 3644 primorum
2671 3594 2952 3649 parentum
2985 3586 3157 3641 fuisse
3178 3590 3403 3644 arbitrio

1839 3666 2073 3731 positum
2103 3705 2116 3725 ,
2157 3677 2213 3717 ut
2256 3666 2367 3733 jam
2404 3682 2510 3721 non
2542 3685 2609 3722 ex
2653 3671 2766 3737 ipsa
2798 3674 2992 3727 arbore
3033 3677 3233 3731 malum
3262 3716 3276 3741 ,
3310 3680 3404 3733 sed

1839 3770 1903 3808 ex
1927 3755 2139 3809 arboris
2164 3757 2337 3811 abusu
2366 3760 2681 3825 provenisse
2704 3764 3125 3821 existimandum
3143 3769 3233 3823 sit.
3259 3768 3405 3824 Idem

1840 3848 1905 3901 de
1936 3849 2078 3900 bono
2108 3849 2395 3902 dicendum
2432 3850 2665 3915 fuisset,
2697 3854 2741 3905 si
2772 3854 2943 3910 Adam
2975 3859 3245 3913 mandatis
3277 3877 3402 3929 qua:

1839 3938 1904 3991 de
1943 3953 2004 3991 ea
2048 3938 2241 3992 arbore
2282 3955 2565 4009 acceperat
2596 3944 2864 4011 paruisset
2901 3964 2915 3999 :
2950 3950 3404 4016 quemadmodum

1839 4026 1992 4081 cibus
2015 4044 2119 4097 qua
2148 4029 2300 4083 cibus
2318 4040 2420 4093 est,
2450 4032 2579 4084 nihil
2609 4035 2745 4088 ullus
2764 4036 2955 4091 aboalio
2978 4039 3176 4106 diﬂ'ert,
3196 4043 3288 4096 sed
3310 4058 3406 4111 pro

1838 4127 1995 4172 aetate
2043 4130 2204 4188 atque
2240 4121 2445 4176 viribus
2478 4125 2809 4179 vescentium
2848 4129 3105 4183 maxime.
3145 4130 3279 4185 Nam
3312 4138 3406 4202 qui

1844 4212 2106 4265 vescentis
2140 4211 2348 4266 viribus
2376 4215 2667 4282 respondet
2696 4226 2861 4285 atque
2893 4234 3131 4293 congruo
3167 4231 3406 4289 tempore

1842 4301 2097 4363 sumitur,
2123 4302 2329 4365 hortus;
2365 4306 2454 4371 qui
2495 4322 2621 4359 vero
2658 4309 2799 4362 vires
2833 4322 3051 4377 superat
3084 4324 3176 4365 aut
3211 4330 3317 4366 non
3348 4317 3403 4368 in

1844 4402 2081 4459 tempore
2108 4396 2341 4462 capitur,
2376 4397 2549 4450 malus
2582 4398 2811 4451 habetur
2845 4416 2857 4451 :
2888 4416 2965 4454 Sic
3002 4417 3133 4456 usus
3161 4404 3289 4457 Adae
3320 4419 3405 4459 at-

173 4488 314 4540 iram
355 4489 742 4556 pronuntiasse
772 4491 1035 4542 adversus
1080 4486 1343 4541 Adamum
1387 4487 1533 4540 illam
1580 4489 1737 4541 talen)
1775 4496 1815 4550 D
1849 4499 1950 4550 (1⁸⁸³
1984 4485 2167 4537 υκο¹ίδ
2197 4486 2249 4537 ⁵⁸³
2296 4490 2557 4553 Ρυιίηίδείι
2591 4489 2807 4556 ιιυίιιυιιι
2842 4493 3034 4546 arbore
3060 4532 3075 4556 ν
3110 4494 3321 4560 bimus;
3354 4507 3408 4551 ³⁸

173 4584 528 4644 sententiam,
569 4582 663 4634 sed
714 4598 806 4650 per
851 4597 1053 4634 meram
1099 4579 1559 4644 misericordiam;
1596 4581 1736 4649 quod

175 4676 303 4727 hinc
337 4674 706 4743 cOgnoscitur,
744 4672 870 4741 quia
905 4672 1323 4740 haudquaquam
1371 4672 1460 4723 illo
1490 4672 1577 4725 die
1606 4672 1740 4725 obiit

176 4776 408 4819 mortem
455 4780 562 4831 quo
609 4764 816 4817 facinus
853 4764 1004 4825 fecit,
1046 4778 1144 4831 pro
1186 4763 1472 4816 sententiae
1511 4764 1688 4816 verbis
1726 4781 1737 4815 :

179 4857 440 4910 nimirum
475 4854 638 4909 verba
672 4868 738 4907 eo
771 4852 969 4907 fecerat
1006 4854 1148 4907 Deus
1190 4852 1469 4922 rigidiora,
1502 4866 1612 4920 quo
1644 4868 1740 4920 po-

172 4950 477 5005 steritatem
504 4958 869 5016 venturosque
900 4954 1145 5014 nepotes,
1173 4960 1266 5013 per
1290 4954 1512 5006 metum,
1538 4960 1565 4996 a
1590 4944 1739 4997 fran-

177 5041 367 5111 gendis
417 5038 625 5107 legibus
674 5039 1092 5107 rebellandoque
1153 5037 1478 5089 contineret.
1535 5034 1739 5088 ltursus

175 5135 242 5186 de
268 5129 610 5201 panitentia,
637 5129 793 5196 cujus
828 5137 1051 5181 accusat
1080 5125 1245 5179 Deum
1279 5123 1479 5187 Manes,
1508 5123 1740 5176 dicimus

181 5225 398 5278 illorum
441 5235 561 5275 esse
590 5220 775 5273 dolore
817 5226 981 5286 atque
1010 5217 1271 5285 ptenitere
1315 5216 1407 5284 qui
1458 5214 1623 5269 nescii
1654 5230 1740 5268 re-

180 5332 301 5372 rum
328 5322 586 5377 eventus,
618 5326 682 5365 ea
723 5310 929 5365 faciunt
958 5324 1189 5379 quorum
1219 5310 1398 5361 exitus
1440 5323 1625 5375 parum
1656 5322 1740 5359 re-

180 5411 447 5477 spondeat
485 5405 725 5473 ipsorum
755 5400 1091 5465 commodis;
1131 5409 1186 5453 at
1230 5397 1420 5463 Deum,
1452 5414 1572 5451 cum
1606 5412 1740 5465 prae-

182 5502 321 5555 sciat
370 5496 553 5552 omnia
603 5510 763 5562 quem
812 5492 921 5547 sint
968 5505 1195 5559 qumque
1242 5488 1491 5542 habitura
1546 5489 1736 5554 linem,

183 5604 412 5659 prorsus
452 5586 713 5656 pteniterc
763 5584 924 5639 ullius
1000 5596 1107 5636 non
1156 5595 1331 5650 posse,
1397 5590 1488 5633 aut
1536 5579 1736 5648 pigere.

255 5754 298 5783 ”
326 5749 525 5804 Jcretn.
560 5761 574 5800 ι
605 5752 657 5802 ct
688 5757 833 5798 xvnt.
918 5740 931 5771 ³
964 5739 1117 5795 Joan.
1153 5754 1232 5803 ιιι,
1270 5738 1289 5792 l
1328 5753 1475 5806 seqq.

1844 4574 1896 4627 ιιι
1930 4576 2088 4627 vetita
2113 4613 2129 4635 ,
2167 4575 2339 4628 malus
2365 4585 2501 4630 erat.
2554 4575 2737 4646 Neque
2767 4582 2909 4633 enim
2960 4582 3011 4634 in
3066 4584 3181 4651 ipsa
3212 4586 3407 4640 arbore

1847 4664 1971 4717 boni
2014 4665 2206 4719 malive
2253 4666 2537 4721 eﬂicientia
2588 4670 2794 4733 inerat,
2846 4673 2937 4724 sed
2988 4673 3163 4740 ipsum
3204 4678 3407 4729 violare

1851 4755 1937 4808 Dei
1971 4754 2175 4823 legem;
2211 4755 2261 4807 id
2289 4772 2416 4810 vero
2450 4770 2579 4827 _erat
2625 4760 2769 4827 quod
2808 4761 3074 4815 Adamutn
3105 4766 3406 4831 occidebat,

1847 4861 1949 4898 non
1978 4847 2159 4899 arbor.
2199 4846 2365 4900 Veluti
2404 4850 2854 4906 contumeliosum
2887 4853 2938 4905 in
2974 4866 3222 4921 parentes
3247 4898 3260 4921 ,
3298 4874 3404 4911 non

1848 4937 1962 5004 ipsa
1988 4936 2317 4991 contumelia
2341 4940 2531 4993 multat
2556 4952 2749 5005 morte,
2772 4944 2861 4996 sed
2892 4943 3062 4996 fracta
3091 4946 3174 4999 lex
3197 4963 3212 5011 ;
3236 4964 3408 5015 neque

1850 5043 2003 5082 mons
2056 5027 2203 5082 Sinai
2236 5045 2329 5083 eos
2364 5030 2723 5087 interﬁciebat
2770 5035 2861 5101 qui
2908 5051 2965 5088 se
3018 5037 3407 5105 contingebant

1848 5132 1956 5187 quo
1984 5129 2223 5188 tempore
2258 5120 2389 5174 certi
2423 5122 2555 5175 lines
2578 5123 2879 5192 praescripti
2917 5124 3064 5177 fuere
3098 5126 3235 5179 ultra
3269 5142 3404 5194 quos

1848 5228 2006 5266 nemo
2040 5214 2336 5275 accederet,
2374 5212 2466 5267 sed
2500 5214 2585 5267 lex
2611 5214 2830 5269 violata.
2860 5214 2977 5267 Non
3008 5215 3166 5284 igitur
3199 5216 3285 5268 illa
3314 5232 3401 5267 ar-

1850 5303 1945 5355 bor
1976 5303 2182 5357 Adamo
2226 5305 2424 5357 malum
2458 5305 2635 5367 dedit,
2688 5305 2778 5359 sed
2811 5306 3011 5359 amissa
3053 5321 3146 5375 per
3177 5306 3399 5360 fractam

1849 5396 2016 5462 legem
2068 5410 2242 5458 noxa;
2276 5397 2549 5449 enimvero
2583 5411 2677 5464 per
2704 5396 2960 5449 invidiam
2989 5410 3094 5448 non
3124 5411 3245 5450 esse
3276 5412 3401 5463 pro-

1850 5486 2073 5540 hibitum
2122 5486 2386 5540 Adamum
2424 5486 2490 5539 ab
2530 5502 2633 5540 una
2686 5502 2749 5542 ea
2796 5487 2989 5541 arbore
3022 5488 3153 5541 satis
3202 5487 3398 5556 arguit,

1848 5578 1989 5647 quod
2018 5588 2225 5634 ςιειριέυ
2253 5593 2441 5633 euntes
2484 5578 2582 5647 ipsi
2628 5579 2747 5635 usui
2778 5578 3053 5648 permissa:
3078 5578 3250 5635 fuere.
3296 5576 3399 5631 Sed

2966 5774 2996 5795 ’9
