4202 6430
755 448 856 510 599

2019 431 2242 491 MOSIS
2287 430 2429 486 [Mli
2470 427 2713 484 CEi’lIA

3871 425 3981 484 600

748 574 818 611 eo
847 552 1122 625 spectabat
1153 550 1462 604 mandatum
1492 587 1505 610 ,
1536 553 1595 599 ut
1624 545 1686 599 de
1717 543 1845 598 Adae
1889 543 2149 610 obsequio
2174 539 2317 610 peri-
2347 548 2392 602 Α
2421 553 2580 607 quem
2600 533 3298 604 praesciebatpeccaturum.
3319 530 3745 600 Respondemus,
3765 533 3993 588 minime

756 646 939 700 culum
967 646 1019 698 in
1046 657 1147 696 una
1173 641 1368 694 arbore
1400 639 1547 692 ﬁeret
1567 653 1582 701 ;
1606 649 1777 704 eoque
1804 634 1851 688 si
1880 635 2326 702 obtemperasset,

758 749 1033 792 summum
1071 732 1305 801 pretium
1340 728 1586 793 referret,
1628 740 1820 793 nempe
1850 736 1906 778 ut
1945 732 2132 792 posset
2182 723 2323 776 vesci

770 828 963 880 arbore
992 825 1118 878 vita:
1144 864 1157 888 ,
1189 832 1350 891 atque
1380 819 1704 873 immortalis
1736 817 1871 870 ﬁeri.
1912 813 2017 868 Sed
2051 815 2172 868 aliis
2196 829 2330 881 prse-

763 928 910 970 terea
962 913 1267 968 rationibus
1314 924 1481 980 supra
1532 908 1909 967 ostendimus,
1966 904 2100 958 nihil
2138 904 2329 957 horum

763 1023 860 1075 per
892 1006 1146 1059 invidiam
1177 1018 1206 1056 a
1241 1001 1350 1055 Deo
1378 1010 1590 1068 gestum
1620 1012 1760 1051 esse.

837 1098 1037 1151 lterum
1096 1096 1260 1147 instat
1322 1092 1545 1145 Manetis
1614 1097 1794 1152 secta,
1852 1087 2102 1155 inquiens
2158 1100 2172 1135 :
2227 1082 2337 1137 Aut

761 1186 1086 1255 praesciebat
1140 1183 1284 1238 Deus
1340 1181 1606 1235 Adamum
1660 1193 1768 1232 non
1813 1178 2337 1243 obtemperaturum,

763 1285 861 1328 aut
891 1288 997 1327 non
1043 1269 1360 1340 praesciebat
1395 1281 1517 1320 cum
1570 1266 1739 1332 legem
1780 1264 1965 1317 ferret.
2004 1259 2062 1314 Si
2115 1260 2216 1314 hoc
2245 1260 2334 1313 de-

765 1366 912 1419 deris
948 1380 964 1429 ;
997 1360 1289 1417 absurdum
1326 1367 1410 1412 est
1456 1376 1469 1411 :
1514 1356 1596 1410 sin
1638 1355 1767 1408 illud
1790 1393 1804 1415 ,
1836 1351 2103 1407 vecordia:
2144 1360 2225 1405 est
2254 1364 2337 1402 ar-

765 1455 1015 1522 guendos
1046 1454 1206 1505 Deus.
1243 1447 1354 1503 Nos
1387 1462 1516 1503 vero
1542 1445 1933 1513 respondemus
1958 1445 2101 1513 quod
2134 1456 2335 1509 nuper:

774 1542 1114 1612 praescivisse
1170 1539 1392 1608 quidem
1442 1536 1648 1599 Deum,
1707 1548 1817 1586 non
1872 1534 2218 1587 observatum
2273 1528 2338 1581 iri

776 1630 1094 1681 mandatum
1125 1627 1192 1680 ab
1216 1625 1425 1679 Adamo
1448 1663 1461 1685 ,
1497 1623 1547 1675 id
1582 1631 1758 1675 tamen
1784 1636 1882 1675 cur
1906 1621 2084 1673 minus
2121 1617 2343 1672 manda-

785 1728 889 1784 ret,
915 1720 1049 1772 nihil
1075 1717 1368 1771 obstitisse.
1394 1714 1527 1779 Quis
1554 1714 1697 1766 enim
1727 1713 1951 1766 stultum
1977 1720 2132 1764 vocet
2152 1709 2342 1771 Deum,

776 1814 907 1878 quia
967 1808 1175 1876 legibus
1228 1805 1402 1860 vetuit
1436 1818 1683 1873 peccare,
1729 1817 1848 1855 cum
1896 1801 2057 1854 sciret
2085 1798 2346 1867 plurimos

2429 626 2705 682 conditum
2730 639 2757 676 a
2788 626 2892 677 Deo
2914 638 3033 677 esse
3056 624 3319 676 Adamum
3346 632 3402 675 ut
3430 630 3677 690 peccaret
3700 621 3778 674 vel
3800 632 3857 674 ut
3884 638 3993 674 non

2429 727 2697 786 peccaret,
2722 717 2834 769 sive
2858 713 3106 781 utjustus
3135 725 3298 776 esset,
3317 724 3409 766 aut
3433 725 3488 767 ut
3512 714 3766 781 injustus,
3788 716 3877 766 sed
3902 730 4003 766 nc-

2430 823 2536 876 que
2567 816 2624 860 ut
2654 808 2824 875 legem
2848 806 3160 859 observaret
3184 805 3264 856 vel
3294 816 3352 857 ut
3371 819 3477 855 non
3504 806 3838 863 observaret,
3867 818 3997 855 nam

2433 896 2479 951 si
2508 897 2700 949 horum
2737 894 2969 963 alicujus
2999 893 3169 965 gratia
3215 894 3367 947 illum
3418 894 3770 959 condidisset,
3800 908 3999 961 magna

2450 1000 2582 1040 sane
2618 998 2782 1037 causa
2837 985 2939 1037 hoc
2975 984 3044 1036 ab
3090 983 3195 1036 illis
3225 992 3578 1051 quaereretur.
3627 985 3719 1035 sed
3762 998 3857 1051 pro
3897 998 3997 1036 sua

2437 1077 2701 1138 bonitate,
2752 1077 3034 1145 gratiaque
3090 1090 3234 1129 mera
3290 1075 3436 1129 illum
3506 1074 3722 1135 effecit.
3774 1075 4001 1144 haecque

2436 1170 2610 1239 prima
2647 1171 2754 1223 Deo
2786 1168 2932 1221 illius
2964 1167 3182 1221 creandi
3218 1181 3381 1220 causa
3436 1165 3535 1218 fuit
3569 1174 3799 1218 :caatera
3833 1179 4001 1233 porro

2439 1260 2549 1321 illa,
2589 1258 2907 1313 secundaria
2941 1258 3297 1310 existimanda
3324 1264 3473 1319 sunt,
3504 1263 3562 1308 ut
3593 1271 3713 1324 qure
3740 1269 3805 1308 ex
3830 1256 4004 1322 ipsius

2438 1350 2566 1404 Adae
2600 1352 2828 1404 arbitrio
2863 1348 3254 1419 pependerint,
3288 1363 3409 1401 cum
3461 1348 3563 1401 hoc
3620 1361 3786 1416 penes
3823 1347 4001 1400 solum

2439 1442 2750 1497 Creatorem
2773 1451 2935 1496 esset.
2968 1442 3304 1509 Quapropter
3328 1438 3510 1507 potius
3540 1439 3617 1492 sic
3652 1438 3725 1491 illi
3750 1450 3999 1506 quaerere

2442 1532 2781 1596 debuerunt,
2816 1545 2914 1585 cur
2946 1530 3212 1585 creaverit
3259 1531 3525 1583 Adamum
3558 1528 3722 1594 Deus,
3758 1529 3827 1581 ita
3857 1528 4006 1581 enim

2443 1636 2765 1690 responsum
2805 1621 3051 1673 tulissent
3087 1635 3102 1672 :
3144 1629 3361 1688 propter
3393 1634 3542 1673 suam
3574 1619 3743 1685 ipsius
3768 1618 4014 1687 probita-

2446 1720 2573 1766 tem.
2606 1711 2739 1764 Nam
2777 1711 2982 1779 reliqua
3014 1710 3101 1763 illa
3143 1722 3372 1778 peccare
3412 1718 3504 1761 aut
3537 1724 3639 1761 non
3676 1722 3921 1776 peccare,
3956 1714 4014 1759 et

2446 1819 2565 1872 quae
2603 1801 2939 1855 addebantur
2977 1812 3208 1866 caetera;
3243 1815 3310 1854 ex
3351 1799 3477 1852 Adae
3510 1800 3675 1852 libera
3705 1798 4013 1867 pendebant

778 1904 898 1952 fore
930 1899 1021 1967 qui
1053 1906 1236 1951 essent
1268 1895 1576 1966 peccaturi?
1601 1893 1743 1946 Sane
1774 1892 1818 1945 si
1849 1890 2028 1944 nullas
2059 1890 2201 1957 leges
2222 1902 2351 1941 con—
2385 1906 2425 1959 Β
2453 1896 2745 1949 voluntate.
2808 1891 2923 1946 Huc
2972 1893 3219 1946 addimus
3254 1892 3413 1946 etiam
3473 1891 3603 1944 illud
3654 1907 3668 1943 :
3716 1891 3915 1957 Deum,
3954 1899 4014 1942 ut

777 1992 1023 2053 didisset,
1067 1997 1161 2042 aut
1187 1988 1318 2040 nilnl
1351 1986 1759 2054 imperavisset,
1796 1998 1969 2051 neque
1998 1997 2162 2051 penes
2196 1981 2344 2034 illum

776 2080 1224 2140 dominationem,
1258 2089 1431 2142 neque
1469 2090 1631 2143 penes
1662 2089 1760 2126 nos
1797 2073 2004 2124 arbitrii
2045 2072 2346 2125 libertatem

777 2186 937 2232 esse,
1003 2168 1256 2221 rescitum
1330 2176 1494 2221 esset.
1554 2164 2026 2218 Vcrumeuimvero
2079 2163 2169 2215 ille
2225 2178 2348 2215 cum

775 2256 1293 2326 priesciret‘cuncta
1329 2268 1448 2321 qua:
1480 2261 1736 2305 eventura
1768 2259 1973 2311 essent,
2015 2248 2157 2317 leges
2188 2247 2349 2301 nobis

782 2348 928 2402 dedit
961 2360 1059 2400 ceu
1095 2345 1279 2398 liberis
1304 2353 1357 2396 et
1378 2344 1549 2395 libero
1578 2341 1801 2394 arbitrio
1831 2339 2100 2409 praeditis,
2126 2348 2182 2392 ut
2205 2338 2350 2406 quod

783 2440 972 2491 liberet
1008 2437 1061 2489 id
1092 2448 1397 2504 ageremus.
1429 2431 1537 2485 Nos
1569 2446 1695 2485 vero
1726 2443 1825 2499 pro
1859 2444 1954 2483 sua
1989 2431 2222 2498 quisque
2255 2444 2347 2480 vo-

784 2532 990 2581 luntate
1020 2536 1073 2579 et
1102 2524 1313 2578 arbitrii
1355 2524 1601 2576 libertate
1625 2559 1640 2585 ,
1677 2537 1801 2589 erga
1830 2521 1976 2588 leges
2002 2560 2016 2583 ,
2043 2530 2135 2572 aut
2169 2519 2353 2574 obser-

790 2620 965 2672 vando
1002 2633 1096 2672 eas
1126 2626 1220 2671 aut
1268 2617 1564 2682 frangendo
1590 2652 1605 2678 ,
1639 2624 1852 2667 nosmet
1881 2614 2137 2681 gerimus.
2169 2609 2352 2679 Neque

777 2710 938 2762 aliter
964 2722 1181 2778 quoque
1226 2722 1348 2760 cum
1386 2706 1589 2759 Adamo
1622 2712 1801 2757 actum
1837 2712 1955 2768 est;
1996 2718 2159 2771 penes
2198 2703 2349 2756 illum

781 2802 927 2852 enim
960 2808 1077 2852 erat
1122 2806 1173 2851 et
1202 2798 1362 2851 edere
1401 2807 1453 2849 et
1494 2811 1598 2847 non
1635 2794 1794 2847 edere
1825 2795 1891 2847 de
1932 2793 2125 2847 arbore
2152 2794 2349 2849 vetita:

785 2900 951 2957 atque
980 2889 1025 2941 si
1051 2903 1154 2940 non
1180 2887 1399 2951 edisset,
1425 2902 1489 2938 ex
1516 2885 1685 2955 gratia
1711 2885 2032 2937 immortalis
2061 2883 2349 2947 evasisset;

780 2990 1133 3047 posteaquam
1182 2993 1311 3030 vero
1341 2978 1472 3041 edit,
1511 2984 1757 3028 mortuus
1800 2983 1901 3027 est.
1932 2974 2028 3027 llis
2061 2976 2241 3042 itaque
2267 2960 2376 3027 ar-'

783 3068 1067 3135 gumentis
1094 3067 1344 3134 colligere
1366 3077 1468 3131 est,
1503 3080 1678 3133 neque
1709 3064 1846 3118 male
1873 3073 2043 3118 satam
2075 3064 2244 3118 fuisse
2268 3080 2356 3118 ar-

786 3165 970 3209 tiorem
1031 3157 1276 3210 scientiae
1307 3157 1375 3208 ab
1424 3156 1595 3219 initio,
1628 3170 1802 3223 neque
1838 3154 2045 3209 Adamo
2092 3156 2355 3209 invidiose

2448 1986 2720 2055 prtescivit
2762 1995 3107 2053 peccaturum
3138 1984 3402 2037 Adamum
3435 1983 3820 2051 lapsurumque
3858 1982 4013 2049 prius

2449 2093 2610 2147 quam
2658 2078 2947 2142 conderet;
2989 2077 3061 2130 ita
3122 2076 3458 2145 prmscivisse
3502 2089 3717 2143 quoque
3773 2089 3830 2127 se
3879 2074 4014 2126 olim

2450 2179 2763 2232 venturum,
2787 2168 3299 2234 redempturumque
3323 2167 3470 2218 illum
3498 2181 3525 2217 a
3550 2175 3767 2232 peccato
3790 2165 3844 2215 in
3866 2162 4016 2231 quod

2451 2255 2751 2319 incidisset,
2786 2256 3067 2323 ipsiusque
3096 2263 3417 2308 vetustatem
3449 2255 3901 2314 instauraturum,
3933 2261 4018 2303 at-

2450 2363 2555 2417 que
2604 2348 2903 2415 collapsum
2940 2346 3381 2411 sublevaturum;
3415 2357 3470 2399 ut
3500 2361 3563 2398 eo
3601 2348 3779 2399 minus
3813 2345 4016 2399 mirum

2453 2438 2621 2492 videri
2654 2438 2844 2492 debeat
2872 2478 2885 2501 ,
2918 2439 2962 2491 si
2997 2440 3198 2490 creavit
3230 2452 3389 2506 quem
3428 2438 3587 2506 paulo
3614 2446 3731 2506 post
3762 2446 4021 2505 peccatu-

2452 2543 2570 2581 rum
2624 2531 2924 2596 prznscirct.
2980 2529 3182 2582 Adhtcc
3246 2528 3351 2582 nisi
3415 2535 3655 2582 creasset
3710 2526 3851 2594 quod
3907 2542 4021 2581 non

2454 2619 2732 2671 nesciebat
2815 2628 3132 2686 peccaturos
3168 2657 3183 2680 ,
3235 2617 3438 2671 frustra
3510 2618 3728 2672 creandi
3793 2633 4018 2686 Operam

2452 2710 2815 2777 sumpsisset;
2856 2710 3057 2777 quippe
3088 2708 3181 2775 qui
3214 2722 3313 2761 nec
3342 2708 3715 2775 blasphemum
3751 2707 3800 2760 in
3833 2718 4025 2761 ventre

2456 2799 2644 2853 matris
2678 2815 2789 2852 sua:
2832 2798 3111 2859 ﬁnxisset,
3146 2814 3320 2867 neque
3356 2799 3654 2865 hypocrita:
3686 2798 4024 2867 permisisset

2458 2901 2515 2944 ut
2541 2892 2813 2959 aspiceret
2849 2891 3051 2943 lumen.
3100 2890 3341 2958 Denique
3370 2905 3434 2944 eo
3475 2890 3899 2943 luculentissime
3926 2890 4023 2944 Dei

2456 2979 2698 3044 probitas
2730 2988 2782 3032 et
2808 2979 2976 3047 gratia
3004 2986 3221 3045 apparet
3248 3016 3263 3041 ,
3296 2978 3435 3046 quod
3468 2992 3604 3046 quos
3635 2979 3735 3032 sibi
3780 2993 3885 3030 non
3924 2979 4026 3031 ob-

2458 3077 2854 3133 temperaturos
2879 3069 3048 3129 novit,
3071 3082 3163 3121 eos
3183 3068 3503 3137 progignere
3535 3083 3638 3120 non
3673 3070 4021 3136 dedignatur.

2456 3159 2590 3212 Nam
2634 3161 2778 3212 solos
2813 3159 3111 3225 morigeros
3136 3199 3150 3221 ,
3183 3173 3278 3211 sua
3310 3173 3472 3211 causa
3493 3197 3509 3223 ,
3543 3159 3643 3212 hoc
3671 3170 3752 3212 est
3775 3199 3789 3222 ,
3824 3172 3881 3212 ut
3909 3177 4025 3213 sua:

784 3246 873 3296 illa
906 3245 1255 3299 interdictum
1289 3259 1409 3299 esse
1443 3262 1456 3296 :
1492 3260 1559 3298 ne
1591 3245 1686 3297 illo
1729 3245 1943 3297 mittant
1981 3246 2186 3313 linguas
2229 3261 2356 3300 suas
2383 3234 2425 3291 C
2460 3251 2719 3303 voluntati
2746 3249 3082 3316 imperioque
3105 3248 3559 3312 obsecundarent,
3586 3258 3637 3300 et
3666 3249 3768 3301 sibi
3801 3259 4020 3317 gratum

786 3335 1020 3389 Manetis
1046 3335 1286 3397 asseclaz,
1314 3334 1403 3387 Dei
1434 3335 1637 3400 hostes,
1666 3334 1793 3387 dum
1823 3349 1919 3402 pro
1942 3335 2148 3389 duabus
2170 3351 2353 3389 rerum

788 3426 973 3477 causis
994 3425 1303 3478 astruendis
1325 3424 1710 3477 contendentes
1733 3424 1984 3495 (quarum
2009 3427 2174 3479 altera
2196 3428 2356 3490 bona,

798 3515 936 3566 mala
974 3519 1139 3567 altera
1190 3514 1281 3580 sit)
1331 3514 1636 3567 istiusmodi
1672 3515 2008 3581 argumentis
2058 3530 2156 3567 nos
2189 3516 2357 3568 laces-

790 3612 950 3667 sunt,
1001 3605 1092 3672 qui
1132 3619 1297 3656 unum
1336 3602 1504 3657 Deum
1542 3604 1902 3672 profitemur:
1938 3607 2005 3669 si,
2037 3606 2358 3673 inquicntes,

790 3694 929 3747 mala
960 3703 1078 3747 erat
1124 3694 1305 3756 arbor,
1342 3707 1439 3745 cur
1476 3707 1593 3746 eam
1634 3695 1769 3747 sevit
1809 3694 1949 3748 Deus
1984 3697 2037 3748 in
2082 3697 2354 3764 paradiso,

795 3799 917 3851 quae
949 3785 1157 3837 Adamo
1191 3785 1404 3836 ruinam
1435 3792 1581 3837 esset
1611 3784 1857 3837 illatura?
1891 3786 1984 3837 Sin
2015 3787 2176 3851 bona,
2207 3803 2361 3854 pror-

795 3889 891 3928 sus
916 3889 1011 3942 per
1037 3874 1294 3926 invidiam
1319 3874 1658 3942 prohibuerit
1688 3875 1836 3928 illum
1865 3890 2083 3930 necesse
2114 3889 2218 3931 cst.

1343 3982 1615 4036 CAPUT
1674 3985 1781 4038 lll.

791 4079 989 4131 Contra
1013 4076 1222 4129 Ιαιὶαηὶ
1248 4081 1544 4145 Apostatw,
1574 4078 1637 4128 de
1658 4081 1843 4129 arbore
1876 4080 2013 4142 ritw,
2044 4080 2358 4136 calumnias.

866 4166 1049 4220 Satius
1085 4168 1273 4220 fuisset
1300 4207 1313 4231 ,
1343 4169 1418 4220 ait
1465 4166 1713 4221 Julianus
1735 4206 1749 4231 ,
1780 4169 2026 4223 arborem
2056 4171 2199 4223 illam
2226 4173 2361 4224 veti-

792 4270 900 4310 tam
923 4297 938 4321 ,
971 4267 1065 4310 aut
1094 4258 1147 4310 in
1182 4259 1379 4326 angulo
1413 4258 1646 4326 paradisi
1678 4268 1772 4312 aut
1802 4261 1917 4313 loco
1950 4262 2133 4328 aliquo
2162 4264 2361 4315 obscu-

798 4350 942 4402 riore
985 4358 1236 4412 exstare;
1288 4363 1355 4401 ne
1383 4348 1511 4401 dum
1564 4360 1824 4417 perpetuo
1868 4350 1937 4403 ob
1967 4352 2153 4405 oculos
2186 4361 2362 4417 esset,

803 4439 1029 4492 nimium
1059 4440 1141 4492 sui
1168 4438 1499 4492 desiderium
1529 4441 1582 4493 in
1610 4440 1806 4494 animis
1839 4452 2121 4508 parentum
2154 4453 2366 4497 nostro-

799 4545 918 4582 rum
951 4530 1233 4583 excitaret.
1265 4528 1402 4582 lluic
1434 4530 1721 4598 respondet
1753 4530 1813 4583 Ι).
1842 4530 2093 4600 Cyrillus,
2119 4536 2365 4587 oratione

2459 3340 2989 3409 facerent,genuisse
3010 3339 3176 3393 videri
3196 3350 3405 3407 poterat
3427 3355 3440 3390 :
3463 3347 3517 3391 at
3542 3340 3759 3406 quando
3781 3341 3892 3407 jam
3923 3357 4024 3409 pro

2460 3448 2558 3485 sua
2586 3432 2843 3493 bonitate,
2873 3439 2927 3483 et
2952 3430 3125 3482 bonos
3150 3438 3291 3481 creat
3326 3440 3379 3481 et
3410 3430 3602 3492 malos,
3639 3444 3741 3481 non
3774 3430 4025 3498 ignarus,

2460 3523 2657 3576 alteros
2682 3536 2773 3589 per
2796 3520 3068 3584 virtutem,
3100 3532 3192 3587 per
3225 3519 3646 3586 improbitatem,
3676 3519 3872 3574 alteros
3893 3531 4031 3574 aeta-

2461 3622 2566 3667 tem
2598 3621 2815 3667 acturos
2848 3610 3319 3680 (quemadmodum
3352 3610 3512 3662 etiam
3548 3611 3678 3662 solis
3701 3613 3785 3664 sui
3816 3612 4025 3672 lumen,

2457 3706 2609 3774 juxta
2674 3704 2830 3757 bonis
2876 3711 2928 3757 et
2978 3702 3136 3756 malis
3184 3701 3444 3770 impertit,
3467 3708 3522 3754 et
3573 3701 3805 3769 pluviam
3860 3703 4029 3770 justis

2464 3796 2785 3863 injustisque
2809 3795 2851 3862 ')
2879 3793 3179 3846 clarissima
3211 3791 3455 3861 profecto
3482 3794 3659 3846 evadit
3687 3793 3858 3861 ipsius
3894 3810 4029 3860 pro-

2464 3885 2604 3939 bitas
2650 3896 2812 3953 atque
2861 3884 3164 3951 benignitas
3197 3898 3317 3951 qua
3345 3882 3563 3951 profuse
3592 3884 3856 3947 defluens,
3902 3885 4032 3937 uni-

2464 3992 2617 4032 versa
2643 3978 3007 4045 amplectitur.
3042 3975 3240 4029 Verum
3269 3975 3409 4029 hanc
3437 3976 3787 4044 quaistionem
3818 3976 4027 4029 dissol-

2463 4069 2637 4122 vimus
2672 4082 2888 4136 quoque
2937 4068 2989 4119 in
3036 4075 3222 4119 nostra
3274 4066 3719 4135 interpretatione
3770 4082 3934 4136 quam
3974 4068 4027 4120 in

2464 4157 2571 4212 divi
2613 4157 2847 4211 Matthaai
2884 4155 3227 4225 Evangelium
3267 4155 3514 4211 fecimus.

3018 4242 3295 4298 CAPUT
3350 4241 3416 4297 ν.

2620 4337 2856 4390 Mortalis
2883 4352 2949 4388 an
2981 4336 3301 4388 immortalis
3335 4343 3542 4388 creatus
3572 4336 3640 4388 sit
3668 4337 3864 4389 Adam.

2537 4428 2794 4503 Quterunt
2822 4428 2935 4488 alii,
2958 4427 3312 4479 mortalcmne
3336 4435 3553 4489 natura,
3575 4442 3639 4479 an
3666 4428 4032 4482 immortalem

2465 4521 2713 4591 genuerit
2753 4518 2893 4572 Deus
2925 4517 3212 4569 Adamutn.
3261 4516 3365 4570 Sed
3397 4517 3662 4585 principio
3715 4519 4037 4585 expenden-

794 4623 953 4676 tenia
984 4638 1146 4691 quam
1174 4623 1433 4677 adversus
1457 4638 1580 4677 cum
1612 4598 1954 4694 conscripsi“,
1984 4625 2038 4679 in
2066 4629 2206 4680 hanc
2230 4643 2356 4681 se"-
2392 4598 2435 4651 D
2465 4614 2589 4663 dum
2624 4609 2707 4662 hic
2734 4617 2835 4671 est,
2876 4607 3006 4676 quid
3046 4606 3146 4660 sibi
3180 4606 3309 4658 illud
3348 4606 3492 4671 velit,
3535 4606 3800 4658 Adamum
3837 4616 4035 4658 natura

792 4714 1015 4767 tentiam
1053 4732 1066 4767 :
1103 4712 1296 4768 Studio
1321 4714 1595 4769 Creatoris
1635 4716 1833 4769 factum
1862 4727 1963 4779 est,
1991 4732 2057 4771 nc
2083 4718 2245 4773 arbor
2272 4718 2361 4771 illa

795 4803 849 4853 in
888 4802 1101 4855 occulto
1136 4802 1458 4867 haberetur;
1509 4812 1931 4858 consentaneum
1974 4807 2119 4859 enim
2164 4808 2266 4861 fuit
2304 4817 2364 4861 ut

796 4901 1148 4960 spectatores,
1178 4894 1293 4960 ipsa
1325 4893 1534 4947 arboris
1566 4896 1897 4963 aspectione,
1927 4898 2235 4952 mandatum
2269 4899 2359 4953 Dei

792 4992 953 5050 atque
1006 4982 1174 5051 legem
1226 4983 1278 5036 in
1318 4984 1632 5037 memoriam
1687 4996 2046 5052 revocarent,
2095 4996 2149 5041 et
2201 4989 2361 5042 simul

798 5074 1009 5126 Domini
1046 5074 1133 5127 sui
1163 5074 1254 5142 qui
1285 5075 1451 5143 legem
1485 5075 1700 5138 tulerat,
1732 5077 2144 5132 recordarentur
2188 5101 2198 5134 :
2228 5096 2362 5148 quo-

793 5178 912 5217 rum
962 5179 1141 5217 rerum
1188 5163 1385 5218 oblivio
1422 5166 1553 5234 ipsis
1602 5164 1761 5221 facile
1801 5169 2063 5235 potuisset
2100 5172 2361 5242 obrepere

793 5254 840 5304 si
875 5253 926 5304 in
958 5252 1161 5321 angulo
1189 5254 1445 5323 quopiam
1471 5256 1706 5323 paradisi
1741 5257 1830 5310 illa
1863 5268 1979 5312 sata
2006 5258 2219 5315 fuisset.

1360 5365 1641 5420 CAPUT
1700 5366 1801 5421 IV.

795 5452 1093 5528 Sequuntur
1127 5456 1472 5528 quwstiones,
1506 5474 1621 5524 qua:
1651 5474 1681 5509 a
1723 5460 1899 5511 multis
1948 5463 2116 5528 quwri
2147 5463 2353 5517 solent:

868 5539 929 5574 ac
985 5526 1231 5590 primum,
1283 5542 1376 5577 cur
1406 5526 1558 5601 Deus
1610 5532 1853 5580 creaverit
1905 5526 2358 5601 Aitamum,quem

868 5602 1200 5655 peccatorum
1229 5595 1556 5661 prwsciebat.

870 5680 1133 5743 Quaerunt
1169 5686 1429 5747 nonnulli,
1464 5699 1557 5740 cur
1585 5689 1849 5741 creaverit
1882 5689 2148 5745 Adamum
2181 5690 2321 5748 Deus
2343 5734 2355 5755 ,

870 5776 888 5804 ‘
914 5772 1100 5830 Matth.
1140 5793 1187 5841 v,
1221 5777 1304 5832 J5.

2460 4699 2744 4754 mortalem
2781 4712 2906 4752 esse
2942 4705 3158 4759 ortum;
3191 4704 3466 4763 spcctetne
3494 4695 3559 4746 ad
3599 4696 3910 4747 universam
3950 4697 4035 4762 ip-

2462 4792 2574 4845 sius
2627 4788 3079 4855 compositioncm
3122 4802 3136 4839 :
3183 4786 3337 4853 quasi
3394 4784 3584 4846 dicas,
3640 4793 3845 4837 natura:
3900 4786 4037 4837 Adae

2468 4882 2698 4935 inditum
2732 4879 2901 4932 fuisse
2926 4886 2986 4931 ut
3015 4878 3195 4931 anima
3226 4875 3551 4930 dissocietur
3581 4890 3609 4927 a
3637 4889 3885 4941 corpore,
3912 4892 4037 4943 qua:

2462 4972 2753 5039 disjunctio
2792 4983 2939 5022 mors
2982 4968 3052 5021 sit
3084 4982 3097 5021 :
3135 4982 3201 5020 an
3235 4980 3362 5019 vero
3394 4964 3697 5018 mortalitas
3729 4966 3794 5018 ad
3829 4980 4035 5033 corpus

2461 5066 2637 5118 solum
2680 5060 2970 5122 referatur,
3000 5067 3059 5110 ut
3085 5057 3212 5110 huic
3243 5055 3488 5109 naturale
3520 5054 3693 5108 fuisse
3728 5064 4032 5120 statuatur,

2463 5153 2685 5208 interire
2738 5161 2901 5219 atque
2951 5148 3219 5201 occidere.
3252 5145 3666 5213 Respondemus
3712 5144 3896 5213 igitur,
3931 5162 4034 5201 nos

2460 5258 2661 5313 corpus
2719 5243 2897 5295 solum
2937 5249 3220 5307 spectare,
3259 5251 3381 5290 cum
3435 5236 3667 5313 dicimus
3693 5274 3707 5297 ,
3758 5236 4031 5289 Adamum

2465 5346 2659 5389 natura
2715 5332 2999 5387 mortalem
3053 5329 3224 5383 fuisse
3271 5336 3513 5381 creatum
3548 5308 3567 5378 ἶ
3604 5327 3709 5379 hoc
3763 5328 3911 5380 enim
3960 5332 4035 5381 ita

2464 5425 2826 5494 compositum
2861 5422 2981 5487 fuit,
3013 5430 3073 5474 ut
3119 5426 3310 5487 suapte
3359 5427 3571 5481 natura,
3604 5418 3871 5486 passioni,
3906 5434 4036 5472 cor-

2466 5517 2723 5585 ruptioni,
2759 5514 2918 5569 morti
2950 5510 3183 5580 denique
3215 5519 3358 5563 esset
3391 5509 3697 5578 subjectum
3729 5518 3899 5578 atque
3932 5524 4033 5577 op-

2464 5616 2779 5676 portunum.
2822 5606 3040 5660 Interim
3073 5617 3102 5654 a
3148 5616 3373 5670 corpore
3400 5601 3466 5653 ad
3512 5609 3686 5653 totum
3717 5600 3821 5653 hoc
3856 5612 4041 5654 trans—

2463 5697 2671 5759 fertur,
2726 5698 3066 5763 dicimusque
3140 5690 3410 5746 hominem
3483 5698 3672 5743 natura
3745 5688 4037 5743 mortalem
