4202 6430
157 426 237 490 ΕΜ
1258 428 1354 487 DE
1399 425 1792 486 PARADISO.
1832 449 1889 462 -
1946 426 2136 483 PARS
2173 425 2283 484 Ill.

3274 428 3376 491 602

158 560 262 598 e~se
320 553 548 607 natum;
588 554 712 596 nam
767 539 820 593 in
876 538 1038 592 rebus
1086 537 1404 606 compositis
1460 536 1531 589 ita
1590 535 1704 589 ﬁeri
1736 540 1778 596 Α
1810 544 1981 589 stunt.
2018 535 2207 597 Nono,
2245 551 2272 587 a
2313 536 2469 591 nobis
2517 544 2663 592 stant
2707 538 2958 595 doctores
2987 541 3221 603 classici,
3254 561 3379 612 pro-

161 634 340 687 assolet
372 642 431 684 ut
476 632 622 700 quod
659 629 829 698 partis
859 639 946 683 est
980 628 1143 680 unius
1168 666 1183 691 ,
1224 626 1321 678 toti
1356 626 1703 678 attribuatur.

162 724 282 777 Sunt
314 733 494 775 tamen
525 722 617 790 qui
649 729 867 789 negent,
905 719 1171 771 Adamum
1203 726 1390 769 natura
1421 716 1704 768 mortalem

162 829 265 867 esse
312 822 693 881 procreatum;
727 821 853 865 sunt
880 812 1045 864 etiam
1078 812 1168 879 qui
1205 808 1487 861 mortalem
1519 817 1569 859 et
1607 808 1708 857 im-

162 907 421 959 mortalem
457 912 650 957 itatura
680 904 927 957 eﬂ‘ectum
951 918 1070 956 esse
1101 903 1301 965 velint;
1334 910 1459 953 sunt
1479 900 1709 967 denique

164 997 241 1062 qui
298 1008 472 1062 neque
535 995 819 1047 mortalem
874 1008 1046 1061 neque
1099 991 1458 1044 immortalem
1517 1002 1705 1041 natura

164 1085 420 1139 conditum
459 1084 751 1139 affirmem.
797 1083 899 1149 Qui
946 1091 1143 1154 negant
1192 1082 1469 1135 mortalem
1516 1091 1708 1132 natura

162 1185 381 1229 creatum
418 1192 445 1228 a
477 1176 587 1229 Deo
615 1190 736 1230 esse
760 1215 776 1241 ,
807 1177 1013 1236 dicunt,
1050 1174 1211 1227 morti
1243 1174 1536 1225 obnoxium
1586 1186 1707 1225 esse

164 1264 343 1320 facium
402 1282 497 1334 per
543 1268 779 1320 divinam
829 1266 1149 1320 sententiam
1190 1279 1296 1333 qua
1329 1266 1394 1316 ob
1431 1272 1707 1331 peccatum

166 1366 237 1411 est
268 1367 439 1412 morte
463 1362 750 1413 damnatus
778 1375 792 1412 :
821 1367 980 1427 atque
1013 1358 1062 1411 id
1091 1365 1368 1425 peccatum
1407 1355 1481 1407 illi
1516 1354 1705 1407 mortis

162 1460 362 1503 causam
410 1449 582 1504 fuisse
626 1450 925 1503 secundum
964 1449 1050 1502 illa
1093 1446 1191 1501 Dei
1219 1447 1378 1500 verba
1419 1462 1432 1497 :
1467 1444 1582 1507 Quo
1620 1445 1706 1496 die

163 1543 310 1594 ederis
338 1543 405 1595 de
438 1541 533 1593 illa
567 1540 752 1593 arbore
774 1582 788 1605 ,
821 1550 987 1593 morte
1030 1539 1293 1591 morieris.
1327 1537 1492 1590 Alteri
1520 1576 1535 1599 ,
1570 1550 1708 1602 quos

164 1632 382 1685 diximus
417 1632 701 1685 mortalem
738 1631 1293 1710 atqnedimmortalem
1330 1640 1523 1682 natura
1556 1629 1704 1681 illum

163 1722 323 1776 facere
352 1739 369 1775 :
400 1725 505 1777 hoc
537 1724 602 1776 ad
630 1723 891 1785 animum,
926 1723 1066 1778 istud
1099 1724 1165 1776 ad
1214 1737 1412 1789 corpus
1443 1722 1702 1775 referunt.

165 1811 313 1865 Tertii
342 1812 578 1881 denique
604 1814 693 1881 qui
737 1823 989 1881 utraque,
1020 1821 1074 1867 et
1104 1813 1485 1866 mortalitatem
1517 1820 1565 1865 et
1602 1812 1701 1863 im.

1812 634 2052 696 nataeque
2094 629 2237 683 fidei.
2266 628 2402 682 Nam
2457 632 2712 685 dominus
2743 632 2997 696 Joannes,
3034 651 3094 689 ea
3131 638 3375 692 oratione

1817 733 1979 786 quam
2043 720 2106 770 ad
2173 720 2443 788 Stagrium
2484 722 2808 776 monachum
2866 726 3078 794 scripsit
3123 726 3260 796 (5i),
3296 730 3374 781 sic

1812 807 1973 861 habet
2008 826 2020 861 :
2056 809 2309 862 Nondum
2342 818 2542 863 certain
2571 812 2795 865 habebat
2819 814 3054 869 Adamus
3086 817 3369 869 immorta—

1811 900 1974 953 litatis
2029 916 2200 967 spem.
2237 902 2299 955 Et
2348 918 2540 957 rursus
2583 907 2825 958 oratione
2872 921 3032 974 quam
3071 910 3135 961 de
3182 910 3374 964 arbore

1815 989 2056 1041 scientia:
2091 990 2213 1041 Ιιοιιί
2261 1000 2314 1041 et
2344 992 2466 1043 mali
2501 995 2804 1058 composuit
2834 1012 2848 1048 :
2880 996 3069 1047 Anima
3098 1034 3112 1058 ,
3154 997 3363 1064 inquit,

1814 1088 2002 1131 natura
2054 1081 2377 1133 immortalis
2405 1091 2486 1133 est
2511 1121 2525 1144 ,
2564 1093 2618 1134 at
2655 1086 2878 1137 mortale
2918 1096 3109 1138 natura
3143 1102 3362 1155 corpus.

1812 1170 1894 1221 Ad
1928 1170 2018 1223 tibi
2052 1174 2149 1223 tria
2188 1172 2349 1224 verba
2383 1173 2610 1239 explicat
2656 1176 2747 1241 qui
2788 1176 2838 1225 in
2871 1176 3005 1228 libro
3033 1176 3136 1228 Job
3160 1179 3359 1244 scripta

1811 1268 2024 1311 exstant
2054 1278 2066 1312 :
2100 1261 2200 1323 Qui
2226 1278 2401 1314 servus
2445 1273 2517 1314 est
2552 1279 2649 1315 non
2686 1264 2857 1330 ﬁdelis
2884 1265 3014 1331 (52),
3053 1268 3130 1320 sic
3157 1269 3231 1321 ait
3263 1285 3278 1321 :
3312 1269 3368 1322 Si

1812 1353 1973 1403 homo
2000 1366 2121 1403 cum
2152 1353 2606 1407 immortalitatem
2634 1366 2821 1424 suapte
2851 1368 3041 1409 natura
3075 1372 3178 1410 non
3206 1360 3369 1411 hale-

1810 1452 1891 1495 ret
1920 1484 1937 1507 ,
1988 1444 2225 1496 cervices
2259 1444 2485 1511 jactavit
2509 1485 2522 1509 ,
2556 1446 2681 1513 quid
2714 1463 2816 1500 non
2863 1447 3096 1512 fecisset,
3133 1449 3177 1503 si
3223 1450 3365 1501 illam

1812 1533 2123 1587 habuisset?
2170 1536 2498 1589 Athanasius
2535 1551 2788 1605 quoque,
2841 1539 3083 1591 oratione
3121 1539 3187 1592 de
3237 1551 3360 1592 orzn

1809 1627 2099 1695 corporali,
2121 1628 2309 1681 scribit
2342 1627 2514 1683 fuisse
2534 1629 2807 1682 hominem
2838 1640 3032 1684 natura
3063 1632 3369 1695 mortalem,

1810 1718 1991 1786 utqui
2049 1732 2114 1771 ex
2156 1718 2316 1770 rebus
2367 1717 2525 1773 ﬂitxis
2573 1726 2715 1773 esset
2770 1719 3073 1788 colligatus.
3126 1720 3369 1789 Denique

1809 1808 2062 1875 Cyr-illus.
2103 1810 2349 1861 oratione
2391 1820 2580 1863 octava
2630 1811 2887 1863 adversus
2943 1810 3167 1877 impium
3196 1809 3371 1864 Julia-

165 1879 535 1957 mortalitatem
563 1941 577 1966 ,
612 1879 805 1955 natura
833 1942 847 1963 .
880 1879 958 1956 illi
994 1904 1230 1970 ingenita
1268 1903 1438 1955 fuisse
1485 1908 1701 1969 negant,
1738 1879 1779 1932 Β
1814 1913 1966 1960 num,
1994 1899 2044 1951 in
2074 1899 2217 1951 hunc
2250 1899 2468 1950 modum
2504 1898 2744 1967 loquitur
2771 1917 2785 1951 :
2818 1900 2953 1952 Cum
2984 1900 3153 1952 Adam
3183 1910 3372 1969 contra

165 1996 482 2047 arbitrantur
522 1994 695 2047 media
744 1993 1059 2048 conditione
1090 2003 1265 2048 ortqu
1314 1994 1521 2058 fuisse;
1570 2001 1627 2046 ut
1665 1992 1709 2045 si

163 2081 359 2149 corpori
401 2081 616 2134 deditus
661 2082 822 2133 vitam
857 2082 1125 2149 agitaret,
1162 2080 1411 2132 mortalis
1445 2098 1457 2133 :
1489 2080 1570 2133 sin
1600 2080 1714 2131 ani-

166 2186 252 2224 mae
278 2186 387 2224 sua:
418 2171 675 2238 praeclara
711 2171 890 2223 studia
916 2179 1215 2224 sectaretur
1238 2169 1572 2236 coleretque,
1608 2171 1711 2221 iiii-

166 2262 392 2315 mortalis
440 2262 710 2315 evaderet.
756 2261 864 2315 Nos
914 2275 1039 2314 vero
1079 2261 1402 2323 statuimus,
1444 2261 1710 2312 Atlamum

166 2360 339 2405 natura
368 2351 652 2404 mortalem
683 2365 801 2405 esse
833 2351 1209 2419 progenitum,
1243 2350 1401 2417 idque
1433 2351 1514 2402 liis
1551 2350 1708 2401 colli-

165 2442 325 2511 gimus
364 2443 726 2511 argumentis.
757 2440 939 2494 Primo
960 2479 976 2505 ,
1015 2440 1347 2507 compositus
1377 2447 1461 2491 est
1490 2454 1551 2491 ex
1587 2439 1721 2506 pnl-'

164 2550 273 2588 vere
302 2544 360 2588 ut
395 2536 654 2598 materia;
691 2534 741 2587 id
777 2549 903 2587 vero
938 2533 1081 2600 quod
1114 2547 1177 2586 ex
1227 2534 1447 2600 pulvere
1495 2531 1711 2583 confor-

166 2632 351 2676 matum
396 2625 699 2691 fictumque
725 2632 808 2677 est
839 2623 1067 2676 mortale
1103 2610 1223 2675 esse
1256 2630 1447 2688 suapte
1494 2631 1709 2679 natura,

166 2726 352 2768 certum
387 2723 496 2768 est.
525 2713 796 2777 Secundo,
826 2715 950 2782 quia
983 2728 1105 2765 cum
1136 2712 1306 2764 virilis
1341 2725 1405 2763 ac
1435 2711 1712 2763 muliebris
1758 2752 1767 2765 .

167 2814 312 2852 sexus
350 2800 671 2854 discrimine
708 2790 977 2853 conditus’
1009 2807 1093 2851 est
1142 2813 1156 2849 :
1207 2795 1349 2864 quod
1392 2795 1713 2848 mortalibus

166 2891 441 2960 congruit,
481 2890 882 2943 immortalibus
924 2904 1291 2958 nequaquam.
1325 2886 1510 2941 Tertio
1537 2927 1551 2951 ,
1583 2886 1711 2954 quia

166 2996 468 3048 procreatus
497 2992 582 3035 est
605 2996 727 3034 eum
763 2982 936 3035 oculis
969 2983 1058 3048 qui
1096 2995 1275 3033 escam
1308 2986 1639 3046 appeterent,
1662 2985 1713 3029 ct

166 3075 399 3127 utanibus
443 3088 583 3141 quas
622 3073 770 3125 illius
822 3072 1070 3126 sumendi
1124 3072 1297 3138 gratia
1346 3070 1709 3137 protenderet,

164 3161 377 3230 denique
400 3178 525 3215 cum
555 3163 697 3215 vasis
721 3177 839 3230 qua:
866 3162 1179 3213 alimentum
1206 3162 1512 3226 exciperent
1538 3158 1712 3210 couti-

164 3262 445 3319 uereutque
482 3268 495 3302 :
531 3252 646 3305 lia-c
695 3252 838 3303 enim
890 3251 954 3303 iis
1003 3252 1164 3302 modo
1211 3249 1408 3316 quibus
1464 3246 1709 3299 mortalis

164 3352 340 3395 natura
383 3342 618 3410 obtigit,
681 3342 800 3395 usui
848 3357 967 3396 esse
1020 3352 1267 3409 possunt,
1308 3338 1706 3392 immortalibus

173 3434 359 3484 frustra
409 3433 629 3485 dentur.
674 3429 899 3494 Quarto,
949 3439 1157 3483 caetera:
1203 3445 1288 3481 res
1329 3443 1465 3494 quas
1514 3426 1707 3479 Adaini

164 3523 321 3587 gratia
370 3522 618 3575 condidit
662 3521 837 3583 Deus,
875 3521 1007 3574 satis
1042 3529 1275 3587 arguunt
1322 3517 1474 3569 illum
1516 3525 1707 3569 natura

164 3612 430 3664 mortalem
452 3625 572 3665 esse
588 3610 808 3665 fautum.
826 3609 1093 3675 Quorsum
1112 3610 1255 3663 enim
1270 3620 1409 3663 terra
1425 3624 1558 3676 opus
1572 3608 1710 3661 erat?

171 3716 424 3768 quorsum
464 3702 803 3753 firmamento
827 3710 906 3759 (ut
924 3701 1174 3768 vocant)?
1194 3714 1451 3769 quorsum
1477 3699 1709 3751 lucenti-

164 3791 251 3845 bus
280 3793 330 3844 in
366 3795 472 3845 hoc
518 3792 726 3844 stellis?
751 3777 1007 3860 quorsum
1028 3791 1264 3859 piscibus
1293 3791 1712 3858 volucribusque

162 3898 268 3949 qua:
291 3883 627 3935 mactantur?
646 3895 903 3949 quorsum
919 3883 1197 3950 jumentis,
1218 3881 1441 3947 aliisque
1460 3882 1709 3933 animan-

163 3974 292 4025 tibus
315 3988 435 4040 qua?
461 3973 656 4038 partim
683 3973 944 4034 serviunt,
968 3973 1072 4024 alia
1101 3972 1367 4025 eduntur?
1399 3974 1541 4023 Sane
1562 3971 1710 4025 hisce

161 4062 401 4114 omnibus
439 4076 549 4113 non
574 4070 800 4112 utuntur
832 4061 922 4129 qui
950 4060 1057 4112 vita
1084 4058 1339 4112 fruuntur
1365 4059 1655 4113 immortali
1690 4075 1703 4110 :

161 4150 244 4200 sed
288 4151 360 4203 illi
395 4152 500 4204 soli
544 4153 634 4219 qui
684 4152 885 4204 ﬂuxam
929 4161 1090 4219 atque
1124 4152 1383 4204 caducam
1415 4151 1701 4205 sustinent.

162 4240 370 4306 Quinto,
397 4257 468 4295 ex
502 4242 615 4307 lege
642 4256 758 4309 qum
782 4241 989 4295 Adamo
1014 4250 1095 4293 est
1115 4256 1144 4293 a
1176 4241 1415 4310 genitore
1443 4240 1550 4293 Deo
1574 4254 1710 4306 pra:-

164 4330 345 4397 scripta
367 4369 383 4393 ,
423 4330 714 4411 coniicitur
744 4330 893 4381 illum
925 4330 1138 4382 mortali
1174 4330 1484 4391 conditione
1530 4338 1707 4381 ortum

163 4434 270 4474 esse
300 4441 313 4474 :
347 4421 497 4475 vesci
550 4421 693 4475 enim
730 4436 793 4474 ac
850 4437 955 4475 non
988 4422 1131 4474 vesci
1184 4422 1282 4474 hac
1345 4431 1437 4473 aut
1488 4421 1577 4473 illa
1633 4436 1709 4485 re,

1817 1984 1907 2038 Dei
1954 1987 2123 2054 legem
2181 1987 2436 2053 fecisset,
2474 1997 2649 2041 morte
2686 1997 2771 2041 est
2818 1989 3143 2054 danmatus,
3174 2006 3279 2059 qua
3319 2005 3374 2043 re

1814 2077 1959 2145 quod
2007 2089 2198 2129 natura
2232 2080 2475 2130 mortalis
2502 2088 2665 2141 esset,
2705 2079 3051 2148 arguebatur.
3088 2080 3372 2144 Cat-ternm,

1813 2168 2067 2221 dominus
2094 2167 2334 2221 Jacobns
2374 2169 2719 2239 Sarugensis,
2755 2185 2815 2223 ea
2851 2172 3097 2224 oratione
3126 2187 3230 2238 qua
3263 2171 3375 2223 dis-

1815 2260 1965 2320 serit,
2000 2260 2229 2312 fueritne
2263 2260 2428 2311 Adam
2458 2261 2706 2313 mortalis
2755 2262 3003 2315 conditus
3042 2276 3108 2314 an
3146 2263 3372 2314 immoro

1817 2350 1939 2403 talis
1967 2390 1984 2415 ,
2018 2350 2225 2411 scribit,
2271 2352 2535 2404 Adamum
2586 2353 2863 2405 mortalem
2907 2364 2959 2406 et
3014 2355 3370 2408 immortalem

1817 2441 1982 2495 fuisse
2025 2443 2336 2506 conditum,
2386 2460 2509 2496 cum
2552 2444 2721 2512 ipsius
2778 2445 2947 2497 libero
2981 2447 3215 2500 arbitrio
3248 2464 3372 2512 per.

1816 2535 2118 2586 mitteretur
2149 2549 2177 2586 a
2218 2533 2322 2587 Deo
2359 2542 2420 2587 ut
2466 2536 2546 2588 vel
2581 2536 2866 2589 observata
2908 2536 3020 2605 lege
3057 2539 3375 2594 immortalis

1813 2636 1986 2687 esset,
2021 2625 2100 2678 vel
2136 2626 2305 2678 fracta
2358 2635 2681 2681 moreretur.
2715 2627 2785 2679 At
2815 2628 3141 2683 Pliilohenus
3168 2669 3182 2691 ,
3216 2630 3376 2699 Capi-

1817 2718 1948 2769 tulis
1979 2732 2099 2784 quae
2151 2717 2412 2791 adversus
2456 2716 2753 2771 Diodorum
2799 2720 3104 2786 composuit
3138 2739 3150 2773 :
3185 2719 3376 2773 Teme-

1814 2803 1990 2864 raria,
2024 2802 2235 2870 inquit,
2282 2803 2506 2856 audacia
2558 2815 2660 2867 est,
2693 2807 2959 2858 Adamum
3015 2808 3372 2863 immortalem

1814 2893 1993 2946 dicere
2041 2902 2231 2961 suapte
2280 2903 2508 2973 natura“
2546 2898 2659 2948 sive
2691 2907 2804 2949 tum
2860 2911 2982 2949 enm
3032 2899 3370 2967 gignebatur,

1813 2983 1925 3035 sive
1974 2992 2257 3051 postquam
2306 2987 2683 3038 resurrexerit.
2736 2986 2837 3050 Qui
2891 2996 3065 3055 potest
3118 2991 3259 3042 enim
3313 3008 3372 3043 ra

1814 3084 2007 3125 natura
2056 3058 2373 3127 iuimortalis
2421 3076 2610 3128 haberi
2658 3093 2777 3144 qua:
2816 3093 2877 3130 ex
2928 3079 3097 3131 nihilo
3126 3089 3373 3139 creatur,

1818 3166 2205 3240 pet-liciturque
2228 3165 2451 3218 alterius
2475 3167 2670 3233 jussu?
2694 3166 2825 3218 Nam
2868 3169 3026 3221 etiam
3071 3171 3111 3222 si
3143 3171 3376 3237 gratuito

1817 3255 1917 3321 ipsi
1958 3269 2275 3308 concessum
2306 3256 2516 3317 fuisset,
2544 3268 2602 3309 ut
2635 3259 2796 3310 vitam
2833 3261 3212 3327 sempiternam
3250 3279 3323 3329 ag.
3350 3292 3373 3302 -

1818 3354 1918 3404 ret,
1968 3358 2073 3396 non
2127 3344 2246 3396 ideo
2285 3346 2604 3399 immortalis
2664 3356 2854 3400 natura
2914 3350 3177 3403 dicendus
3214 3359 3373 3405 erat:

1815 3436 2010 3502 quippe
2034 3436 2203 3513 cujus
2238 3438 2342 3487 vita
2380 3436 2431 3487 in
2467 3437 2687 3490 alterius
2726 3450 2867 3490 esset
2911 3448 3195 3505 poti-state.
3267 3441 3370 3508 Igi-

1817 3536 1905 3578 tur
1938 3536 1990 3578 et
2024 3527 2068 3578 si
2110 3528 2163 3579 in
2205 3536 2462 3579 a~ternnm
2508 3543 2612 3581 non
2652 3528 2841 3583 fuisset
2880 3533 3193 3595 moriturus,
3228 3548 3377 3585 mor-

1817 3618 1939 3671 talis
1989 3627 2165 3671 tamen
2216 3630 2360 3681 erat;
2401 3635 2590 3685 nempe
2648 3620 3023 3675 immortalitas
3077 3624 3140 3674 ad
3200 3625 3371 3677 solum

1820 3712 1982 3762 Deum
2011 3720 2217 3778 spectat
2243 3727 2256 3771 ;
2285 3720 2336 3764 et
2364 3712 2407 3763 si
2428 3712 2532 3764 ulla
2569 3712 2636 3764 sit
2670 3723 2860 3766 natura
2891 3731 3011 3782 qua:
3038 3731 3140 3768 non
3176 3716 3373 3770 dissol-

1816 3803 1959 3855 vitur
1988 3817 2087 3854 nec
2122 3802 2229 3854 ullo
2264 3804 2451 3854 mortis
2498 3804 2605 3855 fato
2654 3806 2954 3869 perimitur,
3011 3806 3059 3857 id
3096 3822 3157 3859 ex
3203 3811 3372 3873 gratia

1819 3892 2075 3945 donatum
2108 3892 2208 3944 sibi
2257 3894 2323 3944 ab
2352 3894 2441 3946 illo
2474 3894 2669 3959 habet;
2703 3896 2842 3962 quod
2874 3908 3049 3948 autem
3086 3898 3237 3951 alteri
3279 3916 3372 3954 ac-

1820 3996 2036 4052 ceptum
2084 3982 2273 4043 fertur,
2310 3984 2360 4037 id
2410 4001 2598 4039 rursus
2630 4001 2725 4051 pro
2757 3988 2899 4041 illius
2946 3989 3168 4042 arbitrio
3208 3991 3371 4043 adimi

1818 4082 2017 4137 potest.
2048 4074 2315 4127 Caeterum
2345 4077 2412 4128 de
2437 4074 2645 4129 Adamo
2670 4077 2872 4130 clarum
2907 4089 3006 4140 est,
3044 4081 3087 4132 si
3119 4082 3370 4135 mandato

1819 4162 2321 4229 obtemperavisset,
2354 4162 2592 4216 futurum
2625 4165 2790 4219 fuisse
2816 4174 2874 4218 ut
2898 4182 3000 4219 non
3027 4169 3199 4221 obiret
3228 4186 3371 4220 mor-

1821 4260 1959 4316 tem;
1999 4266 2102 4303 non
2134 4252 2274 4318 quod
2324 4253 2415 4306 tali
2470 4255 2776 4307 conditione
2815 4264 2957 4309 esset
2987 4260 3235 4326 genitus,
3278 4260 3370 4313 sed

1822 4358 1920 4411 pro
1958 4340 2241 4395 El'fectoris
2286 4344 2368 4396 sui
2403 4359 2548 4396 mera
2600 4346 2963 4413 benignitate,
3001 4364 3189 4400 rursus
3220 4359 3371 4418 post-

1825 4450 1985 4502 quam
2021 4438 2340 4497 resurrexit,
2369 4437 2622 4505 deinceps
2653 4452 2871 4506 quoque
2895 4454 2998 4491 non
3026 4441 3370 4506 moriturum,

166 4514 413 4568 mortales
440 4514 759 4604 jubentur,
777 4528 880 4567 non
936 4513 1289 4565 immortales.
1334 4510 1706 4604 Sestopidem
1743 4528 1790 4585 ι)
1817 4529 1908 4581 sed
1949 4536 1999 4580 ει
2040 4527 2087 4579 id
2140 4542 2354 4595 qunque
2394 4543 2489 4595 per
2524 4530 2749 4596 gratiam
2797 4531 3002 4599 opiﬁris
3038 4532 3151 4586 Dei.
3191 4534 3372 4604 Neque

162 4605 419 4674 colligitur
445 4620 515 4658 ex
538 4605 714 4657 verbis
742 4602 828 4656 Dei
853 4618 975 4675 qua;
999 4613 1123 4655 ante
1152 4605 1458 4656 mandatum
1484 4601 1549 4655 ad
1572 4603 1712 4655 Ada-

164 4710 295 4749 mum
327 4697 567 4749 faciebat
598 4696 843 4763 inquiens
873 4713 886 4748 :
932 4694 1157 4748 Crescite
1180 4706 1225 4747 ct
1259 4695 1707 4763 multiplicamini,

159 4796 200 4835 et
216 4786 563 4839 dominamini
586 4786 813 4854 piscibus
839 4787 1006 4838 maris
1049 4795 1095 4838 et
1120 4786 1410 4838 volucribus
1441 4786 1553 4837 arti
1576 4827 1588 4847 ,
1618 4794 1705 4839 et:

164 4876 281 4931 Dedi
316 4878 461 4932 vobis
515 4894 665 4931 omne
712 4894 881 4931 semen
922 4880 1061 4947 quod
1106 4879 1414 4941 seminatur,
1448 4889 1494 4929 ct
1537 4879 1706 4929 omnis

163 4968 304 5019 arbor
318 4970 417 5021 erit
450 4967 598 5021 vobis
624 4983 716 5036 pro
740 4969 871 5019 cibo.
903 4966 1165 5035 Septimo,
1196 4968 1297 5019 nisi
1328 4967 1538 5019 mortali
1565 4975 1706 5020 statu

164 5056 375 5112 eﬂeCtus
411 5059 611 5111 fuisset
668 5058 830 5110 etiam
863 5068 920 5111 ut
960 5058 1127 5127 legem
1176 5056 1423 5126 fregisset
1469 5072 1572 5109 non
1610 5058 1708 5109 ob-

163 5147 331 5203 ivisset
353 5159 613 5208 mortem,
632 5158 687 5203 ut
703 5150 855 5213 obiit;
878 5164 1050 5217 neque
1071 5151 1213 5202 enim
1235 5149 1502 5211 diabolus,
1527 5164 1709 5216 qnam-

163 5240 232 5291 vis
248 5242 512 5308 peccavit,
539 5240 994 5293 immortalitatem
1020 5240 1198 5292 amisit
1214 5256 1373 5307 quam
1392 5241 1444 5292 in
1466 5256 1565 5294 suo
1585 5248 1703 5292 ortn

161 5341 449 5400 acceperat.
489 5331 696 5386 Octavo
718 5370 734 5395 ,
773 5332 1108 5401 compositus
1137 5322 1219 5386 est
1250 5333 1415 5385 Adam
1446 5346 1509 5384 ex
1543 5332 1705 5385 rebus

162 5410 410 5490 divertiis;
442 5423 497 5478 id
526 5438 652 5476 vero
679 5424 997 5492 compositis
1026 5423 1275 5477 omnibus
1302 5423 1573 5491 peculiare
1599 5430 1701 5482 est,

161 5520 211 5562 ut
236 5514 282 5565 in
313 5529 374 5567 ea
422 5514 769 5569 dissolubilia
801 5515 910 5568 sint
946 5529 1009 5569 ex
1041 5515 1241 5583 quibus
1274 5514 1518 5582 colligata
1554 5515 1701 5565 essi-

158 5650 539 5773 D‘ti’lrlofizstat
567 5652 721 5707 locus
742 5654 830 5708 hic
862 5655 1000 5723 apud
1034 5654 1500 5725 Chrysostomum,
1528 5652 1620 5704 lib.
1646 5666 1706 5712 ti,

217 5764 337 5853 téi-J'
479 5794 551 5845 ad
586 5793 852 5861 Stagrium
880 5793 1040 5849 Forte
1068 5794 1139 5848 ibi
1167 5809 1340 5848 servus
1378 5793 1505 5847 liber
1552 5810 1580 5844 (ι
1608 5790 1706 5844 υσ-

1818 4617 1959 4669 enim
1996 4617 2201 4684 alisque
2245 4619 2502 4683 periculo,
2538 4629 2762 4672 auttnm
2808 4638 2928 4675 cum
2967 4626 3227 4692 gigneret,
3278 4637 3373 4680 aut

1816 4722 1936 4759 cum
1980 4709 2258 4760 sust-itabit
2290 4725 2317 4760 a
2345 4711 2593 4773 mortuis,
2625 4710 2807 4766 fecerit
2860 4726 3049 4767 natura
3086 4718 3367 4771 immorta-

1816 4799 1945 4852 lem.
1990 4797 2062 4849 Ex
2095 4800 2177 4852 his
2212 4801 2462 4854 omnibus
2492 4804 2800 4868 conficitur,
2831 4806 3098 4859 Adamuin
3147 4811 3367 4862 mortali

1816 4888 2122 4941 conditione
2156 4899 2490 4956 procreatum
2523 4907 2663 4947 esse.
2701 4892 2916 4947 Interim
2968 4896 3221 4961 fatemur,
3266 4902 3369 4952 im.

1819 4980 2143 5032 mortalitate
2182 4981 2487 5035 donandum
2526 4998 2555 5036 a
2597 5000 2695 5036 suo
2728 4987 2979 5040 Genitore
3029 4988 3229 5052 fuisse,
3264 5006 3367 5043 non

1813 5070 2027 5139 quidem
2068 5072 2323 5136 naturali,
2360 5074 2452 5125 sed
2496 5076 2729 5142 gratuita
2762 5077 2805 5128 si
2844 5077 2943 5147 legi
2975 5080 3268 5146 paruisset.

2352 5222 2626 5277 CAPUT
2687 5221 2800 5276 Vl.

1812 5334 2043 5401 Objectio
2072 5333 2279 5387 Iuliani
2326 5334 2721 5387 Ilnlicarnussci
2748 5336 2858 5405 ('55)
2886 5379 2895 5399 ,
2920 5346 2967 5390 et
2998 5337 3108 5405 ejus
3144 5349 3369 5391 assecta-

2354 5407 2505 5458 lionis
2535 5408 2821 5458 hominum.

1870 5515 2116 5572 Julianus
2149 5517 2590 5571 Halicarnasseus
2611 5558 2624 5581 ,
2674 5529 2727 5572 et
2759 5517 2849 5586 qui
2879 5517 2997 5585 ejus
3032 5531 3191 5574 secta:
3220 5530 3365 5585 sunt,

1814 5652 1947 5702 mino
1979 5671 2070 5706 suo
2099 5656 2217 5717 (Job
2248 5673 2324 5716 Ill,
2360 5655 2466 5723 lli.)

1809 5791 1839 5845 lg
1884 5723 1997 5790 (55)
2035 5724 2107 5776 Di-
2136 5725 2349 5780 Jttliauo
2379 5724 2798 5781 llalittarnasseo
2835 5725 2955 5781 vide
2990 5726 3207 5779 Snidaiu
3244 5740 3338 5794 pro

1832 5808 1931 5845 iac.
2780 5817 2784 5821 <

1832 5808 1931 5845 HC.
2780 5817 2784 5821 ‘
