4202 6430
770 402 877 463 6οὶ

2034 398 2258 459 )lOSlS
2301 403 2448 461 ΒΑΗ
2486 403 2731 463 (ΣΕΡΗΑ

3890 400 3996 463 6οι

765 515 952 567 dicunt
986 513 1156 566 Adam
1192 523 1381 567 natura
1437 511 1714 565 conditum
1759 525 1880 564 esse
1927 512 2290 564 immortalem
2321 529 2334 565 :
2368 524 2415 575 Α
2440 530 2501 568 ea
2527 514 2844 569 dissolubile
2874 528 2939 567 ex
2969 512 3169 582 quibus
3195 510 3372 566 fuerat
3401 510 3782 579 conjunctum;
3816 528 4001 565 verum

772 605 912 658 sicut
953 605 1135 657 anima
1162 620 1280 657 cum
1315 602 1550 656 naturali
1586 601 1993 654 imtnortalitate
2021 610 2200 653 creata
2234 610 2334 663 est,

768 708 875 744 non
919 702 1097 745 autem
1132 692 1404 761 gratuita;
1439 700 1493 744 et
1521 689 1627 745 nisi
1667 698 1943 759 peetasset
1968 730 1981 753 ,
2017 704 2335 743 mansurum

772 782 940 835 fuisse
961 821 975 843 ,
1010 781 1312 848 passionis,
1350 780 1754 848 corruptionis,
1800 779 1993 833 mortis
2017 788 2287 831 exsortem
2319 794 2333 831 :

770 881 823 923 et
850 870 1064 939 quidem
1098 870 1212 923 haec
1238 870 1419 923 omnia
1447 884 1511 923 ex
1544 878 1733 938 suapte
1765 878 1956 923 natura
1980 910 1993 932 ,
2022 868 2221 937 quippe
2244 867 2339 937 qui

776 962 825 1013 in
867 975 929 1013 ea
966 977 1156 1016 rursus
1196 961 1533 1015 dissolubilis
1568 976 1673 1013 non
1712 959 1877 1013 fuerit
1910 976 1973 1013 ex
2003 959 2201 1027 quibus
2226 968 2342 1012 erat

771 1059 1199 1118 coagmentatus.
1236 1049 1409 1105 Porro
1441 1051 1569 1118 quia
1602 1051 1862 1103 adversus
1890 1050 2058 1117 legem
2092 1047 2181 1101 Dei
2217 1046 2342 1101 fecit

775 1149 940 1210 atque
987 1142 1250 1210 deliquit,
1295 1143 1415 1195 ideo
1472 1142 1763 1195 multatum
1815 1156 1935 1193 esse
1986 1148 2101 1193 tum
2151 1144 2343 1194 anima:

778 1242 949 1287 morte
989 1249 1109 1301 quae
1155 1246 1236 1287 est
1284 1233 1611 1287 abalienatio
1655 1248 1686 1286 a
1732 1232 1843 1285 Deo
1877 1246 1971 1300 per
2014 1242 2338 1301 peccatum:

778 1333 890 1373 tum
922 1324 1198 1390 corporis,
1235 1337 1356 1390 qua:
1383 1331 1468 1375 est
1499 1320 1819 1375 dissociatio
1856 1320 1922 1371 ab
1955 1320 2054 1374 hac
2080 1322 2186 1374 vita
2220 1335 2341 1388 qua:

776 1411 909 1480 ipsis
938 1412 1212 1478 corporeis
1246 1413 1500 1467 sensibus
1527 1414 1840 1481 percipitur.
1869 1409 1961 1465 His
1994 1426 2092 1464 nos
2118 1426 2344 1479 respon-

776 1502 967 1555 demus
1003 1519 1016 1555 :
1052 1501 1109 1554 Si
1168 1513 1422 1555 naturam
1483 1504 1724 1556 Adamus
1775 1518 1895 1556 cum
1943 1510 2343 1569 procrearetur,

778 1593 1078 1659 accepisset
1106 1592 1468 1645 immortalem
1507 1602 1566 1645 ut
1592 1608 1687 1645 vos
1710 1592 1887 1645 dicitis
1916 1607 1930 1646 :
1960 1606 2022 1644 ca
2048 1606 2176 1644 sane
2202 1591 2344 1644 haud

786 1691 988 1733 mutata
1020 1694 1163 1734 esset
1210 1682 1261 1733 in
1294 1682 1574 1734 mortalem
1624 1697 1718 1749 per
1748 1691 2051 1749 peceatum,
2089 1691 2145 1733 ut
2173 1694 2347 1747 neque

786 1773 998 1825 Sataua:
1035 1773 1416 1825 immortalitas
1446 1773 1734 1834 naturalis,
1762 1786 1883 1825 cum
1913 1771 2241 1823 mortalitate
2266 1778 2349 1823 est

782 1872 1110 1915 commutata
1140 1872 1425 1931 postquam
1456 1864 1719 1916 adversus
1744 1861 1906 1914 Deum
1936 1860 2182 1928 deliquit.
2212 1860 2349 1914 Rur-

783 1967 877 2003 sus
905 1971 918 2005 :
943 1952 987 2005 si
1015 1962 1071 2004 ut
1102 1955 1279 2004 anima
1306 1952 1471 2021 (quod
1505 1967 1597 2005 vos
1630 1951 1952 2017 affirmatis),
1977 1950 2047 2001 ita
2079 1960 2132 2002 et
2155 1965 2352 2018 corpus

786 2048 979 2093 natura
1034 2041 1339 2094 immortale
1384 2051 1724 2110 procreatum
1778 2040 1917 2103 fuit,
1957 2050 2115 2107 atque
2171 2040 2349 2108 ipsum

782 2133 984 2186 violare
1016 2134 1208 2201 legem,
1240 2148 1344 2186 non
1376 2133 1535 2187 modo
1566 2134 1801 2200 corpori,
1829 2133 1919 2186 sed
1959 2132 2128 2200 magis
2161 2132 2353 2184 anima:

784 2222 939 2290 cujus
999 2224 1224 2291 imperio
1274 2225 1405 2277 illttd
1451 2226 1735 2293 regebatur
1766 2224 2143 2292 imputandum
2202 2222 2350 2275 fuit:

791 2334 889 2371 cur
935 2328 1151 2384 patrato
1186 2317 1408 2387 flagitio,
1438 2333 1633 2386 corpus
1667 2317 1886 2385 quidem
1940 2317 2219 2369 mortalem
2256 2330 2353 2367 na-

788 2420 967 2462 turam
1007 2409 1202 2471 induit,
1227 2409 1407 2461 anima
1439 2424 1567 2461 vero
1596 2424 1747 2461 suam
1784 2409 1884 2461 sibi
1922 2417 2113 2459 natura
2139 2408 2354 2458 insitam

789 2500 1247 2553 immortalitatem
1302 2498 1560 2552 retinuit?
1587 2498 1686 2551 Sed
1710 2498 1901 2551 dicetis
1939 2497 2097 2549 etiam
2122 2495 2355 2548 animam

791 2607 883 2659 per
926 2602 1205 2660 peccatum
1240 2592 1442 2644 obiisse
1494 2592 1748 2659 mortem!
1790 2589 1895 2642 Sed
1938 2587 2068 2657 qttid
2119 2587 2359 2655 corpus?

790 2697 969 2735 annon
1010 2682 1187 2749 ipsum
1222 2697 1440 2749 quoque
1489 2697 1584 2749 per
1628 2690 1903 2749 porculum
1940 2680 2111 2732 obiit?
2161 2678 2216 2732 Si
2263 2693 2356 2731 ne-

794 2774 952 2841 gatis,
980 2771 1102 2825 falsi
1131 2773 1296 2835 estis;
1323 2772 1405 2824 sin
1432 2770 1957 2834 fatemini,curcum
1983 2770 2181 2838 pariter
2201 2769 2360 2822 ambo

794 2872 985 2916 natura
1007 2872 1189 2915 essent
1214 2861 1542 2915 immortalia
1592 2863 1905 2929 pariterque
1928 2862 2221 2928 peccarint,
2244 2875 2362 2912 eor-

794 2968 896 3023 pus
928 2954 1125 3021 duplici
1183 2961 1357 3007 morte
1402 2952 1651 3005 allectum
1688 2962 1812 3005 est:
1854 2952 2090 3003 animam
2135 2964 2265 3002 vero
2298 2963 2360 3001 ea

795 3047 909 3101 sola
950 3061 1070 3114 qua:
1126 3045 1333 3113 peccati
1380 3059 1524 3096 mors
1569 3043 1788 3106 dicitur,
1841 3042 2072 3095 invasit?
2110 3039 2361 3094 Profecto

797 3138 927 3191 nihil
954 3138 1044 3192 hic
1087 3137 1191 3189 illis
1218 3137 1411 3205 reliqui
1436 3146 1516 3190 est
1542 3136 1686 3205 quod
1714 3133 2077 3202 respondeant
2108 3151 2120 3186 :
2152 3148 2363 3187 verum—

804 3232 951 3281 enim
990 3246 1117 3281 vero
1153 3229 1426 3290 corficite,
1464 3240 1554 3280 aut
1583 3229 1649 3280 ab
1680 3229 1795 3293 ipsa
1823 3236 2010 3278 natura
2034 3264 2047 3286 ,
2084 3234 2176 3278 aut
2205 3240 2232 3276 a
2278 3240 2367 3278 ra-

807 3321 953 3373 tione
1002 3322 1179 3387 pctitis
1223 3318 1595 3386 argumentis,
1637 3327 1729 3369 aut
1773 3318 2006 3383 denique
2055 3327 2364 3369 sanctorum

799 3411 1021 3466 Patrum
1056 3410 1406 3472 testimoniis,
1436 3410 1542 3462 nisi
1581 3424 1781 3476 corpus
1814 3424 1910 3461 sua
1947 3418 2137 3461 natura
2166 3408 2362 3459 factum

801 3520 920 3557 esse
952 3500 1251 3556 immortale
1274 3501 1429 3570 juxta
1453 3516 1515 3553 ac
1536 3500 1793 3562 animam,
1824 3514 1995 3567 neque
2022 3500 2071 3550 in
2106 3513 2166 3549 ea
2196 3498 2366 3551 disso-

802 3594 964 3647 lubile
980 3608 1174 3648 esseea
1198 3592 1393 3660 quibus
1415 3592 1719 3659 colligatum
1748 3599 1850 3651 est,
1878 3600 1929 3643 et
1956 3588 2367 3642 suliseribemus

804 3685 1031 3737 libentes
1064 3692 1254 3736 vestrae
1290 3682 1570 3734 sententiae
1605 3694 1778 3747 neque
1819 3676 2211 3731 contendemus
2248 3690 2368 3726 am-

812 3775 954 3842 plius
987 3774 1221 3841 gratuita
1254 3770 1664 3824 immortalitate
1691 3770 1998 3821 donandum
2029 3766 2193 3820 fuisse
2216 3780 2244 3817 a
2273 3779 2370 3818 suo

805 3863 1082 3929 Genitore,
1119 3865 1163 3917 si
1202 3871 1469 3931 praecepto
1498 3860 1788 3929 paruisset.

874 3956 1089 4009 Audent
1112 3956 1252 4008 idem
1278 3954 1483 4006 lanistae
1503 3954 1765 4005 lacessere
1792 3964 1885 4003 eos
1907 3950 1995 4017 qui
2013 3963 2227 4002 carnem
2248 3962 2370 4001 cor-

812 4046 1119 4116 ruptibilem
1148 4054 1338 4097 natura
1370 4045 1578 4105 dicunt,
1602 4041 1755 4111 quasi
1787 4040 1839 4092 hi
1870 4050 1923 4093 et
1955 4039 2124 4107 ipsam
2156 4054 2370 4091 carnem

814 4140 1005 4192 malam
1065 4152 1115 4191 ct
1168 4138 1350 4190 carnis
1390 4137 1549 4190 simul
1595 4134 1850 4203 Opificem
1901 4133 2102 4185 malum
2154 4132 2370 4185 fat-iant.

812 4232 921 4286 Nos
953 4247 1080 4285 vero
1104 4232 1362 4284 adversus
1390 4230 1489 4283 ista
1520 4228 1869 4296 producimus
1901 4227 1987 4279 dot
2009 4236 2154 4278 tores
2189 4225 2372 4278 Eccle-

813 4325 909 4379 sia:
935 4327 1143 4393 priscos
1174 4323 1343 4392 gloria
1370 4334 1422 4376 et
1449 4323 1602 4374 laude
1623 4322 1813 4389 dignos
1840 4337 1854 4373 :
1884 4320 1974 4388 qui
2003 4330 2054 4372 et
2086 4319 2128 4372 si
2158 4332 2371 4371 carnem

2388 3086 2430 3144 C

2440 608 2585 660 nulla
2616 615 2733 660 erat
2778 605 2970 659 mortis
3001 605 3053 657 in
3092 606 3209 672 ipso
3257 601 3591 667 efficientia;
3631 617 3805 670 neque
3855 605 3999 656 enim

2443 706 2504 747 ut
2554 696 2745 748 mortis
2802 694 3005 762 laqueis
3075 694 3458 762 subigeretur,
3521 692 3774 745 conditus
3824 691 4005 744 fuerat

2444 782 2608 837 homo
2642 783 2711 837 ab
2746 783 2919 848 initio,
2968 769 3269 849 sed'neque
3315 796 3508 835 rursus
3546 789 3605 834 ut
3647 790 3855 834 naturze
3886 796 4004 834 sor-

2444 882 2551 927 tem
2594 884 2875 943 superaret
2908 882 3164 941 essetque
3208 871 3559 934 immortalis,
3614 868 3706 924 sed
3740 884 3835 938 per
3878 885 4005 938 gra—

2443 964 2570 1017 tiam
2606 974 2771 1032 atque
2800 964 3186 1031 benignitatem
3220 961 3521 1015 voluntatis
3572 959 3768 1012 divina:
3821 974 4008 1012 serva-

2444 1055 2604 1108 batur
2684 1053 2751 1107 ad
2820 1056 2986 1107 vitam
3051 1054 3432 1122 sempiternam
3490 1060 3546 1106 et
3601 1051 4005 1115 immortalem,

2444 1145 2707 1199 voluntati
2756 1154 2937 1198 autem
2976 1144 3209 1208 divinae,
3262 1154 3453 1196 natura
3506 1157 3687 1195 rerum
3743 1142 4011 1194 obsistere

2446 1237 2654 1305 nequit.
2685 1235 2850 1304 Igitur
2868 1244 2922 1288 et
2948 1236 2992 1290 si
3025 1243 3219 1288 natura
3255 1233 3367 1302 ipsa
3395 1234 3538 1302 quod
3570 1241 4009 1301 coagmentatum

2446 1338 2551 1391 est.
2592 1345 2784 1384 rursus
2830 1331 3127 1384 dissolvere
3176 1328 3381 1396 cupiat,
3430 1337 3609 1379 tamen
3669 1328 3721 1379 in
3768 1327 4009 1385 homine.

2448 1417 2551 1471 hoc
2584 1418 2790 1473 malum
2821 1419 3044 1471 minime
3072 1417 3337 1487 quivisset
3366 1414 3605 1478 efficere,
3632 1414 3887 1483 impedita
3914 1429 4011 1481 per

2447 1508 2683 1562 divinam
2730 1508 3058 1560 voluntatem
3127 1516 3289 1573 atque
3352 1505 3618 1574 gratiam;
3682 1504 3796 1571 ipsa
3864 1504 4010 1556 enim

2449 1596 2755 1650 mortalitas
2812 1592 3069 1665 absorpta
3128 1595 3321 1648 fuisset
3374 1610 3402 1648 a
3453 1594 3603 1657 vita,
3656 1603 3709 1646 et
3762 1602 4011 1645 naturam

2448 1686 2774 1741 refrenasset
2802 1687 2983 1739 divina
3017 1684 3209 1755 gratia.
3239 1686 3306 1736 At
3344 1698 3472 1737 vero
3508 1683 3851 1735 mortalitatis
3885 1696 4013 1733 cor-

2457 1776 2715 1855 ruptricis
2766 1777 3036 1844 corporis,
3066 1791 3189 1844 qua:
3222 1773 3523 1827 efficienter
3575 1781 3659 1825 est
3693 1781 4015 1831 consecuta,

2454 1868 2576 1922 fons
2606 1876 2659 1923 et
2693 1869 2846 1936 origo
2881 1868 2983 1919 fuit
3008 1877 3291 1937 peccatum
3338 1874 3499 1933 atque
3544 1864 3806 1916 adversus
3837 1864 4014 1929 legem

2452 1960 2753 2013 admissum
2793 1959 3026 2013 facinus.
3081 1958 3235 2011 Tunc
3277 1958 3421 2012 enim
3474 1956 3681 2022 occepit
3727 1969 3875 2007 mors
3926 1968 4016 2015 ca,

2455 2067 2577 2119 quae
2629 2049 2772 2119 quod
2822 2050 3183 2118 compositum
3240 2055 3322 2101 est
3377 2046 3646 2108 disSolvit,
3697 2044 3802 2095 vim
3858 2058 4018 2097 suam

2454 2151 2617 2210 atque.
2667 2141 3044 2194 cfficacitatem
3098 2142 3149 2192 in
3202 2140 3424 2192 homine
3470 2152 3524 2189 re
3571 2137 3686 2203 ipsa
3735 2149 4019 2195 exercere,

2455 2230 2677 2297 quando
2712 2231 2893 2283 anima
2922 2245 3013 2298 per
3045 2228 3272 2283 fractam
3316 2229 3485 2292 legem
3525 2228 3834 2279 necessario
3874 2236 3954 2278 est
3991 2244 4021 2277 a

2460 2320 2567 2374 Deo
2602 2321 2905 2373 abalienata
2949 2329 3110 2389 atque
3150 2318 3652 2389 perturbationibus
3686 2315 3852 2369 variis
3886 2314 4019 2366 aﬂ'e-

2455 2422 2543 2464 cta
2589 2412 2973 2479 iniplicataque
3003 2428 3017 2463 :
3052 2426 3114 2464 ex
3151 2411 3350 2478 quibus
3398 2417 3605 2461 natura:
3653 2404 4024 2473 perturbatio-

2458 2502 2640 2566 nibus,
2678 2502 2856 2570 ipsum
2907 2504 3069 2555 etiam
3116 2516 3314 2569 corpus
3348 2500 3493 2567 (nam
3529 2508 3579 2551 et
3620 2500 3673 2550 in
3721 2499 3814 2551 illo
3840 2507 4023 2549 etiam:

2459 2600 2619 2659 atque
2651 2591 2852 2645 effecta:
2899 2590 3049 2659 sunt)
3082 2590 3434 2658 corruptibile
3476 2604 3595 2642 esse
3637 2587 4021 2652 intelligimus.

2460 2692 2511 2735 et
2551 2683 2992 2748 pronuntiamus.
3027 2681 3419 2734 Concludimus
3452 2695 3604 2747 ergo,
3662 2680 3853 2731 mortis
3895 2691 4023 2728 cor-

2462 2772 2840 2839 ruptionlsque
2873 2771 3117 2826 debitum
3155 2787 3222 2824 ex
3255 2772 3450 2824 violata
3489 2772 3603 2837 lege
3642 2779 3827 2822 uatum
3858 2778 4025 2835 atque

2462 2871 2801 2916 contractum
2856 2878 3006 2929 esse;
3061 2879 3168 2917 non
3222 2872 3403 2915 autem
3461 2862 3606 2924 inde,
3642 2860 3785 2930 quod
3822 2873 4026 2925 corpus

2463 2953 2592 3005 Ada:
2619 2963 2761 3009 esset
2817 2955 3196 3022 compositum,
3255 2962 3414 3021 atque
3482 2952 3535 3005 in
3586 2966 3648 3005 ea
3704 2966 3767 3002 ex
3825 2949 4028 3018 quibus

2462 3045 2769 3109 constabat,
2825 3045 3164 3099 dissolubile.
3205 3044 3387 3110 Neque
3436 3042 3580 3096 enim
3628 3039 3851 3093 difficile
3905 3050 4027 3091 crat

2466 3122 2710 3189 omnium
2764 3150 2944 3188 rerum
2981 3134 3187 3203 parenti
3228 3134 3355 3195 Deo,
3404 3134 3522 3200 ejus
3555 3130 3645 3197 qui
3682 3128 4025 3195 corruptioni

2468 3229 2751 3295 Sulvjectus
2782 3226 2883 3279 fuit
2918 3241 3015 3294 pro
3063 3236 3272 3277 naturae
3318 3238 3428 3276 suae
3481 3220 3813 3279 conditione,
3860 3220 4027 3269 vitam

2467 3318 2836 3386 corruptionis
2880 3316 2986 3368 fato
3034 3314 3294 3375 eximere,
3350 3322 3512 3378 atque
3575 3308 3766 3361 invita
3825 3306 4029 3372 sempi-

2470 3420 2624 3463 terna
2667 3408 2802 3460 tueri
2837 3420 3296 3470 eouservareque.
3324 3403 3403 3456 Ad
3437 3402 3582 3455 hunc
3610 3399 3775 3468 igitur
3807 3398 4029 3451 modum

2472 3499 2723 3551 doctores
2764 3510 2983 3549 cantem
3014 3495 3236 3563 quidem
3279 3502 3467 3560 suapte
3515 3499 3705 3543 natura
3738 3487 4036 3541 dissolubi-

2470 3590 2575 3642 lcm
2614 3589 2782 3643 fuisse
2831 3588 3039 3648 dicunt,
3076 3600 3174 3638 nec
3226 3596 3407 3638 tamen
3435 3582 3663 3651 proinde
3718 3588 3813 3631 aut
3858 3580 4033 3646 ipsam

2475 3691 2567 3735 aut
2597 3696 2797 3751 corpus
2832 3696 2861 3733 a
2903 3681 3049 3733 malo
3081 3676 3334 3732 cffectore
3370 3682 3715 3745 procreatum
3748 3685 3891 3725 esse.

3061 3810 3288 3866 CAPUT
3336 3809 3443 3863 VII.

2858 3929 2981 3981 Alia
3005 3926 3222 3993 objectio
3245 3922 3453 3975 Iuliani
3480 3921 3644 3985 impii.

2551 4042 2781 4095 Ridebat
2832 4041 3050 4109 quidem
3103 4038 3298 4104 impius
3333 4033 3583 4089 Julianus
3616 4029 3758 4098 quod
3811 4026 4046 4089 Mosetn,

2480 4132 2736 4188 Ecclesiae
2769 4133 3024 4184 doctores
3076 4129 3321 4182 dicerent
3378 4123 3650 4177 hominem
3698 4118 4046 4186 corruptibili

2482 4235 2678 4277 natura
2730 4230 3056 4292 pregnatum
3105 4218 3293 4281 fuisse,
3354 4224 3408 4268 et
3464 4226 3644 4267 tamen
3708 4225 3816 4262 non
3872 4208 4049 4259 fuisse

2481 4326 2783 4379 mortuum,
2824 4314 2896 4366 ita
2960 4310 3173 4365 volente
3206 4308 3337 4360 Deo.
3372 4304 3477 4358 Sed
3515 4304 3563 4357 ei
3612 4298 3905 4369 respondet
3934 4297 4045 4366 Cy-

814 4428 932 4467 esse
956 4422 1145 4466 natura
1173 4412 1580 4477 corruptibilem
1608 4412 1812 4471 dixere,
1838 4424 1943 4462 non
1970 4419 2148 4461 tamen
2175 4408 2373 4461 idcirco
2407 4416 2449 4470 ι)
2480 4408 2636 4462 rillus
2671 4423 2684 4458 :
2722 4403 2956 4460 Platoni.
3002 4400 3201 4470 inquit,
3244 4409 3337 4451 tuo
3384 4397 3508 4449 licet
3542 4394 3722 4447 dicere
3766 4390 3929 4458 quasi
3980 4405 4046 4441 ex

821 4504 1017 4557 malum
1048 4518 1165 4556 esse.
1194 4502 1420 4570 professi
1453 4513 1598 4554 sunt.
1625 4500 1915 4568 Gregorius
1945 4499 2109 4559 enim,
2139 4500 2379 4551 oratione

815 4610 977 4665 quam
1012 4594 1077 4646 de
1105 4592 1295 4645 virtute
1322 4591 1561 4661 scripsit,
1589 4590 1824 4643 adhunc
1851 4590 2088 4658 loquitur
2122 4589 2336 4641 modum
2362 4605 2374 4640 :

817 4686 1031 4753 Corpus
1088 4684 1233 4746 omni
1291 4698 1353 4735 ex
1416 4690 1564 4750 parte
1632 4680 1989 4747 ceuipositum
2053 4687 2170 4738 est,
2230 4678 2372 4745 quod

822 4784 1000 4828 autem
1035 4776 1391 4842 compositum
1426 4784 1529 4837 est,
1574 4773 1623 4825 id
1658 4786 1815 4825 nemo
1846 4769 2223 4824 indissolubile
2254 4783 2377 4822 esse

823 4868 1064 4929 dixerit;
1100 4880 1153 4920 at
1180 4870 1323 4935 quod
1358 4865 1575 4918 dissolvi
1620 4875 1815 4932 potest,
1861 4861 2131 4928 corrumpi
2166 4869 2377 4925 potest;

824 4970 908 5013 est
948 4960 1109 5027 igitur
1158 4973 1286 5011 caro
1331 4956 1663 5024 corruptiuni
1714 4954 1982 5021 subjecta.
2030 4952 2243 5005 Rursus
2273 4949 2379 5019 Cy-

828 5052 1004 5112 rillus,
1060 5060 1204 5103 tomo
1244 5051 1403 5103 tertio
1451 5046 1837 5101 Commentarii
1886 5044 1937 5097 in
1988 5041 2280 5111 Epistulam
2315 5040 2381 5094 ad

830 5142 1159 5195 Corinthios.
1191 5141 1285 5194 Est
1314 5140 1553 5209 quidem,
1601 5139 1697 5201 ait,
1740 5152 1868 5189 caro
1909 5143 2100 5189 natura
2137 5148 2235 5187 sua
2264 5148 2383 5185 cor-

831 5234 1071 5304 ruptioni
1115 5233 1343 5287 obnoxia
1382 5250 1396 5286 :
1434 5232 1526 5283 sed
1556 5241 1734 5284 tamen
1774 5244 1866 5298 per
1892 5229 2142 5281 virtutem
2177 5223 2268 5277 Dei
2297 5222 2383 5277 cui

832 5328 988 5394 plane
1025 5325 1154 5377 nihil
1197 5334 1277 5377 est
1308 5322 1539 5387 diflicile,
1589 5322 1759 5389 ipsam
1792 5327 2102 5387 superasset
2137 5326 2381 5369 naturam

835 5431 995 5488 atque
1026 5418 1079 5471 in
1113 5418 1219 5470 vita
1268 5418 1591 5485 sempiterna
1624 5414 1814 5468 fuisset
1865 5420 2216 5465 conservatus
2246 5408 2387 5460 Ada-

837 5528 979 5570 nius,
1015 5512 1059 5565 si
1093 5512 1259 5579 legem
1290 5510 1451 5577 impie
1492 5523 1602 5561 non
1636 5507 1911 5559 violasset.
1945 5503 2203 5555 Dominus
2229 5499 2391 5553 Seve-

839 5616 932 5653 rus
974 5600 1121 5662 itcnt,
1171 5599 1419 5652 oratione
1468 5612 1628 5665 quam
1679 5596 1936 5648 adversus
1993 5592 2389 5645 Felicissitnum

839 5691 1095 5757 scripsit,
1149 5690 1261 5743 haec
1304 5689 1616 5744 summatim
1670 5688 1830 5741 habet
1868 5704 1879 5737 :
1916 5686 2116 5752 Suapte
2172 5682 2389 5750 quidem

843 5792 1031 5836 natura
1065 5780 1291 5833 mortale
1322 5790 1373 5833 ct
1396 5779 1739 5846 corruptibile
1767 5788 1877 5833 erat
1905 5792 2125 5845 corpus,
2158 5784 2317 5840 atque
2338 5772 2389 5824 itt

2489 4497 2581 4550 Dei
2613 4483 2869 4564 persona,
2900 4493 2963 4544 ad
3016 4492 3207 4553 solem,
3239 4489 3420 4540 lunam
3454 4494 3785 4548 caeteras-que
3815 4479 4007 4531 stellas
4030 4495 4047 4530 :

2482 4585 2750 4651 Quoniam
2779 4581 2883 4636 orti
2913 4580 3063 4643 estis,
3099 4575 3433 4631 immortales
3464 4587 3561 4625 vos
3592 4570 3810 4638 quidem
3842 4581 3967 4619 esse
3997 4575 4054 4619 et

2484 4674 2898 4730 indissolubiles
2976 4686 3081 4724 non
3154 4667 3416 4735 potestis,
3485 4661 3800 4728 neutiquam
3864 4666 4047 4710 tamen

2482 4762 2878 4826 dissolvemini,
2918 4774 3017 4813 nec
3056 4772 3155 4811 vos
3203 4755 3310 4808 ulla
3364 4751 3555 4805 mortis
3594 4748 3701 4801 fata
3754 4746 4051 4813 periment,

2485 4866 2704 4924 propter
2733 4851 3028 4906 consilium
3067 4856 3313 4900 nostrum
3349 4842 3496 4911 quod
3527 4838 3703 4902 majus
3735 4846 3821 4888 est
3857 4834 4052 4886 vincu-

2486 4948 2596 5000 lum
2630 4960 2794 5012 quam
2839 4944 2918 4995 vis
2970 4941 3079 4993 ulla
3130 4952 3252 5007 qua:
3290 4934 3444 4988 vobis
3481 4929 3711 4985 accidat.
3748 4925 3830 4978 Tu
3872 4925 4057 4979 Plato-

2489 5054 2609 5092 nem
2640 5037 2723 5089 vis
2772 5048 2900 5087 vera
2934 5032 3136 5091 dicere,
3167 5038 3222 5082 et
3269 5041 3370 5079 nos
3401 5022 3535 5076 Mosi
3585 5035 3691 5073 non
3740 5016 4055 5075 credemus,

2487 5128 2579 5195 qui
2633 5126 2710 5177 ait
2765 5123 3041 5176 hominem
3098 5131 3207 5171 non
3262 5114 3435 5168 fuisse
3484 5105 3917 5166 dissolvendum,
3948 5102 4057 5195 Aita

2490 5190 2705 5272 volente
2738 5214 2889 5268 Deo?
2932 5209 3183 5265 Profecto
3217 5205 3638 5273 haudquaquam
3682 5194 3905 5250 difficile
3948 5190 4059 5245 Deo

2490 5310 2707 5373 fuisset,
2739 5322 2863 5361 eum
2898 5305 3041 5374 quia
3074 5298 3425 5367 corruptione
3455 5289 3848 5358 occupabatur,
3876 5299 4059 5353 quan-

2492 5413 2606 5458 tum
2664 5400 2727 5454 ad
2758 5400 2928 5467 ipsam
2957 5396 3077 5462 ejus
3130 5401 3379 5445 naturam
3430 5382 3730 5454 spectabat,
3764 5392 3997 5447 prorsus
4027 5392 4057 5428 a

2492 5494 2842 5560 corruptione
2864 5488 3142 5542 vindicare
3172 5493 3333 5549 atque
3355 5488 3600 5532 asserere
3635 5472 3877 5525 invitam
3908 5481 4059 5520 sem-

2497 5587 2785 5655 piternam.
2839 5580 3009 5648 Igitur
3056 5576 3160 5629 nisi
3196 5575 3264 5627 de
3313 5570 3508 5623 arbore
3559 5564 3786 5623 edisset,
3824 5565 4059 5655 mortem

2499 5648 2603 5729 imi.
2651 5672 2913 5727 obivisset
2946 5669 3232 5728 Adatnus;
3268 5671 3321 5716 ct
3364 5660 3489 5729 quia
3538 5656 3669 5717 edit,
3700 5652 3855 5706 obiit.
3887 5648 4063 5702 om-

2502 5784 2620 5822 rum
2656 5766 2808 5819 Plato
2855 5763 2996 5816 haud
3049 5768 3193 5812 recte
3231 5755 3324 5815 ait,
3380 5750 3572 5811 solem,
3617 5747 3823 5807 lunam,
3875 5741 4063 5795 stellas
