4202 6430
163 412 244 472 COS
1240 417 1334 476 DE
1375 417 1776 477 PARADISO.
1815 445 1822 451 -

1240 417 1334 476 DE
1375 417 1776 477 PARADISO.
1815 442 1878 454 -·
1921 419 2109 476 PARS
2155 419 2265 477 111.

3263 425 3360 484 (Silii

166 535 364 577 racteras
412 523 748 580 immortales
790 537 936 589 esse,
969 527 1169 596 quippe
1198 542 1318 596 qua!
1349 529 1528 581 anima
1565 527 1700 580 vita-
1729 534 1773 588 Α
1805 537 1966 595 atque
2016 528 2180 596 hujus
2235 529 2448 596 generis
2486 529 2608 594 alia,
2659 531 2931 584 diversum
2987 536 3115 600 quid
3173 537 3240 588 ab
3297 553 3360 587 eo

165 626 251 682 que
282 623 528 667 careant.

719 703 947 758 CAPUT
987 703 1124 759 VIII.

165 794 379 860 Objectio
431 793 690 849 Theodori
728 805 778 849 et
811 795 1070 859 A’estorii,
1116 807 1270 866 atque
1305 799 1415 863 ejus
1455 797 1700 864 factionis

795 866 1044 918 aliorum.

223 973 380 1027 Aiunt
418 972 740 1030 Theodorus
788 986 843 1029 et
893 975 1176 1030 Nestorius
1217 977 1417 1044 aliique
1461 978 1550 1045 qni
1601 977 1700 1030 hos

163 1074 467 1131 sequuntur,
503 1074 732 1119 mortem
774 1082 882 1119 non
907 1066 977 1119 ob
1008 1077 1285 1135 peccatum
1324 1069 1562 1135 legemve
1601 1069 1692 1122 Dei

162 1153 422 1216 violatam,
467 1153 734 1208 invasisse
769 1169 940 1224 genus
979 1155 1299 1218 humanum,
1337 1159 1428 1210 sed
1481 1157 1697 1210 mortali

163 1256 245 1294 IOS
280 1245 599 1299 conditione
638 1261 667 1297 a
707 1245 818 1299 Deo
858 1247 1070 1315 genitos
1102 1262 1259 1311 esse;
1298 1263 1470 1316 neque
1506 1263 1699 1316 quent-

161 1351 299 1402 quam
359 1335 469 1387 ulla
536 1337 746 1390 ratione
795 1337 986 1391 mortis
1041 1338 1329 1391 terminum
1385 1354 1545 1407 quem
1612 1340 1700 1393 ille

163 1436 328 1481 nostro
390 1429 580 1492 generi
638 1437 952 1498 naturaeque
1006 1434 1409 1499 pratstituerat,
1469 1432 1698 1486 vivendo

162 1532 610 1588 transgressurum
662 1521 870 1585 fuisse,
931 1523 1092 1576 etiam
1156 1523 1201 1576 si
1287 1523 1525 1577 Adantus
1588 1539 1694 1578 non

159 1608 460 1676 deliquisset
492 1626 507 1662 :
543 1611 709 1664 multa
736 1611 877 1662 enim
909 1611 1142 1663 absurda
1179 1613 1464 1680 consequi,
1500 1611 1601 1664 nisi
1645 1612 1694 1666 id

162 1703 221 1752 ita
252 1716 367 1757 esse
405 1711 730 1755 statuamus.
763 1699 864 1766 Qui
900 1701 1066 1761 enim,
1104 1699 1376 1768 inquiunt,
1416 1701 1698 1754 conveniet

161 1794 336 1859 dicere,
389 1794 581 1856 Deum,
642 1791 797 1858 cujus
844 1793 1127 1846 consilium
1173 1801 1291 1844 erat
1333 1807 1433 1846 nos
1481 1793 1698 1845 efﬁcere

1803 619 2108 684 signiﬁcare
2133 621 2274 686 quod
2308 620 2471 673 verba
2497 623 2679 673 audita
2718 639 2827 690 pra:
2859 639 2916 675 se
2942 624 3142 676 ferunt.
3177 626 3360 694 Itaque

1805 723 1899 774 per
1923 717 2137 772 tropum
2177 711 2426 763 similiter
2468 710 2776 777 accipienda
2807 728 2926 764 esse
2961 730 3019 765 ea
3053 716 3212 767 verba
3245 733 3358 784 qum

1805 799 1963 851 ttobis
2008 799 2272 851 Adamttm
2327 816 2352 852 a
2392 801 2500 852 Deo
2547 802 2828 854 mortalem
2864 813 3052 856 natura
3106 822 3331 873 prorrea

1804 897 1915 940 tttttt
1967 900 2291 951 memorant,
2337 905 2400 942 ac
2449 892 2646 944 deinde
2681 892 2846 957 legem
2901 894 3002 962 ipsi
3052 898 3357 962 impositam

1803 980 1992 1043 fuisse,
2047 993 2104 1034 ut
2147 983 2191 1034 si
2247 982 2426 1034 ederet
2470 985 2534 1036 de
2585 984 2790 1036 arbore
2842 985 2953 1045 illa,
3012 998 3358 1044 moreretur:

1802 1087 1993 1138 nempe
2045 1080 2100 1123 ttt
2151 1087 2275 1124 eum
2339 1073 2551 1125 audiret
2597 1075 2835 1126 Adamus
2887 1090 2942 1126 se
2982 1076 3052 1127 ob
3106 1077 3358 1132 violatam

1806 1159 1973 1228 legem
2018 1171 2180 1228 atque
2229 1163 2576 1214 rebellionem
2617 1165 2866 1228 paradiso
2902 1165 3115 1230 pulsum
3167 1170 3360 1221 morti-

1802 1264 1905 1316 que
1933 1250 2174 1302 deditum
2207 1264 2346 1312 esse,
2379 1250 2505 1302 odio
2545 1250 2763 1304 haberet
2795 1252 3104 1321 fugeretque
3151 1271 3352 1323 pecea-

1805 1349 1916 1392 tum
1971 1339 2452 1406 rebellionetnque.
2505 1338 2607 1393 Sed
2661 1357 2757 1395 nos
2809 1343 2872 1395 ad
2914 1343 3025 1396 ltzec
3073 1349 3360 1408 responde-

1802 1443 1924 1483 mus
1975 1447 1988 1480 :
2034 1427 2150 1481 Non
2209 1431 2278 1480 ita
2333 1429 2620 1498 proiecto,
2678 1433 2819 1492 viri,
2880 1448 3034 1486 saera
3077 1433 3356 1502 Scriptura

1800 1523 2037 1590 loquitur
2069 1533 2127 1576 ut
2161 1538 2256 1576 vos
2287 1525 2636 1588 existimatis,
2672 1528 2871 1595 quippe
2903 1545 3063 1597 quam
3106 1531 3359 1583 omnibus

1805 1615 1941 1668 locis
1968 1615 2170 1668 diserte
2203 1619 2637 1682 pronuntiantem
2687 1617 3034 1682 oﬂendimus,
3071 1629 3355 1687 peccatum

1799 1706 2004 1759 Adami'
2046 1723 2267 1761 causam
2307 1709 2474 1762 fuisse
2517 1710 2727 1772 mortis,
2777 1726 2899 1762 cum
2951 1712 3022 1764 illi
3071 1713 3194 1779 ipsi,
3242 1723 3352 1765 tum

1802 1798 2069 1850 universa:
2123 1799 2468 1866 posteritati,
2522 1800 2819 1852 secundum
2873 1801 3050 1854 illud:
3104 1803 3218 1867 Quo
3273 1803 3359 1855 die

161 1885 500 1946 immortales,
555 1893 777 1952 propter
826 1892 1104 1951 peceatum
1159 1882 1352 1937 fecisse
1408 1883 1700 1937 mortales?
1730 1861 1769 1918 Π
1799 1890 2084 1938 comederis
2118 1889 2182 1939 de
2222 1888 2430 1952 arbore,
2485 1897 2701 1941 mortem
2733 1899 2958 1955 appetes.
3011 1891 3076 1943 Et
3118 1907 3355 1946 rursus:

159 1973 328 2028 deinde
359 1976 406 2028 si
450 1985 672 2044 propter
703 1974 830 2026 Adae
867 1983 1144 2041 peccatum
1178 1989 1275 2026 nos
1309 1973 1504 2026 occidit
1533 1973 1691 2035 Deus,

159 2065 446 2126 c-tnﬁeitur,
482 2075 532 2117 el
561 2068 741 2132 justos
776 2078 897 2117 (11111
941 2063 1206 2115 oci-idisse
1256 2071 1474 2130 propter
1504 2076 1693 2130 pecea-

157 2163 300 2217 tOres,
343 2169 398 2210 et
457 2169 672 2226 patrum
724 2157 986 2224 supplicia
1049 2153 1115 2206 ad
1170 2154 1310 2207 Iilios
1367 2154 1692 2213 extendisse,

157 2262 363 2313 quorum
405 2257 698 2313 utrumque
732 2247 1035 2315 improbum
1069 2255 1187 2309 est;
1225 2245 1298 2298 ait
1329 2245 1471 2296 cnim
1521 2258 1695 2310 neque

158 2345 314 2403 patres
343 2337 644 2390 morituros
684 2350 780 2404 pro
828 2335 976 2396 liliis,
1023 2350 1198 2402 neque
1231 2333 1368 2387 tilios
1403 2349 1500 2402 pro
1527 2333 1694 2397 patri-

160 2428 261 2479 bus.
303 2426 443 2481 Tum
495 2438 552 2481 ut
614 2429 802 2484 demus
857 2428 1126 2480 Adamutn
1187 2427 1404 2486 olziisse,
1457 2427 1580 2492 quia
1629 2425 1694 2478 de

157 2518 328 2574 arbore
381 2521 643 2586 gustavit,
693 2536 855 2588 quam
899 2519 1166 2583 dicemus,
1219 2517 1352 2577 Noe,
1409 2516 1690 2570 Melchise-

158 2609 270 2663 deco
295 2651 308 2673 ,
352 2612 672 2665 Abrahatno
717 2612 909 2664 mortis
948 2609 1119 2664 fuisse
1155 2623 1396 2671 causam,
1453 2608 1693 2676 profecto

158 2701 294 2755 hodie
329 2704 541 2756 nullum
573 2712 656 2757 est
676 2704 872 2768 scelus,
895 2712 987 2755 aut
1020 2703 1220 2771 grande
1251 2710 1343 2753 aut
1381 2702 1515 2764 leve,
1546 2700 1689 2768 quod

158 2805 181 2842 a
217 2793 455 2858 patribus
492 2792 789 2846 admissum
822 2793 874 2845 iu
916 2792 1037 2844 [iliis
1083 2792 1352 2844 vindicat:
1378 2791 1496 2858 quis
1531 2792 1693 2857 igitur

161 2882 407 2934 existimet
453 2883 523 2934 ob
567 2883 682 2934 leve
730 2882 863 2934 illud
916 2880 1044 2933 Atla:
1086 2889 1389 2948 peceatum,
1449 2880 1574 2946 quia
1629 2880 1694 2931 dc

158 2968 313 3024 fructu
351 2971 523 3023 vetito
573 2971 924 3038 gustavisset,
970 2971 1270 3022 universam
1321 2969 1692 3036 posteritatem

157 3069 310 3112 morte
341 3059 606 3112 multari?
644 3059 707 3111 Et
736 3074 861 3111 vero
912 3061 956 3112 is
996 3059 1102 3112 Deo
1149 3075 1266 3112 mos
1317 3067 1398 3112 est
1447 3070 1500 3112 ut
1539 3059 1692 3112 malis

159 3149 382 3217 ignoscat
411 3151 682 3204 bonorum
738 3153 930 3217 gratia,
988 3166 1094 3202 non
1155 3164 1330 3202 autem
1391 3162 1444 3201 111
1496 3152 1692 3218 probos

159 3237 520 3306 improborum
559 3255 722 3291 causa
751 3241 956 3314 perdat,
992 3249 1153 3306 atque
1191 3250 1246 3292 ut
1281 3257 1376 3309 pro
1405 3257 1501 3294 sua
1531 3241 1691 3292 inise-

157 3331 393 3394 ricordia,
434 3331 722 3399 graudium
753 3332 1075 3396 ﬂagitiorum
1113 3332 1342 3398 gratiam
1389 3333 1698 3385 homiuilus

158 3419 320 3487 faciat,
357 3434 572 3477 tantum
603 3424 779 3487 abest,
832 3435 890 3476 111
917 3425 1029 3477 leve
1083 3425 1348 3492 piaculum
1383 3426 1697 3493 gravissima

154 3524 292 3576 poena
323 3514 588 3566 vindicit.
625 3513 842 3575 Adhaec,
875 3514 915 3565 si
952 3523 1166 3581 propter
1196 3523 1476 3580 pet-catum
1508 3528 1696 3564 aman-

154 3603 248 3655 dati
276 3619 468 3659 sumus
493 3605 544 3656 111
590 3605 734 3658 1111110
768 3611 1026 3657 11111111111111
1058 3605 1452 3668 dissolubilcm,
1485 3619 1692 3667 magnae

159 3693 382 3759 profecto
405 3696 597 3764 gratia:
619 3696 919 3748 debeantur
945 3706 1188 3761 peccato,
1211 3707 1266 3747 111
1289 3697 1430 3762 quod
1455 3697 1698 3747 Cl'eillIlIiB

159 3782 304 3851 hujus
348 3787 600 3838 mortalis
630 3787 892 3838 machinae
927 3801 1090 3838 causa
1123 3786 1304 3839 fuerit.
1356 3785 1619 3840 [³110101011
1652 3791 1696 3841 si

155 3874 376 3930 Adamus
426 3875 650 3937 occidit,
687 3877 776 3943 qui
811 3878 1070 3944 peccavit,
1104 3892 1202 3929 cur
1242 3892 1345 3926 non
1382 3879 1701 3931 occiderunt

156 3963 410 4019 daunoues
439 3967 603 4033 longe
645 3967 866 4033 majoris
903 3966 1086 4032 ﬂagitii
1119 3968 1191 4018 rei
1219 3967 1241 4018 ?
1285 3965 1338 4018 Si
1381 3967 1521 4020 dicat
1553 3969 1696 4034 quis,

153 4051 239 4106 hos
294 4054 484 4106 animo
533 4053 800 4106 occidisse
832 4071 847 4107 :
880 4054 1028 4121 atqui
1085 4071 1182 4105 cur
1241 4054 1483 4106 Adatnus
1538 4057 1696 4106 etiam

155 4146 406 4212 corpore?
454 4145 522 4198 Et
552 4146 636 4197 his
671 4144 969 4198 coniecisse
998 4153 1212 4213 putant,
1256 4146 1544 4205 Adatnum,
1587 4148 1699 4198 sive

155 4233 505 4289 abstinuisset
537 4234 606 4286 ab
631 4235 825 4287 arbore
851 4248 954 4302 qua
989 4233 1087 4286 sibi
1121 4235 1295 4286 fuerat
1328 4233 1697 4297 interdictum,

153 4325 253 4380 sire
289 4343 394 4380 non
465 4325 824 4380 abstinuisset
854 4340 1078 4393 prorsus
1132 4326 1456 4378 moriturum
1507 4326 1696 4386 luisse,

150 4431 255 4470 cuiu
307 4427 458 4472 esset
500 4426 696 4470 natura
747 4416 960 4468 mortali
1016 4415 1282 4468 conditus.
1330 4416 1595 4466 Caeterum
1647 4415 1698 4466 in

1801 1979 1939 2041 Quia
1988 1980 2302 2032 auscultasti
2354 1982 2465 2032 voci
2519 1981 2698 2032 uxoris
2754 1990 2858 2033 tua:
2897 1990 3050 2048 atque
3089 1984 3244 2034 edisti
3294 1985 3354 2038 de

1796 2071 1980 2122 arbore
2020 2087 2122 2138 qua
2164 2072 2256 2123 tibi
2306 2073 2704 2133 interdixeram,
2751 2073 3034 2125 maledicta
3083 2084 3188 2125 esto
3219 2085 3358 2127 terra

1795 2172 2005 2229 propter
2037 2173 2102 2213 te.
2146 2161 2208 2213 Et
2248 2161 2389 2229 apud
2426 2162 2607 2213 divum
2643 2161 2867 2214 Paulum
2903 2163 3172 2232 legimus:
3211 2165 3360 2218 Sicut

1795 2269 1883 2320 per
1904 2269 2063 2305 unum
2089 2253 2343 2304 hominem
2367 2264 2633 2319 peccatum
2663 2255 2894 2305 iutroirit
2931 2256 2982 2306 111
3011 2261 3276 2312 mundum.
3310 2266 3358 2307 et

1795 2361 1883 2412 per
1919 2355 2184 2411 peceatum
2237 2360 2372 2395 mors
2401 2345 2441 2403 ⁸,
2494 2353 2598 2397 etc.
2655 2343 2715 2396 Et
2759 2344 2885 2396 alibi
2922 2364 2934 2398 :
2971 2344 3112 2396 Nam
3171 2353 3358 2414 absque

1794 2434 1900 2500 lege
1957 2445 2224 2500 peccatum
2275 2442 2390 2484 erat
2447 2444 2750 2496 mortuum;
2809 2450 2898 2502 ego
2953 2451 3071 2486 vero
3131 2436 3359 2486 vivebam

1794 2525 2057 2593 quondam
2106 2524 2297 2590 absque
2349 2523 2457 2596 lege
2501 2524 2627 2589 (hoc
2661 2532 2764 2584 est,
2801 2539 2920 2576 eum
2964 2525 3093 2576 ttiltil
3133 2528 3360 2581 mortale

1794 2615 2133 2678 cogitarent),
2185 2630 2338 2679 porro
2394 2630 2510 2665 euut
2568 2617 2788 2668 venisset
2846 2618 3156 2667 mandatum
3217 2619 3359 2683 (ipso

1795 2706 1999 2758 scilicet
2033 2706 2255 2770 violato)
2295 2706 2481 2757 revixit
2521 2717 2812 2771 percolunt,
2847 2723 2939 2774 ego
2974 2724 3089 2761 vero
3122 2719 3357 2762 mortuus

1796 2811 1931 2855 sunt,
1972 2805 2018 2845 et
2049 2797 2311 2846 inventum
2351 2804 2425 2846 est
2457 2799 2764 2848 mandatum
2798 2800 2934 2866 quod
2969 2808 3024 2851 ut
3063 2803 3168 2851 vita
3203 2810 3354 2862 esset,

1800 2885 1985 2936 datum
2029 2887 2201 2952 fuerat
2239 2887 2307 2944 (ei
2343 2887 2432 2954 qui
2464 2887 2561 2953 ipsi
2596 2889 2862 2957 parceret)
2898 2890 3024 2942 mihi
3055 2891 3165 2958 (qui
3202 2890 3356 2961 fregi)

1796 2991 2011 3032 mortem
2063 2982 2312 3046 a/l'erre’.
2381 2981 2496 3032 Alia
2559 2993 2818 3047 praeterea
2902 2985 3131 3050 plurima
3189 3000 3358 3039 sacrae

1799 3072 2094 3139 St't'iplttt‘u‘.
2128 3075 2241 3123 lor-a
2277 3073 2426 3123 facile
2474 3074 2738 3129 invenias.
2777 3090 2899 3141 qua:
2941 3090 3062 3126 cum
3108 3075 3194 3128 his
3227 3092 3357 3129 cou—

1724 3183 1764 3236 6
1801 3172 2016 3227 giuaut,
2058 3173 2219 3229 atque
2261 3163 2462 3214 diserte
2517 3172 2741 3214 mortem
2798 3179 2889 3230 per
2925 3176 3200 3231 peceatum
3258 3183 3354 3219 nos

1802 3249 2062 3300 invasisse
2097 3259 2383 3302 μεμε-111111.
2431 3251 2495 3300 At
2539 3251 2582 3302 si
2631 3252 2742 3302 11ωο
2791 3266 2895 3303 non
2929 3253 3191 3319 recipitis,
3228 3269 3351 3321 pro-

1799 3337 1930 3390 l'erte
1963 3339 2116 3390 nobis
2150 3355 2310 3388 unum
2353 3340 2584 3406 aliquem
2621 3340 2797 3391 locum
2849 3342 2898 3391 itt
2925 3356 3033 3408 quo
3075 3343 3351 3408 Setiptura

1798 3428 1960 3486 1111111,
2013 3444 2110 3477 nos
2168 3445 2270 3475 non
2330 3431 2464 3478 mori
2516 3439 2733 3494 111011101-
2790 3438 3100 3494 peccatum,

1802 3515 2021 3582 quando
2081 3515 2378 3566 illiusmodi
2434 3516 2582 3567 locus
2636 3533 2899 3583 nusquam
2953 3527 3054 3580 est,

3168 3447 3350 3482 \'('I'llll|

3124 3519 3354 3570 alterum

1803 3606 1933 3656 illttd
1973 3621 2155 3656 \et'um
2190 3607 2259 3657 sit
2290 3621 2510 3658 necesse
2540 3617 2641 3658 est.
2676 3605 2858 3675 Neque
2893 3607 3034 3660 euint
3072 3620 3358 3663 consenta-

1803 3712 1960 3748 11011111
2020 3709 2105 3750 est
2161 3707 2217 3748 ut
2269 3713 2333 3749 eo
2391 3698 2673 3764 repudiato
2725 3699 2869 3764 qttod
2923 3700 3094 3753 sacris
3139 3698 3359 3755 Litteris

1803 3787 2075 3855 prodituro
2115 3789 2442 3847 invenimus,
2503 3789 2551 3840 id
2609 3791 2998 3855 amplectamur
3028 3792 3174 3859 quod
3227 3807 3358 3845 tius-

1807 3894 1970 3945 quam
2010 3881 2270 3945 setiptunt
2320 3888 2518 3931 exstat.
2567 3878 2700 3932 Nam
2752 3881 2814 3932 ad
2865 3897 2926 3934 ea
2973 3881 3081 3934 dtto
3115 3897 3234 3949 qua:
3265 3898 3362 3934 vos

1801 3984 1898 4020 ct-u
1936 3968 2171 4020 absurda
2219 3985 2280 4020 ex
2331 3982 2516 4022 nostra
2560 3971 2647 4022 illa
2699 3973 2962 4025 sententia
3003 3973 3362 4041 colligeltatis,

1801 4076 1991 4126 lleltl|)t'-
2035 4060 2200 4112 11011111
2249 4061 2494 4113 occidere
2539 4061 2716 4129 justos
2751 4073 2969 4131 propter
3017 4064 3267 4132 iniustos,
3302 4073 3357 4116 et

1803 4161 2018 4218 patrum
2065 4152 2268 4203 scelera
2318 4153 2510 4217 punire
2565 4153 2616 4204 in
2651 4154 2799 4215 liliis,
2841 4155 3077 4206 dirimus
3128 4169 3189 4207 ea
3219 4156 3360 4208 haud

1804 4245 1928 4296 inde
1981 4246 2236 4310 consequi
2270 4262 2282 4296 :
2319 4260 2493 4313 neque
2543 4246 2684 4297 enim
2740 4245 2904 4298 Deum
2965 4256 3180 4313 propter
3235 4245 3356 4299 Λόίε

1804 4334 2134 4400 impietatem
2184 4334 2435 4386 occidere
2487 4335 2657 4400 ipsius
2709 4343 2959 4402 posteros
3009 4335 3122 4388 sive
3157 4335 3361 4403 probos

1806 4428 1915 4475 sive
1963 4423 2262 4488 improbos,
2313 4432 2369 4472 111
2419 4437 2594 4488 neque
2635 4423 2775 4475 ﬁlios
2808 4425 2879 4476 ob
2913 4438 2972 4475 ea
3017 4439 3138 4490 quae
3182 4432 3361 4488 patres

151 4507 252 4576 eius
282 4508 585 4577 Scriptura:
613 4506 794 4559 verbis
828 4515 1042 4573 tropum
1075 4520 1219 4568 esse,
1265 4521 1384 4572 qum
1417 4505 1488 4556 ita
1527 4505 1698 4572 loqui-
1725 4508 1778 4564 D
1809 4523 2086 4581 patravere
2127 4512 2327 4581 ﬂagitia
2362 4530 2377 4566 :
2414 4516 2504 4566 sed
2539 4512 2716 4566 fuerat
2753 4513 2990 4566 Adamns
3025 4523 3213 4566 natura
3241 4513 3361 4580 qui-

152 4605 227 4649 tur
261 4613 320 4652 ac
355 4600 400 4653 si
445 4597 621 4649 Adam
662 4605 878 4664 propter
911 4605 1192 4663 peccatum
1243 4595 1506 4647 obivissct
1557 4612 1696 4647 mor-

153 4697 264 4754 tem,
311 4691 577 4742 nimirum
633 4696 690 4739 ut
725 4703 846 4740 eum
883 4687 972 4739 ille
1002 4687 1216 4738 audiret
1272 4697 1550 4754 peccatum
1591 4687 1690 4739 sibi

155 4782 326 4834 mortis
385 4793 616 4833 causam
673 4779 864 4840 luisse,
926 4777 1052 4829 odio
1106 4777 1345 4839 haberet,
1395 4779 1692 4840 vitaretqne

149 4883 414 4936 peccatum
448 4889 461 4922 :
496 4868 954 4938 quemadmodum
985 4867 1170 4919 multis
1207 4865 1327 4918 aliis
1370 4867 1502 4918 locis
1539 4878 1692 4934 tropo

151 4971 237 5011 usa
286 4969 366 5013 est
413 4958 702 5025 Scriptura
731 4995 745 5019 ,
801 4965 860 5008 ut
905 4972 1025 5009 1-11111
1087 4956 1250 5008 habet
1299 4976 1310 5008 :
1357 4955 1420 5008 Et
1477 4958 1691 5009 tentavit

151 5048 384 5105 Dominus
438 5051 804 5104 Abrahatuum
837 5050 898 5116 ³;
932 5064 1108 5116 neque
1140 5050 1281 5103 enim
1335 5050 1499 5104 Deum
1551 5052 1694 5104 laeto

153 5141 367 5205 periculo
420 5157 566 5208 Opus
613 5141 830 5194 habere.
878 5139 1088 5194 Rursus
1135 5141 1226 5193 ubi
1258 5141 1352 5201 ait,
1384 5139 1551 5194 Deum
1602 5158 1693 5195 vo-

155 5228 302 5284 luisse
359 5230 675 5284 interﬁcere
737 5229 981 5293 Mosem,
1041 5231 1226 5283 uxoris
1295 5241 1469 5283 tamen
1532 5247 1694 5298 opera

154 5320 407 5387 placatum
496 5321 778 5374 dimisisse
859 5322 1008 5374 illum
1081 5321 1416 5388 1111β11110111δ.
1459 5320 1694 5374 Etcum

154 5422 342 5476 narrat,
400 5411 692 5466 Christum
740 5409 922 5464 Jesum
977 5412 1100 5464 inde
1164 5425 1193 5464 a
1242 5425 1399 5463 mane
1448 5410 1694 5480 jejunum

153 5511 296 5569 atque
352 5502 668 5558 famelicum
723 5503 1022 5557 accessisse
1071 5503 1135 5555 ad
1194 5502 1352 5555 111-11111
1412 5503 1694 5566 arborem,

153 5592 312 5647 alieno
362 5610 390 5647 a
451 5595 577 5648 ticis
639 5597 925 5649 nascendis
980 5603 1218 5662 tempore
1244 5595 1284 5650 ⁸.
1343 5594 1464 5649 Haec
1514 5597 1695 5659 enim,

212 5763 374 5820 ’111-11.
410 5785 551 5828 xxii,
587 5769 631 5820 I.
710 5768 914 5823 ‘Exol.
955 5785 1021 5831 tv,
1052 5767 1140 5818 111.
1217 5769 1234 5796 ³
1261 5765 1421 5822 Mare.
1458 5784 1529 5833 111,
1567 5770 1644 5823 I5.

1724 5771 1917 5824 ⁶1111111.
1959 5789 2006 5824 v.
2053 5775 2131 5825 Ιῖῖ.

1803 4607 1922 4658 (lem
1982 4605 2228 4656 mortalis
2286 4605 2537 4670 genitus,
2589 4605 3013 4655 ronscrvaltatur
3075 4614 3253 4656 tamen
3308 4603 3361 4655 111

1801 4697 2204 4749 inmortalitate.
2258 4709 2349 4761 per
2402 4693 2680 4747 Iiﬂectoris
2731 4695 2815 4747 sui
2877 4695 3256 4763 benignitatem
3310 4705 3362 4745 et

1799 4788 2065 4852 gratiam;
2120 4788 2208 4837 sed
2261 4787 2346 4836 ulti
2385 4788 2552 4847 legem
2590 4785 2844 4836 violasset
2895 4794 3056 4851 atque
3096 4785 3356 4852 deliquis-

1802 4885 1898 4933 set.
1952 4877 2183 4927 removit
2236 4876 2303 4926 ab
2362 4876 2476 4939 ipso
2536 4872 2675 4924 Deus
2724 4887 2875 4924 suam
2937 4874 3356 4926 immortalitatis

1801 4965 2045 5034 gratiam.
2087 4975 2244 5031 atque
2279 4973 2388 5014 tum
2426 4965 2510 5015 ille
2539 4967 2662 5018 talis
2699 4965 2896 5016 mansit
2931 4962 3106 5028 qualis
3141 4963 3354 5030 alioqui

1802 5066 1991 5108 natura
2044 5055 2257 5116 fuerat;
2318 5057 2419 5106 hoc
2474 5067 2574 5116 est,
2642 5055 2901 5106 mortalis.
2960 5052 3064 5104 Sed
3117 5052 3260 5105 enim
3303 5054 3348 5105 si

1803 5154 1927 5198 aute
1991 5146 2250 5197 amissam
2314 5145 2734 5197 iutmm'talitatis
2786 5144 3012 5212 gratiam
3071 5143 3160 5195 ille
3219 5141 3356 5196 ﬁlios

1804 5245 2164 5306 procreasset,
2222 5247 2331 5287 ttttu
2390 5251 2518 5286 vero
2574 5236 2678 5289 dici
2729 5236 3015 5303 potuisset,
3065 5248 3158 5287 eos
3209 5233 3356 5317 illius

1803 5328 1941 5381 ﬁlios
1993 5328 2082 5396 qui
2140 5328 2271 5380 nihil
2320 5337 2659 5395 peccassent,
2715 5327 3136 5378 immortalitatis
3183 5324 3354 5387 gratia

1801 5421 1998 5472 merito
2043 5420 2416 5472 destituendos
2471 5434 2576 5470 non
2634 5417 2821 5470 fuisse.
2885 5417 3079 5468 Verum
3139 5417 3356 5483 quando

1801 5522 1919 5578 post
1953 5512 2201 5579 adeptam
2250 5510 2349 5564 sibi
2393 5511 2606 5562 demunt
2654 5509 3076 5562 immortalitatis
3123 5509 3354 5576 gratiam

1802 5603 2005 5669 prolem
2043 5602 2262 5670 gignere
2288 5602 2469 5667 rmpit,
2514 5601 2564 5655 id
2593 5601 2734 5671 quod
2769 5599 2936 5667 ipsius
2961 5608 3150 5653 natura
3186 5598 3352 5652 habe-

2217 5775 2404 5829 ‘llout.
2444 5793 2536 5829 111.
2570 5779 2619 5827 ὃ.
2655 5776 2709 5827 1⁵.
