4202 6430
831 414 935 477 607

2024 416 2119 474 ’[1]
2136 416 2296 473 EUD.
2368 417 2884 477 DAI’IINUI'ATA.

3955 426 4056 486 (0'3

833 531 923 581 bat
949 566 964 591 ,
1019 524 1421 580 transmittehat
1480 525 1535 578 in
1573 525 1713 579 tilios
1747 544 1761 580 :
1800 526 1852 579 id
1905 542 2032 581 vero
2074 528 2219 597 quod
2271 538 2399 584 ante
2427 549 2472 594 Α
2504 550 2609 586 non
2639 533 2982 598 deliciarum,
3011 541 3071 587 ut
3097 549 3194 589 vos
3213 534 3556 590 existimatis.
3586 536 3825 607 Denique
3852 547 3996 609 quod
4027 564 4057 593 ,ι

830 621 1093 673 amiserat
1126 621 1431 687 nequejam
1466 628 1579 673 tum
1619 621 1872 685 habebat,
1917 620 2169 675 conferre
2202 623 2255 675 in
2292 623 2393 678 hos

832 725 938 762 non
975 711 1172 775 potuit.
1224 709 1470 763 Mortalis
1517 710 1699 779 itaque
1749 711 2003 763 mortales
2045 714 2387 780 procreavit;

832 810 992 867 atque
1025 799 1153 851 hinc
1188 801 1433 852 omnium
1482 813 1736 867 nepotum
1773 817 1922 854 mors
1954 815 2250 856 consecuta
2283 816 2389 868 est,

829 906 934 943 non
971 899 1151 942 autem
1200 906 1263 943 ex
1312 891 1458 945 illius
1488 892 1707 944 delicto.
1744 891 1857 944 lino
1891 908 2017 945 vero
2050 894 2095 946 si
2145 906 2394 949 accurate

826 995 1012 1032 sacras
1060 979 1296 1036 Litteras
1352 982 1711 1050 perlustretis,
1762 985 1886 1041 erit,
1938 985 2025 1034 uhi
2080 999 2132 1037 et
2172 988 2391 1056 quando

829 1068 995 1123 Deum
1034 1072 1333 1137 peremisse
1376 1073 1511 1125 filios
1549 1089 1643 1140 per
1696 1085 1906 1143 patrum
1960 1093 2183 1131 causam
2238 1078 2389 1130 inve-

826 1161 1013 1213 niatis.
1058 1162 1191 1214 Nam
1248 1164 1385 1231 apud
1421 1162 1729 1217 Samuelem
1784 1168 2042 1234 scriptum
2085 1175 2167 1219 cst
2200 1184 2213 1218 :
2249 1167 2390 1229 Quia

824 1253 1070 1302 recvrdor
1116 1252 1227 1318 ejus
1280 1254 1416 1318 quod
1469 1253 1683 1305 Amalec
1741 1254 1861 1321 fecit
1922 1252 2117 1306 Israclt'
2178 1256 2389 1307 exeunti

820 1338 1073 1409 xliggpto,
1100 1341 1224 1392 rade
1248 1349 1325 1404 tu,
1354 1339 1507 1405 Saul,
1531 1356 1577 1396 et
1597 1353 1825 1412 pugnata
1852 1345 2100 1397 adversus
2124 1346 2269 1414 Agag
2297 1362 2389 1412 po—

824 1432 1105 1499 pulumque
1146 1432 1308 1498 ipsius
1333 1433 1376 1496 ⁸,
1431 1445 1536 1487 etc.
1590 1434 1655 1487 Et
1702 1435 1831 1487 alibi
1880 1437 2140 1505 scriptum
2190 1445 2384 1499 exstat,

823 1531 1043 1588 propter
1094 1521 1314 1575 Davidis
1361 1533 1638 1590 peccatum
1691 1539 1889 1579 uxores
1920 1518 2104 1591 ’ipsius
2162 1536 2386 1579 constu-

822 1612 1061 1678 prandas
1092 1614 1272 1666 esse'.
1315 1612 1378 1664 Et
1408 1628 1598 1667 rursus
1640 1615 1693 1667 in
1724 1614 2146 1669 Gabaonitarum
2179 1618 2385 1685 gratia-

826 1719 944 1754 rum
1006 1714 1311 1770 peremptos
1371 1720 1494 1757 esse
1552 1708 1845 1774 suspendio
1898 1724 1926 1760 a
1989 1693 2189 1762 Davide
2245 1710 2385 1763 ﬁlios

823 1792 1047 1861 Rephae.
1100 1795 1220 1846 tilia:
1268 1795 1491 1861 Aize”;
1526 1812 1689 1863 porro
1739 1800 1881 1866 quod
1930 1813 2028 1852 ceu
2081 1798 2381 1853 absurdum

2496 623 2836 675 daemonibus
2873 624 3170 693 collegistis
3206 637 3611 695 argumentum,
3638 631 3731 696 qui
3773 631 3872 683 etsi
3916 632 4057 684 deli-

2495 727 2732 781 querunt
2777 716 2943 768 etiam
2991 718 3237 782 gravius,
3295 732 3401 771 non
3451 730 3631 772 tamen
3699 730 3828 774 sunt
3884 733 4060 774 morte

2496 803 2748 865 multati,
2818 804 2897 855 sic
2949 804 3301 858 dissolvimus
3355 805 3697 868 :daemonas,
3759 809 3886 875 quia
3935 823 4059 861 sese

2494 893 2817 945 extuliSsent
2855 903 3016 960 atque
3066 910 3159 961 per
3210 896 3525 963 superbiam
3568 895 3890 964 iactassent,
3931 900 4058 952 ideo

2493 978 2805 1034 deturbatos
2863 994 3027 1033 esse:
3068 997 3172 1033 non
3220 992 3401 1034 autem
3467 983 3538 1035 ob
3577 996 3852 1050 peccatum
3909 1001 4058 1037 inor-

2493 1082 2635 1131 tuos,
2670 1072 2795 1137 quia
2831 1087 2859 1123 a
2891 1087 3071 1123 rerqu
3101 1072 3332 1125 Parente
3365 1074 3492 1137 Deo,
3528 1086 3719 1127 natura
3756 1076 4053 1129 immortali

2493 1161 2708 1213 fuerant
2736 1161 2945 1227 pricditi
2975 1171 3085 1214 tum
3115 1176 3239 1214 cum
3274 1163 3654 1231 gignebantur,
3684 1165 3833 1232 prius
3860 1180 4056 1232 nempe

2491 1266 2652 1319 qnam
2701 1262 3013 1319 peccassent
3048 1269 3061 1304 :
3095 1254 3361 1306 Adamnm
3413 1271 3540 1306 vero
3592 1268 3862 1309 mortuum
3907 1272 4055 1321 esse,

2490 1341 2616 1407 quia
2663 1341 2911 1407 adempta
2961 1340 3061 1406 ipsi
3112 1349 3230 1395 erat
3283 1341 3710 1397 immortalitatis
3760 1344 3927 1411 gratia
3982 1346 4054 1395 ob

2490 1430 2786 1483 admissum
2834 1444 3136 1499 peccatum.
3179 1429 3363 1500 Neque
3392 1449 3520 1485 vero
3560 1434 3753 1488 iisdem
3791 1435 4054 1488 omnibus

2490 1522 2653 1574 rebus
2686 1520 2895 1590 pricditi
2933 1536 3123 1575 sumus
3156 1537 3275 1585 nos,
3310 1523 3724 1591 (iiBlllOlICSQlle;
3757 1540 3857 1577 nos
3895 1525 4052 1578 enim

2487 1628 2581 1664 sua
2612 1612 2755 1665 Deus
2787 1614 2955 1681 gratia
2990 1614 3261 1681 dignatur,
3305 1615 3421 1669 illos
3457 1629 3584 1667 vero
3613 1616 3857 1679 minime,
3908 1626 4056 1668 tam-

2486 1704 2585 1753 etsi
2628 1701 2858 1768 plurima
2920 1701 3127 1754 ratione
3174 1701 3429 1769 polleant.
3465 1703 3634 1770 Igitur
3663 1717 3729 1756 ex
3764 1705 3847 1757 liis
3874 1705 4056 1756 omni—

2488 1794 2589 1846 bus
2638 1792 3234 1855 dilucide.conlicitur,
3289 1810 3387 1847 nos
3432 1795 3502 1847 ob
3553 1806 3833 1863 peccatum
3885 1800 4051 1851 mori.

822 1884 1096 1950 colligitis,
1133 1894 1439 1951 peccatum,
1480 1888 1700 1939 creandi
1732 1888 1891 1954 hujus
1934 1889 2120 1940 inundi
2156 1904 2380 1942 causam
2417 1866 2458 1919 Β
2493 1881 2965 1934 Verumenimvero
3025 1884 3071 1936 si
3116 1892 3398 1951 propterea
3459 1886 3703 1951 regnavit
3760 1886 3810 1936 in
3863 1897 4054 1937 nostra

821 1972 990 2026 fuisse
1037 1974 1449 2041 respondemus,
1479 1975 1531 2027 id
1563 1992 1789 2044 prorsus
1824 1977 2021 2029 falsum
2074 1992 2194 2031 esse
2224 1989 2384 2047 atque

820 2064 1264 2117 abominandum.
1341 2064 1558 2119 Interim
1617 2067 1719 2120 hoc
1798 2068 2028 2121 libenter
2107 2070 2380 2131 fatentur,

826 2157 1087 2207 mundum
1126 2169 1247 2207 esse
1274 2156 1511 2209 hominis
1540 2161 1842 2224 peccatoris
1872 2173 2035 2212 causa
2066 2160 2379 2223 conditum;

818 2244 979 2312 idque
1041 2245 1142 2298 bac
1185 2246 1391 2297 ratione
1445 2263 1459 2299 :
1510 2262 1633 2299 nam
1686 2249 1858 2301 Adam
1904 2250 2233 2316 simulatque
2266 2252 2382 2303 for-

819 2345 1002 2389 matus
1052 2344 1190 2397 erat,
1240 2336 1524 2391 traductus
1568 2347 1652 2393 est
1687 2340 1739 2392 in
1771 2341 2107 2408 paradisum,
2145 2357 2243 2395 ceu
2297 2342 2378 2395 lo-

818 2442 942 2479 cum
980 2428 1239 2491 medium,
1273 2436 1333 2480 ut
1367 2429 1410 2479 si
1442 2438 1657 2496 pareret
1688 2430 1789 2498 legi
1822 2432 1877 2484 in
1903 2432 2124 2487 cmleste
2150 2447 2375 2500 regnum

816 2517 1229 2582 subveheretur,
1285 2519 1367 2571 sin
1412 2521 1592 2573 minus
1636 2531 1849 2587 pareret
1892 2523 2272 2576 detruderetur
2322 2524 2376 2575 in

818 2605 963 2658 hunc
996 2607 1279 2669 mundum,
1317 2609 1367 2659 id
1391 2610 1534 2676 quod
1574 2610 1701 2663 alibi
1749 2620 1833 2663 est
1864 2626 1893 2664 a
1940 2611 2099 2665 nobis
2139 2613 2378 2679 explica-

821 2712 954 2752 tum.
1012 2701 1105 2753 Est
1160 2702 1323 2769 igitur
1373 2702 1608 2756 hominis
1666 2706 1967 2771 peccatoris
2017 2704 2220 2772 gratia.
2268 2718 2375 2757 non

817 2802 997 2844 autem
1032 2793 1259 2859 peccati,
1291 2791 1519 2845 cll'ectus
1549 2793 1651 2846 iste
1682 2796 1919 2849 mundus
1945 2812 1960 2859 ;
1999 2796 2156 2848 vallis
2181 2810 2376 2862 nempe

820 2879 1183 2947 Iacryniaruin
1235 2891 1287 2933 ct
1323 2882 1476 2935 locus
1502 2884 1753 2937 dolorum
1815 2885 2131 2954 umbraeque
2181 2885 2375 2938 mortis

883 3046 944 3098 'l
975 3048 1109 3121 Reg.
1147 3068 1232 3116 sv,
1264 3053 1317 3105 ‘2.
1395 3056 1414 3084 ’
1442 3053 1480 3104 ll
1506 3055 1637 3124 IIcg.
1668 3071 1764 3116 ιιι,
1808 3056 1888 3107 ll.

2491 1983 2682 2026 natura
2726 1981 3027 2041 peccatum,
3086 1975 3212 2041 quia
3282 1974 3453 2027 Adam
3518 1976 3903 2043 pravaricatus
3968 1987 4057 2028 cst

2491 2073 2679 2117 contia
2721 2064 2889 2129 legem
2941 2064 3057 2126 Dei,
3089 2074 3293 2128 quanto
3325 2065 3497 2132 magis
3534 2064 3961 2132 justificabimur
4001 2077 4057 2117 ct

2492 2155 2834 2209 scrvahimur
2864 2169 2960 2222 per
2987 2154 3153 2207 vitam
3201 2152 3430 2216 Christi,
3468 2155 3557 2222 qui
3589 2166 3643 2210 et
3688 2166 3913 2209 mortem
3953 2171 4053 2209 su-

2489 2247 2699 2317 peravit
2737 2255 2788 2299 et
2818 2253 3068 2297 naturam
3122 2254 3366 2298 nostram
3400 2244 3552 2307 vicit,
3593 2247 3848 2314 viamque
3886 2246 4054 2300 nobis

2490 2338 2700 2408 aperuit
2747 2336 2940 2390 salutis
2971 2350 3096 2389 cum
3136 2334 3204 2388 de
3248 2337 3389 2390 caelo
3422 2337 3488 2389 ad
3541 2352 3640 2390 nos
3670 2337 4050 2401 descenderet,

2488 2447 2593 2498 qua
2629 2439 2909 2496 pergentes
2946 2426 3352 2495 perveniremus
3384 2426 3436 2479 in
3465 2428 3652 2479 beatas
3682 2426 4054 2482 habitationes

2481 2523 2676 2573 domus
2722 2519 2899 2571 l’atris
2953 2517 3099 2570 illius
3145 2518 3287 2584 :qui
3338 2530 3462 2568 cum
3519 2516 3677 2570 Patre
3736 2526 3790 2570 et
3840 2518 4048 2586 Spiritu

2483 2620 2671 2667 sancto
2724 2611 2994 2671 laudetur,
3048 2608 3284 2677 gloriose
3322 2606 3649 2675 praedicetur
3694 2616 3747 2660 et
3788 2607 4052 2662 adoretur

2482 2719 2581 2772 pro
2614 2703 2783 2756 tantis
2817 2700 3101 2755 beneficiis
3124 2713 3246 2767 qua:
3276 2697 3330 2750 in
3364 2698 3665 2751 humanum
3703 2714 3875 2768 genus
3905 2715 4047 2754 con-

2482 2794 2625 2858 tulit,
2680 2793 2807 2846 hinc
2860 2806 3029 2860 usque
3076 2790 3128 2841 in
3178 2788 3565 2859 generationes
3610 2791 4049 2858 generationuni.

2478 2887 2670 2937 Anien.

1968 3057 2010 3087 ¹⁰
2036 3056 2072 3107 ll
2112 3057 2243 3125 Reg.
2276 3072 2389 3120 xxi,
2418 3055 2470 3119 8,
2501 3054 2553 3107 9.

822 3233 4042 3262 ω

2093 3412 2259 3456 ANNO
2309 3411 2531 3456 DOMINI
2575 3413 2767 3456 CMLV'I

945 3595 1374 3764 THE
1399 3589 2267 3769 ODOBUS
2397 3588 3898 3771 DAPHNOPATA

1810 4278 1988 4333 ιυιιιΙιιι
2022 4275 2088 4323 lle
2129 4274 2297 4335 script.
2324 4274 2524 4331 ccclcs.,
2558 4281 2673 4322 toni.
2706 4273 2763 4329 ll,
2792 4290 2836 4334 ιι.
2884 4279 3007 4328 ΗΑ)

885 4427 1204 4481 Theodorus
1238 4425 1609 4494 Daphnopata,
1655 4424 1861 4492 primus
1894 4437 1921 4474 a
1953 4422 2176 4475 secretis
2217 4432 2378 4488 atque
2433 4419 2695 4489 patricius
2728 4419 2870 4505 apud
2902 4419 3449 4492 Constantinopolim,
3484 4426 3681 4481 claruit
3712 4443 3855 4483 anno
3895 4432 4003 4486 950
4028 4477 4040 4489 .

808 4516 965 4582 cujus
1022 4514 1349 4565 mentionem
1407 4511 1615 4565 faciunt
1667 4508 1902 4562 Joannes
1961 4509 2219 4576 Scylitzcs
2263 4522 2324 4559 ac
2376 4507 2640 4571 Georgius
2693 4505 2989 4580 Cedreuus,
3024 4516 3248 4574 uterque
3303 4511 3358 4563 in
3412 4510 3774 4567 Historiarum
3804 4532 4035 4571 suarum

814 4600 1105 4662 prommiis,
1149 4607 1311 4665 atque
1348 4597 1487 4648 inter
1516 4612 1610 4649 eos
1639 4598 1728 4663 qui
1763 4594 2054 4647 Historiam
2092 4593 2439 4663 Byzantiuam
2466 4594 2580 4647 sive
2607 4592 3261 4660 ConstaiitinOpolitanam
3297 4599 3650 4665 scripserunt,
3695 4604 4035 4671 praecipuum

814 4687 885 4739 ibi
928 4689 1101 4738 locum
1134 4687 1361 4739 obtinet.
1398 4682 1631 4736 Aitatem
1666 4698 1771 4751 qua
1805 4684 1939 4735 vixit
1972 4685 2169 4735 indicat
2220 4682 2393 4735 oratio
2428 4679 2598 4747 ipsius
2646 4682 2697 4729 in
2756 4695 2965 4730 manum
3001 4678 3055 4731 S.
3095 4678 3445 4734 l’m’cursoris
3477 4684 3757 4751 Baptistae,
3794 4706 3917 4755 quin
3941 4693 4036 4745 diu

807 4788 1108 4840 magnaque
1171 4787 1322 4831 cura,
1358 4771 1531 4837 inquit
1584 4771 1760 4823 Carus
1797 4780 1941 4820 lotuo
1972 4770 2033 4831 ll,
2071 4785 2163 4821 seu
2230 4778 2378 4836 parte
2411 4781 2444 4817 Il
2516 4765 2768 4817 Historia:
2827 4765 3118 4827 (iuerat-iw,
3147 4768 3210 4819 ad
3263 4784 3463 4821 annum
3496 4773 3620 4845 956,
3646 4773 3949 4830 Antiochiae
3981 4780 4035 4831 in

806 4859 1003 4925 templo
1049 4858 1109 4909 ι).
1148 4857 1287 4908 Petri
1346 4857 1609 4909 custodita
1662 4854 1857 4917 fuerat,
1899 4871 2057 4923 quam
2116 4856 2331 4906 tandem
2370 4855 2505 4905 clam
2568 4853 2830 4920 surripuit
2859 4854 3028 4905 Jobus
3056 4855 3275 4919 quidam
3316 4856 3581 4911 diaconus
3621 4862 4024 4937 Autiochenus,

804 4953 857 4997 et
890 4945 1019 4996 urbe
1056 4953 1215 4995 noctu
1250 4958 1521 5013 egressus,
1550 4942 1942 4997 Chalcedoncm
1979 4942 2187 5011 detulit,
2221 4941 2309 4991 ubi
2343 4940 2699 5006 imperatoria:
2734 4940 2937 4991 triremi
2977 4940 3039 4990 ad
3078 4940 3177 4992 hoc
3238 4941 3412 5007 ipsum
3459 4944 3668 4997 emissae
3708 4947 4024 5016 impositam

804 5030 1126 5083 illustriores
1174 5039 1453 5083 senatores
1489 5031 1837 5095 procedentes
1870 5029 2103 5090 obviam,
2154 5044 2275 5080 cum
2312 5026 2599 5092 Polyeucto
2631 5024 2938 5091 patriarcha
2989 5032 3043 5076 et
3088 5024 3339 5079 universo
3365 5028 3508 5081 clero
3546 5040 3599 5082 et
3641 5034 3857 5099 populo,
3894 5053 4022 5090 cum

805 5118 1000 5181 cereis,
1029 5117 1235 5168 facibus
1292 5124 1347 5167 et
1403 5116 1692 5179 sullitibus,
1727 5131 1845 5169 eam
1905 5116 1956 5167 in
2019 5114 2272 5183 palatium
2327 5114 2687 5172 deduxerunt,
2738 5126 2876 5163 anno
2905 5110 3117 5164 circiter
3163 5111 3287 5175 956,
3328 5112 3595 5169 referente
3628 5118 3740 5172 haec
3772 5120 4025 5179 Cedreno

806 5203 1062 5256 Historia:
1094 5200 1508 5256 (Ξτωεοοιιαιίηω
1547 5218 1665 5270 pag.
1694 5203 1816 5255 GIO.
1854 5201 1971 5254 Mox
2004 5204 2310 5255 institutum
2350 5200 2512 5267 hujus
2552 5196 2939 5251 Translationis
2969 5198 3189 5259 festum.
3226 5209 3279 5251 et
3311 5200 3410 5255 hac
3436 5206 3721 5258 occasione
3752 5224 3900 5263 anno
3938 5228 4029 5266 se-

806 5289 1015 5358 quenti.
1047 5304 1169 5342 cum
1198 5289 1569 5341 anniversaria
1603 5289 1757 5342 istius
1791 5289 1912 5342 festi
1962 5290 2155 5341 rediret
2191 5288 2529 5349 solcinnitas,
2563 5287 2701 5340 hanc
2755 5288 3053 5339 orationem
3103 5286 3425 5341 Theodorus
3471 5292 3675 5356 habuit,
3708 5296 3785 5347 uti
3826 5314 4023 5354 nume-

810 5380 887 5430 ris
918 5375 1058 5439 XVI,
1090 5374 1254 5437 XVII,
1287 5374 1452 5427 XVIII
1480 5384 1533 5429 et
1568 5375 1707 5442 XIX,
1740 5376 1855 5445 ipse
1881 5377 2081 5445 prolixe
2113 5383 2320 5428 narrat.
2358 5373 2494 5427 Iline
2529 5375 2646 5443 ejus
2679 5384 2808 5429 aetas
2833 5375 3072 5444 alioquin
3105 5378 3237 5428 satis
3276 5383 3505 5430 obscura
3542 5379 3686 5433 clare
3713 5382 4027 5452 deprehen-

807 5463 973 5517 ditur.
996 5462 1115 5517 H.ee
1139 5477 1203 5516 ex
1234 5460 1525 5515 Laurentio
1558 5464 1719 5516 Surio
1745 5465 1922 5517 Cavus
1954 5464 2069 5517 loco
2098 5464 2347 5531 allegato.
2376 5462 2605 5531 Scripsit
2632 5479 2848 5532 quoque
2873 5462 3166 5517 Historiam
3192 5466 3301 5518 sive
3325 5466 3616 5520 Clironicon
3639 5467 4021 5540 Byzantium,

809 5552 952 5620 quod
986 5550 1215 5618 posteris
1239 5550 1427 5603 invidit
1459 5550 1639 5619 lapsus
1673 5552 1929 5620 temporis
1960 5551 2201 5603 omnium
2233 5550 2434 5603 edacis.
2480 5554 2547 5603 At
2582 5553 2685 5603 alia
2730 5553 2886 5604 nobis
2937 5563 3228 5619 supersunt
3280 5553 3400 5620 ejus
3444 5570 3628 5621 opera,
3657 5574 3779 5626 qua:
3816 5562 4021 5618 famam

808 5639 1078 5693 Theodori
1111 5640 1339 5704 posteris
1370 5648 1640 5708 utcunque
1670 5650 1906 5693 servant.
1941 5639 2163 5694 Exstant
2194 5638 2434 5707 ejusdem
2464 5640 2867 5706 Apamlaismata
2904 5642 3018 5691 sive
3052 5636 3289 5690 Fluscu'li
3318 5656 3378 5691 cx
3422 5644 3577 5694 rariis
3602 5647 3773 5697 sancti
3793 5646 4025 5706 Joannis

808 5727 1168 5796 (.‘Iirysostomi
1229 5728 1459 5792 operibus
1518 5731 1744 5793 (πετριε
1800 5729 1939 5783 inter
1989 5744 2116 5782 mss.
2148 5730 2361 5781 codices
2414 5726 2755 5779 bibliotheca:
2806 5726 3107 5777 Bodleiano
3138 5725 3461 5780 coddﬂliiil
3514 5739 3567 5783 ct
3597 5730 3761 5796 2555,
3792 5735 3847 5788 in
3887 5754 4022 5791 mss.

813 5816 1033 5871 'l'nanne
1074 5812 1275 5869 Bodlcii
1309 5814 1465 5870 codd.
1491 5816 1591 5871 235i
1622 5826 1670 5870 rt
1698 5816 1818 5875 253i,
1852 5832 2077 5880 quoium
2112 5816 2318 5883 primus
2350 5819 2584 5873 continet
2619 5817 2880 5887 ejusmodi
2935 5814 3248 5883 liclogaruin
3294 5834 3571 5876 sermones
3615 5822 3703 5886 '52,
3746 5828 4025 5882 secundus
