4202 6430
861 374 963 434 (iiIi

2015 388 2285 451 THEOD.
2344 392 2856 453 DAPlthll'ATE

3981 411 4080 471 {iiii

864 498 1012 541 retur
1038 489 1384 548 alibidinosis
1410 505 1462 548 et
1492 498 1867 563 voluptuariis.
1896 506 2225 571 essetmajor
2249 505 2417 558 fomes
2446 514 2491 569 Α
2522 524 2709 575 perare
2737 515 3053 577 sceleribus,
3077 526 3131 569 et
3159 531 3369 573 eorum.
3401 520 3491 584 qui
3514 534 3610 585 pro
3645 523 3861 577 Christo
3894 526 4079 579 ιΙροοιπ-

863 578 1097 641 invidia),
1112 590 1160 632 et
1181 583 1402 650 majoris
1424 585 1647 639 sceleris
1668 592 1891 644 materia
1913 591 2416 660 intemperantibus.

862 669 953 721 Sic
977 686 1107 738 ergo
1167 688 1366 741 corpus
1423 675 1640 739 quidem
1701 680 1967 745 sepultum
2024 685 2417 747 occultabatur,

858 775 982 812 cum
1014 777 1190 829 neque
1232 763 1518 829 quisquam
1566 764 1695 819 illud
1744 777 1872 822 tunc
1930 775 2260 837 perscrutari
2299 786 2420 829 stn-

858 852 1083 913 duisset,
1109 868 1281 921 neque
1309 854 1423 922 ipse
1447 858 1874 912 manifestasset.
1911 858 2016 913 Sed
2053 866 2273 929 quando
2300 869 2424 935 qui-

859 941 979 993 dem
1012 942 1075 992 ad
1100 943 1244 996 hunc
1267 946 1442 997 locum
1472 948 1711 1013 perveni,
1741 949 1863 1000 volo
1894 951 1957 1002 de
1982 953 2083 1005 hoc
2102 957 2418 1024 prophetico

856 1029 1229 1096 tabernaculo,
1261 1045 1315 1088 et
1350 1037 1416 1087 de
1460 1051 1645 1099 manu,
1672 1054 1793 1106 qua:
1831 1042 1879 1094 ei
1916 1044 2209 1106 coaluerat,
2265 1049 2420 1115 quid.

853 1119 1005 1181 dam,
1033 1126 1174 1191 quod
1210 1141 1239 1179 e
1270 1127 1439 1179 veteri
1472 1130 1667 1195 pendet
1704 1135 2037 1197 narratione,
2098 1138 2223 1192 huic
2261 1155 2415 1193 sacro

855 1213 1063 1265 tlnatro
1097 1217 1407 1284 explanare,
1440 1227 1493 1271 et
1518 1237 1638 1287 quae
1670 1222 1735 1277 de
1769 1225 1851 1278 his
1877 1228 2183 1282 audivimus
2223 1239 2275 1281 et
2319 1246 2411 1283 co~

853 1305 1157 1365 gnoiimus.
1194 1318 1247 1360 et
1275 1322 1395 1374 quae
1424 1320 1632 1363 veteres
1686 1313 1900 1365 tradunt
1952 1315 2211 1378 historiae,
2241 1319 2414 1386 expli-

850 1409 971 1447 care
1002 1395 1194 1460 fusius,
1258 1410 1310 1453 et
1340 1401 1607 1453 undenam
1639 1402 1817 1456 divina
1870 1407 1979 1460 hzre
2019 1411 2192 1477 gratia
2243 1420 2416 1465 trans-

852 1481 955 1533 lata
1018 1495 1099 1535 est
1153 1485 1522 1549 Antiochiam,
1596 1498 1659 1542 et
1709 1490 1927 1543 ubinam
1984 1492 2083 1545 fuit
2124 1498 2411 1561 repositum

853 1573 1172 1625 translatum
1226 1579 1602 1643 propheticum
1662 1582 1791 1633 illttd
1873 1586 2308 1645 tabernaculum,
2361 1600 2414 1639 et

848 1661 1094 1727 quisnam
1128 1658 1288 1717 fuerit
1319 1668 1532 1733 quidem
1576 1672 1765 1723 modus
1804 1672 1962 1739 hujus
2022 1677 2408 1741 translationis,

846 1761 898 1803 et
931 1754 1052 1815 quis
1087 1771 1275 1809 rursus
1306 1759 1590 1813 ablatiouis
1628 1771 1677 1812 et
1717 1765 2124 1827 exportatiouis.

921 1842 1034 1895 VII.
1072 1846 1307 1898 llerodes
1333 1850 1424 1914 qui
1464 1849 1696 1904 infantes
1731 1853 2024 1918 occiderat,
2060 1872 2182 1909 cum
2223 1856 2410 1911 .ludai-
2443 1833 2484 1890 Β

848 1948 967 1987 cum
1007 1937 1296 1989 multarum
1324 1940 1682 2006 principatum
1711 1944 2044 1998 traduxisset
2066 1948 2131 1999 ad
2164 1964 2409 2018 regnum,

847 2024 1067 2091 parebat
1096 2028 1313 2094 quidem
1349 2029 1625 2085 Romanis.
1662 2034 1794 2085 Cum
1843 2038 2026 2090 multis
2056 2050 2235 2092 autem
2297 2057 2413 2094 mo-

846 2117 927 2169 dis
957 2133 1242 2184 qutereret,
1276 2133 1329 2174 ut
1388 2125 1465 2175 eis
1496 2124 1766 2177 videretur
1799 2128 2091 2183 benevolus
2121 2140 2173 2184 et
2217 2132 2407 2198 ﬁdelis,

843 2209 1023 2261 eﬁ'ecit
1057 2212 1296 2278 quidem,
1329 2225 1385 2266 ιιι
1410 2213 1637 2269 Ronnani
1673 2235 1794 2271 eum
1832 2220 2077 2289 benignis
2109 2225 2411 2290 aspicerent

844 2299 1037 2360 oculis,
1080 2313 1131 2352 et
1168 2318 1264 2353 nec
1309 2302 1443 2367 fore,
1464 2317 1530 2365 ,ιιι
1559 2307 1626 2359 ab
1676 2310 1757 2361 eis
1797 2311 2070 2374 deﬁceret,
2115 2316 2277 2367 ullam
2312 2316 2408 2367 ba-

842 2388 1030 2443 berent
1066 2395 1457 2460 suspicionem.
1497 2396 1566 2457 Is,
1601 2410 1655 2451 ut
1689 2402 1885 2453 clarior
1917 2414 2060 2456 esset
2110 2421 2205 2459 sua
2238 2408 2289 2458 in
2317 2422 2410 2460 cos

846 2486 1239 2546 benevolentia,
1297 2489 1434 2541 inter
1469 2491 1572 2541 alia
1614 2492 1857 2544 condidit
1913 2493 2074 2546 etiarn
2113 2496 2405 2560 civitatem,

848 2576 1006 2627 sitam
1040 2592 1144 2629 non
1183 2580 1367 2644 procul
1420 2582 1487 2632 ab
1520 2580 1931 2652 Hierosolymis.
1973 2585 2065 2637 sed
2116 2581 2406 2640 dismutem
2463 2621 2473 2630 -

845 2679 1052 2721 tantum
1112 2670 1306 2724 itinere
1365 2672 1527 2726 unius
1578 2675 1706 2737 diei,
1734 2691 1849 2728 eam
1893 2692 2092 2729 vocans
2130 2678 2409 2742 Sebasten,

844 2756 1031 2811 Latine
1065 2761 1386 2828 Augusmm,
1419 2777 1475 2815 ιιι
1515 2766 1738 2833 Augusti
1775 2765 2002 2820 Ca'saris
2035 2770 2398 2837 appellatione

843 2848 1173 2915 significaret
1207 2868 1361 2905 suam
1395 2854 1447 2906 in
1482 2870 1605 2908 eum
1639 2858 2066 2911 benevolentiam
2096 2870 2146 2912 ct
2177 2862 2411 2914 servitu-

843 2951 966 2991 tem.
1006 2941 1058 2993 lu
1086 2958 1170 3005 ea,
1200 2944 1290 3008 qui
1339 2950 1460 3012 past
1513 2945 1663 2998 illum
1730 2935 1964 2999 obtinuit
2022 2948 2405 3015 principatum,

844 3035 1115 3087 tetrarcha
1149 3032 1526 3090 llerodesﬁxit
1564 3038 1792 3105 regiam,
1836 3039 1887 3091 in
1942 3056 2045 3106 qua
2097 3043 2257 3094 etiam
2310 3042 2409 3096 fuit

2529 609 2731 665 larunt,
2763 618 3095 672 quaecunque
3149 622 3302 661 erant
3361 611 3618 678 reliquiae,
3673 624 3763 668 aut
3810 616 4073 684 integrum

2521 692 2949 758 tabernaculum,
2981 705 3075 750 aut
3131 698 3333 767 aliquid
3377 704 3519 755 aliud
3551 719 3613 755 ex
3654 705 3739 763 iis,
3793 723 3914 775 qua!
3952 721 4077 761 sunt

2521 799 2664 851 purre
2696 796 2894 839 nosttm
2919 790 3040 841 ﬁdei
3079 792 3252 851 signa,
3289 806 3351 843 ea
3377 794 3559 847 omnia
3621 794 3727 861 igni
3786 797 4080 850 mandabat

2518 888 2570 930 et
2599 879 2762 931 cineri
2788 896 2801 941 ;
2832 894 3028 946 magno
3048 880 3298 947 deinceps
3325 881 3505 933 studio
3533 883 3677 935 venit
3706 883 4071 948 Antiochiam,

2517 969 2675 1021 simul
2710 970 2923 1036 quidem
2964 970 3239 1023 immunda
3276 980 3591 1036 peracturus
3624 975 3875 1043 mysteria
3910 976 3963 1027 in
3985 992 4073 1029 ara

2518 1059 2947 1122 simulacrorum,
2966 1077 3083 1128 qua:
3096 1064 3194 1114 sita
3208 1063 3366 1116 estad
3388 1062 3657 1128 llaphuen,
3675 1076 3727 1117 et
3743 1065 3900 1118 simul
3918 1067 4074 1121 etiam

2518 1163 2972 1219 perscrutaturus,
3034 1163 3085 1207 ct
3118 1155 3160 1207 si
3188 1167 3494 1208 sanctorum
3524 1156 3725 1223 aliquid
3752 1159 3801 1210 iu
3834 1175 3895 1212 ea
3931 1162 4076 1212 inve-

2516 1241 2681 1294 nisset
2715 1246 3032 1310 repositum,
3093 1245 3141 1298 id
3188 1246 3296 1313 igni
3352 1248 3727 1301 mandaturus.
3784 1249 3919 1301 Cum
3978 1253 4078 1305 hoc

2514 1347 2641 1398 ergo
2671 1348 2870 1387 salvum
2908 1338 3275 1389 renuntiatum
3310 1348 3450 1390 esset
3498 1340 3615 1407 ejus
3648 1340 3947 1401 decretum,
3984 1344 4075 1408 qui

2514 1427 3117 1481 erantChristianarum
3154 1432 3407 1497 partium,
3443 1445 3652 1483 sacram
3689 1448 3905 1485 manum
3936 1431 4078 1484 Prte-

2516 1518 2754 1569 cursoris
2777 1519 2912 1570 clam
2960 1519 3009 1570 in
3040 1521 3270 1587 quadam
3307 1532 3454 1574 turre
3484 1521 3738 1581 civitatis,
3772 1540 3891 1590 quae
3917 1538 4077 1576 voca-

2517 1618 2602 1660 tur
2644 1611 2822 1677 gonia,
2851 1612 2901 1663 id
2929 1624 3029 1671 est,
3056 1613 3308 1679 angulus,
3344 1616 3985 1679 sttnlueruntincludere,
4011 1632 4075 1670 tte

2514 1700 2627 1764 capi
2670 1704 2937 1766 po~sctab
2977 1693 3286 1759 idololatral.
3315 1706 3416 1771 Qui
3478 1717 3653 1762 autem
3709 1709 4073 1773 pontiﬁcalem

2515 1790 2694 1842 sedem
2728 1793 2942 1845 tenebat
2973 1793 3378 1863 Hierosolymis,
3424 1814 3546 1851 cum
3608 1799 3880 1851 auditione
3913 1814 4078 1851 acce-

2519 1880 2682 1948 pisset
2711 1885 3099 1938 exsecrandum
3159 1888 3450 1948 decretum,
3480 1903 3577 1940 nec
3612 1901 3897 1957 tyrannum
3953 1905 4078 1943 om-

2515 1973 2643 2027 nino
2674 1983 3032 2037 moraturum,
3060 1978 3188 2044 quiu
3211 1977 3275 2029 ad
3307 1992 3457 2030 sacra
3510 1978 3624 2031 loca
3657 1981 3996 2043 ascenderet,
4027 1993 4082 2035 et

2512 2082 2631 2133 quae
2662 2067 2714 2118 in
2746 2068 2824 2119 eis
2847 2077 2997 2119 erant
3026 2069 3420 2134 pretiosissima
3447 2084 3700 2137 corpora.
3732 2072 3838 2138 igni
3870 2087 4080 2125 consu-

2512 2157 2703 2209 menda
2735 2158 3035 2216 mandaret,
3086 2158 3186 2210 iter:
3214 2157 3501 2225 diligenter
3533 2170 3709 2221 curat,
3741 2172 3793 2213 et
3820 2178 4079 2227 magnum

2513 2248 2726 2300 adhibet
2772 2249 3033 2310 studium,
3068 2258 3119 2299 ut
3151 2264 3179 2300 e
3209 2248 3389 2300 loculo
3414 2248 3685 2301 sublatum
3717 2248 4084 2304 Prmeursoris

2513 2337 2944 2399 tabernaculum,
2989 2338 3381 2392 transmitteret
3409 2339 3736 2391 servandum
3763 2340 3812 2391 in
3850 2341 4081 2393 civitate

2510 2426 2895 2488 Alexandrina,
2932 2427 3037 2477 alio
3068 2427 3301 2492 quodam
3333 2429 3607 2480 communi
3639 2443 3865 2495 corpore
3886 2445 3988 2497 pro
4012 2444 4082 2483 eo

2509 2516 2708 2582 repleta
2734 2515 3095 2582 depositione.

2584 2604 2648 2657 Χ.
2689 2606 2978 2671 Postquam
3024 2614 3204 2658 autem
3256 2606 3561 2681 Antioeliite
3610 2608 3788 2661 omnia
3820 2623 4083 2676 perscru—

2513 2704 2657 2748 tatus
2692 2697 2776 2747 ille
2809 2695 3027 2762 impius,
3061 2710 3121 2747 ea
3156 2708 3239 2749 est
3273 2708 3593 2766 aggressus,
3638 2714 3756 2765 quae
3808 2700 3921 2752 ﬁeri
3968 2716 4080 2752 non

2513 2793 2779 2852 poterant,
2828 2798 2950 2836 cum
3002 2784 3269 2837 absconsa
3321 2800 3513 2838 manus
3550 2800 3815 2852 nusquam
3850 2801 4083 2853 compa-

2512 2884 2675 2933 reret,
2707 2889 2771 2925 eo
2804 2874 2892 2925 ille
2923 2873 3218 2925 sceleratus
3260 2872 3530 2924 desiderio
3566 2874 3873 2936 frustratus,
3932 2887 3986 2928 et
4023 2875 4078 2927 in

2513 2962 2776 3029 reliquum
2823 2962 3193 3030 propheticum
3222 2976 3419 3029 corpus
3454 2960 3636 3014 furore
3684 2966 3945 3031 percitus.
3984 2966 4081 3032 qui

2512 3052 2562 3105 id
2586 3061 2975 3114 si-rutareutur,
3009 3054 3189 3105 statim
3214 3052 3361 3105 misit
3383 3068 3555 3120 usque
3573 3053 3638 3105 ad
3677 3054 4079 3127 Hierosolyma,

844 3121 972 3173 illttd
1006 3124 1339 3186 convivium,
1371 3141 1479 3192 quo
1506 3128 1763 3192 propheta
1804 3127 1907 3179 fttit
1930 3131 2162 3188 Occisus,
2188 3132 2404 3196 ctjuxta
2435 3164 2477 3218 ε

2512 3154 2571 3194 ιιι
2610 3143 2964 3194 l‘ratcursoris
2990 3143 3096 3209 igni
3128 3143 3447 3193 mandarent
3468 3144 3896 3195 tabernaculum.
3918 3144 4080 3208 Quod

843 3225 1004 3279 quam
1041 3211 1215 3264 fuerat
1244 3214 1297 3265 in
1325 3214 1557 3268 vinculis
1590 3216 1675 3269 hic
1700 3232 1852 3269 Sacer
1880 3220 2139 3285 propheta
2182 3224 2231 3273 iu
2269 3238 2403 3288 quo-

840 3300 963 3351 dam
1002 3302 1285 3352 tcnehroso
1322 3317 1536 3354 reorum
1575 3305 1874 3357 domicilio.
1928 3307 2098 3375 Cujus
2129 3326 2193 3361 ex
2227 3320 2406 3363 trans-

844 3407 1001 3444 verso
1048 3392 1288 3445 referunt
1352 3394 1623 3461 sepultum
1689 3395 1857 3449 fuisse
1890 3413 2087 3465 corpus
2141 3405 2405 3467 praeconis

842 3483 1102 3535 veritatis.
1122 3481 1241 3547 Q‘uo
1264 3484 1426 3536 etiam
1459 3485 1510 3537 in
1538 3483 1659 3537 loco
1678 3485 1866 3539 dicunt
1892 3489 2041 3554 prius
2072 3489 2238 3543 fuisse
2267 3492 2401 3544 alte-

839 3589 959 3627 rum
992 3577 1297 3642 sepulcrum
1337 3578 1613 3643 propheta:
1637 3577 1835 3640 Eliswi,
1863 3578 1997 3631 adeo
2021 3593 2077 3631 ut
2108 3580 2215 3631 duo
2244 3582 2401 3633 loculi

842 3667 1153 3720 viderentur
1187 3668 1348 3721 simul
1389 3670 1631 3734 jacentes
1695 3671 1747 3722 in
1803 3687 1910 3724 uno
1937 3684 1988 3724 et
2019 3674 2206 3726 eodem
2266 3675 2401 3729 loco.

844 3758 921 3813 lbi
990 3773 1239 3827 quoque;
1275 3760 1529 3826 templum
1561 3762 1856 3814 maximum
1885 3764 2012 3816 olim
2069 3776 2401 3818 exstructum

842 3848 1036 3911 fuerat,
1070 3850 1213 3916 quod
1251 3860 1471 3917 preptcr
1500 3865 1560 3903 ea
1597 3868 1717 3919 quae
1745 3854 1796 3904 in
1836 3854 1953 3921 ipso
1985 3856 2203 3917 fiebant,
2241 3857 2405 3909 mira-

841 3937 961 3990 cuia
988 3948 1036 3989 et
1069 3939 1550 4005 pulchritudinem,
1582 3938 1755 3994 fuerat
1792 3942 2232 4010 incomparabile.
2267 3945 2401 3998 Cum
2447 3947 2455 3961 ‘

838 4027 958 4095 ejus
1009 4040 1188 4081 autem
1225 4039 1420 4083 tectum
1461 4038 1705 4098 tempore
1764 4033 2099 4097 deﬁuxisset,
2162 4036 2262 4088 sub
2315 4037 2402 4088 dio

840 4120 1025 4171 relicta
1053 4130 1177 4171 sunt
1215 4120 1333 4186 ejus
1376 4119 1626 4184 aedilicia,
1680 4122 1815 4175 adeo
1842 4132 1900 4175 ut
1936 4140 2041 4177 una
2085 4126 2197 4176 sola
2238 4125 2399 4178 illmsa

838 4212 1158 4263 remanserit
1197 4212 1545 4275 domuncula,
1607 4227 1729 4281 qua:
1779 4215 2067 4267 vocabatur
2118 4229 2398 4269 sacrorum

835 4314 1093 4353 vasorum
1128 4300 1375 4353 custodia
1412 4301 1464 4351 in
1494 4316 1599 4368 qua
1632 4304 1793 4356 etiam
1828 4304 2019 4357 inclusi
2076 4304 2236 4357 loculi
2278 4321 2401 4371 pro-

835 4391 1118 4459 phetarum
1153 4390 1616 4443 conservabatitur
1646 4394 1848 4461 absque
1898 4394 2005 4447 ullo
2050 4396 2396 4448 detrimento.

2511 3248 2632 3282 eum
2664 3233 2727 3283 ad
2764 3234 2919 3284 linem
2959 3242 3101 3284 esset
3155 3233 3467 3295 deductum,
3493 3242 3544 3285 ct
3572 3250 3876 3294 commune,
3932 3237 4080 3300 quod

2507 3336 2605 3389 pro
2639 3322 2730 3372 illo
2762 3325 3031 3387 sepultum
3087 3322 3281 3383 fuerat,
3316 3338 3513 3390 Corpus
3569 3325 3637 3376 ab
3664 3326 3731 3377 iis
3778 3326 3870 3392 qui
3920 3326 4079 3377 miss-i

2508 3411 2721 3463 fuerant
2756 3412 2806 3462 in
2855 3412 3090 3463 cinerem
3147 3422 3288 3465 esset
3319 3413 3617 3475 redactum,
3669 3414 3813 3466 illine
3855 3416 4079 3467 solvens

2506 3499 2958 3551 duxiteXei-citum
2976 3500 3038 3550 ad
3056 3499 3400 3552 obsidendam
3422 3501 3699 3562 Edessam,
3722 3511 3905 3568 utpote
3924 3502 4077 3569 quod

2503 3590 2592 3656 qui
2616 3590 2663 3639 iu
2688 3603 2748 3639 ra
2774 3588 3109 3652 habitabant,
3131 3590 3345 3655 planum
3374 3601 3521 3642 esset
3549 3606 3642 3644 eos
3671 3602 3813 3644 stare
3842 3606 3872 3643 a
3904 3592 4079 3657 parti-

2506 3680 2604 3729 bus
2633 3678 3085 3731 Cbristiauoruiu.
3114 3679 3280 3729 Aiunt
3333 3672 3511 3731 autem
3542 3681 3827 3743 quemdam
3864 3696 3927 3733 ex
3956 3682 4075 3733 suis

2508 3768 2743 3829 famulis,
2769 3770 2859 3835 qui
2879 3769 3045 3820 libere
3060 3784 3183 3819 cum
3201 3762 3265 3821 eo
3289 3768 3632 3836 loquebatur,
3649 3778 3702 3821 et
3718 3779 3833 3821 erat
3849 3775 3893 3821 ei
3916 3770 4077 3823 valde

2502 3860 2847 3926 eonjunctus.
2882 3875 2944 3911 ex
2979 3859 3162 3911 animo
3196 3872 3323 3911 vero
3355 3874 3442 3911 res
3464 3858 3900 3914 Christianorum
3923 3861 4076 3915 colc-

2503 3950 2594 4002 bat
2623 3959 2675 4001 et
2704 3948 3029 4010 honorabat,
3063 3962 3185 3999 eum
3226 3963 3255 4000 a
3288 3960 3467 4025 empto
3512 3950 3877 4017 prohibuisse,
3911 3961 3969 4005 et
4004 3954 4075 4003 ad

2505 4040 2698 4091 bellum
2750 4038 3012 4092 adversus
3046 4036 3238 4091 Persas
3268 4039 3561 4108 gerendum
3602 4040 3883 4103 incitasse,
3934 4043 4079 4094 civi-

2504 4138 2662 4182 tatem
2691 4144 2811 4181 cum
2845 4128 3020 4188 vellet,
3060 4128 3112 4180 iii
3149 4138 3464 4196 potestatem
3493 4130 3611 4196 ejus
3637 4139 3914 4182 venturam
3951 4132 4076 4197 pol-

2502 4220 2690 4272 licens.
2725 4219 2791 4270 Et
2818 4218 2898 4270 sic
2944 4219 3172 4271 consilio
3219 4220 3623 4287 obtemperans,
3672 4220 3950 4287 profectus
3991 4232 4080 4274 est

2502 4310 2568 4362 ad
2600 4309 2799 4361 bellum
2852 4319 3037 4361 contra
3081 4307 3274 4361 Persas
3306 4310 3623 4376 gerendum.
3658 4310 3713 4361 In
3748 4325 3858 4376 quo
3912 4311 4078 4378 plaga

2503 4396 2760 4450 divinitus
2796 4396 3033 4452 immissa
3065 4411 3379 4465 percussus,
3412 4400 3575 4450 vitain
3620 4399 4081 4452 liniitmiserabi-

907 4479 1189 4535 Vlll.(1um
1222 4493 1400 4536 autem
1422 4483 1598 4539 Lucas
1621 4488 1948 4551 evangelista
1969 4488 2393 4551 circumquaque
2422 4477 2472 4535 D
2500 4488 2638 4541 liter.

832 4584 1025 4626 omnes
1054 4573 1229 4625 obiret
1253 4574 1524 4640 regiones,
1555 4576 1643 4628 tibi
1663 4578 1819 4629 etiam
1847 4576 2098 4628 obeundo
2132 4577 2275 4628 venit
2296 4577 2394 4628 Se-

832 4664 1043 4728 basten,
1062 4665 1363 4720 Antiochia:
1386 4676 1561 4720 tactus
1582 4667 1871 4728 desiderio,
1896 4668 2059 4733 utqui
2090 4668 2139 4718 in
2170 4682 2231 4719 ea
2254 4676 2395 4719 esset

834 4767 1015 4818 natus,
1043 4771 1239 4824 magno
1266 4757 1484 4824 quidem
1512 4761 1792 4810 tenebatur
1823 4758 2000 4811 studio
2030 4772 2241 4811 sacrum
2262 4757 2393 4837 illud

831 4844 1196 4900 Praecursoris
1228 4862 1425 4914 corpus
1455 4848 1675 4901 tollendi
1708 4848 1998 4915 integrum.
2030 4848 2164 4901 Cum
2211 4857 2391 4900 autem

830 4953 938 5011 non
966 4948 1179 5006 posset,
1215 4939 1488 5007 quoniam
1533 4939 1820 5007 diligenter
1850 4939 2184 5001 servabitur,
2219 4940 2392 4991 ablata

831 5043 995 5085 manu
1023 5034 1264 5091 dextera,
1289 5047 1408 5085 eam
1435 5033 1667 5101 portavit
1699 5035 1748 5084 in
1771 5046 1922 5085 suam
1959 5034 2251 5095 civitatem,
2275 5033 2393 5085 loco

831 5121 1061 5188 alicujus
1093 5123 1312 5177 alterius
1344 5124 1613 5185 beneﬁcii,
1642 5133 1695 5176 et
1733 5124 1962 5175 aliarum
1988 5122 2295 5176 divitiarum
2320 5122 2389 5187 ci,

829 5228 951 5282 qua:
979 5214 1151 5282 ipsum
1186 5215 1412 5276 aluerat,
1445 5215 1586 5267 hanc
1613 5215 1841 5268 reddens
1866 5200 2166 5268 mercedem
2194 5216 2391 5268 educa-

828 5307 1015 5359 tionis.
1052 5307 1135 5359 Ab
1197 5306 1287 5360 illo
1347 5321 1478 5376 ergo
1512 5316 1754 5374 tempore
1792 5308 1892 5359 sita
1918 5315 2036 5360 erat
2074 5322 2268 5361 manus
2303 5308 2389 5361 illa

829 5396 967 5461 apud
996 5396 1385 5459 Antiochenos,
1416 5397 1467 5449 iti
1485 5412 1677 5464 magno
1703 5397 1905 5451 honore
1931 5398 2133 5458 habita,
2161 5398 2388 5467 etjugis,

828 5503 948 5554 qua:
985 5488 1037 5539 in
1077 5502 1139 5542 ea
1190 5488 1418 5550 habitat,
1455 5489 1639 5556 gratia!
1666 5488 1820 5542 ﬁdem
1857 5489 2059 5543 faciens
2089 5491 2413 5543 miraculis.'

898 5573 987 5628 IX.
1025 5576 1157 5629 Cum
1196 5588 1377 5630 autem
1433 5575 1679 5631 Julianus
1707 5579 1983 5650 tyrannice
2014 5580 2222 5632 clavum
2252 5581 2390 5633 arri-

828 5667 1036 5732 puisset
1069 5666 1299 5734 imperii,
1332 5669 1591 5736 quoniam
1614 5685 1725 5731 eos,
1765 5672 1854 5738 qui
1882 5671 2053 5739 ipsum
2101 5688 2389 5739 praecesse-

830 5767 968 5815 rant,
1026 5770 1401 5823 persecutores
1431 5770 1480 5814 et
1514 5760 1604 5814 Dci
1660 5762 1840 5816 llOSleS
1886 5764 2238 5817 contendebat
2298 5781 2387 5818 stt-

2570 4578 2659 4632 ΧΙ.
2697 4580 2985 4653 Postquam
3024 4589 3201 4634 autem
3228 4578 3291 4630 ad
3313 4577 3495 4632 ﬁdeles
3520 4578 3872 4644 imperatores
3892 4564 4079 4633 redie-

2497 4682 2620 4727 ruut
2644 4686 2850 4740 sceptra
2872 4674 3317 4732 liomauorum,et
3337 4670 3534 4722 reddita
3556 4670 3653 4722 fuit
3677 4670 3762 4722 libi
3786 4672 4075 4723 rtastrt-

2496 4766 2707 4828 stianis,
2747 4766 3085 4819 nesciebatur
3116 4763 3355 4831 quidem,
3389 4763 3604 4814 ubinam
3637 4773 3783 4814 esset
3832 4765 4075 4827 pretiosa

2497 4873 2712 4919 manus,
2744 4858 2810 4909 ab
2842 4858 3009 4924 iisqui
3030 4856 3417 4908 Antiochenam
3442 4853 4071 4907 liabitabantcivitatem.

2497 4948 2599 5000 Sed
2633 4949 2770 5001 haud
2792 4950 2876 4999 ’ita
2913 4948 3002 5001 ditt
3028 4958 3145 5015 post
3176 4947 3607 5012 pcrdiviniorem
3645 4944 3940 5005 revelatum
3969 4944 4076 4994 fuit

2498 5038 2756 5090 visionem
2790 5039 3007 5091 ubinam
3047 5046 3190 5089 esset
3243 5035 3526 5087 absconsa.
3560 5032 3731 5097 Quam
3764 5046 3893 5085 cum
3934 5033 4076 5084 lide-

2494 5128 2614 5180 liter
2646 5144 2709 5180 ex
2738 5144 2804 5179 co
2828 5128 2947 5180 loco
2972 5126 3342 5188 sustulissent,
3385 5123 3437 5175 iti
3470 5137 3531 5175 ea
3560 5121 3882 5174 honoranda
3912 5129 4076 5173 erant

2496 5217 2852 5270 insatiabiles.
2914 5216 3045 5269 Cum
3096 5224 3275 5267 autem
3336 5228 3440 5265 non
3519 5226 3708 5279 parum
3770 5208 4075 5261 clIluxissi-t

2497 5309 2778 5375 temporis,
2812 5310 3108 5376 imperator
3133 5306 3475 5360 Justinianus
3510 5304 3653 5355 inter
3680 5300 3808 5363 alia,
3830 5296 3952 5367 qua:
3982 5303 4076 5367 pic

2493 5400 2682 5469 gessit,
2714 5399 2839 5453 fecit
2867 5402 3030 5454 etiam
3072 5399 3174 5451 tale
3202 5396 3353 5461 quid.
3394 5396 3541 5448 llanc
3594 5392 3734 5444 enim
3770 5388 4073 5442 miraculo-

2492 5489 3351 5544 rumeffectriceml‘rwcursoris
3409 5484 3709 5543 dexteram,
3757 5494 3822 5531 et
3876 5477 4073 5530 Antio-

2490 5584 2635 5645 chia,
2666 5593 2718 5637 et
2747 5582 2955 5634 Domini
2986 5593 3040 5635 et
3078 5581 3167 5633 Dei
3206 5577 3375 5633 nostri
3406 5576 3667 5635 tunicam,
3688 5585 3806 5638 quze
3838 5578 3982 5629 erat,
4011 5569 4071 5621 in

2490 5678 2705 5730 cititate
2731 5676 3129 5734 Maratsemere,
3152 5681 3205 5725 et
3239 5669 3473 5722 maxime
3494 5661 3855 5717 venerandum
3875 5669 4069 5724 caput,

2489 5783 2550 5822 ex
2588 5766 2624 5817 li
2650 5781 2775 5819 izesa
2802 5765 3075 5821 transtulit
3100 5764 3163 5819 ad
3194 5762 3396 5832 regiam
3427 5756 3721 5817 civitatein,
3747 5767 3764 5804 :
3794 5764 3919 5819 quae
3941 5750 4075 5819 qui-
