4202 6430
167 414 262 479 fili

1256 399 1350 462 DE
1394 401 1600 464 MANU
1641 404 1699 461 S.
1739 397 2307 461 PILEIIURSOHIS.

3296 389 3403 454 ﬁlii

171 541 198 584 .i
227 548 286 584 -ιιι
322 521 751 581 ostendi-lantur
782 519 1062 588 obsignata
1094 518 1376 584 signaculo
1419 515 1588 570 sancti
1641 514 1733 567 im-

1843 512 1889 563 in
1921 512 2148 563 mediam
2190 511 2368 578 gulam
2403 509 2696 578 jaculatus,
2726 509 2841 574 ejus
2872 505 3017 574 λιιι-ἰιι
3064 503 3240 554 statim
3272 515 3405 569 quo.

173 621 440 690 peratoris
470 614 837 672 Constantini.
869 612 933 664 ad
974 614 1094 673 huc,
1124 619 1181 662 ιιι
1229 625 1337 662 non
1382 607 1612 674 amplius
1663 620 1728 657 ex

168 717 243 767 eis
276 713 602 766 avelleretur
629 707 789 761 abiis
840 706 931 772 qui
989 704 1470 770 amplecterentur.
1525 697 1733 751 Ablatis

170 818 296 868 ergo
334 800 662 862 signaculis.
694 811 814 846 eum
846 791 1102 858 templum
1138 789 1522 850 f‘rzeenrsoris,
1587 784 1730 854 quod

172 895 219 947 iu
246 890 530 944 Hebdomo
556 896 636 939 est
662 888 732 938 ab
757 899 820 938 eo
850 883 1199 955 redirit-alunt,
1233 895 1325 947 per
1359 878 1566 932 Domini
1590 877 1737 928 tuni-

170 996 287 1034 cam
339 987 394 1033 et
428 976 694 1045 ejusmodi
752 987 938 1026 sacras
1000 972 1399 1026 sanctificasset
1451 965 1732 1033 reliquias,

170 1085 364 1125 rursus
387 1069 596 1122 remisit
623 1066 738 1121 suis
786 1065 1098 1133 obsignatas
1150 1059 1444 1130 signaculis
1471 1071 1556 1117 eo.
1593 1057 1735 1110 unde

173 1169 453 1232 venerant,
487 1159 658 1212 solam
686 1157 960 1209 dexteram
997 1153 1363 1222 prophetieam
1422 1148 1733 1215 relinquens

175 1268 277 1302 non
300 1251 597 1318 signatam.
619 1254 678 1298 ut
709 1261 827 1314 qua:
857 1252 1151 1312 iungeretur
1189 1239 1499 1308 unguentis.
1536 1250 1588 1292 et
1613 1255 1736 1292 sus-

171 1342 452 1393 tolleretur
482 1339 535 1390 in
573 1338 709 1390 festo
735 1335 1108 1388 Exaltationis.

239 1429 356 1483 XII.
396 1428 459 1479 Et
483 1429 558 1481 sic
586 1425 802 1494 quidem
836 1425 901 1476 de
928 1423 1254 1477 hisrelatum
1284 1430 1364 1476 est
1389 1437 1415 1473 a
1441 1419 1736 1480 veterilus,

169 1522 291 1572 aliis
323 1520 426 1571 alia
484 1520 552 1570 de
609 1533 768 1569 mattu
814 1515 1190 1586 narrantibus,
1255 1514 1515 1565 conclusa
1560 1520 1735 1562 tamen

171 1612 221 1662 in
252 1627 417 1663 unam
473 1617 527 1660 et
578 1609 818 1661 eamdem
855 1606 976 1660 lidei
1026 1609 1321 1670 notionem,
1347 1602 1738 1671 etexpellentia

168 1715 388 1752 omnem
425 1698 878 1756 incredulitatem.
941 1699 1228 1750 aberrante
1265 1695 1466 1747 nemini
1493 1695 1676 1762 procul
1710 1709 1736 1744 a

171 1791 424 1844 veritate.
465 1790 619 1854 Quod
644 1789 688 1842 si
723 1797 936 1858 oportet
968 1789 1130 1842 etiam
1167 1785 1396 1853 alicujus
1427 1785 1739 1837 meminisse

1835 615 1938 666 que
1962 609 2187 651 mortem
2216 599 2264 650 ei
2300 598 2497 650 attulit.

1909 689 2044 743 XIV.
2071 689 2162 742 llis
2185 689 2262 742 sic
2287 689 2470 754 gestis,
2498 695 2649 755 pater
2672 683 2887 752 quidem
2915 685 3086 736 vivam
3123 683 3281 734 illium
3310 682 3408 733 de.

1837 798 1983 836 rnum
2018 782 2244 840 reducit,
2277 790 2326 831 et
2349 779 2600 847 lacrymis
2625 775 2786 831 simul
2812 785 2863 828 et
2883 775 3077 842 gaudio
3102 775 3287 842 plenus
3311 815 3325 839 ,
3351 780 3405 826 et

1837 890 1863 925 a
1891 871 2232 931 Imirabilem,
2287 880 2340 922 et
2389 883 2507 936 quae
2539 878 2728 936 prreter
2762 866 3073 934 opinionem
3103 864 3400 922 acciderat.

1837 967 1956 1019 ﬁlim
1983 979 2208 1016 narrans
2235 961 2678 1029 redemptionem.
2709 960 2806 1024 Qui
2831 968 3008 1010 autem
3036 957 3406 1009 circumsiste-

1848 1059 1937 1109 hat
2003 1056 2261 1124 populus,
2318 1054 2515 1119 insigni
2549 1053 2809 1104 miraculo
2853 1048 3293 1119 obstupefactus,
3325 1047 3410 1098 in-

1843 1159 2028 1210 gentes
2080 1146 2185 1197 Deo
2243 1148 2432 1215 agebat
2484 1145 2706 1214 gratias.
2769 1144 2884 1205 Quo
2935 1143 3132 1195 factum
3198 1149 3307 1201 est,
3352 1150 3410 1191 ut.

1839 1236 2164 1292 Praeeursori
2203 1238 2461 1307 templum
2509 1237 2614 1290 illic.
2646 1243 3044 1290 construerent.
3088 1234 3174 1287 ubi
3209 1235 3406 1285 factum

1843 1329 2019 1382 fuerat
2050 1330 2389 1388 miraculum,
2413 1329 2556 1396 quod
2600 1328 2948 1380 nominarunt
2996 1325 3325 1392 κρεμαστὸν,
3357 1325 3407 1376 id

1842 1429 1942 1478 est.
1992 1435 2339 1486 suspensum.
2385 1422 2497 1470 sive
2555 1427 2872 1486 propterea.
2909 1418 3052 1482 quod
3105 1431 3262 1482 Supra
3306 1425 3412 1465 ter-

1845 1525 1955 1560 rain
1991 1509 2060 1560 sit
2121 1509 2296 1558 .soium
2348 1507 2527 1572 templi
2558 1507 2848 1564 elevatum,
2878 1504 2990 1556 sive.
3021 1503 3161 1571 quod
3197 1501 3261 1555 at]
3297 1515 3415 1552 tam

1842 1605 1949 1647 tam
2023 1595 2373 1646 :ediﬁeiorum
2454 1593 2838 1646 sublimitatem
2900 1592 3019 1656 ejus
3075 1591 3144 1642 sit
3191 1599 3411 1642 extensa

1843 1685 2088 1737 latitudo.
2122 1694 2180 1738 ut
2215 1683 2677 1751 conspicientibus
2715 1697 2879 1751 prope
2903 1681 3148 1734 videa'ur
3181 1682 3414 1746 pendere

1842 1776 1894 1828 in
1953 1790 2096 1830 aere.
2153 1776 2207 1828 In
2265 1789 2524 1842 quocum
2599 1773 2745 1826 hunc
2795 1787 3009 1825 sacrum
3035 1780 3087 1824 et
3129 1771 3414 1824 miriﬁcum

169 1883 453 1941 miraculi.
485 1882 765 1935 Antioi'hia
815 1881 1098 1934 nobiscum
1144 1879 1216 1945 ei,
1269 1880 1411 1947 quod
1471 1878 1736 1936 dicemus.

1843 1867 2067 1930 digitum
2113 1867 2516 1934 deposuissent,
2563 1879 2684 1917 eum
2729 1862 2880 1917 festis
2940 1863 3211 1916 honorant
3263 1861 3419 1914 anui-

170 1978 304 2030 feret
331 1973 707 2028 testimonium
743 1990 755 2026 :
789 1973 933 2040 qttud
959 1972 1173 2040 quidem
1203 1971 1477 2023 auditione
1527 1983 1554 2020 a
1579 1967 1738 2020 nobis

167 2075 455 2132 acceptum
482 2075 562 2116 est
592 2079 654 2115 ex
698 2062 1045 2130 quibusdam,
1078 2061 1169 2129 qui
1195 2060 1308 2112 illic
1333 2069 1461 2111 sunt
1516 2055 1738 2111 versati.

169 2152 220 2201 In
253 2166 492 2204 caverna
523 2149 876 2204 delitescebat
909 2148 1126 2215 quidam
1161 2148 1330 2202 draco
1374 2147 1424 2198 in
1466 2145 1582 2214 ejus
1629 2144 1742 2198 ﬁni-

166 2242 294 2300 bus.
327 2257 514 2315 quem,
549 2241 638 2308 qui
686 2240 1000 2294 habitabant
1027 2239 1324 2299 civitatem.
1349 2239 1400 2290 in
1429 2239 1560 2292 deos
1598 2235 1738 2290 refe-

167 2344 376 2392 rentes.
411 2332 786 2385 anniversario
820 2329 1460 2382 honorabantsacrifieio.
1486 2327 1540 2380 Id
1563 2337 1738 2378 autem

166 2436 286 2477 erat
313 2423 493 2492 puella
530 2424 702 2490 virgo,
751 2437 872 2489 qu:e
929 2421 1092 2490 paulo
1139 2429 1268 2472 ante
1303 2424 1624 2489 pervenerat
1674 2415 1740 2469 ad

169 2515 541 2581 pubertatem,
571 2523 625 2568 et
648 2527 868 2583 prepter
898 2528 1002 2566 non
1032 2513 1292 2581 pollutam
1349 2510 1739 2578 virginitatem,

167 2606 525 2659 conservabat
538 2623 602 2660 ιιι·
627 2606 849 2660 draconi
881 2605 1232 2660 sacriﬁcium.
1259 2605 1393 2670 Quis
1414 2612 1530 2659 erat
1560 2615 1737 2656 autem

169 2696 374 2748 modus
396 2697 650 2749 sacriﬁcii

243 2784 391 2838 XIII.
430 2786 484 2838 ln
521 2801 586 2838 eo
615 2789 734 2854 ipso
760 2788 901 2846 loco,
943 2786 996 2838 in
1024 2801 1133 2853 quo
1161 2795 1276 2839 erat
1329 2800 1556 2839 caverna
1613 2787 1740 2839 dra-

169 2876 350 2939 conis,
382 2877 954 2955 Antiochenikpuhlice
1004 2878 1362 2942 conﬂuentes,
1405 2887 1458 2932 et
1488 2877 1742 2948 frequens

159 2967 352 3031 .elTeeti
404 2968 700 3032 theatrum,
759 2986 880 3023 cum
941 2971 1174 3038 puellam
1233 2969 1741 3034 circumduxissent,

167 3057 490 3126 prabebant
521 3060 884 3113 devoraudam
907 3061 1152 3114 draconi.
1187 3060 1236 3114 Is
1265 3075 1390 3113 vero
1418 3074 1742 3130 proserpens

168 3164 200 3200 e
229 3163 488 3209 caverna,
531 3159 588 3202 et
618 3151 952 3216 insperatum
1007 3161 1062 3203 et
1108 3151 1430 3206 incredibile
1475 3167 1741 3220 apparens

169 3239 522 3298 miraculum,
555 3255 782 3308 serpens
840 3250 893 3295 et
956 3257 1148 3310 repens
1213 3244 1328 3296 suis
1391 3243 1640 3315 pedibus,
1690 3251 1744 3296 et

171 3328 542 3396 naturali,qui
578 3339 664 3381 cst
699 3330 865 3393 intus,
905 3332 1096 3400 spiritu
1126 3332 1465 3394 incurvatus,
1496 3341 1548 3385 et
1570 3334 1742 3386 instar

170 3421 335 3472 unda:
377 3429 489 3472 tum
553 3419 756 3483 factus.
813 3423 980 3475 hianti
1021 3439 1115 3475 ore
1137 3433 1187 3476 et
1237 3424 1464 3476 dilatato
1522 3423 1742 3477 thorace

170 3510 473 3576 accipiebat
504 3512 860 3572 sacriﬁcium.
894 3524 948 3565 et
981 3513 1253 3565 lacerabat
1303 3513 1580 3566 dentibus.
1641 3514 1742 3566 Pro

171 3614 325 3651 more
357 3610 536 3651 autem
602 3616 724 3653 sors
753 3601 1016 3668 obtigerat
1050 3602 1262 3655 cuidam
1317 3604 1647 3661 Christiano.
1685 3615 1743 3656 ut

171 3701 326 3738 suam
358 3688 514 3740 daret
552 3687 713 3739 ﬁliam
776 3689 1000 3741 draconi
1053 3689 1484 3752 saeriticandam,
1517 3689 1607 3756 qui
1639 3689 1742 3740 sti-

173 3777 338 3829 mulis
365 3778 645 3830 sauciatus
701 3781 1064 3842 naturalilms.
1105 3795 1168 3832 ex
1221 3781 1387 3833 corde
1434 3780 1742 3846 suspirabat

172 3868 240 3919 ad
279 3869 575 3919 maximum
635 3867 1056 3922 Prae-cursorem.
1128 3871 1192 3922 Et
1231 3877 1288 3921 ut
1347 3871 1450 3921 lilia
1488 3884 1515 3922 a
1571 3879 1742 3923 morte

173 3959 382 4011 servari
416 3959 610 4026 possit.
647 3960 753 4013 tale
798 3961 926 4028 quid
982 3963 1291 4028 excogitat:
1321 3961 1456 4014 Cum
1493 3975 1740 4029 magnam

175 4048 284 4100 \im
316 4049 435 4100 auri
469 4049 606 4115 apud
641 4064 700 4103 se
718 4050 1108 4112 abscondisset,
1141 4051 1276 4114 petit
1309 4059 1366 4103 ut
1394 4051 1492 4102 sibi
1533 4051 1746 4119 permit-

172 4145 383 4188 teretur
438 4136 668 4189 adorare
721 4145 1207 4188 inanum’sanetam
1262 4137 1330 4189 ab
1365 4154 1448 4194 eo.
1477 4137 1565 4203 qui
1597 4138 1740 4190 illam

145 4224 450 4276 servabat.
485 4225 533 4278 Is
568 4237 750 4278 autem
777 4226 1042 4279 concessit
1070 4227 1414 4294 postulatum.
1453 4226 1588 4280 Cum
1617 4243 1743 4281 vero

174 4314 219 4362 is
245 4313 298 4365 in
342 4313 430 4366 his
462 4325 628 4378 esset,
666 4325 719 4368 ct
748 4318 888 4383 quod
924 4317 1183 4371 afferebat
1234 4334 1424 4372 aurum
1491 4319 1738 4384 latenter,

170 4411 436 4470 tanquam
465 4407 566 4457 sub
593 4417 854 4472 praetextu
893 4409 1182 4473 adorandi,
1230 4410 1377 4462 httmi
1436 4411 1739 4474 effudisset.

1843 1957 2120 2016 versariis.
2189 1956 2546 2017 miraculum.
2609 1958 2749 2023 quod
2810 1956 3009 2007 factum
3060 1953 3267 2016 fuerat.
3321 1967 3418 2020 per

1843 2049 2423 2101 commemorationem
2507 2044 2934 2099 trausmittentes
3023 2043 3087 2096 ad
3149 2053 3415 2110 posteros.

1844 2139 2052 2192 Dicitur
2076 2139 2238 2192 etiam
2265 2140 2408 2192 aliud
2442 2154 2656 2207 quoque
2683 2138 2878 2190 mirmn
2912 2136 3014 2191 tale
3045 2136 3156 2188 ﬁeri
3177 2135 3412 2202 signum.

1846 2230 2017 2298 llujus
2073 2233 2280 2284 scilicet
2335 2242 2534 2284 sanctae
2601 2244 2792 2283 manus
2853 2228 3146 2297 aliquando
3196 2227 3414 2294 quidem

1841 2323 2060 2374 extendi
2110 2322 2331 2386 digitos.
2358 2322 2651 2388 aliquando
2694 2336 2824 2373 vero
2876 2320 3145 2384 contrahi,
3186 2335 3416 2385 quorum

1841 2413 2157 2466 extensione
2183 2412 2398 2482 quidem
2424 2412 2715 2482 significari
2746 2411 3078 2470 fertilitatem
3117 2413 3413 2477 fructuum.

1842 2507 2210 2558 eomractione
2236 2513 2413 2556 autem
2447 2504 2683 2572 inopiam
2713 2514 2766 2556 et
2798 2503 3098 2570 penuriam.

1925 2594 2036 2648 XV.
2087 2596 2221 2648 (Ium
2278 2603 2458 2648 autem
2504 2596 2678 2654 multi,
2723 2595 2810 2661 qui
2862 2605 2985 2648 ante
3040 2609 3138 2649 nos
3175 2596 3412 2655 fuerunt.

1847 2686 2204 2754 imperatores
2261 2685 2402 2738 hanc
2480 2700 2700 2737 manum
2766 2685 3168 2740 desiderassent
3223 2690 3414 2755 quovis

1847 2779 2010 2829 mo'lo
2069 2778 2378 2844 possidere,
2432 2792 2532 2830 nec
2588 2778 2764 2830 sinere
2795 2818 2806 2835 .
2867 2787 2922 2830 ιιι
2967 2788 3176 2831 tantum
3209 2779 3410 2832 bonum

1845 2875 2085 2919 maneret
2138 2867 2278 2934 apud
2329 2866 2587 2920 barbaras
2645 2878 3035 2936 gi-tites.(qttm
3065 2881 3244 2936 partes
3298 2872 3414 2923 illas

1843 2966 2194 3026 occuparant,
2262 2959 2567 3022 captivum;
2635 2959 2932 3025 augebatur
2971 2961 3209 3028 quidem.
3238 2976 3301 3016 ac
3331 2965 3414 3014 vi-

1842 3050 1995 3118 gebat
2029 3047 2148 3111 eius
2179 3047 2251 3100 rei
2287 3048 2648 3107 desiderium.
2681 3048 2774 3101 sed
2821 3049 3028 3110 modus.
3064 3059 3169 3118 quo
3204 3053 3252 3104 id
3285 3068 3413 3120 pos-

1849 3141 2111 3198 siderent,
2144 3140 2292 3192 nullo
2331 3141 2488 3191 modo
2521 3139 2745 3193 inveniri
2779 3151 3004 3207 poterat.
3066 3142 3128 3194 Et
3174 3159 3295 3195 cum
3335 3146 3413 3197 eis

1847 3230 2135 3298 aliquando
2185 3232 2356 3282 visum
2409 3240 2571 3294 esset,
2635 3231 2812 3284 dando
2875 3233 3194 3300 pecuniam,
3252 3236 3411 3288 talem

1845 3338 2168 3389 comparare
2223 3325 2560 3381 thesaurum.
2594 3339 2794 3382 aerem.
2828 3334 2884 3376 ut
2911 3335 2994 3378 est
3018 3326 3069 3378 in
3103 3327 3410 3396 proverbio.

1843 3418 2037 3481 pugnis
2075 3414 2368 3466 cedebant.
2417 3415 2834 3468 Desidet-aluntur
2880 3432 3006 3486 ergo
3039 3419 3106 3470 ab
3139 3419 3408 3479 omnibus.

1844 3506 2096 3573 aquibus
2135 3521 2326 3559 nomen
2357 3507 2556 3559 Christi
2579 3517 2656 3560 est
2693 3508 2996 3561 invocatum
3027 3527 3041 3562 :
3077 3520 3129 3562 et
3175 3511 3408 3580 quicun-

1843 3613 1948 3664 que
1980 3598 2029 3649 in
2061 3597 2178 3664 ejus
2205 3597 2278 3650 rei
2310 3599 2624 3652 versabatur
2652 3601 2995 3670 cogitatione,
3030 3600 3192 3654 Deum
3248 3618 3410 3671 roga.

1849 3685 1941 3738 bat
1993 3687 2283 3754 gemitibus
2343 3689 2816 3752 inenarrabilihus.
2853 3700 2911 3742 ut
2951 3689 3196 3756 benignis
3240 3692 3414 3744 oculis

1849 3787 2008 3824 suum
2073 3783 2338 3842 aspiceret
2385 3777 2659 3844 populum,
2725 3789 2775 3829 et
2832 3778 2946 3845 ejus
3005 3793 3128 3831 eum
3175 3777 3415 3831 efficeret

1853 3878 2221 3928 possessorem
2241 3875 2292 3918 et
2315 3877 2691 3928 spectatorem.
2717 3867 2982 3932 Quoniam
3007 3878 3183 3922 autem
3219 3869 3414 3923 divina:

1843 3955 2204 4013 Providentim
2244 3971 2373 4014 sunt
2431 3961 2610 4014 omnia
2679 3961 2963 4031 pra-ﬁnita.
3004 3963 3051 4018 el
3098 3962 3190 4030 qui
3232 3965 3413 4016 omnia

1843 4052 2112 4118 praescivit
2187 4062 2311 4105 ante
2378 4052 2639 4105 mundmn
2719 4053 3036 4117 comlitum.
3097 4053 3412 4123 despicienti

1842 4153 2078 4212 tempora
2114 4153 2311 4198 nostrae
2352 4144 2666 4206 inscientirc.
2705 4147 2902 4215 placuit
2945 4161 3036 4216 per
3073 4147 3268 4200 multas
3289 4162 3417 4200 suas

1843 4235 2247 4297 miserationes,
2301 4245 2360 4288 ut
2392 4235 2447 4288 in
2482 4237 2583 4290 hac
2622 4251 2840 4306 quoque
2875 4237 3219 4302 generatione
3262 4254 3415 4291 reve-

1847 4325 2051 4378 laretur
2092 4325 2193 4379 hoc
2231 4341 2487 4396 magnum
2513 4338 2565 4381 et
2593 4327 2802 4396 insigne
2834 4329 3179 4403 miraculum,
3225 4330 3277 4383 in
3309 4346 3414 4401 qua

1841 4416 2236 4470 Constantinus
2272 4426 2325 4468 et
2367 4415 2662 4480 Romanus,
2708 4419 2802 4487 qui
2850 4418 2995 4489 digni
3033 4430 3173 4473 .sunt
3207 4427 3417 4487 magnis

171 4505 317 4546 recta
348 4496 610 4561 processit
656 4498 721 4549 ad
759 4499 1109 4551 adorandum.
1143 4499 1398 4556 Edituus
1422 4513 1622 4565 autem,
1683 4511 1740 4556 ιιι
1773 4506 1816 4559 D
1849 4507 2114 4567 laudibus.
2169 4507 2235 4560 ab
2283 4507 2398 4574 ipso
2429 4518 2552 4560 ortu
2611 4511 2900 4576 purpureis
2944 4509 3129 4564 fasciis
3166 4512 3415 4572 involuti.

168 4585 260 4649 qni
316 4587 490 4639 avidis
535 4588 708 4640 oculis
749 4589 813 4640 ad
875 4603 1067 4643 aurum
1096 4594 1378 4658 aspiceret.
1411 4598 1650 4649 cucurrit
1672 4595 1736 4647 ad

170 4675 304 4726 illud
357 4677 742 4745 colligendum.
799 4681 888 4734 Ille
916 4693 1118 4744 autem.
1148 4683 1239 4750 qui
1268 4686 1529 4752 petierat,
1555 4696 1610 4739 ut
1635 4687 1737 4741 sibi

173 4766 360 4819 liceret
406 4769 653 4832 adorare.
707 4787 828 4826 cum
874 4789 932 4828 se
987 4774 1344 4840 incurvasset,
1399 4787 1451 4831 et
1486 4788 1655 4832 totum
1684 4795 1741 4834 se

171 4859 224 4909 in
261 4858 502 4912 loculum
542 4861 892 4927 inclinasset,
927 4865 1111 4919 divino
1149 4868 1423 4922 sauciatus
1454 4870 1738 4932 desiderio.

173 4963 298 5000 eum
362 4950 681 5004 venerandae
721 4954 953 5006 dexterae
1011 4957 1260 5024 pollicem
1321 4958 1639 5023 osculando,
1687 4971 1743 5014 et

172 5039 324 5090 labra
390 5040 734 5096 admovendo
791 5045 1063 5099 mordicus
1113 5048 1362 5103 dentibus
1401 5052 1739 5114 abscidisset.

176 5137 228 5179 ut
291 5131 644 5195 occultasset,
713 5151 740 5186 a
771 5139 971 5206 templo
1024 5154 1182 5206 quam
1213 5143 1445 5209 primunt
1498 5146 1740 5198 recessit.

173 5219 308 5271 tium
356 5233 534 5276 autem
583 5224 693 5292 jam
735 5219 857 5281 dies
895 5230 1240 5286 adventasSet
1272 5235 1546 5297 saerilicii.
1589 5236 1744 5289 etei-

177 5312 324 5362 vium
379 5327 697 5383 eorumque,
746 5319 837 5385 qui
883 5321 1428 5388 circumhabitahant.
1456 5326 1738 5379 collectmn

178 5411 323 5456 ριδρι
357 5405 648 5472 theatrum,
673 5409 881 5462 accedit
915 5421 1065 5480 pater
1097 5414 1325 5480 puellam
1379 5417 1648 5471 adduct-ns
1676 5417 1740 5472 ad

180 5494 534 5548 sacriﬁcium.
595 5495 804 5552 Etcum
854 5500 1040 5557 fuisset
1095 5521 1258 5574 prope
1301 5498 1624 5572 draconem,
1691 5521 1744 5565 et

183 5598 304 5636 eum
331 5585 552 5638 vidisset.
585 5601 740 5642 vasto
770 5609 861 5642 ore
901 5593 1157 5656 hiantem.
1193 5606 1243 5649 et
1293 5597 1578 5653 horrendis
1607 5601 1744 5654 sibi-

190 5675 256 5725 Iis
313 5689 432 5738 eos,
486 5679 576 5746 qui
609 5682 919 5740 audiebant.
961 5693 1267 5751 terrentem.
1325 5700 1374 5743 et
1420 5693 1740 5748 sacriﬁcium

187 5767 602 5833 desiderantem,
629 5786 839 5826 sacrum
868 5775 1018 5828 illum
1040 5787 1094 5830 et
1125 5783 1485 5837 venerandum
1519 5785 1742 5856 digitum

495 5867 754 5928 Parnm.
800 5869 887 5929 Gn
951 5871 1096 5933 CXI.

1851 4593 2104 4656 regebant
2143 4594 2377 4648 habenas
2407 4595 2638 4663 imperii.
2672 4596 2727 4651 Id
2780 4608 2959 4654 autem
2987 4608 3070 4653 est
3099 4604 3420 4662 veneranda:

1849 4685 2210 4739 Pra-eursoris
2235 4703 2423 4740 manus
2450 4691 2774 4757 exportatio,
2806 4701 2860 4744 et
2888 4693 3182 4748 revocatio.

1917 4778 2053 4831 XVI.
2104 4778 2290 4833 Modus
2343 4785 2919 4848 autemrevocatiouis.
2962 4795 3045 4838 est
3066 4786 3223 4839 valde
3250 4787 3413 4841 mira.
3475 4823 3497 4834 η

1853 4871 1974 4923 bilis
2045 4881 2097 4922 et
2152 4881 2344 4939 pra-ter
2387 4875 2719 4939 Opinionem.
2769 4875 2902 4940 Nam
2939 4877 3021 4948 vir
3047 4878 3289 4946 quidam,
3324 4866 3438 4948 qui
3476 4855 3494 4872 ~

1848 4971 1956 5010 erat
1985 4959 2182 5010 relatus
2215 4959 2265 5012 in
2325 4969 2523 5013 sontem
2556 4962 2906 5016 diaconorum
2959 4943 3255 5019 Xutiochiae
3284 4969 3415 5019 civi-

1850 5051 1991 5110 tatis,
2042 5044 2700 5121 Jobtiéniineﬁsuperne
2768 5056 3082 5124 inspiratus,
3121 5067 3178 5110 et
3230 5059 3416 5111 divino

1787 5138 1806 5168 τ
1851 5143 1962 5194 zelo
1995 5142 2251 5208 repletus.
2283 5143 2421 5210 apud
2454 5157 2513 5196 se
2561 5146 2851 5212 cogitabat.
2881 5156 3130 5213 possetne
3177 5146 3417 5203 Praecur-

1850 5233 1990 5306 suris
2015 5230 2311 5286 suffuratus
2339 5234 2638 5299 dexteram,
2669 5251 2785 5289 eam
2816 5236 3019 5291 donum
3049 5239 3417 5294 desideratum

1851 5326 2032 5392 largiri
2074 5325 2439 5390 Christianis;
2497 5337 2656 5395 atque
2686 5327 2822 5380 adeo
2870 5328 2936 5380 ad
2964 5328 3122 5381 talem
3145 5330 3410 5397 processit

1852 5418 2266 5483 experientiam.
2325 5418 2613 5472 Pulchrum
2646 5419 2903 5486 templum
2926 5426 2980 5472 et
3008 5419 3278 5472 excelsum
3307 5424 3410 5475 sub

1853 5509 2070 5562 nomine
2124 5509 2265 5563 Petri
2318 5509 2685 5577 apostolorum
2734 5512 2995 5579 principis
3056 5512 3294 5580 positum
3336 5525 3415 5566 est

1824 5602 1908 5654 -in
1959 5616 2021 5652 ea
2065 5601 2300 5656 civitate.
2365 5601 2448 5670 In,
2485 5603 2647 5672 hujus
2703 5604 2964 5658 vestilmlo
3003 5619 3126 5658 cum
3177 5619 3329 5656 suam
3375 5607 3420 5655 is

1855 5689 2071 5748 fecisset
2121 5694 2530 5759 habitationem.
2602 5711 2724 5750 cum
2788 5711 3072 5752 sacrorum
3100 5736 3115 5762 ,
3151 5712 3270 5763 quae
3311 5696 3418 5747 illic

1852 5794 2030 5854 erant,
2072 5801 2330 5844 vasorum
2383 5789 2608 5845 custode
2665 5788 2784 5844 iniit
2815 5790 3126 5853 amicitiam,
3179 5800 3316 5843 utea
3351 5791 3418 5840 de

2943 5881 3016 5942 9.0
