4202 6430
771 429 871 490 629

1388 425 1669 485 ‘IIIEOD.
1716 421 2228 483 DAPIINOPATE
2262 420 2357 479 DE
2387 422 2599 481 MANU
2633 422 2689 480 S.
2731 419 3296 483 l’ll.‘ECURSOlllS.

3894 427 4005 491 620

774 558 938 596 causa
1015 548 1243 594 tentaret
1301 552 1423 592 cum
1486 540 1603 610 ipso
1655 548 1763 592 tota
1817 547 1971 591 nocte
2017 537 2335 591 veneranda:
2367 535 2780 623 Adirigentent.
2827 536 2995 590 Porro
3060 546 3242 590 autem
3292 536 3490 606 aliquid
3544 552 3757 607 quoque
3802 543 4005 597 accidit

773 649 963 686 manus
1012 631 1249 685 assidere
1320 630 1513 685 loculo.
1542 630 1831 696 Postquam
1865 638 2043 682 autem
2097 627 2336 696 petitioni

773 734 877 770 non
934 719 1214 782 annuitis,
1277 717 1362 771 cui
1398 718 1603 771 credita
1657 716 1833 770 fuerat
1862 719 2126 777 custodia,
2161 717 2335 781 inopi-

772 817 954 862 natum
1009 811 1136 878 quid
1194 811 1456 879 cogitans,
1483 808 1545 860 ad
1570 810 1731 861 aliam
1769 808 2338 863 transitmachinatio-

771 916 910 952 nem.
933 902 1064 953 Cum
1088 914 1398 967 sumptuosa
1416 910 1468 953 et
1490 901 1633 953 lauta
1665 916 1848 953 mensa
1885 916 2005 952 eum
2038 900 2340 952 exhilaras-

771 999 875 1047 set.
926 1000 978 1041 et
1004 1006 1172 1041 amice
1199 1004 1320 1041 eunt
1357 991 1421 1039 ad
1458 990 1742 1042 bibendum
1778 988 2073 1050 inritando,
2114 989 2178 1040 ad
2216 1003 2339 1055 pro—

778 1079 1001 1130 fundunt
1043 1090 1092 1127 et
1126 1080 1283 1130 morti
1315 1079 1543 1131 similem
1596 1092 1847 1129 somnum
1896 1078 2243 1140 deduxisset;
2286 1086 2339 1131 et

773 1184 865 1233 per
893 1170 1181 1234 quamdam
1211 1168 1495 1220 fenestram
1560 1166 1878 1234 intempesta
1958 1178 2119 1220 nocte
2172 1182 2229 1221 se
2285 1168 2337 1220 itt

774 1260 1028 1323 templum
1055 1259 1379 1323 demisisset,
1416 1260 1615 1311 sensim
1638 1268 1689 1311 et
1728 1260 1845 1310 sine
1875 1262 2122 1324 strepitu,
2181 1273 2338 1311 sacro

773 1356 957 1412 aperto
986 1348 1160 1399 loculo
1189 1348 1242 1415 (υ
1270 1362 1379 1398 rem
1411 1355 1460 1396 et
1493 1344 1634 1396 factu
1670 1353 1723 1394 ct
1771 1344 1952 1395 auditu
1988 1343 2339 1408 terribilem!)

775 1439 971 1502 accipit
1026 1438 1334 1502 pretiosam,
1364 1450 1483 1502 qum
1507 1432 1932 1497 desiderabatur,
1978 1433 2250 1485 dexteram
2288 1442 2341 1485 et

775 1545 990 1580 summo
1048 1529 1263 1580 silentio
1316 1541 1587 1585 reversus,
1648 1526 1930 1594 diligenter
1959 1526 2171 1591 quidem
2198 1526 2337 1591 apud

774 1633 831 1669 se
859 1628 1056 1677 set-rat.
1085 1618 1227 1685 quod
1249 1618 1458 1670 furatus
1489 1616 1684 1677 fuerat,
1739 1632 1805 1669 tte
1830 1628 2245 1684 cognosceretur
2273 1616 2339 1667 ab

773 1709 955 1775 aliquo
983 1709 1358 1761 barbarorum.

847 1799 1009 1852 XVII.
1045 1799 1177 1852 Ilinc
1203 1803 1473 1867 egreditur
1504 1803 1813 1862 Antiochia,
1848 1808 1903 1853 et
1942 1801 2041 1853 iter
2077 1799 2193 1851 iniit
2228 1814 2339 1850 ma-

2441 626 2561 678 aliis
2599 629 2769 695 magis
2803 628 3139 693 admirabile,
3165 638 3217 681 et
3244 632 3461 693 ilignum
3492 644 3649 682 manu
3693 634 4004 687 veneranda

2442 716 2820 771 Pra-cutsoris.
2869 719 3067 771 Aderat
3114 721 3257 773 enim
3311 720 3426 774 dies
3477 720 3650 773 festus
3683 733 4005 777 sanctorum

2442 807 2755 869 Luminum,
2794 808 2845 860 in
2882 824 2989 876 quo
3043 824 3165 861 vera
3197 811 3281 862 illa
3346 808 3480 871 Lux,
3505 811 3757 867 Iordanis
3799 813 4004 867 ﬂuenta

2440 898 2828 966 complectens,
2880 900 3127 952 humana:
3181 908 3383 953 natura:
3417 903 3795 955 contritionem
3828 902 4005 958 refero

2441 991 2626 1042 mavit.
2691 990 2754 1043 Et
2803 991 3057 1057 quoniam
3108 993 3441 1059 prmredente
3492 992 3580 1046 die
3610 994 3814 1061 jejunio
3863 1010 4006 1063 prie-

2440 1096 2756 1149 purgamur,
2816 1082 3011 1133 accidit
3066 1093 3123 1134 ut
3182 1084 3232 1134 in
3270 1082 3381 1150 ipsa
3408 1083 3539 1136 hora
3585 1086 3912 1151 vespertina,
3948 1088 4004 1142 in

2440 1191 2544 1243 qua
2581 1191 2695 1227 mos
2744 1187 2828 1229 est
2853 1175 3178 1229 Christianis
3210 1190 3464 1245 peragere
3494 1178 4005 1241 sanctificationem,

2442 1267 2621 1320 divina
2650 1281 2841 1319 manus
2874 1266 3149 1320 advenerit
3191 1282 3206 1318 :
3234 1282 3543 1334 quamcum
3579 1268 3781 1321 Christi
3817 1283 4007 1322 aman-

2444 1359 2692 1411 tissimus
2755 1358 3065 1424 imperator,
3135 1370 3389 1424 tauquam
3438 1359 3659 1411 cmicste
3705 1360 3907 1412 donum
3952 1372 4008 1414 et

2441 1452 2509 1503 ab
2544 1452 2757 1503 interitu
2790 1452 3025 1501 alienqu
3050 1452 3396 1517 suscepisset,
3442 1462 3492 1501 et
3532 1450 3809 1517 amplews
3838 1461 4005 1511 esset,

2441 1540 2814 1606 dCSIthI'IIi',IIc
2881 1553 2933 1591 υι
2988 1540 3107 1592 lidei
3160 1542 3419 1608 lartymas
3449 1538 3754 1603 cﬂ'tnlissiet,
3794 1543 4008 1609 reponit

2442 1630 2493 1681 in
2522 1635 2698 1682 medio
2748 1632 3065 1699 letnplnt'tlttl
3110 1632 3391 1693 regalium,
3425 1633 3558 1683 adeo
3585 1641 3641 1682 ιιι
3669 1648 3857 1685 omnes
3886 1648 4011 1686 cre-

2444 1722 2637 1773 det-ent
2690 1723 2838 1773 illum
2909 1723 3084 1791 ipsum
3136 1723 3327 1775 adesse
3384 1721 3702 1790 Baptistam,
3745 1724 3844 1775 etsi
3901 1727 4010 1777 sub

2442 1822 2718 1878 aspet'lttlll
2784 1828 2887 1863 non
2947 1815 3181 1872 caderet,
3244 1822 3295 1864 et
3354 1811 3659 1879 propositas
3716 1827 3883 1880 aquas
3905 1830 4008 1868 sua

780 1905 884 1957 gno
935 1898 1077 1941 metu
1114 1890 1365 1951 allectus,
1400 1907 1463 1943 ne
1494 1909 1576 1944 res
1608 1897 1753 1945 fieret
1779 1890 2058 1943 manifesta
2085 1890 2336 1951 inimicis,
2372 1908 2411 1961 Β

2372 1902 2777 1961 Bsanctilicare
2848 1902 3085 1952 dextera.
3138 1900 3272 1954 Ilinc
3330 1901 3661 1954 canebantur
3703 1901 4005 1971 hymnodia:

774 1982 840 2033 ad
894 1985 1299 2051 exsequendum
1352 1988 1685 2054 propositum
1744 1986 1925 2036 multis
1995 2000 2133 2051 saipe
2181 1994 2337 2034 tib-ns

776 2073 1044 2139 precibus.
1104 2075 1305 2126 Lucum
1337 2088 1518 2128 autem
1556 2078 1691 2136 loco,
1740 2085 1793 2127 et
1818 2075 2087 2126 civitatem
2122 2074 2338 2124 civitate

775 2175 1138 2225 commutatis,
1205 2166 1493 2217 festinabat
1535 2166 1598 2216 ad
1629 2167 1854 2217 exitum.
1903 2164 2147 2230 Cumque
2174 2164 2335 2213 Iethi-

776 2251 919 2303 feras
968 2253 1084 2303 illas
1144 2254 1258 2305 vias
1301 2254 1377 2305 sic
1440 2254 1782 2320 pervasisset.
1833 2255 2073 2321 pervenit
2107 2254 2171 2302 ad
2203 2252 2337 2302 lines

777 2343 1071 2405 Romanos,
1102 2361 1356 2412 magnum
1379 2347 1592 2412 quidem
1624 2346 1771 2396 illum
1811 2355 2009 2397 metum
2036 2344 2335 2406 excutit-ns,

775 2433 1034 2487 audacius
1072 2445 1248 2487 autem
1291 2449 1340 2486 et
1369 2436 1723 2488 confidentius
1748 2436 2009 2489 festinans
2040 2434 2105 2486 ad
2136 2434 2335 2503 regiam

778 2528 1077 2581 civitatem.
1136 2529 1429 2593 Postquam
1494 2542 1621 2577 Vero
1678 2527 1846 2579 fidelis
1894 2529 2184 2592 itnperator
2223 2526 2340 2592 ejus

777 2621 995 2673 rescivit
1049 2620 1362 2682 adventum,
1392 2627 1444 2671 et
1487 2634 1542 2670 re
1563 2618 1862 2671 admirabili
1896 2618 1996 2670 fuit
2025 2619 2340 2684 obstupela-

778 2721 919 2772 etus.
969 2710 1185 2764 Christo
1212 2712 1429 2777 quidem
1464 2725 1568 2761 non
1600 2717 1805 2777 poti-rat
1840 2723 1997 2776 agere
2023 2708 2221 2775 gratias
2248 2722 2343 2774 pro

775 2805 1058 2871 dignitate,
1086 2812 1315 2869 utquent
1346 2805 1672 2869 insperatum
1711 2802 1994 2869 impediret
2036 2800 2288 2866 gaudium
2328 2816 2340 2851 :

776 2910 871 2947 eos
905 2905 1105 2955 autem,
1137 2893 1227 2960 qui
1277 2894 1376 2944 hoc
1405 2902 1649 2944 sanctum
1694 2905 1817 2943 cum
1861 2889 2094 2959 hymnis,
2137 2888 2347 2954 lampa-

777 2986 934 3038 dibus
969 2996 1021 3037 et
1052 2984 1339 3052 unguentis
1366 2992 1554 3034 essent
1607 2982 1930 3049 suscepturi,
1962 2992 2013 3033 et
2060 2981 2124 3031 ad
2169 2979 2343 3046 ipsum

778 3076 1019 3139 allaturi,
1045 3075 1222 3127 emisit
1256 3093 1269 3127 :
1299 3083 1354 3125 ut
1381 3078 1520 3125 sicut
1585 3073 1696 3141 ipse
1726 3087 1820 3124 vox
1855 3070 2138 3124 clamantis
2170 3070 2221 3121 itt
2249 3070 2346 3120 de-

780 3178 923 3219 serto
953 3182 1142 3234 parare
1171 3168 1283 3220 vias
1318 3165 1551 3228 Domini,
1596 3174 1648 3217 et
1674 3165 1896 3217 semitas
1922 3173 2093 3214 rectas
2150 3160 2342 3221 facere,

2443 1994 2686 2061 Spiritus,
2714 1994 2858 2044 illata
2919 1992 3120 2045 Iumina
3158 1993 3415 2060 templum
3454 1991 3849 2055 illuminabaut,
3889 2008 4008 2045 om-

2442 2086 2589 2137 nium
2645 2085 2786 2137 oculi
2846 2084 2910 2137 ad
2972 2099 3181 2136 sacram
3234 2099 3450 2150 capsam
3515 2094 3669 2136 erant
3716 2084 4010 2150 aperti,et

2441 2181 2660 2240 aSpecttt
2696 2173 3015 2224 hauriebant
3045 2173 3548 2227 sanetilieatiouem.

2514 2262 2653 2315 XIX.
2698 2262 2787 2317 Sic
2836 2264 3052 2331 quidem
3103 2278 3223 2313 cum
3252 2260 3446 2314 festum
3486 2272 3799 2316 sanctorum
3832 2261 4017 2317 Theo-

2446 2356 2795 2422 phaniorum,
2854 2363 2907 2405 et
2966 2354 3042 2405 sic
3104 2354 3264 2405 etiam
3290 2368 3544 2419 sequens,
3610 2352 3662 2405 in
3728 2368 3838 2421 quo
3866 2354 4014 2407 sacri

2444 2445 2805 2499 Przeeursoris
2838 2442 3094 2495 tnemoria
3126 2443 3791 2504 estaltiusnobistradita,
3814 2445 4016 2511 quippe

2443 2539 2533 2604 qui
2560 2538 2725 2589 divini
2771 2535 3107 2599 baptismatis
3138 2534 3391 2601 mysterio
3435 2534 4018 2601 inservierit,peregis-

2443 2638 2625 2677 senius
2678 2634 2730 2677 et
2770 2623 3279 2681 Celebravissetnus,
3346 2620 3710 2688 jttdicavimus
3768 2636 3861 2689 par
3889 2637 4018 2675 esse

2444 2732 2637 2769 manus
2662 2731 2879 2785 quoque
2908 2717 3173 2767 honorare
3197 2713 3588 2780 depositionem
3624 2713 3773 2765 festis
3789 2715 4015 2775 annuis,

2447 2810 2547 2861 hac
2594 2823 2809 2875 quoque
2848 2814 3233 2859 connumerata
3282 2805 3403 2857 aliis
3459 2804 3576 2871 ejus
3607 2803 3777 2865 festis,
3819 2814 3877 2856 ut
3945 2820 4011 2857 ex

2449 2900 2611 2953 rebus
2662 2899 2807 2951 illius
2847 2898 2977 2950 nihil
3013 2898 3081 2950 sit
3112 2910 3216 2948 non
3250 2895 3544 2961 gloriosum
3582 2904 3637 2948 et
3672 2896 4016 2949 admirabile.

2447 2987 2512 3040 Et
2566 3003 2709 3041 nunc
2736 3001 2861 3040 ecce
2908 2987 3062 3040 adest
3092 2987 3191 3038 hoc
3242 2987 3436 3037 festum
3468 2989 3667 3037 clarum
3715 2995 3767 3038 et
3804 2987 4019 3055 insigne

2448 3090 2571 3149 post
2620 3079 2943 3131 cii-eularem
3000 3078 3125 3131 anni
3190 3077 3473 3139 ambitum,
3525 3076 3795 3129 distillans
3859 3078 4020 3130 nobis

2452 3171 2649 3223 imbres
2703 3169 3111 3229 miraculorum,
3164 3178 3217 3219 et
3243 3182 3303 3221 ea
3338 3168 3587 3227 aﬂ‘ercns,
3624 3183 3742 3234 qua:
3782 3177 3908 3220 sunt
3934 3166 4018 3218 fu-

780 3262 968 3325 jussus
1023 3269 1179 3319 erat;
1239 3258 1308 3309 ita
1337 3258 1495 3309 etiam
1525 3257 1621 3323 ipsi
1651 3251 2349 3315 Christianamingredienti
2378 3278 2419 3334 ο
2456 3272 2571 3314 una
2631 3261 2826 3313 animis
2874 3260 3075 3312 nostris
3132 3258 3512 3310 conducibilia,
3553 3256 3647 3309 Est
3689 3272 3819 3325 ergo
3862 3258 4020 3311 nobis

782 3351 1078 3406 civitatem.
1128 3361 1178 3399 et
1210 3367 1241 3400 a
1302 3365 1407 3416 qua
1438 3348 1557 3416 ejus
1585 3347 1750 3416 gratia
1795 3362 1898 3397 non
1933 3346 2087 3412 longe
2140 3344 2345 3403 aberat,

782 3450 1104 3509 pararentur
1146 3440 1352 3493 honesti
1395 3450 1446 3493 et
1486 3439 1667 3493 decori
1721 3440 2019 3506 ingressus.
2064 3436 2197 3487 Cum
2222 3449 2351 3500 ergo

784 3533 1243 3599 appropinquaret
1281 3529 1698 3590 Clialcedonetn,
1730 3529 1881 3580 natis
1914 3527 2130 3593 qtiidetu
2156 3525 2352 3576 etuiSSa

786 3632 869 3673 est
914 3624 1283 3690 imperatoria,
1335 3631 1389 3674 et
1432 3619 1671 3690 pontifex
1708 3633 1829 3671 cum
1869 3615 2259 3675 sacerdotibus,
2300 3623 2353 3665 et

787 3713 1100 3779 quicunque
1128 3728 1189 3764 ex
1225 3721 1417 3763 senatu
1451 3721 1607 3763 erant
1656 3709 1787 3762 clari
1809 3718 1861 3761 et
1910 3707 2145 3760 illustres
2171 3706 2351 3767 simul,

790 3809 848 3851 ut
897 3814 1113 3851 sacrum
1169 3800 1317 3851 illum
1384 3800 1695 3853 thesaurum
1753 3796 2008 3850 inferrent
2045 3795 2096 3847 in
2129 3794 2354 3863 regiam,

788 3906 912 3943 cum
979 3891 1174 3959 quibus
1246 3891 1481 3944 fidelium
1578 3903 1793 3956 quoque
1875 3886 2160 3939 multitudo
2225 3888 2358 3937 urbe

789 3998 1027 4050 egressa,
1080 3984 1213 4036 mari
1271 3984 1319 4035 ei
1382 3981 1699 4051 navigarunt
1750 3980 1984 4043 obviam,
2016 3989 2072 4031 ttt
2118 3978 2358 4032 eumde-

790 4073 1073 4128 ducerent.

869 4164 1056 4220 XVIII.
1089 4165 1377 4234 Postquam
1411 4174 1590 4217 autem
1644 4163 2043 4231 I'nitsusccptus
2076 4163 2130 4214 in
2163 4175 2359 4213 manus

795 4260 1087 4329 pontificis,
1119 4268 1171 4312 et
1198 4259 1315 4327 ejus
1342 4258 1610 4309 ferebatur
1639 4257 1800 4316 ulnis,
1829 4265 1880 4308 ct
1914 4256 1964 4307 itt
1995 4269 2141 4306 mare
2170 4268 2361 4307 ascen-

796 4352 909 4415 dit,
966 4350 1158 4404 licebat
1203 4352 1383 4404 vitlere
1424 4350 1595 4417 ipsam
1655 4360 1869 4416 quoque
1920 4362 2075 4415 aqu.e
2113 4357 2359 4398 naturam

796 4446 1058 4514 placidam
1122 4454 1175 4496 et
1239 4442 1608 4512 ttanquillatn.
1647 4440 1899 4494 mollibus
1956 4438 2210 4491 ﬂuetibus
2239 4446 2362 4489 ante

798 4552 985 4591 navent
1017 4536 1373 4601 essiiienteut,
1401 4543 1453 4589 ct
1492 4535 1556 4587 ad
1597 4533 1942 4601 iittperatorcs
1972 4530 2088 4598 ejus
2138 4545 2359 4583 L'ltl'SllltI

2454 3352 2726 3419 proposita
2782 3350 2928 3400 omni
2987 3364 3053 3401 ex
3105 3356 3257 3416 parte
3333 3347 3564 3415 gloriosa
3604 3356 3657 3400 et
3710 3348 4020 3399 veneranda

2456 3456 2648 3493 manus
2703 3440 2952 3507 Baptistae
3001 3448 3054 3492 et
3104 3439 3480 3499 l’rascursoris,
3542 3438 3877 3504 incorporeis
3911 3439 4023 3489 cir-

2455 3534 2703 3585 etttndata
2766 3532 3075 3590 virtutibus,
3135 3546 3253 3597 qua:
3306 3529 3643 3582 admirantur
3683 3530 3856 3582 sancti
3894 3528 4022 3596 Spi—

2457 3626 2591 3675 ritus
2643 3622 2895 3674 virtutem
2955 3635 3075 3688 quae
3106 3622 3158 3672 itt
3206 3636 3266 3671 ea
3294 3620 3523 3672 habitat.
3558 3619 3838 3682 Quodnam
3895 3634 4025 3685 ergo

2455 3722 2539 3765 est
2572 3714 2673 3764 hoc
2731 3708 2989 3777 templum
3040 3710 3199 3761 hodie
3226 3706 3540 3776 pulchrius?
3579 3706 3837 3769 Quaenam
3879 3707 4026 3756 mdes

2458 3802 2640 3854 divina
2703 3799 3057 3851 venerabilior
3108 3809 3160 3851 et
3204 3796 3636 3863 tttagttilicentior
3681 3796 3802 3851 hac.
3840 3795 4026 3861 inqua

2460 3893 2547 3946 hic
2594 3907 2750 3944 sacer
2776 3899 2829 3943 et
2856 3890 3072 3942 divinus
3121 3889 3411 3941 thesaurus
3458 3886 3743 3955 repositus,
3775 3885 4030 3935 innume-

2460 3982 2714 4035 rabilium
2772 3982 3035 4033 luminum
3102 3979 3388 4046 splendore
3410 3992 3533 4030 cum
3559 3977 3870 4030 coelestibus
3895 3989 4029 4025 con-

2460 4074 2630 4126 tendit
2662 4070 3028 4139 spectaculis?
3055 4068 3165 4122 Sub
3184 4070 3384 4139 quibus
3402 4084 3521 4137 qua:
3546 4081 3778 4134 superne
3802 4067 4030 4117 descen-

2460 4166 2592 4218 dunt
2620 4165 2805 4232 gratia!
2828 4163 2999 4217 sancti
3034 4161 3287 4229 Spiritus,
3322 4160 3706 4228 dispensentur
3740 4172 3835 4222 pro
3864 4157 4030 4207 modo

2462 4254 2887 4321 uniuscujusque
2940 4250 3081 4311 fidei,
3130 4264 3338 4311 eorum,
3400 4247 3493 4314 qtti
3545 4248 3763 4297 laudant
3808 4255 3861 4294 et
3887 4245 4033 4293 rele-

2464 4349 2641 4408 brant,
2705 4343 2989 4396 animabus
3023 4360 3034 4394 :
3064 4342 3112 4392 in
3140 4341 3355 4393 Christo
3400 4338 3524 4392 Jesu
3562 4339 3787 4389 Domino
3817 4348 4031 4397 nostro,

2462 4438 2548 4491 cui
2623 4436 2787 4505 gloria
2856 4444 2907 4487 et
2992 4433 3226 4503 potentia
3289 4434 3341 4483 itt
3422 4430 3617 4484 sa‘cula
3680 4427 4029 4481 sucularum.

2465 4529 2652 4582 Amen.
