4202 6430
198 410 3404 474 WW

1450 443 1923 459 ;.——-—~..-—————-

1508 614 1676 657 ANNO
1714 612 1931 658 DOMINI
1980 611 2100 653 (ιλιι.

195 816 1378 1007 NICEPHOBI
1560 810 2920 989 PRESBYTER]
3076 804 3404 978 ΟΡ.

957 1136 1319 1253 VlTA
1402 1131 1524 1243 S.
1620 1122 2236 1243 ANDREIE
2318 1121 2672 1237 SALI.

438 1526 1387 1625 COMMENTARIUS
1472 1520 2028 1612 PBAZVIUS
2100 1516 2454 1608 CONR.
2527 1514 3189 1604 JANNINGIH

1728 1714 1787 1770 ὃ.
1839 1714 1892 1768 .Ι.

1264 1881 1403 1940 (Acta
1428 1876 1515 1923 SS.
1554 1875 1798 1931 Bolland.,
1837 1873 1943 1920 Maii
1978 1874 2059 1919 die
2094 1873 2170 1930 28,
2198 1880 2230 1920 t.
2266 1871 2368 1926 Vl.)

206 2196 281 2250 De
314 2195 372 2248 S.
414 2193 635 2246 Andrei?
682 2188 1068 2256 familiaribus,
1127 2182 1649 2259 k’piphauinxpnslm
1705 2180 2032 2259 patriarcha.
2069 2188 2121 2259 r‘l‘
2175 2178 2488 2254 Nicopolim,
2543 2184 2792 2245 scriptore
2836 2183 3110 2244 Acrorum,
3157 2184 3442 2253 horumque

1355 2254 1515 2321 style,
1545 2263 1592 2303 et
1628 2264 1780 2302 crtare
1818 2265 1878 2300 ur
1906 2251 2047 2301 cultu
2084 2248 2286 2300 Suum.

290 2419 343 2471 I.
378 2415 658 2482 Sapientis
682 2416 923 2480 profecto
950 2408 1190 2463 stultitize
1214 2418 1449 2461 actorem
1479 2405 1528 2457 iu
1562 2420 1777 2460 scenam
1811 2413 1852 2463 Α
1886 2415 1995 2454 tum
2026 2403 2202 2466 fuerit,
2222 2401 2434 2456 dillieile
2457 2414 2538 2456 est
2567 2403 2846 2457 divinare:
2878 2408 3098 2473 eoquod
3121 2413 3440 2471 monachus,

208 2508 565 2579 producimus
625 2515 872 2558 sanetum
929 2501 1223 2559 Andream,
1287 2499 1370 2553 cui
1427 2497 1494 2550 ab
1522 2512 1583 2550 ea
1615 2512 1775 2565 quam

205 2601 316 2664 egit
361 2609 620 2666 persona,
682 2590 1005 2657 vivendique
1059 2588 1196 2641 inter
1241 2586 1485 2638 homines
1551 2585 1778 2646 ratione,

207 2688 438 2743 adluesit
468 2690 888 2753 cognomentum
911 2678 1067 2733 Salus
1092 2694 1185 2733 seu
1220 2674 1447 2729 Stultus.
1485 2674 1778 2727 Theatrum

213 2779 405 2831 hahuit
434 2774 833 2841 amplissimum
882 2767 1409 2835 Constantinopolim
1453 2768 1782 2823 universam,

207 2870 581 2937 spectaculum
612 2865 782 2919 factus
812 2863 941 2925 Deo,
978 2860 1181 2929 angelis
1213 2868 1266 2912 et
1304 2857 1636 2919 hominibus,
1688 2856 1782 2910 sed

210 2961 319 3012 alio
344 2972 505 3027 atque
534 2958 642 3009 alio
695 2954 857 3007 modo
892 2971 907 3007 :
943 2950 1051 3003 Deo
1100 2950 1317 3018 quidem
1360 2956 1414 3002 et
1460 2948 1663 3014 angelis
1698 2960 1783 2998 sa-

211 3046 571 3119 pientissimi,
603 3044 915 3099 hominibus
959 3057 1088 3094 vero
1127 3039 1456 3093 stolidissimi
1499 3052 1782 3105 personam

214 3140 490 3193 sustinere
520 3138 693 3192 visus.
725 3136 913 3205 Neque
942 3145 1118 3188 tamen
1152 3132 1407 3185 omnibus
1431 3130 1653 3184 omnino
1684 3128 1786 3181 ho-

215 3229 459 3282 minibus
485 3229 555 3281 ita
584 3228 733 3280 visus
758 3236 840 3279 est
866 3242 879 3277 :
903 3224 1050 3278 fuere
1071 3238 1212 3276 unus
1253 3231 1307 3274 et
1333 3222 1467 3274 alter
1498 3220 1785 3289 praecipue,

213 3320 417 3385 quibus
446 3318 756 3371 institutum
792 3316 966 3384 ipsius
1029 3315 1343 3367 innotuerat
1369 3329 1385 3374 ς
1415 3310 1663 3363 videlicet
1701 3309 1790 3361 ille

216 3412 355 3478 ipse,
386 3409 477 3477 qui
519 3406 694 3460 \‘itam
752 3404 1077 3472 conscripsit
1118 3399 1472 3469 Nicephorus,
1540 3398 1791 3451 Ecclesiae

218 3500 282 3553 S.
308 3501 526 3567 Sophia:
567 3497 886 3566 presbyter;
936 3504 988 3547 et
1019 3492 1214 3545 nobilis
1274 3488 1489 3558 juvenis
1552 3487 1787 3555 Epipha-

217 3592 367 3651 nius,
400 3599 582 3657 postea
615 3587 937 3647 monachus,
961 3584 1284 3650 ἀλλαγέντος
1301 3580 1394 3631 καὶ
1417 3579 1509 3631 τοῦ
1527 3579 1791 3648 ὀνόματος

218 3684 279 3733 tv
302 3682 568 3749 σχήματι,
594 3679 871 3733 utdicitur
903 3692 1054 3731 num.
1093 3675 1185 3737 25,
1219 3679 1427 3726 mutato
1474 3685 1595 3723 cum
1642 3680 1791 3723 veste

220 3774 463 3837 nomine,
485 3780 538 3823 et
564 3786 629 3823 ex
672 3770 936 3822 monacho
977 3764 1282 3835 patriarcha
1337 3760 1793 3826 Constantinopo-

217 3864 427 3917 litanus
456 3879 473 3925 ;
516 3873 745 3930 uterque
776 3860 1002 3913 Andreae
1031 3868 1181 3911 arcto
1228 3851 1638 3910 necessitudinis
1670 3849 1787 3901 via-

217 3958 348 4010 culo
398 3955 747 4021 eonjunctus.
818 3950 882 4003 Et
943 3948 1276 4017 Nicephorus
1330 3943 1547 4013 quidem
1605 3951 1790 3994 auctor

222 4048 324 4097 fuit
352 4045 579 4097 Andreae
614 4038 913 4093 istiusmodi
954 4039 1075 4089 vitae
1110 4036 1369 4088 rationem
1411 4031 1787 4100 amplectendi,

220 4139 450 4203 ejusque
476 4136 527 4186 iu
568 4131 822 4184 omnibus
855 4128 1202 4183 consiliarius
1235 4135 1288 4180 et
1337 4126 1671 4186 moderator;
1700 4122 1790 4190 qui

225 4225 454 4293 proinde
482 4234 805 4274 arcanorum
834 4217 1105 4279 conscius,
1157 4216 1231 4269 nil
1266 4216 1463 4267 mirum
1512 4221 1616 4276 est,
1649 4215 1790 4282 quod

223 4330 335 4371 tam
370 4314 649 4367 mirabiles
690 4309 813 4376 ejus
841 4308 1079 4369 visiones
1108 4315 1160 4358 et
1196 4315 1441 4359 exstases
1468 4304 1669 4358 rescire
1695 4319 1791 4372 po-

223 4408 390 4463 tuerit
427 4420 492 4457 ac
550 4402 746 4455 litteris
779 4399 1057 4452 mandare.
1094 4397 1431 4465 Epiphanius
1477 4410 1626 4459 vero,
1660 4395 1793 4447 ado-

227 4502 438 4551 lescens
475 4493 765 4564 praeclarus
798 4491 849 4544 in
882 4489 1092 4558 primis,
1124 4488 1366 4541 notitiam
1398 4487 1623 4539 Andreae
1656 4486 1793 4538 divi-

226 4590 375 4640 nitus
426 4592 731 4646 assecutus,
786 4581 960 4648 primo
1012 4578 1194 4631 statim
1244 4591 1538 4645 congressu
1573 4593 1637 4629 es
1676 4577 1794 4644 ipso

226 4678 445 4738 didicit,
485 4672 798 4728 cathedram
841 4671 943 4725 sibi
973 4666 1628 4736 Coustantinopolitauam
1678 4683 1795 4719 ma-

230 4785 391 4833 nere;
429 4769 481 4819 in
508 4781 681 4833 eaque
714 4762 979 4817 sententia
1008 4762 1200 4814 deinde
1223 4777 1253 4813 a
1291 4761 1553 4813 morituro
1602 4774 1797 4828 prope-

227 4865 370 4915 diem
425 4862 782 4911 continuatus
836 4864 938 4906 est.
972 4853 1072 4917 Qui
1102 4863 1156 4904 et
1183 4860 1355 4904 totum
1402 4851 1575 4904 eidem
1602 4850 1796 4903 anima:

226 4969 345 5007 suae
398 4962 598 5005 statum
662 4949 938 5014 detegens,
996 4944 1047 4995 in
1097 4941 1715 5004 dubiis,cousiliarium,
1744 4940 1795 4993 in

1882 2494 1957 2545 uti
2008 2493 2210 2545 dictum
2241 2502 2344 2554 est,
2378 2492 2575 2558 laetus,
2610 2494 2837 2549 dimisso
2888 2496 3172 2567 lfpiphauii
3205 2505 3444 2569 unutiue,

1884 2587 2238 2651 assumpserit
2291 2583 2454 2646 aliud,
2509 2585 2660 2651 juxta
2746 2588 2915 2640 sancti
3008 2592 3442 2658 prmdit-tion‘em;

1884 2676 2039 2742 quale
2067 2686 2244 2728 autem
2287 2677 2643 2742 assumpserit
2678 2692 2946 2746 nusquam
2978 2678 3063 2735 hic
3088 2688 3444 2751 exprimatur.

1889 2764 2169 2821 Videamus
2219 2777 2417 2833 nuncii,
2475 2784 2601 2820 num
2632 2782 2737 2836 qua
2771 2768 2853 2822 via
2910 2772 3180 2838 pOSsimus
3214 2790 3279 2828 eo
3320 2791 3446 2845 per-

1888 2856 2112 2926 tingere,
2173 2861 2345 2926 ipsum
2398 2874 2505 2928 quo
2558 2858 2804 2912 Andreas
2860 2859 2994 2913 vixit
3051 2872 3261 2933 tempus
3296 2867 3448 2921 inda.

1889 2948 2083 3015 gutttlti.
2135 2950 2336 3003 Dicitur
2369 2952 2455 3004 hic
2503 2967 2531 3002 a
2565 2946 2909 3018 Theognnsto
2946 2955 3203 3021 quodam,
3256 2956 3447 3011 Orien-

1891 3039 2011 3090 talis
2058 3039 2258 3092 tnilitize
2309 3040 2467 3103 duce,
2533 3040 2585 3094 in
2625 3041 2937 3095 servitutem
2988 3056 3201 3112 emptus
3230 3061 3440 3111 servus,

1893 3144 1911 3176 ι
1953 3127 2232 3194 imperium
2278 3132 2586 3183 moderante
2636 3129 2834 3183 Christi
2871 3134 3244 3189 amantissimo
3272 3136 3447 3205 impet

1889 3228 2067 3271 ratorc
2112 3217 2306 3289 Leone,
2363 3228 2415 3271 et
2449 3219 2665 3297 additur
2709 3221 2802 3274 τθῦ
2858 3224 3131 3291 Μεγάλου,
3173 3234 3230 3278 ιιι
3272 3229 3443 3295 prima

1893 3310 2067 3365 fronte
2128 3312 2290 3364 videri
2344 3313 2514 3380 possit
2561 3314 2677 3382 ejus
2709 3317 2943 3371 nominis
2975 3319 3201 3385 prinms,
3265 3323 3446 3389 appel-

1893 3403 2051 3465 latus,
2088 3402 2285 3467 passim
2310 3418 2339 3455 a
2388 3403 2766 3471 seriptorihus,
2793 3404 3039 3475 Magnus,
3075 3407 3167 3475 qui
3202 3409 3446 3477 regnavit

1891 3494 1959 3546 ah
1982 3508 2123 3545 anno
2175 3492 2279 3545 4237
2342 3494 2407 3545 ad
2440 3488 2505 3546 74
2539 3510 2552 3546 :
2597 3497 2753 3549 annis
2775 3507 2951 3550 autem
2988 3497 3055 3550 45
3080 3507 3197 3566 post
3249 3497 3445 3553 Leonis

1895 3584 2050 3637 istius
2117 3584 2348 3645 ohitum,
2397 3582 2574 3639 factus
2605 3597 2689 3639 est
2742 3588 3047 3655 patriarcha
3074 3599 3294 3643 sanctus
3318 3589 3448 3659 Epi-

1893 3676 2146 3743 phanius,
2177 3676 2249 3727 25
2304 3677 2530 3746 Augusti
2591 3679 2931 3741 recolendus,
2974 3689 3028 3733 et
3060 3680 3242 3735 sedem
3274 3681 3447 3734 tenuit

1895 3766 2051 3819 antris
2082 3767 2167 3820 l6.
2205 3766 2393 3835 itaque
2421 3768 2533 3821 haec
2584 3783 2690 3821 non
2722 3769 2858 3821 male
2884 3771 3172 3824 convenire
3195 3770 3450 3836 judicans

1894 3857 2125 3925 scriptor
2172 3858 2418 3921 alterius,
2469 3872 2730 3925 cumquo
2761 3855 2937 3911 Vitam
2984 3860 3334 3922 contulimus,
3366 3878 3453 3915 co-

1892 3949 2048 4009 dicis,
2118 3948 2257 4000 inter
2314 3948 2416 4001 alia
2456 3966 2575 4018 qua:
2625 3950 2986 4004 ahhreviaudo
3033 3953 3238 4016 omisit,
3289 3955 3451 4008 etiam

1893 4038 1959 4090 de
1989 4039 2284 4091 mutatione
2303 4040 2536 4093 nominis
2565 4040 2752 4095 tacuit.
2784 4040 2889 4094 Sed
2928 4050 3283 4111 praeterquam
3309 4045 3453 4112 quod

1896 4128 2030 4182 Vitae
2051 4139 2237 4183 auctor
2298 4130 2630 4199 Nicephorus
2653 4146 2718 4184 eo
2748 4142 2930 4185 utatur
2973 4134 3134 4203 stylo,
3175 4137 3267 4202 qui
3299 4136 3457 4205 longe

1894 4222 2248 4290 posteriorem
2278 4230 2488 4275 aetatem
2524 4223 2729 4291 sapiat;
2785 4224 2983 4277 dicitur
3010 4226 3273 4289 Andreas,
3302 4242 3451 4279 num.

1897 4312 1985 4373 l5,
2020 4311 2253 4366 illusisse
2304 4314 2529 4375 mundo,
2580 4331 2598 4363 ι
2668 4315 3121 4382 quemadmodum
3179 4317 3268 4370 ille
3325 4318 3453 4370 olim

1895 4402 2230 4457 admirahilis
2305 4402 2572 4473 Symeon,
2634 4423 2652 4456 ι
2698 4406 2885 4474 utique
2933 4416 2987 4461 et
3033 4408 3145 4476 ipse
3173 4427 3191 4459 ι
3237 4420 3457 4476 propter

1896 4492 2170 4547 Christum
2206 4494 2353 4548 stulti
2388 4495 2604 4564 sapiens
2631 4496 2892 4571 imitator,
2921 4515 2941 4548 ι
2975 4501 3066 4567 qui
3089 4501 3328 4553 coiiturl
3359 4499 3457 4553 Ju-

1899 4585 1954 4638 lii
1990 4601 2003 4637 :
2041 4586 2129 4638 hic
2172 4596 2349 4640 autem
2408 4587 2694 4641 stultitiatu
2764 4588 3021 4643 simulare
3076 4593 3240 4665 erepit
3284 4591 3457 4659 impe-

1902 4685 2050 4729 rante
2089 4676 2377 4734 Mauritio:
2410 4678 2567 4731 anuis
2596 4691 2668 4733 'ut
2723 4681 3005 4734 minimum
3044 4671 3456 4752 “quinquaginta

1901 4776 2021 4835 post
2052 4766 2332 4836 Epiphanii
2364 4771 2682 4837 patriarchae
2722 4782 2973 4826 mortem.

1970 4859 2023 4911 ’5.
2085 4858 2418 4923 Ουωηξιιᾱυε
2473 4878 2602 4931 ergo
2637 4863 2795 4916 nobis
2838 4873 2920 4916 est
2945 4863 3082 4917 alius
3109 4862 3249 4927 Leo,
3292 4864 3462 4917 idem-

1902 4964 2007 5017 que
2062 4950 2483 5004 Amantissimus
2506 4951 2733 5016 Christi,
2768 4962 2932 5021 atque
2978 4954 3047 5008 ob
3088 4972 3174 5008 res
3204 4952 3463 5024 praeclare

232 5043 495 5115 periculis
526 5040 827 5108 adjutorem
865 5036 1072 5088 hahuit.
1101 5033 1402 5102 Colloquia,
1429 5032 1566 5086 inter
1589 5042 1796 5083 utrum-
1826 5057 1868 5114 ε

1826 5057 1868 5114 c
1906 5051 2084 5108 gestas
2143 5040 2367 5110 Magnus
2418 5045 2788 5112 cognominari
2842 5045 3061 5112 dignus.
3090 5044 3238 5099 Talis
3281 5060 3458 5099 autem

235 5150 343 5201 quc
383 5134 589 5188 habita.
628 5136 924 5181 occurrunt
951 5125 1264 5193 frequenter
1302 5124 1588 5176 admodum
1620 5139 1635 5187 ;
1669 5122 1801 5173 alia-

231 5238 337 5293 que
360 5220 579 5275 eximia:
607 5219 822 5271 virtutis
854 5217 1124 5284 exempla,
1156 5216 1220 5267 ad
1254 5214 1609 5283 Epiphanium
1666 5227 1803 5280 pne-

234 5332 390 5384 upue
413 5313 738 5383 spectantia,
778 5311 1030 5379 leguntur
1054 5306 1167 5361 tam
1198 5309 1387 5370 multa,
1423 5317 1499 5367 ut,
1546 5305 1590 5359 si
1627 5306 1797 5359 ascri-

232 5420 357 5477 ptus
389 5406 592 5460 sanctis
638 5405 795 5467 foret,
824 5412 878 5455 et
921 5412 1068 5457 certo
1095 5408 1367 5455 constaret
1427 5416 1535 5468 quo
1573 5400 1796 5453 nomine

232 5506 413 5554 dictus
443 5497 751 5567 patriarcha
783 5494 964 5560 fuerit,
1005 5508 1112 5547 non
1139 5491 1345 5547 modica
1370 5491 1513 5545 illius
1542 5493 1645 5544 vita
1673 5491 1799 5544 inde

233 5616 248 5646 ι
263 5594 411 5661 olligi
444 5598 647 5659 posset.
1142 5633 1147 5638 .

300 5685 358 5745 2.
428 5684 620 5739 Verum
661 5682 882 5754 quando
918 5680 963 5739 is
1002 5686 1312 5751 assumptus
1350 5696 1413 5736 au
1460 5678 1797 5750 patriarcha-

1904 5134 2060 5185 istius
2095 5135 2330 5187 nominis
2376 5135 2555 5188 nullus
2590 5134 2688 5187 fuit
2718 5145 2841 5188 ante
2872 5151 3021 5201 eum,
3051 5152 3210 5207 quem
3243 5139 3333 5191 alii
3363 5139 3464 5191 Sa—

1913 5224 2168 5300 pientem,
2192 5226 2283 5277 alii
2309 5224 2692 5292 Philosophum
2733 5228 3007 5297 appellare
3051 5231 3246 5290 solent,
3282 5230 3462 5283 Basilii

1914 5314 2222 5370 Macedonis
2275 5319 2462 5369 lilium.
2518 5316 2649 5370 Nam
2710 5317 2819 5371 Leo
2866 5319 3173 5383 Isauricus,
3239 5322 3466 5388 ejusque

1904 5423 2071 5475 nepos
2097 5410 2423 5479 Copronyuti
2464 5410 2603 5463 Illius
2638 5409 2776 5485 Leo.
2808 5410 3085 5464 Chazarus
3146 5426 3173 5462 a
3225 5424 3467 5467 materno

1902 5514 2099 5569 genere
2156 5503 2352 5565 dictus,
2401 5515 2463 5554 ac
2519 5502 2753 5572 denique
2784 5503 2890 5555 Leo
2946 5504 3236 5565 Armenus,
3282 5505 3466 5560 leono-

1905 5593 2082 5645 maelii
2140 5604 2350 5657 omnes,
2420 5590 2545 5647 uon'
2579 5588 2856 5648 merentur
2903 5593 2992 5647 hic
3026 5598 3465 5650 commemorari.

1924 5682 2185 5753 Ιὶοοειιςιγίι
2215 5692 2392 5737 autem
2429 5682 2535 5737 Leo
2572 5684 2929 5753 Philosophus
2957 5684 3203 5739 ahanno
3250 5686 3351 5737 886
3400 5690 3466 5741 ad
