4202 6430
204 403 310 462 6‘15

1380 391 1556 451 ΥιΤΑ
1603 389 1663 447 S.
1710 385 2034 445 ANDREJS
2076 382 2268 442 SALI.

3338 374 3452 436 εες·

203 525 345 566 uitia
395 514 587 562 statim
641 509 764 575 fuit,
824 508 873 558 in
914 520 1039 573 paro
1098 505 1253 556 vitam
1286 504 1423 571 ﬁnit.
1457 501 1593 556 Tutu
1622 512 1771 552 more
1798 501 1844 560 Α
1870 496 2055 567 pltare,
2087 509 2287 564 magna
2307 492 2752 558 ruiirtisvinta'qua
2782 487 3139 540 Dcilt'ccln'z
3157 494 3440 543 recordare.

205 616 319 654 tere
350 616 453 655 suo
491 601 593 653 hoc
615 596 834 663 subjieit
858 592 1128 649 distichon
1164 611 1177 646 :

272 729 493 783 Παύλου
530 732 586 780 τὸ
621 729 793 795 ῥῆμα,
827 728 919 777 καὶ
945 724 1217 794 μεταστὰς
1250 722 1526 795 Ἀνδρίᾷςο

286 800 480 868 Ἰιμείί
511 800 596 851 διὰ
622 792 866 866 ’Χριστόν
889 792 955 864 γέ
983 797 1178 863 μωροὶ,
1212 792 1533 862 κραυγάζιι.

275 935 435 997 Quod
455 934 653 988 Paulus
692 933 815 984 olim
845 931 1063 992 cecinit;
1098 929 1216 979 hinc
1239 924 1465 979 Sanctus
1520 925 1771 995 migrans,

275 1003 395 1058 Nos
434 1005 585 1059 stulti
613 1018 789 1056 amore
822 1000 1038 1063 Christi,
1070 998 1370 1052 "Andreas
1401 998 1563 1047 canit.

275 1141 333 1194 7.
404 1137 683 1191 Praedicta:
747 1148 912 1202 porro
977 1128 1328 1185 obscuritatis
1359 1128 1496 1194 apud
1535 1135 1778 1194 posteros

202 1240 383 1301 ptthSl
406 1229 568 1281 etiam
602 1226 706 1278 alia
733 1223 926 1291 duplex
958 1235 1118 1273 causa
1156 1216 1417 1286 assignari
1456 1225 1604 1268 :tum
1634 1214 1777 1281 quod

205 1324 327 1391 ipso
358 1321 570 1371 vivente
596 1314 961 1386 paucissimis,
989 1316 1062 1365 uti
1082 1311 1285 1365 dictum
1318 1318 1422 1370 est,
1445 1308 1562 1375 ejus
1587 1307 1779 1375 agendi

203 1412 401 1464 modus
450 1422 504 1462 et
540 1410 753 1461 occulta
794 1406 1057 1459 sanctitas
1092 1400 1403 1461 innotuerit,
1436 1414 1466 1451 a
1513 1399 1782 1466 plerisque

204 1517 302 1568 pro
358 1504 527 1555 stulto
565 1509 618 1552 et
664 1496 1001 1550 dzemoniaco
1045 1492 1211 1546 habili
1248 1510 1261 1545 :
1327 1500 1439 1544 tum
1493 1488 1635 1557 quod
1666 1496 1783 1557 post

201 1601 463 1652 mortem,
495 1589 678 1642 ablato
714 1586 973 1639 divinitus
1003 1596 1254 1652 corpore,
1285 1580 1447 1634 nulla:
1483 1579 1600 1648 ejus
1665 1580 1785 1632 reli—

203 1684 345 1750 qni-.e
404 1679 794 1748 superfuerint,
855 1675 930 1729 Ex
984 1678 1165 1744 priore
1190 1674 1389 1726 factmn
1431 1679 1537 1735 est,
1582 1680 1639 1725 ut
1696 1687 1786 1721 ne-
1832 1696 1838 1704 -

205 1775 361 1838 mini,
393 1783 750 1842 praeterquam
793 1768 1154 1823 familiaribus
1176 1767 1291 1821 suis
1337 1768 1386 1819 iu
1425 1765 1785 1819 {estimatione

1873 586 2062 639 Exstat
2110 584 2293 637 eadem
2358 579 2475 633 V'ita
2529 595 2631 633 ms.
2664 579 2714 630 in
2761 578 3080 631 bibliotheca
3130 574 3439 638 Viennensi.

1872 684 1932 727 ut
1972 676 2146 743 legere
2182 682 2264 728 est
2295 673 2345 725 in
2381 671 2716 723 Biblimlieea
2745 666 2964 722 Gesneri
2997 678 3154 721 aucta
3179 669 3442 736 impressa

1874 765 2058 832 Tignri
2125 779 2264 816 anno
2330 763 2489 823 1583,
2531 762 2613 814 his
2669 760 2891 814 verbis:
2930 775 2951 811 ι
2992 758 3349 826 Nicephorus,
3376 760 3444 814 de

1879 856 1995 908 Vita
2046 856 2293 920 Andreae,
2346 856 2478 908 liber
2514 864 2667 907 vetus
2726 851 2778 904 in
2808 859 3001 920 quarto
3036 864 3137 904 ius.
3170 851 3279 903 bib.
3309 850 3442 919 Imp.

1882 947 2118 1000 Vit-time.
2160 967 2177 998 ι

1948 1042 2001 1095 9.
2035 1040 2165 1107 Ego,
2203 1036 2451 1090 Patribus
2479 1035 2820 1091 Henschenio
2851 1044 2903 1088 et
2955 1034 3325 1102 Papebrochio
3377 1048 3443 1088 ao

1881 1144 2094 1200 tempus
2152 1130 2369 1198 aliquod
2443 1130 2600 1183 datus
2679 1129 2928 1194 adjutorg
2988 1128 3441 1197 quemadmodum

1886 1222 2058 1276 Vitam
2096 1223 2264 1275 sancti
2295 1221 2577 1290 Synieonis
2606 1218 2812 1289 Stylttze
2869 1222 2923 1272 in
2983 1230 3163 1272 monte
3217 1221 3445 1273 Mirabili

1883 1315 2108 1383 rjusque
2164 1314 2352 1366 matris
2410 1321 2613 1365 sanetae
2648 1311 2870 1365 Martha:
2918 1312 3126 1381 primus
3160 1311 3450 1367 Latinitate

1888 1406 2119 1468 donavi;
2186 1406 2257 1458 ita
2296 1414 2348 1457 et
2403 1405 2539 1458 hanc
2572 1403 2738 1456 sancti
2768 1404 2991 1456 Andreae
3025 1401 3268 1456 Latinam
3299 1403 3398 1457 feci
3435 1419 3448 1455 :

1885 1498 1976 1550 sed
2021 1511 2126 1549 non
2162 1498 2347 1548 eadem
2382 1511 2501 1548 cum
2537 1494 2817 1548 facilitate.
2850 1493 2937 1547 Illa
2962 1495 3108 1549 enim
3166 1494 3453 1564 Symeonis

1887 1585 2007 1641 Vita
2039 1586 2245 1651 Graua,
2278 1587 2352 1639 uti
2383 1587 2581 1653 liquida
2610 1585 2927 1654 usitatisque
2984 1588 3183 1655 passim
3229 1588 3452 1641 vocibus

1888 1689 1941 1732 et
2016 1679 2508 1732 cottstructiotiibus
2576 1678 2885 1744 conscripta
2960 1688 3079 1733 erat
3158 1681 3357 1733 sarculo
3401 1695 3451 1732 vt

1892 1780 2141 1831 exeunte,
2177 1770 2246 1823 ita
2278 1770 2515 1822 suaviter
2545 1770 2610 1822 ad
2641 1770 2843 1823 exitum
2888 1768 3117 1823 deducta
3146 1771 3323 1823 versio
3352 1781 3451 1824 est.

204 1878 347 1919 esset
378 1883 391 1931 ;
426 1865 673 1930 adeoque
700 1862 802 1916 soli
829 1860 1156 1929 Nieephoro,
1199 1858 1461 1927 spirituali
1509 1856 1628 1923 ejus
1682 1853 1783 1906 Pa.
1821 1834 1859 1892 Β
1892 1858 2016 1912 “th
2051 1873 2180 1911 vero
2221 1858 2467 1920 Andreae,
2491 1856 2771 1910 deficiente
2795 1858 2904 1925 jam
2961 1857 3073 1911 fere
3110 1872 3231 1910 cum
3285 1856 3456 1925 maje-

203 1960 296 2019 tri,
347 1973 494 2010 cura:
549 1954 849 2022 lucritejus
905 1952 1167 2006 adnotare
1189 1958 1338 2018 gesta
1380 1963 1498 2016 qua:
1538 1955 1779 2008 noverat,

203 2064 332 2101 cum
364 2047 573 2100 infinita
612 2062 733 2099 eum
768 2047 1011 2104 laterent,
1036 2057 1131 2095 nec
1155 2057 1278 2094 raro
1311 2040 1455 2101 talia,
1507 2048 1561 2090 ut
1588 2038 1637 2090 in
1688 2038 1781 2088 ad-
1811 2098 1831 2116 ι

205 2142 546 2194 mirationem
610 2148 865 2205 raperent
920 2145 1289 2205 spectatores;
1347 2134 1439 2186 sed
1522 2131 1664 2199 quo]
1712 2128 1782 2182 ab

205 2232 424 2284 homine
480 2230 813 2283 daemoniaco
836 2226 1101 2295 proficisci
1131 2224 1476 2292 putabantur,
1522 2220 1783 2274 daemonis

204 2322 389 2389 potius
441 2335 605 2390 quam
661 2320 859 2373 divina:
893 2316 1308 2371 ascribebantur
1342 2313 1550 2367 virtuti.
1584 2311 1657 2364 Ex
1686 2326 1784 2381 po-

210 2414 447 2467 steriore
489 2422 655 2482 patet,
702 2412 908 2465 nullum
964 2407 1329 2463 sacrosanctis
1384 2406 1501 2474 ejus
1542 2403 1784 2473 reliquiis

204 2506 403 2559 deferri
460 2506 665 2557 cultum
709 2520 771 2558 ac
831 2503 1257 2565 venerationem,
1285 2500 1428 2552 nulla
1465 2500 1647 2551 adeas
1689 2512 1784 2564 pa-

209 2598 338 2650 trari
364 2596 649 2658 miracula,
680 2610 778 2650 nec
816 2596 1105 2648 admodum
1132 2594 1221 2646 diu
1254 2607 1441 2645 earum
1469 2592 1783 2644 memoriam

210 2692 266 2741 in
298 2690 496 2743 animis
526 2690 801 2742 hominum
855 2687 1091 2741 residere
1148 2684 1431 2753 potuisse:
1470 2685 1513 2738 si
1566 2683 1783 2752 quidem

220 2795 343 2847 qua:
372 2780 619 2848 procula
658 2787 949 2847 conspectu
1003 2785 1212 2838 nostro,
1254 2777 1415 2829 etiam
1470 2777 1787 2843 plerumque

212 2872 402 2938 procul
430 2870 500 2922 ab
529 2869 711 2921 animo
734 2878 938 2921 remota
971 2876 1121 2921 sunt.
1154 2866 1395 2919 ltelietus
1417 2867 1634 2933 quidem
1667 2873 1788 2932 post

218 2970 433 3028 raptum
467 2960 711 3027 corporis
738 2958 909 3012 sancti
942 2958 1156 3011 divinus
1187 2957 1343 3019 odor,
1377 2958 1609 3023 primum
1660 2969 1787 3022 pau-

214 3052 450 3119 perculae
498 3051 717 3103 cuidam
782 3050 1021 3111 mulieri,
1086 3057 1200 3100 tum
1247 3046 1371 3100 aliis
1428 3045 1680 3113 plurimis
1721 3059 1788 3097 eo

213 3143 655 3205 aecut'rentibus,
682 3141 1047 3193 testimonium
1084 3139 1351 3205 praebebat
1377 3148 1602 3191 eatenus
1635 3138 1786 3201 igno-

214 3248 344 3285 rata:
383 3233 618 3285 hominis
648 3233 942 3285 Sanetitati.
978 3229 1151 3283 Vitam
1201 3239 1399 3292 tamen,
1434 3228 1561 3280 licet
1604 3229 1785 3280 statim

212 3343 243 3377 ιι
298 3332 471 3376 morte
523 3324 807 3390 scriptam.
868 3322 1190 3375 crediderim
1256 3321 1322 3373 de
1364 3318 1624 3372 industria
1662 3332 1789 3385 sup.

222 3429 468 3485 pressam
498 3413 687 3476 fuisse,
714 3423 765 3466 et
799 3414 865 3465 ab
898 3413 1200 3481 Epiphanio
1248 3420 1582 3465 asservatam
1609 3426 1622 3472 ;
1655 3425 1790 3478 quo-

212 3510 463 3573 Idu-que
498 3506 580 3558 hic
609 3505 780 3558 factus
818 3505 1125 3573 patriarcha
1174 3503 1575 3572 praedictionem
1607 3501 1786 3555 Sancti

215 3602 287 3654 de
340 3616 400 3654 se
452 3598 650 3653 factam
693 3599 954 3667 implevit.
991 3596 1126 3650 Tum
1160 3612 1306 3658 vero,
1333 3594 1790 3648 ntot'tuo'verosi-

219 3694 424 3745 iniltter
477 3691 589 3760 jam
655 3691 863 3758 pridem
935 3701 1172 3751 auctore,
1227 3688 1349 3740 data
1384 3687 1436 3739 in
1474 3687 1645 3739 lucem
1687 3687 1784 3747 sit;

217 3784 529 3851 patriarcha
563 3783 677 3850 ipso
706 3782 1005 3834 allirmaute
1035 3794 1179 3841 vera,
1237 3780 1447 3847 sibiun
1493 3788 1639 3831 certo
1694 3791 1788 3829 co-

219 3878 371 3943 gnita
427 3876 635 3939 fuisse,
700 3888 1040 3941 quaicuuque
1096 3868 1430 3938 Nicepltorus
1454 3870 1787 3935 scripserat;

221 3984 409 4037 itaque
472 3967 685 4018 initium
740 3963 960 4031 aliquod
993 3963 1175 4015 datum
1210 3962 1403 4023 cultui,
1437 3977 1531 4029 per
1558 3961 1791 4013 nominis

220 4058 627 4127 inscriptionem
679 4056 731 4108 iii
786 4054 1104 4123 Synaxariis
1150 4054 1506 4121 quibusdam;
1540 4052 1681 4119 quod
1716 4062 1793 4103 ta-

221 4168 343 4204 men
403 4151 691 4219 plerosque
762 4147 1183 4216 Synasariorum
1248 4146 1663 4211 transcriptores
1713 4144 1793 4196 fu-

221 4249 385 4316 gerit.

297 4342 350 4391 8.
386 4338 465 4390 Ad
530 4335 702 4390 Vitam
750 4335 919 4402 ipsam
950 4334 1096 4401 quod
1150 4333 1361 4396 attinet,
1393 4332 1599 4399 duplex
1650 4331 1794 4385 illius

222 4431 366 4483 nacti
419 4444 611 4480 sumus
684 4431 978 4493 exemplar,
1030 4439 1259 4489 quorum
1306 4424 1533 4475 alterum
1593 4422 1795 4475 descri-

1861 1956 2027 2004 'Stale
2090 1949 2297 2017 imperii
2351 1949 2511 2001 etiam
2576 1948 2771 2017 lingua:
2807 1949 3041 2009 cultura.
3105 1948 3348 2001 barbaris
3401 1958 3458 2001 ut

1891 2040 2159 2104 moribus,
2190 2040 2268 2094 sic
2300 2039 2573 2094 vocabulis
2622 2039 2899 2093 turmatim
2925 2041 3454 2109 Constantinopolim

1891 2150 1950 2189 se
2011 2135 2388 2200 inferentibus,
2445 2134 2642 2188 saeculo
2688 2135 2899 2188 decimo
2924 2143 3141 2189 exarata
3191 2132 3273 2203 (ea
3323 2150 3457 2204 prte-

1891 2227 2075 2280 sertim
2107 2207 2224 2295 qum
2259 2241 2288 2278 e
2348 2224 2671 2279 bibliotheca
2722 2224 2974 2279 Vaticana
3028 2225 3296 2294 descripta
3328 2230 3461 2295 est),

1894 2333 1999 2371 non
2044 2321 2203 2372 tnodo
2235 2319 2531 2387 peregrinis
2561 2331 2614 2371 et
2640 2335 2668 2371 ει
2719 2330 2957 2371 veterum
3016 2318 3325 2372 Graecorum
3356 2334 3455 2372 usu

1895 2412 2115 2465 remotis
2166 2411 2387 2464 vocibus
2441 2425 2601 2479 quam
2676 2411 2924 2478 plurimis
2999 2420 3205 2477 scatet;
3267 2427 3454 2464 verum

1892 2504 2054 2557 etiam
2090 2517 2181 2571 per
2209 2502 2534 2566 socordiam,
2572 2502 2651 2555 vel
2690 2502 2894 2556 librarii
2944 2504 3139 2569 nostri,
3173 2503 3252 2556 vel
3311 2504 3463 2558 illius

1892 2596 1983 2662 qui
2046 2592 2361 2647 Vaticanum
2413 2593 2688 2673 exemplar
2714 2595 2949 2653 curavit,
3004 2594 3458 2663 frequentissimis

1896 2686 2067 2737 obsita
2124 2686 2214 2738 est
2248 2686 2559 2752 scriptionis
2621 2686 2851 2749 tuendis,
2908 2687 3083 2755 iisque
3148 2703 3289 2755 saepe
3348 2698 3455 2743 tatu

1894 2775 2134 2837 absonis,
2169 2784 2226 2828 ut
2256 2790 2474 2828 sensum
2509 2775 2800 2828 difficulter
2841 2792 3053 2844 possem
3099 2778 3458 2846 conjectando

1895 2867 2137 2935 assequi,
2193 2869 2333 2919 unde
2366 2867 2711 2933 interpretari
2763 2870 2999 2936 cupienti
3028 2883 3132 2919 non
3168 2870 3299 2923 levis
3328 2885 3457 2922 sane

1896 2961 2140 3012 "lfthSlla
2169 2968 2222 3012 et
2257 2974 2405 3011 mora
2442 2958 2649 3011 diutina
2685 2958 2879 3026 injecta
2914 2973 3011 3013 εει.
3057 2958 3120 3011 Ut
3157 2971 3333 3013 autem
3393 2976 3460 3012 oo

1895 3061 2137 3119 tempore
2176 3052 2407 3103 multum
2451 3067 2479 3104 a
2535 3054 2699 3104 veteri
2730 3051 3024 3106 Graecisu-o
3053 3056 3322 3107 defecerat
3354 3053 3457 3107 lio-

1844 3190 1855 3206 ,
1897 3157 2075 3203 mana,
2125 3157 2285 3211 quam
2326 3143 2609 3207 vocabant,
2645 3142 2697 3196 id
2743 3154 2822 3196 est
2873 3142 3481 3212 Constantinopolitanir

1891 3235 2070 3304 pOpnIi
2141 3236 2359 3302 lingua;
2403 3235 2474 3288 ita
2506 3244 2559 3288 et
2597 3238 2962 3303 grammatica:
3000 3237 3135 3289 ratio
3182 3240 3329 3291 valde
3361 3255 3456 3306 ap.

1889 3337 2043 3394 paret
2088 3326 2310 3379 alterata
2359 3329 2409 3378 in
2443 3343 2544 3380 ms.
2602 3325 2880 3388 Vaticano,
2912 3330 2962 3378 iu
2994 3344 3101 3394 quo
3135 3339 3452 3385 constanter

1890 3416 2068 3483 legi-re
2098 3425 2200 3481 est,
2232 3417 2563 3484 Δευσχήμων
2590 3427 2641 3470 et
2691 3419 3083 3485 Δευσχημονέω
3109 3433 3203 3485 pro
3230 3422 3450 3491 Λευχεί-

1894 3523 2007 3574 μων
2045 3513 2097 3557 et
2123 3506 2519 3574 Λευχειμονέω,
2546 3506 2935 3574 Δαιμονιοῦντα
2964 3522 3059 3574 pro
3083 3509 3446 3574 Δαιμονώντα,

1902 3596 2291 3665 Ἀκρθούμενος
2317 3610 2413 3663 ρι·ο
2462 3594 2846 3665 ’Λχροώμενος,
2881 3600 3245 3652 contrahendo
3276 3617 3340 3650 αο
3397 3602 3448 3653 in

1889 3707 1971 3752 oo,
2004 3689 2221 3755 quodet
2251 3690 2384 3741 alias
2411 3703 2582 3755 stupe;
2630 3704 2752 3741 cum
2790 3688 3045 3743 deberent
3083 3694 3291 3745 vocales
3338 3693 3453 3745 ista:

1892 3780 2139 3834 contrahi
2184 3781 2234 3833 in
2259 3798 2323 3833 ω.
2364 3780 2538 3832 Simili
2567 3783 2726 3833 modo
2777 3780 2828 3832 itt
2866 3785 3017 3834 tertia
3056 3800 3283 3851 persona
3317 3795 3451 3837 tem-

1893 3877 2041 3941 poris
2074 3872 2367 3939 imperfecti
2401 3889 2454 3924 εε
2494 3874 2837 3926 contrahitur
2889 3874 2999 3927 fere
3046 3892 3256 3945 semper
3314 3879 3367 3929 in
3417 3894 3455 3948 η

1893 3980 1990 4033 pro
2026 3982 2072 4016 ει
2102 3979 2183 4032 ~\t.
2239 3981 2290 4032 g.
2358 3965 2561 4034 Ἐποίη,
2606 3966 2834 4035 Ἀπήχη,
2900 3967 3216 4037 ἸΙδολ;’σχη,
3265 3969 3455 4023 Ἀπεν-

1891 4056 2149 4126 χαρίσοη,
2181 4072 2276 4124 pro
2317 4055 2541 4117 Ἐποίει,
2610 4058 2852 4127 Ἀπήχειο
2898 4060 3221 4128 Ἥδολὲσχει.
3266 4061 3453 4114 ’Λπευο

1894 4150 2159 4218 χαρίστει,
2213 4150 2292 4202 sic
2325 4159 2376 4203 ct
2410 4166 2466 4199 ao
2500 4150 2728 4202 subinde
2783 4151 3122 4204 contrahitur
3164 4154 3358 4207 ibidem
3401 4155 3454 4208 in

1893 4257 1928 4308 η
1988 4254 2085 4308 pro
2146 4256 2241 4302 ou;
2281 4243 2353 4292 uti
2427 4241 2655 4307 Ίῐγνόην
2719 4256 2816 4309 pro
2861 4242 3134 4308 Ἤγνὸουν.
3184 4242 3458 4311 Frequen-

1896 4332 2102 4384 tissime
2141 4347 2265 4383 vero
2294 4333 2527 4384 secunda
2566 4345 2789 4399 persona
2818 4343 3098 4400 praesentis
3141 4336 3337 4401 passivi
3379 4339 3470 4389 vel-

1896 4420 2055 4472 medii
2085 4421 2406 4473 terminatur
2449 4421 2499 4471 in
2524 4437 2643 4473 εσαι
2670 4421 2789 4473 loco
2813 4439 2844 4491 ῃ
2880 4441 2892 4474 :
2925 4424 3104 4488 qualia
3148 4425 3259 4477 haec
3288 4426 3457 4493 ἀναγ-

226 4532 377 4587 ptum
430 4520 587 4571 nobis
643 4533 674 4571 c
749 4517 1074 4570 bibliotheca
1125 4514 1373 4566 Vaticana
1405 4516 1505 4567 sub
1540 4524 1662 4566 nota
1696 4529 1790 4565 tut-

1852 4534 1867 4579 ,
1897 4511 2146 4573 κάξεσςιι,
2200 4514 2581 4565 ἁντιτάσσεσαι
2616 4522 2670 4567 el
2693 4514 2816 4576 alia,
2858 4530 2953 4579 pro
2987 4516 3460 4585 ἀναγκάζῃ,ἁντι-

227 4610 363 4663 tueri
426 4610 560 4662 i571
608 4624 729 4661 cum
800 4610 901 4662 hoc
952 4607 1131 4666 titulo,
1157 4604 1276 4665 Βίος
1312 4606 1404 4656 καὶ
1437 4605 1677 4655 πολιτεία
1702 4606 1793 4656 τοῦ

230 4702 509 4769 μακαρίου
553 4701 794 4769 Ἀνδρέου
830 4700 920 4751 ταῦ
961 4699 1154 4761 Σαὶιιῦ,
1182 4700 1274 4751 τοῦ
1311 4700 1388 4758 εἰς
1416 4699 1477 4749 τὸ
1506 4698 1796 4760 Βυζάντιον

223 4794 321 4857 τῇς
359 4791 724 4858 ὑεοφυλάκτου
770 4787 973 4847 πόλεως
1026 4792 1346 4855 ποιήσαντος
1395 4788 1582 4840 sunt?»
1622 4778 1796 4856 impa-

544 4875 661 4930 Vita
712 4885 759 4929 et
804 4879 1124 4930 Conversatio
1182 4875 1245 4928 Β.
1309 4877 1529 4928 Andreae
1573 4875 1798 4941 Suliqui

225 4969 507 5039 Hylimzii,
542 4969 665 5023 urbe
701 4970 872 5021 diuino
904 4968 1149 5036 pra'sidio
1198 4977 1329 5027 tutu.
1368 4984 1531 5036 sepse
1579 4970 1796 5021 stultum

228 5061 784 5112 sintulavit.Altei'unt
815 5075 842 5112 e
874 5056 1207 5109 Bibliotheca
1239 5057 1654 5111 eminentissimi
1687 5074 1799 5111 car-

230 5152 430 5203 timatis
454 5151 709 5202 Mazarini
741 5148 1105 5204 commodavit
1141 5148 1314 5207 nobis,
1379 5150 1639 5215 tantisper
1673 5163 1795 5201 cum

236 5260 337 5293 ms.
373 5254 559 5294 nostro
611 5241 1002 5295 conferendum
1029 5245 1081 5289 et
1121 5238 1350 5289 alterum
1392 5255 1453 5290 ex
1484 5246 1652 5291 altero
1676 5255 1801 5292 cor-

234 5336 514 5399 rigendum
549 5335 1031 5407 supplendumque,
1092 5335 1155 5389 ιι.
1218 5332 1277 5386 Ρ.
1303 5332 1536 5385 .Iacobus
1595 5329 1797 5395 Qnetif,

233 5428 337 5475 sub
378 5426 479 5478 hoc
523 5428 676 5478 titulo
717 5442 730 5455 ο
773 5426 889 5490 Bia;
961 5429 1052 5481 καὶ
1100 5424 1341 5477 πολιτεία
1380 5423 1471 5475 τοῦ
1528 5424 1797 5491 μακαρίου

234 5514 478 5585 Ἀνδρέα,
512 5516 605 5567 τοῦ
665 5516 752 5568 διὰ
780 5520 1010 5590 Χριστὶν
1053 5515 1244 5575 Sator}.
1280 5516 1614 5582 συγγραφεὶς
1647 5515 1791 5582 παρ’

234 5605 569 5676 δικιιφόριιυ,
631 5609 817 5678 ἱερέως
848 5613 942 5679 τῆς
967 5609 1059 5660 τοῦ
1091 5608 1223 5659 Θεοῦ
1278 5607 1581 5675 ἁγιωτάτης
1634 5607 1800 5674 μεγά-

237 5697 328 5767 λης
384 5700 730 5769 ἰεκκλητίας.
797 5700 912 5755 Vim
955 5714 1003 5755 ct
1055 5712 1372 5755 conversatio
1434 5699 1496 5753 Β.
1552 5701 1794 5760 Αιιάνεαισ,

236 5794 322 5856 qui
363 5804 571 5861 propter
612 5794 875 5850 Christum
906 5796 1095 5850 stultus
1130 5797 1223 5860 fuit
1255 5798 1544 5853 conscripta
1583 5813 1610 5847 α
1643 5792 1800 5847 ,Ἥξει

226 4881 476 4931 παίοντι.

1896 4605 2089 4672 Iason.
2124 4601 2238 4657 Non
2282 4605 2459 4658 minus
2498 4605 2803 4673 frequentes
2828 4623 2871 4657 ω
2908 4610 2959 4657 in
3003 4622 3031 4657 ο
3067 4608 3307 4671 vertitur,
3335 4609 3460 4661 dom

1897 4704 2210 4747 constanter
2234 4678 2427 4761 legitur
2451 4695 2607 4746 Γονία
2662 4704 2714 4749 et
2752 4695 3085 4763 Ἐκοτίζομαι
3137 4712 3233 4764 pro
3290 4697 3463 4749 Γωνία.

1897 4796 1948 4837 et
2026 4786 2395 4853 Ἐνωτὶζομαι.
2464 4786 2724 4839 Similiter
2808 4786 3140 4854 Ἐμπέκτης,
3193 4787 3461 4851 Ἐξέσιος,

1910 4876 2277 4943 Ἐσδητήριον,
2335 4893 2430 4941 pro
2504 4877 2873 4946 Ἐμπαέκτης,
2940 4877 3221 4942 Ἐξαίσιος,
3260 4878 3463 4945 Mulir,-

1896 4969 2103 5033 τήριον,
2159 4978 2212 5017 et
2262 4966 2365 5018 alia
2422 4966 2687 5033 ejusmodi
2731 4976 2932 5019 mutata
2995 4984 3051 5018 tot
3082 4968 3137 5021 in
3170 4984 3217 5019 ε.
3247 4968 3462 5022 Similes

1899 5056 2348 5125 pas-siinaliarnm
2392 5057 2691 5110 litterarum
2722 5059 3080 5120 mutationes,
3132 5059 3464 5124 auditiones,

1900 5147 2352 5215 transpositiones
2386 5149 2563 5200 videre
2592 5158 2727 5200 erat.

1974 5242 2059 5296 10.
2088 5243 2289 5295 florum
2324 5245 2577 5310 pleraque
2604 5259 2669 5295 ne
2704 5257 2962 5311 perpetuo
2995 5243 3106 5298 fere
3130 5244 3460 5298 offendicula

1899 5345 2085 5386 essent
2142 5332 2375 5393 Lectori,
2414 5334 2480 5386 ad
2549 5337 2857 5388 communis
2887 5336 3256 5403 grammatica:
3316 5336 3462 5389 Grie-

1899 5440 2081 5492 caaque
2130 5426 2524 5493 orthographia!
2582 5426 2810 5480 formant
2866 5428 3086 5492 reduxi,
3143 5443 3267 5481 raro
3326 5428 3463 5483 alias

1902 5520 2094 5569 usitata
2154 5518 2204 5569 in
2234 5520 2335 5569 hoc
2393 5532 2553 5585 Opere
2600 5517 2836 5571 licentia.
2870 5516 3055 5586 Neque
3099 5521 3200 5572 hoc
3226 5529 3457 5583 tantum,

1900 5607 1994 5660 sed
2058 5608 2197 5660 facta
2252 5610 2532 5677 utriusque
2592 5627 2689 5662 ins.
2750 5611 2824 5662 ad.
2866 5610 3090 5663 invicem
3151 5612 3459 5675 collatione,

1902 5702 2065 5752 multa
2096 5702 2144 5753 in
2181 5717 2281 5752 ms.
2327 5699 2585 5755 Vaticano
2622 5706 2851 5755 obsru-a
2896 5719 2959 5755 ex
3007 5703 3369 5757 Mazariniano
3397 5703 3459 5753 il-

1901 5792 2145 5856 lustravi,
2212 5808 2306 5848 nec
2365 5810 2565 5862 paucos
2598 5796 2648 5849 in
2684 5796 2771 5849 ille
2806 5797 3133 5853 omissurum
3168 5798 3457 5851 verborum
