4202 6430
785 383 890 444 679
1841 378 2257 439 NICEPIIORI
2301 379 2769 438 PRESBY'I'ERl
2814 379 2919 440 Cl‘.
3915 390 4022 455 ὁδί)

788 496 1103 550 verberibus
1146 513 1157 548 :
1187 505 1342 550 erant
1371 496 1465 566 qui
1500 496 1549 548 in
1579 505 1779 548 terram
1799 494 2010 558 datum,
2047 495 2356 548 constrictis

2466 494 2822 564 ἀπέρριπται,
2865 496 2956 546 καὶ
3016 499 3233 565 σχοινέῳ
3283 498 3407 559 τοῦς
3477 500 3645 564 πόδας
3697 501 4022 572 δεσμοῦντεξ

787 591 915 640 t‘one
977 588 1229 656 pedibus,
1258 603 1352 657 per
1392 588 1595 656 plateas
1629 596 1925 654 raptarent,
1964 588 2111 640 nullo
2162 589 2353 640 timore

2466 583 2550 632 ini
2600 584 2698 650 τὴν
2745 585 3020 654 λεωφόρον
3064 585 3282 655 ἔσυρον,
3309 590 3472 658 ’μήτε
3512 592 3646 644 Θεὸν
3674 595 4020 664 φοϐούμενοι,

785 679 877 732 Dei
909 697 936 733 a
969 681 1172 734 scelere
1201 680 1467 748 repressi;
1503 679 1669 742 nulla,
1709 693 1830 746 qua:
1859 678 2228 732 Christianum
2255 679 2353 732 de-

2466 675 2597 742 μήτε
2627 674 2701 735 ὠς
2748 675 3067 742 Χριστιανοὶ
3102 677 3238 745 πρὸς
3265 681 3325 731 τὸ
3367 682 3638 750 όμόφυλον
3675 687 4021 754 συμπάθειαν

785 776 894 833 cet,
925 784 1051 840 erga
1077 770 1379 839 proximum
1431 770 1908 823 commiseratione
1968 769 2125 834 tacti;
2194 770 2356 837 idque

2466 766 2688 832 ἑχοντες,
2721 765 2815 816 καὶ
2852 765 3083 834 μάλιστα
3110 769 3167 820 ἐν
3196 769 3314 830 ταῖς
3372 772 3721 841 ἑορτασίμοις
3764 778 4020 846 ἡμέραις-

785 862 866 914 vel
902 862 1136 914 maxime
1173 861 1363 914 diebus
1395 861 1566 914 festis.
1593 860 1828 916 Sanctus
1867 876 1993 914 vero
2030 860 2142 914 haec
2171 861 2354 914 omnia

2466 856 2525 907 Ὀ
2548 855 2602 907 δὲ
2623 855 2811 916 Ὀσιος
2869 855 3043 910 ταῦτα
3100 860 3277 912 πάντα
3305 861 3603 931 ὑπέμεινεν
3641 865 3727 917 διὰ
3756 867 3854 936 τὴν
3885 871 4020 922 ἁπο-

783 953 1048 1004 tolerabat
1077 964 1290 1004 summa
1313 966 1435 1004 cum
1460 951 1741 1020 patientia,
1765 962 1982 1020 propter
2021 964 2171 1015 spem
2191 949 2354 1020 justis

2466 949 2716 1019 κειμένην
2748 950 2857 1010 τοῖς
2883 949 3114 1013 δικαίοις
3142 951 3350 1004 ἐλπίδα.

783 1043 1136 1111 propositam.

851 1133 940 1185 45.
975 1132 1109 1187 llinc
1151 1134 1327 1188 malus
1356 1135 1588 1194 daemon,
1628 1131 1830 1186 invidia
1870 1134 2073 1200 maiore
2097 1133 2349 1205 ﬂagrans,

781 1237 904 1275 cum
976 1224 1122 1277 aliud
1169 1239 1276 1278 non
1335 1226 1555 1286 valeret,
1620 1223 1671 1276 in
1704 1225 1939 1277 vetulam
1999 1240 2260 1278 annosam
2294 1239 2352 1277 se

782 1316 1196 1370 transformavit
1227 1334 1241 1381 ;
1273 1317 1671 1383 considensque
1702 1325 1919 1384 propter
1942 1315 2103 1378 viam,
2132 1319 2354 1386 plange-

784 1409 896 1471 bat,
965 1409 1386 1472 lamentabatur,
1443 1408 1810 1475 ingeminabat
1881 1407 2220 1462 identidem:
2257 1409 2352 1462 Hei

783 1502 936 1565 mihi,
965 1501 1028 1553 ad
1062 1502 1162 1553 hoc
1190 1516 1362 1571 usque
1387 1500 1598 1555 senium
1614 1502 1846 1553 vivendo
1895 1501 2227 1569 progressa!
2265 1500 2350 1552 hei

782 1593 936 1658 utibi,
971 1594 1229 1648 mendica:
1265 1611 1330 1651 ac
1385 1596 1729 1650 inveteratae!
1763 1603 1963 1663 quanta
1996 1593 2129 1646 mihi
2155 1593 2350 1647 damna

2527 1133 2717 1202 μγ’.’0
2747 1136 2799 1187 δὲ
2832 1136 3064 1206 πονηρδς
3093 1136 3355 1200 διάϐολος,
3388 1139 3465 1208 τῷ
3499 1139 3677 1210 φθόνῳ
3703 1160 4022 1211 πριομενος,

2457 1227 2625 1296 μηδὲν
2686 1227 2884 1296 ἰσχύων
2941 1247 2993 1280 τι
3039 1230 3255 1299 δρᾶσαι,
3312 1231 3631 1298 μεταϐαλὼν
3693 1233 3886 1286 ἑαυτὸν
3940 1237 4020 1296 εἰς

2453 1319 2651 1391 γραῖδα
2672 1320 3159 1392 πεπαλαιωμένην,
3207 1321 3497 1384 ἐκαθέζετο
3536 1327 3596 1377 ὲν
3639 1327 3701 1393 τῇ
3753 1325 3854 1392 ὁδῷ
3886 1327 4025 1394 091;-

2452 1410 2640 1475 νοῦσα,
2687 1412 2782 1464 καὶ
2817 1413 3152 1481 κοπτομένη,
3197 1415 3289 1466 καὶ
3310 1416 3564 1480 λέγουσα·
3598 1418 3758 1484 Οἶμοι
3807 1417 3905 1486 τὴν
3932 1436 4027 1484 γε-

2453 1503 2780 1571 γηρακυῖαν,
2817 1501 2961 1569 οἴμοι
2998 1502 3096 1568 τὴν
3126 1503 3354 1572 πτωχὴν
3383 1504 3477 1556 καὶ
3516 1505 3978 1573 πεπαλαιωμένη»
4009 1506 4022 1556 l

2451 1593 2551 1644 ὅσα
2601 1592 2750 1646 δεινά
2783 1610 2872 1658 μοι
2901 1594 2928 1644 ό
2955 1593 3064 1662 (37)
3101 1595 3633 1665 παρατετραμμένος
3684 1598 4021 1666 εἰργάσατοῐ

781 1695 1018 1736 vesanus
1049 1681 1136 1735 ille
1165 1682 1312 1737 dedit
1342 1683 1539 1753 lquam
1568 1684 1750 1753 gravia
1785 1683 1916 1736 mihi
1960 1682 2099 1735 mala
2135 1681 2346 1734 intulit!

2466 1685 2602 1738 Ὂσα
2652 1686 2860 1755 χαλεπά
2889 1702 2978 1754 μοι
3004 1685 3031 1738 ό
3063 1687 3296 1753 πάρετος
3328 1688 3661 1752 ὲνεδεὲξατοῐ
3726 1693 3875 1751 ποῖος
3907 1691 4023 1740 δαί-

782 1788 945 1842 quam
977 1773 1174 1828 criter
1203 1775 1376 1842 ipsum
1397 1782 1584 1828 contra
1601 1788 1688 1826 me
1708 1772 2078 1827 exstimulavit
2107 1774 2350 1827 cacodae-

2466 1795 2570 1829 κων
2623 1779 2861 1847 πονηρὸς
2915 1779 3036 1832 κατ’
3084 1779 3218 1848 ἐμοῦ
3254 1782 3415 1833 αὑτὸν
3448 1781 3833 1852 ξπαρώτρυνει
3874 1781 4030 1835 δεινὰ

782 1867 943 1919 mon!
977 1868 1168 1920 crebro
1196 1881 1432 1934 namque
1453 1866 1584 1920 mihi
1626 1865 2148 1936 gravis,respirandi
2181 1866 2351 1920 otium

2466 1867 2564 1937 γάρ
2593 1886 2683 1937 μοι
2724 1869 2896 1922 πολλὰ
2937 1868 3259 1937 πεποίηκεν,
3298 1871 3392 1922 καὶ
3437 1873 3619 1934 ἄνεσις
3645 1872 3710 1940 τῇ
3771 1870 3882 1938 ζωῇ
3920 1887 4022 1938 μου

780 1957 990 2011 nullum
1022 1956 1294 2012 concedit.
1324 1955 1462 2023 Quid
1500 1970 1655 2026 agam
1711 1957 2022 2026 peregrina,
2057 1957 2237 2025 inaps,
2271 1958 2354 2009 vi-

2466 1958 2557 2010 οὐκ
2589 1957 2756 2013 ἔστιν.
2794 1958 2859 2010 Τί
2891 1959 2996 2028 ἄρα
3022 1975 3080 2025 γε
3109 1958 3475 2027 εἰσπράξομαι
3509 1961 3540 2029 ἡ
3571 1960 3717 2028 ξένη,
3751 1961 3782 2028 ὴ
3809 1958 4027 2027 πτωχὴ.

779 2048 911 2113 dua,
947 2063 1290 2114 mrumnosa;
1320 2049 1570 2119 quoniam
1597 2063 1683 2101 me
1715 2063 1947 2102 vesanus
1976 2048 2066 2101 ille
2084 2049 2352 2117 captivam

2466 2050 2673 2122 ῇχήρα,
2703 2050 2735 2118 ἡ
2768 2050 3256 2118 παραπολλυμένη,
3291 2052 3411 2102 ἐπεὶ
3436 2053 3463 2102 ό
3491 2051 4031 2120 παρατετραμμένςς

781 2140 972 2193 tenet?
1004 2139 1235 2204 Quidam
1260 2155 1388 2193 vero
1417 2139 1724 2200 mulierem,
1758 2152 1881 2192 cum
1918 2139 2127 2206 ploratu
2189 2153 2252 2193 ac
2279 2139 2356 2192 la-

2466 2158 2526 2210 με
2562 2139 2989 2210 ᾐχμαλώτευσεν
3017 2159 3032 2206 ;
3096 2143 3252 2205 Τινὲς
3278 2142 3332 2195 δὲ
3380 2142 3667 2212 βλέποντες
3699 2145 3798 2206 τὰς
3831 2143 4030 2204 πολιὰς

781 2232 1114 2287 mentatione
1148 2232 1321 2286 valida
1354 2246 1520 2286 canos
1550 2231 1650 2286 sibi
1681 2232 2021 2295 evellentem,
2055 2231 2353 2293 intuentes,

2466 2233 2622 2301 αὐτῆς
2661 2231 3084 2284 κατατίλλουσαν
3125 2233 3261 2298 μετὰ
3327 2233 3577 2302 δακρύων
3611 2236 3704 2286 καὶ
3756 2235 4032 2302 μεγίστων

781 2324 1221 2386 sciscitabantur.
1272 2338 1378 2377 non
1406 2324 1525 2378 sine
1563 2325 1748 2392 aliqua
1796 2324 2166 2378 miserationis
2201 2338 2355 2377 com-

2466 2321 2713 2390 οἰμωγῶν
2745 2319 2955 2389 βοώσης
2986 2321 3373 2388 ἐπυνθάνοντο,
3404 2325 3748 2393 συμπάθειαν
3777 2327 4033 2378 δεικνύει.

783 2417 1207 2480 monstratione,
1243 2415 1596 2485 quamobrem
1635 2415 1770 2469 adeo
1817 2415 2118 2482 indulgeret
2151 2415 2356 2468 lamen-

2466 2427 2546 2473 τες
2576 2413 2706 2480 παρ’
2740 2412 2933 2482 αὐτῆς,
2968 2413 3035 2464 δι’
3077 2414 3142 2482 ἣν
3183 2413 3363 2466 αἰτίαν
3393 2414 3734 2486 καθεζομένη
3767 2418 4032 2485 ὀλοφύρε-

782 2504 870 2557 tis.
932 2503 1142 2568 Quibus
1190 2504 1279 2556 illa
1307 2519 1320 2555 :
1348 2502 1678 2557 Miseremini
1731 2504 1860 2568 mei,
1888 2505 1986 2556 viri
2022 2505 2170 2567 boni,
2209 2505 2358 2559 urbis

2466 2520 2569 2554 ται.
2611 2501 2675 2554 'H
2731 2502 2787 2553 δὲ
2811 2503 2947 2570 πρὸς
2979 2503 3175 2566 αὐτοὺς
3209 2504 3565 2573 ἁπεκρίνατο·
3613 2506 3901 2574 Ἐλεήσατέ
3937 2527 4029 2575 με.

783 2593 1010 2661 hujusce
1069 2594 1302 2658 incolae;
1339 2609 1440 2663 ego
1460 2594 1549 2647 hic
1582 2594 1787 2649 advena
1826 2604 1880 2649 et
1911 2597 2192 2665 peregrina
2213 2610 2356 2661 sum,

784 2699 925 2751 quae.
950 2700 1074 2739 cum
1111 2685 1241 2738 mihi
1277 2685 1344 2739 lis
1405 2687 1784 2749 intentarctur,
1812 2688 1997 2741 relicta
2053 2689 2219 2757 putria
2255 2690 2357 2742 dov-

786 2788 987 2842 moque
1037 2775 1139 2827 huc
1169 2774 1402 2839 adveni;
1437 2784 1488 2828 et
1532 2790 1654 2829 cum
1711 2777 1928 2841 reculis,
1989 2793 2125 2846 quas
2168 2779 2358 2832 attule-

786 2881 926 2930 ram,
951 2865 1028 2919 uti
1063 2869 1229 2920 moris
1260 2877 1364 2931 est,
1393 2867 1446 2920 in
1476 2867 1688 2920 theatro
1731 2868 2111 2932 obambulans,
2162 2869 2358 2921 ibidem

785 2967 1098 3025 pernostata
1125 2972 1270 3011 sum.
1299 2956 1528 3026 Jamque
1552 2972 1773 3022 vespera
1804 2960 2034 3011 multum
2076 2974 2356 3026 progressa

785 3057 924 3111 erat,
981 3063 1104 3102 cum
1161 3048 1528 3104 daemoniacus
1589 3048 1788 3118 aliquis
1825 3059 1879 3102 et
1946 3060 2125 3104 mente
2172 3062 2359 3119 captus

786 3140 1006 3194 transiit
1035 3155 1100 3194 ac
1162 3155 1343 3194 rerum
1386 3156 1625 3195 mearum
1659 3151 1809 3211 parte
1855 3151 2103 3210 surrepta
2130 3183 2144 3206 ,
2177 3142 2358 3195 confe-

786 3232 912 3286 stim
973 3231 1025 3285 in
1075 3230 1256 3302 fugam
1299 3247 1359 3286 se
1387 3232 1554 3286 dedit.
1596 3232 1858 3286 Similiter
1900 3242 2055 3286 nocte
2113 3234 2359 3301 sequenti

787 3322 1044 3384 accessit,
1076 3331 1338 3391 parteque
1362 3323 1530 3377 altera
1559 3324 1794 3390 sublata,
1828 3323 1969 3377 illico
1986 3339 2045 3377 se
2074 3324 2361 3393 proripuit.

786 3409 969 3466 Tertio
1023 3412 1259 3481 denique
1301 3412 1442 3468 idem
1494 3422 1734 3480 tentans,
1791 3415 1881 3469 ubi
1939 3430 1968 3469 a
2011 3431 2096 3469 me
2116 3430 2366 3484 conlpre-

788 3502 994 3558 hensus
1033 3513 1198 3569 esset,
1234 3504 1419 3560 relicta
1451 3506 1715 3575 tantisper
1765 3506 1963 3575 praeda,
2020 3508 2127 3561 huc
2153 3519 2206 3560 et
2239 3507 2365 3562 illuc

787 3610 876 3648 tne
954 3592 1224 3648 infelicem
1283 3596 1536 3666 raptavit,
1597 3611 1765 3651 canos
1823 3599 2052 3661 evulsit;
2122 3607 2362 3651 ventrem

788 3687 935 3740 calce
972 3686 1266 3755 impetens,
1330 3687 1700 3743 intolerabiles
1740 3688 1872 3743 mihi
1898 3689 2114 3745 dolores
2143 3691 2363 3756 intulit,

788 3779 1002 3844 dentes,
1047 3788 1208 3833 aetate
1239 3779 1622 3844 labefactatos,
1657 3780 1890 3849 impacto
1922 3798 2101 3851 pugno
2151 3785 2366 3850 penitus

792 3871 1034 3924 excussit
1085 3869 1370 3940 fregitque.
1428 3871 1583 3924 Nunc
1629 3872 1812 3941 igitur,
1844 3873 1970 3926 boni
2007 3874 2174 3932 cives.
2224 3874 2368 3927 indi-

795 3973 917 4016 cate
949 3961 1106 4027 mibi,
1146 3963 1276 4032 quid
1300 3963 1444 4016 facto
1466 3978 1603 4032 opus
1641 3965 1712 4017 sit
1739 3980 1752 4016 :
1779 3965 1867 4016 ubi
1897 3965 2137 4019 locorum
2194 3966 2370 4020 scelus

791 4054 921 4107 illud
981 4056 1273 4123 reperiam,
1324 4054 1517 4109 saltem
1572 4070 1693 4124 quae
1749 4057 1893 4110 furto
1963 4057 2090 4110 mihi
2149 4058 2372 4114 abstulit

793 4145 1130 4214 tepetitura?

861 4239 954 4291 M.
1025 4236 1178 4290 Talia
1209 4236 1462 4294 ﬂebiliter
1505 4237 1793 4296 lamentata
1817 4255 1946 4306 anu,
1979 4241 2069 4294 abi
2132 4243 2368 4313 quidem.

791 4341 915 4378 cum
951 4326 1256 4391 audissent,
1283 4327 1599 4383 daemoniaci
1633 4330 1838 4398 pariter
1857 4346 1920 4385 ac
1942 4333 2126 4386 vesani
2148 4334 2375 4388 mentio-

796 4431 917 4468 nem
977 4415 1172 4470 fattam
1228 4433 1374 4482 esse,
1404 4421 1896 4476 recesseruntinde
1941 4425 2242 4487 continuo,
2282 4424 2372 4479 alii

2459 2594 2673 2665 ἄνδρες,
2701 2595 2984 2663 οἰκήτορες
3018 2596 3178 2664 τῆσδε
3214 2596 3314 2664 τῆς
3348 2597 3578 2658 πόλεως,
3617 2596 3727 2663 ἐγὼ
3757 2596 3878 2665 ξένη
3914 2601 4033 2667 εἱμῖ

2459 2689 2570 2740 τῶν
2632 2685 2904 2748 ἐντεῦθεν,
2949 2685 3104 2754 δίκης
3151 2686 3208 2738 δὲ
3262 2688 3576 2757 προσούσης
3633 2706 3718 2757 μοι
3770 2691 4040 2757 ἀπάρασα

2459 2777 2570 2829 τῶν
2625 2776 2861 2838 οἰκείων,
2924 2774 3155 2827 ἐνταῦθα
3221 2777 3628 2846 παρεγενόμην,
3681 2779 3773 2830 καὶ
3807 2778 3879 2839 ὡς
3911 2777 4037 2837 ἔθος

2463 2871 2602 2939 μετὰ
2635 2869 2742 2921 τῶν
2775 2869 3190 2936 ἐπιφερομένων
3221 2886 3308 2936 μοι
3333 2869 3390 2919 ἐν
3435 2867 3512 2936 τῷ
3543 2867 3754 2938 θεάτρῳ
3790 2884 4038 2934 περιπαε

2459 2960 2624 3013 τοῦσα
2649 2959 2994 3028 ἠπλήκευσα.
3038 2959 3307 3027 Ἐσπὲρας
3338 2959 3393 3010 δὲ
3441 2958 3542 3027 ήδη
3573 2957 3793 3026 βαθείας
3838 2957 4035 3025 οὔσης,

2459 3053 2729 3120 δαιμονῶν
2758 3068 2843 3113 τις
2897 3053 2988 3102 καὶ
3024 3049 3553 3125 παρατετραμμένος
3583 3049 3896 3109 διαϐαίνων,
3936 3051 4038 3116 μὲ-

2466 3161 2554 3212 po;
2587 3161 2637 3195 τι
2667 3143 2775 3195 ἀπὸ
2832 3141 2939 3194 τῶν
2968 3142 3090 3208 ἐμοὶ
3139 3142 3506 3212 διαφερόντων
3562 3143 3819 3210 συλήσας,
3851 3145 4039 3209 φυγὰς

2463 3234 2635 3305 ᾤχετο
2668 3249 2680 3263 '
2748 3232 2910 3285 πάλιν
2964 3228 3056 3282 οὖν
3099 3233 3164 3298 τῇ
3193 3231 3317 3298 ἑξῆς
3366 3234 3518 3283 νυκτὶ
3566 3234 4039 3300 παραγενόμενος,

2463 3325 2652 3392 ἓτερον
2685 3323 2851 3392 μέρος
2908 3321 3127 3389 ἀφελών
3164 3339 3289 3390 μου,
3329 3322 3538 3390 ἀπέδρα
3568 3340 3584 3353 ο
3616 3321 3946 3391 spissa-331.:
3978 3325 4039 3374 δὲ

2465 3420 2561 3468 καὶ
2591 3417 2956 3485 κατασχεθεὶς
3010 3417 3099 3468 ὑπ’
3129 3416 3283 3482 ἐμοῦ,
3323 3412 3486 3478 ἐάσας
3525 3418 3623 3484 τὴν
3653 3417 3760 3467 τῶν
3789 3417 4045 3486 κλεμμασ

2464 3525 2573 3560 των
2613 3507 2929 3576 ἐπάχθειαν,
2989 3507 3156 3577 σύρας
3206 3525 3272 3575 με
3312 3507 3462 3558 ἔνθεν
3503 3508 3776 3568 κάκεῖθεν,
3809 3510 3906 3568 τας
3936 3526 4042 3559 πο-

2465 3599 2584 3660 λιάς
2622 3615 2722 3666 μου
2792 3598 3128 3660 κατέτιλλεν,
3193 3599 3287 3650 καὶ
3334 3602 3401 3650 τὰ
3469 3599 3672 3665 ἐγκατά
3707 3618 3808 3669 μου
3839 3601 4045 3652 lani--

2469 3707 2562 3753 σας
2625 3691 2757 3760 (5)8),
2814 3690 3206 3752 δυσυποίστους
3273 3708 3364 3758 μοι
3430 3691 3621 3752 ὀδύνας
3676 3692 3918 3760 ἐποίησε,
3985 3694 4047 3742 ἐν

2468 3777 2549 3843 οἷς
2581 3785 2673 3832 καὶ.
2707 3783 2832 3843 τοὺς
2865 3781 3126 3844 παλαιούς
3161 3799 3261 3851 μου
3301 3782 3518 3844 ὀδόντας
3545 3782 3620 3852 τῷ
3641 3784 3849 3851 γρόνθῳ
3886 3787 4044 3852 ὲκρι-

2471 3875 2649 3938 ζώσας
2701 3874 3058 3927 κατέκλασεν.
3113 3874 3176 3925 Τί
3246 3872 3339 3926 οὖν
3398 3877 3628 3942 ποιήσω,
3687 3875 3924 3934 πολῖται.
3964 3877 4046 3926 εἰ-

2471 3968 2607 4019 πατέ
2643 3983 2754 4036 μοι’
2789 3965 2891 4018 ποῦ
2917 3965 2971 4018 δὲ
3000 3964 3146 4035 εὕρω
3169 3964 3349 4028 αὑτὸν,
3381 3963 3481 4022 κᾶν
3509 3967 3574 4015 τὰ
3604 3966 3710 4032 ἐμὰ
3734 3967 4048 4018 ἁποσπὰσω

2471 4059 2568 4116 ἀπ’
2602 4057 2767 4114 αὐτοῦ
2795 4076 2809 4123 ;

2548 4247 2841 4317 μό’.Ταῦτα
2867 4250 2960 4316 τῆς
2994 4248 3210 4316 γραΐδος
3240 4248 3376 4318 μετὰ
3402 4246 3652 4316 δακρύων
3687 4249 3972 4317 λεγούσης,
4003 4254 4052 4302 οξ

2477 4341 2577 4410 μὲν
2611 4342 2741 4409 περὶ
2792 4339 3157 4408 δαιμονῶντος
3207 4339 3497 4401 ἀκούοντες
3523 4341 3618 4392 καὶ
3653 4357 4054 4410 παρατετραμ-

2479 4433 2667 4501 μένου,
2715 4432 2930 4498 ταχέως
2974 4431 3083 4484 τῶν
3110 4431 3226 4483 ἐκεῖ
3273 4432 3593 4501 ὑπεχώρουν
3621 4447 3634 4461 ·
3668 4435 3714 4483 οἱ
3747 4433 3799 4483 δὲ
3834 4434 4054 4495 ἔλεγον,

795 4522 922 4560 vero
954 4524 966 4560 :
1007 4506 1102 4573 Da,
1133 4509 1472 4578 inquiebant.
1522 4512 1680 4566 nobis
1708 4513 1936 4582 aliquid,
1974 4530 2182 4584 nosque
2203 4518 2372 4570 comi-

2484 4525 2582 4584 Δὸς
2613 4524 2744 4591 ἡμῖν
2767 4540 2840 4585 τι,
2919 4524 3012 4574 καὶ
3036 4521 3195 4592 δεῦρο
3225 4522 3345 4590 μεθ’
3370 4523 3546 4590 ήμῶν,
3577 4525 3669 4574 καὶ
3695 4524 4018 4591 ὑποδείξρμέ
4038 4548 4055 4571 κ

796 4607 932 4659 tare,
956 4609 1484 4656 conunonstraturos
1510 4603 1605 4659 tibi
1630 4619 1792 4672 quem
1833 4607 2032 4673 quaeris
2076 4607 2370 4661 hominem.

793 4690 928 4742 Cum
956 4706 1084 4744 vero
1117 4691 1302 4745 multis
1329 4695 1496 4749 multa
1529 4694 2228 4766 interrogantibusoperose
2248 4714 2374 4766 pur-

795 4791 943 4848 garet
1001 4796 1121 4835 sesc
1167 4798 1328 4848 anus,
1386 4785 1588 4838 accidit
1650 4787 1704 4840 in
1731 4790 1985 4856 proximo
2027 4789 2233 4843 versari
2262 4790 2374 4844 An-

795 4879 1004 4935 dream,
1042 4872 1276 4942 negotiis
1309 4877 1423 4928 suis
1450 4874 1543 4929 Dei
1588 4892 1752 4933 causa
1778 4880 2043 4948 susceptis
2087 4882 2374 4933 intentum.

798 4958 896 5014 llic
930 4963 1144 5031 cognita
1183 4964 1503 5032 nequissimi
1542 4968 1802 5023 dminonis
1838 4972 2072 5024 versutia
2098 5009 2112 5029 .
2144 4986 2376 5026 consur-

797 5068 929 5122 gens
962 5070 991 5106 c
1016 5055 1245 5125 vestigio
1280 5056 1410 5114 illuc
1441 5060 1696 5125 accessit,
1745 5061 2054 5130 reperitque
2078 5060 2252 5114 forma
2295 5070 2373 5114 te-

799 5161 902 5226 nus
963 5162 1125 5200 anum
1185 5149 1460 5204 sedentem
1522 5152 1719 5216 solam,
1794 5154 2227 5208 sciscitatoribus
2272 5154 2376 5208 illis

792 5231 905 5290 lam
956 5238 1217 5306 digressis
1276 5242 1532 5296 omnibus
1566 5257 1666 5297 :ac
1715 5253 1873 5298 torvo
1894 5244 1950 5300 in
1982 5244 2155 5314 ipsam
2206 5247 2378 5311 vultu,

801 5329 959 5395 quasi
996 5344 1095 5398 per
1124 5339 1497 5397 transennam,
1529 5334 1756 5390 intuitus
1784 5352 1798 5388 :
1830 5335 1979 5406 Lugc
1999 5353 2150 5403 sane,
2183 5338 2377 5406 inquit,

800 5428 855 5471 et
878 5419 1432 5490 ingernisceiabiosa,
1467 5427 1842 5491 exsecrabilis,
1885 5429 2247 5494 tenebriCOsa,
2280 5446 2382 5498 pu-

801 5509 908 5562 tida
940 5526 1095 5575 anus,
1137 5514 1375 5582 pondere
1409 5516 1726 5572 delictorum
1770 5529 1989 5574 tuorum
2028 5521 2137 5590 jam
2175 5524 2378 5593 pridem

872 5654 993 5721 (57)
1045 5657 1607 5728 Παρατετραμμένος,
1653 5661 1704 5713 id
1764 5673 1845 5718 est
1914 5681 2154 5727 vesanus,
2207 5679 2373 5720 mente

805 5736 1008 5790 captus,
1076 5739 1293 5792 stultus,
1359 5735 1433 5783 ιιιί
1513 5737 1706 5784 deinde
1792 5736 2133 5789 manifestius
2215 5756 2374 5790 inno-

808 5797 963 5849 tescil
995 5813 1006 5849 :
1044 5798 1119 5850 sic
1169 5801 1420 5854 tilt‘illlUS'
1451 5803 1650 5856 inverso
1710 5809 1918 5858 cerebro
1955 5825 2073 5861 ςδξιξ
2102 5811 2191 5876 ιμιὶ
2227 5811 2376 5863 stulti

2484 4631 2566 4667 σοι
2621 4614 3087 4684 αύτόν.“ῐ]ᾀντων
3128 4614 3184 4665 δὲ
3247 4611 3648 4682 ἀνερωτώντων
3689 4614 3857 4686 αὐτὴν
3924 4619 4055 4684 περὶ

2482 4705 2573 4757 τοῦ
2634 4705 2978 4775 πράγματος,
3041 4705 3132 4756 καὶ
3191 4703 3361 4772 αὐτῆς
3430 4704 3900 4772 ἀπολογουμένης,
3928 4702 4055 4775 ἦνό

2484 4797 2767 4863 Μακάριος
2820 4796 2995 4847 ἐκεῖσε
3044 4794 3294 4862 πλησίον,
3349 4795 3441 4847 τδν
3494 4797 3639 4848 κατα
3684 4794 3815 4846 Θεὸν
3849 4799 4054 4847 σκοπὸν

2484 4889 2646 4939 αὐτοῦ
2701 4887 2954 4939 διανύωνο
2992 4886 3134 4952 ἔγνω
3165 4884 3256 4938 τοῦ
3291 4890 3650 4958 παμπονήρου
3675 4887 3931 4954 δαίμονος
3963 4889 4048 4938 τὸν

2481 4978 2702 5045 τρόπον,
2735 4977 2827 5027 καὶ
2871 4975 3072 5035 εὐθέως
3125 4976 3364 5035 ἀποστὰς
3397 4974 3491 5026 τοῦ
3535 4976 3722 5038 τόπου,
3773 4975 4054 5044 δρομαίως

2484 5070 2599 5129 τοῖς
2628 5068 2742 5134 εκεῖ
2787 5067 3143 5137 παρεγένετο,
3175 5069 3268 5118 καὶ
3295 5060 3454 5135 εὗρεν
3481 5067 3854 5136 καθεζομένην
3882 5069 4054 5136 μόνην

2481 5160 2580 5229 τὴν
2619 5158 2882 5214 δοκοῦσαν
2933 5153 3073 5214 εἶναι
3138 5160 3380 5228 γραφήν·
3441 5158 3491 5210 οἱ
3526 5160 3633 5226 γὰρ
3666 5159 4054 5226 ἐπερωτῶντες

2487 5250 2678 5316 αὐτὴν,
2737 5251 3221 5321 ἀνακεχωρηκότες
3242 5246 3403 5320 ἦσαν.
3448 5249 3506 5301 Ὀ
3535 5251 3590 5302 δὲ
3615 5251 3856 5311 Δίκαιος,
3889 5249 3964 5312 ὡς
4000 5254 4058 5300 ἐν

2490 5343 2709 5412 παρόδῳ
2741 5341 2986 5414 βλοσυρῴ
3002 5342 3078 5411 τῷ
3112 5343 3321 5411 δμματι
3349 5341 3558 5394 ἀπιδὼν
3586 5345 3664 5404 εἰς
3696 5341 3890 5410 αὐτὴν,
3926 5343 4055 5408 Eam-

2487 5435 2786 5506 Θρήνησον,
2816 5436 3071 5503 οἵμωξον,
3091 5435 3262 5487 λύσσα
3279 5434 3668 5503 ὲὸὀελυγμένη,
3692 5435 4057 5501 ὲσκοτισμένς

2488 5529 2691 5597 κοπρὶᾳ
2722 5527 2884 5596 γραῦ,
2918 5529 3183 5596 κεκυφυία
3212 5527 3318 5580 ἀπὸ
3348 5526 3580 5594 πλήθους
3603 5524 3710 5577 τῶν
3738 5525 3831 5576 ἀπ’
3861 5525 4060 5586 αἰῶνος

2485 5676 2632 5722 sunt.

2487 5739 2660 5861 6.(51'5)
2736 5738 3092 5796 Solummodo
3137 5738 3370 5794 habebat
3441 5753 3540 5794 ms.
3609 5737 3902 5793 Vaticanus
3940 5741 4064 5792 i6:-

2527 5825 2706 5861 Λακεν.

2527 5825 2706 5862 Λακεν.
