  <div class='ocr_page' id='page_1' title='image "/cluster/home/n/w/nwhite01/storage/ocr_20150623/111/nnc1.0046979743/346.png"; bbox 0 0 4202 6430; ppageno 0'>
   <div class='ocr_carea' id='block_1_1' title="bbox 169 432 273 498">
    <p class='ocr_par' dir='ltr' id='par_1_1' title="bbox 169 432 273 498">
     <span class='ocr_line' id='line_1_1' title="bbox 169 432 273 498; baseline -0.01 0"><span class='ocrx_word' id='word_1_1' title='bbox 169 432 273 498; x_wconf 80' lang='lat'><strong>681</strong></span> 
     </span>
    </p>
   </div>
   <div class='ocr_carea' id='block_1_2' title="bbox 1344 424 2223 488">
    <p class='ocr_par' dir='ltr' id='par_1_2' title="bbox 1344 424 2223 488">
     <span class='ocr_line' id='line_1_2' title="bbox 1344 424 2223 488; baseline -0.002 0"><span class='ocrx_word' id='word_1_2' title='bbox 1344 428 1521 488; x_wconf 73' lang='lat' dir='ltr'><strong>Vl&#39;l‘A</strong></span> <span class='ocrx_word' id='word_1_3' title='bbox 1563 425 1623 486; x_wconf 92' lang='lat' dir='ltr'><strong>S.</strong></span> <span class='ocrx_word' id='word_1_4' title='bbox 1666 424 1994 487; x_wconf 63' lang='lat' dir='ltr'><strong>ANDRErE</strong></span> <span class='ocrx_word' id='word_1_5' title='bbox 2029 425 2223 487; x_wconf 87' lang='lat' dir='ltr'><strong>SALI.</strong></span> 
     </span>
    </p>
   </div>
   <div class='ocr_carea' id='block_1_3' title="bbox 3301 432 3406 494">
    <p class='ocr_par' dir='ltr' id='par_1_3' title="bbox 3301 432 3406 494">
     <span class='ocr_line' id='line_1_3' title="bbox 3301 432 3406 494; baseline -0.01 0"><span class='ocrx_word' id='word_1_6' title='bbox 3301 432 3406 494; x_wconf 76' lang='lat'><strong>682</strong></span> 
     </span>
    </p>
   </div>
   <div class='ocr_carea' id='block_1_4' title="bbox 166 536 1751 619">
    <p class='ocr_par' dir='ltr' id='par_1_4' title="bbox 166 540 1743 619">
     <span class='ocr_line' id='line_1_4' title="bbox 166 540 1743 619; baseline -0.006 -17"><span class='ocrx_word' id='word_1_7' title='bbox 166 545 657 619; x_wconf 74' lang='grc' dir='ltr'><strong>πλημμελημάτων</strong></span> <span class='ocrx_word' id='word_1_8' title='bbox 695 562 787 599; x_wconf 86' lang='grc' dir='ltr'><strong>σου</strong></span> <span class='ocrx_word' id='word_1_9' title='bbox 848 543 1048 615; x_wconf 75' lang='grc' dir='ltr'>χρῆσαι</span> <span class='ocrx_word' id='word_1_10' title='bbox 1085 543 1202 606; x_wconf 79' lang='grc' dir='ltr'>ταῖς</span> <span class='ocrx_word' id='word_1_11' title='bbox 1238 540 1594 613; x_wconf 78' lang='grc' dir='ltr'>μαγγανείαις</span> <span class='ocrx_word' id='word_1_12' title='bbox 1629 554 1743 601; x_wconf 90' lang='grc' dir='ltr'>σου,</span> 
     </span>
    </p>
   </div>
   <div class='ocr_carea' id='block_1_5' title="bbox 1840 536 3413 619">
    <p class='ocr_par' dir='ltr' id='par_1_5' title="bbox 1851 536 3413 608">
     <span class='ocr_line' id='line_1_5' title="bbox 1851 536 3413 608; baseline 0.001 -16"><span class='ocrx_word' id='word_1_13' title='bbox 1851 536 2274 592; x_wconf 90' lang='lat' dir='ltr'><strong>commissorum</strong></span> <span class='ocrx_word' id='word_1_14' title='bbox 2302 537 2543 591; x_wconf 84' lang='lat' dir='ltr'><strong>incurva.</strong></span> <span class='ocrx_word' id='word_1_15' title='bbox 2584 537 2745 593; x_wconf 89' lang='lat' dir='ltr'><strong>Utere</strong></span> <span class='ocrx_word' id='word_1_16' title='bbox 2780 536 3098 608; x_wconf 86' lang='lat' dir='ltr'><strong>imposturis</strong></span> <span class='ocrx_word' id='word_1_17' title='bbox 3144 539 3272 601; x_wconf 91' lang='lat' dir='ltr'><strong>tuis,</strong></span> <span class='ocrx_word' id='word_1_18' title='bbox 3297 542 3413 594; x_wconf 87' lang='lat' dir='ltr'><strong>ani-</strong></span> 
     </span>
    </p>
   </div>
   <div class='ocr_carea' id='block_1_6' title="bbox 166 630 1737 711">
    <p class='ocr_par' dir='ltr' id='par_1_6' title="bbox 166 630 1737 711">
     <span class='ocr_line' id='line_1_6' title="bbox 166 630 1737 711; baseline -0.01 -16"><span class='ocrx_word' id='word_1_19' title='bbox 166 638 689 711; x_wconf 75' lang='grc' dir='ltr'>ψυχοανασπάστρια</span> <span class='ocrx_word' id='word_1_20' title='bbox 744 635 881 707; x_wconf 75' lang='grc'><strong>[59).</strong></span> <span class='ocrx_word' id='word_1_21' title='bbox 917 636 1012 690; x_wconf 79' lang='grc' dir='ltr'>καὶ</span> <span class='ocrx_word' id='word_1_22' title='bbox 1043 636 1161 697; x_wconf 84' lang='grc' dir='ltr'>ταῖς</span> <span class='ocrx_word' id='word_1_23' title='bbox 1212 630 1588 703; x_wconf 75' lang='grc' dir='ltr'>φαρμακείαις</span> <span class='ocrx_word' id='word_1_24' title='bbox 1622 644 1737 691; x_wconf 89' lang='grc' dir='ltr'>σου,</span> 
     </span>
    </p>
   </div>
   <div class='ocr_carea' id='block_1_7' title="bbox 166 720 1742 799">
    <p class='ocr_par' dir='ltr' id='par_1_7' title="bbox 166 720 1742 799">
     <span class='ocr_line' id='line_1_7' title="bbox 166 720 1742 799; baseline -0.008 -15"><span class='ocrx_word' id='word_1_25' title='bbox 166 729 662 799; x_wconf 73' lang='grc' dir='ltr'>ἀπηλλοτριωμένη</span> <span class='ocrx_word' id='word_1_26' title='bbox 711 726 805 779; x_wconf 81' lang='grc' dir='ltr'>τοῦ</span> <span class='ocrx_word' id='word_1_27' title='bbox 859 725 997 779; x_wconf 81' lang='grc' dir='ltr'><strong>Θεοῦ</strong></span> <span class='ocrx_word' id='word_1_28' title='bbox 1061 724 1152 777; x_wconf 79' lang='grc' dir='ltr'>καὶ</span> <span class='ocrx_word' id='word_1_29' title='bbox 1206 721 1313 777; x_wconf 81' lang='grc' dir='ltr'><strong>τῶν</strong></span> <span class='ocrx_word' id='word_1_30' title='bbox 1374 720 1569 789; x_wconf 80' lang='grc' dir='ltr'><strong>ἁγίων.</strong></span> <span class='ocrx_word' id='word_1_31' title='bbox 1634 720 1742 774; x_wconf 72' lang='grc' dir='ltr'><strong>Καὶ</strong></span> 
     </span>
    </p>
   </div>
   <div class='ocr_carea' id='block_1_8' title="bbox 167 814 1744 885">
    <p class='ocr_par' dir='ltr' id='par_1_8' title="bbox 167 814 1744 885">
     <span class='ocr_line' id='line_1_8' title="bbox 167 814 1744 885; baseline -0.004 -12"><span class='ocrx_word' id='word_1_32' title='bbox 167 819 350 873; x_wconf 79' lang='grc' dir='ltr'>ταῦτα</span> <span class='ocrx_word' id='word_1_33' title='bbox 406 820 673 882; x_wconf 66' lang='grc' dir='ltr'>εἰπόντος,</span> <span class='ocrx_word' id='word_1_34' title='bbox 708 817 916 872; x_wconf 63' lang='lat' dir='ltr'><strong>eniam</strong></span> <span class='ocrx_word' id='word_1_35' title='bbox 944 817 1024 878; x_wconf 85' lang='grc' dir='ltr'><strong>είς</strong></span> <span class='ocrx_word' id='word_1_36' title='bbox 1054 814 1152 885; x_wconf 80' lang='grc' dir='ltr'>τὴν</span> <span class='ocrx_word' id='word_1_37' title='bbox 1178 816 1281 885; x_wconf 79' lang='grc' dir='ltr'>γῆν</span> <span class='ocrx_word' id='word_1_38' title='bbox 1316 816 1613 885; x_wconf 81' lang='grc' dir='ltr'>δράσσεται</span> <span class='ocrx_word' id='word_1_39' title='bbox 1642 829 1744 882; x_wconf 82' lang='grc' dir='ltr'>πη-</span> 
     </span>
    </p>
   </div>
   <div class='ocr_carea' id='block_1_9' title="bbox 166 905 1742 981">
    <p class='ocr_par' dir='ltr' id='par_1_9' title="bbox 166 905 1742 981">
     <span class='ocr_line' id='line_1_9' title="bbox 166 905 1742 981; baseline -0.006 -17"><span class='ocrx_word' id='word_1_40' title='bbox 166 912 280 975; x_wconf 72' lang='grc' dir='ltr'>λοῦ,</span> <span class='ocrx_word' id='word_1_41' title='bbox 319 912 418 965; x_wconf 67' lang='grc' dir='ltr'>καὶ</span> <span class='ocrx_word' id='word_1_42' title='bbox 450 913 681 981; x_wconf 76' lang='grc' dir='ltr'><strong>ποιήσας</strong></span> <span class='ocrx_word' id='word_1_43' title='bbox 735 911 809 973; x_wconf 81' lang='grc' dir='ltr'>ὡς</span> <span class='ocrx_word' id='word_1_44' title='bbox 836 910 1002 973; x_wconf 90' lang='grc' dir='ltr'>λίθον,</span> <span class='ocrx_word' id='word_1_45' title='bbox 1034 906 1402 978; x_wconf 68' lang='grc' dir='ltr'>προσέρριψεν</span> <span class='ocrx_word' id='word_1_46' title='bbox 1430 908 1497 974; x_wconf 84' lang='grc' dir='ltr'>τῇ</span> <span class='ocrx_word' id='word_1_47' title='bbox 1528 905 1742 958; x_wconf 78' lang='grc' dir='ltr'><strong>ἀναιδεῖ</strong></span> 
     </span>
    </p>
   </div>
   <div class='ocr_carea' id='block_1_10' title="bbox 165 994 1744 1069">
    <p class='ocr_par' dir='ltr' id='par_1_10' title="bbox 165 994 1744 1069">
     <span class='ocr_line' id='line_1_10' title="bbox 165 994 1744 1069; baseline -0.006 -15"><span class='ocrx_word' id='word_1_48' title='bbox 165 1000 345 1069; x_wconf 70' lang='grc' dir='ltr'>αὐτῆς</span> <span class='ocrx_word' id='word_1_49' title='bbox 380 1000 529 1068; x_wconf 66' lang='grc' dir='ltr'>δψει,</span> <span class='ocrx_word' id='word_1_50' title='bbox 588 1000 912 1069; x_wconf 82' lang='grc' dir='ltr'>ὲμφυσήσας</span> <span class='ocrx_word' id='word_1_51' title='bbox 941 1014 998 1049; x_wconf 89' lang='grc' dir='ltr'><strong>τε</strong></span> <span class='ocrx_word' id='word_1_52' title='bbox 1032 998 1110 1058; x_wconf 87' lang='grc' dir='ltr'><strong>είς</strong></span> <span class='ocrx_word' id='word_1_53' title='bbox 1142 997 1204 1049; x_wconf 70' lang='grc' dir='ltr'><strong>τὸ</strong></span> <span class='ocrx_word' id='word_1_54' title='bbox 1244 998 1540 1066; x_wconf 75' lang='grc' dir='ltr'>πρόσωπον</span> <span class='ocrx_word' id='word_1_55' title='bbox 1574 994 1744 1061; x_wconf 74' lang='grc' dir='ltr'>αὐτῆς</span> 
     </span>
    </p>
   </div>
   <div class='ocr_carea' id='block_1_11' title="bbox 166 1084 1743 1162">
    <p class='ocr_par' dir='ltr' id='par_1_11' title="bbox 166 1084 1743 1162">
     <span class='ocr_line' id='line_1_11' title="bbox 166 1084 1743 1162; baseline -0.004 -19"><span class='ocrx_word' id='word_1_56' title='bbox 166 1092 559 1161; x_wconf 82' lang='grc' dir='ltr'>σταυροειδῶς,</span> <span class='ocrx_word' id='word_1_57' title='bbox 612 1089 890 1162; x_wconf 79' lang='grc' dir='ltr'>παρευθὺς</span> <span class='ocrx_word' id='word_1_58' title='bbox 948 1088 1221 1142; x_wconf 78' lang='grc' dir='ltr'>ἀπέϐαλεν</span> <span class='ocrx_word' id='word_1_59' title='bbox 1252 1087 1346 1140; x_wconf 82' lang='grc' dir='ltr'>τοῦ</span> <span class='ocrx_word' id='word_1_60' title='bbox 1402 1084 1743 1156; x_wconf 77' lang='grc' dir='ltr'><strong>ἀνθρωπίνου</strong></span> 
     </span>
    </p>
   </div>
   <div class='ocr_carea' id='block_1_12' title="bbox 168 1177 1743 1255">
    <p class='ocr_par' dir='ltr' id='par_1_12' title="bbox 168 1177 1743 1255">
     <span class='ocr_line' id='line_1_12' title="bbox 168 1177 1743 1255; baseline 0 -18"><span class='ocrx_word' id='word_1_61' title='bbox 168 1186 450 1253; x_wconf 75' lang='grc' dir='ltr'>σχήματος</span> <span class='ocrx_word' id='word_1_62' title='bbox 482 1183 582 1255; x_wconf 75' lang='grc' dir='ltr'><strong>τὴν</strong></span> <span class='ocrx_word' id='word_1_63' title='bbox 605 1184 754 1237; x_wconf 86' lang='grc' dir='ltr'>θέαν.</span> <span class='ocrx_word' id='word_1_64' title='bbox 784 1184 949 1251; x_wconf 84' lang='grc' dir='ltr'>Ὄφις</span> <span class='ocrx_word' id='word_1_65' title='bbox 978 1181 1034 1234; x_wconf 67' lang='grc' dir='ltr'>δὲ</span> <span class='ocrx_word' id='word_1_66' title='bbox 1064 1178 1429 1251; x_wconf 82' lang='grc' dir='ltr'>παμμεγέθης</span> <span class='ocrx_word' id='word_1_67' title='bbox 1446 1177 1743 1247; x_wconf 73' lang='grc' dir='ltr'>γενομένην</span> 
     </span>
    </p>
   </div>
   <div class='ocr_carea' id='block_1_13' title="bbox 168 1265 1738 1345">
    <p class='ocr_par' dir='ltr' id='par_1_13' title="bbox 168 1265 1738 1345">
     <span class='ocr_line' id='line_1_13' title="bbox 168 1265 1738 1345; baseline -0.006 -18"><span class='ocrx_word' id='word_1_68' title='bbox 168 1277 224 1327; x_wconf 76' lang='grc' dir='ltr'><strong>εν</strong></span> <span class='ocrx_word' id='word_1_69' title='bbox 255 1292 367 1325; x_wconf 84' lang='grc' dir='ltr'>τινι</span> <span class='ocrx_word' id='word_1_70' title='bbox 398 1276 662 1345; x_wconf 73' lang='grc' dir='ltr'>οἰκήματι</span> <span class='ocrx_word' id='word_1_71' title='bbox 694 1273 948 1339; x_wconf 85' lang='grc' dir='ltr'>γυναικὸς</span> <span class='ocrx_word' id='word_1_72' title='bbox 982 1272 1232 1340; x_wconf 84' lang='grc' dir='ltr'>είσῆλθεν</span> <span class='ocrx_word' id='word_1_73' title='bbox 1272 1269 1563 1338; x_wconf 79' lang='grc' dir='ltr'>συρομένη.</span> <span class='ocrx_word' id='word_1_74' title='bbox 1608 1265 1738 1317; x_wconf 78' lang='grc' dir='ltr'><strong>Βλέ-</strong></span> 
     </span>
    </p>
   </div>
   <div class='ocr_carea' id='block_1_14' title="bbox 170 1355 1746 1435">
    <p class='ocr_par' dir='ltr' id='par_1_14' title="bbox 170 1355 1746 1435">
     <span class='ocr_line' id='line_1_14' title="bbox 170 1355 1746 1435; baseline -0.013 -7"><span class='ocrx_word' id='word_1_75' title='bbox 170 1367 275 1434; x_wconf 63' lang='grc' dir='ltr'>ψεις</span> <span class='ocrx_word' id='word_1_76' title='bbox 309 1366 369 1417; x_wconf 81' lang='grc' dir='ltr'><strong>δὲ</strong></span> <span class='ocrx_word' id='word_1_77' title='bbox 400 1368 433 1435; x_wconf 85' lang='grc' dir='ltr'>ἠ</span> <span class='ocrx_word' id='word_1_78' title='bbox 466 1367 602 1434; x_wconf 66' lang='grc' dir='ltr'>γυνὴ</span> <span class='ocrx_word' id='word_1_79' title='bbox 660 1364 720 1417; x_wconf 80' lang='grc' dir='ltr'>τὸ</span> <span class='ocrx_word' id='word_1_80' title='bbox 750 1363 956 1434; x_wconf 81' lang='grc' dir='ltr'><strong>θηρίον,</strong></span> <span class='ocrx_word' id='word_1_81' title='bbox 1006 1362 1197 1430; x_wconf 83' lang='grc' dir='ltr'>τρόμῳ</span> <span class='ocrx_word' id='word_1_82' title='bbox 1238 1359 1585 1429; x_wconf 77' lang='grc' dir='ltr'><strong>συσχεθεῖσα,</strong></span> <span class='ocrx_word' id='word_1_83' title='bbox 1640 1355 1746 1419; x_wconf 67' lang='grc' dir='ltr'><strong>ἔξω</strong></span> 
     </span>
    </p>
   </div>
   <div class='ocr_carea' id='block_1_15' title="bbox 168 1446 1745 1527">
    <p class='ocr_par' dir='ltr' id='par_1_15' title="bbox 168 1446 1745 1527">
     <span class='ocr_line' id='line_1_15' title="bbox 168 1446 1745 1527; baseline -0.008 -17"><span class='ocrx_word' id='word_1_84' title='bbox 168 1457 262 1510; x_wconf 79' lang='grc' dir='ltr'>τοῦ</span> <span class='ocrx_word' id='word_1_85' title='bbox 287 1459 593 1527; x_wconf 78' lang='grc' dir='ltr'><strong>οἰκήματος</strong></span> <span class='ocrx_word' id='word_1_86' title='bbox 623 1455 844 1524; x_wconf 72' lang='grc' dir='ltr'>ἔφυγεν,</span> <span class='ocrx_word' id='word_1_87' title='bbox 877 1455 1183 1523; x_wconf 83' lang='grc' dir='ltr'>φωνήσασα</span> <span class='ocrx_word' id='word_1_88' title='bbox 1213 1450 1339 1514; x_wconf 76' lang='grc' dir='ltr'>τοὺς</span> <span class='ocrx_word' id='word_1_89' title='bbox 1385 1451 1627 1518; x_wconf 78' lang='grc' dir='ltr'><strong>γείτονας</strong></span> <span class='ocrx_word' id='word_1_90' title='bbox 1652 1446 1745 1499; x_wconf 82' lang='grc' dir='ltr'><strong>τοῦ</strong></span> 
     </span>
    </p>
   </div>
   <div class='ocr_carea' id='block_1_16' title="bbox 175 1539 1740 1618">
    <p class='ocr_par' dir='ltr' id='par_1_16' title="bbox 175 1539 1740 1618">
     <span class='ocr_line' id='line_1_16' title="bbox 175 1539 1740 1618; baseline -0.007 -17"><span class='ocrx_word' id='word_1_91' title='bbox 175 1550 387 1602; x_wconf 77' lang='grc' dir='ltr'>ἀνελεῖν</span> <span class='ocrx_word' id='word_1_92' title='bbox 437 1547 538 1618; x_wconf 82' lang='grc' dir='ltr'>τὴν</span> <span class='ocrx_word' id='word_1_93' title='bbox 588 1548 746 1611; x_wconf 80' lang='grc' dir='ltr'>δφιν’</span> <span class='ocrx_word' id='word_1_94' title='bbox 792 1546 968 1600; x_wconf 63' lang='grc' dir='ltr'><strong>ἱκανοὶ¹</strong></span> <span class='ocrx_word' id='word_1_95' title='bbox 998 1545 1053 1597; x_wconf 86' lang='grc' dir='ltr'>δὲ</span> <span class='ocrx_word' id='word_1_96' title='bbox 1084 1543 1453 1614; x_wconf 79' lang='grc' dir='ltr'>ὲσεπήδησαν,</span> <span class='ocrx_word' id='word_1_97' title='bbox 1507 1540 1603 1593; x_wconf 75' lang='grc' dir='ltr'>καὶ</span> <span class='ocrx_word' id='word_1_98' title='bbox 1626 1539 1740 1591; x_wconf 79' lang='grc' dir='ltr'>ἀνι-</span> 
     </span>
    </p>
   </div>
   <div class='ocr_carea' id='block_1_17' title="bbox 174 1628 1748 1706">
    <p class='ocr_par' dir='ltr' id='par_1_17' title="bbox 174 1628 1748 1706">
     <span class='ocr_line' id='line_1_17' title="bbox 174 1628 1748 1706; baseline -0.003 -19"><span class='ocrx_word' id='word_1_99' title='bbox 174 1638 505 1706; x_wconf 75' lang='grc' dir='ltr'>χνεύσαντες</span> <span class='ocrx_word' id='word_1_100' title='bbox 530 1637 590 1688; x_wconf 76' lang='grc' dir='ltr'>τὸ</span> <span class='ocrx_word' id='word_1_101' title='bbox 624 1636 851 1705; x_wconf 74' lang='grc' dir='ltr'>οἴκημα,</span> <span class='ocrx_word' id='word_1_102' title='bbox 876 1635 1030 1687; x_wconf 76' lang='grc' dir='ltr'>οὐδὲν</span> <span class='ocrx_word' id='word_1_103' title='bbox 1060 1634 1240 1704; x_wconf 81' lang='grc' dir='ltr'>εὑρεῖν</span> <span class='ocrx_word' id='word_1_104' title='bbox 1294 1628 1641 1701; x_wconf 75' lang='grc' dir='ltr'><strong>ἠδυνήθησαν</strong></span> <span class='ocrx_word' id='word_1_105' title='bbox 1671 1645 1682 1656; x_wconf 96' lang='grc'><strong>·</strong></span> <span class='ocrx_word' id='word_1_106' title='bbox 1720 1632 1748 1682; x_wconf 97' lang='lat'><strong>6</strong></span> 
     </span>
    </p>
   </div>
   <div class='ocr_carea' id='block_1_18' title="bbox 176 1722 1738 1797">
    <p class='ocr_par' dir='ltr' id='par_1_18' title="bbox 176 1722 1738 1797">
     <span class='ocr_line' id='line_1_18' title="bbox 176 1722 1738 1797; baseline -0.02 -1"><span class='ocrx_word' id='word_1_107' title='bbox 176 1730 279 1797; x_wconf 73' lang='grc' dir='ltr'><strong>γὰρ</strong></span> <span class='ocrx_word' id='word_1_108' title='bbox 331 1728 692 1796; x_wconf 64' lang='grc' dir='ltr'>παμπόνηρος</span> <span class='ocrx_word' id='word_1_109' title='bbox 748 1726 959 1793; x_wconf 77' lang='grc' dir='ltr'>δαίμων</span> <span class='ocrx_word' id='word_1_110' title='bbox 1008 1727 1213 1785; x_wconf 76' lang='grc' dir='ltr'>ἐκεῖνος</span> <span class='ocrx_word' id='word_1_111' title='bbox 1270 1723 1378 1775; x_wconf 59' lang='grc' dir='ltr'><strong>ἀπὸ</strong></span> <span class='ocrx_word' id='word_1_112' title='bbox 1444 1722 1534 1774; x_wconf 77' lang='grc' dir='ltr'>τοῦ</span> <span class='ocrx_word' id='word_1_113' title='bbox 1602 1726 1738 1789; x_wconf 71' lang='grc' dir='ltr'><strong>σχή-</strong></span> 
     </span>
    </p>
   </div>
   <div class='ocr_carea' id='block_1_19' title="bbox 178 1811 1748 1886">
    <p class='ocr_par' dir='ltr' id='par_1_19' title="bbox 178 1811 1748 1886">
     <span class='ocr_line' id='line_1_19' title="bbox 178 1811 1748 1886; baseline -0.004 -17"><span class='ocrx_word' id='word_1_114' title='bbox 178 1833 344 1886; x_wconf 86' lang='grc' dir='ltr'>ματος</span> <span class='ocrx_word' id='word_1_115' title='bbox 403 1816 499 1869; x_wconf 79' lang='grc' dir='ltr'><strong>τοῦ</strong></span> <span class='ocrx_word' id='word_1_116' title='bbox 550 1815 727 1883; x_wconf 77' lang='grc' dir='ltr'>δφεως</span> <span class='ocrx_word' id='word_1_117' title='bbox 779 1814 1091 1875; x_wconf 66' lang='grc' dir='ltr'>ἀλλοιωθεὶς</span> <span class='ocrx_word' id='word_1_118' title='bbox 1141 1816 1220 1874; x_wconf 79' lang='grc' dir='ltr'><strong>εἰς</strong></span> <span class='ocrx_word' id='word_1_119' title='bbox 1267 1811 1366 1882; x_wconf 81' lang='grc' dir='ltr'>τὴν</span> <span class='ocrx_word' id='word_1_120' title='bbox 1416 1812 1551 1864; x_wconf 81' lang='grc' dir='ltr'>ἰδίαν</span> <span class='ocrx_word' id='word_1_121' title='bbox 1585 1814 1748 1879; x_wconf 78' lang='grc' dir='ltr'>φύσιν</span> 
     </span>
    </p>
   </div>
   <div class='ocr_carea' id='block_1_20' title="bbox 173 1924 360 1977">
    <p class='ocr_par' dir='ltr' id='par_1_20' title="bbox 173 1924 360 1977">
     <span class='ocr_line' id='line_1_20' title="bbox 173 1924 360 1977; baseline 0.016 -20"><span class='ocrx_word' id='word_1_122' title='bbox 173 1924 274 1977; x_wconf 77' lang='grc' dir='ltr'>ῳχε</span> <span class='ocrx_word' id='word_1_123' title='bbox 278 1924 339 1960; x_wconf 82' lang='grc' dir='ltr'><strong>το</strong></span> <span class='ocrx_word' id='word_1_124' title='bbox 345 1947 360 1960; x_wconf 77' lang='grc' dir='ltr'><strong>σ</strong></span> 
     </span>
    </p>
   </div>
   <div class='ocr_carea' id='block_1_21' title="bbox 247 2076 1757 2163">
    <p class='ocr_par' dir='ltr' id='par_1_21' title="bbox 247 2076 1757 2163">
     <span class='ocr_line' id='line_1_21' title="bbox 247 2076 1757 2163; baseline -0.013 -15"><span class='ocrx_word' id='word_1_125' title='bbox 247 2100 353 2163; x_wconf 78' lang='grc' dir='ltr'>με’.</span> <span class='ocrx_word' id='word_1_126' title='bbox 391 2094 454 2146; x_wconf 84' lang='grc' dir='ltr'><strong>Ὅ</strong></span> <span class='ocrx_word' id='word_1_127' title='bbox 495 2092 551 2144; x_wconf 79' lang='grc' dir='ltr'>δὲ</span> <span class='ocrx_word' id='word_1_128' title='bbox 596 2087 860 2159; x_wconf 84' lang='grc' dir='ltr'>μακάριος</span> <span class='ocrx_word' id='word_1_129' title='bbox 897 2082 1151 2152; x_wconf 76' lang='grc' dir='ltr'>’Δνδρέας</span> <span class='ocrx_word' id='word_1_130' title='bbox 1196 2079 1356 2131; x_wconf 82' lang='grc' dir='ltr'>πάλιν</span> <span class='ocrx_word' id='word_1_131' title='bbox 1395 2076 1494 2147; x_wconf 80' lang='grc' dir='ltr'>τὴν</span> <span class='ocrx_word' id='word_1_132' title='bbox 1536 2079 1757 2149; x_wconf 78' lang='grc' dir='ltr'>πορείαν</span> 
     </span>
    </p>
   </div>
   <div class='ocr_carea' id='block_1_22' title="bbox 1847 629 3413 700">
    <p class='ocr_par' dir='ltr' id='par_1_22' title="bbox 1847 629 3413 700">
     <span class='ocr_line' id='line_1_22' title="bbox 1847 629 3413 700; baseline 0.002 -18"><span class='ocrx_word' id='word_1_133' title='bbox 1847 642 2053 682; x_wconf 87' lang='lat' dir='ltr'><strong>marum</strong></span> <span class='ocrx_word' id='word_1_134' title='bbox 2106 629 2413 691; x_wconf 81' lang='lat' dir='ltr'><strong>turbatrix;</strong></span> <span class='ocrx_word' id='word_1_135' title='bbox 2473 639 2624 686; x_wconf 87' lang='lat' dir='ltr'><strong>utere</strong></span> <span class='ocrx_word' id='word_1_136' title='bbox 2684 630 2983 694; x_wconf 81' lang='lat' dir='ltr'><strong>maleﬁciis,</strong></span> <span class='ocrx_word' id='word_1_137' title='bbox 3022 630 3273 700; x_wconf 83' lang='lat' dir='ltr'><strong>procula</strong></span> <span class='ocrx_word' id='word_1_138' title='bbox 3306 630 3413 685; x_wconf 89' lang='lat' dir='ltr'><strong>Deo</strong></span> 
     </span>
    </p>
   </div>
   <div class='ocr_carea' id='block_1_23' title="bbox 1846 719 3411 789">
    <p class='ocr_par' dir='ltr' id='par_1_23' title="bbox 1846 719 3411 789">
     <span class='ocr_line' id='line_1_23' title="bbox 1846 719 3411 789; baseline 0.002 -16"><span class='ocrx_word' id='word_1_139' title='bbox 1846 720 2160 789; x_wconf 77' lang='lat' dir='ltr'><strong>sanctisque</strong></span> <span class='ocrx_word' id='word_1_140' title='bbox 2183 719 2506 774; x_wconf 81' lang='lat' dir='ltr'><strong>abalienata.</strong></span> <span class='ocrx_word' id='word_1_141' title='bbox 2537 721 2636 777; x_wconf 79' lang='lat' dir='ltr'><strong>Vix</strong></span> <span class='ocrx_word' id='word_1_142' title='bbox 2694 722 2785 777; x_wconf 91' lang='lat' dir='ltr'><strong>illa</strong></span> <span class='ocrx_word' id='word_1_143' title='bbox 2820 720 2994 776; x_wconf 73' lang='lat' dir='ltr'><strong>fuerat</strong></span> <span class='ocrx_word' id='word_1_144' title='bbox 3022 724 3254 787; x_wconf 82' lang='lat' dir='ltr'><strong>locutus,</strong></span> <span class='ocrx_word' id='word_1_145' title='bbox 3289 738 3411 777; x_wconf 90' lang='lat' dir='ltr'><strong>cum</strong></span> 
     </span>
    </p>
   </div>
   <div class='ocr_carea' id='block_1_24' title="bbox 1849 808 3417 883">
    <p class='ocr_par' dir='ltr' id='par_1_24' title="bbox 1849 808 3417 883">
     <span class='ocr_line' id='line_1_24' title="bbox 1849 808 3417 883; baseline 0.004 -21"><span class='ocrx_word' id='word_1_146' title='bbox 1849 808 2038 864; x_wconf 91' lang='lat' dir='ltr'><strong>oculos</strong></span> <span class='ocrx_word' id='word_1_147' title='bbox 2095 809 2240 864; x_wconf 89' lang='lat' dir='ltr'><strong>humi</strong></span> <span class='ocrx_word' id='word_1_148' title='bbox 2276 808 2587 874; x_wconf 82' lang='lat' dir='ltr'><strong>deﬂectens,</strong></span> <span class='ocrx_word' id='word_1_149' title='bbox 2629 813 2911 881; x_wconf 90' lang='lat' dir='ltr'><strong>prehendit</strong></span> <span class='ocrx_word' id='word_1_150' title='bbox 2954 814 3123 867; x_wconf 91' lang='lat' dir='ltr'><strong>lutum</strong></span> <span class='ocrx_word' id='word_1_151' title='bbox 3154 832 3168 867; x_wconf 92' lang='grc' dir='ltr'><strong>ι</strong></span> <span class='ocrx_word' id='word_1_152' title='bbox 3198 828 3417 883; x_wconf 86' lang='lat' dir='ltr'><strong>compa-</strong></span> 
     </span>
    </p>
   </div>
   <div class='ocr_carea' id='block_1_25' title="bbox 1844 902 3415 974">
    <p class='ocr_par' dir='ltr' id='par_1_25' title="bbox 1844 902 3415 974">
     <span class='ocr_line' id='line_1_25' title="bbox 1844 902 3415 974; baseline 0.004 -20"><span class='ocrx_word' id='word_1_153' title='bbox 1844 910 2097 971; x_wconf 85' lang='lat' dir='ltr'><strong>ctumque</strong></span> <span class='ocrx_word' id='word_1_154' title='bbox 2134 904 2184 955; x_wconf 92' lang='lat' dir='ltr'><strong>in</strong></span> <span class='ocrx_word' id='word_1_155' title='bbox 2247 902 2466 957; x_wconf 89' lang='lat' dir='ltr'><strong>modum</strong></span> <span class='ocrx_word' id='word_1_156' title='bbox 2494 904 2687 973; x_wconf 81' lang='lat' dir='ltr'><strong>lapidis</strong></span> <span class='ocrx_word' id='word_1_157' title='bbox 2725 906 2856 974; x_wconf 83' lang='lat' dir='ltr'><strong>jaeit</strong></span> <span class='ocrx_word' id='word_1_158' title='bbox 2913 907 2965 960; x_wconf 93' lang='lat' dir='ltr'><strong>in</strong></span> <span class='ocrx_word' id='word_1_159' title='bbox 3013 904 3201 960; x_wconf 77' lang='lat' dir='ltr'><strong>faciem</strong></span> <span class='ocrx_word' id='word_1_160' title='bbox 3262 907 3415 961; x_wconf 85' lang='lat' dir='ltr'><strong>inve-</strong></span> 
     </span>
    </p>
   </div>
   <div class='ocr_carea' id='block_1_26' title="bbox 1845 994 3414 1063">
    <p class='ocr_par' dir='ltr' id='par_1_26' title="bbox 1845 994 3414 1063">
     <span class='ocr_line' id='line_1_26' title="bbox 1845 994 3414 1063; baseline 0.001 -18"><span class='ocrx_word' id='word_1_161' title='bbox 1845 994 2136 1046; x_wconf 85' lang='lat' dir='ltr'><strong>rccnndam</strong></span> <span class='ocrx_word' id='word_1_162' title='bbox 2193 994 2421 1060; x_wconf 59' lang='lat' dir='ltr'><strong>vetulae;</strong></span> <span class='ocrx_word' id='word_1_163' title='bbox 2466 995 2517 1047; x_wconf 91' lang='lat' dir='ltr'><strong>in</strong></span> <span class='ocrx_word' id='word_1_164' title='bbox 2548 1009 2770 1063; x_wconf 80' lang='lat' dir='ltr'><strong>eamque</strong></span> <span class='ocrx_word' id='word_1_165' title='bbox 2801 996 3083 1051; x_wconf 82' lang='lat' dir='ltr'><strong>insuﬂlans</strong></span> <span class='ocrx_word' id='word_1_166' title='bbox 3114 997 3167 1050; x_wconf 89' lang='lat' dir='ltr'><strong>in</strong></span> <span class='ocrx_word' id='word_1_167' title='bbox 3191 997 3414 1050; x_wconf 77' lang='lat' dir='ltr'><strong>formam</strong></span> 
     </span>
    </p>
   </div>
   <div class='ocr_carea' id='block_1_27' title="bbox 1846 1083 3416 1155">
    <p class='ocr_par' dir='ltr' id='par_1_27' title="bbox 1846 1083 3416 1155">
     <span class='ocr_line' id='line_1_27' title="bbox 1846 1083 3416 1155; baseline 0.001 -20"><span class='ocrx_word' id='word_1_168' title='bbox 1846 1083 2047 1144; x_wconf 83' lang='lat' dir='ltr'><strong>crucis,</strong></span> <span class='ocrx_word' id='word_1_169' title='bbox 2103 1096 2226 1134; x_wconf 76' lang='lat' dir='ltr'><strong>mox</strong></span> <span class='ocrx_word' id='word_1_170' title='bbox 2285 1083 2525 1152; x_wconf 88' lang='lat' dir='ltr'><strong>corporis</strong></span> <span class='ocrx_word' id='word_1_171' title='bbox 2579 1084 2799 1138; x_wconf 90' lang='lat' dir='ltr'><strong>humani</strong></span> <span class='ocrx_word' id='word_1_172' title='bbox 2827 1089 3061 1152; x_wconf 90' lang='lat' dir='ltr'><strong>speciem</strong></span> <span class='ocrx_word' id='word_1_173' title='bbox 3110 1086 3416 1155; x_wconf 85' lang='lat' dir='ltr'><strong>dissipavit,</strong></span> 
     </span>
    </p>
   </div>
   <div class='ocr_carea' id='block_1_28' title="bbox 1846 1171 3419 1245">
    <p class='ocr_par' dir='ltr' id='par_1_28' title="bbox 1846 1171 3419 1245">
     <span class='ocr_line' id='line_1_28' title="bbox 1846 1171 3419 1245; baseline 0.004 -22"><span class='ocrx_word' id='word_1_174' title='bbox 1846 1171 2220 1225; x_wconf 82' lang='lat' dir='ltr'><strong>transformati</strong></span> <span class='ocrx_word' id='word_1_175' title='bbox 2299 1172 2350 1223; x_wconf 92' lang='lat' dir='ltr'><strong>in</strong></span> <span class='ocrx_word' id='word_1_176' title='bbox 2410 1188 2639 1243; x_wconf 82' lang='lat' dir='ltr'><strong>anguem</strong></span> <span class='ocrx_word' id='word_1_177' title='bbox 2694 1174 2963 1230; x_wconf 75' lang='lat' dir='ltr'><strong>inusitata:</strong></span> <span class='ocrx_word' id='word_1_178' title='bbox 3006 1176 3419 1245; x_wconf 73' lang='lat' dir='ltr'><strong>magnitudinis,</strong></span> 
     </span>
    </p>
   </div>
   <div class='ocr_carea' id='block_1_29' title="bbox 1851 1262 3419 1331">
    <p class='ocr_par' dir='ltr' id='par_1_29' title="bbox 1851 1262 3419 1331">
     <span class='ocr_line' id='line_1_29' title="bbox 1851 1262 3419 1331; baseline 0.004 -16"><span class='ocrx_word' id='word_1_179' title='bbox 1851 1277 2086 1330; x_wconf 73' lang='lat' dir='ltr'><strong>moxque</strong></span> <span class='ocrx_word' id='word_1_180' title='bbox 2136 1263 2187 1315; x_wconf 93' lang='lat' dir='ltr'><strong>in</strong></span> <span class='ocrx_word' id='word_1_181' title='bbox 2244 1262 2464 1317; x_wconf 89' lang='lat' dir='ltr'><strong>domum</strong></span> <span class='ocrx_word' id='word_1_182' title='bbox 2508 1265 2788 1331; x_wconf 79' lang='lat' dir='ltr'><strong>cujusdam</strong></span> <span class='ocrx_word' id='word_1_183' title='bbox 2858 1267 3101 1323; x_wconf 85' lang='lat' dir='ltr'><strong>mulieris</strong></span> <span class='ocrx_word' id='word_1_184' title='bbox 3130 1284 3249 1324; x_wconf 90' lang='lat' dir='ltr'><strong>sese</strong></span> <span class='ocrx_word' id='word_1_185' title='bbox 3278 1271 3419 1323; x_wconf 75' lang='lat' dir='ltr'><strong>int‘e-</strong></span> 
     </span>
    </p>
   </div>
   <div class='ocr_carea' id='block_1_30' title="bbox 1846 1351 3421 1427">
    <p class='ocr_par' dir='ltr' id='par_1_30' title="bbox 1846 1351 3421 1427">
     <span class='ocr_line' id='line_1_30' title="bbox 1846 1351 3421 1427; baseline 0.003 -20"><span class='ocrx_word' id='word_1_186' title='bbox 1846 1353 2037 1407; x_wconf 88' lang='lat' dir='ltr'><strong>rentis.</strong></span> <span class='ocrx_word' id='word_1_187' title='bbox 2093 1351 2288 1406; x_wconf 86' lang='lat' dir='ltr'><strong>Mulier</strong></span> <span class='ocrx_word' id='word_1_188' title='bbox 2348 1370 2476 1409; x_wconf 88' lang='lat' dir='ltr'><strong>vero</strong></span> <span class='ocrx_word' id='word_1_189' title='bbox 2527 1372 2757 1427; x_wconf 89' lang='lat' dir='ltr'><strong>anguem</strong></span> <span class='ocrx_word' id='word_1_190' title='bbox 2808 1351 3279 1427; x_wconf 71' lang='lat' dir='ltr'><strong>conspicata,pr2e</strong></span> <span class='ocrx_word' id='word_1_191' title='bbox 3314 1369 3421 1412; x_wconf 83' lang='lat' dir='ltr'><strong>tre-</strong></span> 
     </span>
    </p>
   </div>
   <div class='ocr_carea' id='block_1_31' title="bbox 1848 1448 3421 1519">
    <p class='ocr_par' dir='ltr' id='par_1_31' title="bbox 1848 1448 3421 1519">
     <span class='ocr_line' id='line_1_31' title="bbox 1848 1448 3421 1519; baseline 0.003 -20"><span class='ocrx_word' id='word_1_192' title='bbox 1848 1459 2002 1499; x_wconf 90' lang='lat' dir='ltr'><strong>more</strong></span> <span class='ocrx_word' id='word_1_193' title='bbox 2070 1459 2126 1498; x_wconf 89' lang='lat' dir='ltr'><strong>se</strong></span> <span class='ocrx_word' id='word_1_194' title='bbox 2168 1457 2320 1499; x_wconf 81' lang='lat' dir='ltr'><strong>extra</strong></span> <span class='ocrx_word' id='word_1_195' title='bbox 2382 1448 2602 1501; x_wconf 86' lang='lat' dir='ltr'><strong>domum</strong></span> <span class='ocrx_word' id='word_1_196' title='bbox 2651 1449 2773 1517; x_wconf 78' lang='lat' dir='ltr'><strong>fuga</strong></span> <span class='ocrx_word' id='word_1_197' title='bbox 2831 1450 3080 1519; x_wconf 83' lang='lat' dir='ltr'><strong>proripit,</strong></span> <span class='ocrx_word' id='word_1_198' title='bbox 3128 1450 3421 1519; x_wconf 79' lang='lat' dir='ltr'><strong>implorans</strong></span> 
     </span>
    </p>
   </div>
   <div class='ocr_carea' id='block_1_32' title="bbox 1852 1534 3416 1606">
    <p class='ocr_par' dir='ltr' id='par_1_32' title="bbox 1852 1534 3416 1606">
     <span class='ocr_line' id='line_1_32' title="bbox 1852 1534 3416 1606; baseline 0.003 -19"><span class='ocrx_word' id='word_1_199' title='bbox 1852 1549 2009 1603; x_wconf 90' lang='lat' dir='ltr'><strong>opem</strong></span> <span class='ocrx_word' id='word_1_200' title='bbox 2037 1534 2361 1601; x_wconf 84' lang='lat' dir='ltr'><strong>vicinorum,</strong></span> <span class='ocrx_word' id='word_1_201' title='bbox 2382 1537 2647 1606; x_wconf 87' lang='lat' dir='ltr'><strong>serpentis</strong></span> <span class='ocrx_word' id='word_1_202' title='bbox 2675 1552 2705 1591; x_wconf 89' lang='lat' dir='ltr'><strong>c</strong></span> <span class='ocrx_word' id='word_1_203' title='bbox 2736 1540 2912 1591; x_wconf 89' lang='lat' dir='ltr'><strong>medio</strong></span> <span class='ocrx_word' id='word_1_204' title='bbox 2963 1539 3181 1593; x_wconf 88' lang='lat' dir='ltr'><strong>tollendi</strong></span> <span class='ocrx_word' id='word_1_205' title='bbox 3212 1554 3374 1592; x_wconf 82' lang='lat' dir='ltr'><strong>causa</strong></span> <span class='ocrx_word' id='word_1_206' title='bbox 3399 1556 3416 1605; x_wconf 86' lang='lat'><strong>;</strong></span> 
     </span>
    </p>
   </div>
   <div class='ocr_carea' id='block_1_33' title="bbox 1846 1626 3421 1700">
    <p class='ocr_par' dir='ltr' id='par_1_33' title="bbox 1846 1626 3421 1700">
     <span class='ocr_line' id='line_1_33' title="bbox 1846 1626 3421 1700; baseline 0.004 -25"><span class='ocrx_word' id='word_1_207' title='bbox 1846 1627 1939 1695; x_wconf 85' lang='lat' dir='ltr'><strong>qui</strong></span> <span class='ocrx_word' id='word_1_208' title='bbox 2002 1642 2122 1680; x_wconf 87' lang='lat' dir='ltr'><strong>cum</strong></span> <span class='ocrx_word' id='word_1_209' title='bbox 2187 1626 2500 1695; x_wconf 81' lang='lat' dir='ltr'><strong>frequentes</strong></span> <span class='ocrx_word' id='word_1_210' title='bbox 2567 1630 2979 1693; x_wconf 80' lang='lat' dir='ltr'><strong>convenissent,</strong></span> <span class='ocrx_word' id='word_1_211' title='bbox 3037 1632 3265 1700; x_wconf 89' lang='lat' dir='ltr'><strong>ingressi</strong></span> <span class='ocrx_word' id='word_1_212' title='bbox 3320 1632 3421 1683; x_wconf 86' lang='lat' dir='ltr'><strong>do-</strong></span> 
     </span>
    </p>
   </div>
   <div class='ocr_carea' id='block_1_34' title="bbox 1851 1716 3421 1786">
    <p class='ocr_par' dir='ltr' id='par_1_34' title="bbox 1851 1716 3421 1786">
     <span class='ocr_line' id='line_1_34' title="bbox 1851 1716 3421 1786; baseline 0.002 -19"><span class='ocrx_word' id='word_1_213' title='bbox 1851 1730 1994 1767; x_wconf 86' lang='lat' dir='ltr'><strong>mum</strong></span> <span class='ocrx_word' id='word_1_214' title='bbox 2036 1755 2051 1779; x_wconf 95' lang='lat'><strong>,</strong></span> <span class='ocrx_word' id='word_1_215' title='bbox 2149 1716 2283 1768; x_wconf 87' lang='lat' dir='ltr'><strong>nihil</strong></span> <span class='ocrx_word' id='word_1_216' title='bbox 2359 1717 2538 1769; x_wconf 83' lang='lat' dir='ltr'><strong>minus</strong></span> <span class='ocrx_word' id='word_1_217' title='bbox 2590 1733 2752 1783; x_wconf 78' lang='lat' dir='ltr'><strong>quam</strong></span> <span class='ocrx_word' id='word_1_218' title='bbox 2812 1726 3116 1786; x_wconf 91' lang='lat' dir='ltr'><strong>serpentem</strong></span> <span class='ocrx_word' id='word_1_219' title='bbox 3182 1719 3421 1786; x_wconf 87' lang='lat' dir='ltr'><strong>reperire</strong></span> 
     </span>
    </p>
   </div>
   <div class='ocr_carea' id='block_1_35' title="bbox 1850 1804 3420 1876">
    <p class='ocr_par' dir='ltr' id='par_1_35' title="bbox 1850 1804 3420 1876">
     <span class='ocr_line' id='line_1_35' title="bbox 1850 1804 3420 1876; baseline 0 -17"><span class='ocrx_word' id='word_1_220' title='bbox 1850 1815 2164 1875; x_wconf 88' lang='lat' dir='ltr'><strong>potuerunt.</strong></span> <span class='ocrx_word' id='word_1_221' title='bbox 2223 1804 2597 1874; x_wconf 83' lang='lat' dir='ltr'><strong>Nequissimus</strong></span> <span class='ocrx_word' id='word_1_222' title='bbox 2674 1823 2909 1876; x_wconf 87' lang='lat' dir='ltr'><strong>namque</strong></span> <span class='ocrx_word' id='word_1_223' title='bbox 2972 1807 3204 1871; x_wconf 68' lang='lat' dir='ltr'><strong>daemon,</strong></span> <span class='ocrx_word' id='word_1_224' title='bbox 3255 1818 3420 1862; x_wconf 76' lang='lat' dir='ltr'><strong>exuta</strong></span> 
     </span>
    </p>
   </div>
   <div class='ocr_carea' id='block_1_36' title="bbox 1780 1892 3423 1969">
    <p class='ocr_par' dir='ltr' id='par_1_36' title="bbox 1780 1892 3423 1969">
     <span class='ocr_line' id='line_1_36' title="bbox 1780 1892 3423 1969; baseline -0.001 -16"><span class='ocrx_word' id='word_1_225' title='bbox 1780 1892 1822 1957; x_wconf 79' lang='grc' dir='ltr'><strong>Β</strong></span> <span class='ocrx_word' id='word_1_226' title='bbox 1852 1898 2063 1953; x_wconf 84' lang='lat' dir='ltr'><strong>colubri</strong></span> <span class='ocrx_word' id='word_1_227' title='bbox 2096 1900 2295 1967; x_wconf 87' lang='lat' dir='ltr'><strong>specie,</strong></span> <span class='ocrx_word' id='word_1_228' title='bbox 2334 1913 2594 1969; x_wconf 83' lang='lat' dir='ltr'><strong>suamque</strong></span> <span class='ocrx_word' id='word_1_229' title='bbox 2636 1901 2687 1954; x_wconf 83' lang='lat' dir='ltr'><strong>in</strong></span> <span class='ocrx_word' id='word_1_230' title='bbox 2714 1909 2960 1954; x_wconf 86' lang='lat' dir='ltr'><strong>naturam</strong></span> <span class='ocrx_word' id='word_1_231' title='bbox 3006 1910 3263 1963; x_wconf 87' lang='lat' dir='ltr'><strong>mutatus,</strong></span> <span class='ocrx_word' id='word_1_232' title='bbox 3298 1901 3423 1953; x_wconf 88' lang='lat' dir='ltr'><strong>inde</strong></span> 
     </span>
    </p>
   </div>
   <div class='ocr_carea' id='block_1_37' title="bbox 1844 1988 2111 2040">
    <p class='ocr_par' dir='ltr' id='par_1_37' title="bbox 1844 1988 2111 2040">
     <span class='ocr_line' id='line_1_37' title="bbox 1844 1988 2111 2040; baseline -0.004 0"><span class='ocrx_word' id='word_1_233' title='bbox 1844 1988 2111 2040; x_wconf 90' lang='lat' dir='ltr'><strong>ahiverat.</strong></span> 
     </span>
    </p>
   </div>
   <div class='ocr_carea' id='block_1_38' title="bbox 1915 2076 3424 2148">
    <p class='ocr_par' dir='ltr' id='par_1_38' title="bbox 1915 2076 3424 2148">
     <span class='ocr_line' id='line_1_38' title="bbox 1915 2076 3424 2148; baseline 0.003 -19"><span class='ocrx_word' id='word_1_234' title='bbox 1915 2076 2009 2130; x_wconf 76' lang='grc'><strong>45.</strong></span> <span class='ocrx_word' id='word_1_235' title='bbox 2048 2076 2265 2130; x_wconf 87' lang='lat' dir='ltr'><strong>Interim</strong></span> <span class='ocrx_word' id='word_1_236' title='bbox 2303 2077 2549 2131; x_wconf 80' lang='lat' dir='ltr'><strong>Andreas</strong></span> <span class='ocrx_word' id='word_1_237' title='bbox 2581 2078 2662 2131; x_wconf 91' lang='lat' dir='ltr'><strong>via</strong></span> <span class='ocrx_word' id='word_1_238' title='bbox 2692 2078 2945 2132; x_wconf 85' lang='lat' dir='ltr'><strong>currebat</strong></span> <span class='ocrx_word' id='word_1_239' title='bbox 2975 2080 3185 2148; x_wconf 87' lang='lat' dir='ltr'><strong>incepta</strong></span> <span class='ocrx_word' id='word_1_240' title='bbox 3217 2096 3232 2132; x_wconf 90' lang='lat'><strong>:</strong></span> <span class='ocrx_word' id='word_1_241' title='bbox 3266 2094 3424 2133; x_wconf 85' lang='lat' dir='ltr'><strong>cum-</strong></span> 
     </span>
    </p>
   </div>
   <div class='ocr_carea' id='block_1_39' title="bbox 172 2168 1751 2244">
    <p class='ocr_par' dir='ltr' id='par_1_39' title="bbox 172 2169 1751 2244">
     <span class='ocr_line' id='line_1_39' title="bbox 172 2169 1751 2244; baseline -0.012 -2"><span class='ocrx_word' id='word_1_242' title='bbox 172 2190 409 2243; x_wconf 81' lang='grc' dir='ltr'>ὲποιείτο</span> <span class='ocrx_word' id='word_1_243' title='bbox 443 2200 458 2215; x_wconf 80' lang='grc'><em>’</em></span> <span class='ocrx_word' id='word_1_244' title='bbox 519 2185 577 2235; x_wconf 80' lang='grc' dir='ltr'>ὲν</span> <span class='ocrx_word' id='word_1_245' title='bbox 631 2180 687 2234; x_wconf 79' lang='grc' dir='ltr'>δὲ</span> <span class='ocrx_word' id='word_1_246' title='bbox 740 2178 818 2244; x_wconf 80' lang='grc' dir='ltr'><strong>τῷ</strong></span> <span class='ocrx_word' id='word_1_247' title='bbox 876 2173 1236 2243; x_wconf 69' lang='grc' dir='ltr'><strong>ὑποστρέφειν</strong></span> <span class='ocrx_word' id='word_1_248' title='bbox 1294 2169 1458 2223; x_wconf 80' lang='grc' dir='ltr'>αὑτὸν</span> <span class='ocrx_word' id='word_1_249' title='bbox 1515 2171 1751 2241; x_wconf 79' lang='grc' dir='ltr'><strong>μετρίοις</strong></span> 
     </span>
    </p>
   </div>
   <div class='ocr_carea' id='block_1_40' title="bbox 1840 2168 3419 2244">
    <p class='ocr_par' dir='ltr' id='par_1_40' title="bbox 1843 2168 3419 2240">
     <span class='ocr_line' id='line_1_40' title="bbox 1843 2168 3419 2240; baseline 0.003 -19"><span class='ocrx_word' id='word_1_250' title='bbox 1843 2182 1949 2236; x_wconf 86' lang='lat' dir='ltr'><strong>que</strong></span> <span class='ocrx_word' id='word_1_251' title='bbox 1999 2177 2375 2231; x_wconf 87' lang='lat' dir='ltr'><strong>reverteretur,</strong></span> <span class='ocrx_word' id='word_1_252' title='bbox 2427 2168 2771 2223; x_wconf 88' lang='lat' dir='ltr'><strong>illusionibns</strong></span> <span class='ocrx_word' id='word_1_253' title='bbox 2826 2170 2940 2224; x_wconf 83' lang='lat' dir='ltr'><strong>suis</strong></span> <span class='ocrx_word' id='word_1_254' title='bbox 2996 2186 3215 2240; x_wconf 82' lang='lat' dir='ltr'><strong>operam</strong></span> <span class='ocrx_word' id='word_1_255' title='bbox 3256 2172 3419 2235; x_wconf 90' lang='lat' dir='ltr'><strong>dans,</strong></span> 
     </span>
    </p>
   </div>
   <div class='ocr_carea' id='block_1_41' title="bbox 180 2264 1740 2336">
    <p class='ocr_par' dir='ltr' id='par_1_41' title="bbox 180 2264 1740 2336">
     <span class='ocr_line' id='line_1_41' title="bbox 180 2264 1740 2336; baseline -0.002 -16"><span class='ocrx_word' id='word_1_256' title='bbox 180 2268 457 2335; x_wconf 80' lang='grc' dir='ltr'>παιγνίοις</span> <span class='ocrx_word' id='word_1_257' title='bbox 490 2266 770 2335; x_wconf 79' lang='grc' dir='ltr'>χρώμενος</span> <span class='ocrx_word' id='word_1_258' title='bbox 795 2306 809 2328; x_wconf 95' lang='grc'><strong>,</strong></span> <span class='ocrx_word' id='word_1_259' title='bbox 839 2266 1071 2334; x_wconf 81' lang='grc' dir='ltr'>συναντᾷ</span> <span class='ocrx_word' id='word_1_260' title='bbox 1121 2265 1197 2334; x_wconf 82' lang='grc' dir='ltr'><strong>τῷ</strong></span> <span class='ocrx_word' id='word_1_261' title='bbox 1231 2264 1498 2333; x_wconf 80' lang='grc' dir='ltr'>καλλίστῳ</span> <span class='ocrx_word' id='word_1_262' title='bbox 1555 2267 1740 2336; x_wconf 76' lang='grc' dir='ltr'>νεανίᾳ</span> 
     </span>
    </p>
   </div>
   <div class='ocr_carea' id='block_1_42' title="bbox 170 2352 1740 2428">
    <p class='ocr_par' dir='ltr' id='par_1_42' title="bbox 170 2352 1740 2428">
     <span class='ocr_line' id='line_1_42' title="bbox 170 2352 1740 2428; baseline 0.001 -19"><span class='ocrx_word' id='word_1_263' title='bbox 170 2358 369 2424; x_wconf 69' lang='grc' dir='ltr'>ἐκείνῳ</span> <span class='ocrx_word' id='word_1_264' title='bbox 397 2357 476 2427; x_wconf 83' lang='grc' dir='ltr'><strong>τῷ</strong></span> <span class='ocrx_word' id='word_1_265' title='bbox 514 2358 830 2426; x_wconf 84' lang='grc' dir='ltr'>Ἑπιφανίῳ,</span> <span class='ocrx_word' id='word_1_266' title='bbox 866 2358 997 2425; x_wconf 77' lang='grc' dir='ltr'>περὶ</span> <span class='ocrx_word' id='word_1_267' title='bbox 1019 2352 1079 2411; x_wconf 75' lang='grc' dir='ltr'>οὗ</span> <span class='ocrx_word' id='word_1_268' title='bbox 1118 2358 1373 2427; x_wconf 79' lang='grc' dir='ltr'>ἀνωτέρω</span> <span class='ocrx_word' id='word_1_269' title='bbox 1424 2361 1455 2428; x_wconf 80' lang='grc' dir='ltr'>ἡ</span> <span class='ocrx_word' id='word_1_270' title='bbox 1489 2359 1740 2427; x_wconf 82' lang='grc' dir='ltr'><strong>διήγησις</strong></span> 
     </span>
    </p>
   </div>
   <div class='ocr_carea' id='block_1_43' title="bbox 172 2444 1739 2518">
    <p class='ocr_par' dir='ltr' id='par_1_43' title="bbox 172 2444 1739 2518">
     <span class='ocr_line' id='line_1_43' title="bbox 172 2444 1739 2518; baseline 0.001 -19"><span class='ocrx_word' id='word_1_271' title='bbox 172 2450 437 2516; x_wconf 77' lang='grc' dir='ltr'>γέγονεν’</span> <span class='ocrx_word' id='word_1_272' title='bbox 469 2444 535 2518; x_wconf 83' lang='grc' dir='ltr'>ἦν</span> <span class='ocrx_word' id='word_1_273' title='bbox 563 2448 621 2500; x_wconf 79' lang='grc' dir='ltr'>δὲ</span> <span class='ocrx_word' id='word_1_274' title='bbox 665 2451 693 2501; x_wconf 91' lang='lat'><strong>6</strong></span> <span class='ocrx_word' id='word_1_275' title='bbox 726 2450 852 2508; x_wconf 86' lang='grc' dir='ltr'>παῖς</span> <span class='ocrx_word' id='word_1_276' title='bbox 908 2448 1311 2516; x_wconf 81' lang='grc' dir='ltr'>τεταραγμένος</span> <span class='ocrx_word' id='word_1_277' title='bbox 1372 2447 1431 2512; x_wconf 74' lang='grc' dir='ltr'><strong>ἐξ</strong></span> <span class='ocrx_word' id='word_1_278' title='bbox 1479 2448 1739 2518; x_wconf 79' lang='grc' dir='ltr'>ἐπηρείας</span> 
     </span>
    </p>
   </div>
   <div class='ocr_carea' id='block_1_44' title="bbox 171 2538 1735 2609">
    <p class='ocr_par' dir='ltr' id='par_1_44' title="bbox 171 2538 1735 2609">
     <span class='ocr_line' id='line_1_44' title="bbox 171 2538 1735 2609; baseline 0 -19"><span class='ocrx_word' id='word_1_279' title='bbox 171 2538 266 2590; x_wconf 81' lang='grc' dir='ltr'>τοῦ</span> <span class='ocrx_word' id='word_1_280' title='bbox 328 2538 616 2591; x_wconf 87' lang='grc' dir='ltr'>διαϐόλου·</span> <span class='ocrx_word' id='word_1_281' title='bbox 668 2538 728 2590; x_wconf 86' lang='grc' dir='ltr'><strong>δν</strong></span> <span class='ocrx_word' id='word_1_282' title='bbox 786 2539 1170 2607; x_wconf 76' lang='grc' dir='ltr'>ἀσπασάμενος</span> <span class='ocrx_word' id='word_1_283' title='bbox 1232 2541 1261 2592; x_wconf 88' lang='lat'><strong>6</strong></span> <span class='ocrx_word' id='word_1_284' title='bbox 1309 2540 1515 2603; x_wconf 76' lang='grc' dir='ltr'>ὐσιος,</span> <span class='ocrx_word' id='word_1_285' title='bbox 1567 2538 1735 2609; x_wconf 85' lang='grc' dir='ltr'>φησί·</span> 
     </span>
    </p>
   </div>
   <div class='ocr_carea' id='block_1_45' title="bbox 170 2626 1740 2699">
    <p class='ocr_par' dir='ltr' id='par_1_45' title="bbox 170 2626 1740 2699">
     <span class='ocr_line' id='line_1_45' title="bbox 170 2626 1740 2699; baseline -0.001 -16"><span class='ocrx_word' id='word_1_286' title='bbox 170 2630 263 2697; x_wconf 79' lang='grc' dir='ltr'><strong>Μὴ</strong></span> <span class='ocrx_word' id='word_1_287' title='bbox 290 2626 482 2696; x_wconf 77' lang='grc' dir='ltr'>φοϐοῦ.</span> <span class='ocrx_word' id='word_1_288' title='bbox 518 2626 1011 2698; x_wconf 75' lang='grc' dir='ltr'>Χειροκρατοῦντες</span> <span class='ocrx_word' id='word_1_289' title='bbox 1054 2629 1109 2681; x_wconf 82' lang='grc' dir='ltr'>δὲ</span> <span class='ocrx_word' id='word_1_290' title='bbox 1145 2628 1412 2693; x_wconf 72' lang='grc' dir='ltr'>ἐϐάδιζον,</span> <span class='ocrx_word' id='word_1_291' title='bbox 1454 2629 1740 2699; x_wconf 75' lang='grc' dir='ltr'>ζητοῦντες</span> 
     </span>
    </p>
   </div>
   <div class='ocr_carea' id='block_1_46' title="bbox 172 2718 1739 2787">
    <p class='ocr_par' dir='ltr' id='par_1_46' title="bbox 172 2718 1739 2787">
     <span class='ocr_line' id='line_1_46' title="bbox 172 2718 1739 2787; baseline 0 -16"><span class='ocrx_word' id='word_1_292' title='bbox 172 2719 339 2771; x_wconf 70' lang='grc' dir='ltr'>τόπον</span> <span class='ocrx_word' id='word_1_293' title='bbox 373 2718 575 2787; x_wconf 68' lang='grc' dir='ltr'>ἥσυχον</span> <span class='ocrx_word' id='word_1_294' title='bbox 601 2718 695 2771; x_wconf 81' lang='grc' dir='ltr'>τοῦ</span> <span class='ocrx_word' id='word_1_295' title='bbox 731 2718 1082 2782; x_wconf 81' lang='grc' dir='ltr'>καθεσθῆναι.</span> <span class='ocrx_word' id='word_1_296' title='bbox 1101 2719 1423 2771; x_wconf 84' lang='grc' dir='ltr'>Ὀδευόντων</span> <span class='ocrx_word' id='word_1_297' title='bbox 1455 2720 1511 2772; x_wconf 76' lang='grc' dir='ltr'>δὲ</span> <span class='ocrx_word' id='word_1_298' title='bbox 1536 2721 1739 2785; x_wconf 78' lang='grc' dir='ltr'>αὐτῶν,</span> 
     </span>
    </p>
   </div>
   <div class='ocr_carea' id='block_1_47' title="bbox 174 2810 1742 2884">
    <p class='ocr_par' dir='ltr' id='par_1_47' title="bbox 174 2810 1742 2884">
     <span class='ocr_line' id='line_1_47' title="bbox 174 2810 1742 2884; baseline 0.002 -21"><span class='ocrx_word' id='word_1_299' title='bbox 174 2813 277 2882; x_wconf 72' lang='grc' dir='ltr'>ἔφη</span> <span class='ocrx_word' id='word_1_300' title='bbox 299 2813 330 2864; x_wconf 90' lang='lat'><strong>6</strong></span> <span class='ocrx_word' id='word_1_301' title='bbox 358 2812 578 2873; x_wconf 81' lang='grc' dir='ltr'>Δίκαιος</span> <span class='ocrx_word' id='word_1_302' title='bbox 612 2810 689 2879; x_wconf 84' lang='grc' dir='ltr'>τῷ</span> <span class='ocrx_word' id='word_1_303' title='bbox 724 2810 1046 2879; x_wconf 84' lang='grc' dir='ltr'>Ἐπιφανίῳ·</span> <span class='ocrx_word' id='word_1_304' title='bbox 1092 2810 1224 2864; x_wconf 78' lang='grc' dir='ltr'>Ἰδοὺ</span> <span class='ocrx_word' id='word_1_305' title='bbox 1262 2811 1323 2863; x_wconf 77' lang='grc' dir='ltr'>τὸ</span> <span class='ocrx_word' id='word_1_306' title='bbox 1352 2812 1742 2884; x_wconf 79' lang='grc' dir='ltr'>διεφθαρμένον</span> 
     </span>
    </p>
   </div>
   <div class='ocr_carea' id='block_1_48' title="bbox 171 2901 1745 2971">
    <p class='ocr_par' dir='ltr' id='par_1_48' title="bbox 171 2901 1745 2971">
     <span class='ocr_line' id='line_1_48' title="bbox 171 2901 1745 2971; baseline 0.001 -16"><span class='ocrx_word' id='word_1_307' title='bbox 171 2903 481 2971; x_wconf 84' lang='grc' dir='ltr'>δαιμόνιον,</span> <span class='ocrx_word' id='word_1_308' title='bbox 512 2903 642 2955; x_wconf 82' lang='grc' dir='ltr'>ὅταν</span> <span class='ocrx_word' id='word_1_309' title='bbox 694 2901 822 2971; x_wconf 79' lang='grc' dir='ltr'>θέλῃ</span> <span class='ocrx_word' id='word_1_310' title='bbox 867 2903 1013 2954; x_wconf 83' lang='grc' dir='ltr'>ποιεῖ</span> <span class='ocrx_word' id='word_1_311' title='bbox 1042 2902 1203 2955; x_wconf 70' lang='grc' dir='ltr'>αὑτὸν</span> <span class='ocrx_word' id='word_1_312' title='bbox 1240 2902 1435 2971; x_wconf 83' lang='grc' dir='ltr'>γραῦν,</span> <span class='ocrx_word' id='word_1_313' title='bbox 1476 2906 1569 2956; x_wconf 69' lang='grc' dir='ltr'>καὶ</span> <span class='ocrx_word' id='word_1_314' title='bbox 1617 2906 1745 2956; x_wconf 81' lang='grc' dir='ltr'>ὅταν</span> 
     </span>
    </p>
   </div>
   <div class='ocr_carea' id='block_1_49' title="bbox 173 2991 1744 3063">
    <p class='ocr_par' dir='ltr' id='par_1_49' title="bbox 173 2991 1744 3063">
     <span class='ocr_line' id='line_1_49' title="bbox 173 2991 1744 3063; baseline 0.001 -19"><span class='ocrx_word' id='word_1_315' title='bbox 173 2993 303 3063; x_wconf 81' lang='grc' dir='ltr'>θέλῃ</span> <span class='ocrx_word' id='word_1_316' title='bbox 338 2994 488 3044; x_wconf 86' lang='grc' dir='ltr'>ποιεῖ</span> <span class='ocrx_word' id='word_1_317' title='bbox 510 2991 672 3044; x_wconf 74' lang='grc' dir='ltr'>αὑτὸν</span> <span class='ocrx_word' id='word_1_318' title='bbox 709 2991 1028 3060; x_wconf 70' lang='grc' dir='ltr'>’Δγαρηνὸν,</span> <span class='ocrx_word' id='word_1_319' title='bbox 1066 2992 1253 3061; x_wconf 81' lang='grc' dir='ltr'>σχῆμα</span> <span class='ocrx_word' id='word_1_320' title='bbox 1276 2993 1414 3061; x_wconf 78' lang='grc' dir='ltr'>ἔχων</span> <span class='ocrx_word' id='word_1_321' title='bbox 1458 2993 1744 3062; x_wconf 74' lang='grc' dir='ltr'>ἐνδεδυμέ-</span> 
     </span>
    </p>
   </div>
   <div class='ocr_carea' id='block_1_50' title="bbox 174 3082 1742 3154">
    <p class='ocr_par' dir='ltr' id='par_1_50' title="bbox 174 3082 1742 3154">
     <span class='ocr_line' id='line_1_50' title="bbox 174 3082 1742 3154; baseline -0.002 -17"><span class='ocrx_word' id='word_1_322' title='bbox 174 3102 262 3146; x_wconf 89' lang='grc' dir='ltr'><strong>νος</strong></span> <span class='ocrx_word' id='word_1_323' title='bbox 307 3082 477 3153; x_wconf 80' lang='grc' dir='ltr'>μὲλαν</span> <span class='ocrx_word' id='word_1_324' title='bbox 529 3084 765 3151; x_wconf 78' lang='grc' dir='ltr'>ἱμάτιον,</span> <span class='ocrx_word' id='word_1_325' title='bbox 827 3086 922 3135; x_wconf 72' lang='grc' dir='ltr'>καὶ</span> <span class='ocrx_word' id='word_1_326' title='bbox 986 3086 1220 3154; x_wconf 81' lang='grc' dir='ltr'>συναντᾷ</span> <span class='ocrx_word' id='word_1_327' title='bbox 1248 3085 1325 3153; x_wconf 81' lang='grc' dir='ltr'>τῷ</span> <span class='ocrx_word' id='word_1_328' title='bbox 1355 3085 1593 3153; x_wconf 78' lang='grc' dir='ltr'>φιλτάτῳ</span> <span class='ocrx_word' id='word_1_329' title='bbox 1642 3102 1742 3152; x_wconf 84' lang='grc' dir='ltr'><strong>μου</strong></span> 
     </span>
    </p>
   </div>
   <div class='ocr_carea' id='block_1_51' title="bbox 175 3173 1744 3243">
    <p class='ocr_par' dir='ltr' id='par_1_51' title="bbox 175 3173 1744 3243">
     <span class='ocr_line' id='line_1_51' title="bbox 175 3173 1744 3243; baseline 0.001 -18"><span class='ocrx_word' id='word_1_330' title='bbox 175 3174 376 3242; x_wconf 80' lang='grc' dir='ltr'>τέκνῳ,</span> <span class='ocrx_word' id='word_1_331' title='bbox 403 3173 759 3242; x_wconf 77' lang='grc' dir='ltr'>ἐπιπλήσσων</span> <span class='ocrx_word' id='word_1_332' title='bbox 788 3174 882 3227; x_wconf 72' lang='grc' dir='ltr'><strong>καὶ</strong></span> <span class='ocrx_word' id='word_1_333' title='bbox 914 3175 1303 3243; x_wconf 74' lang='grc' dir='ltr'>ἀπειλούμενος</span> <span class='ocrx_word' id='word_1_334' title='bbox 1355 3174 1520 3241; x_wconf 78' lang='grc' dir='ltr'>αὐτῷ.</span> <span class='ocrx_word' id='word_1_335' title='bbox 1559 3174 1744 3227; x_wconf 77' lang='grc' dir='ltr'>Ταῦτα</span> 
     </span>
    </p>
   </div>
   <div class='ocr_carea' id='block_1_52' title="bbox 185 3354 1745 3425">
    <p class='ocr_par' dir='ltr' id='par_1_52' title="bbox 185 3354 1745 3425">
     <span class='ocr_line' id='line_1_52' title="bbox 185 3354 1745 3425; baseline -0.001 -18"><span class='ocrx_word' id='word_1_336' title='bbox 185 3354 427 3425; x_wconf 81' lang='grc' dir='ltr'>πονηρὸς</span> <span class='ocrx_word' id='word_1_337' title='bbox 479 3354 748 3418; x_wconf 89' lang='grc' dir='ltr'>διάϐολος,</span> <span class='ocrx_word' id='word_1_338' title='bbox 782 3358 811 3407; x_wconf 82' lang='lat'><strong>6</strong></span> <span class='ocrx_word' id='word_1_339' title='bbox 844 3356 929 3407; x_wconf 76' lang='grc' dir='ltr'><strong>ἀεὶ</strong></span> <span class='ocrx_word' id='word_1_340' title='bbox 973 3354 1227 3422; x_wconf 80' lang='grc' dir='ltr'>πολεμῶν</span> <span class='ocrx_word' id='word_1_341' title='bbox 1252 3355 1309 3406; x_wconf 80' lang='grc' dir='ltr'>τὸ</span> <span class='ocrx_word' id='word_1_342' title='bbox 1332 3357 1484 3421; x_wconf 85' lang='grc' dir='ltr'>γένος</span> <span class='ocrx_word' id='word_1_343' title='bbox 1511 3354 1617 3406; x_wconf 83' lang='grc' dir='ltr'><strong>τῶν</strong></span> <span class='ocrx_word' id='word_1_344' title='bbox 1652 3356 1745 3407; x_wconf 81' lang='grc' dir='ltr'>άν-</span> 
     </span>
    </p>
   </div>
   <div class='ocr_carea' id='block_1_53' title="bbox 176 3441 1747 3515">
    <p class='ocr_par' dir='ltr' id='par_1_53' title="bbox 176 3441 1747 3515">
     <span class='ocr_line' id='line_1_53' title="bbox 176 3441 1747 3515; baseline -0.004 -18"><span class='ocrx_word' id='word_1_345' title='bbox 176 3444 437 3515; x_wconf 85' lang='grc' dir='ltr'>θρώπων,</span> <span class='ocrx_word' id='word_1_346' title='bbox 470 3446 528 3496; x_wconf 75' lang='grc' dir='ltr'>ἑν</span> <span class='ocrx_word' id='word_1_347' title='bbox 561 3445 800 3511; x_wconf 82' lang='grc' dir='ltr'>σχήματι</span> <span class='ocrx_word' id='word_1_348' title='bbox 867 3441 1202 3511; x_wconf 76' lang='grc' dir='ltr'>Ἰσραηλίτου</span> <span class='ocrx_word' id='word_1_349' title='bbox 1270 3442 1513 3510; x_wconf 76' lang='grc' dir='ltr'>ἐμπόρου</span> <span class='ocrx_word' id='word_1_350' title='bbox 1556 3457 1747 3491; x_wconf 90' lang='grc' dir='ltr'>συναν-</span> 
     </span>
    </p>
   </div>
   <div class='ocr_carea' id='block_1_54' title="bbox 175 3530 1752 3605">
    <p class='ocr_par' dir='ltr' id='par_1_54' title="bbox 175 3530 1752 3605">
     <span class='ocr_line' id='line_1_54' title="bbox 175 3530 1752 3605; baseline -0.006 -15"><span class='ocrx_word' id='word_1_351' title='bbox 175 3539 350 3605; x_wconf 76' lang='grc' dir='ltr'>τήσας</span> <span class='ocrx_word' id='word_1_352' title='bbox 390 3536 539 3603; x_wconf 81' lang='grc' dir='ltr'>αὐτῷ</span> <span class='ocrx_word' id='word_1_353' title='bbox 594 3536 689 3587; x_wconf 69' lang='grc' dir='ltr'>καὶ</span> <span class='ocrx_word' id='word_1_354' title='bbox 715 3534 783 3586; x_wconf 77' lang='grc' dir='ltr'><strong>τὰ</strong></span> <span class='ocrx_word' id='word_1_355' title='bbox 812 3532 1017 3600; x_wconf 74' lang='grc' dir='ltr'>ἔσχατα</span> <span class='ocrx_word' id='word_1_356' title='bbox 1064 3530 1524 3599; x_wconf 78' lang='grc' dir='ltr'>ἀπειλησάμενος.</span> <span class='ocrx_word' id='word_1_357' title='bbox 1574 3530 1752 3599; x_wconf 83' lang='grc' dir='ltr'><strong>ὐρῶν</strong></span> 
     </span>
    </p>
   </div>
   <div class='ocr_carea' id='block_1_55' title="bbox 176 3618 1751 3696">
    <p class='ocr_par' dir='ltr' id='par_1_55' title="bbox 176 3618 1751 3696">
     <span class='ocr_line' id='line_1_55' title="bbox 176 3618 1751 3696; baseline -0.004 -19"><span class='ocrx_word' id='word_1_358' title='bbox 176 3630 288 3696; x_wconf 65' lang='grc' dir='ltr'>γὰρ</span> <span class='ocrx_word' id='word_1_359' title='bbox 312 3625 411 3693; x_wconf 80' lang='grc' dir='ltr'>τὴν</span> <span class='ocrx_word' id='word_1_360' title='bbox 444 3626 698 3692; x_wconf 75' lang='grc' dir='ltr'>ἐνάρετον</span> <span class='ocrx_word' id='word_1_361' title='bbox 728 3621 823 3675; x_wconf 83' lang='grc' dir='ltr'><strong>τοῦ</strong></span> <span class='ocrx_word' id='word_1_362' title='bbox 849 3620 1037 3683; x_wconf 81' lang='grc' dir='ltr'>παιδὸς</span> <span class='ocrx_word' id='word_1_363' title='bbox 1078 3619 1353 3672; x_wconf 84' lang='grc' dir='ltr'>πολιτείαν</span> <span class='ocrx_word' id='word_1_364' title='bbox 1375 3619 1467 3671; x_wconf 82' lang='grc' dir='ltr'>καὶ</span> <span class='ocrx_word' id='word_1_365' title='bbox 1495 3618 1751 3688; x_wconf 77' lang='grc' dir='ltr'>τὴνκατὰ</span> 
     </span>
    </p>
   </div>
   <div class='ocr_carea' id='block_1_56' title="bbox 179 3710 1748 3782">
    <p class='ocr_par' dir='ltr' id='par_1_56' title="bbox 179 3710 1748 3782">
     <span class='ocr_line' id='line_1_56' title="bbox 179 3710 1748 3782; baseline -0.005 -14"><span class='ocrx_word' id='word_1_366' title='bbox 179 3715 416 3782; x_wconf 75' lang='grc' dir='ltr'>δύναμιν</span> <span class='ocrx_word' id='word_1_367' title='bbox 462 3715 643 3782; x_wconf 80' lang='grc' dir='ltr'>πάλην</span> <span class='ocrx_word' id='word_1_368' title='bbox 698 3712 798 3781; x_wconf 79' lang='grc' dir='ltr'>τὴν</span> <span class='ocrx_word' id='word_1_369' title='bbox 822 3715 881 3764; x_wconf 73' lang='grc' dir='ltr'>ἐν</span> <span class='ocrx_word' id='word_1_370' title='bbox 910 3715 1030 3773; x_wconf 76' lang='grc' dir='ltr'>ταῖς</span> <span class='ocrx_word' id='word_1_371' title='bbox 1066 3711 1163 3779; x_wconf 81' lang='grc' dir='ltr'>τῆς</span> <span class='ocrx_word' id='word_1_372' title='bbox 1202 3710 1403 3779; x_wconf 73' lang='grc' dir='ltr'>σαρκὸς</span> <span class='ocrx_word' id='word_1_373' title='bbox 1433 3710 1748 3778; x_wconf 76' lang='grc' dir='ltr'>ἐπιθυμίαις</span> 
     </span>
    </p>
   </div>
   <div class='ocr_carea' id='block_1_57' title="bbox 179 3798 1751 3868">
    <p class='ocr_par' dir='ltr' id='par_1_57' title="bbox 179 3798 1751 3868">
     <span class='ocr_line' id='line_1_57' title="bbox 179 3798 1751 3868; baseline -0.004 -11"><span class='ocrx_word' id='word_1_374' title='bbox 179 3805 339 3857; x_wconf 71' lang='grc' dir='ltr'>οὔπω</span> <span class='ocrx_word' id='word_1_375' title='bbox 360 3806 669 3865; x_wconf 85' lang='grc' dir='ltr'>διανύοντος</span> <span class='ocrx_word' id='word_1_376' title='bbox 698 3801 862 3855; x_wconf 76' lang='grc' dir='ltr'>αὐτοῦ</span> <span class='ocrx_word' id='word_1_377' title='bbox 894 3799 1432 3867; x_wconf 84' lang='grc' dir='ltr'>όκτωδεκαιδεκαετῆ</span> <span class='ocrx_word' id='word_1_378' title='bbox 1458 3799 1668 3868; x_wconf 81' lang='grc' dir='ltr'>χρόνον,</span> <span class='ocrx_word' id='word_1_379' title='bbox 1693 3798 1751 3850; x_wconf 77' lang='grc' dir='ltr'>ὲν</span> 
     </span>
    </p>
   </div>
   <div class='ocr_carea' id='block_1_58' title="bbox 182 3888 1753 3964">
    <p class='ocr_par' dir='ltr' id='par_1_58' title="bbox 182 3888 1753 3964">
     <span class='ocr_line' id='line_1_58' title="bbox 182 3888 1753 3964; baseline -0.006 -17"><span class='ocrx_word' id='word_1_380' title='bbox 182 3891 226 3964; x_wconf 79' lang='grc' dir='ltr'>ᾧ</span> <span class='ocrx_word' id='word_1_381' title='bbox 258 3894 463 3964; x_wconf 78' lang='grc' dir='ltr'>μᾶλλον</span> <span class='ocrx_word' id='word_1_382' title='bbox 491 3893 683 3963; x_wconf 72' lang='grc' dir='ltr'>βράξει</span> <span class='ocrx_word' id='word_1_383' title='bbox 714 3893 924 3960; x_wconf 83' lang='grc' dir='ltr'>νεότης,</span> <span class='ocrx_word' id='word_1_384' title='bbox 955 3889 1095 3941; x_wconf 70' lang='grc' dir='ltr'>οὕτω</span> <span class='ocrx_word' id='word_1_385' title='bbox 1149 3888 1457 3958; x_wconf 77' lang='grc' dir='ltr'>θεαρέστως</span> <span class='ocrx_word' id='word_1_386' title='bbox 1491 3888 1753 3955; x_wconf 84' lang='grc' dir='ltr'>ἀναστρε-</span> 
     </span>
    </p>
   </div>
   <div class='ocr_carea' id='block_1_59' title="bbox 180 3977 1750 4055">
    <p class='ocr_par' dir='ltr' id='par_1_59' title="bbox 180 3977 1750 4055">
     <span class='ocr_line' id='line_1_59' title="bbox 180 3977 1750 4055; baseline -0.006 -16"><span class='ocrx_word' id='word_1_387' title='bbox 180 3988 448 4055; x_wconf 78' lang='grc' dir='ltr'>φομένου,</span> <span class='ocrx_word' id='word_1_388' title='bbox 481 3984 675 4053; x_wconf 74' lang='grc' dir='ltr'>ἔϐρυξε</span> <span class='ocrx_word' id='word_1_389' title='bbox 726 3987 844 4036; x_wconf 78' lang='grc' dir='ltr'>κατ’</span> <span class='ocrx_word' id='word_1_390' title='bbox 885 3981 1072 4035; x_wconf 74' lang='grc' dir='ltr'>αὐτοῦ.</span> <span class='ocrx_word' id='word_1_391' title='bbox 1110 3977 1219 4033; x_wconf 82' lang='grc' dir='ltr'>Ἦν</span> <span class='ocrx_word' id='word_1_392' title='bbox 1276 3981 1384 4048; x_wconf 77' lang='grc' dir='ltr'><strong>γὰρ</strong></span> <span class='ocrx_word' id='word_1_393' title='bbox 1420 3982 1446 4030; x_wconf 93' lang='lat'><strong>6</strong></span> <span class='ocrx_word' id='word_1_394' title='bbox 1498 3981 1646 4042; x_wconf 78' lang='grc' dir='ltr'>παῖς,</span> <span class='ocrx_word' id='word_1_395' title='bbox 1675 3980 1750 4038; x_wconf 82' lang='grc' dir='ltr'>ὡς</span> 
     </span>
    </p>
   </div>
   <div class='ocr_carea' id='block_1_60' title="bbox 180 4069 1746 4149">
    <p class='ocr_par' dir='ltr' id='par_1_60' title="bbox 180 4069 1746 4149">
     <span class='ocr_line' id='line_1_60' title="bbox 180 4069 1746 4149; baseline -0.009 -15"><span class='ocrx_word' id='word_1_396' title='bbox 180 4078 399 4149; x_wconf 79' lang='grc' dir='ltr'>ἀληθῶς</span> <span class='ocrx_word' id='word_1_397' title='bbox 418 4078 552 4147; x_wconf 76' lang='lat'><strong>(60),</strong></span> <span class='ocrx_word' id='word_1_398' title='bbox 581 4076 781 4145; x_wconf 73' lang='grc' dir='ltr'>ὡραῖος</span> <span class='ocrx_word' id='word_1_399' title='bbox 804 4073 881 4143; x_wconf 82' lang='grc' dir='ltr'>τῷ</span> <span class='ocrx_word' id='word_1_400' title='bbox 915 4072 1066 4134; x_wconf 79' lang='grc' dir='ltr'>εἴδει,</span> <span class='ocrx_word' id='word_1_401' title='bbox 1110 4072 1311 4138; x_wconf 67' lang='grc' dir='ltr'>γλυκὺς</span> <span class='ocrx_word' id='word_1_402' title='bbox 1343 4070 1442 4139; x_wconf 81' lang='grc' dir='ltr'><strong>την</strong></span> <span class='ocrx_word' id='word_1_403' title='bbox 1471 4069 1623 4135; x_wconf 85' lang='grc' dir='ltr'>αἰδῶ,</span> <span class='ocrx_word' id='word_1_404' title='bbox 1656 4070 1746 4121; x_wconf 67' lang='grc' dir='ltr'><strong>εὖ·</strong></span> 
     </span>
    </p>
   </div>
   <div class='ocr_carea' id='block_1_61' title="bbox 182 4160 1750 4237">
    <p class='ocr_par' dir='ltr' id='par_1_61' title="bbox 182 4160 1750 4237">
     <span class='ocr_line' id='line_1_61' title="bbox 182 4160 1750 4237; baseline -0.006 -17"><span class='ocrx_word' id='word_1_405' title='bbox 182 4170 327 4237; x_wconf 73' lang='grc' dir='ltr'>φυὴς</span> <span class='ocrx_word' id='word_1_406' title='bbox 354 4170 446 4220; x_wconf 76' lang='grc' dir='ltr'>καὶ</span> <span class='ocrx_word' id='word_1_407' title='bbox 491 4166 789 4235; x_wconf 76' lang='grc' dir='ltr'>προσηνὴς,</span> <span class='ocrx_word' id='word_1_408' title='bbox 823 4165 918 4216; x_wconf 77' lang='grc' dir='ltr'>καὶ</span> <span class='ocrx_word' id='word_1_409' title='bbox 952 4163 1275 4232; x_wconf 86' lang='grc' dir='ltr'>πραότατος,</span> <span class='ocrx_word' id='word_1_410' title='bbox 1334 4160 1655 4230; x_wconf 79' lang='grc' dir='ltr'>μελίρῤυτος</span> <span class='ocrx_word' id='word_1_411' title='bbox 1684 4163 1750 4228; x_wconf 76' lang='grc' dir='ltr'>τῇ</span> 
     </span>
    </p>
   </div>
   <div class='ocr_carea' id='block_1_62' title="bbox 180 4251 1752 4324">
    <p class='ocr_par' dir='ltr' id='par_1_62' title="bbox 180 4251 1752 4324">
     <span class='ocr_line' id='line_1_62' title="bbox 180 4251 1752 4324; baseline -0.003 -17"><span class='ocrx_word' id='word_1_412' title='bbox 180 4255 391 4324; x_wconf 76' lang='grc' dir='ltr'>ὁμιλίᾳ,</span> <span class='ocrx_word' id='word_1_413' title='bbox 449 4253 750 4323; x_wconf 78' lang='grc' dir='ltr'>μειδιῶσαν</span> <span class='ocrx_word' id='word_1_414' title='bbox 818 4252 956 4322; x_wconf 75' lang='grc' dir='ltr'>ἔχων</span> <span class='ocrx_word' id='word_1_415' title='bbox 984 4252 1080 4322; x_wconf 80' lang='grc' dir='ltr'>τὴν</span> <span class='ocrx_word' id='word_1_416' title='bbox 1109 4255 1317 4322; x_wconf 81' lang='grc' dir='ltr'>ὅρασιν,</span> <span class='ocrx_word' id='word_1_417' title='bbox 1380 4254 1473 4304; x_wconf 78' lang='grc' dir='ltr'>καὶ</span> <span class='ocrx_word' id='word_1_418' title='bbox 1504 4251 1668 4314; x_wconf 83' lang='grc' dir='ltr'>πολὺς</span> <span class='ocrx_word' id='word_1_419' title='bbox 1694 4253 1752 4303; x_wconf 79' lang='grc' dir='ltr'>ἐν</span> 
     </span>
    </p>
   </div>
   <div class='ocr_carea' id='block_1_63' title="bbox 181 4342 1752 4413">
    <p class='ocr_par' dir='ltr' id='par_1_63' title="bbox 181 4342 1752 4413">
     <span class='ocr_line' id='line_1_63' title="bbox 181 4342 1752 4413; baseline -0.004 -15"><span class='ocrx_word' id='word_1_420' title='bbox 181 4348 305 4408; x_wconf 81' lang='grc' dir='ltr'>ταῖς</span> <span class='ocrx_word' id='word_1_421' title='bbox 346 4345 518 4406; x_wconf 79' lang='grc' dir='ltr'>θείαις</span> <span class='ocrx_word' id='word_1_422' title='bbox 567 4345 809 4413; x_wconf 79' lang='grc' dir='ltr'>Γραφαίς</span> <span class='ocrx_word' id='word_1_423' title='bbox 865 4344 1000 4413; x_wconf 79' lang='grc'><strong>(61).</strong></span> <span class='ocrx_word' id='word_1_424' title='bbox 1043 4343 1352 4407; x_wconf 79' lang='grc' dir='ltr'>Ἐξίσταντο</span> <span class='ocrx_word' id='word_1_425' title='bbox 1389 4343 1497 4411; x_wconf 78' lang='grc' dir='ltr'><strong>γάρ</strong></span> <span class='ocrx_word' id='word_1_426' title='bbox 1552 4342 1752 4403; x_wconf 84' lang='grc' dir='ltr'>πάντες</span> 
     </span>
    </p>
   </div>
   <div class='ocr_carea' id='block_1_64' title="bbox 184 4420 1751 4505">
    <p class='ocr_par' dir='ltr' id='par_1_64' title="bbox 184 4420 1751 4505">
     <span class='ocr_line' id='line_1_64' title="bbox 184 4420 1751 4505; baseline -0.003 -16"><span class='ocrx_word' id='word_1_427' title='bbox 184 4438 234 4489; x_wconf 90' lang='grc' dir='ltr'><strong>οί</strong></span> <span class='ocrx_word' id='word_1_428' title='bbox 282 4440 342 4489; x_wconf 77' lang='grc' dir='ltr'>ὲν</span> <span class='ocrx_word' id='word_1_429' title='bbox 391 4435 553 4505; x_wconf 72' lang='grc' dir='ltr'>σοφία</span> <span class='ocrx_word' id='word_1_430' title='bbox 592 4437 684 4488; x_wconf 79' lang='grc' dir='ltr'>καὶ</span> <span class='ocrx_word' id='word_1_431' title='bbox 726 4436 926 4502; x_wconf 86' lang='grc' dir='ltr'>γνώσει</span> <span class='ocrx_word' id='word_1_432' title='bbox 968 4434 1265 4502; x_wconf 82' lang='grc' dir='ltr'>διάγοντες,</span> <span class='ocrx_word' id='word_1_433' title='bbox 1304 4420 1403 4485; x_wconf 65' lang='grc' dir='ltr'><strong>’ἐπὶ</strong></span> <span class='ocrx_word' id='word_1_434' title='bbox 1435 4436 1501 4503; x_wconf 87' lang='grc' dir='ltr'>τῇ</span> <span class='ocrx_word' id='word_1_435' title='bbox 1539 4432 1751 4485; x_wconf 77' lang='grc' dir='ltr'>συνέσει</span> 
     </span>
    </p>
   </div>
   <div class='ocr_carea' id='block_1_65' title="bbox 186 4523 1751 4605">
    <p class='ocr_par' dir='ltr' id='par_1_65' title="bbox 186 4523 1749 4594">
     <span class='ocr_line' id='line_1_65' title="bbox 186 4523 1749 4594; baseline -0.003 -14"><span class='ocrx_word' id='word_1_436' title='bbox 186 4529 280 4580; x_wconf 78' lang='grc' dir='ltr'>καὶ</span> <span class='ocrx_word' id='word_1_437' title='bbox 309 4529 433 4588; x_wconf 89' lang='grc' dir='ltr'>ταῖς</span> <span class='ocrx_word' id='word_1_438' title='bbox 463 4526 819 4594; x_wconf 75' lang='grc' dir='ltr'>ἀποκρίσεσιν</span> <span class='ocrx_word' id='word_1_439' title='bbox 845 4525 1008 4577; x_wconf 72' lang='grc' dir='ltr'>αὑτοῦ</span> <span class='ocrx_word' id='word_1_440' title='bbox 1034 4523 1163 4591; x_wconf 86' lang='grc' dir='ltr'>περί</span> <span class='ocrx_word' id='word_1_441' title='bbox 1190 4541 1246 4575; x_wconf 89' lang='grc' dir='ltr'><strong>τε</strong></span> <span class='ocrx_word' id='word_1_442' title='bbox 1305 4524 1583 4591; x_wconf 85' lang='grc' dir='ltr'>θεολογίας</span> <span class='ocrx_word' id='word_1_443' title='bbox 1616 4524 1749 4592; x_wconf 69' lang='lat'><strong>(6&#39;2),</strong></span> 
     </span>
    </p>
   </div>
   <div class='ocr_carea' id='block_1_66' title="bbox 1840 4523 2135 4605">
    <p class='ocr_par' dir='ltr' id='par_1_66' title="bbox 1866 4540 2135 4582">
     <span class='ocr_line' id='line_1_66' title="bbox 1866 4540 2135 4582; baseline 0.011 -3"><span class='ocrx_word' id='word_1_444' title='bbox 1866 4540 2135 4582; x_wconf 87' lang='lat' dir='ltr'><strong>versatus.</strong></span> 
     </span>
    </p>
   </div>
   <div class='ocr_carea' id='block_1_67' title="bbox 185 4613 1757 4683">
    <p class='ocr_par' dir='ltr' id='par_1_67' title="bbox 185 4613 1757 4683">
     <span class='ocr_line' id='line_1_67' title="bbox 185 4613 1757 4683; baseline -0.004 -13"><span class='ocrx_word' id='word_1_445' title='bbox 185 4621 279 4670; x_wconf 70' lang='grc' dir='ltr'>καὶ</span> <span class='ocrx_word' id='word_1_446' title='bbox 303 4616 668 4683; x_wconf 77' lang='grc' dir='ltr'>ἁναγωγικών</span> <span class='ocrx_word' id='word_1_447' title='bbox 712 4616 996 4683; x_wconf 73' lang='grc' dir='ltr'>ῥημάτων,</span> <span class='ocrx_word' id='word_1_448' title='bbox 1058 4615 1152 4666; x_wconf 79' lang='grc' dir='ltr'>καὶ</span> <span class='ocrx_word' id='word_1_449' title='bbox 1178 4613 1566 4681; x_wconf 83' lang='grc' dir='ltr'>παροιμιακῶν</span> <span class='ocrx_word' id='word_1_450' title='bbox 1592 4614 1757 4683; x_wconf 75' lang='grc' dir='ltr'>ζητη-</span> 
     </span>
    </p>
   </div>
   <div class='ocr_carea' id='block_1_68' title="bbox 187 4703 1755 4773">
    <p class='ocr_par' dir='ltr' id='par_1_68' title="bbox 187 4703 1755 4773">
     <span class='ocr_line' id='line_1_68' title="bbox 187 4703 1755 4773; baseline -0.001 -16"><span class='ocrx_word' id='word_1_451' title='bbox 187 4706 400 4773; x_wconf 86' lang='grc' dir='ltr'>μάτων,</span> <span class='ocrx_word' id='word_1_452' title='bbox 432 4706 560 4773; x_wconf 82' lang='grc' dir='ltr'>περί</span> <span class='ocrx_word' id='word_1_453' title='bbox 606 4720 666 4755; x_wconf 87' lang='grc' dir='ltr'><strong>τε</strong></span> <span class='ocrx_word' id='word_1_454' title='bbox 692 4703 980 4773; x_wconf 86' lang='grc' dir='ltr'>δογμάτων</span> <span class='ocrx_word' id='word_1_455' title='bbox 1032 4704 1124 4756; x_wconf 79' lang='grc' dir='ltr'>καὶ</span> <span class='ocrx_word' id='word_1_456' title='bbox 1167 4705 1295 4772; x_wconf 71' lang='grc' dir='ltr'>περὶ</span> <span class='ocrx_word' id='word_1_457' title='bbox 1336 4703 1755 4772; x_wconf 84' lang='grc' dir='ltr'>ἁκαταλήπτου,</span> 
     </span>
    </p>
   </div>
   <div class='ocr_carea' id='block_1_69' title="bbox 186 4794 1753 4864">
    <p class='ocr_par' dir='ltr' id='par_1_69' title="bbox 186 4794 1753 4864">
     <span class='ocr_line' id='line_1_69' title="bbox 186 4794 1753 4864; baseline 0.001 -17"><span class='ocrx_word' id='word_1_458' title='bbox 186 4795 317 4863; x_wconf 87' lang='grc' dir='ltr'>περί</span> <span class='ocrx_word' id='word_1_459' title='bbox 350 4810 413 4846; x_wconf 88' lang='grc' dir='ltr'><strong>τε</strong></span> <span class='ocrx_word' id='word_1_460' title='bbox 446 4794 675 4863; x_wconf 75' lang='grc' dir='ltr'>μελέτης</span> <span class='ocrx_word' id='word_1_461' title='bbox 727 4794 959 4847; x_wconf 86' lang='grc' dir='ltr'>θανάτου</span> <span class='ocrx_word' id='word_1_462' title='bbox 988 4795 1082 4847; x_wconf 71' lang='grc' dir='ltr'>καὶ</span> <span class='ocrx_word' id='word_1_463' title='bbox 1123 4795 1298 4864; x_wconf 72' lang='grc' dir='ltr'>ἄκρας</span> <span class='ocrx_word' id='word_1_464' title='bbox 1349 4794 1753 4857; x_wconf 83' lang='grc' dir='ltr'>ταπεινώσεως.</span> 
     </span>
    </p>
   </div>
   <div class='ocr_carea' id='block_1_70' title="bbox 256 4994 1755 5067">
    <p class='ocr_par' dir='ltr' id='par_1_70' title="bbox 256 4994 1755 5067">
     <span class='ocr_line' id='line_1_70' title="bbox 256 4994 1755 5067; baseline -0.003 -16"><span class='ocrx_word' id='word_1_465' title='bbox 256 4998 373 5067; x_wconf 70' lang='grc'><strong>(59)</strong></span> <span class='ocrx_word' id='word_1_466' title='bbox 421 4998 605 5065; x_wconf 85' lang='lat' dir='ltr'><strong>Neque</strong></span> <span class='ocrx_word' id='word_1_467' title='bbox 650 4995 1206 5065; x_wconf 80' lang='grc' dir='ltr'>Ψυχοανασπάστρια,</span> <span class='ocrx_word' id='word_1_468' title='bbox 1258 5010 1431 5067; x_wconf 89' lang='lat' dir='ltr'><strong>neque</strong></span> <span class='ocrx_word' id='word_1_469' title='bbox 1455 4994 1755 5067; x_wconf 83' lang='lat' dir='ltr'><strong>quod_Ma-</strong></span> 
     </span>
    </p>
   </div>
   <div class='ocr_carea' id='block_1_71' title="bbox 191 5064 1757 5137">
    <p class='ocr_par' dir='ltr' id='par_1_71' title="bbox 191 5064 1757 5137">
     <span class='ocr_line' id='line_1_71' title="bbox 191 5064 1757 5137; baseline -0.002 -17"><span class='ocrx_word' id='word_1_470' title='bbox 191 5064 307 5121; x_wconf 83' lang='lat' dir='ltr'><strong>zar.</strong></span> <span class='ocrx_word' id='word_1_471' title='bbox 356 5064 495 5135; x_wconf 72' lang='lat' dir='ltr'><strong>legit</strong></span> <span class='ocrx_word' id='word_1_472' title='bbox 522 5064 993 5137; x_wconf 44' lang='lat' dir='ltr'><strong>culmen-mpm</strong></span> <span class='ocrx_word' id='word_1_473' title='bbox 1023 5068 1195 5133; x_wconf 78' lang='lat' dir='ltr'><strong>legere</strong></span> <span class='ocrx_word' id='word_1_474' title='bbox 1243 5066 1466 5117; x_wconf 81' lang='lat' dir='ltr'><strong>metnini</strong></span> <span class='ocrx_word' id='word_1_475' title='bbox 1503 5064 1757 5137; x_wconf 80' lang='lat' dir='ltr'><strong>:videtur</strong></span> 
     </span>
    </p>
   </div>
   <div class='ocr_carea' id='block_1_72' title="bbox 192 5135 1750 5204">
    <p class='ocr_par' dir='ltr' id='par_1_72' title="bbox 192 5135 1750 5204">
     <span class='ocr_line' id='line_1_72' title="bbox 192 5135 1750 5204; baseline -0.001 -16"><span class='ocrx_word' id='word_1_476' title='bbox 192 5148 368 5189; x_wconf 86' lang='lat' dir='ltr'><strong>tamen</strong></span> <span class='ocrx_word' id='word_1_477' title='bbox 385 5135 678 5204; x_wconf 84' lang='lat' dir='ltr'><strong>utrumque</strong></span> <span class='ocrx_word' id='word_1_478' title='bbox 696 5136 762 5187; x_wconf 88' lang='lat' dir='ltr'><strong>ad</strong></span> <span class='ocrx_word' id='word_1_479' title='bbox 789 5139 1051 5203; x_wconf 81' lang='lat' dir='ltr'><strong>originem</strong></span> <span class='ocrx_word' id='word_1_480' title='bbox 1077 5141 1293 5204; x_wconf 4' lang='lat' dir='ltr'><strong>certam,</strong></span> <span class='ocrx_word' id='word_1_481' title='bbox 1310 5135 1550 5187; x_wconf 84' lang='lat' dir='ltr'><strong>revocari</strong></span> <span class='ocrx_word' id='word_1_482' title='bbox 1574 5149 1750 5203; x_wconf 89' lang='lat' dir='ltr'><strong>posse,</strong></span> 
     </span>
    </p>
   </div>
   <div class='ocr_carea' id='block_1_73' title="bbox 194 5202 1756 5271">
    <p class='ocr_par' dir='ltr' id='par_1_73' title="bbox 194 5202 1756 5271">
     <span class='ocr_line' id='line_1_73' title="bbox 194 5202 1756 5271; baseline -0.001 -15"><span class='ocrx_word' id='word_1_483' title='bbox 194 5210 423 5259; x_wconf 86' lang='lat' dir='ltr'><strong>alterum</strong></span> <span class='ocrx_word' id='word_1_484' title='bbox 475 5208 538 5257; x_wconf 88' lang='lat' dir='ltr'><strong>ad</strong></span> <span class='ocrx_word' id='word_1_485' title='bbox 583 5202 897 5266; x_wconf 74' lang='grc' dir='ltr'>ἁνασπάζω</span> <span class='ocrx_word' id='word_1_486' title='bbox 935 5204 1209 5271; x_wconf 72' lang='lat' dir='ltr'><strong>perturba,</strong></span> <span class='ocrx_word' id='word_1_487' title='bbox 1250 5202 1477 5255; x_wconf 85' lang='lat' dir='ltr'><strong>alterum</strong></span> <span class='ocrx_word' id='word_1_488' title='bbox 1522 5202 1587 5257; x_wconf 89' lang='lat' dir='ltr'><strong>ad</strong></span> <span class='ocrx_word' id='word_1_489' title='bbox 1617 5207 1756 5271; x_wconf 78' lang='grc' dir='ltr'>άπα-</span> 
     </span>
    </p>
   </div>
   <div class='ocr_carea' id='block_1_74' title="bbox 191 5268 1753 5342">
    <p class='ocr_par' dir='ltr' id='par_1_74' title="bbox 191 5268 1753 5342">
     <span class='ocr_line' id='line_1_74' title="bbox 191 5268 1753 5342; baseline 0.001 -18"><span class='ocrx_word' id='word_1_490' title='bbox 191 5279 303 5326; x_wconf 66' lang='lat' dir='ltr'><strong>tito</strong></span> <span class='ocrx_word' id='word_1_491' title='bbox 335 5275 570 5342; x_wconf 86' lang='lat' dir='ltr'><strong>decipio,</strong></span> <span class='ocrx_word' id='word_1_492' title='bbox 594 5275 795 5327; x_wconf 87' lang='lat' dir='ltr'><strong>seduco</strong></span> <span class='ocrx_word' id='word_1_493' title='bbox 832 5290 845 5324; x_wconf 87' lang='lat'><strong>:</strong></span> <span class='ocrx_word' id='word_1_494' title='bbox 873 5268 950 5325; x_wconf 81' lang='lat' dir='ltr'><strong>sic</strong></span> <span class='ocrx_word' id='word_1_495' title='bbox 976 5282 1033 5323; x_wconf 92' lang='lat' dir='ltr'><strong>ut</strong></span> <span class='ocrx_word' id='word_1_496' title='bbox 1058 5272 1187 5325; x_wconf 88' lang='lat' dir='ltr'><strong>illud</strong></span> <span class='ocrx_word' id='word_1_497' title='bbox 1224 5272 1488 5341; x_wconf 81' lang='lat' dir='ltr'><strong>signiticet</strong></span> <span class='ocrx_word' id='word_1_498' title='bbox 1516 5268 1753 5341; x_wconf 82' lang='lat' dir='ltr'><strong>aliquam</strong></span> 
     </span>
    </p>
   </div>
   <div class='ocr_carea' id='block_1_75' title="bbox 193 5342 1482 5412">
    <p class='ocr_par' dir='ltr' id='par_1_75' title="bbox 193 5342 1482 5412">
     <span class='ocr_line' id='line_1_75' title="bbox 193 5342 1482 5412; baseline 0.001 -19"><span class='ocrx_word' id='word_1_499' title='bbox 193 5357 309 5412; x_wconf 76' lang='lat' dir='ltr'><strong>qua:</strong></span> <span class='ocrx_word' id='word_1_500' title='bbox 336 5345 523 5412; x_wconf 74' lang='lat' dir='ltr'><strong>turbat</strong></span> <span class='ocrx_word' id='word_1_501' title='bbox 561 5348 771 5395; x_wconf 84' lang='lat' dir='ltr'><strong>animas</strong></span> <span class='ocrx_word' id='word_1_502' title='bbox 791 5383 805 5404; x_wconf 94' lang='lat'><strong>,</strong></span> <span class='ocrx_word' id='word_1_503' title='bbox 841 5342 942 5394; x_wconf 86' lang='lat' dir='ltr'><strong>hoc</strong></span> <span class='ocrx_word' id='word_1_504' title='bbox 963 5352 1066 5403; x_wconf 85' lang='lat' dir='ltr'><strong>est,</strong></span> <span class='ocrx_word' id='word_1_505' title='bbox 1096 5356 1217 5409; x_wconf 64' lang='lat' dir='ltr'><strong>qua</strong></span> <span class='ocrx_word' id='word_1_506' title='bbox 1255 5343 1482 5412; x_wconf 80' lang='lat' dir='ltr'><strong>seducit.</strong></span> 
     </span>
    </p>
   </div>
   <div class='ocr_carea' id='block_1_76' title="bbox 264 5410 1757 5478">
    <p class='ocr_par' dir='ltr' id='par_1_76' title="bbox 264 5410 1757 5478">
     <span class='ocr_line' id='line_1_76' title="bbox 264 5410 1757 5478; baseline 0 -13"><span class='ocrx_word' id='word_1_507' title='bbox 264 5412 375 5478; x_wconf 63' lang='lat'><strong>(60)</strong></span> <span class='ocrx_word' id='word_1_508' title='bbox 420 5410 523 5466; x_wconf 78' lang='lat' dir='ltr'><strong>Ms.</strong></span> <span class='ocrx_word' id='word_1_509' title='bbox 573 5412 734 5465; x_wconf 86' lang='lat' dir='ltr'><strong>vatic.</strong></span> <span class='ocrx_word' id='word_1_510' title='bbox 762 5412 931 5465; x_wconf 92' lang='lat' dir='ltr'><strong>multo</strong></span> <span class='ocrx_word' id='word_1_511' title='bbox 974 5412 1261 5478; x_wconf 72' lang='lat' dir='ltr'><strong>obscurius</strong></span> <span class='ocrx_word' id='word_1_512' title='bbox 1290 5420 1345 5465; x_wconf 90' lang='lat' dir='ltr'><strong>et</strong></span> <span class='ocrx_word' id='word_1_513' title='bbox 1386 5411 1565 5464; x_wconf 89' lang='lat' dir='ltr'><strong>minus</strong></span> <span class='ocrx_word' id='word_1_514' title='bbox 1590 5419 1757 5475; x_wconf 91' lang='lat' dir='ltr'><strong>recte,</strong></span> 
     </span>
    </p>
   </div>
   <div class='ocr_carea' id='block_1_77' title="bbox 197 5476 1760 5552">
    <p class='ocr_par' dir='ltr' id='par_1_77' title="bbox 197 5476 1760 5552">
     <span class='ocr_line' id='line_1_77' title="bbox 197 5476 1760 5552; baseline -0.001 -18"><span class='ocrx_word' id='word_1_515' title='bbox 197 5476 280 5534; x_wconf 8' lang='lat' dir='ltr'><strong>sici</strong></span> <span class='ocrx_word' id='word_1_516' title='bbox 318 5484 445 5552; x_wconf 79' lang='lat' dir='ltr'><strong>legit</strong></span> <span class='ocrx_word' id='word_1_517' title='bbox 477 5499 490 5534; x_wconf 94' lang='lat'><strong>:</strong></span> <span class='ocrx_word' id='word_1_518' title='bbox 522 5484 937 5552; x_wconf 74' lang='grc' dir='ltr'>ἐπιφερόμενος,</span> <span class='ocrx_word' id='word_1_519' title='bbox 961 5480 1072 5552; x_wconf 63' lang='grc' dir='ltr'><strong>καὶΔ</strong></span> <span class='ocrx_word' id='word_1_520' title='bbox 1112 5476 1179 5549; x_wconf 77' lang='grc' dir='ltr'>ἦν</span> <span class='ocrx_word' id='word_1_521' title='bbox 1217 5480 1275 5531; x_wconf 79' lang='grc' dir='ltr'><strong>οὐ</strong></span> <span class='ocrx_word' id='word_1_522' title='bbox 1314 5480 1545 5552; x_wconf 9' lang='grc' dir='ltr'>,μικρῶς</span> <span class='ocrx_word' id='word_1_523' title='bbox 1598 5481 1760 5552; x_wconf 60' lang='grc' dir='ltr'>αὑτὸν</span> 
     </span>
    </p>
   </div>
   <div class='ocr_carea' id='block_1_78' title="bbox 198 5548 1756 5621">
    <p class='ocr_par' dir='ltr' id='par_1_78' title="bbox 198 5548 1756 5621">
     <span class='ocr_line' id='line_1_78' title="bbox 198 5548 1756 5621; baseline -0.001 -19"><span class='ocrx_word' id='word_1_524' title='bbox 198 5548 606 5620; x_wconf 68' lang='grc' dir='ltr'>ἁπειλᾶὑμενος,</span> <span class='ocrx_word' id='word_1_525' title='bbox 630 5548 639 5550; x_wconf 13' lang='grc' dir='ltr'>ἡ</span> <span class='ocrx_word' id='word_1_526' title='bbox 667 5548 808 5621; x_wconf 75' lang='grc' dir='ltr'>δρῶν</span> <span class='ocrx_word' id='word_1_527' title='bbox 828 5552 926 5620; x_wconf 80' lang='grc' dir='ltr'>τὴν</span> <span class='ocrx_word' id='word_1_528' title='bbox 987 5548 1235 5621; x_wconf 71' lang='grc' dir='ltr'>ἐνάρετον</span> <span class='ocrx_word' id='word_1_529' title='bbox 1266 5548 1445 5601; x_wconf 73' lang='grc' dir='ltr'>αὑτοῦ</span> <span class='ocrx_word' id='word_1_530' title='bbox 1462 5549 1756 5621; x_wconf 79' lang='grc' dir='ltr'>πολιτείαν,</span> 
     </span>
    </p>
   </div>
   <div class='ocr_carea' id='block_1_79' title="bbox 196 5617 1763 5689">
    <p class='ocr_par' dir='ltr' id='par_1_79' title="bbox 196 5617 1763 5689">
     <span class='ocr_line' id='line_1_79' title="bbox 196 5617 1763 5689; baseline -0.001 -18"><span class='ocrx_word' id='word_1_531' title='bbox 196 5621 268 5680; x_wconf 84' lang='grc' dir='ltr'>ὡς</span> <span class='ocrx_word' id='word_1_532' title='bbox 297 5617 444 5688; x_wconf 75' lang='grc' dir='ltr'>αὑτῷ</span> <span class='ocrx_word' id='word_1_533' title='bbox 491 5617 966 5689; x_wconf 67' lang='grc' dir='ltr'>ἀντιστὶμενονὲν</span> <span class='ocrx_word' id='word_1_534' title='bbox 995 5617 1116 5681; x_wconf 81' lang='grc' dir='ltr'>ταῖς</span> <span class='ocrx_word' id='word_1_535' title='bbox 1158 5620 1255 5687; x_wconf 81' lang='grc' dir='ltr'>τῆς</span> <span class='ocrx_word' id='word_1_536' title='bbox 1316 5619 1545 5689; x_wconf 75' lang='grc' dir='ltr'>σαρκὸς</span> <span class='ocrx_word' id='word_1_537' title='bbox 1574 5617 1763 5689; x_wconf 68' lang='grc' dir='ltr'>ἐπιθυ-</span> 
     </span>
    </p>
   </div>
   <div class='ocr_carea' id='block_1_80' title="bbox 202 5687 1761 5758">
    <p class='ocr_par' dir='ltr' id='par_1_80' title="bbox 202 5687 1761 5758">
     <span class='ocr_line' id='line_1_80' title="bbox 202 5687 1761 5758; baseline 0 -19"><span class='ocrx_word' id='word_1_538' title='bbox 202 5690 346 5755; x_wconf 87' lang='grc' dir='ltr'>μίαις</span> <span class='ocrx_word' id='word_1_539' title='bbox 377 5687 439 5741; x_wconf 74' lang='grc' dir='ltr'>τὸ</span> <span class='ocrx_word' id='word_1_540' title='bbox 465 5694 605 5742; x_wconf 70' lang='grc' dir='ltr'>κατὰ</span> <span class='ocrx_word' id='word_1_541' title='bbox 630 5687 853 5757; x_wconf 79' lang='grc' dir='ltr'>δύναμιν</span> <span class='ocrx_word' id='word_1_542' title='bbox 873 5690 1267 5758; x_wconf 79' lang='grc' dir='ltr'>ἀγωνιζόμενος</span> <span class='ocrx_word' id='word_1_543' title='bbox 1293 5704 1306 5718; x_wconf 92' lang='grc'><strong>·</strong></span> <span class='ocrx_word' id='word_1_544' title='bbox 1338 5689 1490 5739; x_wconf 81' lang='grc' dir='ltr'>οῠπω</span> <span class='ocrx_word' id='word_1_545' title='bbox 1530 5687 1761 5740; x_wconf 83' lang='grc' dir='ltr'>διανύων</span> 
     </span>
    </p>
   </div>
   <div class='ocr_carea' id='block_1_81' title="bbox 198 5757 1759 5829">
    <p class='ocr_par' dir='ltr' id='par_1_81' title="bbox 198 5757 1759 5829">
     <span class='ocr_line' id='line_1_81' title="bbox 198 5757 1759 5829; baseline -0.001 -21"><span class='ocrx_word' id='word_1_546' title='bbox 198 5759 337 5811; x_wconf 74' lang='grc' dir='ltr'>ὀκτὼ</span> <span class='ocrx_word' id='word_1_547' title='bbox 365 5762 462 5813; x_wconf 69' lang='lat' dir='ltr'><strong>xui.</strong></span> <span class='ocrx_word' id='word_1_548' title='bbox 487 5759 719 5828; x_wconf 84' lang='grc' dir='ltr'>δεκαετῆ</span> <span class='ocrx_word' id='word_1_549' title='bbox 748 5760 937 5828; x_wconf 84' lang='grc' dir='ltr'>χρόνον</span> <span class='ocrx_word' id='word_1_550' title='bbox 964 5758 1061 5825; x_wconf 86' lang='grc' dir='ltr'>τῆς</span> <span class='ocrx_word' id='word_1_551' title='bbox 1084 5758 1367 5829; x_wconf 78' lang='grc' dir='ltr'>ὁρωμένης</span> <span class='ocrx_word' id='word_1_552' title='bbox 1390 5760 1601 5825; x_wconf 66' lang='grc' dir='ltr'>ἡλικίας</span> <span class='ocrx_word' id='word_1_553' title='bbox 1640 5757 1759 5808; x_wconf 84' lang='grc' dir='ltr'>θεο-</span> 
     </span>
    </p>
   </div>
   <div class='ocr_carea' id='block_1_82' title="bbox 518 5851 1137 5915">
    <p class='ocr_par' dir='ltr' id='par_1_82' title="bbox 518 5851 1137 5915">
     <span class='ocr_line' id='line_1_82' title="bbox 518 5851 1137 5915; baseline 0 -2"><span class='ocrx_word' id='word_1_554' title='bbox 518 5853 789 5913; x_wconf 57' lang='lat' dir='ltr'><strong>Puncta</strong></span> <span class='ocrx_word' id='word_1_555' title='bbox 830 5854 946 5915; x_wconf 73' lang='lat' dir='ltr'><strong>Gn.</strong></span> <span class='ocrx_word' id='word_1_556' title='bbox 985 5851 1137 5913; x_wconf 76' lang='lat' dir='ltr'><strong>CXI.</strong></span> 
     </span>
    </p>
   </div>
   <div class='ocr_carea' id='block_1_83' title="bbox 175 3234 1819 3334">
    <p class='ocr_par' dir='ltr' id='par_1_83' title="bbox 175 3234 1819 3334">
     <span class='ocr_line' id='line_1_83' title="bbox 175 3234 1819 3334; baseline -0.001 -17"><span class='ocrx_word' id='word_1_557' title='bbox 175 3234 424 3327; x_wconf 70' lang='grc' dir='ltr'>ἀπούσας</span> <span class='ocrx_word' id='word_1_558' title='bbox 455 3266 484 3315; x_wconf 86' lang='grc' dir='ltr'><strong>ὁ</strong></span> <span class='ocrx_word' id='word_1_559' title='bbox 521 3234 835 3331; x_wconf 75' lang='grc' dir='ltr'>Ἐπιφάνιος</span> <span class='ocrx_word' id='word_1_560' title='bbox 869 3264 1058 3334; x_wconf 79' lang='grc' dir='ltr'>ὲξέστη</span> <span class='ocrx_word' id='word_1_561' title='bbox 1083 3279 1098 3295; x_wconf 75' lang='grc' dir='ltr'><strong>ο</strong></span> <span class='ocrx_word' id='word_1_562' title='bbox 1125 3234 1229 3333; x_wconf 77' lang='grc' dir='ltr'>πρὸ</span> <span class='ocrx_word' id='word_1_563' title='bbox 1256 3263 1452 3333; x_wconf 77' lang='grc' dir='ltr'>μικροῦ</span> <span class='ocrx_word' id='word_1_564' title='bbox 1472 3234 1590 3332; x_wconf 44' lang='grc' dir='ltr'>’γὰρ</span> <span class='ocrx_word' id='word_1_565' title='bbox 1618 3260 1685 3333; x_wconf 82' lang='grc' dir='ltr'>ἦν</span> <span class='ocrx_word' id='word_1_566' title='bbox 1722 3266 1750 3317; x_wconf 86' lang='lat'><strong>6</strong></span> <span class='ocrx_word' id='word_1_567' title='bbox 1780 3234 1819 3288; x_wconf 66' lang='grc' dir='ltr'>Ο</span> 
     </span>
    </p>
   </div>
   <div class='ocr_carea' id='block_1_84' title="bbox 1843 2260 3423 2332">
    <p class='ocr_par' dir='ltr' id='par_1_84' title="bbox 1843 2260 3423 2332">
     <span class='ocr_line' id='line_1_84' title="bbox 1843 2260 3423 2332; baseline 0.004 -21"><span class='ocrx_word' id='word_1_568' title='bbox 1843 2260 2053 2312; x_wconf 90' lang='lat' dir='ltr'><strong>obviam</strong></span> <span class='ocrx_word' id='word_1_569' title='bbox 2122 2261 2271 2313; x_wconf 89' lang='lat' dir='ltr'><strong>venit</strong></span> <span class='ocrx_word' id='word_1_570' title='bbox 2305 2260 2669 2327; x_wconf 86' lang='lat' dir='ltr'><strong>pulcherrimo</strong></span> <span class='ocrx_word' id='word_1_571' title='bbox 2702 2261 2781 2315; x_wconf 89' lang='lat' dir='ltr'><strong>illi</strong></span> <span class='ocrx_word' id='word_1_572' title='bbox 2831 2262 3157 2316; x_wconf 83' lang='lat' dir='ltr'><strong>adolescenti</strong></span> <span class='ocrx_word' id='word_1_573' title='bbox 3186 2263 3423 2332; x_wconf 81' lang='lat' dir='ltr'><strong>Epipha-</strong></span> 
     </span>
    </p>
   </div>
   <div class='ocr_carea' id='block_1_85' title="bbox 1846 2350 3423 2418">
    <p class='ocr_par' dir='ltr' id='par_1_85' title="bbox 1846 2350 3423 2418">
     <span class='ocr_line' id='line_1_85' title="bbox 1846 2350 3423 2418; baseline 0.003 -15"><span class='ocrx_word' id='word_1_574' title='bbox 1846 2351 1959 2413; x_wconf 87' lang='lat' dir='ltr'><strong>nio,</strong></span> <span class='ocrx_word' id='word_1_575' title='bbox 2005 2350 2072 2403; x_wconf 89' lang='lat' dir='ltr'><strong>de</strong></span> <span class='ocrx_word' id='word_1_576' title='bbox 2121 2365 2228 2417; x_wconf 90' lang='lat' dir='ltr'><strong>quo</strong></span> <span class='ocrx_word' id='word_1_577' title='bbox 2268 2364 2431 2418; x_wconf 90' lang='lat' dir='ltr'><strong>supra</strong></span> <span class='ocrx_word' id='word_1_578' title='bbox 2466 2352 2670 2404; x_wconf 91' lang='lat' dir='ltr'><strong>mentio</strong></span> <span class='ocrx_word' id='word_1_579' title='bbox 2700 2351 2907 2416; x_wconf 79' lang='lat' dir='ltr'><strong>incidit,</strong></span> <span class='ocrx_word' id='word_1_580' title='bbox 2975 2363 3319 2408; x_wconf 87' lang='lat' dir='ltr'><strong>consternato</strong></span> <span class='ocrx_word' id='word_1_581' title='bbox 3354 2356 3423 2408; x_wconf 87' lang='lat' dir='ltr'><strong>ob</strong></span> 
     </span>
    </p>
   </div>
   <div class='ocr_carea' id='block_1_86' title="bbox 1847 2441 3424 2514">
    <p class='ocr_par' dir='ltr' id='par_1_86' title="bbox 1847 2441 3424 2514">
     <span class='ocr_line' id='line_1_86' title="bbox 1847 2441 3424 2514; baseline 0.003 -19"><span class='ocrx_word' id='word_1_582' title='bbox 1847 2442 2139 2496; x_wconf 84' lang='lat' dir='ltr'><strong>violentam</strong></span> <span class='ocrx_word' id='word_1_583' title='bbox 2162 2441 2425 2495; x_wconf 62' lang='lat' dir='ltr'><strong>daemonis</strong></span> <span class='ocrx_word' id='word_1_584' title='bbox 2452 2443 2885 2510; x_wconf 88' lang='lat' dir='ltr'><strong>impressionem.</strong></span> <span class='ocrx_word' id='word_1_585' title='bbox 2913 2443 3066 2498; x_wconf 86' lang='lat' dir='ltr'><strong>Illum</strong></span> <span class='ocrx_word' id='word_1_586' title='bbox 3087 2445 3424 2514; x_wconf 84' lang='lat' dir='ltr'><strong>amplexatus</strong></span> 
     </span>
    </p>
   </div>
   <div class='ocr_carea' id='block_1_87' title="bbox 1846 2533 3422 2606">
    <p class='ocr_par' dir='ltr' id='par_1_87' title="bbox 1846 2533 3422 2606">
     <span class='ocr_line' id='line_1_87' title="bbox 1846 2533 3422 2606; baseline 0.001 -16"><span class='ocrx_word' id='word_1_587' title='bbox 1846 2536 2110 2601; x_wconf 82' lang='lat' dir='ltr'><strong>Andreas,</strong></span> <span class='ocrx_word' id='word_1_588' title='bbox 2169 2533 2290 2587; x_wconf 83' lang='lat' dir='ltr'><strong>Noli</strong></span> <span class='ocrx_word' id='word_1_589' title='bbox 2344 2536 2565 2599; x_wconf 91' lang='lat' dir='ltr'><strong>timere,</strong></span> <span class='ocrx_word' id='word_1_590' title='bbox 2599 2536 2774 2605; x_wconf 82' lang='lat' dir='ltr'><strong>inquit</strong></span> <span class='ocrx_word' id='word_1_591' title='bbox 2812 2554 2826 2589; x_wconf 91' lang='lat'><strong>:</strong></span> <span class='ocrx_word' id='word_1_592' title='bbox 2857 2545 2909 2589; x_wconf 89' lang='lat' dir='ltr'><strong>et</strong></span> <span class='ocrx_word' id='word_1_593' title='bbox 2943 2538 3204 2606; x_wconf 79' lang='lat' dir='ltr'><strong>prehensa</strong></span> <span class='ocrx_word' id='word_1_594' title='bbox 3236 2554 3422 2601; x_wconf 91' lang='lat' dir='ltr'><strong>manu,</strong></span> 
     </span>
    </p>
   </div>
   <div class='ocr_carea' id='block_1_88' title="bbox 1846 2625 3423 2692">
    <p class='ocr_par' dir='ltr' id='par_1_88' title="bbox 1846 2625 3423 2692">
     <span class='ocr_line' id='line_1_88' title="bbox 1846 2625 3423 2692; baseline 0.003 -12"><span class='ocrx_word' id='word_1_595' title='bbox 1846 2626 2071 2680; x_wconf 76' lang='lat' dir='ltr'><strong>deduxit</strong></span> <span class='ocrx_word' id='word_1_596' title='bbox 2100 2625 2168 2678; x_wconf 90' lang='lat' dir='ltr'><strong>ad</strong></span> <span class='ocrx_word' id='word_1_597' title='bbox 2198 2626 2375 2679; x_wconf 90' lang='lat' dir='ltr'><strong>locum</strong></span> <span class='ocrx_word' id='word_1_598' title='bbox 2406 2642 2434 2679; x_wconf 89' lang='lat' dir='ltr'><strong>a</strong></span> <span class='ocrx_word' id='word_1_599' title='bbox 2470 2626 2643 2681; x_wconf 90' lang='lat' dir='ltr'><strong>turbis</strong></span> <span class='ocrx_word' id='word_1_600' title='bbox 2680 2637 2971 2692; x_wconf 87' lang='lat' dir='ltr'><strong>remotum,</strong></span> <span class='ocrx_word' id='word_1_601' title='bbox 3000 2638 3057 2683; x_wconf 92' lang='lat' dir='ltr'><strong>ut</strong></span> <span class='ocrx_word' id='word_1_602' title='bbox 3095 2645 3201 2682; x_wconf 90' lang='lat' dir='ltr'><strong>una</strong></span> <span class='ocrx_word' id='word_1_603' title='bbox 3236 2632 3423 2684; x_wconf 74' lang='lat' dir='ltr'><strong>consi~</strong></span> 
     </span>
    </p>
   </div>
   <div class='ocr_carea' id='block_1_89' title="bbox 1808 2716 3426 2793">
    <p class='ocr_par' dir='ltr' id='par_1_89' title="bbox 1808 2716 3426 2793">
     <span class='ocr_line' id='line_1_89' title="bbox 1808 2716 3426 2793; baseline 0.002 -25"><span class='ocrx_word' id='word_1_604' title='bbox 1808 2776 1819 2793; x_wconf 28' lang='grc' dir='ltr'>ἱ</span> <span class='ocrx_word' id='word_1_605' title='bbox 1848 2718 2055 2770; x_wconf 78' lang='lat' dir='ltr'><strong>derent.</strong></span> <span class='ocrx_word' id='word_1_606' title='bbox 2090 2719 2234 2769; x_wconf 88' lang='lat' dir='ltr'><strong>Inter</strong></span> <span class='ocrx_word' id='word_1_607' title='bbox 2264 2716 2506 2770; x_wconf 87' lang='lat' dir='ltr'><strong>eundum</strong></span> <span class='ocrx_word' id='word_1_608' title='bbox 2548 2732 2677 2771; x_wconf 86' lang='lat' dir='ltr'><strong>vero</strong></span> <span class='ocrx_word' id='word_1_609' title='bbox 2713 2718 2789 2770; x_wconf 88' lang='lat' dir='ltr'><strong>ait</strong></span> <span class='ocrx_word' id='word_1_610' title='bbox 2821 2717 2895 2770; x_wconf 88' lang='lat' dir='ltr'><strong>illi</strong></span> <span class='ocrx_word' id='word_1_611' title='bbox 2923 2735 2936 2772; x_wconf 92' lang='lat'>:</span> <span class='ocrx_word' id='word_1_612' title='bbox 2989 2718 3127 2774; x_wconf 81' lang='lat' dir='ltr'><strong>Ecce</strong></span> <span class='ocrx_word' id='word_1_613' title='bbox 3156 2721 3426 2788; x_wconf 85' lang='lat' dir='ltr'><strong>nequissi-</strong></span> 
     </span>
    </p>
   </div>
   <div class='ocr_carea' id='block_1_90' title="bbox 1828 2808 3426 2879">
    <p class='ocr_par' dir='ltr' id='par_1_90' title="bbox 1828 2808 3426 2879">
     <span class='ocr_line' id='line_1_90' title="bbox 1828 2808 3426 2879; baseline 0 -18"><span class='ocrx_word' id='word_1_614' title='bbox 1828 2814 1975 2862; x_wconf 89' lang='lat' dir='ltr'><strong>‘mus</strong></span> <span class='ocrx_word' id='word_1_615' title='bbox 2012 2809 2249 2870; x_wconf 60' lang='lat' dir='ltr'><strong>daemon,</strong></span> <span class='ocrx_word' id='word_1_616' title='bbox 2306 2808 2469 2862; x_wconf 90' lang='lat' dir='ltr'><strong>modo</strong></span> <span class='ocrx_word' id='word_1_617' title='bbox 2500 2809 2550 2861; x_wconf 91' lang='lat' dir='ltr'><strong>in</strong></span> <span class='ocrx_word' id='word_1_618' title='bbox 2584 2824 2768 2871; x_wconf 84' lang='lat' dir='ltr'><strong>anum,</strong></span> <span class='ocrx_word' id='word_1_619' title='bbox 2812 2811 2970 2864; x_wconf 85' lang='lat' dir='ltr'><strong>modo</strong></span> <span class='ocrx_word' id='word_1_620' title='bbox 3011 2812 3064 2865; x_wconf 91' lang='lat' dir='ltr'><strong>in</strong></span> <span class='ocrx_word' id='word_1_621' title='bbox 3099 2815 3426 2879; x_wconf 75' lang='lat' dir='ltr'><strong>Agarenum,</strong></span> 
     </span>
    </p>
   </div>
   <div class='ocr_carea' id='block_1_91' title="bbox 1864 2897 3428 2971">
    <p class='ocr_par' dir='ltr' id='par_1_91' title="bbox 1864 2897 3428 2971">
     <span class='ocr_line' id='line_1_91' title="bbox 1864 2897 3428 2971; baseline 0.003 -20"><span class='ocrx_word' id='word_1_622' title='bbox 1864 2916 1961 2968; x_wconf 90' lang='lat' dir='ltr'><strong>pro</strong></span> <span class='ocrx_word' id='word_1_623' title='bbox 2013 2907 2069 2952; x_wconf 91' lang='lat' dir='ltr'><strong>ut</strong></span> <span class='ocrx_word' id='word_1_624' title='bbox 2100 2897 2337 2964; x_wconf 81' lang='lat' dir='ltr'><strong>libuerit,</strong></span> <span class='ocrx_word' id='word_1_625' title='bbox 2397 2914 2457 2953; x_wconf 85' lang='lat' dir='ltr'><strong>se</strong></span> <span class='ocrx_word' id='word_1_626' title='bbox 2505 2900 2886 2968; x_wconf 75' lang='lat' dir='ltr'><strong>transﬁgurat;</strong></span> <span class='ocrx_word' id='word_1_627' title='bbox 2940 2900 3263 2971; x_wconf 89' lang='lat' dir='ltr'><strong>indulusque</strong></span> <span class='ocrx_word' id='word_1_628' title='bbox 3290 2904 3428 2956; x_wconf 87' lang='lat' dir='ltr'><strong>ami—</strong></span> 
     </span>
    </p>
   </div>
   <div class='ocr_carea' id='block_1_92' title="bbox 1849 2990 3427 3060">
    <p class='ocr_par' dir='ltr' id='par_1_92' title="bbox 1849 2990 3427 3060">
     <span class='ocr_line' id='line_1_92' title="bbox 1849 2990 3427 3060; baseline 0.002 -16"><span class='ocrx_word' id='word_1_629' title='bbox 1849 3002 1994 3044; x_wconf 88' lang='lat' dir='ltr'><strong>ctum</strong></span> <span class='ocrx_word' id='word_1_630' title='bbox 2031 2992 2265 3060; x_wconf 74' lang='lat' dir='ltr'><strong>nigruni,</strong></span> <span class='ocrx_word' id='word_1_631' title='bbox 2295 2990 2534 3045; x_wconf 89' lang='lat' dir='ltr'><strong>occurrit</strong></span> <span class='ocrx_word' id='word_1_632' title='bbox 2557 2990 2665 3043; x_wconf 84' lang='lat' dir='ltr'><strong>ﬁlio</strong></span> <span class='ocrx_word' id='word_1_633' title='bbox 2705 3006 2826 3045; x_wconf 90' lang='lat' dir='ltr'><strong>meo</strong></span> <span class='ocrx_word' id='word_1_634' title='bbox 2859 2991 3230 3055; x_wconf 86' lang='lat' dir='ltr'><strong>dilectissimo,</strong></span> <span class='ocrx_word' id='word_1_635' title='bbox 3271 3010 3427 3047; x_wconf 85' lang='lat' dir='ltr'><strong>eum-</strong></span> 
     </span>
    </p>
   </div>
   <div class='ocr_carea' id='block_1_93' title="bbox 1851 3081 3427 3150">
    <p class='ocr_par' dir='ltr' id='par_1_93' title="bbox 1851 3081 3427 3150">
     <span class='ocr_line' id='line_1_93' title="bbox 1851 3081 3427 3150; baseline 0.005 -19"><span class='ocrx_word' id='word_1_636' title='bbox 1851 3096 1955 3150; x_wconf 84' lang='lat' dir='ltr'><strong>que</strong></span> <span class='ocrx_word' id='word_1_637' title='bbox 1983 3083 2225 3150; x_wconf 85' lang='lat' dir='ltr'><strong>percellit</strong></span> <span class='ocrx_word' id='word_1_638' title='bbox 2246 3096 2308 3134; x_wconf 93' lang='lat' dir='ltr'><strong>ac</strong></span> <span class='ocrx_word' id='word_1_639' title='bbox 2340 3081 2499 3135; x_wconf 88' lang='lat' dir='ltr'><strong>minis</strong></span> <span class='ocrx_word' id='word_1_640' title='bbox 2532 3082 2763 3136; x_wconf 86' lang='lat' dir='ltr'><strong>territat.</strong></span> <span class='ocrx_word' id='word_1_641' title='bbox 2811 3082 3059 3135; x_wconf 82' lang='lat' dir='ltr'><strong>Audiens</strong></span> <span class='ocrx_word' id='word_1_642' title='bbox 3094 3084 3427 3150; x_wconf 81' lang='lat' dir='ltr'><strong>Epiphanius</strong></span> 
     </span>
    </p>
   </div>
   <div class='ocr_carea' id='block_1_94' title="bbox 1854 3172 3428 3242">
    <p class='ocr_par' dir='ltr' id='par_1_94' title="bbox 1854 3172 3428 3242">
     <span class='ocr_line' id='line_1_94' title="bbox 1854 3172 3428 3242; baseline 0.002 -15"><span class='ocrx_word' id='word_1_643' title='bbox 1854 3188 2159 3227; x_wconf 87' lang='lat' dir='ltr'><strong>sermonem</strong></span> <span class='ocrx_word' id='word_1_644' title='bbox 2190 3172 2362 3235; x_wconf 91' lang='lat' dir='ltr'><strong>illum,</strong></span> <span class='ocrx_word' id='word_1_645' title='bbox 2394 3172 2679 3241; x_wconf 88' lang='lat' dir='ltr'><strong>obstupuit</strong></span> <span class='ocrx_word' id='word_1_646' title='bbox 2711 3188 2724 3224; x_wconf 90' lang='lat'><strong>:</strong></span> <span class='ocrx_word' id='word_1_647' title='bbox 2760 3187 2883 3225; x_wconf 85' lang='lat' dir='ltr'><strong>nam</strong></span> <span class='ocrx_word' id='word_1_648' title='bbox 2946 3173 3107 3242; x_wconf 91' lang='lat' dir='ltr'><strong>paulo</strong></span> <span class='ocrx_word' id='word_1_649' title='bbox 3159 3184 3285 3229; x_wconf 83' lang='lat' dir='ltr'><strong>ante</strong></span> <span class='ocrx_word' id='word_1_650' title='bbox 3328 3191 3428 3229; x_wconf 88' lang='lat' dir='ltr'><strong>ne-</strong></span> 
     </span>
    </p>
   </div>
   <div class='ocr_carea' id='block_1_95' title="bbox 1851 3261 3429 3332">
    <p class='ocr_par' dir='ltr' id='par_1_95' title="bbox 1851 3261 3429 3332">
     <span class='ocr_line' id='line_1_95' title="bbox 1851 3261 3429 3332; baseline 0.003 -17"><span class='ocrx_word' id='word_1_651' title='bbox 1851 3278 2016 3332; x_wconf 89' lang='lat' dir='ltr'><strong>quam</strong></span> <span class='ocrx_word' id='word_1_652' title='bbox 2079 3263 2349 3325; x_wconf 88' lang='lat' dir='ltr'><strong>diabolus,</strong></span> <span class='ocrx_word' id='word_1_653' title='bbox 2402 3278 2687 3330; x_wconf 89' lang='lat' dir='ltr'><strong>nunquam</strong></span> <span class='ocrx_word' id='word_1_654' title='bbox 2743 3277 2853 3315; x_wconf 92' lang='lat' dir='ltr'><strong>non</strong></span> <span class='ocrx_word' id='word_1_655' title='bbox 2915 3261 3429 3319; x_wconf 82' lang='lat' dir='ltr'><strong>iniensushumano</strong></span> 
     </span>
    </p>
   </div>
   <div class='ocr_carea' id='block_1_96' title="bbox 1850 3356 3430 3423">
    <p class='ocr_par' dir='ltr' id='par_1_96' title="bbox 1850 3356 3430 3423">
     <span class='ocr_line' id='line_1_96' title="bbox 1850 3356 3430 3423; baseline 0.004 -15"><span class='ocrx_word' id='word_1_656' title='bbox 1850 3356 2057 3422; x_wconf 82' lang='lat' dir='ltr'><strong>generi,</strong></span> <span class='ocrx_word' id='word_1_657' title='bbox 2086 3364 2365 3423; x_wconf 88' lang='lat' dir='ltr'><strong>assumpta</strong></span> <span class='ocrx_word' id='word_1_658' title='bbox 2400 3356 2685 3411; x_wconf 66' lang='lat' dir='ltr'><strong>lsmaelita:</strong></span> <span class='ocrx_word' id='word_1_659' title='bbox 2711 3357 3026 3411; x_wconf 90' lang='lat' dir='ltr'><strong>mercatoris</strong></span> <span class='ocrx_word' id='word_1_660' title='bbox 3048 3357 3241 3423; x_wconf 82' lang='lat' dir='ltr'><strong>forma,</strong></span> <span class='ocrx_word' id='word_1_661' title='bbox 3278 3359 3430 3414; x_wconf 84' lang='lat' dir='ltr'><strong>obtu‘</strong></span> 
     </span>
    </p>
   </div>
   <div class='ocr_carea' id='block_1_97' title="bbox 1854 3446 3423 3517">
    <p class='ocr_par' dir='ltr' id='par_1_97' title="bbox 1854 3446 3423 3517">
     <span class='ocr_line' id='line_1_97' title="bbox 1854 3446 3423 3517; baseline 0.004 -19"><span class='ocrx_word' id='word_1_662' title='bbox 1854 3446 1988 3498; x_wconf 88' lang='lat' dir='ltr'><strong>lerat</strong></span> <span class='ocrx_word' id='word_1_663' title='bbox 2018 3461 2138 3500; x_wconf 86' lang='lat' dir='ltr'><strong>sese</strong></span> <span class='ocrx_word' id='word_1_664' title='bbox 2161 3448 2367 3516; x_wconf 82' lang='lat' dir='ltr'><strong>juveni,</strong></span> <span class='ocrx_word' id='word_1_665' title='bbox 2401 3458 2455 3501; x_wconf 91' lang='lat' dir='ltr'><strong>et</strong></span> <span class='ocrx_word' id='word_1_666' title='bbox 2492 3456 2735 3502; x_wconf 78' lang='lat' dir='ltr'><strong>extrema</strong></span> <span class='ocrx_word' id='word_1_667' title='bbox 2776 3464 3003 3517; x_wconf 68' lang='lat' dir='ltr'><strong>quaeque</strong></span> <span class='ocrx_word' id='word_1_668' title='bbox 3047 3450 3423 3505; x_wconf 87' lang='lat' dir='ltr'><strong>intentaverat.</strong></span> 
     </span>
    </p>
   </div>
   <div class='ocr_carea' id='block_1_98' title="bbox 1852 3534 3431 3606">
    <p class='ocr_par' dir='ltr' id='par_1_98' title="bbox 1852 3534 3431 3606">
     <span class='ocr_line' id='line_1_98' title="bbox 1852 3534 3431 3606; baseline 0.006 -21"><span class='ocrx_word' id='word_1_669' title='bbox 1852 3534 1989 3600; x_wconf 87' lang='lat' dir='ltr'><strong>Quia</strong></span> <span class='ocrx_word' id='word_1_670' title='bbox 2020 3536 2163 3590; x_wconf 76' lang='lat' dir='ltr'><strong>enim</strong></span> <span class='ocrx_word' id='word_1_671' title='bbox 2184 3537 2402 3592; x_wconf 85' lang='lat' dir='ltr'><strong>videbat</strong></span> <span class='ocrx_word' id='word_1_672' title='bbox 2434 3538 2741 3606; x_wconf 68' lang='lat' dir='ltr'><strong>praeclaram</strong></span> <span class='ocrx_word' id='word_1_673' title='bbox 2794 3539 3152 3595; x_wconf 83' lang='lat' dir='ltr'><strong>adolescentis</strong></span> <span class='ocrx_word' id='word_1_674' title='bbox 3201 3555 3431 3596; x_wconf 82' lang='lat' dir='ltr'><strong>conver-</strong></span> 
     </span>
    </p>
   </div>
   <div class='ocr_carea' id='block_1_99' title="bbox 1854 3624 3429 3694">
    <p class='ocr_par' dir='ltr' id='par_1_99' title="bbox 1854 3624 3429 3694">
     <span class='ocr_line' id='line_1_99' title="bbox 1854 3624 3429 3694; baseline 0.004 -17"><span class='ocrx_word' id='word_1_675' title='bbox 1854 3624 2160 3686; x_wconf 86' lang='lat' dir='ltr'><strong>sati0ncm,</strong></span> <span class='ocrx_word' id='word_1_676' title='bbox 2230 3625 2483 3679; x_wconf 89' lang='lat' dir='ltr'><strong>omnibus</strong></span> <span class='ocrx_word' id='word_1_677' title='bbox 2519 3663 2534 3687; x_wconf 94' lang='lat'><strong>,</strong></span> <span class='ocrx_word' id='word_1_678' title='bbox 2586 3640 2708 3692; x_wconf 67' lang='lat' dir='ltr'><strong>qum</strong></span> <span class='ocrx_word' id='word_1_679' title='bbox 2771 3625 3202 3694; x_wconf 90' lang='lat' dir='ltr'><strong>cbjiciebantur,</strong></span> <span class='ocrx_word' id='word_1_680' title='bbox 3249 3630 3429 3685; x_wconf 87' lang='lat' dir='ltr'><strong>carnis</strong></span> 
     </span>
    </p>
   </div>
   <div class='ocr_carea' id='block_1_100' title="bbox 1853 3714 3424 3783">
    <p class='ocr_par' dir='ltr' id='par_1_100' title="bbox 1853 3714 3424 3783">
     <span class='ocr_line' id='line_1_100' title="bbox 1853 3714 3424 3783; baseline 0.004 -17"><span class='ocrx_word' id='word_1_681' title='bbox 1853 3714 2123 3767; x_wconf 86' lang='lat' dir='ltr'><strong>illecebris</strong></span> <span class='ocrx_word' id='word_1_682' title='bbox 2169 3723 2222 3767; x_wconf 90' lang='lat' dir='ltr'><strong>et</strong></span> <span class='ocrx_word' id='word_1_683' title='bbox 2283 3715 2736 3783; x_wconf 89' lang='lat' dir='ltr'><strong>concupiscentiis</strong></span> <span class='ocrx_word' id='word_1_684' title='bbox 2792 3717 3019 3770; x_wconf 87' lang='lat' dir='ltr'><strong>viriliter</strong></span> <span class='ocrx_word' id='word_1_685' title='bbox 3080 3718 3424 3783; x_wconf 83' lang='lat' dir='ltr'><strong>resistentis;</strong></span> 
     </span>
    </p>
   </div>
   <div class='ocr_carea' id='block_1_101' title="bbox 1854 3805 3428 3878">
    <p class='ocr_par' dir='ltr' id='par_1_101' title="bbox 1854 3805 3428 3878">
     <span class='ocr_line' id='line_1_101' title="bbox 1854 3805 3428 3878; baseline 0.004 -21"><span class='ocrx_word' id='word_1_686' title='bbox 1854 3820 1977 3857; x_wconf 90' lang='lat' dir='ltr'><strong>cum</strong></span> <span class='ocrx_word' id='word_1_687' title='bbox 2036 3813 2214 3857; x_wconf 90' lang='lat' dir='ltr'><strong>tamen</strong></span> <span class='ocrx_word' id='word_1_688' title='bbox 2274 3805 2773 3859; x_wconf 86' lang='lat' dir='ltr'><strong>duodevicesimum</strong></span> <span class='ocrx_word' id='word_1_689' title='bbox 2832 3808 3005 3861; x_wconf 64' lang='lat' dir='ltr'><strong>aetatis</strong></span> <span class='ocrx_word' id='word_1_690' title='bbox 3051 3823 3275 3871; x_wconf 90' lang='lat' dir='ltr'><strong>annum,</strong></span> <span class='ocrx_word' id='word_1_691' title='bbox 3317 3825 3428 3878; x_wconf 86' lang='lat' dir='ltr'><strong>quo</strong></span> 
     </span>
    </p>
   </div>
   <div class='ocr_carea' id='block_1_102' title="bbox 1857 3895 3427 3967">
    <p class='ocr_par' dir='ltr' id='par_1_102' title="bbox 1857 3895 3427 3967">
     <span class='ocr_line' id='line_1_102' title="bbox 1857 3895 3427 3967; baseline 0.003 -18"><span class='ocrx_word' id='word_1_692' title='bbox 1857 3906 2099 3962; x_wconf 84' lang='lat' dir='ltr'><strong>tempore</strong></span> <span class='ocrx_word' id='word_1_693' title='bbox 2147 3895 2409 3962; x_wconf 84' lang='lat' dir='ltr'><strong>juventus</strong></span> <span class='ocrx_word' id='word_1_694' title='bbox 2465 3906 2695 3951; x_wconf 74' lang='lat' dir='ltr'><strong>aestuare</strong></span> <span class='ocrx_word' id='word_1_695' title='bbox 2724 3907 2777 3950; x_wconf 91' lang='lat' dir='ltr'><strong>et</strong></span> <span class='ocrx_word' id='word_1_696' title='bbox 2840 3898 3084 3953; x_wconf 70' lang='lat' dir='ltr'><strong>lasciiire</strong></span> <span class='ocrx_word' id='word_1_697' title='bbox 3129 3903 3427 3967; x_wconf 74' lang='lat' dir='ltr'><strong>praesertim</strong></span> 
     </span>
    </p>
   </div>
   <div class='ocr_carea' id='block_1_103' title="bbox 1864 3984 3427 4058">
    <p class='ocr_par' dir='ltr' id='par_1_103' title="bbox 1864 3984 3427 4058">
     <span class='ocr_line' id='line_1_103' title="bbox 1864 3984 3427 4058; baseline 0.003 -19"><span class='ocrx_word' id='word_1_698' title='bbox 1864 3984 2166 4049; x_wconf 77' lang='lat' dir='ltr'><strong>consuevit,</strong></span> <span class='ocrx_word' id='word_1_699' title='bbox 2222 3984 2462 4040; x_wconf 91' lang='lat' dir='ltr'><strong>nondum</strong></span> <span class='ocrx_word' id='word_1_700' title='bbox 2509 3988 2804 4056; x_wconf 76' lang='lat' dir='ltr'><strong>attigisset,</strong></span> <span class='ocrx_word' id='word_1_701' title='bbox 2866 3996 3053 4042; x_wconf 83' lang='lat' dir='ltr'><strong>centra</strong></span> <span class='ocrx_word' id='word_1_702' title='bbox 3082 3988 3259 4058; x_wconf 91' lang='lat' dir='ltr'><strong>ipsum</strong></span> <span class='ocrx_word' id='word_1_703' title='bbox 3316 3998 3427 4044; x_wconf 89' lang='lat' dir='ltr'><strong>tam</strong></span> 
     </span>
    </p>
   </div>
   <div class='ocr_carea' id='block_1_104' title="bbox 1858 4074 3426 4145">
    <p class='ocr_par' dir='ltr' id='par_1_104' title="bbox 1858 4074 3426 4145">
     <span class='ocr_line' id='line_1_104' title="bbox 1858 4074 3426 4145; baseline 0.002 -17"><span class='ocrx_word' id='word_1_704' title='bbox 1858 4074 2107 4145; x_wconf 85' lang='lat' dir='ltr'><strong>religiose</strong></span> <span class='ocrx_word' id='word_1_705' title='bbox 2156 4074 2425 4130; x_wconf 85' lang='lat' dir='ltr'><strong>viventem</strong></span> <span class='ocrx_word' id='word_1_706' title='bbox 2493 4075 2722 4129; x_wconf 86' lang='lat' dir='ltr'><strong>multum</strong></span> <span class='ocrx_word' id='word_1_707' title='bbox 2788 4077 3072 4131; x_wconf 80' lang='lat' dir='ltr'><strong>fremebat.</strong></span> <span class='ocrx_word' id='word_1_708' title='bbox 3104 4076 3232 4131; x_wconf 88' lang='lat' dir='ltr'><strong>Erat</strong></span> <span class='ocrx_word' id='word_1_709' title='bbox 3280 4079 3426 4132; x_wconf 90' lang='lat' dir='ltr'><strong>enim</strong></span> 
     </span>
    </p>
   </div>
   <div class='ocr_carea' id='block_1_105' title="bbox 1859 4165 3429 4234">
    <p class='ocr_par' dir='ltr' id='par_1_105' title="bbox 1859 4165 3429 4234">
     <span class='ocr_line' id='line_1_105' title="bbox 1859 4165 3429 4234; baseline 0.003 -16"><span class='ocrx_word' id='word_1_710' title='bbox 1859 4180 2044 4219; x_wconf 80' lang='lat' dir='ltr'><strong>revera</strong></span> <span class='ocrx_word' id='word_1_711' title='bbox 2082 4165 2398 4220; x_wconf 86' lang='lat' dir='ltr'><strong>adolescens</strong></span> <span class='ocrx_word' id='word_1_712' title='bbox 2424 4176 2645 4234; x_wconf 86' lang='lat' dir='ltr'><strong>aspectu</strong></span> <span class='ocrx_word' id='word_1_713' title='bbox 2675 4165 2971 4230; x_wconf 80' lang='lat' dir='ltr'><strong>formosus,</strong></span> <span class='ocrx_word' id='word_1_714' title='bbox 3040 4168 3281 4223; x_wconf 91' lang='lat' dir='ltr'><strong>moribus</strong></span> <span class='ocrx_word' id='word_1_715' title='bbox 3339 4185 3429 4223; x_wconf 88' lang='lat' dir='ltr'><strong>ve-</strong></span> 
     </span>
    </p>
   </div>
   <div class='ocr_carea' id='block_1_106' title="bbox 1860 4255 2544 4325">
    <p class='ocr_par' dir='ltr' id='par_1_106' title="bbox 1860 4255 2544 4325">
     <span class='ocr_line' id='line_1_106' title="bbox 1860 4255 2544 4325; baseline 0.003 -16"><span class='ocrx_word' id='word_1_716' title='bbox 1860 4255 2151 4321; x_wconf 87' lang='lat' dir='ltr'><strong>recundus,</strong></span> <span class='ocrx_word' id='word_1_717' title='bbox 2207 4270 2499 4325; x_wconf 82' lang='lat' dir='ltr'><strong>generosus</strong></span> <span class='ocrx_word' id='word_1_718' title='bbox 2529 4297 2544 4321; x_wconf 91' lang='lat'><strong>,</strong></span> 
     </span>
    </p>
   </div>
   <div class='ocr_carea' id='block_1_107' title="bbox 1857 4349 2613 4413">
    <p class='ocr_par' dir='ltr' id='par_1_107' title="bbox 1857 4349 2613 4413">
     <span class='ocr_line' id='line_1_107' title="bbox 1857 4349 2613 4413; baseline 0.003 -12"><span class='ocrx_word' id='word_1_719' title='bbox 1857 4349 2270 4403; x_wconf 85' lang='lat' dir='ltr'><strong>conversatione</strong></span> <span class='ocrx_word' id='word_1_720' title='bbox 2343 4350 2572 4403; x_wconf 89' lang='lat' dir='ltr'><strong>melleus</strong></span> <span class='ocrx_word' id='word_1_721' title='bbox 2597 4390 2613 4413; x_wconf 95' lang='lat'><strong>,</strong></span> 
     </span>
    </p>
   </div>
   <div class='ocr_carea' id='block_1_108' title="bbox 2618 4258 3428 4325">
    <p class='ocr_par' dir='ltr' id='par_1_108' title="bbox 2618 4258 3428 4325">
     <span class='ocr_line' id='line_1_108' title="bbox 2618 4258 3428 4325; baseline 0.004 -13"><span class='ocrx_word' id='word_1_722' title='bbox 2618 4258 2886 4325; x_wconf 86' lang='lat' dir='ltr'><strong>blandus,</strong></span> <span class='ocrx_word' id='word_1_723' title='bbox 2950 4270 3302 4324; x_wconf 91' lang='lat' dir='ltr'><strong>mansuetus,</strong></span> <span class='ocrx_word' id='word_1_724' title='bbox 3371 4264 3428 4315; x_wconf 94' lang='lat' dir='ltr'><strong>in</strong></span> 
     </span>
    </p>
   </div>
   <div class='ocr_carea' id='block_1_109' title="bbox 2688 4351 3425 4407">
    <p class='ocr_par' dir='ltr' id='par_1_109' title="bbox 2688 4351 3425 4407">
     <span class='ocr_line' id='line_1_109' title="bbox 2688 4351 3425 4407; baseline 0.001 -5"><span class='ocrx_word' id='word_1_725' title='bbox 2688 4359 2798 4404; x_wconf 93' lang='lat' dir='ltr'><strong>toto</strong></span> <span class='ocrx_word' id='word_1_726' title='bbox 2870 4351 3017 4404; x_wconf 84' lang='lat' dir='ltr'><strong>vultu</strong></span> <span class='ocrx_word' id='word_1_727' title='bbox 3098 4351 3425 4407; x_wconf 86' lang='lat' dir='ltr'><strong>hilaritatem</strong></span> 
     </span>
    </p>
   </div>
   <div class='ocr_carea' id='block_1_110' title="bbox 1856 4438 3430 4511">
    <p class='ocr_par' dir='ltr' id='par_1_110' title="bbox 1856 4438 3430 4511">
     <span class='ocr_line' id='line_1_110' title="bbox 1856 4438 3430 4511; baseline 0.004 -20"><span class='ocrx_word' id='word_1_728' title='bbox 1856 4438 2147 4507; x_wconf 72' lang='lat' dir='ltr'><strong>pmierens</strong></span> <span class='ocrx_word' id='word_1_729' title='bbox 2186 4476 2200 4501; x_wconf 88' lang='lat'><strong>,</strong></span> <span class='ocrx_word' id='word_1_730' title='bbox 2272 4438 2504 4507; x_wconf 89' lang='lat' dir='ltr'><strong>denique</strong></span> <span class='ocrx_word' id='word_1_731' title='bbox 2577 4439 2631 4492; x_wconf 92' lang='lat' dir='ltr'><strong>in</strong></span> <span class='ocrx_word' id='word_1_732' title='bbox 2682 4440 2853 4495; x_wconf 84' lang='lat' dir='ltr'><strong>sacris</strong></span> <span class='ocrx_word' id='word_1_733' title='bbox 2909 4439 3131 4496; x_wconf 89' lang='lat' dir='ltr'><strong>Litteris</strong></span> <span class='ocrx_word' id='word_1_734' title='bbox 3187 4445 3430 4511; x_wconf 88' lang='lat' dir='ltr'><strong>apprime</strong></span> 
     </span>
    </p>
   </div>
   <div class='ocr_carea' id='block_1_111' title="bbox 2219 4529 3425 4598">
    <p class='ocr_par' dir='ltr' id='par_1_111' title="bbox 2219 4529 3425 4598">
     <span class='ocr_line' id='line_1_111' title="bbox 2219 4529 3425 4598; baseline 0.005 -17"><span class='ocrx_word' id='word_1_735' title='bbox 2219 4529 2589 4598; x_wconf 78' lang='lat' dir='ltr'><strong>Rapiebautur</strong></span> <span class='ocrx_word' id='word_1_736' title='bbox 2668 4534 2830 4585; x_wconf 87' lang='lat' dir='ltr'><strong>etiam</strong></span> <span class='ocrx_word' id='word_1_737' title='bbox 2899 4533 2950 4586; x_wconf 94' lang='lat' dir='ltr'><strong>in</strong></span> <span class='ocrx_word' id='word_1_738' title='bbox 3009 4534 3425 4587; x_wconf 84' lang='lat' dir='ltr'><strong>admirationem</strong></span> 
     </span>
    </p>
   </div>
   <div class='ocr_carea' id='block_1_112' title="bbox 1866 4614 3426 4692">
    <p class='ocr_par' dir='ltr' id='par_1_112' title="bbox 1866 4614 3426 4692">
     <span class='ocr_line' id='line_1_112' title="bbox 1866 4614 3426 4692; baseline 0.004 -23"><span class='ocrx_word' id='word_1_739' title='bbox 1866 4616 1902 4669; x_wconf 88' lang='lat' dir='ltr'><strong>ii</strong></span> <span class='ocrx_word' id='word_1_740' title='bbox 1929 4614 2021 4685; x_wconf 92' lang='lat' dir='ltr'><strong>qui</strong></span> <span class='ocrx_word' id='word_1_741' title='bbox 2086 4616 2365 4684; x_wconf 75' lang='lat' dir='ltr'><strong>sapientia:</strong></span> <span class='ocrx_word' id='word_1_742' title='bbox 2418 4618 2597 4673; x_wconf 87' lang='lat' dir='ltr'><strong>studio</strong></span> <span class='ocrx_word' id='word_1_743' title='bbox 2665 4618 2872 4688; x_wconf 91' lang='lat' dir='ltr'><strong>seipsos</strong></span> <span class='ocrx_word' id='word_1_744' title='bbox 2925 4636 3213 4691; x_wconf 84' lang='lat' dir='ltr'><strong>rerumque</strong></span> <span class='ocrx_word' id='word_1_745' title='bbox 3239 4624 3426 4692; x_wconf 77' lang='lat' dir='ltr'><strong>cogni-</strong></span> 
     </span>
    </p>
   </div>
   <div class='ocr_carea' id='block_1_113' title="bbox 1868 4707 3431 4782">
    <p class='ocr_par' dir='ltr' id='par_1_113' title="bbox 1868 4707 3431 4782">
     <span class='ocr_line' id='line_1_113' title="bbox 1868 4707 3431 4782; baseline 0.005 -22"><span class='ocrx_word' id='word_1_746' title='bbox 1868 4707 1999 4760; x_wconf 91' lang='lat' dir='ltr'><strong>tioni</strong></span> <span class='ocrx_word' id='word_1_747' title='bbox 2043 4715 2185 4761; x_wconf 89' lang='lat' dir='ltr'><strong>totos</strong></span> <span class='ocrx_word' id='word_1_748' title='bbox 2218 4707 2560 4774; x_wconf 80' lang='lat' dir='ltr'><strong>addixeram,</strong></span> <span class='ocrx_word' id='word_1_749' title='bbox 2612 4718 2892 4778; x_wconf 85' lang='lat' dir='ltr'><strong>perspecta</strong></span> <span class='ocrx_word' id='word_1_750' title='bbox 2938 4710 3221 4782; x_wconf 80' lang='lat' dir='ltr'><strong>Epiphanii</strong></span> <span class='ocrx_word' id='word_1_751' title='bbox 3250 4714 3431 4768; x_wconf 84' lang='lat' dir='ltr'><strong>scien-</strong></span> 
     </span>
    </p>
   </div>
   <div class='ocr_carea' id='block_1_114' title="bbox 1874 4797 3428 4873">
    <p class='ocr_par' dir='ltr' id='par_1_114' title="bbox 1874 4797 3428 4873">
     <span class='ocr_line' id='line_1_114' title="bbox 1874 4797 3428 4873; baseline 0.004 -24"><span class='ocrx_word' id='word_1_752' title='bbox 1874 4798 1966 4863; x_wconf 85' lang='lat' dir='ltr'><strong>tia,</strong></span> <span class='ocrx_word' id='word_1_753' title='bbox 2000 4797 2308 4867; x_wconf 87' lang='lat' dir='ltr'><strong>auditisque</strong></span> <span class='ocrx_word' id='word_1_754' title='bbox 2374 4799 2708 4867; x_wconf 84' lang='lat' dir='ltr'><strong>sapientibus</strong></span> <span class='ocrx_word' id='word_1_755' title='bbox 2739 4801 3014 4870; x_wconf 88' lang='lat' dir='ltr'><strong>responsis</strong></span> <span class='ocrx_word' id='word_1_756' title='bbox 3044 4802 3110 4857; x_wconf 85' lang='lat' dir='ltr'><strong>de</strong></span> <span class='ocrx_word' id='word_1_757' title='bbox 3138 4803 3428 4873; x_wconf 81' lang='lat' dir='ltr'><strong>theologia,</strong></span> 
     </span>
    </p>
   </div>
   <div class='ocr_carea' id='block_1_115' title="bbox 1862 4994 3425 5083">
    <p class='ocr_par' dir='ltr' id='par_1_115' title="bbox 1862 4994 3425 5083">
     <span class='ocr_line' id='line_1_115' title="bbox 1862 4994 3425 5083; baseline 0.004 -35"><span class='ocrx_word' id='word_1_758' title='bbox 1862 4997 2085 5083; x_wconf 70' lang='grc' dir='ltr'>πρεπῶς</span> <span class='ocrx_word' id='word_1_759' title='bbox 2137 4998 2230 5051; x_wconf 77' lang='grc' dir='ltr'>καὶ</span> <span class='ocrx_word' id='word_1_760' title='bbox 2289 4997 2593 5067; x_wconf 81' lang='grc' dir='ltr'>θεαρέστως</span> <span class='ocrx_word' id='word_1_761' title='bbox 2652 4999 3160 5070; x_wconf 79' lang='grc' dir='ltr'>ἀναστρεφόμενος·</span> <span class='ocrx_word' id='word_1_762' title='bbox 3224 4994 3290 5071; x_wconf 77' lang='grc' dir='ltr'>ἦν</span> <span class='ocrx_word' id='word_1_763' title='bbox 3319 5000 3425 5054; x_wconf 84' lang='grc' dir='ltr'>δὲὸ</span> 
     </span>
    </p>
   </div>
   <div class='ocr_carea' id='block_1_116' title="bbox 1863 5083 2008 5127">
    <p class='ocr_par' dir='ltr' id='par_1_116' title="bbox 1863 5083 2008 5127">
     <span class='ocr_line' id='line_1_116' title="bbox 1863 5083 2008 5127; baseline 0.014 -9"><span class='ocrx_word' id='word_1_764' title='bbox 1863 5083 2008 5127; x_wconf 80' lang='grc' dir='ltr'>παις.</span> 
     </span>
    </p>
   </div>
   <div class='ocr_carea' id='block_1_117' title="bbox 1934 5135 3428 5207">
    <p class='ocr_par' dir='ltr' id='par_1_117' title="bbox 1934 5135 3428 5207">
     <span class='ocr_line' id='line_1_117' title="bbox 1934 5135 3428 5207; baseline 0.004 -19"><span class='ocrx_word' id='word_1_765' title='bbox 1934 5138 2043 5207; x_wconf 78' lang='lat' dir='ltr'><strong>(6i)</strong></span> <span class='ocrx_word' id='word_1_766' title='bbox 2102 5135 2199 5191; x_wconf 79' lang='lat' dir='ltr'><strong>Ms.</strong></span> <span class='ocrx_word' id='word_1_767' title='bbox 2254 5136 2425 5207; x_wconf 13' lang='lat' dir='ltr'><strong>VVatic.</strong></span> <span class='ocrx_word' id='word_1_768' title='bbox 2465 5137 2731 5207; x_wconf 80' lang='lat' dir='ltr'><strong>prolixius</strong></span> <span class='ocrx_word' id='word_1_769' title='bbox 2788 5140 2899 5191; x_wconf 65' lang='lat' dir='ltr'><strong>haec</strong></span> <span class='ocrx_word' id='word_1_770' title='bbox 2942 5153 2955 5189; x_wconf 91' lang='lat'><strong>:</strong></span> <span class='ocrx_word' id='word_1_771' title='bbox 2999 5138 3335 5207; x_wconf 77' lang='grc' dir='ltr'>ὁμιλούντων</span> <span class='ocrx_word' id='word_1_772' title='bbox 3370 5142 3428 5195; x_wconf 82' lang='grc' dir='ltr'>δὲ</span> 
     </span>
    </p>
   </div>
   <div class='ocr_carea' id='block_1_118' title="bbox 1862 5206 3425 5279">
    <p class='ocr_par' dir='ltr' id='par_1_118' title="bbox 1862 5206 3425 5279">
     <span class='ocr_line' id='line_1_118' title="bbox 1862 5206 3425 5279; baseline 0.001 -20"><span class='ocrx_word' id='word_1_773' title='bbox 1862 5206 2038 5279; x_wconf 74' lang='grc' dir='ltr'>αὑτῷν</span> <span class='ocrx_word' id='word_1_774' title='bbox 2056 5207 2161 5279; x_wconf 74' lang='grc' dir='ltr'>τῶν</span> <span class='ocrx_word' id='word_1_775' title='bbox 2179 5206 2339 5279; x_wconf 81' lang='grc' dir='ltr'>θείων</span> <span class='ocrx_word' id='word_1_776' title='bbox 2358 5206 2622 5279; x_wconf 35' lang='grc' dir='ltr'>λόγωνῌὼς</span> <span class='ocrx_word' id='word_1_777' title='bbox 2646 5208 2834 5277; x_wconf 85' lang='grc' dir='ltr'>κηρίον</span> <span class='ocrx_word' id='word_1_778' title='bbox 2854 5206 3067 5279; x_wconf 67' lang='grc' dir='ltr'>μέλιτος</span> <span class='ocrx_word' id='word_1_779' title='bbox 3093 5208 3425 5279; x_wconf 81' lang='grc' dir='ltr'>αἰσθόμενοι,</span> 
     </span>
    </p>
   </div>
   <div class='ocr_carea' id='block_1_119' title="bbox 1862 5274 3430 5345">
    <p class='ocr_par' dir='ltr' id='par_1_119' title="bbox 1862 5274 3430 5345">
     <span class='ocr_line' id='line_1_119' title="bbox 1862 5274 3430 5345; baseline 0.004 -18"><span class='ocrx_word' id='word_1_780' title='bbox 1862 5278 1909 5327; x_wconf 81' lang='grc' dir='ltr'><strong>οἱ</strong></span> <span class='ocrx_word' id='word_1_781' title='bbox 1934 5275 2040 5329; x_wconf 83' lang='grc' dir='ltr'><strong>τῶν</strong></span> <span class='ocrx_word' id='word_1_782' title='bbox 2080 5276 2341 5345; x_wconf 78' lang='grc' dir='ltr'>ῥημάτων</span> <span class='ocrx_word' id='word_1_783' title='bbox 2390 5274 2553 5327; x_wconf 80' lang='grc' dir='ltr'>αὑτοῦ</span> <span class='ocrx_word' id='word_1_784' title='bbox 2593 5274 2879 5339; x_wconf 80' lang='grc' dir='ltr'>ἀκούοντες</span> <span class='ocrx_word' id='word_1_785' title='bbox 2913 5293 2927 5307; x_wconf 87' lang='grc'><strong>·</strong></span> <span class='ocrx_word' id='word_1_786' title='bbox 2966 5295 2985 5327; x_wconf 78' lang='grc' dir='ltr'><strong>ι</strong></span> <span class='ocrx_word' id='word_1_787' title='bbox 3028 5277 3131 5342; x_wconf 87' lang='lat' dir='ltr'><strong>Qui</strong></span> <span class='ocrx_word' id='word_1_788' title='bbox 3161 5274 3336 5334; x_wconf 81' lang='lat' dir='ltr'><strong>autem</strong></span> <span class='ocrx_word' id='word_1_789' title='bbox 3364 5284 3430 5334; x_wconf 86' lang='lat' dir='ltr'><strong>de</strong></span> 
     </span>
    </p>
   </div>
   <div class='ocr_carea' id='block_1_120' title="bbox 1864 5345 3428 5414">
    <p class='ocr_par' dir='ltr' id='par_1_120' title="bbox 1864 5345 3428 5414">
     <span class='ocr_line' id='line_1_120' title="bbox 1864 5345 3428 5414; baseline 0.001 -15"><span class='ocrx_word' id='word_1_790' title='bbox 1864 5345 2271 5414; x_wconf 15' lang='lat' dir='ltr'><strong>divinisirebus</strong></span> <span class='ocrx_word' id='word_1_791' title='bbox 2322 5345 2682 5413; x_wconf 82' lang='lat' dir='ltr'><strong>loquebantur</strong></span> <span class='ocrx_word' id='word_1_792' title='bbox 2735 5360 2821 5407; x_wconf 88' lang='lat' dir='ltr'><strong>eo,</strong></span> <span class='ocrx_word' id='word_1_793' title='bbox 2852 5356 3112 5414; x_wconf 86' lang='lat' dir='ltr'><strong>tanquam</strong></span> <span class='ocrx_word' id='word_1_794' title='bbox 3141 5348 3428 5413; x_wconf 85' lang='lat' dir='ltr'><strong>degustato</strong></span> 
     </span>
    </p>
   </div>
   <div class='ocr_carea' id='block_1_121' title="bbox 1866 5413 3424 5477">
    <p class='ocr_par' dir='ltr' id='par_1_121' title="bbox 1866 5413 3424 5477">
     <span class='ocr_line' id='line_1_121' title="bbox 1866 5413 3424 5477; baseline 0 -9"><span class='ocrx_word' id='word_1_795' title='bbox 1866 5415 2040 5468; x_wconf 87' lang='lat' dir='ltr'><strong>mellis</strong></span> <span class='ocrx_word' id='word_1_796' title='bbox 2075 5413 2198 5467; x_wconf 80' lang='lat' dir='ltr'><strong>favo</strong></span> <span class='ocrx_word' id='word_1_797' title='bbox 2221 5415 2652 5477; x_wconf 86' lang='lat' dir='ltr'><strong>delectabantur,</strong></span> <span class='ocrx_word' id='word_1_798' title='bbox 2683 5413 2978 5470; x_wconf 89' lang='lat' dir='ltr'><strong>audiendo</strong></span> <span class='ocrx_word' id='word_1_799' title='bbox 3002 5417 3162 5469; x_wconf 88' lang='lat' dir='ltr'><strong>verba</strong></span> <span class='ocrx_word' id='word_1_800' title='bbox 3196 5416 3363 5472; x_wconf 79' lang='lat' dir='ltr'><strong>illius.</strong></span> <span class='ocrx_word' id='word_1_801' title='bbox 3405 5436 3424 5468; x_wconf 74' lang='grc' dir='ltr'><strong>ι</strong></span> 
     </span>
    </p>
   </div>
   <div class='ocr_carea' id='block_1_122' title="bbox 1937 5484 3430 5555">
    <p class='ocr_par' dir='ltr' id='par_1_122' title="bbox 1937 5484 3430 5555">
     <span class='ocr_line' id='line_1_122' title="bbox 1937 5484 3430 5555; baseline 0.001 -20"><span class='ocrx_word' id='word_1_802' title='bbox 1937 5484 2271 5555; x_wconf 57' lang='grc' dir='ltr'>(δηιειιιιξε</span> <span class='ocrx_word' id='word_1_803' title='bbox 2305 5484 2573 5555; x_wconf 68' lang='grc' dir='ltr'>Πολλάκις</span> <span class='ocrx_word' id='word_1_804' title='bbox 2607 5484 2715 5555; x_wconf 83' lang='grc' dir='ltr'>γὰρ</span> <span class='ocrx_word' id='word_1_805' title='bbox 2748 5487 3012 5555; x_wconf 88' lang='grc' dir='ltr'>συνήρουν</span> <span class='ocrx_word' id='word_1_806' title='bbox 3054 5485 3214 5554; x_wconf 84' lang='grc' dir='ltr'>ὄρους</span> <span class='ocrx_word' id='word_1_807' title='bbox 3238 5487 3430 5551; x_wconf 81' lang='grc' dir='ltr'>σοφίας</span> 
     </span>
    </p>
   </div>
   <div class='ocr_carea' id='block_1_123' title="bbox 1870 5552 3429 5622">
    <p class='ocr_par' dir='ltr' id='par_1_123' title="bbox 1870 5552 3429 5622">
     <span class='ocr_line' id='line_1_123' title="bbox 1870 5552 3429 5622; baseline 0.003 -18"><span class='ocrx_word' id='word_1_808' title='bbox 1870 5554 1983 5622; x_wconf 82' lang='grc' dir='ltr'>μετ’</span> <span class='ocrx_word' id='word_1_809' title='bbox 2012 5553 2187 5606; x_wconf 83' lang='grc' dir='ltr'>αὐτῶν</span> <span class='ocrx_word' id='word_1_810' title='bbox 2216 5554 2271 5607; x_wconf 91' lang='lat' dir='ltr'><strong>in</strong></span> <span class='ocrx_word' id='word_1_811' title='bbox 2304 5552 2402 5607; x_wconf 81' lang='lat' dir='ltr'><strong>Ms.</strong></span> <span class='ocrx_word' id='word_1_812' title='bbox 2428 5552 2627 5607; x_wconf 75' lang='lat' dir='ltr'><strong>Mazar.</strong></span> <span class='ocrx_word' id='word_1_813' title='bbox 2652 5552 2973 5619; x_wconf 81' lang='lat' dir='ltr'><strong>desiderata,</strong></span> <span class='ocrx_word' id='word_1_814' title='bbox 2996 5552 3429 5611; x_wconf 76' lang='lat' dir='ltr'><strong>cunudmodum</strong></span> 
     </span>
    </p>
   </div>
   <div class='ocr_carea' id='block_1_124' title="bbox 1866 5623 3427 5703">
    <p class='ocr_par' dir='ltr' id='par_1_124' title="bbox 1866 5623 3427 5703">
     <span class='ocr_line' id='line_1_124' title="bbox 1866 5623 3427 5703; baseline 0.002 -27"><span class='ocrx_word' id='word_1_815' title='bbox 1866 5626 2100 5703; x_wconf 84' lang='lat' dir='ltr'><strong>obseura</strong></span> <span class='ocrx_word' id='word_1_816' title='bbox 2129 5624 2301 5703; x_wconf 50' lang='lat' dir='ltr'><strong>ervi:</strong></span> <span class='ocrx_word' id='word_1_817' title='bbox 2331 5623 2685 5692; x_wconf 87' lang='lat' dir='ltr'><strong>intelligibilia</strong></span> <span class='ocrx_word' id='word_1_818' title='bbox 2738 5626 2868 5693; x_wconf 86' lang='lat' dir='ltr'><strong>sint,</strong></span> <span class='ocrx_word' id='word_1_819' title='bbox 2908 5642 2939 5680; x_wconf 76' lang='grc' dir='ltr'><strong>ο</strong></span> <span class='ocrx_word' id='word_1_820' title='bbox 2984 5636 3175 5680; x_wconf 89' lang='lat' dir='ltr'><strong>nostro</strong></span> <span class='ocrx_word' id='word_1_821' title='bbox 3207 5641 3427 5697; x_wconf 83' lang='lat' dir='ltr'><strong>quoque</strong></span> 
     </span>
    </p>
   </div>
   <div class='ocr_carea' id='block_1_125' title="bbox 1866 5702 2231 5749">
    <p class='ocr_par' dir='ltr' id='par_1_125' title="bbox 1866 5702 2231 5749">
     <span class='ocr_line' id='line_1_125' title="bbox 1866 5702 2231 5749; baseline -0.003 -1"><span class='ocrx_word' id='word_1_822' title='bbox 1866 5702 2011 5749; x_wconf 64' lang='lat' dir='ltr'><strong>textu</strong></span> <span class='ocrx_word' id='word_1_823' title='bbox 2031 5702 2231 5748; x_wconf 74' lang='lat' dir='ltr'><strong>exemi.</strong></span> 
     </span>
    </p>
   </div>
   <div class='ocr_carea' id='block_1_126' title="bbox 2967 5848 3047 5906">
    <p class='ocr_par' dir='ltr' id='par_1_126' title="bbox 2967 5848 3047 5906">
     <span class='ocr_line' id='line_1_126' title="bbox 2967 5848 3047 5906; baseline 0.013 -1"><span class='ocrx_word' id='word_1_824' title='bbox 2967 5848 3047 5906; x_wconf 77' lang='lat'><strong>2&#39;2.</strong></span> 
     </span>
    </p>
   </div>
  </div>
