4202 6430
796 371 901 433 683
1851 374 2267 436 NICEPHORI
2310 376 2371 435 Pl

2443 377 2780 441 ESBYTERI
2822 383 2931 441 cr.
3919 390 4029 455 ρει

794 487 859 539 de
907 483 1126 544 vocibus
1155 486 1569 555 anagogicis,dc
1614 487 2005 554 quaestionibus
2054 488 2357 556 proverbia-

2478 491 2533 544 ⁹Ο
2553 492 2606 544 δὲ
2636 492 2925 561 γενόμενος
2948 493 3123 556 έννεὸς
3164 493 3299 564 πρὸς
3326 493 3419 555 τὰς
3445 495 3813 566 ἐπερωτήσεις
3844 498 4028 551 αὐτῶν

795 576 960 637 libus,
998 576 1063 628 de
1116 575 1240 628 titlei
1296 576 1661 645 dogmatibus,
1697 578 1761 630 de
1801 577 2353 645 incomprehensibili.

2458 583 2899 648 ταπεινοφρόνως
2927 583 3278 652 ἁπεκρίνατο.
3320 585 3457 653 Ἐρῶ
3492 585 3547 639 δὲ
3583 591 3708 655 περὶ
3730 589 3891 640 αὑτοῦ
3927 593 4024 641 ἓν).

792 671 858 723 de
907 670 1255 725 meditatione
1322 670 1529 731 mortis,
1588 669 1655 723 tle
1725 669 2025 723 humilitate
2075 670 2355 737 perfecta:

2462 671 2637 738 λόγον,
2695 674 2789 726 καὶ
2824 669 2926 724 εἷο*
2970 675 3141 736 οὕτως
3175 674 3271 745 τὴν
3326 678 3580 748 ἀπειλὴν,
3616 677 3684 746 ἦν
3716 682 3742 731 ό
3770 680 4020 743 Σατανᾶς

797 761 1160 828 respondi-bat
1228 775 1351 814 vero
1422 760 1488 812 ad
1543 759 1871 829 interrogata
1915 774 2103 813 eorum
2148 774 2361 813 summa

2471 761 2776 833 ineilqcav,
2800 764 3215 836 ἀπογράψομαι.
3606 780 3615 784 “

791 867 916 905 cum
978 852 1241 905 modestia
1296 861 1350 905 et
1441 852 1767 907 humilitate.
1803 851 1876 906 De
1936 851 2039 905 hoc
2098 859 2276 904 autem
2339 849 2689 909 adolescente
2731 854 2917 924 paucis
2974 858 3241 925 agendum
3285 859 3418 913 mihi
3464 861 3624 916 modo
3669 872 3789 927 est;
3826 862 4023 917 deinde

866 1035 949 1090 ιο.
1000 1035 1240 1100 Quodam
1304 1038 1391 1091 die
1446 1052 1566 1090 cum
1635 1035 1950 1106 parentibus
2002 1037 2359 1090 accumbebat

794 1142 992 1179 mensa:
1058 1125 1431 1196 Epiphanius,
1494 1127 1823 1197 aderantque
1880 1128 2067 1181 eodem
2146 1127 2354 1191 vocati,

790 1218 1094 1285 philosophi
1157 1216 1381 1285 aliquot,
1428 1218 1741 1284 parentibus
1790 1217 1935 1271 illius
1978 1230 2235 1286 perquam
2270 1214 2354 1269 fa-

790 1307 1061 1374 miliares;
1099 1308 1240 1360 haud
1276 1308 1471 1375 ignari,
1501 1318 1702 1377 quanta
1734 1308 2068 1377 Epiphanius
2087 1308 2351 1377 sapientia

786 1412 838 1453 et
873 1400 1359 1469 disputantlicopia
1384 1410 1661 1469 praestaret
1700 1399 2097 1468 :quamobrem
2122 1399 2352 1453 avebant

787 1493 840 1546 in
903 1492 1091 1560 primis
1154 1493 1419 1545 disserere
1460 1505 1583 1545 cum
1620 1489 1758 1558 ipso,
1817 1489 1910 1544 sed
1942 1489 2345 1553 inhibebantur,

785 1582 927 1648 quod
961 1584 1127 1651 probe
1160 1581 1458 1647 novissent,
1490 1590 1820 1650 quantopere
1842 1582 1908 1635 ad
1965 1580 2345 1649 diSputandum

787 1671 1089 1738 pnecipites
1145 1670 1259 1738 ipse
1282 1670 1659 1735 detestaretur,
1690 1685 1890 1739 eosque
1916 1684 2173 1724 aversans
2201 1669 2349 1721 nullo

694 1008 698 1011 I
791 946 1253 1007 terriculamenta,
1284 960 1406 1013 quae
1426 946 1651 999 Satanas
1673 947 1720 998 ei
1767 944 2006 997 minatus
2028 951 2131 1007 est,
2157 944 2525 1013 descriptum.

2509 1031 2627 1098 μς¹.
2654 1036 2769 1106 Μιᾷ
2793 1035 2847 1088 δέ
2869 1035 2977 1088 τῶν
2995 1037 3219 1106 ἡμερῶν
3243 1040 3301 1090 ἐν
3324 1042 3387 1109 τῇ
3415 1043 3659 1110 τραπέζῃ
3684 1044 3789 1097 τῶν
3811 1045 4017 1111 γονέων

2440 1123 2604 1176 αὑτοῦ
2641 1126 3036 1197 καθεζόμενος,
3072 1122 3215 1197 ἦσαν
3253 1132 3346 1183 καί
3384 1132 3497 1202 (ϋὸ)
3541 1149 3685 1197 τινες
3721 1136 3831 1188 τῶν
3865 1140 4019 1205 φιλε-

2462 1214 2635 1285 σόφων
2690 1218 2871 1273 ἐκεῖσε
2925 1221 3275 1290 κεκλημένοι,
3336 1225 3478 1289 φίλοι
3539 1224 3874 1292 ὑπάρχοντες
3909 1226 4017 1277 τῶν

2458 1309 2660 1376 γονέων
2715 1309 2879 1362 αὐτοῦ
2913 1351 2927 1375 ,
2990 1313 3085 1365 καὶ
3140 1314 3504 1380 γινώσκοντες
3551 1316 3642 1368 τὸν
3702 1316 4017 1382 Ἐπιφάνιον

2459 1397 2732 1468 περιφανῆ
2787 1396 2929 1455 εἶναι
2986 1404 3043 1455 ἐν
3097 1403 3256 1473 σοφίᾳ
3312 1405 3405 1457 καὶ
3463 1409 3580 1468 ταῖς
3636 1406 4017 1476 συζητησεσιν.

2464 1487 2845 1558 Ἐγλίχοντολδὲ
2874 1495 3102 1561 συνᾶραι
3145 1495 3301 1562 λόγον
3332 1494 3448 1563 μετ’
3481 1496 3645 1547 αὐτοῦ
3678 1496 3810 1565 (οι),
3872 1495 4014 1548 ἀλλα

2454 1581 2881 1644 συνεστέλλοντο,
2930 1584 3127 1647 εἰδότες
3158 1586 3232 1649 ὡς
3270 1588 3394 1649 τοὺς
3434 1589 3723 1656 προπετεῖς
3771 1587 4014 1639 ἐϐδελύγ

2455 1686 2577 1722 σετο
2630 1670 2725 1723 καὶ
2789 1672 3179 1742 ἀπεστρέφετο,
3220 1676 3293 1744 μὴ
3349 1676 3592 1740 ἀπαξιῶν
3646 1677 4013 1743 ἀποκρίσεως.

784 1766 1098 1833 dignaretur
1128 1776 1413 1833 responso.
1447 1759 1603 1815 Unus
1649 1762 1809 1832 igitur
1834 1761 2048 1815 illorum
2076 1761 2140 1813 ad
2174 1760 2351 1813 socios

2452 1760 2613 1827 Λέγει
2662 1758 2762 1814 οὖν
2792 1761 2873 1826 εἷς
2906 1763 2965 1827 ἐξ
3016 1764 3198 1816 αὐτῶν
3227 1768 3361 1834 προς
3391 1769 3515 1830 τοὺς
3540 1767 3806 1836 ἑταίρους
3845 1766 4015 1832 Πηλί-

782 1867 1111 1922 conversus,
1165 1854 1470 1923 Quomodo,
1543 1855 1737 1923 inquit,
1786 1853 2014 1922 gignens
2074 1851 2263 1913 Pater,
2296 1860 2350 1904 et

784 1948 953 2002 Filius
980 1949 1197 2017 genitus
1244 1949 1485 2018 ejusdem
1525 1956 1731 2001 natura:
1756 1954 1809 1997 et
1836 1944 2153 1997 substantia:
2196 1953 2344 2006 sunt,

786 2039 1037 2107 idemque
1086 2048 1140 2093 et
1189 2039 1497 2109 intelligunt
1535 2046 1587 2091 et
1649 2034 1871 2088 volunt?
1920 2032 2014 2093 Eo,
2078 2033 2153 2085 ait
2191 2032 2345 2096 alter,

784 2131 966 2193 modo,
1010 2146 1119 2199 quo
1174 2145 1329 2183 mens
1384 2139 1439 2182 et
1484 2128 1791 2181 intellectus
1840 2125 1982 2179 idem
2037 2132 2198 2188 sunt,
2256 2125 2347 2190 qui

784 2230 971 2275 mutua
1004 2221 1387 2291 conjunctione
1424 2220 1796 2282 consentiunt,
1828 2229 1882 2270 nt
1914 2218 2155 2285 corporis
2182 2220 2351 2270 mem-

781 2316 876 2368 bra
929 2314 1112 2367 omnia
1174 2323 1319 2368 recte
1353 2312 1744 2379 gubernentur.
1770 2308 1907 2361 Tum
1955 2308 2347 2377 philos0phns:

784 2405 1174 2470 Qumstionem,
1197 2403 1413 2456 homine
1438 2401 1724 2470 grandazvo
1751 2401 1967 2468 dignam
1990 2399 2347 2465 assumpsisti,

782 2512 1012 2566 eamque
1046 2496 1263 2550 disertis
1327 2493 1505 2547 verbis
1534 2491 1855 2560 explicatam
1888 2506 1901 2553 ;
1954 2499 2347 2550 verumtamen,

780 2589 1053 2658 quomodo
1087 2588 1301 2642 medius
1334 2587 1473 2639 inter
1502 2584 1626 2637 illos
1644 2590 1725 2636 est
1748 2579 2021 2649 Spiritus?
2055 2578 2350 2647 Respondit

780 2683 914 2735 alter
950 2698 962 2733 :
995 2678 1284 2741 Nimirum,
1318 2677 1393 2729 uti
1431 2675 1667 2742 cognitio
1702 2674 2031 2737 intellecws,
2072 2679 2124 2724 et
2157 2686 2348 2740 appre-

782 2772 975 2826 hensio
1028 2769 1274 2824 fantasia!
1334 2768 1621 2834 imunum
1688 2778 2015 2818 concurrere
2067 2762 2263 2825 sciunt,
2296 2769 2352 2814 ut

782 2861 1051 2929 inspirent
1117 2858 1473 2909 voluntatem.
1544 2855 1663 2918 Quo
1710 2853 1926 2905 laudato
1968 2850 2296 2904 :lilanil‘esta
2332 2890 2347 2915 ,

779 2946 955 3015 inquit
996 2944 1380 3013 Pliil050pl-us,
1407 2943 1803 3013 propositarum
1830 2939 2189 3008 quaestionum
2245 2939 2348 2993 ista

778 3038 980 3091 solutio
1010 3047 1113 3091 est.
1145 3037 1416 3100 Attamen,
1439 3035 1665 3088 Domine
1690 3032 1980 3101 Epiphani,
2007 3031 2170 3085 dicito
2192 3031 2348 3084 nobis

779 3138 834 3181 tu
871 3143 1085 3197 quoque
1116 3166 1130 3189 ,
1192 3127 1381 3195 quales
1415 3125 1510 3177 tibi
1549 3125 1664 3177 istae
1712 3124 1996 3175 sententiae
2028 3121 2344 3174 videantur:

779 3234 897 3287 age,
922 3217 1194 3280 melliliue,
1229 3214 1412 3284 profer
1452 3216 1502 3267 in
1540 3214 1799 3273 medium,
1851 3212 1992 3280 quod
2024 3226 2207 3264 verum
2250 3225 2347 3278 pu-

784 3321 883 3364 tas.
950 3308 1258 3376 liespondt-t
1304 3305 1639 3373 Epiphanius
1678 3324 1690 3357 :
1717 3304 1826 3354 Mea
1853 3315 2013 3355 causa
2040 3301 2139 3353 iste
2167 3314 2346 3353 sermo

779 3401 1059 3455 institutus
1112 3409 1237 3462 est,
1297 3396 1550 3449 videmini
1616 3408 1849 3461 namque
1908 3392 2138 3459 experiri
2190 3392 2344 3453 velle,

779 3494 907 3561 quid
939 3507 1036 3560 ego
1076 3491 1229 3544 canis
1256 3489 1549 3541 vilissimus
1606 3487 1797 3539 sciam.
1854 3481 2216 3535 Nihilominus
2270 3481 2347 3533 lo—

784 3589 982 3647 quatur
1016 3590 1203 3631 servus
1232 3586 1413 3629 vester
1448 3572 1625 3627 verbis
1658 3571 1866 3639 paucis.
1907 3571 2194 3639 lieponunt
2225 3570 2298 3621 illi
2335 3587 2351 3622 :

778 3670 832 3725 ld
856 3671 1030 3739 ipsum
1064 3670 1219 3723 nobis
1245 3677 1478 3737 gratum,
1516 3664 1865 3728 charissime,
1895 3665 2077 3734 profer
2105 3665 2346 3733 quaedam

777 3760 845 3812 ad
870 3759 1288 3812 instructionem
1326 3767 1572 3809 nostram
1627 3770 1691 3809 ex
1726 3754 1873 3808 lorrte
1902 3755 2181 3823 sapientiae
2219 3763 2345 3807 tme.

778 3851 932 3906 Tunc
962 3850 1298 3920 Epiphanius
1330 3865 1344 3902 :
1378 3848 1555 3911 Pater,
1583 3848 1679 3910 ait,
1703 3861 1766 3901 ac
1796 3846 1989 3908 Filius,
2017 3846 2194 3915 quoad
2222 3846 2349 3901 illu-

779 3945 1153 4007 minutionem,
1197 3942 1500 4011 judicium,
1555 3941 1884 3994 voluntatem
1935 3949 1989 3991 et
2051 3939 2342 3991 essentiam

781 4052 944 4090 unum
977 4042 1103 4089 sunt
1128 4074 1143 4100 ,
1173 4033 1627 4103 quemadmodum
1648 4029 1913 4084 binioculi
1935 4028 2109 4096 quoad
2132 4028 2343 4081 eadem.
2381 4060 2383 4062 -

780 4130 856 4179 Ad
895 4127 1009 4180 hmc
1041 4143 1223 4179 unuse
1255 4123 1593 4194 philosophis
1624 4141 1636 4175 :
1663 4122 1780 4186 Quo
1812 4132 1967 4190 parto
2001 4116 2198 4174 horum
2235 4136 2349 4173 me-

777 4220 900 4273 dius
952 4230 1004 4273 et
1053 4217 1329 4286 Spiritus?
1381 4216 1479 4272 Cui
1506 4215 1841 4285 Epiphanius
1880 4214 2036 4278 ερυο
2089 4229 2195 4275 res,
2230 4226 2350 4280 quae

777 4311 1172 4367 consideranda
1204 4312 1370 4373 venit,
1407 4309 1460 4361 in
1492 4307 1756 4361 ambobus
1807 4306 1979 4358 oculis
2026 4319 2119 4372 per
2185 4303 2352 4356 visio-

2375 3082 2424 3144 ϐ

2457 1868 2547 1914 x0;
2580 1854 2607 1904 6
2652 1856 2929 1924 γεννήτωρ
2990 1856 3181 1926 Πατὴρ
3214 1858 3309 1909 καὶ
3355 1862 3381 1911 ό
3422 1860 3674 1926 γεννητὸς
3726 1858 3869 1921 Υἱὸς,
3906 1853 4016 1925 ἄρα

2456 1948 2718 2015 ὁμοφυεῖς
2750 1951 2841 2001 καὶ
2876 1951 2998 2001 κατ’
3029 1949 3195 2019 ἄμφω
3244 1950 3517 2017 όμοούσιοι
3564 1949 3837 2017 πεφύκασι
3861 1948 3920 1999 ἕν
3958 1965 4015 1998 τε

2454 2032 2817 2104 τελεύσμασιν
2884 2055 2978 2090 και
3036 2054 3338 2106 νευμασιν;
3401 2038 3545 2106 Ἔφη
3604 2042 3631 2090 6
3660 2040 3884 2107 ἕτερος*
3917 2040 4015 2090 Ὃν

2455 2132 2656 2199 τρόπον
2684 2129 2745 2180 τὸ
2770 2129 2951 2197 νοερὸν
2980 2133 3044 2199 τῇ
3076 2130 3305 2200 διανοίᾳ,
3338 2129 3573 2197 ἑκατέρα
3605 2130 3857 2181 κοινωνία
3892 2147 4017 2181 συν-

2416 2215 2902 2287 διακελευόμενα,
2934 2217 3034 2286 τῆς
3065 2220 3173 2271 τῶν
3221 2220 3399 2288 μελῶν
3456 2220 3774 2287 διοικήσεως
3827 2220 4013 2286 ἕνεκα.

2458 2312 2602 2379 Ἔφη
2628 2300 2655 2362 6
2688 2310 2968 2378 φιλόσοφος
2995 2327 3008 2341 ο
3036 2310 3291 2379 Γέροντος
3316 2310 3576 2378 ἐρώτημα
3607 2311 3698 2361 καὶ
3719 2311 4017 2378 άπήχημσ,

2456 2403 2550 2456 ἆτε
2569 2403 2630 2471 δὴ
2662 2404 2755 2454 καὶ
2784 2406 2811 2454 6
2838 2402 2994 2470 λόγος
3046 2402 3263 2470 τρανὸς,
3334 2400 3502 2469 μέσον
3532 2400 3589 2452 δέ
3610 2400 3793 2452 αὐτῶν
3818 2402 3934 2461 πῶς
3961 2404 4023 2451 τὸ

2457 2490 2676 2559 Πνεῦμα
2704 2510 2717 2556 ;
2755 2492 2896 2559 Ἔφη
2930 2493 3107 2559 αὐτῷ’
3146 2492 3340 2553 Καθὼς
3370 2492 3401 2559 ἡ
3428 2490 3632 2558 γνῶσις
3661 2489 3753 2543 τοῦ
3784 2491 3900 2552 νοὶς
3927 2492 4023 2541 καὶ

2452 2582 2552 2651 τῆς
2610 2583 2851 2645 διανοίας
2909 2583 3097 2659 δρασιν
3144 2585 3414 2651 συστυχὴν
3470 2586 3651 2634 ἴσασιν
3701 2586 3780 2643 εἰς
3811 2584 3887 2642 ἓν,
3922 2585 4024 2632 ἐὰν

2455 2674 2766 2727 ἐπέπνοιαν.
2813 2673 2870 2725 'U
2906 2673 2961 2725 δὲ
2984 2674 3275 2736 ἐπαινέσας
3304 2675 3487 2739 αὑτὸν,
3509 2674 3798 2741 ἀντέφησε·
3831 2673 4022 2739 Σαφὲς

2456 2765 2766 2834 ἡέπίλυσις
2824 2764 2929 2817 τῶν
2999 2764 3344 2834 ζητημάτων.
3392 2766 3605 2833 Ὅμως,
3659 2765 3799 2833 Κύρι
3862 2764 4024 2817 Ἐπι-

2456 2858 2636 2925 φάνιε,
2678 2857 2830 2921 λέξον
2880 2856 3011 2924 ἡμῖν
3060 2859 3154 2908 καὶ
3208 2857 3391 2919 αὐτὸς,
3434 2857 3639 2925 πηλίκα
3683 2873 3762 2907 σοι
3795 2855 3860 2907 τὰ
3892 2856 4025 2923 τῇδε

2454 2949 2735 3016 ἐφάνησαν
2796 2948 3111 3016 φθέγματα,
3147 2946 3243 2999 καὶ
3284 2946 3597 3015 μελίῤῥυτε,
3661 2945 3948 3012 φθέγξοιτο
3990 2950 4025 3015 η

2453 3039 2672 3105 γλῶσσά
2698 3056 2790 3089 σου
2816 3040 2872 3090 τὸ
2897 3038 3193 3105 ἐπαληθές.
3228 3038 3370 3105 Ἔφη
3397 3040 3424 3088 ό
3466 3035 3781 3103 Ἐπιφάνιος
3800 3052 3816 3066 ’
3854 3037 4020 3086 Ἕνε-

2457 3146 2551 3181 κεν
2588 3129 2722 3197 ἐμοῦ
2775 3132 2807 3197 ἡ
2863 3130 3019 3197 ῥῆσις
3050 3133 3380 3198 παρατηρεῖ,
3412 3130 3609 3196 πεῖραν
3638 3129 3745 3196 γὰρ
3775 3127 3914 3195 (65),
3950 3128 4027 3187 ὡς

2455 3220 2620 3284 ἔοικε,
2664 3222 2921 3288 κυναρῐου
2958 3221 3339 3272 εὐτελεστάτου
3396 3220 3580 3271 λαϐεῖν
3642 3219 4023 3287 ὑπειλήφατε’

2453 3311 2593 3380 πλὴν
2619 3310 2685 3362 ἄν
2718 3311 2813 3362 καὶ
2842 3315 2868 3362 6
2899 3312 3122 3379 οἰκέτης
3158 3311 3309 3379 ὑμῶν
3346 3310 3403 3361 ἓν
3432 3309 3841 3379 σεμνολόγημα.
3874 3312 3941 3361 Οἱ
3967 3310 4027 3361 δὲ

2452 3398 2627 3455 εἷπον·
2670 3403 2850 3454 Ταυτὺ
2882 3405 2973 3455 καὶ
3023 3405 3159 3471 ἡμῖν
3189 3403 3473 3471 ἐράσμιον,
3528 3402 3774 3468 φίλτατε,
3806 3400 4023 3469 φράσοι

2452 3493 2572 3545 τινὰ
2623 3493 2754 3560 ἡμῖν
2812 3495 3113 3562 νεμηθῆναι
3173 3494 3282 3546 ἀπὸ
3331 3495 3431 3559 τῆς
3480 3495 3662 3561 πηγῆς
3688 3493 3785 3558 τῆς
3818 3492 4024 3557 σοφίας

2457 3598 2569 3635 σευ.
2616 3582 2930 3649 Ἐπιφάνιος
2986 3582 3171 3647 λέγει·
3228 3582 3287 3632 '0
3349 3579 3538 3649 Πατὴρ
3590 3579 3737 3630 καὶὸ
3779 3577 3908 3638 Υἱὸς
3946 3575 4007 3627 ἓν

2456 3675 2611 3740 φωτ“·.,
2641 3674 2733 3724 καὶ
2788 3671 2989 3737 νεύσει,
3032 3672 3124 3724 καὶ
3154 3671 3442 3740 θελήμασι,
3475 3671 3567 3722 καὶ
3597 3669 3755 3736 οὐσία
3779 3684 3793 3697 ·
3822 3667 4024 3732 ὥσπερ

2456 3761 2709 3829 ἑκάτεροι
2771 3761 3041 3831 ὀφθαλμοὶ
3098 3764 3210 3824 τοῖς
3261 3760 3495 3825 γεύσεσι,
3531 3761 3623 3812 καὶ
3679 3762 4023 3827 φωτίσμασι,

2455 3851 2551 3903 καὶ
2599 3850 2925 3919 θελήμασιν.
2977 3846 3073 3913 Εἷς
3127 3854 3191 3902 ἐκ
3221 3851 3425 3903 τούτων
3484 3852 3623 3919 ἔφη·
3656 3851 3778 3908 Πῶς
3811 3850 4024 3917 μεταξὺ

2446 3940 2626 3994 αὐτῶν
2672 3941 2729 3992 τὸ
2762 3941 3025 4011 Πνεῦμα;
3067 3943 3385 4009 Ἐπιφάνιος
3419 3937 3610 3994 εἶπενο
3653 3939 3921 4008 Καθάπερ
3962 3940 4024 3989 ἓν

2446 4031 2509 4083 τὸ
2557 4031 2922 4099 κατανοητέον
2979 4032 3065 4085 ἐπ’
3118 4032 3451 4101 ἀμφοτέροις
3507 4030 3572 4082 δι’
3612 4030 3872 4099 ὁράσεως.
3947 4025 4023 4080 ΟΞ

2447 4120 2504 4173 δέ
2535 4120 2867 4183 ἀκούσαντες
2920 4122 3098 4183 τοῦτο,
3162 4123 3478 4192 ἐξέστησαν·
3528 4115 3607 4181 εἷς
3638 4121 3695 4172 δὲ
3750 4120 3809 4183 ἐξ
3838 4118 4027 4169 αὐτῶν

2450 4214 2552 4284 ἔφη
2584 4229 2598 4242 ο
2658 4213 2978 4266 Ἀθανασίου
3048 4212 3140 4266 τοῦ
3171 4216 3230 4265 ἐν
3265 4212 3466 4280 Ἀγίοις
3510 4211 3760 4280 ὴνοίξατο
3787 4212 3923 4278 ἡμῖν
3958 4210 4027 4261 τὸ

2453 4306 2627 4375 mea.

778 4423 923 4460 nem.
969 4404 1065 4460 llis
1119 4404 1321 4458 auditis
1373 4402 1550 4456 mirati
1578 4410 1704 4455 sunt
1754 4401 2011 4465 universi,
2041 4414 2149 4453 uno
2180 4400 2343 4453 etiam
2390 4402 2992 4460 exclamante:.Sancti
3046 4401 3328 4456 Athanasii
3364 4400 3521 4454 nobis
3551 4399 3638 4453 ille
3692 4396 4026 4453 sententiam

777 4505 1087 4573 explicavit.

843 4601 935 4655 47.
975 4598 1211 4652 Rursum
1246 4594 1621 4665 Epiphanius:
1659 4590 1927 4657 Quoniam
1968 4590 2038 4644 ita
2090 4589 2344 4660 placitum

2506 4585 2614 4655 μζ’.
2642 4584 2962 4652 Ἑπιφάνιος
2979 4582 3161 4650 λέγει’
3184 4580 3329 4649 Πλὴν
3347 4581 3394 4631 εί
3413 4576 3641 4648 ἀρεστὸν
3660 4576 3808 4644 ὑμῖν,
3829 4591 4023 4644 σαρκι.

777 4694 955 4754 vobis,
1012 4689 1278 4759 corporali
1331 4688 1492 4741 etiam
1526 4684 1685 4741 modo
1740 4682 2043 4752 explicabo.
2074 4680 2343 4747 Quemad~

2443 4676 2542 4742 ιιῶς
2568 4678 2744 4746 φήσω.
2773 4676 2984 4745 Ὥσπερ
3013 4673 3243 4734 ὀδόντες,
3272 4670 3423 4740 χείλη
3454 4669 3550 4722 καὶ
3579 4666 3822 4734 γλῶσσα,
3852 4667 3912 4717 ἐν
3940 4667 4022 4734 τῷ

779 4783 999 4840 modum
1036 4757 1244 4845 dentes,
1280 4779 1421 4833 labia
1446 4788 1498 4833 et
1516 4778 1720 4847 lingua,
1743 4774 2177 4843 cumloquimur,
2202 4774 2344 4826 inter

2443 4768 2659 4839 Βμιλεῖν,
2673 4763 2925 4835 ἀλλήλοις
2940 4762 3120 4832 ληπτὰ
3138 4761 3233 4814 καὶ
3252 4760 3528 4827 σύνδεσμα
3543 4757 3778 4825 περὶτὴν
3794 4758 3985 4823 φωνήν
4003 4773 4018 4785 ·

777 4892 836 4930 se
867 4873 1156 4941 conjuncta
1203 4879 1350 4934 sunt,
1413 4879 1470 4922 ut
1506 4883 1609 4923 vox
1671 4865 1934 4920 formetur
1964 4881 1977 4915 :
2022 4865 2094 4918 ita
2126 4872 2180 4918 et.
2216 4877 2341 4918 cum

778 4968 933 5019 l’atre
969 4972 1023 5018 et
1068 4960 1205 5016 Filio
1262 4968 1316 5015 et
1367 4968 1556 5014 sancto
1599 4957 1805 5027 Spiritu
1839 4964 2210 5025 comparatum
2245 4963 2347 5008 est.

779 5054 929 5108 Mens
960 5053 1137 5117 Pater,
1173 5050 1404 5105 Verbum
1436 5047 1628 5114 Filius,
1658 5047 1894 5115 Spiritus
1929 5060 2052 5099 vero
2100 5046 2352 5112 utrisque

780 5146 1088 5200 communis
1159 5142 1449 5212 eositatio,
1506 5138 1802 5192 intellectio
1850 5145 1903 5190 et
1946 5136 2349 5201 contemplatio,

779 5238 953 5308 ipsius
982 5234 1328 5304 plenitudinis
1354 5244 1627 5285 summum
1654 5243 1717 5281 ac
1767 5226 2207 5281 subtilissimum.
2241 5223 2344 5276 Sed

780 5328 925 5383 aliud
956 5340 1175 5396 quoque
1198 5321 1537 5391 proferamus
1568 5338 1581 5373 :
1612 5318 1693 5372 sol
1723 5317 1934 5371 Patrem
1966 5322 2137 5378 notat,
2159 5314 2346 5367 radius

784 5418 1005 5483 Filium,
1037 5416 1215 5488 fulgor
1244 5411 1457 5467 lucidus
1477 5409 1883 5465 consolatorem
1909 5405 2199 5476 Spiritum.
2231 5403 2379 5457 Con-

852 5578 970 5649 (65)
994 5572 1202 5649 ΔἮσαν
1230 5571 1343 5635 καί,
1362 5587 1461 5649 pro
1509 5567 1948 5649 quo-habebatur
1986 5564 2042 5619 in
2087 5578 2192 5618 ms.
2226 5560 2347 5615 Vat.

781 5639 1075 5720 «rancide;
1117 5639 1397 5720 ἐκέκτητο,
1431 5639 1662 5720 ῖνιιῐιεὶειίἶ

852 5703 1091 5787 (εἷθ’Μέ.
1122 5713 1240 5768 Vat.
1272 5703 1465 5787 vitiose
1493 5708 1620 5764 ικαὶ
1647 5706 1921 5787 ἐδεδοίκει,
1953 5703 2076 5787 καθ’
2114 5704 2214 5756 ὅτι.

992 5769 1271 5844 Ῐιίέοιιυηὶ
1332 5784 1420 5838 hic
1459 5790 1576 5838 erat
1627 5798 1670 5849 ῳ
1697 5776 1887 5840 ἐοικὼς
1940 5774 2177 5830 άλέλιτο.
2231 5769 2353 5828 Νοιι

2443 4859 2586 4913 οὕτω
2612 4859 2705 4912 καὶ
2728 4858 2756 4908 6
2782 4856 2989 4926 Πατὴρ,
3032 4857 3128 4908 καὶ
3145 4856 3172 4906 6
3191 4854 3317 4914 Υἱὸς
3346 4853 3440 4903 καὶ
3464 4850 3526 4903 τὸ
3554 4848 3712 4915 ᾶγιον
3764 4846 4023 4914 Πνεῦμα,

2446 4950 2570 5014 νοῦς
2594 4951 2623 5003 6
2651 4947 2837 5016 Πατὴρ
2862 4947 3029 5015 Λόγος
3045 4946 3072 4997 6
3105 4944 3248 5006 Υἱὸς,
3272 4942 3333 4993 τὸ
3363 4941 3421 4993 δέ
3454 4938 3674 5005 Πνεῦμα
3694 4936 3780 4989 ἀεὶ
3809 4938 3869 4987 ὲν
3892 4938 4030 4988 ἐκα-

2450 5042 2628 5111 τέροις
2663 5039 2956 5094 ἐπιθέουσα
2988 5037 3171 5090 ἔννοιά
3193 5051 3253 5086 τε
3290 5034 3384 5085 καὶ
3405 5032 3627 5097 διαυγία
3666 5029 3760 5080 καὶ
3788 5028 4023 5095 θεωρέα,

2449 5132 2509 5183 τὸ
2545 5129 2632 5183 ἐπ’
2662 5129 2829 5198 ἄκρον
2858 5128 2952 5181 τοῦ
3005 5123 3376 5195 πληρώματος
3424 5121 3517 5173 καὶ
3548 5116 3898 5169 λεπτότατον.
3926 5116 4025 5165 Εἰς

2453 5238 2646 5289 πωμεν
2669 5220 2723 5272 δὲ
2772 5218 2863 5272 καὶ
2911 5218 3133 5285 ἑτέρως.
3161 5214 3347 5274 ’Ἥλιος
3378 5210 3477 5280 μὲν
3507 5211 3533 5262 6
3560 5209 3770 5275 Πατὴρ,
3807 5204 3965 5266 ἀκτὶς
3995 5207 4024 5255 ὁ

2453 5311 2603 5373 Υἱὸς.
2637 5308 2799 5378 αἴγλη
2830 5304 3104 5375 τηλαυγὴς
3135 5303 3197 5355 τὸ
3224 5299 3573 5370 παράκλητον
3602 5294 3864 5364 ιΠνεῦμα.
3893 5292 4028 5343 Βλέ-

2456 5402 2594 5471 ψατε
2648 5396 3077 5473 τρισυπόστατον
3129 5392 3260 5463 μίαν
3284 5387 3472 5442 οὐσίαν
3524 5386 3615 5437 ἐπὶ
3636 5383 3713 5452 τῷ
3742 5381 4000 5449 στοιχείῳ

2454 5559 2633 5629 capio.
2674 5556 2919 5629 Habebat
2956 5562 3137 5629 autem
3173 5558 3322 5629 post_
3350 5547 3488 5600 duas
3517 5544 3618 5629 has
3638 5536 3885 5629 voculas
3915 5548 4021 5629 ins;

2459 5606 3023 5692 iiiitiif'oﬂzixéi
3061 5606 3245 5688 Recte,
3276 5619 3501 5685 ideoque
3557 5613 3661 5666 hoc
3703 5611 3883 5679 ipsum
3919 5606 4028 5657 huc

2461 5699 2731 5757 transtuli.
