4202 6430
167 405 274 465 633

1338 398 1517 459 VITA
1558 398 1621 462 S.
1665 398 1989 459 ANDREA‘I
2021 401 2215 461 ΒΑΜ.

3299 413 3406 484 685

170 514 261 563 καὶ
296 508 618 580 Θαυμάσατε
640 522 654 539 ο
709 506 871 562 είκὼν
922 505 1135 577 Πατρός
1192 505 1363 577 ἥλιος.
1400 510 1554 572 ακτὶς
1584 508 1739 577 ἡλίου

1850 509 2086 566 siderate
2118 512 2206 567 hic
2238 512 2398 568 trium
2428 528 2785 584 personarum
2833 521 3122 577 essentiam
3160 538 3318 577 unam
3355 527 3409 582 iu

168 604 319 668 Υἱδς,
351 603 533 672 θέρμη
558 600 658 669 τῆς
709 601 926 657 ἀκτῖνος
954 601 1016 653 τὸ
1041 600 1303 668 πανάγιον
1353 600 1603 671 Πνεῦμα·
1644 600 1738 652 xei.

166 700 194 749 ὸ
230 697 332 766 μὲν
364 695 518 765 ἣλιος
566 693 777 747 οὐδέπω
843 692 1161 746 καταλείπει
1206 692 1300 744 τδν
1348 693 1599 761 οὐρανὸν,
1660 692 1735 755 ὼς

169 790 283 841 υἱὸν
312 786 373 841 δὶ
404 785 502 849 τὰς
565 787 789 847 ἀκτῖνας
820 784 930 847 τοῖς
962 785 1054 836 ἐπὶ
1094 784 1196 852 γῆς
1223 784 1564 847 ἀποστέλλει,
1621 782 1745 852 θέρ-

170 897 281 949 μην
334 880 460 941 ταῖς
515 877 698 931 ἀκτῖσι
728 874 789 929 τὸ
836 876 1104 941 πανάγιον
1161 876 1382 944 Πνεῦμα
1439 875 1744 943 εὐεργετεῖν

180 969 275 1022 καὶ
336 968 568 1021 Θάλπειν
631 966 692 1020 τδ
741 966 847 1020 τῶν
901 964 1203 1036 ἀνθρώπων
1260 966 1435 1030 γένος.
1502 965 1743 1036 Τοιούτῳ

162 1058 353 1127 τρόπῳ
400 1055 495 1109 καὶ
532 1056 560 1108 δ
605 1055 814 1123 Πατὴρ,
877 1054 1275 1121 παντοκράτωρ
1326 1050 1607 1120 πεφυκὼς,
1653 1054 1745 1105 ἐπὶ

163 1151 266 1217 γῆς
288 1148 351 1199 οὐ
397 1147 689 1218 κατῆλθεν,
717 1146 1020 1199 ἀπέσταλεν
1074 1146 1132 1199 δὲ
1177 1144 1234 1198 τὸ
1256 1146 1618 1213 ἀπαύγασμα,
1648 1143 1744 1194 καὶ

164 1240 262 1309 τὴν
297 1242 357 1291 ἐν
386 1240 466 1309 τῷ
515 1238 913 1307 ἀπαυγάσματι
970 1236 1180 1306 θέρμην
1229 1234 1325 1289 τοῦ
1376 1234 1735 1305 παρακλήτου

166 1330 511 1400 Πνεύματος,
544 1329 639 1383 καὶ
694 1330 934 1383 σέσωκεν
993 1327 1094 1395 τὴν
1144 1327 1571 1397 τετραπέρατον.
1608 1325 1739 1390 Ἀγε

165 1422 225 1492 δή
255 1439 353 1490 μοι
383 1421 443 1472 ὲν
507 1419 584 1488 τῷ
609 1419 783 1488 μέσῳ,
814 1414 909 1469 καὶ
940 1414 1103 1469 αὐτὸν
1138 1416 1326 1485 ἄρτον,
1351 1415 1409 1466 ὃν
1447 1412 1569 1467 καθ’
1604 1412 1736 1482 ἡμέ-

172 1530 267 1579 ραν
296 1510 581 1581 ἐσθίομεν,
608 1508 718 1561 ἀπὸ
733 1507 843 1579 γὰρ
875 1506 1045 1572 σίτου,
1087 1507 1181 1559 καὶ
1202 1505 1412 1569 ὓδατος,
1448 1507 1537 1559 καὶ
1570 1504 1740 1575 πυρὸς

166 1601 259 1670 τὴν
296 1602 601 1666 ταυτότητα
657 1599 938 1669 κέκτηται,
994 1594 1076 1660 εἷς
1127 1597 1222 1651 καὶ
1258 1598 1418 1659 αὐτὸς
1480 1599 1544 1651 ἐκ
1571 1598 1741 1669 τριῶν

169 1691 526 1743 ὑποστάσεων
559 1689 960 1759 γνωριζόμενος
993 1705 1006 1717 ·
1042 1686 1267 1754 τοιούτῳ
1295 1688 1491 1757 τρόπῳ
1528 1687 1738 1755 ὑπολη-

169 1782 329 1833 πτέον
374 1782 503 1850 περὶ
556 1780 657 1849 τῆς
715 1778 1150 1847 τρισυποστάτου
1200 1779 1409 1838 ἑνιαίας
1463 1776 1737 1846 θεότητος.

1848 600 2117 671 principio
2147 616 2269 665 suo.
2301 612 2354 659 et
2385 603 2747 660 admiramini.
2786 606 2962 679 Imago
2984 609 3164 667 Patris
3192 612 3274 667 sol
3303 623 3406 678 est,

1848 691 2033 747 radius
2063 692 2193 747 solis
2230 693 2421 760 Filius.
2446 698 2594 753 calor
2629 698 2765 754 radii
2810 698 3040 770 Spiritus
3071 713 3291 761 sanctus
3318 721 3331 759 :
3354 714 3412 761 et

1847 784 1924 837 sol
1956 787 2172 854 quidem
2231 801 2505 857 nunquam
2572 792 2773 847 deserit
2800 792 3035 857 coelum;
3071 797 3250 851 radios
3283 812 3410 852 vero

1847 890 1997 939 suos,
2028 886 2284 945 tanquam
2321 877 2483 942 ﬁlios,
2522 880 2881 938 incolentibus
2911 892 3107 939 terram
3139 886 3369 943 demittit
3392 884 3426 954 ,1

1845 967 2024 1021 calore
2046 983 2164 1031 suo,
2190 969 2485 1023 humanum
2515 985 2684 1039 genus
2702 983 3042 1032 recreaturos
3068 975 3407 1048 foturosque.

1849 1056 2107 1111 Similiter
2140 1058 2303 1112 etiam
2331 1059 2505 1124 Pater,
2536 1060 2627 1128 qui
2661 1067 3000 1131 omnipotens
3043 1075 3145 1132 est,
3179 1081 3286 1122 nou
3319 1067 3412 1123 dc-

1848 1147 2056 1201 scendit
2090 1148 2142 1200 in
2202 1156 2423 1214 terram,
2452 1151 2600 1204 misit
2632 1159 2813 1206 autem
2842 1154 3181 1222 splendorem
3224 1174 3407 1224 suum,

1846 1237 1897 1288 in
1948 1251 2121 1306 coque
2176 1240 2409 1294 calorem
2470 1239 2706 1309 Spiritus
2733 1244 3113 1308 consolatoris,
3147 1258 3199 1301 et
3230 1250 3410 1303 salvos

1844 1328 1968 1383 fecit
2001 1342 2237 1399 quatuor
2264 1332 2397 1388 lines
2432 1333 2580 1389 orbis
2621 1343 2799 1390 terrae.
2823 1341 2934 1408 Age
2962 1351 3147 1407 porro,
3173 1338 3409 1406 proferte

1843 1420 1897 1473 in
1955 1421 2190 1475 medium
2240 1423 2389 1476 illum
2449 1424 2623 1492 ipsum
2662 1439 2854 1493 panem
2895 1441 3002 1497 quo
3043 1428 3285 1498 quotidie
3319 1443 3409 1485 ve-

1842 1506 2083 1573 scimur;
2146 1522 2324 1562 nonne
2365 1525 2431 1563 ex
2489 1509 2787 1577 frumento,
2840 1531 2902 1568 rx
2960 1530 3123 1585 aqua,
3183 1526 3237 1571 et
3265 1517 3407 1587 igne.

1841 1596 2161 1652 substantiis
2197 1599 2368 1653 tribus
2394 1599 2647 1667 diversis,
2678 1617 2817 1657 unus
2846 1604 3094 1676 idemque
3133 1609 3285 1677 panis
3316 1624 3407 1664 co-

1844 1688 2125 1756 gnoscitur
2152 1688 2205 1742 in
2234 1690 2391 1742 talem
2423 1690 2652 1746 formam
2704 1694 2993 1749 coaluisse.
3040 1695 3224 1767 Neque
3253 1699 3411 1755 aliter

1841 1777 2168 1845 Opinandum
2196 1788 2278 1834 est
2306 1780 2372 1834 de
2404 1783 2563 1838 unius
2603 1783 2824 1840 Deitatis
2882 1787 3192 1857 triplicitale
3223 1805 3410 1854 perso-

180 1874 540 1934 Ἀκούσαντες
571 1870 629 1923 δὲ
653 1869 829 1924 ταῦτα
869 1870 919 1923 οί
961 1871 1266 1939 φιῖ·όσοφοι,
1320 1870 1413 1922 καὶ
1443 1868 1741 1938 ἀντοφθαλ-

1845 1884 2057 1922 narum.
2089 1868 2381 1941 Postquam
2414 1872 2538 1927 talia
2571 1875 2850 1931 audissent
2906 1878 3235 1951 philosophi,
3270 1882 3405 1937 nihil

167 1967 335 2035 μῆσαι
366 1965 446 2033 τῷ
473 1964 696 2034 μείρακι
727 1963 803 2033 μὴ
831 1963 1130 2034 ἰσχύοντες,
1164 1962 1611 2030 καταπλαγέντες
1641 1964 1739 2033 τὴν

166 2054 329 2109 αὐτοῦ
369 2056 565 2123 σοφίαν
598 2057 690 2108 καὶ
732 2054 971 2117 σύνεσιν,
1019 2054 1205 2107 οὐκέτι
1230 2055 1361 2123 περί
1396 2071 1549 2117 τινος
1575 2054 1741 2126 συζή-

164 2163 318 2217 τησιν
344 2148 702 2217 ἐποιήσαντο,
731 2145 832 2215 τὴν
865 2145 995 2213 παρ’
1027 2144 1190 2198 αὐτοῦ
1246 2144 1481 2207 δεδιότες
1509 2144 1739 2198 ἀντεπε-

167 2238 428 2309 ρώτησιν,
465 2236 543 2307 μὴ
576 2235 1025 2305 καταισχυνθῶσι
1049 2236 1297 2307 καθάπερ
1325 2238 1446 2295 τινὰ
1477 2241 1737 2309 σοφιστὴν

162 2331 399 2383 ἐνώπιον
447 2329 625 2399 δήμου
683 2328 1023 2399 κατῄσχυνεν
1050 2364 1067 2392 ,
1127 2329 1303 2398 φήσας
1346 2330 1485 2398 πρὸς
1531 2331 1735 2385 αὐτόν·

164 2421 431 2490 Θρύὶαιον
479 2421 593 2489 (66)
641 2420 917 2491 πτερῶδες
980 2421 1215 2490 ἧργηται
1247 2421 1335 2474 διὰ
1387 2421 1739 2492 θέσιν,ἢούκ

162 2511 404 2580 ἦργηται
424 2527 440 2575 ;
461 2510 626 2564 Τοῦδε
648 2511 755 2581 γὰρ
770 2513 799 2563 ὁ
818 2510 1134 2582 πολυμαθὴς
1169 2513 1373 2574 ἐκεῖνος
1404 2514 1627 2581 εὐήκοος
1645 2531 1741 2582 γε·

163 2602 409 2667 νόμενος,
433 2601 640 2665 γελοῖον
660 2601 872 2655 πάντων
887 2602 1258 2654 ἁπεδείκνυτο’
1283 2603 1393 2655 τῶν
1406 2603 1512 2673 γὰρ
1542 2607 1582 2657 Α
1591 2604 1737 2673 ρείου

162 2693 511 2763 λυκοχέρκων
564 2694 781 2761 μυστῶν
845 2688 927 2755 εἷς
987 2692 1372 2762 ἐχρημάτιζεν.
1454 2694 1739 2747 ’Δναστάν-

162 2796 251 2844 τες
268 2780 366 2838 οὖν
386 2785 567 2852 σιωπῇ
581 2782 679 2850 τῆς
701 2781 1000 2851 τραπέζης,
1021 2779 1156 2849 πρὸς
1183 2780 1253 2833 τὰ
1281 2781 1456 2833 οἰκεία
1476 2780 1735 2851 ἐχώρουν.

166 2876 490 2930 Arianorum
554 2872 923 2927 sacerdotibus
981 2887 1141 2928 unus.
1199 2871 1379 2938 Quare
1449 2874 1741 2945 phtlntsOphi

1844 2877 1973 2930 urile
2023 2878 2203 2932 relicta
2256 2894 2436 2934 mensa

165 2971 397 3039 quisque
427 2968 796 3023 contulerunt.

1842 1960 2136 2031 quidquam
2166 1965 2491 2044 reperientes
2515 1967 2658 2038 quod
2676 1967 3033 2025 adolescentis
3050 1974 3404 2040 prudentibus

1842 2052 2018 2108 citatis
2050 2066 2399 2123 opponerent,
2436 2057 2688 2113 admirati
2722 2068 2850 2115 sunt
2892 2062 3239 2129 vehementer
3272 2072 3424 2135 [πεπε-Δ

1841 2145 2043 2199 claram
2072 2145 2216 2202 illius
2248 2147 2568 2216 sapientiam
2590 2159 2753 2221 atque
2786 2152 3175 2220 eruditionem,
3203 2156 3405 2211 nullam

1845 2236 1963 2290 ausi
2015 2236 2269 2306 deinceps
2308 2254 2527 2295 movere
2571 2243 2922 2312 qumstionem
2952 2261 3061 2315 prae
3091 2247 3307 2315 timore,
3343 2263 3410 2304 ne

1847 2325 1987 2381 forte
2018 2328 2130 2395 ipse
2167 2329 2405 2384 vicissim
2423 2332 2697 2401 quidpiam
2721 2336 3039 2392 solvendum
3066 2352 3406 2408 proponeret.

1848 2419 1991 2473 unde
2019 2418 2521 2489 confunderentur;
2545 2427 2999 2494 quemadmodum
3032 2444 3203 2499 nuper
3225 2429 3410 2499 sophi-

1845 2521 1982 2565 stam
2009 2514 2319 2582 quempiam
2353 2526 2631 2583 spectante
2665 2518 2865 2588 populo
2895 2519 3178 2591 insigniter
3210 2521 3408 2577 conin-

1844 2603 2019 2667 derat,
2056 2604 2136 2658 sic
2182 2614 2564 2672 percunctatus
2601 2627 2615 2664 :
2650 2608 2834 2665 Trulla
2862 2612 3002 2667 sitne
3032 2628 3095 2667 ex
3128 2615 3406 2684 proposito

1844 2704 2057 2759 ansata,
2086 2709 2154 2748 an
2187 2701 2336 2749 non?
2362 2695 2491 2761 Quae
2526 2699 2686 2753 verha
2725 2716 2846 2756 cum
2884 2703 3087 2759 sciolus
3126 2705 3224 2761 iste
3247 2704 3406 2760 audi-

1848 2792 1950 2842 ret,
2003 2784 2248 2837 omnium
2277 2786 2409 2840 risui
2439 2796 2522 2841 est
2548 2788 2823 2857 expositus
2862 2807 2876 2844 :
2913 2801 3030 2846 erat
3078 2806 3313 2863 namque
3339 2807 3401 2845 ex

2530 2892 2830 2951 surgentes,
2885 2886 3103 2941 domum
3139 2902 3197 2942 se
3248 2901 3399 2943 suam

1583 3086 1811 3142 CAPUT
1856 3085 1964 3139 VII.

166 3197 513 3267 Epiphanius,
542 3198 765 3252 Andreae
792 3197 1094 3266 funtiliaris,
1120 3198 1323 3252 obvium
1356 3198 1504 3252 habet
1534 3205 1819 3322 dmnéoucm
1846 3239 1861 3262 ,
1888 3208 1935 3250 et
1965 3207 2235 3321 tetlttatur:
2279 3200 2363 3252 cui
2387 3201 2449 3253 ab
2477 3202 2683 3256 Andr-ea
2726 3203 2880 3274 hujus
2919 3214 3055 3261 artes
3090 3210 3396 3265 averiutttur

1437 3281 1483 3321 cl
1513 3286 1645 3322 reme:
1688 3287 1736 3322 ta
1760 3284 2014 3322 suaaeruu
2043 3284 2128 3322 ur.

1437 3281 1483 3321 cl
1513 3281 1736 3323 remch
1760 3281 2128 3340 suggeruntur.

230 3387 347 3447 μη¹.
384 3378 469 3441 Ὠς
491 3378 548 3430 δὲ
570 3377 784 3447 εἴρηται
808 3376 1114 3447 ἔμπροσθεν
1140 3378 1221 3431 ὅτι
1241 3380 1396 3448 χεῖρα
1424 3384 1557 3449 πρὸς
1581 3384 1738 3453 χεῖρα

1899 3384 1988 3439 48.
2024 3384 2443 3439 Ambulantibus
2489 3386 2689 3457 itaque,
2717 3389 2922 3459 junctis
2963 3392 3103 3448 inter
3123 3409 3181 3451 se
3214 3401 3392 3454 maui—

160 3469 376 3537 κρατῶν
405 3470 498 3520 τὶν
528 3466 684 3535 ἆγιον
718 3468 976 3537 Ἀνδρέαν
1004 3471 1032 3522 δ
1071 3470 1382 3541 Ἐπιφάνιος
1406 3512 1420 3536 ,
1451 3473 1739 3542 ζητοῦντες

160 3557 417 3626 εὔκαιρον
454 3556 617 3610 τόπον
649 3557 740 3611 τοῦ
773 3558 1030 3626 ὁμιλῆσαι
1060 3595 1075 3619 ,
1127 3558 1175 3609 oi
1227 3559 1592 3622 συναντῶντες
1648 3562 1725 3631 τῷ

172 3648 477 3719 Ἑπιφανίῳ
540 3647 885 3718 δικαζόμενοι
950 3647 1138 3715 ελεγον
1171 3663 1185 3678 ·
1239 3648 1352 3701 Οὐκ
1403 3648 1571 3712 ἐλεεῖς
1624 3651 1723 3721 τὴν

164 3738 393 3793 σεαυτοῦ
434 3738 658 3809 νεότητα
685 3755 700 3803 ;
743 3737 817 3807 μὴ
846 3737 1049 3799 τοίνυν,
1081 3735 1385 3804 γλυκύτατα
1412 3738 1618 3800 νεανία,
1646 3739 1723 3808 τῷ

159 3830 518 3901 δαιμονιαρίῳ
569 3829 741 3899 τούτῳ
781 3831 875 3883 καὶ
938 3828 1086 3898 σαλῷ
1131 3829 1595 3898 συμπαρεδρεύων
1633 3833 1726 3884 καὶ

160 3920 557 3990 συνοδοιπορῶν
583 3922 754 3991 αὐτῷ,
789 3922 864 3992 μή
895 3938 1025 3975 ποτε
1064 3922 1091 3973 ὁ
1132 3920 1367 3990 πονηρὸς
1400 3921 1566 3975 αὐτοῦ
1610 3923 1724 3975 δαί-

162 4030 277 4079 μων
344 4011 564 4082 ζηλώσῃ
619 4014 821 4064 σου’τδ
874 4011 1089 4073 κάλλος.
1126 4010 1225 4081 τὴν
1272 4011 1600 4083 ὡραιότητα,
1630 4014 1724 4067 καὶ

155 4102 335 4173 ἔρωτά
358 4121 439 4156 σοι
465 4103 685 4172 θέμενος
703 4103 1062 4173 παρακρούσῃ
1098 4120 1191 4157 σου
1216 4120 1230 4135 ·
1259 4103 1439 4157 ίκαναὶ
1454 4105 1563 4172 γάρ
1586 4106 1721 4157 είσιν

153 4198 207 4247 αἱ
239 4195 542 4265 προφάσεις
578 4194 671 4246 τοῦ
694 4193 868 4265 δεινοῦ
896 4195 1284 4265 πολεμήτορος.
1314 4195 1372 4249 Ὀ
1397 4196 1452 4248 δὲ
1471 4194 1722 4266 θεοφιλὴς

155 4287 374 4348 νεανίας
401 4285 838 4355 ἀνταπεκρίνατο
882 4286 1064 4349 αὐτοῖς
1090 4301 1105 4317 ο
1140 4287 1382 4355 Ἀδελφοί
1418 4288 1512 4342 καὶ
1542 4289 1719 4343 Πατέ-

155 4395 266 4447 ρες,
307 4378 417 4447 πρὸ
459 4378 550 4429 τοῦ
580 4377 835 4445 γενέσθαι
869 4377 959 4431 τὸν
987 4378 1209 4450 ὄλεθρον
1256 4379 1444 4433 τοῦτον
1486 4381 1573 4432 ἐπ’
1618 4382 1717 4434 αύ-

1826 3475 1948 3541 hus,
1992 3478 2452 3546 quemadmodum
2510 3494 2673 3550 supra
2712 3484 3037 3541 mentionem
3072 3486 3249 3545 facere
3281 3507 3393 3547 me-

1827 3564 1983 3628 mini,
2008 3566 2212 3620 sanctis
2271 3567 2485 3622 Andrea
2518 3580 2571 3624 et
2622 3569 2945 3641 Epiphanio,
2990 3581 3391 3645 quaerentibus-

1824 3666 1932 3720 que
1983 3663 2350 3722 opportunum
2406 3655 2718 3711 conferendi
2761 3660 2903 3714 inter
2954 3678 3012 3718 se
3043 3663 3262 3734 locum;
3296 3672 3389 3739 qui

1825 3744 2040 3799 obviam
2072 3745 2297 3811 ﬁebant,
2328 3748 2631 3814 arguebant
2688 3749 3068 3823 Epiphanium,
3102 3746 3341 3819 dicentes
3376 3783 3389 3818 :

1825 3835 2056 3893 Nullane
2098 3837 2401 3907 juventutis
2462 3840 2736 3897 miseratio
2766 3855 2816 3899 te
2856 3854 2961 3900 tute
3014 3851 3178 3921 capit,
3207 3854 3392 3911 adole-

1824 3941 1985 3983 scens
2038 3930 2400 3985 suavissime?
2432 3929 2588 3999 Noli,
2625 3948 2829 4003 quaeso,
2857 3952 2980 3992 cum
3031 3940 3251 3999 homine
3276 3946 3392 4010 illo,

1823 4026 1937 4072 tum
1964 4012 1997 4073 'a
2029 4019 2274 4077 darmode
2299 4024 2534 4091 incesso,
2567 4033 2680 4079 tum
2710 4041 2740 4081 a
2769 4035 2912 4083 statu
2932 4033 3129 4089 mentis
3159 4034 3390 4107 deiecto,

1824 4119 1916 4163 aut
1949 4113 2399 4167 consuetudinem
2441 4124 2535 4170 aut
2588 4117 2902 4174 societatem
2946 4122 3085 4177 inire
3120 4141 3228 4181 :ne
3254 4127 3391 4185 forte

1823 4215 2056 4267 nequam
2082 4202 2227 4258 illius
2249 4204 2598 4271 daemonium,
2630 4209 3056 4277 pulchritudinis
3085 4214 3390 4285 dignitatis-

1821 4306 1926 4361 que
1952 4301 2058 4347 tuaa
2088 4294 2351 4362 invidum,
2386 4298 2589 4353 amoris
2607 4299 2846 4356 simulati
2875 4305 3057 4373 specie
3091 4308 3392 4368 circumve-

1822 4385 1932 4436 niat
1956 4385 2374 4457 supplantetque
2406 4396 2492 4451 te;
2527 4389 2773 4456 plurium
2798 4394 2940 4447 enim
2967 4405 3094 4451 sunt
3127 4401 3388 4467 gravissi-

150 4468 259 4533 τὸν,
288 4466 599 4537 προσφιλής
630 4484 719 4537 μοι
748 4466 961 4538 ὑπῆρχε
994 4468 1136 4532 λίαν,
1177 4471 1270 4523 καὶ
1322 4472 1355 4541 ή
1406 4473 1619 4542 ἀγάπη,
1652 4474 1718 4544 ην

1844 4474 1892 4528 ni
1922 4475 2069 4530 illius
2103 4476 2403 4533 adversarii
2433 4481 2884 4539 machinationes.
2926 4466 3233 4553 Quibusiita
3262 4494 3388 4565 Epi-

154 4559 293 4629 πρὸς
344 4556 612 4627 ἀλλήλους
646 4559 885 4628 εἴχομεν,
942 4559 1272 4631 ἀσύγκριτος
1318 4557 1386 4633 ἦν
1419 4579 1433 4594 ο
1477 4562 1570 4617 νῦν
1621 4560 1715 4619 οὖν

1844 4565 2051 4621 »Ιιοηίυε
2081 4570 2359 4636 respondit
2392 4588 2405 4624 :
2441 4570 2661 4629 Fratres
2704 4574 3034 4647 Patresque,
3068 4556 3382 4655 priusquam

152 4650 291 4718 ὑπὲρ
322 4649 447 4700 ὅσον
474 4648 698 4711 ἔπαθεν,
727 4650 1047 4720 εύχάριστόν
1099 4653 1244 4704 ἐστιν
1294 4652 1369 4721 μὴ
1422 4655 1711 4725 προσέχειν

155 4756 218 4807 με
252 4738 447 4790 τοῦτον
475 4739 569 4791 καὶ
599 4740 769 4792 ἐλεεῖν
798 4756 811 4770 ·
844 4741 1156 4810 γέγραπται
1188 4742 1294 4812 γὰρ
1317 4744 1407 4795 ἐπὶ
1431 4745 1712 4817 συνδέσμῳ

1844 4750 2043 4806 niliaris
2116 4755 2362 4822 exstitit;
2403 4758 2769 4827 charitasque,
2819 4775 2923 4831 qua
2954 4737 3094 4819 inter
3128 4782 3226 4822 nos
3261 4769 3383 4825 dill.
3488 4802 3491 4803 ν

152 4827 358 4894 φιλίας,
392 4825 628 4889 Μείζονα
651 4826 851 4899 ταύτης
877 4830 1102 4902 ἀγάπην
1134 4833 1309 4902 οὐδεὶς
1342 4833 1475 4904 ἔχει,
1515 4835 1601 4887 ἵνα
1629 4854 1711 4901 τις

151 4918 215 4989 θῇ
244 4919 349 4989 τὴν
375 4918 555 4989 ψυχὴν
590 4918 754 4972 αὑτοῦ
785 4920 924 4990 ὑπὲρ
963 4922 1074 4977 τῶν
1106 4925 1277 4992 φίλων
1306 4926 1489 4980 αὑτοῦ.
1526 4926 1713 4981 Ταῦτα

150 5011 588 5077 ἁνταπεκρίνατο
612 5013 724 5074 τοῖς
755 5010 826 5064 τὰ
868 5013 1090 5066 τοιαῦτα
1140 5015 1387 5085 λέγουσιν
1424 5033 1439 5050 ·
1490 5034 1709 5088 παραγ-

149 5100 335 5167 γελίαν
364 5100 474 5169 γὰρ
501 5096 645 5169 εἶχεν
672 5104 729 5153 ὲν
775 5103 924 5173 νόμῳ
969 5105 1075 5158 ἀπὸ
1117 5107 1211 5160 τοῦ
1250 5108 1457 5162 δικαίου
1495 5110 1705 5179 ἀνδρὸς,

148 5190 301 5252 ἐκτὸς
332 5192 446 5252 τοῖς
472 5189 771 5254 νεανίσκοις
796 5197 908 5257 τοῖς
937 5196 1220 5262 ἀγαπῶσιν
1247 5199 1431 5266 αὐτὸν,
1469 5198 1543 5270 μὴ
1569 5201 1705 5254 ἀπο-

146 5284 433 5351 γυμνῶσαι
459 5286 557 5351 τὴν
583 5283 856 5340 πολιτείαν
881 5288 1047 5341 αὐτοῦ
1078 5307 1205 5361 τινι,

1818 4657 1920 4712 iste
1945 4669 2305 4730 occuparetur
2337 4677 2365 4717 a
2388 4664 2784 4732 cacodzemone,
2841 4684 3097 4740 perquam
3132 4678 3263 4732 mihi
3305 4679 3382 4734 fa-

1819 4842 2097 4912 gebamus,
2162 4854 2310 4901 tanta
2358 4847 2483 4912 fuit,
2538 4856 2596 4902 ut
2628 4850 2763 4905 nihil
2795 4867 3166 4922 supraznunc
3215 4861 3380 4929 igitur

1818 4946 1939 4985 cum
2005 4933 2057 4985 in
2118 4934 2479 4990 calamitatem
2548 4937 2687 5019 hanc
2745 4939 2955 5009 incidit,
2987 4959 3113 4998 num
3161 4963 3373 5019 aequum

1816 5023 2042 5093 putatis,
2097 5025 2301 5080 nullam
2356 5042 2441 5082 me
2469 5029 2667 5083 misero
2706 5044 2925 5100 operam
2961 5049 3178 5100 navare,
3212 5043 3376 5098 ηιίειξ-

1816 5116 2102 5169 ricordiam
2166 5117 2421 5173 exhibere
2471 5120 2732 5175 nullam?
2802 5123 3071 5194 Scriptum
3123 5140 3203 5184 est
3230 5135 3371 5188 enim

1814 5207 1883 5263 de
1936 5207 2231 5262 amicorum
2291 5209 2720 5278 conjunctione:
2760 5231 2777 5265 t
2835 5213 3372 5285 Majoremhacdilcc

1811 5299 2044 5353 ctionem
2092 5312 2250 5353 nemo
2300 5300 2479 5366 habet,
2522 5311 2579 5356 ut
2606 5304 2840 5361 animam
2882 5321 3036 5361 suam
3064 5324 3226 5380 ponat
3246 5316 3371 5384 quis

147 5389 241 5442 pro
296 5373 491 5426 amicis
558 5374 674 5429 suis
728 5374 769 5428 ⁸.
831 5394 849 5427 ι
908 5381 1083 5449 Atque
1113 5382 1227 5437 haec
1270 5386 1553 5455 responsio
1590 5397 1706 5442 erat
1744 5387 2052 5460 Epiphanii,
2087 5406 2192 5461 qua
2223 5405 2376 5446 suam
2419 5391 2547 5448 cum'
2573 5395 2782 5451 Andrea
2829 5373 3366 5461 l‘aniiliaritatenrin-

212 5505 419 5561 ‘Joan.
462 5521 553 5568 xv,
588 5506 675 5562 l3.

212 5618 325 5687 (ὃὸ)
385 5616 527 5683 Quid
558 5618 647 5675 hic
670 5621 1042 5688 Τρούλλαιονῖ
1068 5624 1204 5680 infra
1236 5626 1288 5681 in
1324 5626 1519 5686 Mazar.
1560 5634 1698 5688 scri-

144 5690 284 5742 bitur
312 5688 609 5770 τρούλλιον,
638 5691 692 5745 in
721 5688 986 5770 Vaticano
1012 5694 1347 5770 'nyeiptov,_
1368 5698 1563 5770 Utique
1607 5719 1700 5757 vas

145 5766 394 5813 nianuale
439 5769 493 5813 et
548 5762 865 5829 rutundum,
921 5762 1404 5837 qualdést'trulla,
1433 5762 1553 5842 qua:
1580 5788 1703 5844 pro—

1804 5647 1932 5721 pter
1976 5650 2184 5721 aptatas
2216 5642 2262 5695 ei
2309 5659 2473 5701 ansas
2522 5647 2812 5721 πτερῶδες,
2839 5655 2994 5721 quasi
3048 5656 3216 5719 alata.
3248 5655 3363 5712 ﬁeri

1806 5710 2202 5794 βίαιοι-..ΝΜ
2258 5723 2437 5794 tamen
2471 5710 2812 5791 satis'capio
2843 5710 2977 5794 quid
3033 5726 3121 5785 hic
3146 5710 3362 5784 Selene—hi

1806 5778 1967 5837 lateat
1996 5782 2255 5840 adversus
2290 5787 2540 5842 Arianos.
