4202 6430
758 395 863 460 687

1813 388 2236 450 NICEPHORI
2277 389 2750 452 PRESBYTERI
2786 392 2892 451 (ΣΡ.

3885 408 3994 471 638

756 502 1097 566 cusantibus,
1152 516 1209 555 se
1241 499 1528 568 purgabat.
1558 498 1892 568 Praeceptum
1949 513 2185 569 namque
2216 500 2316 554 viri
2356 502 2526 556 sancti
2576 517 2674 570 pro
2725 503 2838 572 lege
2890 503 2991 557 sibi
3084 504 3377 559 inviolabili
3453 510 3757 577 reputabat,
3788 516 4007 573 scilicet

758 602 811 649 ul
846 609 944 646 nec
973 594 1062 661 qui
1149 590 1265 660 ejus
1326 592 1533 644 vivendi
1607 591 1953 653 institutum,
2023 600 2383 658 praeterquam
2451 592 2885 648 adulescentibus
2970 595 3271 658 nonnullis,

757 684 1144 742 manifestarct.

3360 600 3609 653 eumdem
3691 604 4007 658 amantibus

825 779 913 833 49.
949 778 1171 832 Inventa
1197 776 1409 832 tandem
1433 776 1552 831 loco
1571 783 1898 845 opportuno,
1920 775 2324 838 consederunt;

2492 770 2598 843 μθ’.
2635 772 2897 840 Εύρόντες
2929 774 3116 839 τόπον,
3147 774 3545 843 ἐκαθέσθησαν,
3579 768 3673 828 καὶ
3701 779 4005 851 διηγήσατο

758 870 1031 938 cmpitque
1093 869 1431 938 Epiphanius
1481 868 1547 922 de
1570 882 1802 922 occursu
1856 866 2144 930 darinonis,
2167 867 2218 918 in
2241 867 2329 919 via

2443 888 2447 912 ι
2483 865 2814 931 Ἑπιφάνιος,
2860 864 3009 925 ὅπως
3044 865 3194 935 αὐτῷ
3230 866 3565 935 συνήντησεν
3610 871 3669 920 ὲν
3709 873 3775 938 τῇ
3821 874 3928 939 όδῷ
3976 877 4005 927 ὁ

758 961 864 1017 sibi
926 960 1093 1023 facto,
1133 959 1496 1013 narrationem
1544 960 1846 1014 instituere.
1891 956 2212 1016 Simulabat,
2247 955 2325 1008 ἰη-

758 1053 979 1123 quiens,
1014 1066 1294 1120 aspersum
1327 1051 1527 1105 canitie
1575 1066 1779 1117 senem,
1829 1048 2145 1119 prail'ercbat
2177 1048 2330 1101 habi-

765 1156 877 1198 tuin
913 1142 1235 1196 mercatoris
1281 1142 1534 1210 Agareni,
1561 1140 1748 1194 oculos
1802 1141 2033 1193 habebat
2066 1150 2244 1193 torvos
2269 1152 2332 1192 ac

762 1236 989 1297 feroces,
1042 1233 1232 1301 quales
1287 1233 1399 1287 fere
1457 1231 1570 1303 (67)
1621 1244 1899 1287 taurorum
1960 1247 2080 1285 esse
2109 1231 2329 1285 solent:

763 1323 1094 1378 induebatur
1126 1323 1507 1377 vestimentum
1535 1323 1769 1390 nigrum,
1800 1330 1854 1374 et
1893 1322 2103 1374 calceos
2132 1335 2332 1386 purpu-

762 1414 838 1468 rei
898 1414 1117 1467 coloris.
1185 1412 1230 1464 Is
1286 1414 1586 1466 ambulanti
1647 1412 1775 1464 niilii
1836 1410 2049 1464 obviam
2112 1408 2328 1462 lactus:

763 1504 951 1560 Nonne
1006 1516 1084 1565 tu,
1154 1504 1347 1572 inquit,
1402 1504 1543 1559 ﬁlius
1584 1502 1834 1567 Joannis,
1879 1516 2039 1571 quem
2084 1501 2331 1555 homines

764 1599 918 1649 aiunt
950 1611 1044 1663 pro
1078 1595 1246 1648 niiiilo
1278 1595 1479 1649 habere
1505 1594 1811 1648 diabolum?
1845 1591 2182 1661 llypocritam
2216 1592 2331 1657 agis

762 1688 974 1739 ratione
1029 1685 1173 1739 mei:
1206 1688 1420 1739 tendam
1444 1700 1543 1754 ego
1578 1684 1669 1737 tibi
1686 1692 1951 1742 casses,ct
1990 1683 2109 1735 lacu
2138 1681 2331 1735 effosso

765 1779 1071 1846 illaqucabo
1124 1788 1195 1837 te,
1259 1787 1515 1845 tuamque
1548 1776 1643 1828 tibi
1666 1777 1827 1829 ollam
1883 1775 2155 1838 condiam,
2187 1773 2331 1842 quod

767 1871 1009 1925 consiliis
1035 1870 1170 1922 meis
1194 1866 1483 1926 obnitaris.
1516 1866 1666 1920 Talia
1712 1866 2031 1921 blatterante
2060 1865 2202 1919 malo
2225 1866 2333 1919 de-

771 1977 953 2025 mone,
985 1971 1033 2013 et
1065 1961 1238 2013 minas
1264 1960 1604 2028 injuriasque
1652 1958 1947 2027 ingerente,
1981 1970 2115 2026 pene
2142 1959 2330 2013 exani-

767 2064 948 2109 matus
998 2069 1155 2108 sum:
1227 2054 1501 2106 admirans
1555 2050 1697 2104 unde
1750 2050 1798 2105 is
1844 2050 1973 2102 mihi
2012 2050 2331 2113 occurrerit,

766 2162 1003 2213 quocum
1046 2145 1177 2198 nihil
1209 2158 1442 2213 unquam
1501 2140 1769 2196 sermonis
1820 2139 2057 2207 contuli;
2090 2148 2184 2193 aut
2209 2140 2332 2208 quis

766 2239 857 2292 ille
918 2238 1207 2290 iiitentator
1245 2235 1377 2295 litis,
1431 2234 1519 2287 ille
1567 2231 1869 2295 terrificus,
1914 2232 2005 2285 ille
2058 2231 2333 2284 minitator

767 2330 949 2396 fuerit,
990 2344 1112 2382 cum
1151 2344 1247 2381 nec
1284 2327 1505 2381 viderim
1538 2337 1685 2389 ante,
1727 2341 1826 2379 nec
1857 2324 2198 2394 cognoverim
2229 2339 2332 2376 un-

766 2436 956 2490 quam,
1008 2422 1168 2487 plane
1234 2436 1320 2473 ine
1380 2419 1535 2485 fugit.
1565 2419 1740 2486 Atque
1782 2417 1875 2469 illa
1911 2416 2169 2483 cogitanti
2203 2415 2333 2467 mihi

766 2513 1058 2585 animoque
1080 2511 1353 2581 pendenti,
1386 2517 1592 2562 tremor
1614 2517 1668 2560 et
1711 2515 2079 2560 consternatio
2112 2506 2339 2559 incessit

767 2603 1122 2658 intolerabilis
1156 2619 1168 2654 :
1199 2601 1370 2654 donec
1397 2600 1504 2653 huc
1550 2598 1833 2661 accedens,
1887 2596 2098 2651 obviam
2132 2595 2337 2649 saucii-

772 2698 865 2751 tati
926 2704 1029 2749 tuze
1076 2693 1252 2747 iactus
1302 2707 1441 2754 sum,
1474 2701 1669 2744 cuncta
1722 2689 1876 2753 mihi,
1933 2696 1991 2742 ut
2019 2696 2336 2752 evenerunt,

771 2788 1037 2843 narranti.
1087 2784 1225 2839 Tum
1255 2797 1415 2837 orsus
1464 2781 1711 2835 Andreas
1751 2796 1764 2833 :
1797 2782 2101 2850 Agarenus,
2144 2779 2338 2847 inquit,

770 2878 1144 2940 dilectissime,
1169 2890 1327 2943 quem
1352 2877 1643 2938 memoras,
1673 2882 1891 2927 centum
1947 2872 2339 2925 dmmunioruin

773 2971 987 3025 cohorti
1048 2975 1277 3037 praeest;
1313 2966 1611 3018 industrius
1632 2962 1924 3018 admodum
1955 2977 2020 3015 ac
2053 2971 2337 3023 strenuus,

769 3074 828 3115 ut
863 3055 1137 3120 homines,
1174 3057 1229 3109 in
1255 3055 1429 3109 stadio
1460 3054 1662 3107 amoris
1694 3053 1783 3106 Dei
1842 3051 2093 3105 alacriter
2113 3064 2340 3119 progre-

768 3154 1003 3215 dientes,
1036 3156 1342 3217 expugnet;
1403 3158 1700 3211 corumque
1745 3142 1957 3196 animas
2008 3142 2200 3195 leniter
2244 3140 2342 3194 de-

771 3241 1081 3304 mulcendo,
1140 3239 1209 3293 ad
1263 3253 1458 3309 pravas
1503 3236 1850 3305 cupiditates,
1898 3234 1965 3287 ad
2010 3232 2343 3287 titillationes

769 3334 970 3396 carnis,
1020 3330 1089 3385 ad
1129 3328 1404 3384 lasciviam
1436 3328 1668 3395 denique
1700 3325 1951 3380 adducat.
1988 3324 2343 3392 Quapropter,

2434 956 2700 1019 Σατανᾶς,
2727 957 2799 1017 ὡς
2829 956 3007 1023 γέραν
3040 957 3468 1027 πεπολιωμένος,
3500 961 3802 1033 ’Δγαρηνοῦ
3828 968 4009 1031 ὲμπὸο

2435 1064 2529 1119 ρου
2581 1048 2765 1116 σχῆμα
2806 1049 2974 1116 ἔχων,
2999 1050 3122 1111 τοὺς
3152 1049 3459 1120 ὀφθαλμοὺς
3492 1052 3829 1123 ἡγριωμένος
3861 1061 4007 1110 κατά

2431 1142 2523 1193 τὸν
2581 1141 2676 1192 τοῦ
2713 1141 2834 1210 βοὸς
2865 1144 2977 1211 (67)
3026 1143 3217 1209 τύπον,
3266 1147 3737 1217 περιϐεϐλημένος
3787 1154 4008 1221 ίμάτιον

2438 1230 2625 1297 μέλαν,
2645 1230 2701 1280 ὲν
2732 1228 3074 1297 ὀστρακίνοις
3104 1233 3444 1303 ὑποδήμασιν
3474 1242 3539 1307 τῇ
3578 1242 3753 1307 χροιᾷ.
3780 1245 4006 1306 Μεταξῦ

2433 1316 2527 1368 οὖν
2555 1318 2663 1369 τῶν
2691 1317 3032 1372 διοδευόντων
3064 1324 3399 1390 συναντήσας
3430 1324 3533 1392 ἔφη
3571 1344 3692 1393 μοι·
3722 1331 3855 1398 Οὐχὶ
3886 1336 3951 1385 σὺ
3980 1339 4008 1387 6

2434 1406 2554 1467 υἱὸς.
2590 1407 2864 1469 Ἰωάννου,
2902 1409 3027 1476 περὶ
3057 1405 3117 1462 οὗ
3154 1427 3318 1477 φασιν
3345 1415 3393 1465 οί
3426 1414 3725 1484 ἄνθρωποι,
3753 1438 4007 1474 καταπε-

2433 1495 2737 1562 πατηκέναι
2757 1512 2839 1548 σοι
2862 1497 2951 1548 τὸν
2976 1497 3249 1564 διάὂολονς
3277 1501 3673 1573 ’Υποκριτικῶς
3699 1508 3843 1574 ἔχεις
3870 1514 4012 1574 πηός

2438 1604 2526 1656 με,
2562 1586 2671 1654 ἐγώ
2702 1603 2759 1638 σε
2793 1588 2972 1654 πλέξω
2994 1591 3429 1661 ἀμφίϐληστρον,
3455 1600 3549 1647 καὶ
3579 1597 3779 1650 λάκκον
3800 1598 4010 1669 ὀρύξας

2436 1677 2753 1745 συμποδίσω
2785 1695 2863 1742 σε,
2893 1680 3005 1746 ἐγώ
3040 1697 3123 1733 σοι
3154 1681 3374 1749 ἀρτύσω
3409 1684 3616 1754 κύθραν
3646 1688 3758 1755 (68)
3785 1729 3799 1751 ,
3848 1692 4011 1741 ἐναν-

2434 1772 2524 1823 τία
2556 1774 2678 1840 ἐμοὶ
2709 1772 3185 1843 διαπραττομένῳ.
3230 1774 3413 1828 Ταῦτα
3443 1775 3536 1828 τοῦ
3568 1781 3807 1847 πονηροῦ
3835 1782 4012 1850 φλυα-

2436 1857 2679 1926 ροῦντος,
2727 1858 2836 1924 ἐγὼ
2895 1859 3034 1929 πρὸς
3092 1862 3193 1923 τὰς
3237 1862 3401 1915 αὑτοῦ
3450 1864 3682 1927 ἀπειλὰς
3759 1871 3853 1920 καὶ
3910 1872 4014 1931 τὰς

2437 1948 2623 2017 ὕϐρεις
2651 1949 2950 2021 ὲξιστάμην
2982 1967 2996 1980 ’
3032 1951 3200 2005 πόθεν
3241 1954 3348 2021 ἄρα
3392 1970 3482 2023 μοι
3527 1960 3877 2027 συνήντησεν,
3934 1962 4011 2027 μή

2436 2058 2567 2093 ποτε
2600 2042 2933 2111 συνάραντύς
2977 2059 3080 2110 μου
3126 2044 3285 2111 λόγον
3324 2046 3441 2112 μετ’
3472 2046 3767 2111 αὐτοῦ,τίς
3815 2052 3871 2104 δὲ
3916 2070 4016 2102 και

2366 2117 2405 2169 Β
2438 2130 2673 2200 ὑπάρχει
2702 2132 2802 2184 οὑκ
2838 2132 3160 2201 ἐπίσταμαι,
3189 2137 3215 2185 6
3240 2133 3395 2197 δίκας
3425 2152 3513 2203 μοι
3545 2141 4014 2208 εἰσπραττόμενος

2434 2220 2683 2289 ἐκφοϐῶν
2724 2240 2793 2291 με
2844 2225 2939 2276 καὶ
2989 2225 3402 2294 ἀπειλούμενος,
3449 2228 3478 2279 6
3508 2229 3632 2295 ἐμοὶ
3671 2230 4015 2298 ἀγνώριστος

2437 2314 2531 2367 καὶ
2562 2314 2811 2377 ἀθέατος.
2845 2315 3031 2369 Ταῦτα
3062 2317 3502 2388 διαλογιζομένου
3527 2337 3630 2389 μου
3659 2322 3751 2373 καὶ
3771 2314 4018 2393 ἀπόρευ-

2442 2408 2630 2478 μένου,
2665 2408 2849 2471 κλόνος
2874 2424 2941 2473 με
2977 2410 3286 2477 περιέσχεν,
3320 2410 3416 2462 καὶ
3437 2411 3672 2480 τάραχος
3696 2413 3970 2481 ἀφόρητο,
3995 2430 4013 2445 ο

2441 2502 2533 2554 καὶ
2567 2500 2642 2563 ὼς
2692 2500 2878 2555 ἐνθάδε
2921 2500 3353 2571 περιερχόμενος
3410 2504 3720 2571 συνήντησα
3748 2506 3815 2573 τῇ
3844 2505 4023 2572 ἁγιωο

2441 2595 2596 2663 σύνῃ,
2633 2594 2692 2645 τὸ
2717 2596 2825 2647 πᾶν
2850 2610 2940 2662 μοι
2970 2592 3273 2663 ἀψευδῶςή
3308 2592 3373 2663 σὴ
3418 2597 3758 2666 μακαριότης
3803 2599 4023 2663 ἀπεγζ-

2442 2699 2690 2755 μνωσεν.’
2717 2687 2861 2754 Ἔφη
2894 2685 3030 2753 πρὸς
3060 2685 3221 2737 αὑτὸν
3252 2689 3279 2737 ὁ
3315 2686 3499 2748 ὐσιος
3534 2701 3549 2717 ⁸
3594 2687 3653 2737 '0
3706 2688 4019 2757 Ἀγαρηνὸς

2441 2773 2916 2841 ὲκεῖνος,φίλτατέ
2950 2790 3059 2840 μοι,
3110 2773 3503 2843 ἑκατόνταρχος
3557 2776 3829 2843 δαιμόνων
3873 2795 4024 2845 χρη-

2446 2868 2686 2936 ματίζει,
2718 2866 2863 2918 ἐστιν
2896 2865 2952 2917 δὲ
2980 2864 3183 2933 δραξὴς
3225 2864 3361 2933 (69),
3392 2866 3474 2927 είς
3514 2867 3572 2918 τὸ
3601 2868 3857 2937 πολεμεῖν
3889 2874 4026 2933 τοὺς

2443 2958 2881 3026 ἀγωνιζομένους
2922 2958 3057 3025 πρὸς
3084 2957 3236 3021 θεὸν,
3260 2957 3352 3008 καὶ
3372 2955 3536 3010 ὠθεῖν
3565 2958 3705 3027 πρὸς
3726 2962 4028 3027 ἀσεὶγείας

2442 3050 2542 3110 τὰς
2569 3046 2745 3115 ψυχὰς
2780 3047 2890 3098 τῶν
2913 3045 3236 3115 ἀνθρώπων,
3264 3045 3470 3112 θέλγων
3510 3047 3674 3111 αὐτὰς
3718 3052 3796 3111 είς
3828 3050 4031 3101 ἐπιθυ-

2447 3138 2577 3207 μίας
2627 3138 2858 3206 αἰσχρὰς
2906 3137 2999 3188 καὶ
3044 3136 3479 3205 γαργαλισμούς.
3539 3138 3605 3188 Σὲ
3650 3135 3783 3203 οὖν,
3830 3141 4029 3192 τέκνον

2445 3230 2751 3299 ἀγαπητὸν,
2797 3228 3122 3299 παρακαλῶ,
3188 3228 3423 3297 πρόσεχε
3473 3230 3739 3295 σεαυτὸν,
3789 3233 3881 3284 καὶ
3948 3236 4030 3300 μὴ

2448 3322 2633 3389 ἀγνόει
2672 3319 2838 3374 αὑτοῦ
2871 3320 2940 3371 τὰ
2974 3321 3365 3389 μηχανήματα.
3399 3320 3543 3390 Ὀρα
3593 3323 3669 3382 δὲ,
3721 3325 4033 3392 ἐγρηγορό-

771 3431 845 3485 ﬁli
875 3429 1218 3491 charissima,
1252 3433 1302 3479 te
1338 3425 1590 3485 obsecro,
1620 3437 1798 3475 rerum
1842 3430 2060 3474 tuarum
2116 3428 2175 3471 ut
2203 3427 2347 3471 sata-

2448 3413 2569 3483 Οητι
2597 3412 2692 3464 καὶ
2718 3412 2853 3478 νῆφε
2879 3413 2936 3462 ὲν
2965 3413 3155 3474 πᾶσιν,
3177 3410 3362 3479 ἐπειδὴ
3389 3410 3600 3488 ’ἁπαλὶς
3627 3410 3722 3462 καὶ
3753 3416 3982 3482 τρυφερ“
4002 3430 4031 3472 ς

774 3538 891 3593 gas,
951 3532 1282 3591 Operanique
1326 3517 1443 3579 des,
1470 3530 1536 3568 ne
1568 3521 1620 3567 te
1650 3513 1854 3566 lateant
1909 3510 2342 3564 machinationes

773 3615 1000 3669 inimici.
1063 3612 1505 3678 Circumspectus
1562 3607 1747 3675 itaque
1800 3613 1854 3658 et
1883 3602 2009 3672 vigil
2037 3610 2091 3655 et
2128 3600 2344 3655 sobrius

771 3716 891 3763 esto
920 3707 972 3759 in
1028 3702 1302 3765 omnibus,
1328 3698 1587 3770 quoniam
1622 3695 1870 3757 tenellus,
1895 3702 1949 3747 et
1993 3690 2340 3755 dclicatulus,

770 3807 824 3851 et
860 3795 1219 3852 suavissimus
1252 3806 1311 3846 es
1336 3810 1351 3846 :
1374 3790 1600 3859 ideoque
1630 3787 1812 3841 furore
1856 3786 2033 3854 agitur
2060 3783 2345 3837 adversum

772 3899 826 3944 te
883 3887 1153 3957 superbus
1212 3884 1407 3947 hostis,
1447 3882 1574 3950 quia
1620 3886 1672 3933 te
1738 3887 2005 3932 sacratum
2057 3874 2168 3929 Deo
2196 3872 2345 3927 dica-

774 3990 1001 4049 tumque
1032 3974 1275 4038 voluisti,
1300 3973 1479 4028 oblata
1520 3970 1618 4041 ipsi
1654 3967 2042 4040 pretiosissima
2102 3964 2347 4033 corporis

773 4071 851 4123 tui
889 4066 1202 4136 margarita.
1238 4064 1450 4119 Invidet
1493 4077 1655 4133 porro
1709 4062 1847 4115 idem
1896 4058 2214 4112 maledictus
2248 4057 2345 4109 bo-

772 4161 873 4213 stis
908 4169 1056 4212 tuum
1096 4156 1194 4211 tibi
1224 4154 1523 4224 ingenium,
1578 4150 2071 4213 mansuetudinem,
2127 4150 2347 4223 sapien-

774 4254 907 4305 tiam
965 4250 1248 4305 erroribus
1318 4261 1424 4300 non
1484 4259 1799 4312 aspersam,
1827 4253 1880 4296 et
1908 4241 2286 4296 castimoniam
2329 4254 2342 4289 :

2449 3501 2520 3567 εἷ,
2554 3504 2650 3556 καὶ
2676 3504 2795 3555 λίαν
2825 3502 3086 3571 ἡδύτατος
3122 3515 3135 3529 '
3176 3500 3270 3552 καὶ
3307 3500 3498 3552 ’ἐνεκεν
3544 3500 3737 3552 τούτου
3777 3502 4033 3570 μέμηνεν

2451 3595 2591 3647 κατά
2628 3592 2721 3646 σοῦ
2753 3596 2780 3646 6
2824 3593 3199 3663 ὑπερήφανος,
3240 3590 3357 3642 ἀνθ’
3408 3584 3483 3644 ὧν
3515 3591 3593 3659 τῷ
3636 3591 3755 3660 Θεῷ
3801 3594 4036 3645 σεαυτὴν

2449 3687 2744 3757 ἀνέθηκας,
2776 3684 3174 3753 προσαρμόσας
3218 3681 3383 3734 αὐτοῦ
3417 3683 3477 3734 τδ
3526 3682 3887 3751 μαργαρῶδες
3931 3686 4032 3734 τοι

2454 3777 2550 3830 σοῦ
2587 3778 2840 3844 σώματος
2874 3790 2891 3807 ⁸
2937 3776 3030 3826 καὶ
3083 3771 3359 3844 φθονήσας
3397 3789 3491 3825 σου
3525 3773 3623 3842 τὴν
3658 3774 3895 3833 σύνεσιν,
3927 3776 4031 3841 τὴν

2452 3868 2757 3940 πραότητα,
2804 3867 2902 3937 τὴν
2943 3865 3338 3935 καθαρωτάτην
3386 3866 3600 3932 σοφίαν,
3640 3865 3737 3935 τήν
3782 3866 4034 3931 ἁγνείαν,

2453 3962 2548 4017 καὶ
2579 3962 2893 4032 διαπρίεται
2924 3957 3181 4031 μεμηνὼς
3210 3957 3351 4011 κατὰ
3392 3957 3484 4010 σοῦ
3517 3960 3545 4011 6
3582 3959 3914 4027 κατάρατος,
3962 3957 4034 4011 δι’

2450 4055 2509 4107 δν
2540 4053 2601 4118 ἐξ
2648 4053 2776 4120 ὅλης
2822 4050 3048 4119 καρδίας
3086 4065 3178 4101 σου
3217 4050 3437 4117 ἀγαπᾷς
3478 4049 3571 4102 τὸν
3614 4048 3746 4101 Θεὸν
3776 4050 3871 4100 καὶ
3905 4050 4038 4109 τοὺς

2455 4148 2667 4213 ἁγίους,
2692 4145 2817 4204 τοὺς
2846 4142 2913 4193 δι’
2944 4142 3109 4192 αὑτὸν
3134 4141 3195 4191 τὸ
3252 4134 3391 4207 αἷμα
3414 4141 3726 4209 ἐκχέοντας,
3773 4139 3862 4190 διὰ
3885 4137 4038 4207 ζωὴν

2452 4238 2549 4305 τὴν
2582 4234 2800 4286 αἰώνιον
2840 4231 2934 4284 καὶ
2966 4231 3065 4300 τὴν
3090 4229 3317 4298 ἄπειρον
3349 4217 3747 4298 μάκαριότητα.

774 4343 1043 4412 furiisque
1090 4341 1323 4410 agitatus
1364 4337 1419 4390 in
1487 4344 1632 4389 tuam
1698 4331 1966 4386 incumbit
2019 4330 2345 4399 perniciem,
2384 4332 2670 4396 propterea
2693 4322 2836 4391 quod
2863 4335 2928 4373 ex
3005 4330 3118 4375 toto
3145 4320 3308 4374 corde
3371 4318 3537 4373 Deum
3571 4318 3777 4387 diligis,
3802 4320 4038 4389 ejusque

776 4448 996 4490 sanctos
1029 4416 1304 4497 'lionoras,
1339 4430 1432 4500 qui
1464 4427 1557 4483 Dei
1582 4437 1634 4482 et
1687 4426 1812 4479 vitae
1843 4435 2057 4479 acterna:
2121 4437 2184 4476 ac
2216 4418 2634 4475 interminabilis
2692 4414 3046 4470 beatitudinis
3113 4427 3276 4467 causa
3341 4412 3662 4480 sanguinem
3717 4425 3877 4465 suum
3904 4427 4039 4479 pro-

777 4525 1055 4582 fuderunt,

856 4619 941 4673 50.
976 4616 1133 4671 Disce
1166 4615 1332 4685 igitur
1354 4628 1517 4683 quam
1549 4609 1834 4678 diligenter
1871 4602 2260 4677 perscrutanda
2284 4602 2353 4655 sit

2517 4603 2581 4651 ν’,
2615 4594 2760 4663 Ὅρα
2795 4588 2911 4649 πῶς
2945 4584 3295 4657 ἀκριϐολογεῖ
3328 4584 3427 4651 τὴν
3462 4581 3555 4634 τοῦ
3590 4581 3829 4650 πονηροῦ
3868 4585 4040 4635 κακό-

780 4712 854 4775 ei,
895 4710 987 4779 qui
1042 4708 1096 4761 in
1170 4672 1495 4759 timore-Dei
1542 4711 1597 4756 et
1627 4701 1852 4753 veritate
1874 4672 2160 4759 iambulat,
2192 4693 2349 4747 male-

2448 4706 2594 4747 νοιαν
2631 4683 2768 4757 μετά
2808 4681 2975 4750 φόϐου
3016 4674 3151 4729 Θεοῦ
3188 4677 3285 4728 καὶ
3317 4672 3578 4743 ἀληθείας
3618 4672 4029 4743 πορευόμενος.

781 4799 1010 4854 volentia
1041 4796 1263 4867 pessimi
1320 4791 1605 4847 daemonis.
1659 4789 1858 4858 Subige
1883 4786 2107 4856 jcjuniis
2138 4797 2349 4867 corpusl

2451 4777 2717 4842 ύποπίαζέ
2746 4790 2840 4827 σου
2865 4771 2927 4824 τὸ
2959 4769 3121 4837 σῶμα
3148 4765 3420 4838 νηστείαις
3440 4803 3455 4827 ,
3484 4766 3578 4815 καὶ
3602 4765 3671 4815 τά
3696 4762 3798 4831 τῆς
3829 4764 4036 4830 σαρκδς

781 4901 834 4945 et
875 4905 1095 4946 carnem
1148 4883 1514 4941 lascivientem
1543 4883 1704 4935 doma
1735 4896 1749 4933 :
1782 4880 1944 4932 indue
1999 4862 2355 4930 humilitatem

778 4997 879 5052 pro
922 4981 1285 5043 vestimento;
1352 4974 1578 5044 prolixis
1632 4971 1802 5042 gaude
1835 4969 2122 5039 precibus;
2162 4981 2355 5021 sensus

781 5074 1032 5143 corporis
1086 5084 1279 5125 omnes
1306 5081 1473 5135 puros
1503 5075 1557 5119 et
1611 5062 2069 5118 incontaniinatos
2096 5060 2310 5114 custodi
2336 5098 2349 5110 .

876 5226 967 5297 67)
998 5225 1332 5297 Ecgraphum
1375 5230 1621 5297 nostrum
1678 5219 1931 5297 habebat,
1972 5212 2111 5295 κατά
2143 5214 2202 5266 τὸ
2260 5209 2354 5297 τοῦ

785 5300 905 5370 βοὸς
923 5286 1110 5370 τ’ὀγποηί
1128 5286 1297 5348 Notus
1327 5308 1394 5370 ett
1424 5292 1655 5353 Codiiio,
1688 5290 1855 5367 Locus
1897 5286 2359 5370 bprisInun‘cupa-

786 5354 995 5424 ius-ubi
1028 5370 1217 5418 t‘ornax
1250 5363 1512 5417 aediﬁcata
1538 5369 1655 5414 erat
1675 5354 2358 5427 capacissimaqpraalerens

788 5420 1148 5507 caputbovis.
1188 5434 1309 5507 Sed
1333 5434 1459 5500 quid
1490 5435 1591 5485 hoc
1619 5432 1684 5482 ad
1710 5420 1946 5507 oculos?
1966 5420 2107 5507 Ergjo
2142 5420 2357 5507 proieci:

789 5492 933 5572 θιὼ,
1002 5507 1194 5576 scripsi
1248 5492 1440 5567 τύπον,
1482 5509 1540 5555 ut
1589 5512 1784 5554 sensus
1846 5501 1959 5563 sit,
2016 5492 2084 5548 ad
2133 5492 2355 5547 modum

794 5581 973 5633 bovis.

864 5630 978 5715 (68)
1032 5644 1132 5699 Ms.
1192 5642 1393 5715 Vatic.
1433 5641 1605 5713 ἀρτιῶ
1640 5658 1672 5715 _:
1721 5637 1859 5715 Ma}.
1921 5632 2127 5705 ἀρτύω.
2162 5630 2357 5715 “Malui

788 5702 1008 5790 ἀρτύσω
1040 5716 1114 5787 (id
1135 5723 1217 5769 est
1242 5702 1517 5790 condiam,
1546 5712 1689 5790 unde
1710 5718 1763 5765 et
1787 5702 2006 5790 ἄρτυμα
2041 5702 2358 5790 σπείρειέ

794 5773 928 5860 ιὺιιι)
966 5773 1194 5846 ιιιέυω
1240 5773 1665 5856 praecedentibus
1706 5773 2082 5839 concordaret.
2135 5773 2359 5844 Κύθραν

2462 4870 2855 4941 σκιρτήματα·
2908 4859 3205 4933 περιϐαλοῦ
3244 4858 3340 4929 τὴν
3395 4854 3901 4925 ταπεινοφροσύνην
3961 4858 4039 4916 ὡς

2465 4963 2706 5032 ίμάτιον’
2739 4958 2797 5010 ὲν
2835 4956 2956 5017 ταῖς
2988 4952 3174 5022 εὐχαῖς
3207 4948 3505 5019 φαιδρύνου
3556 4944 3986 5013 εὐφραινόμενος
4021 4961 4035 4974 -

2460 5054 2704 5124 φύλασσε
2736 5050 2916 5110 πάσας
2942 5049 3039 5107 τὰς
3067 5043 3351 5114 αἰσθήσεις
3377 5038 3472 5093 τοῦ
3522 5036 3772 5105 σώματός
3811 5052 3905 5087 σου
3941 5052 4037 5089 κα-

2463 5217 2640 5262 autcm
2678 5220 2777 5274 pro
2811 5202 3015 5274 χύτραν
3042 5200 3206 5274 ollam
3252 5192 3505 5274 usurpari
3536 5187 4036 5274 hic,_manifestuin

2459 5258 2699 5333 ίῖιὲΐὲί
2736 5258 2888 5327 num.
2918 5258 3003 5324 ’51
3036 5310 3052 5335 ,
3114 5267 3205 5321 ubi
3256 5258 3579 5335 diminutive
3620 5262 3821 5335 dicitur
3849 5258 4044 5335 κυθρί-

2458 5330 2589 5403 διον.
2623 5346 2718 5400 Est
2746 5358 2875 5412 ergo
2901 5330 3104 5396 locutio
3140 5332 3657 5412 p_roverl_iial.is,'qua
3673 5333 3802 5412 quis
3837 5330 4042 5382 diceret

2459 5419 2620 5487 offam
2663 5416 2756 5468 tibi
2802 5402 3028 5487 inferam
3054 5450 3068 5473 ,
3101 5402 3185 5487 vel
3414 5403 3613 5484 simile,
3643 5402 3698 5454 id
3725 5409 3809 5454 est
3864 5412 4042 5466 paena:

2460 5474 2589 5541 n'i't‘lii
2622 5474 2909 5547 dabis,vel,
2941 5479 3221 5548 rependant
3262 5474 3362 5548 tibi
3382 5475 3565 5548 vitam.

2533 5535 2943 5629 (δθῑλὲπὶιξὴὲν
3177 5535 4041 5629 bimi“;-‘Q‘T‘ﬁﬁ‘kﬂiq‘BPI‘

2460 5607 2732 5701 δρδιξιὶῆρ,
2754 5607 3028 5701 initum,
3057 5607 3328 5701 expet-{itus
3350 5607 3381 5665 2"
3409 5611 3488 5667 ita
3510 5624 3642 5667 sane
3665 5611 3901 5665 videtur.
3936 5607 4043 5660 iis.

2466 5687 2603 5757 hiat.
2636 5687 2761 5770 legit
2782 5694 2972 5764 ταχὺς,
2997 5689 3153 5746 celer.
3189 5687 3373 5741 ﬂecte.
