4202 6430
172 398 283 460 689

1344 398 1519 459 VlTA
1559 398 1620 458 S.
1668 398 1994 460 ANDRErE
2038 401 2233 462 SALI.

3312 406 3427 472 690

173 510 235 561 δα
248 517 349 577 ρας
376 508 471 560 καὶ
497 506 818 578 ἀρυπὼτους
846 526 854 535 ·
887 508 1144 580 ἐπιθυμεῖ
1164 509 1268 579 γὰρ
1317 512 1344 563 6
1394 510 1747 581 παμπόνηρος

1851 512 1901 564 id
1961 512 2102 566 enim
2137 513 2536 569 studiosissime
2595 514 2707 584 agit
2770 515 3023 572 inimicus
3073 518 3427 577 sceleratissi-

175 599 405 666 μολῦναι
438 602 537 667 τὴν
574 602 805 672 καρδίαν
834 619 948 664 σου,
996 604 1088 655 καὶ
1143 602 1328 655 δοῦλον
1356 605 1459 671 τῆς
1496 604 1748 671 ἁκαυαρ-

176 690 302 753 σίζις
358 692 803 761 ἀπεργάσασθαι,
856 696 921 762 τῇ
978 693 1183 765 φοϐερᾷ
1216 693 1406 764 γεέννῃ
1437 694 1529 747 τοῦ
1578 697 1746 763 πυρὸς

172 783 540 838 καταδικάσαι
572 785 841 838 σπεύδων.
908 785 1076 852 Ὀγαρ
1114 785 1285 838 ποιῶν
1317 786 1414 855 τὴν
1452 786 1749 854 ἁμαρτίαν,

171 871 362 934 δοῦλός
410 875 527 926 ἐστι
558 876 652 938 τῆς
686 877 959 945 ἁμαρτίας
978 892 991 905 ·
1014 878 1279 947 ἑκατέρας
1297 878 1352 931 δὲ
1369 879 1463 946 τῆς
1492 874 1750 946 ἐργασίας

171 963 267 1015 δύο
302 966 439 1018 sisi-1
474 968 523 1019 ei
559 966 899 1036 ἐξάρχοντες.
940 970 1036 1038 τῆς
1068 968 1169 1036 μὲν
1203 969 1547 1037 δικαιοσύνης
1579 970 1605 1019 6
1642 969 1751 1020 Κύ·

175 1072 317 1123 ρὀςο
355 1057 451 1123 τῆς
494 1056 546 1107 δὲ
598 1058 875 1125 ἁμαρτίας
920 1059 947 1108 6
994 1058 1256 1118 διάϐολος.
1312 1058 1381 1108 Σὺ
1421 1056 1533 1120 οῦν,
1565 1055 1750 1109 τέκνον

175 1145 459 1213 φίλτατον,
499 1146 590 1200 τοῦ
634 1149 838 1218 Κυρίου
881 1149 1051 1218 Ἰησοῦ
1089 1149 1250 1218 μενοῦ
1283 1147 1381 1216 τῆς
1409 1146 1751 1215 δικαιοσύνης

176 1236 486 1305 τ’ροσςιλὴς
522 1238 782 1306 ἐργάτης,
812 1240 906 1291 καὶ
928 1238 1153 1306 φυλάξει
1184 1255 1242 1291 σε
1284 1238 1503 1308 Κύριος,
1536 1238 1631 1291 καὶ¹
1659 1254 1755 1306 τη-

174 1330 335 1394 ρήσει
372 1344 432 1378 σε
469 1330 497 1379 6
532 1328 992 1399 ’λ’ψιστος,καὶή
1030 1328 1248 1400 βοήθεια
1279 1326 1442 1380 αὑτοῦ
1477 1327 1625 1378 ἔσται
1656 1327 1753 1379 κύ·

174 1418 290 1487 κλῳ
323 1435 443 1482 σου,
480 1419 573 1470 καὶ
630 1422 741 1481 τοῖς
794 1421 1046 1486 ἀγγέλοις
1098 1418 1265 1472 αὐτοῦ
1307 1418 1600 1471 ἐντελεῖται
1627 1419 1756 1486 περὶ

176 1511 294 1572 συῦ,
334 1511 432 1562 τοῦ
464 1510 789 1578 διαφυλάξαι
845 1528 903 1563 σε
958 1512 1013 1563 ἐν
1058 1511 1204 1580 πάσῃ
1251 1509 1353 1580 ὀδῷ
1404 1525 1519 1563 σου.
1554 1508 1756 1578 Θάρσει

172 1602 264 1654 οῦν
324 1604 419 1654 καὶ
464 1603 539 1672 μὴ
585 1600 774 1671 φοϐοῦ,
830 1602 965 1671 μηδέ
1016 1601 1263 1654 δειλιάτω
1317 1618 1411 1653 σου
1465 1601 1497 1669 ἡ
1538 1599 1753 1668 καρδία,

182 1694 350 1745 αὑτὸν
382 1693 833 1761 ἐπικαλούμενος.
870 1690 1058 1744 Ταῦτα
1099 1692 1309 1745 ἀκούων
1354 1692 1381 1742 6
1414 1692 1605 1759 σεμνὸς
1637 1707 1732 1743 νεα

182 1785 321 1847 νίας,
352 1783 426 1845 ὡς
459 1782 837 1854 μαργαρώδεις
873 1782 1110 1851 ὄμϐρους
1140 1784 1201 1835 ἐκ
1230 1783 1335 1838 τῶν
1366 1781 1629 1851 ὀμμάτων
1657 1780 1757 1833 αύ-

178 1875 272 1929 τοῦ
327 1876 541 1944 δάκρυα
586 1874 871 1937 ἐστάλαξε,
922 1874 1136 1943 βρέχων
1199 1875 1295 1942 τὴν
1352 1873 1537 1941 τιμίαν
1590 1872 1755 1925 αὑτοῦ

1856 618 1999 665 mus,
2051 612 2109 658 nt
2160 605 2339 660 anima
2376 616 2462 659 tua
2496 604 2635 662 finde
2660 618 3038 677 conspurcata,
3080 610 3423 665 incontinen-

1858 694 1944 747 tiae
2002 703 2224 763 peccato
2282 696 2580 765 subjectum
2650 707 2700 753 te
2754 698 2806 752 in
2855 701 3114 756 terribilis
3170 703 3428 773 gehenna:

1857 784 2034 853 ignem
2067 790 2393 854 quantocius
2437 790 2753 859 praecipitet.
2786 789 2888 858 Qui
2954 793 3096 846 enim
3141 803 3423 863 peceatum

1856 880 2182 942 committit,
2225 896 2415 935 servus
2461 891 2541 935 est
2582 884 2781 950 peccati
2817 902 2830 937 :
2866 892 2919 937 et
2968 885 3423 952 quemadmodum

1857 970 1965 1024 duo
2028 981 2154 1024 sunt
2185 989 2412 1041 operum
2446 988 2663 1040 genera,
2712 966 2794 1029 sic
2840 985 2887 1029 ct
2923 975 3027 1030 duo
3053 990 3243 1030 eorum
3274 978 3429 1044 priu-

1856 1063 2029 1132 cipia;
2084 1062 2310 1133 justitiae
2356 1065 2597 1133 quidem,
2648 1080 2932 1133 supremus
2998 1068 3117 1121 εαξιὶ
3166 1077 3427 1135 terraeque

1857 1155 2161 1220 Dominus;
2206 1156 2509 1224 iniquitatis
2570 1172 2720 1221 vero,
2754 1156 3023 1214 diabolus.
3073 1158 3151 1211 Tn
3215 1158 3421 1227 itaque,

1860 1242 1932 1296 iiIi
1988 1243 2082 1306 mi,
2116 1241 2200 1298 [ac
2259 1243 2540 1309 iniustitia
2580 1246 2783 1302 Christi
2828 1245 3041 1300 Domini
3093 1249 3349 1303 ardenter
3374 1259 3428 1303 ct

1857 1333 2097 1388 studiose
2156 1346 2209 1389 te
2285 1349 2582 1399 exerceas;
2638 1345 2688 1389 et
2756 1346 2999 1407 proteget
3078 1345 3131 1390 te
3186 1339 3424 1392 vicissim

1861 1424 2141 1491 Dominus,
2176 1435 2228 1479 et
2283 1428 3009 1494 conservabitAltissimus;
3066 1428 3426 1483 circumdabit

1859 1527 1909 1573 te
1939 1518 2141 1572 auxilio
2195 1535 2315 1584 suo,
2351 1530 2403 1574 et
2439 1520 2711 1575 mandabit
2772 1521 2975 1589 angelis
3024 1520 3141 1576 suis
3167 1520 3232 1574 de
3264 1528 3333 1587 te,
3367 1528 3427 1574 ut

1858 1611 2170 1664 custodiant
2221 1620 2271 1665 te
2322 1612 2375 1664 in
2428 1612 2681 1666 omnibus
2730 1611 2832 1666 viis
2894 1612 3020 1666 tuis.
3060 1611 3232 1666 Macte
3264 1612 3427 1680 igitur

1857 1700 2056 1755 virtute
2110 1711 2251 1764 esto,
2279 1702 2440 1777 timor
2485 1703 2661 1757 omnis
2705 1718 2735 1756 a
2766 1703 2929 1757 corde
2973 1703 3200 1766 exsulet,
3239 1717 3300 1754 ac
3339 1702 3424 1753 in-

1857 1808 1988 1849 \'oea
2019 1794 2325 1849 Dominum.
2352 1794 2540 1849 lsthaec
2563 1794 2787 1851 Andreze
2825 1795 3028 1847 monita
3054 1809 3177 1847 cum
3207 1793 3424 1861 excipe-

1859 1895 1940 1939 ret
1987 1889 2209 1942 auribus
2262 1888 2487 1943 illustris
2518 1888 2849 1951 adolescens,
2896 1888 3205 1957 proﬂuxcre
3251 1886 3426 1938 oculis

175 1969 295 2035 ινᾷιν
328 1985 343 1997 ·
378 1970 639 2031 ἔκστασις
673 1969 781 2035 γὰρ
822 1970 1095 2037 περιεῖχεν
1142 1967 1331 2030 αὐτὸν,
1370 1969 1754 2035 ἐνωτιξόμενον

1865 1978 2059 2033 uberes
2092 1980 2451 2049 laerymarnm
2519 1980 2720 2035 imbres
2754 1980 3015 2032 unionum
3054 1980 3224 2033 instar
3261 1993 3423 2030 renc-

182 2063 239 2113 τδ
263 2061 649 2130 λαμπρότατον
681 2062 853 2113 ἐκεῖνο
896 2058 1220 2128 διάγγελμα,
1249 2060 1339 2111 καὶ
1368 2060 1463 2129 τὴν
1496 2059 1753 2129 μελῖρῤυ-

178 2171 267 2205 τον
297 2153 655 2207 διδασκαλίαν
680 2154 770 2205 καὶ
800 2152 1156 2221 οεοπάροχον.
1204 2152 1386 2205 Πάντα
1411 2153 1465 2204 δὲ
1496 2154 1595 2203 ὅσα
1626 2153 1751 2205 ἐλά-

179 2247 342 2313 λησεν
379 2244 533 2314 αὐτῷ
587 2248 615 2298 6
668 2245 911 2305 Δίκαιος,
956 2245 1093 2314 πρὸς
1128 2244 1185 2297 τὸ
1218 2241 1309 2303 οῦς
1338 2244 1659 2312 ψιθυρίζιυν,
1694 2248 1751 2295 ἐν

178 2337 487 2407 ἀποκρύφῳ
531 2338 679 2407 τᾶπῳ
734 2335 1115 2405 καθεξόμενος,
1163 2335 1479 2405 λελάληκεν.
1521 2335 1609 2397 Ὠς
1655 2335 1749 2388 οὗν

176 2434 244 2483 τε
307 2432 503 2483 δέοντα
561 2431 869 2499 ὡμίλησαν,
928 2432 1306 2498 ἀσπασάμενοι
1367 2429 1629 2499 ἀλλήλους
1685 2431 1743 2481 ἐν

179 2525 321 2593 ἁγίῳ
384 2524 675 2592 φιλήματι,
721 2523 1122 2590 ἁνεχώρησαν’
1164 2524 1256 2576 καὶ
1305 2525 1331 2575 6
1375 2524 1474 2591 μὲν
1524 2525 1745 2586 Δίκαιος

180 2617 258 2677 είς
284 2615 347 2666 τὸ
386 2614 677 2683 ἐμπαίζειν
707 2614 799 2665 τὸν
838 2615 1044 2680 κόσμον
1089 2614 1179 2664 τὸν
1225 2615 1453 2681 μάταιον
1512 2616 1605 2666 καὶ
1651 2612 1748 2667 τὸν

179 2706 426 2758 διάϐολον
470 2706 643 2775 ᾣχετο
676 2723 687 2734 ·
725 2707 751 2758 6
781 2705 835 2757 δὲ
875 2704 1190 2771 Ἑπφάνιος
1242 2709 1320 2768 εἰς
1357 2708 1449 2760 τὸν
1478 2703 1624 2757 οἷκον
1648 2707 1748 2759 αύ-

178 2798 272 2850 τοῦ
300 2800 476 2853 ἀπίει.

179 2884 324 2952 dem,
381 2890 447 2943 ad
492 2890 824 2947 illudendum
880 2906 1030 2947 ntere
1080 2907 1179 2946 sua
1253 2890 1538 2942 \‘attitatcm
1599 2888 1784 2943 mundi
1848 2890 2264 2958 diabolumque;

182 2996 363 3038 Suam.

248 3074 352 3127 va'.
380 3072 653 3141 Βούλομαι
677 3072 967 3146 τοιγαροῦν
990 3074 1083 3127 καὶ
1106 3073 1291 3144 ἕτερον
1320 3075 1577 3142 μέγιστον
1603 3076 1760 3143 rspi-

182 3178 327 3212 στιον
360 3164 427 3229 τῇ
467 3160 710 3232 ὑμετέρᾳ
744 3162 933 3232 ἀγάπῃ
966 3162 1350 3231 διηγήσασθαι,
1386 3163 1522 3231 ὅπερ
1557 3166 1636 3226 εἰς
1670 3164 1761 3214 τὸν

1862 2071 2080 2124 randam
2118 2072 2233 2139 ejus
2284 2070 2472 2126 faciem
2523 2073 2813 2141 irrigantes
2848 2070 3216 2140 ;corripicbat
3270 2083 3424 2121 nam-

1858 2178 1963 2231 que
2024 2162 2195 2231 ipsum
2251 2164 2503 2226 exstasis,
2560 2163 2915 2232 excipientem
2963 2163 3145 2215 animo
3178 2161 3424 2228 pulcher-

1857 2256 2047 2308 rimam
2075 2254 2219 2308 illam
2253 2253 2477 2308 Andreae
2504 2254 2962 2317 adhortationem,
2988 2251 3427 2319 suavissimaque

1854 2354 1907 2397 ct
1941 2345 2006 2398 ad
2038 2344 2201 2398 Deum
2235 2344 2487 2399 ducentia
2513 2345 2861 2402 documenta.
2914 2345 3258 2414 Quaecunque
3296 2357 3427 2395 vero

1851 2437 2091 2490 Sanctus
2152 2450 2279 2489 cum
2341 2438 2680 2491 adolescente
2728 2438 2943 2491 locutus
2996 2443 3100 2499 est,
3136 2434 3187 2486 in
3239 2434 3357 2485 loco
3394 2445 3425 2483 ε

1853 2528 2025 2583 tuihis
2109 2536 2317 2580 remoto
2392 2528 2649 2583 assidenti
2736 2528 2882 2589 sibi,
2938 2520 3425 2580 insusurrandoin

1851 2634 2034 2671 aurem
2081 2620 2293 2674 locutus
2358 2630 2459 2674 cst.
2506 2618 2605 2673 Ubi
2669 2629 2873 2684 autem,
2928 2630 3105 2686 quaee
3166 2630 3224 2668 re
3246 2618 3424 2674 erant,

1852 2710 2234 2775 contulissent,
2288 2712 2585 2765 salutantes
2652 2710 2790 2764 inter
2847 2725 2906 2765 se
2952 2710 3005 2763 in
3063 2706 3250 2760 osculo
3302 2720 3425 2757 san-

1854 2808 1964 2865 ﬂn,
2028 2818 2084 2856 se
2130 2802 2357 2871 quisque
2413 2802 2521 2855 alio
2584 2809 2903 2871 receperunt
2956 2818 2968 2852 :
3017 2798 3259 2853 Andreas
3303 2792 3424 2863 qui-

2359 2891 2693 2963 Epiphanius
2786 2908 2965 2955 vero,
3079 2891 3130 2944 in
3203 2888 3426 2942 domum

1929 3070 2017 3124 5|.
2043 3069 2146 3125 Sed
2173 3078 2225 3126 et
2255 3070 2397 3125 aliud
2427 3084 2769 3140 summepere
2828 3070 3204 3126 admiramlum
3241 3074 3427 3143 prodi-

1853 3162 1997 3229 ginnt
2049 3162 2217 3215 libido
2245 3171 2326 3216 est
2361 3178 2616 3216 enarrare
2640 3164 2815 3225 vobis,
2847 3163 3040 3220 fratres
3079 3165 3384 3220 charissimi
3410 3209 3423 3230 ,

181 3251 404 3319 οεοιριλῆ
430 3253 745 3321 Ἐπιφάνιον
766 3254 954 3319 γέγονε
974 3269 986 3281 ·
1016 3255 1416 3322 μαρτυροῦντος
1439 3255 1531 3306 τοῦ
1562 3255 1754 3319 Κυρίου

1858 3255 1910 3306 in
1965 3254 2268 3322 Epiphanio
2316 3264 2529 3319 nostro,
2584 3256 2789 3311 ardenti
2820 3256 2985 3310 Deum
3032 3272 3426 3326 atroreprose-

181 3345 341 3413 ἡμῶν
380 3345 560 3413 Ἰησοῦ
591 3346 827 3415 Χριστοῦ
881 3347 940 3399 τὸ
981 3348 1108 3418 παρ’
1146 3349 1311 3401 αὑτοῦ
1362 3346 1754 3417 εὐεργετούμε-

181 3454 293 3496 νιν,
344 3437 440 3487 καὶ
478 3440 557 3498 εἰς
605 3454 634 3489 τ
668 3435 915 3505 ύμφανες
963 3440 1311 3510 παραστῆσαι
1362 3439 1426 3492 τὰ
1471 3443 1550 3503 εἰς
1595 3440 1754 3491 αύτὶν

184 3527 522 3597 πραχθέντα.
578 3522 749 3593 Οὗτος
800 3530 979 3585 τοίνυν
1029 3532 1055 3583 6
1097 3532 1347 3600 Οεοςιλὴς
1408 3531 1753 3601 νεανίας[ἐν

183 3622 485 3689 ἐγκρατείᾳ.
512 3623 603 3674 καὶ
636 3626 911 3693 προσευχῆ
937 3624 1167 3676 διανύων
1186 3625 1275 3675 τὸν
1306 3624 1418 3693 βίον
1440 3624 1602 3676 αὑτοῦ
1616 3624 1752 3694 (70)]

182 3713 322 3779 ἔχων
358 3714 496 3780 πρὸς
528 3709 656 3782 ἦθος
702 3713 800 3783 τὴν
836 3715 1062 3784 πρώτην
1118 3715 1389 3784 ἐίδομάὸα
1445 3714 1544 3784 τῆς
1593 3717 1755 3782 ἁγίας

184 3804 643 3874 ’τεσσαρακοστῆς
688 3807 875 3869 ἄσιτος
924 3807 1017 3858 καὶ
1061 3806 1260 3867 ἄποτος
1302 3807 1573 3875 διαμένειν
1604 3846 1618 3869 ,
1664 3808 1756 3858 καὶ

185 3897 327 3961 μετὰ
364 3894 538 3947 ταῦτα
568 3894 1005 3963 μεταλαμϐάνων
1038 3898 1144 3949 τῶν
1170 3898 1456 3966 ἀχράντων
1489 3896 1584 3949 τοῦ
1621 3897 1756 3966 Χρι-

186 3983 315 4035 στοῦ
359 3984 699 4053 μυστηρίων,
740 3988 834 4038 καὶ
881 3984 979 4039 εἷθ’
1013 3986 1180 4049 οὕτως
1214 3987 1377 4057 ἄρτου
1425 3988 1518 4039 κα)⁸
1567 3987 1756 4045 ὓδατος

181 4074 275 4127 καί
308 4091 471 4126 τινων
514 4076 756 4143 ὀσπρίων
786 4076 884 4145 τὴν
913 4077 1214 4146 ἀνάκτησιν
1243 4081 1477 4130 ἐποιεῖτο
1522 4076 1617 4130 τοῦ
1653 4076 1755 4129 σώ-

190 4182 383 4232 ματος.
432 4167 518 4218 Ἐν
558 4169 658 4236 μιᾷ
687 4168 867 4220 τοίνυν
891 4170 1316 4239 Τεσσαρακοστῇ
1343 4168 1480 4238 μετὰ
1504 4179 1754 4237 νηστείας

184 4258 602 4319 ἐπιτελέσαντος
634 4259 732 4328 τὴν
758 4261 1166 4331 προρρηθεῖσαν
1200 4261 1494 4331 ἐόδομάδα,
1525 4263 1629 4332 πρὸ
1663 4262 1756 4315 τοῦ

183 4349 390 4417 φ’λάσαι
416 4350 513 4419 τὴν
534 4350 683 4420 ὦραν
705 4352 803 4421 τῆς
831 4353 1358 4422 ).ειτουργίας,ἐνδον
1384 4352 1479 4406 τοῦ
1504 4353 1755 4418 κοιτῶνος

182 4440 373 4504 αὑτοῦ,
430 4442 603 4505 αὐτὸς
626 4442 831 4505 ἐκεῖνος
872 4442 1073 4512 ἔψηχεν
1094 4443 1318 4513 ὀσπρίον
1370 4445 1431 4496 τὸ
1465 4444 1759 4514 λεγόμενον

197 4532 622 4602 Ὀροφάσουλον,
677 4531 752 4603 μὴ
792 4534 897 4586 ἐῶν
933 4550 1055 4585 τινα
1088 4535 1265 4585 ἐκεῖσε
1317 4533 1525 4605 Θέρμης
1572 4536 1754 4605 χάριν,

185 4626 273 4676 δια
315 4626 418 4691 τὴν
463 4624 623 4691 ψύξιν
654 4626 752 4696 τὴν
796 4626 915 4677 τότε
951 4626 1323 4696 ὑπάρχουσαν,
1357 4627 1637 4680 εἰσελθεῖν.
1693 4628 1750 4680 '0

186 4715 241 4766 δὲ
284 4714 651 4783 καθεζόμενος
678 4716 777 4783 τῆς
817 4716 1028 4787 θέρμης
1057 4718 1392 4787 ἐπηρείδετο,
1420 4718 1575 4772 τοῦτο
1605 4719 1751 4787 ἐψῶν

188 4810 244 4858 ἐν
279 4806 466 4877 μικρῷ
498 4807 758 4877 κυθριδίῳ
782 4825 794 4838 ·
841 4810 936 4862 καὶ
968 4810 1032 4879 δὴ
1082 4810 1176 4863 τοῦ
1217 4810 1376 4877 ξύλου
1420 4811 1752 4881 κρούσαντος

189 4900 278 4951 ἐπὶ
302 4900 404 4967 τὴν
435 4899 744 4970 προσευχὴν
772 4898 871 4969 τῆς
924 4902 1176 4971 ἐννάτης,
1211 4904 1449 4966 ἀναστὰς
1484 4904 1753 4973 ἐπορεύθη

190 4994 266 5055 εἰς
288 4994 385 5061 τὴν
416 4991 736 5062 ἐκκλησίαν,
781 4993 857 5064 μὴ
908 4993 1287 5062 ἐντειλάμενός
1332 5012 1437 5049 τινι
1486 4996 1615 5065 περὶ
1660 4996 1756 5065 τῆς

190 5086 509 5153 ἐπιμελείας
540 5087 635 5138 τοῦ
666 5087 969 5155 ἑψήματος.
1019 5086 1104 5149 Ὠς
1143 5083 1237 5139 οὖν
1287 5090 1343 5139 ἐν
1389 5090 1457 5158 τῇ
1494 5088 1757 5157 ἐκκλησία

192 5181 457 5247 εἱστήκει,
499 5180 528 5230 6
556 5180 788 5231 πάντοτε
848 5178 1125 5249 λογισμοῖς
1176 5178 1458 5248 ἀθεμίτοις
1502 5180 1758 5248 πολεμῶν

192 5268 285 5320 τὸν
312 5266 441 5321 νοῦν
489 5266 599 5320 τῶν
649 5267 952 5336 ἀνθρώπων
1000 5270 1029 5320 6
1082 5269 1487 5337 ἐπικατάρατος
1523 5268 1754 5337 δαίμων,

194 5360 559 5430 {ﬁcanti/811;)
592 5361 695 5430 νέῳ
742 5361 1025 5430 λογισμοῖς
1079 5361 1444 5425 ἁποστασίας,
1485 5362 1756 5431 προφάσει

193 5456 286 5519 τῖς
307 5450 403 5505 τοῦ
435 5452 712 5521 ἑψήματος
738 5452 1077 5521 ἐπιμελείας,
1110 5452 1204 5506 τοῦ
1225 5451 1426 5517 ἐξῶσαι
1457 5453 1618 5505 αὑτὸν
1650 5453 1757 5505 ἀπὸ

192 5543 286 5611 τῆς
330 5545 626 5615 ἐκκλησίας
674 5545 782 5614 πρὸ
828 5544 928 5615 τῆς
972 5545 1289 5608 ἀπολύσεως
1332 5562 1346 5578 ο
1407 5546 1635 5615 ἄρχεται
1693 5543 1751 5597 δὲ

1248 5638 1265 5651 Β
1304 5639 1315 5652 ὶ

194 5635 488 5709 ὑποφέρειν
535 5637 675 5691 κατὰ
711 5637 950 5693 διάνοιαν
986 5638 1114 5692 τάδε
1143 5654 1157 5669 ·
1199 5638 1329 5692 Ἰδοὺ
1369 5638 1434 5691 δι’
1483 5637 1610 5706 ὅλης
1655 5635 1755 5705 τῆς

266 5797 371 5867 (70)
426 5795 525 5852 Ms.
578 5793 748 5850 Valic.
807 5794 985 5851 minus
1026 5796 1167 5850 clare

1854 3354 2075 3412 quente,
2108 3354 2369 3415 patratum
2405 3386 2419 3408 ,
2453 3346 2788 3414 approbante
2826 3346 3051 3401 Domino
3082 3357 3267 3402 nostro
3296 3347 3425 3403 Jesu

1857 3434 2079 3488 Christo
2120 3438 2376 3505 praelara
2433 3438 2604 3507 ipsius
2629 3452 2812 3506 Opera,
2861 3454 3033 3508 eaque
3084 3440 3427 3503 publicamin

1858 3525 2029 3580 lucem
2061 3528 2414 3597 producente.
2448 3528 2659 3583 Charus
2692 3530 2873 3600 itaque
2928 3530 3035 3584 Dco
3072 3529 3425 3599 Epiphanius,

1856 3634 1917 3672 ex
1970 3618 2304 3686 beneplacito
2349 3620 2494 3674 illius
2552 3631 2858 3691 temperans
2893 3630 3045 3684 erat.
3087 3621 3428 3692 habebatque

1859 3710 1912 3763 in
1929 3725 2077 3764 more
2095 3713 2333 3779 positum
2356 3712 2637 3767 traducere
2654 3714 2883 3781 primam
2908 3723 3106 3768 sancta:
3121 3712 3429 3783 Quadi-age-

1858 3802 2007 3855 siina:
2024 3801 2436 3866 hebdomadam,
2454 3803 2555 3856 cibi
2575 3811 2839 3872 potusque
2868 3813 3161 3873 expertem.
3177 3805 3296 3858 dein
3318 3822 3435 3862 sus-

1857 3892 2037 3961 cipere
2072 3892 2416 3947 immaculata
2459 3893 2658 3947 Christi
2700 3893 2955 3965 mysteria
2983 3901 3135 3959 ,tum
3197 3895 3431 3966 denique

1858 3999 2011 4053 pane,
2044 3999 2181 4053 aqua
2216 3995 2272 4038 et
2319 3985 2685 4054 leguminibus
2715 3986 2993 4041 nonnullis
3042 3988 3424 4056 corpusculum

1859 4088 2127 4129 recreare.
2178 4076 2424 4141 Quadam
2461 4090 2589 4131 vero
2640 4076 3092 4145 Quadragesima,
3129 4092 3255 4133 eum
3314 4079 3429 4149 pri-

1859 4179 2027 4231 maut,
2060 4180 2223 4234 quam
2259 4165 2519 4231 diximus,
2552 4169 2911 4237 septimanam
2961 4167 3183 4237 jejunus
3246 4180 3431 4224 trans-

1859 4258 2098 4325 egisset,
2148 4259 2484 4327 praeueniens
2536 4260 2870 4314 sacrosancti
2943 4258 3122 4315 Missa:
3173 4261 3428 4317 sacrificii

1862 4359 2091 4417 tempus,
2155 4345 2363 4420 paravit
2408 4351 2522 4420 ipse
2571 4350 2711 4405 intra
2772 4350 3007 4406 cubiculi
3055 4353 3139 4406 sui
3194 4354 3429 4422 parietes

1859 4440 2094 4494 edulium
2124 4456 2155 4497 e
2182 4442 2568 4512 leguminibus,
2608 4442 3011 4512 Oro;.hasulum
3056 4444 3214 4513 vulgo
3247 4445 3431 4515 appel-

1794 4531 2052 4628 r)latum,
2103 4532 2305 4588 ealoris
2363 4547 2528 4587 causa
2591 4548 2693 4587 non
2733 4538 3046 4603 permittens
3076 4550 3425 4604 quemquam,

1859 4636 2077 4702 propter
2112 4625 2282 4696 frigus
2309 4626 2450 4696 quod
2488 4636 2598 4680 tum
2658 4627 2918 4695 temporis
2949 4628 3332 4692 invalescebat,
3362 4642 3428 4681 eo

1859 4719 2083 4772 intrare.
2125 4718 2387 4773 Assidens
2439 4719 2603 4788 igitur
2662 4718 2819 4787 foco,
2880 4720 3117 4774 edulium
3149 4736 3305 4775 suum
3334 4735 3428 4775 eo-

1860 4826 2029 4880 quere
2062 4812 2113 4865 in
2151 4811 2321 4867 lebete
2344 4812 2540 4883 exiguo
2577 4814 2847 4867 nitebatur
2883 4830 2899 4879 ;
2933 4829 3055 4867 cum
3116 4815 3241 4866 dato
3270 4814 3428 4884 signo

1862 4905 1925 4956 ad
1956 4903 2188 4966 Nonam,
2228 4919 2454 4973 propere
2501 4919 2731 4973 surgens
2784 4905 2847 4959 ad
2889 4905 3169 4960 ecclesiam
3208 4920 3265 4959 se
3294 4920 3428 4959 con-

1867 4993 2007 5057 tulit,
2067 4995 2200 5048 nulli
2252 5009 2381 5049 cura
2433 4995 2643 5050 obsonii
2676 4996 3019 5051 demandata.
3051 4997 3150 5052 Ubi
3199 5011 3265 5049 eo
3304 5012 3427 5065 per-

1864 5096 2081 5140 ventum
2117 5096 2225 5152 est,
2254 5087 2571 5142 maledictus
2603 5090 2836 5153 dannon,
2893 5088 2985 5157 qui
3046 5087 3455 5143 indecentibns.

1868 5176 2065 5245 ubique
2098 5178 2350 5245 cogitatis
2404 5178 2683 5232 hominum
2736 5181 2947 5235 animos
2977 5195 3289 5249 oppugnare
3318 5198 3423 5234 non

1864 5276 2058 5327 cessat,
2111 5266 2367 5321 infestare
2407 5268 2657 5335 juvenem
2690 5269 2853 5338 carpit
2902 5270 3065 5324 variis
3124 5271 3189 5323 de
3217 5269 3367 5323 abitu
3396 5285 3426 5323 e

1864 5357 2065 5426 templo
2092 5358 2534 5429 cogitationibus,
2574 5368 2872 5428 prmtexens
2915 5360 3173 5429 pulmenti
3238 5375 3427 5415 curant

1864 5451 2164 5505 habendam
2224 5466 2369 5517 esse,
2421 5466 2526 5505 non
2580 5453 2686 5507 alio
2752 5454 3081 5522 ﬁne,quam
3138 5460 3195 5506 ut
3224 5453 3423 5522 ipsum,

1864 5542 2029 5598 ﬁnitis
2065 5543 2307 5597 nondum
2348 5544 2620 5614 precibus,
2650 5544 2716 5598 ab
2752 5545 2975 5599 ecclesia
3027 5544 3264 5600 eliceret.
3316 5542 3422 5596 Co-

1863 5636 2151 5705 gitationes
2176 5645 2354 5691 autem
2393 5637 2622 5706 injectze,
2651 5644 2800 5692 erant
2862 5635 3021 5707 hujus
3057 5635 3196 5691 modi
3234 5650 3248 5687 :
3283 5632 3429 5688 Ecce

1231 5810 1243 5847 :
1301 5794 1456 5850 Κατὰ
1482 5793 1540 5847 τὸ
1581 5790 1768 5845 δοκοῦν
1809 5791 1952 5859 αὐιῷ
1984 5792 2360 5863 ἐγκρατεύετο.
