4202 6430
200 408 307 470 693

1364 409 1539 471 VITA
1582 408 1645 469 S.
1690 406 2018 471 ANDREE
2058 405 2246 467 ΞΛΜ.

3326 389 3436 459 694

204 518 367 574 αὐτοῦ
407 518 678 589 ἐγχείριον
722 519 834 590 (75)
887 518 1102 589 μικρὸν.
1157 517 1251 571 καὶ
1290 518 1428 590 ἄρας
1468 522 1581 583 τοῖς
1627 520 1799 589 τρισὶ,

1894 535 1993 581 -us,
2026 518 2243 589 protulit
2264 533 2289 569 e
2322 516 2441 573 sinu
2470 530 2571 572 suo
2600 512 2876 569 vasculum
2903 508 3194 582 quoddam,
3235 508 3437 562 tribus-

200 613 487 673 δακτύλοις
515 612 679 665 αὐτοῦ
704 612 926 681 ἄρτυμά
951 628 1003 663 τι
1036 610 1131 664 ἀπ’
1157 610 1389 673 ἐκείνου,
1419 609 1773 677 σταυροειδῶς

203 702 277 771 τῷ
305 701 571 771 κυθριδίῳ
602 701 879 766 ἐνέϐαλεν,
932 701 1025 754 καὶ
1078 700 1154 771 τῷ
1208 700 1417 770 παὶ-λίῳ
1450 701 1539 752 τὸν
1571 698 1774 752 ἀποκε-

205 793 559 862 καλυμμένον
606 792 866 861 βραχίονα
908 791 1073 844 αὐτοῦ
1132 791 1504 859 κατεκάλυψεν
1532 808 1546 822 ο
1584 791 1775 859 ἐντρα-

203 888 358 947 vin;
392 900 451 936 τε
487 883 565 953 τῷ
611 883 911 951 Ἐπιφανίῳ
943 882 1164 951 μειδιῶν
1192 882 1270 951 τῷ
1313 882 1610 951 προσώπῳ,
1655 898 1777 951 κτη·

206 978 443 1042 σάμενος
477 962 755 1043 πτέρυγας
780 974 1107 1046 πυρῥάκεις,
1131 972 1269 1043 ἄρας
1300 975 1491 1027 ἑαυτὸν
1520 975 1625 1027 ἀπὸ
1651 976 1774 1043 γῆς,

205 1069 283 1127 ei;
326 1068 592 1135 οὐρανοὺς
620 1067 812 1137 ᾤχετο.
867 1066 1197 1134 Ἰλιγγιάσας
1226 1065 1283 1120 δὲ
1331 1067 1441 1127 τοῖς
1482 1069 1778 1137 ὁρωμένοις

204 1159 232 1210 ὁ
272 1159 393 1220 νέος
434 1159 528 1210 καὶ
579 1157 974 1225 καταπλαγεὶς,
1021 1157 1213 1227 ἐξέστη
1246 1156 1325 1227 τῷ
1361 1157 1653 1227 πνεύματι,
1685 1157 1780 1210 καὶ

207 1250 476 1319 στραφεὶς
510 1248 652 1302 κατὰ
706 1248 998 1311 ’Δνατολὰς
1035 1249 1135 1310 τὰς
1182 1249 1372 1319 χεῖρας
1408 1247 1579 1301 αὐτοῦ
1613 1248 1780 1301 πετά-

204 1356 304 1400 σας
338 1340 476 1407 πρὸς
498 1338 723 1407 Κύριον,
762 1338 854 1391 καὶ
882 1337 1112 1406 δάκρυσι
1155 1338 1509 1408 συνεχόμενος
1552 1337 1734 1406 ἔλεγεν
1762 1350 1778 1367 ·

203 1430 271 1481 Οιῖ
297 1446 411 1495 μοι,
445 1428 616 1497 Κύριέ
657 1445 779 1497 μου,
807 1429 889 1490 τίς
916 1429 1030 1498 είμι
1059 1427 1214 1496 ἐγὼὸ
1242 1427 1434 1482 κύωνό
1463 1444 1781 1499 συντετριμ-

208 1519 395 1584 μένος,
439 1517 522 1569 ὅτι
544 1517 933 1582 ἐξαπέστειλας
958 1516 1051 1570 τὸν
1086 1516 1343 1586 φίλτατόν
1390 1534 1483 1571 σου
1517 1518 1782 1585 Ἀγγελον

206 1611 299 1663 τοῦ
332 1610 741 1679 ἐξυπηρετῆσαί
772 1627 863 1680 μοι
893 1628 908 1676 ;
938 1609 1256 1681 Εὐχαριστῶ
1283 1614 1350 1682 τῇ
1387 1614 1451 1681 σῇ
1483 1610 1785 1681 φιλανθρω-

208 1703 332 1770 πία,
371 1700 568 1770 Κύριε,
624 1703 716 1753 καὶ
762 1702 821 1753 τὸ
855 1701 1085 1771 μέγεθος
1111 1702 1208 1772 τῆς
1256 1703 1660 1775 εὐσπλαγχνίας
1691 1720 1782 1756 σου

208 1794 506 1857 ἐκθειάζω,
542 1794 665 1846 καθ’
705 1796 786 1847 ὅτι
843 1795 988 1865 κάμὲ
1030 1795 1117 1849 ἐπ’
1156 1794 1442 1867 ἀνακρίσει
1496 1776 1780 1865 κέκτησαι,

210 1887 270 1937 ἐν
318 1888 389 1955 τῇ
425 1886 582 1956 θεῖκῇ
621 1902 714 1938 σου
750 1886 980 1956 δυνάμει
1036 1886 1375 1957 περιφέρεις,
1410 1886 1501 1940 καὶ
1548 1889 1625 1949 εἰς
1665 1887 1778 1948 ἐνὸς
1818 1867 1856 1922 Β

209 1979 379 2031 τόπον
417 1978 527 2031 τῶν
570 1978 908 2047 ἀγαπώντων
944 1996 1000 2032 σε
1051 1979 1196 2049 ἔχεις
1244 1979 1409 2049 κάμέ.
1460 1979 1778 2051 [εὐχαριστῶ

214 2088 293 2122 σηιι
325 2070 404 2139 τῷ
428 2070 620 2139 ἀγαθῷ
650 2072 742 2123 καὶ
773 2071 1020 2142 ζωοποιῷ
1066 2071 1343 2142 κηδεμόνι,
1385 2071 1477 2124 καὶ
1508 2073 1778 2143 προνοητῇ

211 2164 309 2229 τῆς
346 2162 623 2231 σωτηρίας
654 2180 780 2243 μου.

284 2254 378 2309 νὸ’.
405 2256 589 2311 Ταῦτα
613 2259 751 2327 μετὰ
772 2259 1238 2331 συντετριμμένης
1259 2260 1485 2331 καρδίας
1508 2259 1801 2331 προσανθς-

216 2348 450 2415 μολογού
462 2364 618 2414 μενος
635 2388 648 2411 ,
673 2348 839 2416 ἀπῄει
863 2350 1161 2404 θεάσασθαι
1184 2352 1366 2404 ὁποῖον
1389 2351 1540 2422 αὐτῷ
1563 2355 1590 2405 ὁ
1609 2351 1799 2420 φανεὶς

213 2434 590 2485 κατεσκεύασε
655 2433 715 2487 τὸ
754 2434 937 2505 ἕψημα
980 2449 995 2464 ·
1029 2430 1190 2505 εὐρεν
1226 2435 1282 2489 δὲ
1330 2435 1488 2490 τοῦτο
1531 2437 1786 2507 τοιαύτην

214 2527 339 2593 ἔχον
375 2525 624 2590 εὐωδίαν,
654 2527 772 2578 οἵαν
795 2544 879 2590 τις
923 2527 1243 2598 ἀριθμῆσαι,
1285 2530 1317 2600 ἢ
1347 2530 1645 2583 ἀπεικάσαι
1680 2534 1787 2583 τῶν

216 2619 311 2669 ἐπὶ
343 2617 446 2686 γῆς
472 2619 529 2670 οὐ
564 2618 806 2673 δύναται.
843 2618 1137 2687 Θαυμάσας
1176 2620 1232 2672 δὲ
1271 2622 1330 2673 eo
1379 2624 1630 2691 πρᾶγμα,
1694 2625 1788 2675 καὶ

221 2710 481 2776 μεγάλως
512 2711 849 2778 εὐχαριστῶν
886 2712 963 2780 τῷ
1010 2712 1219 2781 Κυρίῳ,
1269 2713 1565 2781 ἐφθέγγετο
1600 2731 1612 2744 ·
1652 2715 1787 2779 Δόξα

220 2819 327 2864 σοι,
359 2800 714 2869 δεδοξασμένε
755 2792 946 2873 Κύριε,
974 2803 1001 2855 ὁ
1032 2805 1087 2856 ἐν
1115 2804 1303 2873 Τρεάδι
1328 2805 1661 2875 ὑμνούμενος
1695 2809 1788 2861 καὶ

216 2895 724 2964 προσκυνούμενος,
758 2896 841 2947 ὅτι
876 2897 942 2948 τὰ
980 2895 1078 2965 τῆς
1108 2899 1246 2965 ἐμῆς
1272 2897 1519 2960 εὐτελοῦς
1542 2900 1789 2969 νεότητος

217 2989 569 3057 ὰτυχέστατα
612 2990 747 3056 ἔργα
777 2991 854 3050 εἰς
897 2989 1101 3059 μέτρον
1132 2992 1294 3061 ἔχεις,
1323 2993 1553 3075 καὶρταῖς
1577 2994 1792 3048 ἀνεικα-

220 3096 367 3140 σῖοις
410 3080 750 3148 εὐεργεσίαις
784 3097 878 3133 σου
924 3080 1021 3149 τὴν
1054 3082 1190 3151 ἐμὴν
1221 3084 1583 3153 ἀνικανότητα
1610 3101 1790 3155 παρα-

1875 625 1981 681 que
2014 610 2139 663 inde
2174 608 2355 678 digitis
2395 607 2597 675 aliquid
2629 602 2955 658 condimenli
3001 601 3294 670 excipiens,
3324 597 3435 650 lor-

1877 709 2023 755 mato
2071 688 2248 753 crucis
2295 699 2472 769 signo,
2535 699 2586 750 in
2643 697 2804 750 ollam
2860 694 3076 762 injecit,
3126 691 3439 758 nudumque

1880 791 2159 844 brachium
2220 790 2359 843 intra
2410 787 2629 858 pallium
2690 785 2895 840 abdidit
2930 800 2943 835 :
2977 797 3038 835 ac
3065 791 3175 836 tutn
3206 780 3440 848 denique

1879 882 1932 935 in
1975 882 2335 951 Epiphanium
2399 880 2608 935 ridente
2637 878 2783 931 vultu
2838 876 3087 938 intuitus,
3136 870 3438 941 explicatis,

1878 988 2014 1041 quas
2071 973 2318 1034 bahebat,
2349 972 2526 1027 rutilis
2553 970 2655 1024 alis
2677 968 2899 1023 ‘clevaus
2936 982 2993 1021 se
3015 983 3043 1020 a
3076 974 3243 1027 terra,
3272 961 3442 1016 subti-

1881 1070 1980 1122 mis
2012 1068 2063 1121 in
2088 1067 2255 1123 cenios
2297 1068 2444 1121 abiit.
2472 1066 2543 1120 Ex
2570 1082 2676 1136 qua
2736 1063 2944 1131 visione
2987 1061 3226 1129 caligatis
3270 1054 3442 1112 oculis

1880 1157 2236 1227 Epiphanius,
2277 1166 2328 1210 et
2376 1155 2705 1224 stupefactus
2748 1152 2971 1223 Spiritu,
3022 1160 3319 1202 conversus
3375 1142 3442 1196 ad

1885 1248 2179 1314 Orientem,
2227 1247 2496 1319 protensis
2536 1247 2600 1299 ad
2634 1244 2921 1299 Dominum
2978 1239 3228 1293 manibus
3269 1236 3450 1305 lacry-

1883 1341 2093 1410 misque
2175 1355 2340 1409 genas
2399 1337 2698 1405 rigantibus
2733 1355 2746 1391 :
2780 1330 3076 1395 Heitnihi,
3136 1327 3442 1386 exclamat.

1885 1431 2109 1485 Domine
2139 1430 2279 1485 Deus
2335 1444 2510 1493 meus,
2531 1428 2653 1496 quis
2676 1441 2774 1492 ego
2796 1439 2938 1489 sum,
2974 1420 3125 1476 canis
3150 1417 3444 1479 contritus,

1884 1526 2029 1595 quod
2062 1526 2311 1593 angelum
2369 1524 2462 1578 tibi
2496 1522 2751 1576 dilectum
2790 1517 3004 1573 miseris
3058 1514 3442 1569 famulaturntn

1885 1615 2016 1671 mihi
2038 1616 2061 1668 ?
2082 1615 2289 1670 Gratias
2305 1629 2403 1684 ago
2424 1613 2736 1683 benignitati
2761 1621 2886 1668 tute.
2909 1609 3150 1671 Domine,
3167 1617 3217 1660 et
3242 1602 3449 1671 magni-

1887 1708 2127 1762 tudinem
2203 1706 2588 1760 misericordia:
2686 1713 2787 1758 tua:
2878 1701 3131 1771 religiose
3177 1710 3447 1756 veneror,

1887 1800 2030 1870 quod
2085 1798 2186 1854 mci
2214 1814 2431 1868 quoque
2460 1797 2750 1868 iujudiciis
2797 1796 2902 1850 tuis
2961 1789 3260 1853 reminisci,
3301 1786 3445 1857 quod

1884 1899 1958 1953 in‘
1990 1893 2237 1963 potentia:
2285 1902 2387 1945 tua:
2453 1890 2647 1943 divinae
2711 1889 2928 1943 tutelam
2969 1885 3267 1951 suscipere,
3302 1877 3445 1950 quod

1883 1986 2067 2054 aliquo
2098 1983 2240 2038 inter
2270 1991 2517 2038 amantes
2545 1990 2595 2035 te
2626 1981 2747 2034 loco
2778 1969 3063 2032 nunierare
3092 1976 3343 2044 dignatus
3365 1988 3444 2026 es.

1882 2074 2097 2129 Gratias
2153 2074 2249 2129 tibi
2301 2089 2424 2144 ago,
2495 2073 2588 2143 qui
2649 2082 2853 2127 cuncta
2887 2078 3033 2125 recte
3094 2064 3396 2127 moderari:
3432 2105 3446 2129 ,

1884 2176 1935 2221 et
1966 2167 2030 2221 ad
2061 2166 2286 2220 salutem
2311 2180 2485 2219 meam
2516 2166 2788 2234 vitamque
2810 2171 3066 2218 aaternam
3111 2157 3379 2227 disponis.

1954 2260 2041 2315 54.
2106 2258 2218 2315 iloc
2267 2258 2426 2312 modo
2454 2257 2642 2328 gratiis
2670 2258 2902 2311 contrito
2932 2254 3095 2309 corde
3144 2250 3452 2321 persolutis,

1886 2351 2019 2405 ahiit
2047 2352 2450 2420 exploraturus,
2485 2348 2644 2419 quale
2684 2348 2808 2413 sibi,
2832 2346 3259 2416 quiapparuerat
3293 2356 3458 2410 ange-

1888 2444 1995 2509 lus,
2023 2443 2259 2497 edulium
2298 2451 2546 2512 parasset
2579 2482 2593 2502 ,
2618 2439 2922 2509 reperitquc
2974 2438 3129 2493 talem
3171 2434 3295 2489 inde
3324 2433 3455 2494 odo-

1891 2536 1964 2587 ris
2032 2533 2378 2603 iragrantiam
2434 2532 2716 2594 absistere,
2770 2540 2828 2583 ut
2895 2528 3033 2596 quod
3070 2526 3117 2581 ei
3169 2521 3455 2580 ειδεὶιιιίιιιῐὶ

1891 2626 2079 2695 possit,
2126 2634 2271 2679 terra
2296 2624 2407 2677 Iure
2428 2623 2702 2676 contineat
2750 2621 2902 2673 uihLI.
2931 2618 3103 2685 Quam
3152 2632 3262 2670 rem
3293 2615 3455 2668 mira-

1891 2727 2000 2783 tus,
2031 2719 2083 2771 in
2115 2717 2278 2773 hasce
2314 2704 2608 2787 gratiarum
2639 2715 2882 2769 actiones
2931 2712 3121 2765 iterum
3171 2706 3456 2777 prorupit:

1891 2808 2073 2863 Gloria
2125 2807 2241 2873 tibi,
2284 2806 2583 2876 gloriﬁcate
2643 2804 3077 2876 Demittenquem
3106 2801 3158 2854 in
3192 2798 3459 2852 Trinitate

1892 2899 2173 2953 laudamus
2231 2906 2282 2952 et
2325 2898 2650 2960 adoramus,
2701 2893 2957 2964 quoniam
3024 2905 3141 2945 mea
3210 2887 3457 2943 vilissimi

1894 2986 2250 3046 adolescentis
2297 3004 2482 3058 opera,
2523 3003 2645 3041 vere
2695 2984 3104 3055 indignissima,
3128 2981 3308 3049 aliquo
3342 2980 3485 3061 loro

1896 3086 2092 3146 habes,
2134 3096 2419 3152 meamque
2456 3079 2886 3135 insuliieieutiam
2922 3075 3286 3146 singularibus
3327 3089 3461 3143 prm-

225 3175 445 3238 μυθεῖς,
477 3176 571 3226 καὶ
608 3174 953 3242 κατηξῖωσάς
987 3192 1053 3243 με
1086 3173 1180 3226 τοῦ
1212 3175 1530 3243 μεταλαϐεῖν
1562 3176 1668 3229 ἀπὸ
1699 3175 1791 3228 τοῦ

1897 3178 2154 3247 rogativis
2206 3175 2524 3246 praevenire,
2565 3180 2616 3227 et
2670 3171 2980 3241 participem
3046 3168 3259 3222 mollitae
3304 3165 3459 3220 boni-

224 3265 453 3331 μέλιτος
498 3265 597 3331 τῆς
632 3266 731 3333 σῆς
782 3264 1135 3335 ἀγαθότητος.
1173 3264 1262 3336 [Τί
1311 3263 1404 3317 οὖν
1427 3265 1791 3332 ἀνταποδώσω

219 3371 305 3405 aa:
342 3354 422 3425 τῷ
464 3354 653 3425 Κυρίῳ
684 3370 826 3424 μους
854 3352 873 3426 ]
904 3355 1226 3425 Εὐχαριστῶ
1254 3373 1334 3409 σοι
1376 3357 1454 3426 τῷ
1488 3357 1794 3429 παντοκρά-

214 3462 362 3513 roga.
395 3450 489 3498 καὶ
518 3445 782 3513 δοξολοτῶ
807 3463 889 3499 σοι
920 3448 995 3514 τῷ
1024 3447 1454 3516 φιλοικτεὶρμονι
1487 3447 1661 3511 πάσας
1692 3450 1794 3512 τὰς

222 3537 447 3607 ἡμέρας
472 3537 573 3606 τῆς
604 3537 750 3605 ζωῆς
794 3555 917 3607 μου,
954 3539 1070 3590 καὶ-
1096 3538 1157 3590 οὐ
1200 3537 1275 3607 μὴ
1311 3537 1534 3592 ἀποστῶ
1563 3538 1670 3591 ἀπὸ
1700 3539 1792 3592 τοῦ

218 3630 317 3683 νῦν
346 3629 512 3699 μέχρι
548 3630 645 3699 τῆς
672 3628 811 3698 ἐμῆς
844 3629 1218 3693 ἀποϐιώσεως.
1236 3630 1417 3683 Ταῦτα
1443 3630 1607 3684 αὐτοῦ
1629 3648 1797 3702 προσ-

218 3721 547 3789 ευξιμένου,
578 3724 669 3775 καὶ
722 3722 903 3777 λαϐὼν
940 3723 1046 3776 ἀπὸ
1067 3722 1160 3776 τοῦ
1185 3724 1410 3793 ὀσπρίου
1440 3725 1651 3779 ἐκείνου
1687 3744 1796 3795 με-

218 3819 439 3885 τέσχεν,
495 3817 589 3868 καὶ
624 3815 839 3888 ἀπείρῳ
870 3816 1095 3888 ὴδύτητι
1131 3817 1437 3889 συσχεθεὶς,
1477 3821 1795 3891 μετετράπη

222 3906 430 3967 εὐθέως
487 3906 665 3959 πάντα
711 3906 779 3959 τὰ
834 3906 1164 3977 αἰσθητήρια
1212 3906 1378 3961 αὐτοῦ
1421 3909 1503 3969 εἰς
1552 3907 1796 3961 διὰθεσν

220 3999 430 4063 ἔνθεον,
459 3996 598 4051 ὥστε
643 3998 1046 4069 ἐκπλήττεσθαι
1085 4000 1183 4069 τὴν
1211 3998 1417 4069 ἀθρόαν
1469 3999 1793 4070 μεταϐολὴν,

220 4094 317 4143 καὶ
358 4090 458 4159 τὴν
486 4089 748 4160 φιλτάτην
774 4090 1074 4161 ἐναλλαγὴν
1110 4091 1210 4159 τῆς
1247 4090 1425 4160 ψυχῆς
1463 4090 1626 4143 αὐτοῦ
1660 4107 1673 4121 ·
1705 4092 1814 4145 ἐπὶ,

222 4185 410 4236 πλεῖον
441 4182 497 4235 δὲ
523 4183 609 4235 διὰ
631 4182 690 4234 τὸ
721 4181 1007 4251 τεράστιον
1038 4180 1203 4235 αὐτοῦ
1225 4182 1442 4252 ἀνήφθη
1470 4184 1549 4245 εἰς
1578 4182 1676 4252 τὴν
1704 4182 1795 4236 τοῦ

225 4276 434 4345 Κυρίου
462 4277 683 4345 ἀγάπην
723 4277 812 4326 καὶ
844 4273 1061 4326 πάντων
1085 4273 1193 4326 τῶν
1230 4274 1451 4342 Ἁγίων,
1476 4275 1571 4327 καὶ
1593 4270 1687 4327 οὖν
1717 4276 1797 4337 είς

222 4371 326 4432 τάς
364 4368 583 4430 ἐντολὰς
622 4366 719 4420 τοῦ
760 4366 1038 4420 Δεσπότου
1066 4365 1157 4419 διὰ
1189 4365 1391 4430 παντὸς
1429 4366 1796 4437 πορευόμενος

223 4462 402 4531 προθυ
410 4462 555 4529 μώτε
564 4478 676 4528 ρον.

1899 3274 2022 3329 tatis
2052 3282 2157 3327 tua:
2204 3272 2425 3326 reddere
2454 3285 2559 3323 non
2592 3268 2919 3337 dedignaris.
2983 3263 3121 3331 Quid
3162 3261 3456 3316 retribuam

1897 3366 2016 3429 tibi,
2073 3364 2296 3417 Domine
2326 3363 2444 3417 mi?
2486 3360 2701 3415 Debitos
2765 3358 2857 3413 tibi
2917 3354 3268 3426 omnipotenti
3326 3352 3454 3415 Deo,

1893 3460 2094 3529 gratias
2146 3458 2413 3525 persolvo,
2442 3464 2496 3508 et
2534 3450 2910 3508 amantissimo
2960 3448 3455 3503 misericordiarum

1896 3550 2039 3604 Patri
2122 3551 2345 3620 gloriam
2423 3548 2639 3613 tribuo,
2703 3548 3015 3615 neutiquam
3072 3555 3383 3600 cessaturns
3427 3559 3456 3596 a

1896 3652 2171 3697 momento
2229 3643 2349 3700 hoe.
2394 3642 2605 3695 eunetis
2670 3640 2861 3694 diebus
2911 3638 3087 3707 quoad
3136 3637 3243 3691 vita
3270 3652 3460 3700 supcr-

1887 3733 2079 3788 fuerit.
2127 3730 2203 3785 Ita
2265 3740 2536 3801 precatus,
2591 3730 2860 3799 accipiens
2882 3729 3177 3798 pauxillum
3223 3729 3459 3791 obsonii,

1896 3826 2200 3897 degustavit
2237 3823 2563 3879 :etinlinita
2628 3822 2936 3901 dulcedine~
2979 3822 3250 3876 delibutus
3282 3860 3297 3887 ,
3351 3830 3458 3875 tam

1898 3920 2077 3974 subito
2105 3918 2157 3971 in
2190 3916 2425 3971 divinam
2466 3914 2806 3970 alieetionem
2837 3928 3129 3969 conversos
3164 3913 3463 3974 deprehen-

1895 4012 1973 4065 dit
2024 4024 2217 4066 sensus
2271 4023 2422 4071 suos,
2471 4018 2530 4061 ut
2570 4021 2695 4067 cum
2740 4018 2961 4078 stupore
3008 4008 3298 4062 miraretur
3325 4007 3461 4061 adeo

1897 4103 2230 4174 repentinam
2267 4099 2619 4154 mutationem
2643 4108 2697 4154 et
2723 4100 3103 4154 suavissimam
3127 4100 3320 4154 anima:
3350 4114 3464 4154 sua:

1898 4196 2269 4250 alterationem
2293 4231 2309 4259 ,
2375 4195 2593 4262 insuper
2628 4201 2683 4247 et
2730 4191 2957 4263 ﬂagrare
2976 4194 3135 4262 erepit
3156 4192 3466 4247 ardentiore

1901 4290 1952 4341 in
2008 4286 2175 4341 Deum
2219 4295 2550 4354 sanctosque
2604 4299 2793 4339 omnes
2856 4283 3139 4348 charilnte,
3180 4292 3235 4338 et
3284 4294 3468 4353 prem-

1898 4378 2162 4449 ptinribus
2190 4376 2386 4432 anitnis
2418 4376 2472 4429 in
2498 4375 2582 4429 via
2619 4374 2995 4429 mandatorum
3038 4374 3249 4429 Domini
3348 4390 3467 4429 aut-

1900 4471 2103 4526 bulare.

297 4556 396 4612 ve'.
436 4555 528 4609 Ἑν
564 4556 663 4625 μιᾷ
698 4549 794 4608 οὖν
825 4552 936 4606 τῶν
970 4552 1193 4624 ἡμερῶν
1225 4554 1502 4621 ἀναστὰς,
1542 4552 1678 4622 πρὸς
1709 4552 1799 4623 τὴν

1969 4562 2058 4617 55.
2087 4560 2178 4615 Die
2204 4559 2439 4630 quodam
2484 4560 2548 4614 ad
2582 4574 2793 4614 sacram
2837 4558 3003 4613 aedem
3035 4559 3288 4629 precandi
3336 4572 3470 4614 cau-

223 4647 528 4717 ἐκκλησίαν
564 4646 735 4715 ᾤχετο
767 4645 860 4699 τοῦ
907 4645 1214 4715 προσευχὴν
1252 4645 1515 4716 ποιῆσαι,
1551 4643 1629 4709 ὡς
1672 4645 1808 4713 πρὸς

230 4734 463 4804 σύνηθες
496 4735 665 4803 ἔχωνο
704 4735 803 4788 καὶ
831 4735 887 4789 δὲ
912 4736 1011 4806 τῆς
1038 4733 1360 4797 ἀκολουθίας
1392 4732 1798 4802 τελειωθείσης,

225 4830 379 4882 ενδον
428 4828 704 4897 ἐληλυθὼς
756 4828 1050 4893 ἐκαθέζετο
1095 4828 1201 4897 πρὸ
1263 4826 1357 4882 τού
1409 4825 1655 4889 πυλῶνος
1691 4826 1800 4880 τῶν

227 4922 593 4991 γεννητόρων,
621 4923 1028 4991 παρατυχόντος
1076 4922 1255 4973 ἐκεῖσε
1301 4920 1395 4973 καὶ
1447 4919 1541 4973 τοῦ
1596 4919 1801 4990 πατρὸς

228 5012 420 5076 αὐτοῦ,
463 5015 559 5065 καὶ
588 5016 660 5074 ὡς
694 5015 750 5065 ὲν
779 5013 1001 5083 παρόδῳ
1027 5013 1125 5082 τῆς
1155 5013 1421 5083 δημοσίας
1452 5011 1572 5066 ὁδοῦ
1620 5011 1799 5081 παράι

227 5123 342 5172 των
382 5101 451 5171 ἦν
506 5105 600 5158 καλ⁵
628 5105 655 5157 ὁ
688 5105 958 5174 μακάριος
1018 5103 1296 5178 Ἀνδρέας,
1345 5104 1413 5157 τά
1455 5104 1583 5158 νόθα
1631 5103 1797 5157 αὐτοῦ

227 5199 367 5265 ἔργα
420 5197 913 5266 εἰσπραττόμενος,
979 5196 1219 5265 γυμνὸς,
1280 5197 1532 5267 ἄπορος,
1592 5196 1800 5249 εὐτελεῖ

228 5291 482 5359 ρακίσκῳ
533 5288 633 5357 τὴν
678 5289 851 5357 ὀσφὺν
887 5288 1051 5341 αὐτοῦ
1083 5287 1518 5358 κεκαλυμμένος.
1564 5287 1703 5341 Ἰδὼν
1736 5288 1791 5340 δὲ

228 5384 394 5436 αὐτὸν
419 5387 447 5436 ὁ
500 5382 838 5450 Ἐπιφὰνιος,
884 5383 978 5435 καὶ
1003 5382 1306 5452 οίκτιρμοῖς
1338 5380 1581 5452 κινηθεὶς
1613 5381 1801 5451 φιλαν-

228 5472 493 5543 θρώποις,
534 5473 808 5543 ἠϐουλήθη
862 5472 1077 5536 εἰσάξαι
1108 5472 1272 5526 αὐτὸν
1314 5472 1464 5526 ἔνδον
1506 5472 1601 5526 τοῦ
1648 5471 1798 5524 οἴκου

226 5564 396 5619 αὐτοῦ
420 5572 435 5587 ⁸
466 5565 564 5619 καὶ
618 5567 694 5635 μὴ
742 5565 881 5636 ἔχων
930 5565 1049 5629 πῶς
1084 5567 1164 5628 είς
1209 5567 1270 5618 τὸ
1301 5564 1535 5634 φανερὸν
1576 5566 1798 5632 ποιῆσαι

226 5657 512 5728 γνώριμον
535 5655 726 5712 τοῦτον
755 5658 843 5711 διὰ
871 5657 934 5711 τὸ
956 5659 1134 5712 ἐκεῖσε
1177 5658 1304 5711 ὄντα
1328 5658 1419 5710 τὸν
1458 5658 1664 5729 πατέρα
1698 5659 1797 5712 αὐ-

1903 4669 1959 4710 sa
1985 4653 2188 4708 abierat
2221 4667 2370 4707 more
2406 4667 2506 4707 suo
2527 4692 2541 4713 ,
2572 4653 2832 4720 ﬁnitoque
2855 4651 3040 4706 Oiiicio
3059 4666 3342 4721 regressus
3367 4652 3467 4707 do-

1904 4760 2074 4809 mum,
2127 4744 2351 4800 sedebat
2398 4758 2494 4812 pro
2541 4742 2749 4796 foribus
2782 4749 3063 4813 pareptutn
3098 4758 3346 4805 suorum,
3372 4743 3469 4794 ad-

1903 4844 2079 4913 stante
2142 4835 2260 4903 ipso
2316 4834 2474 4887 etiam
2505 4842 2707 4901 patre;
2736 4847 2970 4901 euntque
2994 4831 3051 4889 B.
3084 4832 3325 4887 Andreas
3349 4832 3470 4886 illae

1904 4928 1988 4981 via
2029 4926 2241 4996 publica
2286 4926 2387 4979 iter
2422 4922 2660 4988 haberet,
2712 4934 2856 4978 artes
2883 4940 3012 4981 suas
3053 4939 3335 4984 exercens.
3366 4940 3471 4979 nu-

1903 5019 2004 5073 dus
2037 5033 2217 5072 rerum
2277 5016 2523 5070 omnium
2549 5015 2783 5085 indigus.
2820 5030 3058 5083 pannosa
3100 5015 3272 5069 solum
3300 5016 3467 5071 etvili

1905 5121 2049 5165 veste
2076 5110 2218 5165 eirea
2251 5110 2463 5164 lumbos
2518 5117 2690 5161 tectus
2724 5147 2738 5170 ,
2784 5107 2917 5160 vidit
2946 5122 3070 5161 eum
3111 5105 3466 5176 Epiphanius,

1904 5201 2683 5272 motusquecommiseratione
2713 5214 2925 5265 magna,
2982 5199 3235 5268 cupiebat
3292 5200 3465 5268 ipsum

1908 5294 2249 5346 introducere
2294 5291 2353 5344 in
2394 5291 2612 5344 domum
2641 5304 2817 5344 suam.
2853 5287 2954 5343 Ubi
2995 5304 3123 5344 vero
3155 5289 3349 5344 modus
3375 5306 3471 5345 oe-

1909 5393 2152 5438 curreret
2192 5384 2394 5448 nullus,
2429 5396 2536 5452 quo
2602 5381 2653 5435 id
2683 5379 2885 5435 homini
2913 5380 3124 5450 publice
3145 5390 3275 5435 noto
3301 5383 3469 5437 bene-

1910 5472 2091 5527 ﬁcium
2121 5484 2338 5541 propter
2365 5469 2706 5540 praesentiam
2739 5473 2913 5540 patris
2934 5480 3248 5539 praestaret,
3283 5473 3471 5527 nescio

1906 5564 2034 5637 quid
2066 5579 2243 5619 causa:
2267 5572 2587 5633 praetexens,
2622 5562 2694 5616 ita
2722 5561 2868 5616 hunc
2910 5562 3205 5632 alloquitur
3240 5579 3255 5616 :
3287 5561 3472 5618 Domi-

1906 5674 1971 5713 ne
2020 5656 2094 5711 nti
2149 5671 2213 5711 ac
2264 5665 2446 5726 pater,
2498 5653 2771 5709 hominem
2822 5652 2973 5709 illum
3002 5653 3293 5726 conspicis,
3322 5653 3470 5709 nudo

308 5817 412 5884 (75)
448 5818 548 5873 llis.
584 5815 719 5875 Μαι,
757 5815 1051 5885 τρούλλιον,
1084 5832 1112 5872 a
1141 5814 1332 5872 Latino
1367 5817 1551 5883 trulla,
1584 5817 1793 5873 diversa

1894 5830 2082 5870 surum
2113 5826 2306 5885 genera
2340 5810 2697 5884 signiﬁcante.
