4202 6430
776 410 877 472 093

1831 405 2243 466 NICEPHORI
2291 406 2763 464 PRESBYTERI
2806 407 2916 464 CI‘.

3898 402 4014 465 696

772 535 997 590 corpore
1013 522 1217 590 plateas
1234 521 1613 574 aberrantem?
1645 520 1904 589 Suspicor
1936 534 2052 589 ego,
2074 519 2340 573 insaniam

2449 518 2564 582 τοῦ,
2599 518 3081 588 σχηματισάμενος
3109 517 3256 584 λέγει
3302 517 3376 584 τῷ
3404 519 3569 586 πατρὶ
3600 517 3764 570 αὑτοῦ
3795 535 3806 548 ο
3841 517 4019 585 Κύριέ

773 612 875 681 ipsi
940 611 1008 666 ab
1035 611 1256 666 humani
1305 612 1515 680 generis
1550 614 1703 666 hoste
1733 611 1983 680 injectam
2009 624 2148 663 esse.
2189 608 2342 662 Nunc

2449 633 2550 685 μου
2605 616 2778 690 πάτξερ
2806 655 2821 679 ,
2881 615 3099 683 βλέπεις
3157 615 3247 668 τὸν
3303 614 3590 684 ἄνθρωπον
3635 617 3839 668 ἐκεῖνον
3897 615 4019 674 πῶς

775 713 978 765 autem,
1014 703 1242 756 Domine
1296 707 1366 756 mi
1409 719 1471 756 ac
1505 713 1659 772 pater
1704 702 2080 766 dilectissime,
2129 701 2201 754 ita
2267 699 2352 753 ﬁlii

2447 706 2802 776 περιέρχεται
2835 704 3256 774 γεγυμνωμένος
3282 704 3360 773 τῷ
3393 704 3641 773 σώματι;
3681 703 3756 766 ὡς
3785 702 4018 764 εἰκάζω,

773 795 848 848 tui
898 794 1234 848 dilectissimi
1286 792 1570 862 Epiphanii
1614 802 1841 846 mortem
1875 792 2239 852 immaturam,
2271 791 2343 842 ita

770 887 1069 953 passerculi
1113 886 1186 938 tui
1243 893 1561 939 mcerentem
1614 885 1821 939 vultum
1887 896 2164 942 nunquam
2200 883 2345 950 aspi-

771 978 907 1040 cias,
959 977 1370 1031 introducamus
1436 978 1586 1030 illum
1643 978 1695 1029 in
1727 977 1949 1030 domum
1987 984 2252 1037 nostram,
2291 982 2344 1026 et

770 1077 991 1135 propter
1039 1064 1462 1121 muniﬁcentiam
1517 1066 1732 1120 Domini
1783 1067 1872 1120 Dei
1913 1067 2106 1130 nostri,
2138 1065 2345 1120 honore

773 1169 838 1207 ac
895 1153 1097 1208 divitiis
1130 1169 1195 1207 ex
1231 1153 1489 1208 bonitatis
1522 1169 1636 1208 sua:
1699 1155 1953 1208 thesauro
1983 1161 2033 1206 te
2062 1152 2348 1206 cumulan-

773 1247 860 1306 tis,
921 1245 1080 1300 liceat
1137 1245 1271 1298 mihi
1324 1245 1595 1299 instruere
1631 1245 1700 1298 illi
1733 1259 1976 1298 mensam
2029 1252 2081 1297 et
2115 1243 2344 1298 fundere

768 1335 956 1388 vinum
999 1346 1056 1389 ut
1080 1335 1384 1389 mercedem
1454 1334 1739 1389 animabus
1759 1336 1960 1388 nostris
1982 1335 2340 1403 recipiamus:

771 1424 900 1478 illud
965 1440 1198 1494 namque
1225 1425 1401 1478 solum
1449 1424 1503 1477 in
1559 1439 1721 1492 regno
1752 1424 2013 1478 emlorum
2069 1423 2341 1477 inventuri

777 1531 990 1569 sumus.

840 1701 927 1754 56.
973 1703 1054 1755 Ad
1087 1703 1196 1754 brec
1223 1701 1406 1767 verba,
1445 1711 1593 1769 pater
1621 1703 1804 1755 divmo
1842 1705 2076 1771 quodam
2113 1706 2336 1760 numine

769 1792 1003 1858 afﬂatus,
1037 1793 1267 1862 benigno
1295 1794 1756 1862 blandissimoque
1789 1796 1948 1849 oculo
1979 1796 2144 1849 lilium
2181 1797 2344 1849 intui-

2443 798 2524 850 ὅτι
2555 798 2650 849 καὶ
2685 797 3217 866 παρατετραμμένον
3247 790 3384 847 εἶναι
3412 796 3577 847 αὑτὸν
3602 795 3711 847 ὑπὸ
3739 793 3831 846 τοῦ
3862 796 4020 845 ἐναν·

2443 890 2578 942 τίον.
2624 889 2807 952 Ἀλλὰ,
2852 889 3027 957 κύριέ,
3068 905 3168 958 μου
3229 888 3324 941 καὶ
3384 887 3609 954 φίλτατε
3669 889 3845 957 πάτερ
3874 929 3889 952 ,
3941 888 4018 954 μὴ

2445 980 2618 1048 θεάσῃ
2642 977 2736 1030 τοῦ
2789 977 3126 1044 γλυκυτάτου
3164 994 3256 1029 σου
3304 977 3494 1029 τέκνου
3561 977 3881 1044 Ἐπιφανξου
3925 977 4020 1028 τὸν

2445 1071 2698 1134 θάνατον,
2734 1069 2808 1139 μὴ
2847 1070 2966 1140 ἴδῃς
2997 1086 3049 1121 τι
3088 1068 3329 1137 λυπηρὸν
3372 1068 3466 1119 ἐπὶ
3494 1069 3554 1119 τὸ
3587 1068 3866 1134 στρουθίον
3897 1085 4017 1129 σου,

2446 1162 2834 1230 εἰσαγάγωμεν
2863 1161 3025 1214 αὑτὸν
3053 1161 3132 1222 είς
3159 1160 3248 1212 τὸν
3272 1154 3440 1219 οἷκον.
3474 1161 3568 1212 καὶ
3599 1159 3688 1211 διὰ
3725 1161 3822 1227 τῆς
3867 1161 4022 1212 ἀντι-

2441 1250 2660 1320 λήψεως
2719 1251 2812 1304 τοῦ
2888 1269 2946 1304 σε
3017 1251 3355 1320 τιμήσαντος
3427 1251 3520 1302 καὶ
3579 1249 4018 1317 πεπὶουτηκότος

2445 1344 2718 1395 Δεσπὸτου
2767 1344 2875 1396 ἀπὸ
2931 1343 3038 1395 τῶν
3081 1342 3324 1408 ἀγαθῶν,
3381 1335 3455 1394 ῶν
3516 1342 3646 1408 ἡμῖν
3705 1341 4020 1409 ἐδωρήσατο

2447 1433 2674 1502 Κύριος,
2709 1433 2942 1502 παραθῶ
2989 1431 3137 1500 αὑτῷ
3183 1431 3481 1499 τράπεζαν,
3524 1430 3618 1481 καὶ
3650 1429 3822 1481 ποτιῶ
3855 1429 4021 1482 αὑτὸν

2443 1519 2606 1586 οἶνον,
2638 1525 2714 1586 είς
2759 1523 2948 1592 μισθὸν
2983 1523 3267 1590 ἡμετέρων
3297 1520 3488 1590 ψυχῶν
3525 1536 3537 1549 ·
3593 1523 3686 1572 καὶ
3727 1521 3834 1589 γάρ
3861 1520 4022 1571 τοίτο

2447 1615 2610 1683 μόνον
2641 1615 2823 1682 εὑρεῖν
2849 1614 3043 1682 ἔχομεν
3076 1614 3134 1664 ἐν
3167 1616 3233 1682 τῇ
3272 1611 3518 1681 βασιλείᾳ
3540 1612 3649 1663 τῶν
3677 1612 3946 1680 οὐρανῶν.

2509 1703 2616 1767 νς’.
2655 1704 2714 1757 '0
2745 1704 2800 1756 δὲ
2831 1704 3014 1770 πατὴρ
3044 1701 3208 1755 αὑτοῦ
3239 1701 3424 1763 ἔνθους
3457 1701 3768 1768 γενόμενος,
3797 1702 4021 1767 εὐμενεί

2437 1799 2577 1851 αἰδοῖ
2605 1796 2702 1849 καὶ
2729 1795 3051 1864 γλυκυτάτῳ
3081 1796 3353 1864 βὶέμματι
3381 1794 3610 1856 ἀπιδὼν,
3637 1792 4019 1859 καταφιλήσας

775 1889 882 1943 tus,
913 1891 965 1934 et
998 1880 1190 1934 faciem
1215 1882 1333 1950 ejus
1394 1885 1772 1939 suavissimam
1814 1887 2158 1942 deosculatus
2187 1904 2200 1940 :
2239 1887 2346 1941 Un-

2447 1885 2612 1940 αὑτοῦ
2639 1884 2708 1938 τὰ
2729 1884 3040 1952 γλυκύτατα
3073 1884 3318 1950 ὄμματα,
3357 1883 3459 1950 ἔφη
3489 1897 3500 1908 ·
3541 1880 3723 1942 Μόρον
3750 1878 3845 1946 τῆς
3877 1877 4020 1946 ἐμῆς

771 1980 1054 2038 guenlum,
1090 1972 1286 2040 inquit,
1322 1974 1539 2036 animae,
1567 1986 1620 2028 et
1647 1976 1827 2029 lumen
1869 1978 2148 2032 oculorum
2187 1994 2337 2033 meo-

769 2078 914 2127 rum,
952 2063 1044 2128 lili,
1109 2065 1196 2118 illa
1219 2081 1380 2132 super
1414 2082 1471 2120 re
1501 2081 1670 2120 meam
1695 2069 1982 2137 exquirere
2006 2070 2340 2124 voluntatem

770 2153 844 2206 nil
873 2170 1012 2224 opus
1046 2167 1158 2209 erat
1195 2173 1208 2210 :
1267 2157 1420 2220 vade,
1480 2166 1532 2210 et
1581 2173 1687 2227 quo
1714 2159 1899 2214 animo
1926 2162 2225 2215 collibitum
2254 2173 2346 2216 tuo

776 2255 882 2308 est,
949 2244 1072 2310 fac;
1127 2261 1244 2300 mea
1298 2250 1497 2317 quippe
1542 2250 1747 2311 omnia,
1779 2260 1868 2304 tua
1898 2261 2048 2304 sunt.
2083 2252 2344 2322 Cui‘Epi-

773 2335 1010 2403 plianius
1050 2351 1062 2386 :
1105 2333 1360 2401 Omnino,
1404 2348 1556 2406 pater
1615 2338 2001 2406 dilectissime,
2073 2342 2146 2395 ita
2207 2359 2344 2412 opus

766 2426 891 2491 fuit;
934 2427 1182 2496 quaedam
1215 2429 1355 2481 enim
1383 2430 1613 2498 petenda
1665 2431 1797 2484 mihi
1858 2441 1986 2486 sunt
2015 2449 2028 2485 :
2065 2447 2186 2485 nam
2217 2434 2344 2488 scri-

766 2527 918 2586 ptum
949 2527 1032 2572 est
1058 2536 1071 2572 :
1095 2517 1286 2582 Filius,
1328 2521 1420 2589 qui
1467 2523 1604 2589 patri
1644 2523 1786 2592 leges
1819 2525 2139 2592 praescribit,
2176 2535 2347 2579 morte

771 2609 1066 2674 morietur;
1094 2618 1148 2663 et
1183 2619 1333 2678 patre
1365 2612 1524 2665 alicui
1581 2614 1656 2665 rei
1692 2614 1918 2673 intento.
1956 2628 2116 2668 omne
2163 2617 2346 2670 consi-

776 2700 908 2752 lium
960 2701 1050 2752 lilii
1078 2701 1451 2770 dissipabitur.
1514 2703 1722 2767 Quibus
1758 2703 1998 2768 auditis,
2053 2706 2346 2759 exsultavit

777 2791 976 2859 gaudio
1036 2801 1219 2859 pater,
1275 2801 1498 2862 propter
1554 2796 1876 2863 sapientiam
1933 2807 1986 2850 et
2045 2799 2346 2866 prudentes

773 2884 1157 2948 responsiones
1188 2885 1280 2937 lilii
1323 2871 1452 2939 sui':
1477 2887 1566 2955 qui
1601 2903 1825 2956 propere
1849 2889 2150 2942 accelerato
2177 2888 2344 2956 gradu

774 2973 1045 3026 Andream
1079 2975 1397 3043 insequrns,
1415 2977 1632 3030 domum
1666 2993 1836 3047 uque
1863 2993 2205 3046 progressum
2227 2989 2346 3032 tan-

773 3066 894 3118 dem
957 3078 1238 3120 assecutus
1277 3078 1403 3129 est,
1464 3071 1842 3138 prebensaque
1888 3085 2049 3124 manu
2079 3071 2220 3138 ejus,
2251 3071 2348 3125 do-

769 3173 917 3208 mum
974 3172 1126 3210 suam
1179 3158 1330 3211 illum
1377 3161 1615 3215 reduxit.
1646 3159 1892 3228 Cumque
1925 3161 2086 3214 simul
2123 3177 2188 3215 eo
2228 3177 2348 3230 per-

2446 1975 2624 2043 vvxﬁ;
2682 1975 2774 2026 καὶ
2813 1972 2926 2041 φῶς
2974 1972 3080 2024 τῶν
3119 1971 3412 2039 ὀφθαλμῶν
3469 1986 3593 2038 μου,
3644 1969 3769 2036 περὶ
3817 1970 4021 2035 ταύτης

2444 2066 2545 2132 τῆς
2576 2064 2886 2124 ὑποθέσεως
2915 2064 3124 2131 ἐρωτᾷν
3175 2062 3250 2132 μὴ
3297 2062 3541 2132 ὀφείλῃς,
3574 2060 3773 2112 ἄπελθε
3809 2060 3905 2110 καὶ
3945 2060 4022 2118 ὡς

2447 2152 2690 2214 κελεύεις
2716 2153 2964 2218 ποίησον,
3005 2153 3072 2202 τά
3105 2152 3212 2220 γὰρ
3243 2153 3372 2221 ἐμὰ,
3409 2153 3476 2203 σά
3511 2151 3667 2203 εἰσιν.
3703 2150 4024 2216 Ἐπιςάνῖος

2453 2241 2636 2296 εἶπεν·
2673 2244 2782 2297 Ναὶ
2813 2245 2990 2314 πάτερ
3023 2261 3123 2313 μου
3158 2243 3507 2312 παμφίλτατε
3531 2282 3544 2303 ,
3593 2242 3728 2296 ἀλλά
3757 2258 3879 2293 τινα
3912 2243 4022 2308 ἔχω

2447 2337 2722 2405 ἐρωτῆσαι
2754 2351 2768 2362 ”
2809 2334 3122 2404 γέγραπται
3150 2335 3257 2402 γὰρ
3286 2335 3420 2404 (76),
3459 2333 3584 2394 Υἱὸς
3626 2337 3792 2400 πατρὶ
3828 2333 4022 2384 δίκαια

2447 2425 2644 2492 λέγων,
2681 2425 2896 2492 θανάτῳ
2945 2424 3408 2493 θανατωθήσεται,
3451 2423 3544 2474 καὶ
3600 2423 3804 2486 πατρὸς
3841 2439 4025 2490 παρα-

2450 2516 2703 2584 τυχόντος
2764 2516 2871 2565 τινὶ
2931 2514 3258 2586 πράγματι,
3313 2515 3462 2565 πᾶσα
3522 2512 3650 2564 Υίοῦ
3719 2513 4025 2581 πρόϐλησις

2451 2609 2772 2676 ῥαγήσεται.
2806 2604 2986 2656 Τοῦτο
3015 2605 3255 2666 ἀκούσας
3287 2607 3313 2657 ό
3352 2605 3535 2672 πατὴρ
3570 2602 3758 2665 αὑτοῦ,
3789 2601 4027 2669 εὐφραί-

2449 2715 2591 2751 νεται
2628 2698 2718 2750 ἐπὶ
2755 2698 2822 2765 τῇ
2863 2697 3096 2761 συνέσει,
3143 2697 3238 2748 καὶ
3265 2699 3385 2758 ταῖς
3440 2696 3797 2764 ἀποκρίσεσιν
3829 2691 4022 2744 αὑτοῦ.

2460 2790 2518 2842 ὐ
2551 2791 2606 2843 δὲ
2646 2789 2839 2858 σεμνὸς
2886 2791 3205 2856 Ἐπιφάνιος
3247 2792 3486 2859 ταχινοῖς
3517 2791 3641 2841 ποσὶ
3677 2786 4026 2851 καταδιώξας

2448 2883 2539 2934 τὸν
2568 2881 2776 2941 Ὀσιον,
2813 2879 3094 2947 πέφθακεν
3125 2880 3286 2932 αὑτὸν
3319 2879 3468 2932 ἔνδον
3499 2879 3594 2930 τοῦ
3635 2879 3784 2929 οἷκου
3828 2877 4023 2941 αὑτοῦ,

2450 2975 2542 3026 καὶ
2573 2970 2705 3044 ἦλθε
2732 2973 3128 3044 χειροκρατῶν,
3165 2973 3257 3025 καὶ
3294 2973 3428 3042 πρὸς
3457 2975 3527 3025 τὰ
3566 2973 3671 3024 ἴδια
3713 2973 4028 3044 προτρεπό-

2453 3082 2613 3135 μενος
2641 3083 2654 3096 ο
2690 3069 2781 3118 καὶ
2806 3065 2869 3134 δὴ
2898 3066 2976 3134 τῷ
3001 3065 3206 3118 πυλῶνι
3240 3067 3604 3132 ἐγγισάντων,
3649 3067 3745 3116 καὶ
3791 3065 3882 3115 τοῦ
3916 3081 4024 3114 :1-

2450 3155 2575 3224 1p'o;
2618 3154 2784 3207 αὑτοῦ
2830 3158 3009 3207 ἐκεῖσε
3040 3157 3114 3225 μὴ
3137 3157 3476 3223 εὑρεθέντος,
3513 3158 3540 3208 ὁ
3590 3155 3854 3224 μακάριος
3899 3155 4028 3205 Ἀν-

769 3249 1068 3307 venissent,
1091 3263 1194 3299 non
1234 3249 1452 3301 invento
1487 3250 1595 3302 illic
1616 3259 1766 3317 patre
1799 3249 2113 3318 Epiplianii,
2145 3251 2348 3304 intrare

2450 3248 2608 3316 δρέας
2643 3251 2699 3300 ἐν
2729 3250 2805 3313 τῷ
2835 3249 3040 3301 πυλῶνι
3071 3251 3168 3302 οὐκ
3214 3249 3488 3318 εἰσῆλθεν,
3540 3249 3736 3311 ἒξωὶεν
3767 3247 3824 3298 δέ
3870 3246 4032 3299 καθί-

771 3341 968 3391 ostium
1007 3341 1274 3392 recusaxit
1308 3341 1574 3405 Andreus,
1610 3340 1852 3408 forisque
1877 3341 2121 3394 consedit
2148 3359 2159 3393 :
2184 3357 2341 3410 quem

769 3430 936 3483 vicini
983 3432 1327 3500 viatoresque
1357 3433 1676 3501 conspicati,
1715 3435 1974 3486 nudatum
2035 3435 2272 3486 vestibus
2295 3444 2348 3487 et

774 3520 1158 3585 insanientem,
1198 3522 1508 3576 conﬂuxere
1562 3537 1755 3591 magno
1805 3537 2031 3576 numero
2063 3541 2076 3575 :
2115 3523 2234 3575 aliis
2266 3523 2347 3575 in-

773 3611 1197 3678 gemiscentibus
1233 3623 1284 3666 et
1325 3613 1701 3667 incusantibus
1729 3612 1984 3666 Satanam
2011 3655 2024 3675 ,
2074 3615 2217 3682 quod
2254 3611 2347 3666 tali

776 3703 941 3756 modo
978 3703 1249 3757 hominem
1291 3705 1452 3758 rebus
1473 3705 1726 3759 omnibus
1784 3704 2072 3772 spoliatum
2119 3704 2351 3759 confun-

773 3794 962 3860 deret,
989 3795 1110 3848 aliis
1142 3795 1530 3864 elargientibus
1562 3796 1802 3858 obolum,
1841 3795 1964 3849 aliis
2010 3795 2191 3848 vinum
2224 3809 2351 3864 pro-

773 3884 1108 3952 pinantibus.
1150 3888 1218 3938 At
1265 3886 1353 3939 ille
1403 3887 1637 3940 instituti
1700 3886 1782 3939 sui
1847 3896 2029 3947 tenax,
2061 3900 2089 3938 a
2134 3885 2351 3938 nemine

776 3975 1053 4042 quidpiam
1099 3976 1429 4045 recipiebat,
1466 3977 1556 4031 sed
1590 3985 1814 4031 cunctos
1867 3991 1895 4029 a
1948 3992 2006 4031 se
2059 3976 2348 4046 repellens,

773 4079 876 4133 pro
899 4065 1106 4120 foribus
1130 4067 1323 4121 aedium
1366 4069 1679 4122 considebat
1711 4069 1885 4121 humi.

2456 3355 2590 3399 σα;’
2648 3341 2698 3390 οἱ
2765 3339 2857 3390 οὖν
2919 3341 3260 3408 γειτνιῶντες
3313 3340 3390 3410 τῷ
3459 3340 3760 3408 Ἐπιφανίῳ
3821 3339 3915 3389 καὶ
3973 3338 4029 3387 οἱ

2458 3429 2767 3498 παροδῖται,
2802 3430 3096 3498 βλέποντες
3124 3432 3410 3500 ἄνθρωπον
3442 3429 3888 3499 γεγυμνωμένον,
3928 3430 4029 3481 καὶ

2454 3525 3010 3592 παρατετραμμὲνον,
3039 3523 3454 3593 συνηθροίζοντο
3474 3524 3610 3592 πρὸς
3646 3522 3825 3583 αὑτὸν,
3849 3522 3944 3571 καὶ
3975 3521 4030 3571 οἱ

2455 3613 2555 3682 μέν
2597 3615 2923 3682 στεναγμοῖς
2976 3613 3228 3683 ᾤμωζον,
3277 3614 3354 3683 τῷ
3403 3614 3632 3682 διαϐόλῳ
3665 3611 3864 3678 καὶτῷ
3914 3611 4029 3662 Σα-

2451 3707 2589 3775 τανᾷ
2642 3707 3045 3776 καταρώμενοι,
3088 3709 3169 3760 ὅτι
3220 3707 3536 3777 τηλικοῦτον
3585 3705 3751 3773 ἄνδρα
3817 3704 4026 3770 πορθή-

2451 3813 2549 3857 σας
2588 3798 2698 3868 (77)
2735 3803 3072 3870 κατῄσχυνεν
3097 3817 3110 3830 ⁸
3144 3804 3193 3854 οί
3235 3803 3290 3854 δὲ
3325 3801 3546 3862 ὀϐολοὺς
3587 3799 3736 3868 αὑτῷ
3788 3797 4023 3857 ἐδίδουν,

2449 3890 2497 3940 οἱ
2523 3889 2576 3940 δὲ
2609 3884 2773 3943 οἶνον.
2799 3892 2971 3953 Αὐτὸς
2994 3893 3050 3944 δὲ
3075 3893 3152 3963 τῷ
3181 3895 3296 3964 ἰδίῳ
3319 3894 3428 3946 seu
3452 3894 3848 3963 κρατούμενος.
3884 3890 4023 3956 πάρ’

2450 3980 2665 4044 οὐδενός
2699 4000 2750 4034 τι
2798 3985 3109 4051 ἐκομίζετο,
3167 3987 3372 4048 πάντας
3420 3984 3881 4054 ἀποκρουόμενοζ,
3914 3982 4027 4048 πρὸ

2452 4070 2545 4122 τοῦ
2576 4071 2823 4134 πυλῶνος
2854 4073 3220 4142 καθεζόμενος
3252 4075 3446 4144 χαμαί.

2187 4230 2413 4288 CAPUT
2453 4233 2589 4288 VIII.

919 4366 1130 4417 Arcana
1156 4365 1392 4416 cordium
1427 4362 1647 4417 Andrew
1687 4364 1910 4417 revelata
1966 4380 2142 4418 coram
2173 4368 2464 4449 Epiphanio
2496 4373 2711 4443 ejusque
2765 4377 3006 4443 famulis,
3039 4387 3082 4426 et
3131 4373 3222 4426 ιιιιὶ
3256 4375 3443 4426 horum
3477 4374 3709 4425 indicata
3733 4374 3877 4425 illius

2254 4449 2528 4494 summas.

847 4605 937 4659 57.
1007 4602 1215 4656 Interea
1291 4601 1438 4656 adest
1494 4602 1811 4655 adolescens
1878 4603 2119 4669 quidam,
2155 4613 2428 4672 natural)

779 4698 1086 4758 eunuchus,
1123 4695 1391 4763 magnatis
1431 4694 1663 4762 alicujus
1705 4694 2095 4749 cubicularius.
2153 4695 2350 4750 Vultus

779 4791 828 4844 ei
881 4787 1106 4842 rubebat
1151 4786 1336 4840 colore
1401 4800 1577 4851 roseo,
1625 4785 1889 4838 candebat
1945 4801 2142 4856 corpus
2173 4787 2351 4850 niveo,

777 4889 893 4935 erat
922 4879 1131 4948 species
1160 4877 1378 4939 decora,
1409 4876 1585 4944 capilli
1610 4875 1756 4939 ﬂavi,
1799 4876 2050 4930 mollities
2089 4893 2196 4930 non
2230 4877 2350 4930 vul-

778 4973 960 5041 garis;
1021 4969 1248 5022 multum
1319 4967 1532 5022 eminus
1585 4983 1804 5036 quoque
1867 4984 2111 5022 muscum
2145 4968 2342 5033 olebat,

780 5063 1033 5115 mollibus
1072 5061 1293 5113 indutus
1356 5058 1714 5113 vestimentis.
1773 5058 1908 5124 Quia
1948 5075 2072 5113 vero
2103 5074 2198 5128 par
2230 5070 2346 5114 erat

781 5150 1080 5219 Epiphanio
1111 5159 1289 5212 aetate,
1322 5158 1375 5202 et
1398 5149 1673 5203 domicilio
1701 5149 1911 5204 vicinus
1931 5190 1944 5213 ,
1971 5160 2159 5204 mutuo
2208 5152 2346 5205 inter

776 5256 895 5295 sese
953 5254 1138 5294 amore
1172 5240 1664 5310 prosequebantur.
1719 5241 1956 5295 Habebat
1985 5258 2148 5311 porro
2174 5259 2346 5298 eunu-

777 5333 912 5383 chus
951 5331 1038 5385 ille
1061 5346 1224 5399 penes
1254 5347 1308 5385 se
1332 5332 1600 5400 dactylos,
1637 5331 2018 5386 instarticuum
2044 5336 2342 5400 aridarum,

779 5423 998 5476 circiter
1065 5423 1283 5493 triginta
1353 5439 1625 5479 numero:
1661 5434 1715 5480 et
1763 5426 1933 5480 oculis
1996 5426 2046 5479 in
2099 5435 2345 5481 sanctum

779 5515 974 5571 vestitu
1033 5516 1348 5572 destitutum
1402 5517 1717 5583 conversis,
1777 5519 2004 5573 horrore
2071 5520 2350 5588 perculsus

851 5676 962 5740 (76)
996 5675 1069 5729 Ita
1126 5687 1388 5731 consonat
1444 5689 1730 5747 utrumque
1756 5693 1856 5732 ms.
1886 5678 1982 5732 Ubi
2018 5695 2146 5732 vero
2176 5679 2226 5733 id
2264 5680 2336 5733 Ie-

777 5750 915 5867 ῗεῖιι
957 5755 1174 5825 auctor,
1213 5747 1327 5813 ipse
1391 5749 1585 5803 viderit
1624 5765 1766 5804 :non
1829 5759 2005 5817 putem
2068 5751 2119 5801 in
2165 5752 2335 5805 sacris

808 5831 840 5867 ,ι
871 5825 1018 5867 teris.

808 5825 1018 5868 ,ιιιρι-ιε.

2518 4609 2616 4672 vC’.
2646 4609 2906 4679 Ἐρχεταί
2928 4627 3007 4672 τις
3033 4608 3330 4668 νεανίσκος,
3357 4611 3419 4676 τῇ
3448 4607 3603 4672 φύσει
3631 4607 3901 4677 εὐνοῦχος,
3933 4627 4036 4677 με-

2447 4698 2707 4764 γιστάνου
2741 4698 2884 4760 τινὸς
2918 4699 3204 4767 τυγχάνων
3241 4696 3679 4766 κουϐικουλάριος
3712 4714 3725 4726 ·
3777 4693 3842 4764 ἦν
3877 4699 3933 4751 δὲ
3972 4701 4034 4752 τὸ

2455 4789 2750 4859 πρόσωπον
2779 4788 2944 4843 αὑτοῦ
2977 4787 3052 4849 ὼς
3069 4787 3127 4840 τὸ
3159 4787 3330 4857 ῥόδον,
3361 4785 3455 4836 καὶ
3485 4784 3675 4846 λευκὸς
3709 4785 3786 4851 τῷ
3811 4783 4029 4852 σώματι

2453 4881 2529 4944 ὡς
2562 4882 2714 4951 χιὼν,
2746 4881 2976 4951 εὐειδὴς,
2996 4879 3305 4946 ἐπίξανθος,
3334 4876 3592 4947 βλακείαν
3622 4878 3680 4928 οὑ
3712 4877 3812 4945 τὴν
3834 4879 4032 4945 τυχοῦ-

2452 4989 2553 5025 σαν
2585 4975 2943 5044 κεκτημένος,
2977 4973 3176 5042 μόσχου
3204 4970 3440 5040 μήκοθεν
3472 4968 3709 5032 ἀπόζων,
3747 4968 4030 5037 μαλακοὺς

2451 5066 2920 5136 περιϐεὸλημένος
2964 5065 3232 5134 χιτῶνας·
3274 5062 3360 5115 διὰ
3392 5061 3535 5114 δὲτὸ
3566 5055 3704 5112 εἶναι
3748 5061 3839 5113 τὸν
3879 5062 4029 5112 Ἐπι-

2453 5157 2642 5224 φάνιον
2679 5157 3019 5227 συνομήλικα
3080 5155 3244 5208 αὑτοῦ
3285 5155 3378 5207 καὶ
3427 5155 3778 5222 γειτνιάξειν,
3819 5156 4026 5222 μεταξὺ

2453 5248 2701 5318 αλλήλων
2734 5245 2801 5319 ἦν
2831 5249 3022 5316 ἀγάπη
3059 5246 3248 5316 πολλή.
3287 5247 3553 5314 Κατεῖχεν
3583 5245 3669 5297 οὖν
3698 5247 3725 5297 ὁ
3755 5246 4027 5315 Εὐνοῦχος

2451 5342 2660 5402 ἐκεῖνος
2713 5339 2961 5407 φοίνικας
3001 5336 3250 5405 καθάπερ
3302 5336 3524 5403 ἰσχάδας
3566 5335 3640 5397 ὡς
3686 5335 3984 5403 τριάκοντα
4010 5353 4022 5367 ·

2451 5432 2784 5498 θεασάμενος
2808 5429 2903 5483 οὖν
2930 5431 3019 5482 τὸν
3040 5429 3224 5481 ’Ὁσιον
3250 5426 3672 5496 γεγυμνωμένον
3689 5426 3764 5496 τῷ
3788 5427 4026 5495 σώματι,

2451 5524 2548 5577 καὶ
2574 5522 2650 5592 τῷ
2677 5522 2785 5574 δέει
2819 5521 3052 5584 Εληθεὶς.
3075 5519 3134 5572 τὸ
3166 5520 3394 5588 πρᾶγμα
3423 5517 3708 5582 ἐξενίζετο.
3750 5518 3847 5570 καὶ
3887 5520 4028 5571 ἐπτεο

2511 5685 2622 5752 (77)
2650 5683 2747 5738 Με.
2792 5683 2961 5740 Vatic.
3004 5684 3340 5754 peregrinam
3412 5680 3498 5733 hic
3544 5678 3774 5734 habebat
3833 5693 4027 5733 vocem

2443 5755 2835 5823 πανερέφυνεν.
