4202 6430
167 408 259 471 €97

1320 403 1498 464 VITA
1544 400 1608 459 S.
1649 394 1976 456 ANDREXE
2016 391 2206 451 SALI.

3296 381 3407 444 698

170 527 302 596 ρὼτα
333 524 427 578 τὸν
469 524 791 593 Ἐπιφάνιον
830 523 1006 591 λέγων
1040 538 1054 553 ·
1103 518 1327 573 Φίλτατέ
1364 535 1463 587 μου
1506 517 1601 570 καὶ
1641 531 1736 565 περ
1768 518 1810 570 Α

1768 518 1810 570 Α
1841 517 1892 560 ct
1929 504 2210 563 insolentis
2235 504 2310 559 rei
2342 502 2631 556 novitatem
2664 510 2911 562 miratus,
2955 500 3408 566 percunctabatur

168 619 431 689 ποθημένε
495 618 807 686 Ἑπιφάνιε,
858 617 940 680 τίς
973 616 1084 685 ἄρα
1130 608 1284 677 οὗτός
1332 615 1478 666 ἐστιν
1521 630 1534 675 ;
1588 612 1735 674 τίνος

169 710 317 779 χάριν
348 708 597 777 παράγει
647 707 875 778 γυμνὸς,
920 706 1124 774 κρύους
1170 705 1447 774 ἀφορήτου
1496 703 1590 756 καὶ
1623 719 1733 770 χειν

170 801 334 867 μῶνος
368 799 711 869 ὑπάρχοντος
735 836 749 861 ,
805 798 899 851 καὶ
931 797 1122 865 ῶσπερ
1152 799 1200 849 oi
1249 797 1307 848 ὲν
1342 795 1586 866 Θαλάσσῃ
1625 811 1739 846 κιν-

167 890 498 953 δυνεύοντες,
539 889 714 953 οὕτως
752 888 1094 958 καθέστηκεν
1124 904 1139 952 ;
1186 887 1503 957 Ἐπιφάνιος
1532 881 1687 939 εἶπεν
1719 902 1734 917 ο

170 979 472 1034 Γὶυκύτατέ
509 998 611 1050 μου
642 980 861 1048 άδελφὲ,
901 980 955 1031 τί
1011 996 1091 1031 σοι
1126 978 1234 1048 ἔχω
1269 981 1444 1032 είπεῖν
1470 978 1610 1046 ὑπὲρ
1639 976 1737 1030 τοῦ

172 1074 517 1141 φαινομένου,
550 1074 651 1146 οὐκ
680 1074 975 1143 ἐπίσταμαι
1000 1091 1013 1105 ο
1040 1073 1225 1143 ἐπειδὴ
1254 1069 1672 1142 ῂχμαλώτευται
1705 1069 1738 1137 ἡ

168 1162 363 1216 διάνοια
429 1162 598 1216 αὐτοῦ
653 1163 758 1216 ὑπὸ
802 1162 896 1216 τοῦ
947 1165 1295 1231 πνεύματος,
1340 1161 1434 1213 καὶ
1488 1160 1740 1230 περιάγει

172 1252 555 1320 παρατραπεὶς
589 1255 709 1315 ταῖς
743 1254 938 1323 φρεσὶν
973 1253 1167 1323 ὥσπερ
1198 1253 1483 1323 πασχικῶς
1506 1278 1513 1287 τ
1534 1270 1740 1323 πεφυρ-

175 1343 322 1409 μένος
347 1360 362 1375 ·
408 1344 615 1407 πάντες
645 1345 700 1398 δὲ
735 1348 784 1399 οί
812 1346 1037 1399 τοιοῦτοι
1065 1346 1449 1417 διαῤῥήσουσιν
1480 1347 1577 1409 τὰς
1610 1347 1740 1400 tatu-

175 1431 276 1482 τῶν
301 1434 560 1501 χιτῶνας.
603 1437 695 1487 καὶ
747 1434 1204 1504 ἀναισθητοῦντες
1233 1436 1534 1507 τρέχουσιν.
1574 1437 1743 1490 Λελά-

174 1525 331 1593 ληκεν
363 1526 423 1578 δὲ
459 1527 637 1590 τοῦτο,
681 1528 754 1597 μὴ
799 1527 1120 1598 βουλόμενος
1154 1530 1457 1599 ἐκκαλύψαι
1484 1529 1581 1598 τὴν
1617 1532 1745 1599 ἀρε-

176 1616 385 1683 τὴντοῦ
430 1618 842 1672 Ὃσίου.Ταῦτα
895 1620 1136 1683 ἀκούσας
1189 1624 1394 1683 ἐκεῖνος
1448 1622 1741 1692 ἡσύχαζεν,

179 1707 265 1758 καὶ
293 1705 488 1776 ὥσπερ
542 1708 746 1777 πένητα
795 1709 1070 1779 οἰκτείρας
1113 1708 1178 1772 ἃς
1219 1712 1465 1779 κατεῖχεν
1500 1711 1744 1777 φοίνικας

175 1797 334 1850 ἐδίδου
363 1798 446 1867 τῷ
478 1801 750 1869 Μακαρίῳ
776 1801 955 1868 λέγων
979 1817 992 1832 °
1016 1802 1175 1866 Δέξαι
1204 1803 1339 1866 τέως
1367 1803 1560 1864 ταῦτα,
1595 1805 1744 1854 ἐπει-

176 1888 233 1957 δὴ
264 1888 503 1942 ἐνταῦθα
534 1890 688 1944 οὐδὲν
719 1892 909 1963 ἕτερον
939 1893 1159 1963 ἔχομεν.
1194 1894 1253 1946 Ὀ
1290 1892 1346 1946 δὲ
1395 1894 1582 1956 "Octo;
1621 1911 1741 1945 νοε-

181 1980 295 2044 ρνιὺς
320 1980 638 2050 ὀφθαλμοὺς
668 1984 1031 2054 κεκτημένος,
1068 1985 1208 2052 ἔγνω
1240 1984 1305 2038 τὰ
1350 1984 1488 2054 ἔργα
1518 1986 1615 2054 τῆς
1640 1985 1744 2054 '4")-

180 2068 272 2136 κῆς
292 2071 489 2133 αὑτοῦ.
517 2072 609 2126 καὶ
639 2074 887 2146 βλοσυρῷ
907 2076 986 2146 τῷ
1014 2078 1221 2145 ὄμματι
1246 2076 1453 2131 ἀπιδὼν
1477 2081 1553 2141 είς
1584 2078 1746 2130 αὐτὸν

178 2162 272 2231 ἔφη
308 2178 324 2194 ο
374 2163 561 2234 Δῶρον
593 2168 926 2234 κωλοςονίας
985 2171 1034 2221 οὶ
1079 2169 1234 2222 σαλιὶ
1290 2171 1393 2223 οὐκ
1453 2170 1745 2222 ἐσθίουσιν.

190 2252 484 2321 Ἀγνοήσας
512 2255 606 2309 οὖν
637 2259 842 2321 ἐκεῖνος
871 2260 929 2313 τὸ
956 2260 1144 2331 λεχθὲν
1169 2260 1334 2331 αὐτῷ,
1372 2261 1473 2331 ἔφη
1502 2277 1515 2291 ·
1556 2262 1741 2329 Παρα-

184 2345 528 2416 τετραμμένε
555 2347 641 2401 ἐπ’
686 2350 966 2419 ἀληθείας,
1011 2353 1257 2419 φοίνικας
1298 2351 1532 2421 βλέπων,
1575 2349 1747 2403 κωλο-

184 2437 357 2504 gavia;
389 2439 541 2493 δοκεῖ
574 2456 656 2494 σοι
683 2441 856 2495 ταῦτα
893 2439 1057 2496 εἶναι.

249 2634 349 2695 vr}.
378 2628 542 2694 Λέγει
571 2626 716 2696 αὐτῷ
741 2628 771 2680 ὁ
803 2625 1088 2696 Μακάριος
1109 2644 1125 2658 ·
1158 2626 1330 2693 Δόλιε,
1361 2629 1562 2683 ἄπελθε
1598 2633 1654 2683 ἐν
1682 2632 1759 2703 τῷ

185 2721 394 2773 κοιτῶνι
416 2719 511 2772 τοῦ
536 2720 752 2787 κυρίου,
775 2719 868 2772 καὶ
890 2719 1123 2787 ἐργάζου
1153 2717 1271 2790 μετ’
1287 2718 1453 2772 αὐτοῦ
1474 2721 1573 2791 τὴν
1594 2722 1757 2777 ἀσθέ-

184 2824 321 2861 νειαν
341 2808 456 2861 τῶν
488 2809 815 2877 Σοδομιτῶν,
868 2811 964 2865 καὶ
996 2812 1251 2867 ἐπιδώσει
1299 2830 1382 2867 σοι
1425 2816 1519 2868 καὶ
1558 2815 1751 2885 ἐτέρας

186 2898 430 2964 φοίνικας
459 2916 473 2930 ·
507 2900 844 2969 ταλαίπωρε,
862 2904 891 2954 ό
929 2902 1005 2974 μὴ
1037 2902 1251 2970 βλέπων
1276 2904 1373 2966 τὰς
1403 2905 1626 2967 ἀκτῖνας
1651 2906 1750 2973 τῆς

186 2988 285 3040 τῶν
309 2991 563 3059 οὐρανῶν
600 2991 903 3061 βασιλείας,
929 2996 958 3047 ὁ
992 2994 1066 3065 μὴ
1104 2994 1227 3047 tam
1262 2995 1362 3062 τῆς
1396 2994 1620 3065 γεέννης
1652 2997 1750 3066 τὴν

186 3081 484 3149 ἀγριότητα
516 3082 616 3151 τὴν
655 3083 991 3154 δριμυτάτην
1014 3124 1029 3147 ,
1085 3084 1212 3138 οὔτε
1262 3086 1363 3138 κᾶν
1397 3088 1487 3139 τὸν
1524 3086 1751 3155 ἄγγελον

188 3173 408 3243 αἰσχύνῃ
432 3174 526 3226 τὶν
552 3173 806 3246 καθάπερ
846 3176 1161 3247 Χριστιανῷ
1196 3177 1591 3232 άκολουθοῦντά
1645 3193 1748 3230 σοι.

187 3262 245 3314 Τί
270 3281 350 3317 σοι
384 3266 498 3319 δέει
537 3267 813 3334 γενέσθαι,
841 3269 1142 3339 ἀκάθαρτε,
1180 3272 1236 3322 ὲν
1255 3272 1373 3331 ταῖς
1401 3269 1625 3337 γωνίαις
1650 3286 1753 3320 πα-

189 3358 454 3427 ρεδρεύων
485 3359 550 3410 τά
595 3359 668 3431 μὴ
711 3361 898 3413 δέοντα
942 3362 1338 3432 ἐργαζόμενος,
1378 3361 1522 3429 ἆπερ
1547 3360 1666 3413 οὐδὲ
1703 3362 1751 3413 οἱ

188 3448 358 3514 κύνες,
383 3450 531 3519 άπερ
555 3450 621 3503 τὰ
655 3452 861 3520 ἑρπετά
893 3458 985 3505 καὶ
1011 3454 1182 3522 ὄφεις,
1215 3453 1358 3522 άπερ
1382 3452 1501 3505 οἰδὲ
1544 3453 1594 3504 οι
1643 3454 1754 3521 χοῖ-

191 3558 264 3607 ροι
295 3543 563 3611 πράττειν
585 3546 684 3598 οὐκ
719 3548 896 3598 ῐσασιν
926 3560 941 3575 ·
979 3545 1143 3597 πόθεν
1180 3547 1463 3614 κατάρατε
1503 3544 1753 3615 μεμαθη-

187 3633 287 3695 κὼς
332 3636 510 3689 ταῦτα
559 3636 927 3705 κατεργάζει;
962 3638 1097 3691 Οὐαὶ
1135 3640 1200 3707 τῇ
1248 3641 1311 3707 σῇ
1352 3638 1583 3706 νεότητι,
1621 3638 1686 3707 ἢν
1727 3638 1754 3689 ὁ

190 3726 426 3787 Σατανᾶς
472 3726 849 3796 παρατρώσας
904 3731 986 3790 είς
1053 3728 1282 3796 φοϐερὸν
1325 3729 1575 3798 πυθμένα
1622 3729 1752 3799 ᾅδου

193 3818 523 3890 σιροδροτάτῃ
552 3820 657 3871 τινὶ
684 3820 777 3871 καὶ
809 3820 1021 3889 ἀπείρῳ
1072 3821 1354 3888 ίταμότητι
1384 3823 1756 3890 κατεκρήμνι-

193 3924 294 3961 σεν.
335 3908 481 3977 "Op:
523 3908 617 3961 καὶ
660 3909 734 3979 μὴ
784 3909 1118 3981 πορρωτέρω
1159 3910 1420 3978 πρόϐαινε
1458 3910 1589 3981 (79),
1627 3909 1647 3981 ί
1679 3911 1752 3981 μή

195 4014 313 4050 ποτε
353 3998 586 4061 δικαίως
622 3999 869 4069 θεηλάτῳ
905 4002 1038 4069 πυρὶ
1067 4001 1473 4064 καταναλωθεὶς
1504 4001 1754 4070 πρόωρον

192 4089 530 4160 ἀφαρπάζων
554 4107 645 4143 σου
673 4092 775 4162 τὴν
807 4091 1056 4161 νεότητα,
1092 4095 1186 4145 καί
1230 4091 1467 4146 ἐνταῦθα
1502 4092 1599 4161 μὲν
1649 4110 1758 4146 τοι·

193 4184 323 4254 ούτῳ
355 4184 638 4254 πρηστῆρι
660 4184 701 4257 ],
736 4186 943 4238 ἐκεῖθεν
980 4185 1038 4238 δὲ
1084 4186 1312 4256 γεέννης
1366 4186 1501 4256 πυρὶ
1545 4186 1757 4257 λυγρῶς

192 4276 551 4329 ἐλοκαυτώσει
580 4293 660 4331 σε.
690 4277 874 4330 Ταῦτα
912 4278 1149 4341 ἀκούσας
1170 4280 1374 4341 ἐκεῖνος
1405 4278 1642 4349 ἔφριξεν,
1682 4278 1758 4342 ὡς

195 4368 294 4436 πῦρ
307 4369 547 4437 γεγονὼς
577 4371 868 4437 πρόσωπον
887 4370 1073 4434 αὐτοῦ,
1100 4372 1191 4423 καὶ
1212 4370 1454 4441 ᾐσχύνθη
1489 4371 1757 4441 μεγάλως·

196 4462 348 4530 Λέγει
366 4458 462 4516 οὖν
514 4462 832 4529 Ἐπιεράνιος
887 4462 1025 4534 πρὸς
1060 4463 1258 4518 αὐτόν’
1296 4463 1362 4515 Τί
1395 4480 1475 4516 σοι
1521 4467 1756 4533 ἐγένετο,

1838 598 2197 668 Epiphanium
2229 597 2331 649 hoc
2377 594 2580 649 modo’:
2614 591 2968 645 Dilectissimo
3012 588 3410 643 desideratissi-

1840 704 2032 758 nieqtte
2068 687 2357 758 Epiphani,
2394 686 2520 753 quid
2554 684 2729 739 isthnc
2763 684 2974 736 tandem
3016 690 3099 734 est
3131 678 3412 758 hrminis?

1840 780 2193 850 quamobrem
2244 778 2424 831 nudus
2478 776 2736 846 procedit,
2772 774 2969 842 frigore
3009 772 3302 840 praesertim
3331 756 3414 823 in-

1839 871 2102 927 tolerabili
2140 879 2192 925 et
2219 877 2537 939 tempestate
2566 868 2916 923 saevientibus
2949 865 2972 918 ?
3017 862 3234 916 Nullum
3268 863 3408 915 inter

1840 965 2016 1029 ipsum
2050 970 2101 1016 el
2127 961 2487 1029 periclitantes
2518 959 2567 1011 itt
2606 958 2740 1011 mari
2772 957 3061 1011 discrimen
3107 955 3407 1008 iutercrtlit.

1840 1053 1936 1107 Cui
1995 1048 2818 1120 Epiphanius:Jucuntlissinie
2870 1048 3055 1109 frater,
3126 1034 3253 1115 quid
3317 1045 3411 1096 tibi

1841 1160 2005 1214 super
2033 1144 2139 1209 bis,
2164 1158 2282 1211 quae
2308 1142 2478 1197 oculis
2506 1149 2708 1210 patent,
2751 1138 2953 1201 dicam,
2989 1137 3237 1204 equidem
3264 1136 3415 1203 ignn-

1844 1249 1935 1289 ro:
1962 1234 2267 1304 exagitante
2295 1242 2524 1302 mentem
2559 1230 2704 1285 illius
2722 1228 2914 1297 spiritu
2935 1266 2948 1288 ,
2979 1242 3251 1294 camquea
3282 1225 3411 1279 sedc

1842 1340 1939 1379 sua
1993 1324 2297 1395 dejieicnte,
2352 1332 2574 1391 vagatur
2601 1337 2707 1374 non
2737 1320 2895 1373 aliter
2942 1333 3101 1386 quam
3166 1318 3413 1370 insessus

1843 1432 1871 1470 a
1932 1416 2213 1469 dmmone:
2252 1413 2503 1468 homines
2580 1420 2757 1467 autem
2818 1408 3124 1464 istiusmodi
3180 1409 3416 1461 lacerare

1844 1506 2163 1562 vestimenta
2206 1520 2327 1569 sua,
2388 1513 2440 1557 et
2492 1502 2695 1569 absque
2728 1502 2928 1569 pudore
2969 1508 3061 1554 aut
3093 1499 3415 1552 verecundia

1844 1599 2109 1655 cursitare
2159 1598 2354 1653 solent.
2387 1595 2461 1649 Ita
2519 1592 2881 1663 Epiphanius,
2938 1601 2996 1644 ut
3056 1606 3122 1643 ne
3165 1588 3412 1641 virtutem

1848 1691 1948 1744 viri
2001 1690 2173 1745 sancti
2235 1689 2290 1742 in
2352 1688 2523 1741 illt‘t‘lll
2578 1683 3114 1755 prnicrret;quibus
3149 1681 3419 1749 acquievit

1848 1780 2166 1843 eunuchus,
2220 1780 2581 1846 misertusque
2627 1776 2900 1839 Andreae,
2978 1773 3057 1827 uti
3127 1773 3416 1841 pauperis,

1779 1860 1817 1913 Β
1852 1870 2091 1941 porrexit
2127 1885 2264 1938 quos
2302 1867 2534 1921 habebat
2571 1865 2834 1936 dactylos,
2860 1864 2947 1917 his
2977 1861 3175 1916 additis
3208 1858 3417 1912 verbis:

1848 1965 1982 2022 Cum
2009 1963 2157 2018 aliud
2213 1962 2344 2015 mihi
2378 1960 2539 2013 modo
2573 1959 2624 2011 in
2661 1948 2908 2026 premptu
2966 1970 3071 2007 non
3115 1954 3206 2016 sit,
3236 1947 3420 2017 accipe

1851 2056 2082 2121 h:rc.At
2146 2054 2399 2113 Sanctus.
2467 2052 2667 2105 mentis
2722 2046 3178 2101 oculisinteriora
3239 2043 3419 2095 cordis

1848 2148 1991 2203 illius
2024 2147 2341 2216 pervadens,
2378 2154 2640 2212 torvoque
2672 2142 2725 2195 in
2755 2139 3027 2193 hominem
3061 2137 3205 2189 vultu
3258 2134 3420 2186 intui-

1848 2253 1975 2295 tus:
2007 2238 2185 2304 Ficos,
2230 2237 2424 2305 inquit,
2474 2249 2580 2287 non
2642 2229 2929 2285 comedunt
2989 2226 3187 2282 insani.
3250 2223 3420 2293 Cujus

1849 2332 1977 2387 dicti
2031 2330 2300 2398 energiam
2339 2344 2444 2382 non
2507 2332 2790 2379 assecutus
2828 2322 2961 2374 alter
2993 2318 3104 2390 (78)
3136 2332 3150 2368 :
3193 2316 3417 2378 Revera,

1852 2424 2048 2492 inquit,
2102 2423 2328 2476 insanus
2359 2436 2435 2482 cs,
2464 2417 2556 2489 qui
2587 2432 2707 2473 cum
2736 2414 2982 2484 dactylos
3027 2410 3201 2473 vides,
3240 2408 3423 2461 \idere

1852 2528 1900 2569 te
1934 2517 2067 2570 ticos
2094 2514 2394 2569 arbitraris.

1926 2654 2015 2709 58.
2043 2654 2179 2707 Tum
2217 2652 2278 2705 Β.
2314 2649 2556 2705 Andreas
2586 2668 2599 2703 :
2631 2645 2943 2717 Versipcllis
2964 2689 2978 2711 ,
3009 2661 3176 2716 apage
3207 2645 3332 2700 hinc
3354 2645 3423 2699 ad

1853 2746 2109 2801 conclave
2159 2744 2362 2799 domini
2397 2743 2494 2803 tui,
2532 2757 2654 2795 cum
2691 2741 2807 2809 ipso
2861 2739 3054 2794 sceleri
3090 2738 3423 2793 Sodomitico

1852 2855 2069 2909 operam
2106 2838 2338 2893 daturus
2360 2879 2372 2899 ,
2404 2845 2455 2890 et
2500 2834 2805 2888 aliosetiam
2845 2833 2941 2886 tibi
2965 2831 3207 2903 dactylos
3228 2816 3423 2899 suppe;

1851 2931 2062 2985 ditahit.
2099 2931 2141 2981 Ο
2170 2938 2218 2982 te
2246 2928 2502 2982 miserum
2538 2926 2550 2977 ί
2597 2924 2686 2993 qui
2720 2925 2782 2977 ad
2818 2921 3268 2991 lulgentissimam
3315 2936 3423 2975 c02-

1852 3022 2003 3074 lcstis
2056 3019 2206 3089 regni
2266 3018 2441 3072 lucem
2484 3014 2739 3077 cmcutis,
2775 3012 2867 3082 qui
2921 3011 3293 3065 crudelissima
3334 3026 3421 3079 gc‘

1856 3113 2044 3166 henna:
2069 3119 2334 3165 tormenta
2371 3123 2477 3160 non
2508 3104 2743 3175 cogitas,
2774 3103 2863 3172 qui
2898 3102 3071 3172 angeli
3122 3111 3207 3164 te,
3240 3109 3424 3169 utpnte

1780 3234 1819 3289 ς
1855 3199 2247 3263 Christianum,
2278 3194 2590 3250 comitantis
2646 3191 2947 3248 reverentia
2972 3205 3077 3244 non
3111 3204 3425 3258 compesce-

1856 3290 1951 3345 ris.
2007 3287 2145 3353 Quid
2199 3283 2548 3339 metuendum
2607 3282 2704 3336 tibi
2752 3290 2855 3343 est,
2910 3278 3157 3342 sceleste,
3211 3292 3334 3330 cum
3368 3277 3423 3329 in

1853 3379 2081 3450 angulos
2129 3378 2471 3444 latebrasque
2520 3382 2573 3429 te
2633 3371 2816 3435 abdis,
2871 3371 2965 3425 illa
3031 3367 3425 3423 commissurus

1853 3471 2073 3540 ﬂagitia,
2110 3485 2228 3537 quze
2257 3469 2419 3523 etiam
2446 3480 2629 3528 canes.
2668 3479 2787 3533 quae
2805 3470 3078 3532 serpentes
3108 3469 3164 3516 et
3195 3472 3422 3528 angues,

1854 3576 1973 3632 quae
1996 3560 2099 3630 ipsi
2144 3568 2197 3613 et
2241 3558 2390 3628 porci
2409 3565 2625 3625 patrare
2646 3549 3211 3615 exborrescunt?Quo
3238 3548 3426 3603 isthaec

1860 3661 2186 3724 praeceptore
2244 3648 2525 3704 didicisti?
2574 3647 2664 3701 Va:
2710 3643 3229 3703 adolescentizetuze,
3260 3654 3423 3707 quam

1858 3744 2086 3799 Satanas
2140 3740 2332 3793 misere
2380 3735 2695 3791 vulneribus
2767 3735 3038 3788 concisam
3088 3731 3141 3785 in
3185 3728 3428 3784 terribile

1859 3832 2051 3887 inferni
2078 3830 2411 3895 barathrum,
2445 3828 2923 3885 vehementissimo
2957 3840 3078 3881 cum
3128 3824 3330 3896 impetu
3362 3836 3427 3881 ac

1859 3925 2136 3987 violentia,
2199 3922 2529 3992 praecipitem
2591 3920 2757 3975 dedit.
2790 3920 3153 3987 Quamobrem
3203 3920 3429 3975 consule

1858 4018 2018 4071 rebus
2080 4016 2208 4080 tuis,
2261 4030 2360 4069 nec
2422 4028 2585 4084 porro
2652 4028 2833 4083 perge,
2886 4028 2953 4068 ne
2987 4012 3123 4068 forte
3167 4012 3430 4067 divinitus

1864 4106 2281 4175 superveniente
2314 4105 2438 4174 igne
2465 4110 2837 4171 consumptus,
2875 4103 2926 4154 in
2973 4100 3272 4170 iuventutis
3302 4100 3434 4155 ilnre

1859 4198 2123 4251 auferaris
2157 4235 2172 4260 ,
2202 4198 2389 4265 sicque
2420 4195 2506 4248 hic
2539 4194 2697 4261 lgneo
2730 4194 2961 4258 turbine,
2996 4193 3119 4248 istic
3158 4207 3288 4247 vero
3318 4192 3436 4246 vio-

1863 4290 2023 4344 lentia
2056 4289 2252 4343 inferni
2308 4288 2525 4341 ﬂamma
2587 4288 2792 4342 misere
2846 4286 3208 4340 comburaris.
3232 4284 3433 4339 Audita

1865 4386 1964 4436 hac
2021 4382 2241 4435 salutari
2301 4380 2670 4434 admonitione
2709 4416 2726 4443 ,
2759 4388 2903 4433 totus
2944 4379 3214 4432 inhorruit
3256 4379 3437 4432 Eunu-

1864 4475 2040 4536 chus,
2086 4481 2161 4538 et,
2203 4472 2633 4526 excandescente
2688 4470 2743 4523 in
2802 4470 3020 4524 modum
3060 4471 3199 4539 ignis
3252 4470 3388 4524 facie
3415 4508 3432 4534 ,

197 4556 345 4626 κύριέ
384 4576 489 4627 μου
530 4559 719 4630 γνήσιε
758 4558 877 4628 φίλε
901 4600 915 4623 ,
948 4559 1091 4622 τίνος
1119 4560 1281 4629 χάριν
1327 4558 1643 4628 διετράπης,
1687 4557 1761 4620 ὡς
1793 4559 1841 4619 D

1793 4559 1841 4619 D
1869 4567 2235 4634 maximopere
2257 4564 2517 4620 confusus
2543 4571 2645 4618 est.
2683 4563 2863 4629 Quare
2895 4562 2962 4618 ad
3001 4564 3177 4634 ipsum
3207 4564 3440 4633 Epipha-

200 4648 304 4719 πῦρ
332 4649 575 4718 γεγονὼς
602 4650 663 4702 τὸ
698 4649 988 4719 πρόσωπόν
1020 4668 1113 4703 σου
1148 4666 1163 4713 ;
1198 4648 1408 4705 Οὐκοῦν
1438 4649 1638 4720 εἴρηκά
1679 4666 1761 4702 σοι

199 4738 359 4791 ταῦτα
391 4756 407 4805 ;
439 4738 626 4806 ἐπειδὴ
676 4738 730 4790 εἰ
772 4756 826 4791 τι
863 4738 1079 4807 φθάσει,
1123 4738 1275 4792 λαλεῖ
1303 4741 1330 4791 ό
1370 4755 1762 4808 παρατετραμ-

202 4830 353 4897 μένος
384 4848 399 4897 ;
444 4830 611 4901 Πλὴν,
641 4832 892 4901 άγαπητέ
929 4850 1032 4901 μου
1062 4834 1119 4884 ἐν
1149 4832 1357 4901 Κυρίῳ,
1381 4832 1537 4900 εῐπερ
1582 4830 1762 4884 σύνοι-

199 4922 285 4984 δάς
313 4942 363 4977 τι
396 4922 510 4978 άπὸ
540 4924 650 4977 τῶν
683 4925 783 4995 ἤδη
817 4924 910 4977 ὐπ’
944 4924 1108 4977 αὐτοῦ
1136 4924 1432 4996 ῥηθέντων,
1468 4924 1761 4993 πορευθεὶς

200 5012 389 5083 ὕπαγε,
427 5017 526 5071 καὶ
548 5019 773 5070 σεαυτὸν
794 5019 872 5083 εἰς
899 5017 1186 5085 διόρθωσιν
1210 5018 1434 5085 άγε,καὶ
1460 5017 1534 5088 μὴ
1566 5017 1759 5088 ἁηδιά-

202 5108 283 5167 ζου
314 5109 407 5162 ἐπὶ
429 5112 541 5173 τοῖς
562 5109 743 5178 λόγοις
766 5126 781 5142 ο
819 5110 939 5172 νέος
972 5111 1082 5179 γὰρ
1110 5105 1163 5162 εί
1190 5111 1284 5163 καὶ
1306 5110 1608 5181 τρυφερὸς,
1662 5112 1759 5165 καὶ

265 5302 543 5391 ρελίξίοιλ
570 5315 681 5391 est,
711 5322 886 5391 neque
914 5308 1004 5363 hic
1044 5307 1228 5391 fusius
1270 5308 1608 5391 explicanda,
1638 5309 1765 5391 licet

203 5378 325 5451 satis
369 5378 439 5429 ad
472 5390 593 5451 rem
626 5380 923 5451 pertinens,
950 5379 1277 5451 ambiguitas
1310 5378 1760 5448 signiﬁcationis,

204 5443 251 5517 i_n
292 5458 421 5499 recc
478 5443 667 5517 Latina
703 5448 857 5515 ﬁcus,
890 5450 967 5502 uti
1010 5460 1064 5503 et
1087 5443 1140 5503 in
1185 5443 1370 5505 Graeca
1398 5451 1557 5517 συκῆ.
1601 5443 1764 5504 Eam;

203 5510 492 5597 θείῃ-,βεδε
552 5515 613 5597 ἰη⁸
654 5510 787 5597 voce
839 5510 1153 5597 uoloqw‘fia
1198 5522 1314 5576 sive
1348 5520 1430 5589 (ut
1454 5510 1543 5575 hic
1573 5531 1763 5597 argute

204 5582 472 5658 scribitur)
515 5585 838 5658 κωλοςρονία,
892 5582 1001 5643 non
1069 5589 1243 5643 habeo
1286 5582 1537 5645 auctores
1558 5582 1759 5658 quibus

207 5651 414 5736 probem
448 5651 621 5736 ἐρεᾶ-
654 5651 919 5736 quoniam
959 5660 1095 5736 licus
1116 5659 1309 5736 ___albas
1340 5651 1633 5736 nigrasque
1665 5676 1758 5736 no-

207 5725 391 5802 rimus,
440 5725 533 5802 ri:
575 5725 795 5802 _dubito_
830 5728 961 5802 quin
1008 5729 1201 5802 similis
1230 5729 1371 5802 apud
1398 5725 1757 5802 .Gtzeeosdil-

210 5788 419 5848 ferentia
454 5793 632 5864 'uerit;
666 5807 719 5853 et
752 5796 830 5853 sic
850 5788 1189 5869 ὶζολοφωνία,
1222 5788 1474 5855 dicantur
1504 5815 1597 5868 cae,
1619 5796 1753 5871 quae

1870 4659 1994 4712 nius
2033 4657 2213 4723 :Quid
2266 4657 2383 4718 tibi,
2437 4656 2657 4710 domine
2707 4664 2760 4708 et
2823 4655 2994 4709 amice
3046 4654 3238 4720 fidelis,
3260 4655 3439 4707 evenit

1868 4747 1987 4801 rei?
2037 4747 2148 4802 Cur
2194 4754 2400 4801 mutata
2448 4747 2611 4800 facies
2646 4755 2735 4798 tua
2766 4744 3132 4797 inllammatur
3176 4754 3233 4796 ut
3262 4740 3441 4811 ignis?

1869 4838 2058 4893 Nonne
2088 4839 2160 4894 ita
2214 4837 2434 4908 praedixi
2467 4837 2582 4901 tibi,
2620 4836 2762 4905 quod
2808 4835 2853 4888 si
2884 4834 3011 4903 quid
3055 4841 3340 4887 assecutus
3370 4831 3440 4885 sit

1866 4939 2044 4985 mente
2076 4939 2267 4999 captus
2301 4929 2653 4998 insessusque
2688 4942 2717 4981 a
2738 4927 3002 4991 daamone,
3034 4925 3165 4979 idin
3194 4924 3432 4978 medium

1865 5019 2140 5091 proferat?
2190 5020 2347 5075 Nunc
2395 5019 2583 5090 igitur,
2615 5017 2897 5073 carissime
2968 5016 3021 5069 in
3081 5015 3348 5076 Domino,
3391 5013 3437 5067 si

1867 5112 2165 5183 cuiuspiam
2196 5112 2436 5178 illorum,
2478 5126 2598 5181 quae
2626 5111 2740 5179 ipse
2763 5109 2977 5164 locutus
3005 5116 3120 5175 est,
3183 5106 3439 5162 conscius

1863 5311 2095 5365 colorem
2131 5312 2330 5365 habent
2367 5308 2713 5379 Colophoniaa
2769 5309 2965 5364 resina:
3012 5322 3108 5362 seu
3141 5307 3297 5375 picis,
3358 5307 3437 5379 eis

1862 5380 2127 5437 thartndis
2159 5390 2322 5436 notae.
2365 5380 2478 5434 Dixi
2506 5378 2689 5434 autem
2718 5388 3077 5433 commutatas
3109 5379 3345 5441 vocales,
3368 5378 3437 5429 ad

1862 5450 2036 5517 ipsum
2069 5452 2213 5519 quod
2270 5453 2513 5521 arguitur
2545 5450 2765 5521 vitium,
2796 5459 2851 5503 et
2880 5450 3010 5521 ﬁcos
3057 5462 3154 5501 seu
3180 5447 3440 5521 mariscas

1865 5516 1996 5591 illud
2035 5516 2433 5591 consequentes
2454 5520 2889 5591 exprimendum,
2932 5520 3129 5572 scienti
3153 5516 3301 5587 quod
3326 5516 3438 5569 κῶ-

1864 5590 1952 5653 λος
1981 5598 2170 5658 podex,
2199 5590 2381 5657 φόνιος
2408 5590 2638 5657 lethifer,
2680 5591 2920 5643 mortalis
2963 5591 3054 5644 sit.
3155 5657 3160 5658 ν
3382 5600 3398 5658 _‘

1930 5656 2043 5730 (79)
2076 5661 2172 5716 Ms.
2204 5656 2373 5715 Vatic.
2413 5656 2623 5731 μήποτε
2682 5661 2904 5721 δικαίως
2951 5675 3011 5711 σε
3043 5658 3118 5728 τῷ
3144 5657 3273 5731 θείῳ
3294 5656 3432 5731 χρής-

1861 5726 1986 5801 σητὲ
2021 5726 2248 5800 θεῖλάτῳ
2280 5733 2386 5784 τινὶ
2400 5726 2555 5801 ποίνῇ
2575 5731 2865 5798 ἐξέλκουσα
2890 5732 2955 5799 τῇ
2988 5732 3054 5800 σῇ
3084 5726 3310 5799 νεότητα
3338 5726 3433 5779 καὶ

1858 5802 2007 5856 έιδεν
2024 5804 2121 5872 μὲν
2142 5804 2520 5872 παριστῆρσιν,
