4202 6430
755 419 864 485 689

1810 401 2240 469 ΝΙΕΕΓΗΟΙΠ
2273 402 2755 466 PRESBYTERI
2795 403 2906 462 (ΞΡ.

3886 397 4006 459 700

763 535 856 586 tibi
922 531 996 584 sis
1031 570 1044 594 ,
1107 528 1261 589 vade,
1315 537 1366 578 ct
1425 523 1490 577 ad
1525 523 1729 591 l'rugem
1760 520 1871 573 redi
1898 519 2195 580 meliorem,
2225 529 2324 568 nec

2429 513 2454 565 6
2480 515 2744 576 Σατανᾶς,
2770 511 3020 580 ἀγαπητέ
3042 527 3165 578 μου,
3197 508 3430 577 χαλεπός
3454 509 3600 560 ἐστιν
3626 509 3716 560 καὶ
3751 508 4000 560 ἀποπλαο

759 626 824 677 a.l
872 639 933 676 ca
974 637 1093 692 qua:
1149 637 1275 672 vere
1310 618 1400 672 tibi
1442 615 1649 685 objecta
1692 623 1838 678 sunt,
1897 613 2195 673 erubesce;
2229 608 2316 675 ju-

761 715 910 767 venis
945 715 1141 782 quippe
1189 725 1270 770 es,
1308 708 1542 762 molliter
1573 705 1857 766 educatus,
1899 699 2146 754 diabolus
2196 712 2326 751 con-

761 818 840 858 tra
874 804 1118 866 infestus,
1178 816 1276 855 nos
1308 797 1738 852 circumveniens
1773 795 1836 845 ad
1871 788 2203 860 ps‘ccandum
2241 789 2323 839 in-

761 897 926 958 ducit,
978 911 1082 947 non
1125 894 1284 948 aliam
1313 890 1380 941 ob
1432 903 1672 949 caus;nn,
1721 899 1882 952 quam
1924 890 1983 935 ttt
2039 897 2102 933 cx
2139 889 2319 932 nostra

2423 607 2488 674 νᾷ
2517 607 2662 673 ἡμᾶς
2693 604 2956 671 πράττειν
2989 602 3088 670 τὴν
3112 600 3408 668 ἁμαρτίαν,
3439 599 3505 650 δι’
3535 599 3643 650 οὐδ’
3669 599 3857 666 ἕτερον
3886 641 3900 661 ,
3945 602 3998 651 εί

2435 696 2510 764 μὴ
2553 694 2638 745 ἴνα
2679 693 2938 761 κέκτηται
2981 691 3128 757 ἡμᾶς
3168 691 3247 751 είς
3296 687 3652 756 παραμυθίαν
3685 686 3899 747 ἐαυτοῦ,
3939 689 3998 738 ἐν

2430 785 2586 853 φλογὶ
2624 784 2850 850 γεέννης
2889 779 3356 848 κατακαιομένους
3389 777 3560 846 αὐτῷ.
3592 775 3780 829 Ταῦτα
3825 775 3996 828 ἀκού-

2430 892 2529 938 σας
2559 876 2763 935 ἐκεῖνος
2787 871 3155 940 ἀνεχώρησεν.

760 989 1016 1056 geltenntn
1049 987 1262 1054 ignibus
1293 983 1648 1038 ustulatozum
1682 979 1940 1032 societate
1970 972 2403 1045 qualemqualem
2445 971 2555 1040 ipse
2616 966 3041 1022 consolationem
3096 966 3462 1020 nancismtur.
3513 963 3722 1030 Quibus
3769 960 4002 1028 auditis,

762 1085 892 1136 abiit
921 1082 1225 1136 eunuchus.

834 1174 920 1227 59.
961 1170 1308 1226 Venerandns
1335 1180 1513 1223 autem
1541 1167 1756 1236 juvenis
1773 1165 2106 1235 Epiphanius
2141 1162 2338 1216 alleva-

766 1276 876 1316 tnnt
939 1265 1208 1320 Andream
1264 1263 1317 1315 in
1373 1260 1626 1314 conclave
1678 1276 1835 1314 suum
1873 1255 2209 1316 introduxit,
2242 1253 2331 1305 ubi

761 1359 1082 1409 instructam
1150 1353 1479 1423 reperientes
1561 1366 1836 1412 mensam,
1917 1347 2332 1407 discubuerant,

765 1457 814 1496 (εί
879 1444 1176 1497 Salvatoris
1222 1443 1394 1494 nostri
1469 1440 1781 1494 liberalibus
1860 1435 2019 1489 donis
2080 1431 2328 1488 delectati

766 1544 932 1587 sunt:
977 1550 1206 1602 quorum
1247 1533 1334 1586 ubi
1365 1547 1456 1585 esu
1489 1529 1788 1584 refecerant
1832 1528 1997 1585 vires.
2045 1525 2130 1580 Iris
2167 1523 2328 1578 dictis

759 1624 1069 1692 aggreditur
1098 1625 1155 1677 ll.
1206 1623 1474 1676 Andream
1535 1619 1867 1687 Epiphanius
1907 1617 2332 1680 :Quamobrem,

766 1714 985 1767 dtttnine
1018 1724 1068 1766 ι-ι
1099 1715 1397 1764 amicorum
1454 1710 1709 1772 maxime,
1741 1719 1848 1762 tam
1886 1706 2108 1760 acribus
2158 1707 2336 1758 inces—

771 1806 888 1859 sisti
943 1803 1100 1856 dictis
1150 1801 1468 1855 Eunuchum
1537 1800 1688 1853 illum
1736 1796 1868 1851 mihi
1902 1791 2326 1849 intimum?Cui

769 1895 1050 1950 Sanctus:
1087 1893 1180 1947 Vel
1226 1893 1365 1955 ideo,
1427 1892 1622 1961 inquit,
1667 1889 1810 1958 quod
1867 1887 2086 1940 intimus
2113 1883 2211 1937 tibi
2256 1891 2338 1936 est

2497 1149 2593 1205 νθ’.
2631 1150 2690 1203 ’0
2718 1149 2778 1203 δέ
2803 1151 2982 1219 τίμιος
3018 1149 3330 1218 Ἑπιφάνιος
3362 1147 3637 1218 διεγείρας
3667 1147 3758 1200 τὸν
3783 1148 4000 1210 Ὀσιον,

2431 1240 2808 1312 ἐπορεύθησαν
2853 1245 2913 1296 ἐν
2955 1242 3035 1311 τῷ
3083 1240 3302 1295 κοιτῶνι
3352 1240 3551 1304 αὑτοῦ,
3608 1241 3700 1292 καὶ
3746 1240 4003 1307 εὑρόντες

2431 1328 2729 1398 τράπεζαν,
2746 1325 3100 1386 καθεσθέντες
3123 1323 3504 1394 εὑφράνθησαν
3526 1325 3617 1376 ἐπὶ⁸
3638 1327 3754 1386 ταῖς
3769 1327 4004 1393 δωρεαῖς

2430 1418 2523 1469 τοῦ
2569 1417 2819 1484 Σωτῆρος
2843 1430 2854 1443 ·
2895 1414 2988 1467 καὶ
3025 1413 3167 1482 μετὰ
3212 1414 3271 1465 τὸ
3301 1412 3627 1482 μεταλαϐεῖν
3659 1413 3878 1476 αὐτοὺς,
3914 1413 4005 1464 λέ-

2430 1524 2519 1574 γει
2561 1505 2882 1573 Ἐπιφάνιος
2911 1503 3050 1573 πρὸς
3100 1504 3192 1555 τὸν
3254 1504 3540 1570 Μακάριον
3566 1516 3578 1528 ⁸
3611 1502 3732 1555 Τίνι
3785 1504 4001 1571 τρόπῳ,

2431 1581 2558 1667 κὺρι
2591 1600 2640 1662 ό,
2664 1598 2862 1663 μέγας,
2887 1594 3060 1653 οὓτως
3087 1595 3382 1662 ἀποτόμοις
3404 1594 3622 1663 ἐχρήσω
3647 1593 3897 1662 ὲλεγμοῖς
3925 1595 4005 1663 τῷ

2432 1689 2727 1760 προσφιλεῖ
2765 1705 2855 1758 μοι
2908 1687 3336 1757 χρηματίζοντι;
3387 1687 3530 1756 Ἔφη
3579 1688 3717 1755 πρὸς
3759 1686 3923 1739 αὑτὸν
3977 1689 4006 1738 6

2433 1781 2720 1850 Μακάριος
2747 1795 2762 1811 ·
2805 1777 3023 1848 Ἐπειδὴ
3065 1776 3369 1847 προσφιλής
3405 1794 3486 1828 σοι
3539 1777 3878 1843 καθέστηκεν
3909 1777 4006 1828 καὶ

2435 1872 2740 1942 ἀγαπητὸς,
2800 1869 2990 1923 τούτου
3025 1868 3182 1940 χάριν
3233 1868 3463 1936 ἐποίησα
3511 1868 3646 1938 πρὸς
3699 1869 3863 1922 αὑτὸν
3910 1870 4007 1920 τὸν

765 2003 828 2038 ac
873 1984 1162 2054 plurimum
1210 1983 1457 2044 dilectus,
1511 1983 1712 2036 scelera
1772 1978 1870 2047 ipsi
1897 1993 1992 2031 sua
2029 1977 2097 2030 ob
2144 1974 2330 2030 oculos

2431 1962 2728 2029 κατάλογον
2750 1978 2764 1992 ο
2799 1961 2920 2015 ἐπεὶ
2950 1961 3050 2013 οὑκ
3077 1956 3144 2029 ἦν
3172 1959 3324 2028 φίλος
3360 1977 3474 2025 σου,
3513 1959 3573 2011 τὸ
3605 1957 3810 2011 οίονοῦν
3846 1961 4006 2028 ῥῆμα

763 2091 960 2143 ιοιιρτω
994 2075 1169 2127 visum
1205 2085 1330 2125 est:
1369 2070 1510 2139 quod
1541 2069 1585 2123 si
1635 2070 1815 2123 minus
1845 2068 1936 2121 tibi
1990 2065 2333 2120 lnissctami-

761 2186 882 2232 eis,
915 2164 1218 2219 istiusmodi
1256 2177 1356 2216 vox
1414 2163 1555 2216 nulla
1606 2176 1830 2231 prorsus
1894 2159 2075 2213 elicita
2125 2174 2187 2212 ex
2240 2173 2333 2212 ore

763 2272 881 2311 meo
915 2257 1103 2310 luisset
1127 2295 1141 2318 ,
1174 2270 1346 2324 neque
1381 2253 1523 2307 enim
1553 2253 1699 2304 illum
1726 2250 1859 2303 mihi
1917 2248 2176 2318 proposui
2198 2239 2332 2301 sco--

763 2366 911 2419 pum,
972 2359 1030 2401 ut
1088 2363 1310 2414 arguam
1366 2356 1415 2399 et
1463 2345 1717 2412 castigem
1752 2351 2096 2410 peccatores,
2143 2339 2235 2394 sed
2274 2349 2332 2393 nt

762 2441 875 2507 ipse
924 2455 984 2492 ca
1025 2479 1039 2502 ,
1089 2453 1208 2503 quae
1240 2447 1380 2490 recta
1409 2436 1473 2488 ad
1506 2436 1890 2503 perfectionem
1929 2432 2098 2508 ducit,
2140 2432 2333 2485 decur—

762 2549 815 2584 ra
844 2549 872 2582 n
926 2531 1029 2584 vit.
1091 2528 1228 2581 Tum
1261 2527 1593 2596 Epiphanius
1629 2545 1640 2581 :
1676 2526 1731 2578 Id
1756 2525 2014 2594 equidem
2049 2525 2199 2586 novi,
2257 2510 2333 2575 fa-

761 2624 906 2676 mule
947 2623 1062 2687 Dei,
1123 2623 1218 2674 ait.
1260 2619 1453 2673 Verum
1492 2621 1578 2672 hic
1629 2619 1967 2682 adulescens,
2013 2632 2201 2671 servus
2224 2624 2327 2679 est,

758 2717 1079 2784 engiturque
1130 2728 1157 2766 a
1213 2713 1432 2765 domino
1485 2711 1784 2778 suozquid
1839 2709 2043 2762 faciat?
2102 2707 2332 2776 ltt-ponit

761 2808 996 2858 Sanctus
1039 2823 1051 2857 :
1086 2803 1192 2857 Nec
1225 2819 1309 2857 me
1341 2806 1491 2866 latet,
1533 2817 1748 2856 servum
1804 2818 1926 2856 esse
1954 2802 2102 2855 illum
2140 2840 2154 2863 ,
2189 2817 2253 2855 ne
2278 2801 2330 2855 id

762 2907 963 2965 putes:
1013 2912 1194 2950 verum
1249 2911 1439 2949 servus
1495 2893 1632 2963 frugi
1689 2894 1752 2947 ad
1801 2894 2062 2962 obsequia
2091 2908 2332 2961 ususque

762 2987 1102 3040 necessazios
1139 2996 1346 3040 tantum
1402 2993 1593 3051 praesto
1640 2998 1757 3037 esse
1786 2985 1939 3037 debet
1964 2982 2328 3048 dominosuo,

763 3081 855 3146 qui
889 3096 944 3134 se
971 3079 1099 3132 emit
1131 3120 1144 3142 ,
1181 3094 1288 3132 non
1345 3077 1527 3130 itidem
1558 3077 1622 3128 ad
1648 3091 1808 3143 opera
1856 3076 2120 3128 diabolica
2161 3084 2213 3126 et
2240 3089 2333 3127 ne-

764 3170 1187 3237 quitias,nednnt
1225 3168 1290 3221 ad
1319 3168 1744 3221 abominandum
1792 3175 1952 3233 atque
1978 3164 2330 3230 exsecrabile,

763 3277 795 3329 q
841 3262 907 3312 οι
970 3259 1099 3322 dixi,
1155 3257 1437 3327 ﬂagitium.
1489 3258 1620 3322 Quis
1646 3257 1788 3310 cnim
1821 3259 1981 3309 homo
2023 3271 2125 3309 non
2161 3266 2328 3321 putet,

763 3351 984 3405 sceleris
1017 3351 1157 3404 illius
1180 3350 1473 3403 lceditatcm
1507 3350 1608 3402 sibi
1629 3346 1983 3402 aversandatn
2011 3362 2154 3410 esse,
2181 3347 2324 3414 quod

2432 3333 2847 3402 ἀποδιδράσκειν
2879 3351 2892 3396 ;

768 3443 883 3512 ipsa
915 3443 1183 3510 jnmema,
1213 3442 1421 3496 ratione
1445 3441 1725 3505 destituta,
1759 3454 2035 3507 nunquam
2094 3439 2326 3491 admisc-

770 3537 915 3588 rint?
945 3535 1176 3588 ltursmn
1205 3535 1540 3604 Epiphanius
1573 3550 1586 3586 :
1615 3532 1677 3608 Si
1703 3533 1955 3587 dominus
1992 3533 2168 3600 ipsum
2191 3547 2326 3585 suus

761 3629 828 3681 ad
864 3642 949 3680 sse
972 3627 1213 3694 jusserit,
1230 3628 1342 3680 sive
1358 3625 1423 3678 ad
1436 3625 1751 3694 obsequium
1773 3623 2049 3692 corporale
2075 3622 2187 3676 sive
2205 3635 2330 3688 pec-

764 3717 1125 3782 caminosum,
1159 3733 1246 3770 seu
1269 3717 1550 3784 spirituale
1573 3716 1932 3785 praestandum
1971 3730 1985 3767 :
2024 3728 2122 3766 nec
2153 3721 2331 3765 tamen

767 3804 846 3856 illi
874 3820 1078 3858 tnorctn
1105 3805 1355 3873 gesserit,
1381 3811 1440 3856 ut
1465 3818 1680 3857 servum
1711 3803 1882 3864 decet,
1915 3802 2168 3869 ignorare
2225 3813 2329 3852 non

764 3905 939 3963 potes,
999 3905 1130 3964 quot
1169 3898 1365 3950 misero
1395 3896 1470 3949 illi
1510 3902 1766 3949 maneant
1809 3891 2142 3963 perferendae
2188 3889 2330 3960 inju—

763 3989 891 4051 riae,
954 3987 1169 4041 intentae
1222 3988 1398 4051 mium,
1474 3985 1784 4041 sustinenda
1824 3985 2070 4047 verbera,
2107 3982 2211 4035 alia
2250 3982 2332 4033 in-

769 4091 997 4129 numera
1046 4077 1348 4130 subeunda.
1401 4075 1513 4129 lloc
1565 4076 1808 4145 quidem,
1840 4076 2016 4143 inquit
2063 4072 2328 4136 Sanctus,

773 4165 1090 4232 martyrium
1139 4172 1220 4217 est
1263 4162 1407 4232 quod
1468 4161 1788 4214 testilicatur
1841 4160 2089 4215 Christus
2136 4157 2331 4223 Jesus,

767 4252 999 4307 dicens:
1035 4272 1052 4304 ι
1099 4252 1270 4318 Beati,
1297 4252 1388 4321 qui
1451 4252 1880 4320 persecutionem
1915 4251 2189 4319 patiuntur
2211 4262 2335 4317 pro-

766 4355 885 4412 pter
931 4344 1226 4412 justitiam,
1259 4342 1519 4413 quoniam
1567 4343 1809 4412 ipsorum
1842 4352 1924 4395 est
1974 4354 2198 4408 regnum
2226 4352 2336 4392 ete-

763 4437 938 4489 lorum
979 4437 1019 4487 ⁸.
1061 4453 1080 4487 ι
1111 4435 1165 4488 Si
1199 4437 1291 4504 qui
1345 4437 1528 4504 itaque
1572 4435 1714 4488 servi
1775 4433 2014 4486 dominis
2072 4432 2209 4493 suis,
2268 4429 2336 4482 ad

763 4525 943 4581 scelus
977 4526 1340 4580 abominabile
1365 4525 1712 4580 Sodomiticaa
1752 4523 2106 4578 immanitatis
2140 4521 2341 4575 sollici-

2432 2053 2491 2117 ἐξ
2520 2053 2654 2121 ἐμοῦ
2683 2054 2782 2106 οὑκ
2813 2054 3040 2124 ἠκηκόει
3072 2052 3132 2105 τὺ
3157 2051 3376 2104 σύνολον
3403 2067 3417 2082 ·
3446 2052 3506 2102 οὑ
3522 2053 3630 2119 γὰρ
3653 2052 3771 2118 ἐμοὶ
3802 2054 4008 2113 σκοπὸς

2430 2144 2568 2197 ὥστε
2605 2146 2844 2214 ἐλέγχειν
2888 2147 2980 2197 καὶ
3008 2146 3268 2214 ἐπιτιμᾷν
3310 2146 3421 2203 τοῖς
3453 2142 3822 2210 ἁμαρτωλοῖς,
3861 2143 4004 2194 ἀλλὰ

2430 2234 2648 2302 τρέχειν
2708 2251 2774 2304 με
2830 2234 2927 2304 τὴν
2981 2232 3196 2286 εὐθεῖαν
3246 2232 3364 2284 ὁδὸν
3407 2232 3508 2297 τὴν
3545 2231 3636 2282 ἐπὶ
3685 2230 3752 2281 τὰ
3795 2231 4005 2298 ἀμείνω

2431 2315 2799 2395 ἀπάγουσαν.⁷
2841 2325 3161 2393 Ἐπιφάνιος
3231 2318 3419 2377 εἶπενο
3473 2318 3631 2386 Οἶδα,
3693 2320 3846 2373 δοῦλε
3905 2322 4003 2372 τοῦ

2432 2419 2588 2484 Θεοῦ,
2633 2419 2809 2487 κάγὼ,
2844 2419 2959 2472 ἀλλ’
2989 2413 3140 2480 οὗτος
3179 2420 3206 2471 6
3236 2418 3448 2478 νεανίας
3481 2417 3697 2483 οἰκέτης
3715 2415 3883 2476 ἐστὶν,
3911 2415 4006 2466 καὶ

2435 2511 2754 2580 βιαζόμενος
2787 2511 2891 2563 ὑπὸ
2921 2509 3014 2564 τοῦ
3045 2509 3234 2579 κυρίου
3269 2507 3431 2561 αὑτοῦ
3462 2523 3475 2535 ·
3507 2509 3558 2560 τί
3580 2508 3695 2571 ἕξει
3729 2507 3956 2574 ποιῆσαι
3985 2523 4000 2570 ;

2432 2605 2597 2670 Λέγει
2630 2605 2658 2656 6
2688 2605 2872 2667 Ὄσιος
2907 2620 2920 2635 ο
2963 2598 3091 2656 Οἶδα
3122 2603 3201 2655 ὅτι
3239 2603 3454 2669 οἰκέτης
3491 2601 3746 2669 ὑπάρχει,
3770 2599 3868 2651 οὑκ
3906 2600 4006 2665 ἀγ-

2434 2694 2538 2746 νοῶ
2562 2695 2738 2757 τοῦτο,
2778 2693 2918 2763 πλὴν
2964 2694 3046 2755 εἰς
3073 2693 3174 2754 τὰς
3215 2693 3533 2760 σωματικὰς
3579 2690 3764 2758 χρείας
3792 2689 4004 2757 ὀφείλει

2436 2785 2791 2856 ἐξυπηρετεῖν
2820 2785 2846 2836 6
2877 2785 3094 2853 οίκέτης
3126 2783 3219 2836 τὸν
3247 2782 3602 2851 ὀνησάμενον,
3650 2782 3767 2849 οὐχὶ
3817 2782 3896 2841 είς
3935 2782 4004 2832 τὰ

2437 2878 2575 2946 ἔργα
2608 2878 2698 2929 τοῦ
2728 2877 2998 2940 διαϐόλου,
3026 2877 3119 2929 καὶ
3149 2879 3228 2939 είς
3249 2875 3348 2937 τὰς
3376 2875 3598 2944 πράξεις
3627 2875 3725 2940 τῆς
3752 2874 4005 2939 ἀτιμίας,

2436 2971 2674 3038 μάλιστα
2711 2971 2789 3031 είς
2827 2969 2886 3022 τὸ
2931 2968 3336 3040 ὲπικατάρατον
3375 2966 3532 3020 τοῦτο
3597 2968 3691 3018 καὶ
3741 2964 4002 3033 βδελυρὸν

2434 3061 2711 3130 ἀτόπημα,
2762 3059 2898 3128 ὅπερ
2945 3058 3063 3110 οὑδὲ
3138 3059 3206 3110 τὰ
3258 3058 3559 3126 ἀναίσθητα
3612 3057 3786 3124 κτήνη
3841 3053 4002 3106 τοῦτο

2435 3153 2691 3219 πράττειν
2734 3151 2834 3202 οὑκ
2864 3152 3067 3204 ίσασιν.
3100 3150 3420 3219 Ἀνθρωπος
3461 3148 3568 3218 γὰρ
3607 3149 3687 3210 τίς
3731 3149 3896 3205 ἐστιν,
3941 3147 3999 3206 ὃς

2434 3244 2533 3295 οὐκ
2564 3243 2816 3311 αἴσθηται
2878 3241 2978 3308 τῆς
3060 3241 3264 3311 κόπρου
3339 3240 3544 3307 ταύτης
3595 3239 3690 3305 τὴν
3741 3237 4006 3290 δυσωδίαν

2957 3331 3272 3398 Ἐπιφάνιος
3314 3331 3502 3397 λέγει·
3555 3331 3676 3382 Ἐὰν
3723 3331 3750 3381 6
3808 3331 4004 3398 κύριος

2432 3426 2594 3478 αὑτοῦ
2647 3424 3085 3494 προσκαλέσηται
3130 3423 3312 3486 αὑτὸν,
3359 3423 3413 3474 εί
3457 3439 3514 3474 τε
3568 3424 3646 3482 είς
3681 3420 4006 3490 σωματικὴν

2431 3513 2699 3574 δουλείαν,
2731 3512 2784 3564 εἴ
2817 3529 2875 3562 τε
2923 3513 3001 3574 εἰς
3040 3511 3377 3579 ἐφάμαρτον,
3413 3511 3522 3562 εἴτε
3572 3511 3652 3572 εἰς
3706 3526 4006 3577 πνευματι-

2435 3605 2556 3674 κὴν,
2586 3603 2680 3656 ἐὰν
2711 3603 2784 3673 μὴ
2809 3602 3091 3673 ὑπακούσῃ
3114 3602 3187 3664 ὼς
3215 3601 3418 3664 δοῦλος,
3453 3600 3667 3662 πάντως
3689 3596 3832 3661 οἶδας
3859 3602 4006 3651 πόσα

2437 3695 2658 3762 πάσχει,
2685 3688 3062 3762 ὑϐριζόμενος,
3087 3690 3441 3758 τυπτόμενος,
3470 3688 3883 3756 ἀπειλούμενος,
3908 3690 4007 3740 καὶ

2431 3785 2500 3836 τὰ
2534 3783 2700 3836 λοιπὰ
2733 3782 2879 3836 κακά
2945 3781 3317 3850 ἐκδεχόμενος.
3360 3781 3504 3848 Ἔφη
3535 3781 3563 3832 6
3595 3780 3778 3841 Ὄσιος
3804 3793 3818 3806 ·
3859 3779 4002 3830 Τοῦ-

2430 3875 2492 3926 τό
2520 3876 2669 3925 ἐστιν
2711 3870 2890 3942 Ἰησοῦ
2918 3871 3154 3941 Χριστοῦ
3192 3871 3255 3922 τὸ
3295 3854 3612 3940 μαρτύριον,
3645 3872 3781 3941 ὅπερ
3826 3871 3999 3923 αίνιτ-

2429 3967 2650 4035 τόμενος
2696 3965 2882 4033 ἔλεγεν
2922 3979 2936 3994 ·
2978 3982 2995 4014 ι
3031 3962 3310 4032 Μακάριοι
3334 3963 3382 4013 οί
3405 3961 3754 4030 δεδιωγμένοι
3810 3962 4002 4014 ἕνεκεν

2431 4055 2829 4126 δικαιοσούνης,
2852 4056 2935 4109 ὅτι
2969 4054 3150 4108 αὐτῶν
3183 4055 3332 4106 ἐστιν
3358 4054 3390 4122 ἡ
3431 4053 3678 4121 βασιλεία
3702 4053 3810 4104 τῶν
3839 4055 4006 4122 οὑρι-

2433 4150 2592 4204 νῶν.»
2637 4149 2763 4202 Ἐὰν
2785 4147 2962 4200 τοίνυν
2980 4146 3186 4200 οἰκέται
3213 4129 3327 4206 τοῖς
3358 4145 3641 4208 δεσπόταις
3660 4145 3740 4208 είς
3766 4145 3866 4212 τὴν
3895 4146 4007 4197 τῶν

2435 4242 2685 4310 Σοδόμων
2743 4239 2994 4310 μυσαράν
3074 4238 3172 4293 καὶ
3225 4237 3521 4307 βδελυκτὴν
3574 4237 3868 4305 ἐπιθυμίαν
3908 4239 4009 4307 οὑχ

2435 4334 2860 4394 ὑποκύπτουσιν,
2887 4327 3033 4386 οὗτοί
3087 4333 3224 4384 εἰσιν
3257 4331 3518 4400 μακάριοι
3552 4330 3647 4382 καὶ
3692 4331 4008 4399 τρισμακάο

2438 4445 2568 4498 ριοι,
2593 4428 2675 4479 ὅτι
2703 4425 2790 4476 διὰ
2817 4425 2926 4475 τῶν
2962 4423 3213 4491 βασάνων
3253 4418 3326 4477 ὧν
3361 4414 3561 4490 λέγεὶς,
3606 4422 3698 4474 σὺν
3728 4423 3839 4481 τοῖς
3867 4423 4012 4490 μάρ-

2438 4533 2559 4569 τυσι
2591 4513 3034 4583 λογισθήσονται.

763 4618 1020 4682 tantibus,
1056 4636 1158 4672 non
1193 4636 1357 4674 succu
1383 4620 1550 4672 nbant
1582 4658 1596 4682 ,
1634 4619 1668 4672 ii
1705 4632 1829 4672 vere
1873 4616 2014 4671 beati
2037 4625 2093 4672 et
2123 4613 2423 4670 beatissimi
2452 4619 2597 4678 sunt,
2627 4610 2753 4680 quia
2776 4623 2872 4680 per
2925 4609 3187 4680 supplicia
3213 4647 3228 4673 ,
3253 4622 3374 4677 qua
3409 4605 3754 4662 memorabas
3817 4603 4004 4658 modo.

765 4714 815 4768 id
873 4725 1301 4784 consequentur,
1369 4723 1428 4770 ut
1461 4714 1665 4770 sanctis
1713 4714 2041 4784 martyribus
2075 4714 2514 4768 adnumereutur.

834 4806 925 4860 60.
964 4805 1099 4860 Dum
1143 4808 1344 4862 talibus
1395 4810 1533 4863 inter
1557 4825 1616 4865 se
1646 4809 1930 4878 colloquiis
1960 4817 2177 4871 vacant,
2205 4807 2330 4876 qui-

2512 4803 2575 4867 ξ’.
2607 4801 2793 4855 Ταῦτα
2819 4798 2999 4853 αὑτῶν
3020 4797 3351 4868 ὁμιλούντων
3376 4791 3455 4858 εἷς
3482 4794 3588 4846 τῶν
3611 4789 3835 4845 οἰκετῶν
3860 4786 4014 4839 Ἐπι-

765 4900 891 4952 dam
941 4913 971 4952 e
1034 4896 1350 4954 domesticis
1399 4898 1705 4968 Epiphanii,
1755 4909 1990 4969 paternae
2034 4913 2233 4952 mensae
2262 4897 2338 4950 ci-

768 4987 966 5056 bisque
1025 4989 1282 5057 parandis
1353 4987 1679 5053 inserviens,
1734 4989 1820 5041 ubi
1859 4985 2167 5055 suspicatus
2202 4982 2337 5038 San—

767 5091 912 5136 ctum
946 5081 1171 5152 ejusque
1195 5082 1314 5153 (sed
1347 5083 1656 5152 quomodo,
1702 5083 1854 5136 solus
1908 5081 2053 5136 Deus
2097 5077 2336 5148 noverit)

769 5181 1056 5226 assecutus
1081 5182 1161 5226 est
1195 5173 1392 5226 mentis
1413 5172 1583 5227 oculis
1642 5172 1851 5226 vivendi
1881 5172 2142 5225 rationem
2172 5210 2185 5232 ,
2209 5181 2338 5238 pro-

767 5259 898 5312 cidit
955 5261 1022 5314 ad
1074 5244 1232 5328 pedes
1257 5260 1424 5327 illius,
1464 5260 1649 5316 multis
1679 5276 1802 5315 cum
1848 5261 2099 5329 lacrymis
2130 5258 2336 5327 suppli-

767 5368 919 5415 cans,
955 5367 1050 5420 pro
1099 5367 1159 5405 se
1190 5362 1246 5404 ιιι
1277 5351 1634 5407 intercederet
1672 5353 1813 5418 apud
1855 5352 2046 5419 Deum,
2079 5352 2334 5420 impetra-

773 5455 963 5513 retque
996 5454 1052 5498 ut
1083 5443 1185 5498 sibi
1223 5443 1764 5513 quoqueistiusmodi
1801 5444 2105 5498 institutum
2141 5441 2337 5497 sectari

770 5535 980 5590 liceret.
1010 5536 1240 5591 Sanctus
1268 5542 1472 5601 autem,
1501 5535 1627 5605 quid
1661 5537 1798 5591 alter
1841 5535 2172 5606 supplicibus
2196 5534 2337 5589 obti-

770 5644 902 5684 nere
953 5629 1207 5698 precibus
1252 5628 1511 5683 niteretur
1590 5643 1955 5699 cognoscens,
2011 5629 2339 5699 cupiensque

852 5816 872 5848 ⁸
903 5813 1085 5869 Matth.
1130 5830 1181 5882 v,
1226 5813 1304 5870 ιο.

2439 4894 2628 4962 φανίου
2653 4931 2668 4957 ,
2705 4893 2735 4945 6
2775 4891 3152 4960 ἀφωρισμένος
3197 4891 3275 4951 είς
3307 4888 3369 4941 τὸ
3407 4885 3634 4956 ὀψώνιον
3668 4881 3760 4934 τοῦ
3800 4878 4009 4946 πατρὸς

2440 4981 2630 5046 αὑτοῦ,
2682 4979 3097 5053 [πνευματικοῖς
3145 4969 3414 5045 ὄμμασιν]
3463 4969 3717 5037 ἐπιγνοὺς
3763 4964 3862 5036 τὴν
3912 4964 4011 5017 τοῦ

2454 5077 2637 5128 Ὀσίου
2669 5074 2935 5144 ἐργασίαν
2963 5069 3100 5141 (πῶς
3135 5069 3191 5120 δὲ
3223 5068 3396 5120 ταῦτα
3437 5066 3653 5129 ἐπέγνω
3701 5058 3821 5126 Θεῷ
3863 5058 4015 5126 μόνῳ

2443 5166 2702 5236 γνωστόν)
2749 5163 2977 5224 καθίσας
3006 5161 3112 5231 πρὸ
3165 5159 3273 5212 τῶν
3322 5156 3498 5210 ποδῶν
3533 5152 3718 5213 αὑτοῦ,
3773 5151 4014 5217 δάκρυσι

2444 5259 2764 5312 καθικέτευε
2789 5255 2881 5307 τὸν
2913 5254 3121 5317 Ὄσιον,
3161 5252 3309 5310 ὅπως
3342 5243 3700 5315 παρακαλέσῃ
3750 5240 3842 5291 τὸν
3874 5239 4017 5292 Θεὸν

2443 5350 2584 5420 ὑπὲρ
2619 5347 2786 5401 αὑτοῦ
2816 5346 2908 5399 τοῦ
2942 5343 3194 5412 γενέσθαι
3228 5340 3389 5394 αὑτὸν
3439 5335 3689 5403 τοιαύτης,
3719 5332 4015 5402 ἐργασίας.

2448 5444 2630 5510 Ἔγνω
2658 5439 2716 5493 δέ
2743 5439 2820 5508 τῷ
2857 5436 3126 5506 πνεύματι
3170 5437 3198 5487 6
3243 5432 3460 5492 Δίκαιος
3501 5427 3554 5480 τί
3598 5430 3745 5480 ἐστιν
3793 5425 3937 5493 ὅπερ
3989 5424 4018 5474 6

2447 5534 2574 5593 παῖς
2619 5529 2932 5598 ὲξελιπάρει
2983 5523 3330 5596 κομίσασθαι,
3373 5519 3468 5573 καὶ
3518 5515 3838 5586 βουλόμενος
3888 5512 4017 5565 κατ’

2449 5626 2586 5679 ίδίαν
2620 5622 2874 5693 ὁμιλῆσαι
2911 5617 3057 5688 αὑτῷ
3084 5659 3100 5686 ,
3147 5619 3212 5688 τῇ
3254 5612 3478 5682 δυνάμει
3509 5607 3603 5662 τοῦ
3643 5607 3798 5674 ἁγίου
3838 5603 4011 5657 [huic
