  <div class='ocr_page' id='page_1' title='image "/cluster/home/n/w/nwhite01/storage/ocr_20150623/111/nnc1.0046979743/356.png"; bbox 0 0 4202 6430; ppageno 0'>
   <div class='ocr_carea' id='block_1_1' title="bbox 172 412 271 474">
    <p class='ocr_par' dir='ltr' id='par_1_1' title="bbox 172 412 271 474">
     <span class='ocr_line' id='line_1_1' title="bbox 172 412 271 474; baseline 0.01 -1"><span class='ocrx_word' id='word_1_1' title='bbox 172 412 271 474; x_wconf 83' lang='lat'><strong>701</strong></span> 
     </span>
    </p>
   </div>
   <div class='ocr_carea' id='block_1_2' title="bbox 1346 413 2221 475">
    <p class='ocr_par' dir='ltr' id='par_1_2' title="bbox 1346 413 2221 475">
     <span class='ocr_line' id='line_1_2' title="bbox 1346 413 2221 475; baseline -0.001 -1"><span class='ocrx_word' id='word_1_2' title='bbox 1346 416 1521 475; x_wconf 67' lang='lat' dir='ltr'><strong>VITA</strong></span> <span class='ocrx_word' id='word_1_3' title='bbox 1563 417 1621 474; x_wconf 89' lang='lat' dir='ltr'><strong>S.</strong></span> <span class='ocrx_word' id='word_1_4' title='bbox 1662 413 1991 473; x_wconf 59' lang='lat' dir='ltr'><strong>ANDREE</strong></span> <span class='ocrx_word' id='word_1_5' title='bbox 2028 413 2221 473; x_wconf 68' lang='grc' dir='ltr'><strong>ΞΛΜ.</strong></span> 
     </span>
    </p>
   </div>
   <div class='ocr_carea' id='block_1_3' title="bbox 3308 411 3417 475">
    <p class='ocr_par' dir='ltr' id='par_1_3' title="bbox 3308 411 3417 475">
     <span class='ocr_line' id='line_1_3' title="bbox 3308 411 3417 475; baseline -0.018 0"><span class='ocrx_word' id='word_1_6' title='bbox 3308 411 3417 475; x_wconf 76' lang='lat'><strong>702</strong></span> 
     </span>
    </p>
   </div>
   <div class='ocr_carea' id='block_1_4' title="bbox 174 519 1758 593">
    <p class='ocr_par' dir='ltr' id='par_1_4' title="bbox 174 521 1743 593">
     <span class='ocr_line' id='line_1_4' title="bbox 174 521 1743 593; baseline 0.001 -22"><span class='ocrx_word' id='word_1_7' title='bbox 174 538 349 587; x_wconf 82' lang='grc' dir='ltr'>ματος</span> <span class='ocrx_word' id='word_1_8' title='bbox 389 521 757 590; x_wconf 68' lang='grc' dir='ltr'>μετέστρεψεν</span> <span class='ocrx_word' id='word_1_9' title='bbox 784 522 878 574; x_wconf 68' lang='grc' dir='ltr'><strong>καὶ</strong></span> <span class='ocrx_word' id='word_1_10' title='bbox 909 522 1007 593; x_wconf 75' lang='grc' dir='ltr'><strong>τὴν</strong></span> <span class='ocrx_word' id='word_1_11' title='bbox 1030 523 1248 593; x_wconf 75' lang='grc' dir='ltr'>ὁμιλίαν</span> <span class='ocrx_word' id='word_1_12' title='bbox 1296 522 1388 574; x_wconf 75' lang='grc' dir='ltr'>τοῦ</span> <span class='ocrx_word' id='word_1_13' title='bbox 1436 522 1622 585; x_wconf 68' lang='grc' dir='ltr'>παιδὸς</span> <span class='ocrx_word' id='word_1_14' title='bbox 1665 523 1743 583; x_wconf 68' lang='grc' dir='ltr'>εις</span> 
     </span>
    </p>
   </div>
   <div class='ocr_carea' id='block_1_5' title="bbox 1855 519 3422 593">
    <p class='ocr_par' dir='ltr' id='par_1_5' title="bbox 1855 519 3422 590">
     <span class='ocr_line' id='line_1_5' title="bbox 1855 519 3422 590; baseline 0.004 -18"><span class='ocrx_word' id='word_1_15' title='bbox 1855 519 2077 573; x_wconf 86' lang='lat' dir='ltr'><strong>seorsim</strong></span> <span class='ocrx_word' id='word_1_16' title='bbox 2112 535 2234 572; x_wconf 90' lang='lat' dir='ltr'><strong>cum</strong></span> <span class='ocrx_word' id='word_1_17' title='bbox 2266 521 2382 574; x_wconf 88' lang='lat' dir='ltr'><strong>solo</strong></span> <span class='ocrx_word' id='word_1_18' title='bbox 2413 520 2668 590; x_wconf 81' lang='lat' dir='ltr'><strong>colloqui,</strong></span> <span class='ocrx_word' id='word_1_19' title='bbox 2704 522 2930 576; x_wconf 85' lang='lat' dir='ltr'><strong>mutavit</strong></span> <span class='ocrx_word' id='word_1_20' title='bbox 2973 522 3146 576; x_wconf 68' lang='lat' dir='ltr'><strong>sancti</strong></span> <span class='ocrx_word' id='word_1_21' title='bbox 3191 522 3422 589; x_wconf 91' lang='lat' dir='ltr'><strong>Spiritus</strong></span> 
     </span>
    </p>
   </div>
   <div class='ocr_carea' id='block_1_6' title="bbox 168 611 1745 681">
    <p class='ocr_par' dir='ltr' id='par_1_6' title="bbox 168 611 1745 681">
     <span class='ocr_line' id='line_1_6' title="bbox 168 611 1745 681; baseline 0 -18"><span class='ocrx_word' id='word_1_22' title='bbox 168 611 269 680; x_wconf 81' lang='grc' dir='ltr'>τὴν</span> <span class='ocrx_word' id='word_1_23' title='bbox 296 612 407 663; x_wconf 77' lang='grc' dir='ltr'><strong>τῶν</strong></span> <span class='ocrx_word' id='word_1_24' title='bbox 430 612 707 665; x_wconf 79' lang='grc' dir='ltr'>διάλεκτον</span> <span class='ocrx_word' id='word_1_25' title='bbox 737 612 849 681; x_wconf 84' lang='lat'><strong>(80)</strong></span> <span class='ocrx_word' id='word_1_26' title='bbox 876 650 890 673; x_wconf 90' lang='lat'><strong>,</strong></span> <span class='ocrx_word' id='word_1_27' title='bbox 945 615 1039 665; x_wconf 66' lang='grc' dir='ltr'><strong>καὶ</strong></span> <span class='ocrx_word' id='word_1_28' title='bbox 1085 613 1441 680; x_wconf 71' lang='grc' dir='ltr'>καθεξόμενος</span> <span class='ocrx_word' id='word_1_29' title='bbox 1471 614 1499 665; x_wconf 88' lang='lat'><strong>6</strong></span> <span class='ocrx_word' id='word_1_30' title='bbox 1539 613 1745 674; x_wconf 83' lang='grc' dir='ltr'>Ὀσιος,</span> 
     </span>
    </p>
   </div>
   <div class='ocr_carea' id='block_1_7' title="bbox 168 700 1750 771">
    <p class='ocr_par' dir='ltr' id='par_1_7' title="bbox 168 700 1750 771">
     <span class='ocr_line' id='line_1_7' title="bbox 168 700 1750 771; baseline 0.001 -20"><span class='ocrx_word' id='word_1_31' title='bbox 168 701 364 768; x_wconf 84' lang='grc' dir='ltr'>ὡμίλει</span> <span class='ocrx_word' id='word_1_32' title='bbox 391 700 540 769; x_wconf 76' lang='grc' dir='ltr'><strong>αὖτῷ</strong></span> <span class='ocrx_word' id='word_1_33' title='bbox 566 702 789 771; x_wconf 72' lang='grc' dir='ltr'>Συριστὶ</span> <span class='ocrx_word' id='word_1_34' title='bbox 818 703 920 755; x_wconf 84' lang='grc' dir='ltr'><strong>ὅσα</strong></span> <span class='ocrx_word' id='word_1_35' title='bbox 946 702 1214 755; x_wconf 70' lang='grc' dir='ltr'>ἐϐούλετο.</span> <span class='ocrx_word' id='word_1_36' title='bbox 1269 702 1326 755; x_wconf 93' lang='lat'><strong>&#39;0</strong></span> <span class='ocrx_word' id='word_1_37' title='bbox 1358 702 1415 756; x_wconf 82' lang='grc' dir='ltr'>δὲ</span> <span class='ocrx_word' id='word_1_38' title='bbox 1465 704 1593 762; x_wconf 77' lang='grc' dir='ltr'>παῖς</span> <span class='ocrx_word' id='word_1_39' title='bbox 1638 701 1750 753; x_wconf 79' lang='grc' dir='ltr'>ἔλε-</span> 
     </span>
    </p>
   </div>
   <div class='ocr_carea' id='block_1_8' title="bbox 171 792 1748 863">
    <p class='ocr_par' dir='ltr' id='par_1_8' title="bbox 171 792 1748 863">
     <span class='ocr_line' id='line_1_8' title="bbox 171 792 1748 863; baseline 0.003 -22"><span class='ocrx_word' id='word_1_40' title='bbox 171 809 285 857; x_wconf 80' lang='grc' dir='ltr'>γεν,</span> <span class='ocrx_word' id='word_1_41' title='bbox 339 792 465 845; x_wconf 80' lang='grc' dir='ltr'><strong>Ἐὰν</strong></span> <span class='ocrx_word' id='word_1_42' title='bbox 496 795 593 845; x_wconf 77' lang='grc' dir='ltr'><strong>οὐκ</strong></span> <span class='ocrx_word' id='word_1_43' title='bbox 622 794 921 863; x_wconf 64' lang='grc' dir='ltr'>ήδυνΰμην,</span> <span class='ocrx_word' id='word_1_44' title='bbox 941 796 1040 847; x_wconf 83' lang='grc' dir='ltr'>οὐκ</span> <span class='ocrx_word' id='word_1_45' title='bbox 1062 794 1127 845; x_wconf 87' lang='grc' dir='ltr'>ἂν</span> <span class='ocrx_word' id='word_1_46' title='bbox 1160 793 1501 863; x_wconf 75' lang='grc' dir='ltr'><strong>παρεκάλουν</strong></span> <span class='ocrx_word' id='word_1_47' title='bbox 1534 810 1614 844; x_wconf 71' lang='grc' dir='ltr'><strong>σοι</strong></span> <span class='ocrx_word' id='word_1_48' title='bbox 1637 810 1748 846; x_wconf 83' lang='grc' dir='ltr'>τοι·</span> 
     </span>
    </p>
   </div>
   <div class='ocr_carea' id='block_1_9' title="bbox 170 879 1749 949">
    <p class='ocr_par' dir='ltr' id='par_1_9' title="bbox 170 879 1749 949">
     <span class='ocr_line' id='line_1_9' title="bbox 170 879 1749 949; baseline 0.002 -17"><span class='ocrx_word' id='word_1_49' title='bbox 170 880 329 943; x_wconf 76' lang='grc' dir='ltr'>οὗτος</span> <span class='ocrx_word' id='word_1_50' title='bbox 353 882 611 949; x_wconf 85' lang='grc' dir='ltr'>γενέσθαι</span> <span class='ocrx_word' id='word_1_51' title='bbox 647 885 829 945; x_wconf 77' lang='grc' dir='ltr'>ὁποῖος</span> <span class='ocrx_word' id='word_1_52' title='bbox 869 879 951 945; x_wconf 83' lang='grc' dir='ltr'><strong>εἷς</strong></span> <span class='ocrx_word' id='word_1_53' title='bbox 982 885 1077 936; x_wconf 82' lang='grc' dir='ltr'><strong>καὶ</strong></span> <span class='ocrx_word' id='word_1_54' title='bbox 1124 885 1303 947; x_wconf 73' lang='grc' dir='ltr'>αὐτὸς.</span> <span class='ocrx_word' id='word_1_55' title='bbox 1354 884 1411 937; x_wconf 97' lang='lat'><strong>&#39;0</strong></span> <span class='ocrx_word' id='word_1_56' title='bbox 1459 884 1515 936; x_wconf 77' lang='grc' dir='ltr'>δὲ</span> <span class='ocrx_word' id='word_1_57' title='bbox 1562 885 1749 946; x_wconf 77' lang='grc' dir='ltr'>Ὄσιος</span> 
     </span>
    </p>
   </div>
   <div class='ocr_carea' id='block_1_10' title="bbox 172 960 1752 1045">
    <p class='ocr_par' dir='ltr' id='par_1_10' title="bbox 172 960 1752 1045">
     <span class='ocr_line' id='line_1_10' title="bbox 172 960 1752 1045; baseline 0.004 -23"><span class='ocrx_word' id='word_1_58' title='bbox 172 973 324 1038; x_wconf 84' lang='grc' dir='ltr'>λέγει</span> <span class='ocrx_word' id='word_1_59' title='bbox 351 971 491 1041; x_wconf 76' lang='grc' dir='ltr'>πρὸς</span> <span class='ocrx_word' id='word_1_60' title='bbox 530 973 694 1024; x_wconf 77' lang='grc' dir='ltr'>αὐτόν</span> <span class='ocrx_word' id='word_1_61' title='bbox 716 990 732 1004; x_wconf 78' lang='grc' dir='ltr'><strong><em>ο</em></strong></span> <span class='ocrx_word' id='word_1_62' title='bbox 762 960 836 1025; x_wconf 72' lang='lat'><em>06</em></span> <span class='ocrx_word' id='word_1_63' title='bbox 862 973 1089 1028; x_wconf 80' lang='grc' dir='ltr'>δύνασαι</span> <span class='ocrx_word' id='word_1_64' title='bbox 1112 975 1408 1044; x_wconf 75' lang='grc' dir='ltr'><strong>ὑποφέρειν</strong></span> <span class='ocrx_word' id='word_1_65' title='bbox 1434 977 1558 1037; x_wconf 66' lang='grc' dir='ltr'>τοὺς</span> <span class='ocrx_word' id='word_1_66' title='bbox 1598 976 1752 1045; x_wconf 82' lang='grc' dir='ltr'>ἱδρῶ-</span> 
     </span>
    </p>
   </div>
   <div class='ocr_carea' id='block_1_11' title="bbox 169 1063 1750 1137">
    <p class='ocr_par' dir='ltr' id='par_1_11' title="bbox 169 1063 1750 1137">
     <span class='ocr_line' id='line_1_11' title="bbox 169 1063 1750 1137; baseline 0.003 -22"><span class='ocrx_word' id='word_1_67' title='bbox 169 1079 270 1125; x_wconf 76' lang='grc' dir='ltr'><strong>τας</strong></span> <span class='ocrx_word' id='word_1_68' title='bbox 311 1065 410 1115; x_wconf 70' lang='grc' dir='ltr'>καὶ</span> <span class='ocrx_word' id='word_1_69' title='bbox 455 1063 526 1115; x_wconf 78' lang='grc' dir='ltr'><strong>τά</strong></span> <span class='ocrx_word' id='word_1_70' title='bbox 557 1064 860 1132; x_wconf 88' lang='grc' dir='ltr'>σκάμματα</span> <span class='ocrx_word' id='word_1_71' title='bbox 915 1064 1029 1133; x_wconf 56' lang='grc' dir='ltr'><strong>τῆς</strong></span> <span class='ocrx_word' id='word_1_72' title='bbox 1051 1066 1250 1135; x_wconf 81' lang='grc' dir='ltr'>ἀρετῆς</span> <span class='ocrx_word' id='word_1_73' title='bbox 1292 1065 1519 1136; x_wconf 78' lang='grc' dir='ltr'><strong>ταύτης,</strong></span> <span class='ocrx_word' id='word_1_74' title='bbox 1562 1066 1750 1137; x_wconf 82' lang='grc' dir='ltr'>ἐπειδὴ</span> 
     </span>
    </p>
   </div>
   <div class='ocr_carea' id='block_1_12' title="bbox 175 1153 1748 1227">
    <p class='ocr_par' dir='ltr' id='par_1_12' title="bbox 175 1153 1748 1227">
     <span class='ocr_line' id='line_1_12' title="bbox 175 1153 1748 1227; baseline 0.003 -23"><span class='ocrx_word' id='word_1_75' title='bbox 175 1153 373 1223; x_wconf 76' lang='grc' dir='ltr'>βιαστή</span> <span class='ocrx_word' id='word_1_76' title='bbox 400 1156 549 1206; x_wconf 76' lang='grc' dir='ltr'>ἐστιν</span> <span class='ocrx_word' id='word_1_77' title='bbox 582 1156 615 1223; x_wconf 91' lang='grc' dir='ltr'><strong>ή</strong></span> <span class='ocrx_word' id='word_1_78' title='bbox 637 1154 777 1217; x_wconf 79' lang='grc' dir='ltr'>ὁδὸς,</span> <span class='ocrx_word' id='word_1_79' title='bbox 815 1156 908 1207; x_wconf 79' lang='grc' dir='ltr'><strong>καὶ</strong></span> <span class='ocrx_word' id='word_1_80' title='bbox 941 1156 1169 1224; x_wconf 78' lang='grc' dir='ltr'>ἀπείρου</span> <span class='ocrx_word' id='word_1_81' title='bbox 1202 1159 1364 1208; x_wconf 79' lang='grc' dir='ltr'>πόνου</span> <span class='ocrx_word' id='word_1_82' title='bbox 1396 1158 1487 1210; x_wconf 77' lang='grc' dir='ltr'>καὶ</span> <span class='ocrx_word' id='word_1_83' title='bbox 1513 1157 1711 1227; x_wconf 80' lang='grc' dir='ltr'><strong>μόχθου</strong></span> <span class='ocrx_word' id='word_1_84' title='bbox 1734 1173 1748 1186; x_wconf 89' lang='grc'><strong>·</strong></span> 
     </span>
    </p>
   </div>
   <div class='ocr_carea' id='block_1_13' title="bbox 176 1240 1747 1318">
    <p class='ocr_par' dir='ltr' id='par_1_13' title="bbox 176 1240 1747 1318">
     <span class='ocr_line' id='line_1_13' title="bbox 176 1240 1747 1318; baseline 0.003 -24"><span class='ocrx_word' id='word_1_85' title='bbox 176 1246 305 1313; x_wconf 84' lang='grc' dir='ltr'>μένε</span> <span class='ocrx_word' id='word_1_86' title='bbox 337 1240 435 1297; x_wconf 71' lang='grc' dir='ltr'>οὖν</span> <span class='ocrx_word' id='word_1_87' title='bbox 470 1246 672 1313; x_wconf 78' lang='grc' dir='ltr'>μᾶλλον</span> <span class='ocrx_word' id='word_1_88' title='bbox 699 1246 838 1298; x_wconf 69' lang='grc' dir='ltr'>καθὰ</span> <span class='ocrx_word' id='word_1_89' title='bbox 867 1242 918 1299; x_wconf 78' lang='grc' dir='ltr'>εἴ</span> <span class='ocrx_word' id='word_1_90' title='bbox 947 1250 1004 1299; x_wconf 84' lang='grc' dir='ltr'><strong>ὲν</strong></span> <span class='ocrx_word' id='word_1_91' title='bbox 1022 1247 1275 1318; x_wconf 72' lang='grc' dir='ltr'>εὐσεϐείᾳ</span> <span class='ocrx_word' id='word_1_92' title='bbox 1304 1249 1397 1300; x_wconf 75' lang='grc' dir='ltr'><strong>καὶ</strong></span> <span class='ocrx_word' id='word_1_93' title='bbox 1431 1250 1747 1317; x_wconf 79' lang='grc' dir='ltr'>σεμνότητι.</span> 
     </span>
    </p>
   </div>
   <div class='ocr_carea' id='block_1_14' title="bbox 172 1334 1752 1403">
    <p class='ocr_par' dir='ltr' id='par_1_14' title="bbox 172 1334 1752 1403">
     <span class='ocr_line' id='line_1_14' title="bbox 172 1334 1752 1403; baseline 0.003 -18"><span class='ocrx_word' id='word_1_94' title='bbox 172 1334 563 1401; x_wconf 54' lang='grc' dir='ltr'>διδασκόμενπ</span> <span class='ocrx_word' id='word_1_95' title='bbox 611 1335 716 1386; x_wconf 81' lang='grc' dir='ltr'><strong>ὑπὸ</strong></span> <span class='ocrx_word' id='word_1_96' title='bbox 769 1334 865 1386; x_wconf 85' lang='grc' dir='ltr'>τοῦ</span> <span class='ocrx_word' id='word_1_97' title='bbox 921 1335 1111 1403; x_wconf 77' lang='grc' dir='ltr'>κυρίου</span> <span class='ocrx_word' id='word_1_98' title='bbox 1171 1353 1263 1387; x_wconf 77' lang='grc' dir='ltr'><strong>σου</strong></span> <span class='ocrx_word' id='word_1_99' title='bbox 1312 1335 1633 1403; x_wconf 77' lang='grc' dir='ltr'>Ἐπιφανῐου</span> <span class='ocrx_word' id='word_1_100' title='bbox 1684 1337 1752 1389; x_wconf 75' lang='grc' dir='ltr'>τὰ</span> 
     </span>
    </p>
   </div>
   <div class='ocr_carea' id='block_1_15' title="bbox 174 1426 1752 1497">
    <p class='ocr_par' dir='ltr' id='par_1_15' title="bbox 174 1426 1752 1497">
     <span class='ocr_line' id='line_1_15' title="bbox 174 1426 1752 1497; baseline 0.001 -21"><span class='ocrx_word' id='word_1_101' title='bbox 174 1426 471 1493; x_wconf 81' lang='grc' dir='ltr'>κρείττονά</span> <span class='ocrx_word' id='word_1_102' title='bbox 499 1443 578 1478; x_wconf 90' lang='grc' dir='ltr'><strong>σοι</strong></span> <span class='ocrx_word' id='word_1_103' title='bbox 605 1428 700 1479; x_wconf 73' lang='grc' dir='ltr'><strong>καὶ</strong></span> <span class='ocrx_word' id='word_1_104' title='bbox 736 1430 1008 1496; x_wconf 77' lang='grc' dir='ltr'><strong>σωτηρίας</strong></span> <span class='ocrx_word' id='word_1_105' title='bbox 1059 1428 1313 1497; x_wconf 80' lang='grc' dir='ltr'>ἐχόμενα,</span> <span class='ocrx_word' id='word_1_106' title='bbox 1353 1428 1567 1495; x_wconf 72' lang='grc' dir='ltr'>φεύγων</span> <span class='ocrx_word' id='word_1_107' title='bbox 1616 1444 1752 1497; x_wconf 80' lang='grc' dir='ltr'>πορ-</span> 
     </span>
    </p>
   </div>
   <div class='ocr_carea' id='block_1_16' title="bbox 175 1518 1756 1589">
    <p class='ocr_par' dir='ltr' id='par_1_16' title="bbox 175 1518 1756 1589">
     <span class='ocr_line' id='line_1_16' title="bbox 175 1518 1756 1589; baseline 0.002 -21"><span class='ocrx_word' id='word_1_108' title='bbox 175 1518 348 1581; x_wconf 79' lang='grc' dir='ltr'>νείαν,</span> <span class='ocrx_word' id='word_1_109' title='bbox 383 1520 773 1589; x_wconf 76' lang='grc' dir='ltr'>μνησικακίαν,</span> <span class='ocrx_word' id='word_1_110' title='bbox 798 1522 894 1571; x_wconf 83' lang='grc' dir='ltr'>καὶ</span> <span class='ocrx_word' id='word_1_111' title='bbox 933 1518 1040 1572; x_wconf 87' lang='grc' dir='ltr'>τῶν</span> <span class='ocrx_word' id='word_1_112' title='bbox 1073 1520 1277 1572; x_wconf 82' lang='grc' dir='ltr'>λοιπῶν</span> <span class='ocrx_word' id='word_1_113' title='bbox 1306 1518 1493 1572; x_wconf 79' lang='grc' dir='ltr'>παθῶν</span> <span class='ocrx_word' id='word_1_114' title='bbox 1524 1520 1615 1571; x_wconf 71' lang='grc' dir='ltr'><strong>τὸν</strong></span> <span class='ocrx_word' id='word_1_115' title='bbox 1658 1535 1756 1571; x_wconf 88' lang='grc' dir='ltr'>κα-</span> 
     </span>
    </p>
   </div>
   <div class='ocr_carea' id='block_1_17' title="bbox 175 1612 1756 1683">
    <p class='ocr_par' dir='ltr' id='par_1_17' title="bbox 175 1612 1756 1683">
     <span class='ocr_line' id='line_1_17' title="bbox 175 1612 1756 1683; baseline -0.001 -18"><span class='ocrx_word' id='word_1_116' title='bbox 175 1614 412 1680; x_wconf 77' lang='grc' dir='ltr'>τάλογον</span> <span class='ocrx_word' id='word_1_117' title='bbox 447 1630 461 1642; x_wconf 93' lang='grc'><strong>·</strong></span> <span class='ocrx_word' id='word_1_118' title='bbox 490 1613 587 1664; x_wconf 73' lang='grc' dir='ltr'><strong>καὶ</strong></span> <span class='ocrx_word' id='word_1_119' title='bbox 619 1612 672 1664; x_wconf 87' lang='grc' dir='ltr'><strong>τί</strong></span> <span class='ocrx_word' id='word_1_120' title='bbox 702 1629 782 1664; x_wconf 92' lang='grc' dir='ltr'><strong>σοι</strong></span> <span class='ocrx_word' id='word_1_121' title='bbox 814 1612 974 1683; x_wconf 81' lang='grc' dir='ltr'><strong>χρεία</strong></span> <span class='ocrx_word' id='word_1_122' title='bbox 1002 1613 1270 1680; x_wconf 75' lang='grc' dir='ltr'><strong>ἀνάγκαις</strong></span> <span class='ocrx_word' id='word_1_123' title='bbox 1295 1613 1572 1674; x_wconf 72' lang='grc' dir='ltr'>τοιαύταις</span> <span class='ocrx_word' id='word_1_124' title='bbox 1596 1628 1756 1663; x_wconf 76' lang='grc' dir='ltr'>σεαυο</span> 
     </span>
    </p>
   </div>
   <div class='ocr_carea' id='block_1_18' title="bbox 174 1700 1755 1773">
    <p class='ocr_par' dir='ltr' id='par_1_18' title="bbox 174 1700 1755 1773">
     <span class='ocr_line' id='line_1_18' title="bbox 174 1700 1755 1773; baseline 0.001 -17"><span class='ocrx_word' id='word_1_125' title='bbox 174 1706 265 1756; x_wconf 74' lang='grc' dir='ltr'><strong>τὸν</strong></span> <span class='ocrx_word' id='word_1_126' title='bbox 289 1704 696 1757; x_wconf 74' lang='grc' dir='ltr'>καθυποὸαλείν</span> <span class='ocrx_word' id='word_1_127' title='bbox 734 1722 749 1769; x_wconf 91' lang='grc'>;</span> <span class='ocrx_word' id='word_1_128' title='bbox 798 1705 855 1758; x_wconf 89' lang='lat'><strong>&#39;0</strong></span> <span class='ocrx_word' id='word_1_129' title='bbox 885 1704 941 1757; x_wconf 80' lang='grc' dir='ltr'>δὲ</span> <span class='ocrx_word' id='word_1_130' title='bbox 974 1707 1104 1767; x_wconf 83' lang='grc' dir='ltr'>παῖς</span> <span class='ocrx_word' id='word_1_131' title='bbox 1150 1700 1301 1757; x_wconf 80' lang='grc' dir='ltr'>εἶπεν</span> <span class='ocrx_word' id='word_1_132' title='bbox 1333 1705 1515 1773; x_wconf 81' lang='grc' dir='ltr'>αὐτῷ·</span> <span class='ocrx_word' id='word_1_133' title='bbox 1556 1706 1613 1756; x_wconf 69' lang='lat' dir='ltr'><strong>lii</strong></span> <span class='ocrx_word' id='word_1_134' title='bbox 1656 1702 1755 1757; x_wconf 75' lang='grc' dir='ltr'>οὖν</span> 
     </span>
    </p>
   </div>
   <div class='ocr_carea' id='block_1_19' title="bbox 181 1796 1754 1867">
    <p class='ocr_par' dir='ltr' id='par_1_19' title="bbox 181 1796 1754 1867">
     <span class='ocr_line' id='line_1_19' title="bbox 181 1796 1754 1867; baseline 0.003 -19"><span class='ocrx_word' id='word_1_135' title='bbox 181 1796 485 1865; x_wconf 66' lang='grc' dir='ltr'>βοέλειτῆς</span> <span class='ocrx_word' id='word_1_136' title='bbox 516 1796 658 1865; x_wconf 70' lang='grc' dir='ltr'>ἐμῆς</span> <span class='ocrx_word' id='word_1_137' title='bbox 698 1796 1060 1865; x_wconf 83' lang='grc' dir='ltr'>ὲλεεινότητος</span> <span class='ocrx_word' id='word_1_138' title='bbox 1094 1796 1421 1860; x_wconf 77' lang='grc' dir='ltr'>ὑπακοῦσαι,</span> <span class='ocrx_word' id='word_1_139' title='bbox 1469 1796 1618 1860; x_wconf 77' lang='grc' dir='ltr'>λέξαι</span> <span class='ocrx_word' id='word_1_140' title='bbox 1665 1815 1754 1867; x_wconf 88' lang='grc' dir='ltr'><strong>μοι</strong></span> 
     </span>
    </p>
   </div>
   <div class='ocr_carea' id='block_1_20' title="bbox 1851 612 3422 684">
    <p class='ocr_par' dir='ltr' id='par_1_20' title="bbox 1851 612 3422 684">
     <span class='ocr_line' id='line_1_20' title="bbox 1851 612 3422 684; baseline 0.003 -22"><span class='ocrx_word' id='word_1_141' title='bbox 1851 612 2048 663; x_wconf 77' lang='lat' dir='ltr'><strong>virtute</strong></span> <span class='ocrx_word' id='word_1_142' title='bbox 2108 613 2449 665; x_wconf 80' lang='lat' dir='ltr'><strong>vernaculam</strong></span> <span class='ocrx_word' id='word_1_143' title='bbox 2506 613 2645 667; x_wconf 83' lang='lat' dir='ltr'><strong>servi</strong></span> <span class='ocrx_word' id='word_1_144' title='bbox 2701 613 2934 682; x_wconf 77' lang='lat' dir='ltr'><strong>linguam</strong></span> <span class='ocrx_word' id='word_1_145' title='bbox 3002 616 3053 667; x_wconf 93' lang='lat' dir='ltr'><strong>in</strong></span> <span class='ocrx_word' id='word_1_146' title='bbox 3105 612 3422 684; x_wconf 79' lang='lat' dir='ltr'><strong>Syriacam;</strong></span> 
     </span>
    </p>
   </div>
   <div class='ocr_carea' id='block_1_21' title="bbox 1848 701 3421 772">
    <p class='ocr_par' dir='ltr' id='par_1_21' title="bbox 1848 701 3421 772">
     <span class='ocr_line' id='line_1_21' title="bbox 1848 701 3421 772; baseline 0.001 -19"><span class='ocrx_word' id='word_1_147' title='bbox 1848 701 2170 769; x_wconf 82' lang='lat' dir='ltr'><strong>locutusque</strong></span> <span class='ocrx_word' id='word_1_148' title='bbox 2202 701 2420 771; x_wconf 76' lang='lat' dir='ltr'><strong>Syriat-e</strong></span> <span class='ocrx_word' id='word_1_149' title='bbox 2455 718 2576 755; x_wconf 88' lang='lat' dir='ltr'><strong>cum</strong></span> <span class='ocrx_word' id='word_1_150' title='bbox 2610 703 2701 756; x_wconf 89' lang='lat' dir='ltr'><strong>illo</strong></span> <span class='ocrx_word' id='word_1_151' title='bbox 2738 709 2839 763; x_wconf 89' lang='lat' dir='ltr'><strong>est,</strong></span> <span class='ocrx_word' id='word_1_152' title='bbox 2874 719 3209 772; x_wconf 82' lang='lat' dir='ltr'><strong>qua-cunque</strong></span> <span class='ocrx_word' id='word_1_153' title='bbox 3241 703 3421 764; x_wconf 79' lang='lat' dir='ltr'><strong>vellet,</strong></span> 
     </span>
    </p>
   </div>
   <div class='ocr_carea' id='block_1_22' title="bbox 1850 788 3425 861">
    <p class='ocr_par' dir='ltr' id='par_1_22' title="bbox 1850 788 3425 861">
     <span class='ocr_line' id='line_1_22' title="bbox 1850 788 3425 861; baseline 0.003 -18"><span class='ocrx_word' id='word_1_154' title='bbox 1850 788 1983 843; x_wconf 89' lang='lat' dir='ltr'><strong>Cum</strong></span> <span class='ocrx_word' id='word_1_155' title='bbox 2031 805 2157 844; x_wconf 90' lang='lat' dir='ltr'><strong>vero</strong></span> <span class='ocrx_word' id='word_1_156' title='bbox 2219 792 2489 846; x_wconf 84' lang='lat' dir='ltr'><strong>Andream</strong></span> <span class='ocrx_word' id='word_1_157' title='bbox 2548 793 2916 861; x_wconf 83' lang='lat' dir='ltr'><strong>compellans,</strong></span> <span class='ocrx_word' id='word_1_158' title='bbox 2972 792 3203 847; x_wconf 79' lang='lat' dir='ltr'><strong>fanutlus</strong></span> <span class='ocrx_word' id='word_1_159' title='bbox 3233 808 3341 847; x_wconf 79' lang='lat' dir='ltr'><strong>neu</strong></span> <span class='ocrx_word' id='word_1_160' title='bbox 3367 808 3425 848; x_wconf 86' lang='lat' dir='ltr'><strong>se</strong></span> 
     </span>
    </p>
   </div>
   <div class='ocr_carea' id='block_1_23' title="bbox 1850 884 3424 950">
    <p class='ocr_par' dir='ltr' id='par_1_23' title="bbox 1850 884 3424 950">
     <span class='ocr_line' id='line_1_23' title="bbox 1850 884 3424 950; baseline 0.003 -16"><span class='ocrx_word' id='word_1_161' title='bbox 1850 884 2080 950; x_wconf 86' lang='lat' dir='ltr'><strong>precari,</strong></span> <span class='ocrx_word' id='word_1_162' title='bbox 2113 884 2338 945; x_wconf 80' lang='lat' dir='ltr'><strong>diceret,</strong></span> <span class='ocrx_word' id='word_1_163' title='bbox 2367 895 2420 937; x_wconf 86' lang='grc' dir='ltr'><strong>ιιι</strong></span> <span class='ocrx_word' id='word_1_164' title='bbox 2454 885 2506 938; x_wconf 91' lang='lat' dir='ltr'><strong>in</strong></span> <span class='ocrx_word' id='word_1_165' title='bbox 2532 886 2845 939; x_wconf 87' lang='lat' dir='ltr'><strong>societatem</strong></span> <span class='ocrx_word' id='word_1_166' title='bbox 2897 885 3016 937; x_wconf 65' lang='lat' dir='ltr'><strong>vita:</strong></span> <span class='ocrx_word' id='word_1_167' title='bbox 3048 885 3190 938; x_wconf 90' lang='lat' dir='ltr'><strong>illius</strong></span> <span class='ocrx_word' id='word_1_168' title='bbox 3224 885 3424 938; x_wconf 88' lang='lat' dir='ltr'><strong>admit-</strong></span> 
     </span>
    </p>
   </div>
   <div class='ocr_carea' id='block_1_24' title="bbox 1855 975 3427 1045">
    <p class='ocr_par' dir='ltr' id='par_1_24' title="bbox 1855 975 3427 1045">
     <span class='ocr_line' id='line_1_24' title="bbox 1855 975 3427 1045; baseline 0.001 -18"><span class='ocrx_word' id='word_1_169' title='bbox 1855 984 2082 1039; x_wconf 76' lang='lat' dir='ltr'><strong>teretur,</strong></span> <span class='ocrx_word' id='word_1_170' title='bbox 2148 976 2191 1029; x_wconf 89' lang='lat' dir='ltr'><strong>si</strong></span> <span class='ocrx_word' id='word_1_171' title='bbox 2244 992 2399 1045; x_wconf 86' lang='lat' dir='ltr'><strong>parcs</strong></span> <span class='ocrx_word' id='word_1_172' title='bbox 2459 976 2560 1030; x_wconf 86' lang='lat' dir='ltr'><strong>sibi</strong></span> <span class='ocrx_word' id='word_1_173' title='bbox 2620 975 2763 1029; x_wconf 86' lang='lat' dir='ltr'><strong>vires</strong></span> <span class='ocrx_word' id='word_1_174' title='bbox 2806 990 2910 1029; x_wconf 89' lang='lat' dir='ltr'><strong>non</strong></span> <span class='ocrx_word' id='word_1_175' title='bbox 2956 985 3175 1044; x_wconf 71' lang='lat' dir='ltr'><strong>essent;</strong></span> <span class='ocrx_word' id='word_1_176' title='bbox 3213 978 3427 1044; x_wconf 71' lang='lat' dir='ltr'><strong>negavit</strong></span> 
     </span>
    </p>
   </div>
   <div class='ocr_carea' id='block_1_25' title="bbox 1849 1065 3425 1135">
    <p class='ocr_par' dir='ltr' id='par_1_25' title="bbox 1849 1065 3425 1135">
     <span class='ocr_line' id='line_1_25' title="bbox 1849 1065 3425 1135; baseline 0.001 -19"><span class='ocrx_word' id='word_1_177' title='bbox 1849 1066 2111 1129; x_wconf 80' lang='lat' dir='ltr'><strong>Andreas,</strong></span> <span class='ocrx_word' id='word_1_178' title='bbox 2140 1080 2295 1133; x_wconf 89' lang='lat' dir='ltr'><strong>posse</strong></span> <span class='ocrx_word' id='word_1_179' title='bbox 2337 1067 2510 1135; x_wconf 89' lang='lat' dir='ltr'><strong>ipsum</strong></span> <span class='ocrx_word' id='word_1_180' title='bbox 2571 1065 2798 1120; x_wconf 85' lang='lat' dir='ltr'><strong>sudores</strong></span> <span class='ocrx_word' id='word_1_181' title='bbox 2827 1066 3182 1134; x_wconf 84' lang='lat' dir='ltr'><strong>laboresque,</strong></span> <span class='ocrx_word' id='word_1_182' title='bbox 3217 1070 3282 1118; x_wconf 82' lang='lat' dir='ltr'><strong>ad</strong></span> <span class='ocrx_word' id='word_1_183' title='bbox 3317 1076 3425 1117; x_wconf 83' lang='lat' dir='ltr'><strong>tam</strong></span> 
     </span>
    </p>
   </div>
   <div class='ocr_carea' id='block_1_26' title="bbox 1857 1156 3427 1219">
    <p class='ocr_par' dir='ltr' id='par_1_26' title="bbox 1857 1156 3427 1219">
     <span class='ocr_line' id='line_1_26' title="bbox 1857 1156 3427 1219; baseline 0.001 -12"><span class='ocrx_word' id='word_1_184' title='bbox 1857 1156 2087 1211; x_wconf 75' lang='lat' dir='ltr'><strong>sublime</strong></span> <span class='ocrx_word' id='word_1_185' title='bbox 2143 1158 2357 1211; x_wconf 76' lang='lat' dir='ltr'><strong>virtutis</strong></span> <span class='ocrx_word' id='word_1_186' title='bbox 2400 1158 2614 1211; x_wconf 85' lang='lat' dir='ltr'><strong>culmen</strong></span> <span class='ocrx_word' id='word_1_187' title='bbox 2687 1157 3015 1211; x_wconf 86' lang='lat' dir='ltr'><strong>enitentibus</strong></span> <span class='ocrx_word' id='word_1_188' title='bbox 3077 1157 3427 1219; x_wconf 77' lang='lat' dir='ltr'><strong>subeundos,</strong></span> 
     </span>
    </p>
   </div>
   <div class='ocr_carea' id='block_1_27' title="bbox 1853 1248 3429 1317">
    <p class='ocr_par' dir='ltr' id='par_1_27' title="bbox 1853 1248 3429 1317">
     <span class='ocr_line' id='line_1_27' title="bbox 1853 1248 3429 1317; baseline -0.001 -14"><span class='ocrx_word' id='word_1_189' title='bbox 1853 1263 2114 1317; x_wconf 86' lang='lat' dir='ltr'><strong>superare</strong></span> <span class='ocrx_word' id='word_1_190' title='bbox 2152 1267 2164 1301; x_wconf 88' lang='lat'><strong><em>:</em></strong></span> <span class='ocrx_word' id='word_1_191' title='bbox 2199 1248 2454 1317; x_wconf 88' lang='lat' dir='ltr'><strong>quoniam</strong></span> <span class='ocrx_word' id='word_1_192' title='bbox 2522 1250 2628 1314; x_wconf 78' lang='lat' dir='ltr'><strong>via,</strong></span> <span class='ocrx_word' id='word_1_193' title='bbox 2689 1248 2987 1317; x_wconf 73' lang='lat' dir='ltr'><strong>inquiebat,</strong></span> <span class='ocrx_word' id='word_1_194' title='bbox 3046 1259 3313 1317; x_wconf 68' lang='lat' dir='ltr'><strong>prterqu</strong></span> <span class='ocrx_word' id='word_1_195' title='bbox 3373 1258 3429 1301; x_wconf 89' lang='lat' dir='ltr'><strong>et</strong></span> 
     </span>
    </p>
   </div>
   <div class='ocr_carea' id='block_1_28' title="bbox 1852 1340 3429 1406">
    <p class='ocr_par' dir='ltr' id='par_1_28' title="bbox 1852 1340 3429 1406">
     <span class='ocr_line' id='line_1_28' title="bbox 1852 1340 3429 1406; baseline -0.001 -10"><span class='ocrx_word' id='word_1_196' title='bbox 1852 1340 2095 1405; x_wconf 68' lang='lat' dir='ltr'><strong>acclitis,</strong></span> <span class='ocrx_word' id='word_1_197' title='bbox 2128 1340 2400 1395; x_wconf 88' lang='lat' dir='ltr'><strong>laboriosa</strong></span> <span class='ocrx_word' id='word_1_198' title='bbox 2422 1349 2474 1394; x_wconf 87' lang='lat' dir='ltr'><strong>et</strong></span> <span class='ocrx_word' id='word_1_199' title='bbox 2510 1340 2743 1395; x_wconf 82' lang='lat' dir='ltr'><strong>diﬂicilis</strong></span> <span class='ocrx_word' id='word_1_200' title='bbox 2767 1341 3069 1400; x_wconf 86' lang='lat' dir='ltr'><strong>admodum</strong></span> <span class='ocrx_word' id='word_1_201' title='bbox 3112 1352 3215 1394; x_wconf 89' lang='lat' dir='ltr'><strong>est.</strong></span> <span class='ocrx_word' id='word_1_202' title='bbox 3248 1341 3429 1406; x_wconf 87' lang='lat' dir='ltr'><strong>Quare</strong></span> 
     </span>
    </p>
   </div>
   <div class='ocr_carea' id='block_1_29' title="bbox 1858 1431 3431 1500">
    <p class='ocr_par' dir='ltr' id='par_1_29' title="bbox 1858 1431 3431 1500">
     <span class='ocr_line' id='line_1_29' title="bbox 1858 1431 3431 1500; baseline 0 -16"><span class='ocrx_word' id='word_1_203' title='bbox 1858 1442 2049 1485; x_wconf 84' lang='lat' dir='ltr'><strong>auctor</strong></span> <span class='ocrx_word' id='word_1_204' title='bbox 2094 1431 2185 1485; x_wconf 90' lang='lat' dir='ltr'><strong>tihi</strong></span> <span class='ocrx_word' id='word_1_205' title='bbox 2248 1447 2391 1495; x_wconf 92' lang='lat' dir='ltr'><strong>sum,</strong></span> <span class='ocrx_word' id='word_1_206' title='bbox 2447 1440 2502 1485; x_wconf 92' lang='lat' dir='ltr'><strong>ut</strong></span> <span class='ocrx_word' id='word_1_207' title='bbox 2556 1433 2608 1485; x_wconf 90' lang='lat' dir='ltr'><strong>in</strong></span> <span class='ocrx_word' id='word_1_208' title='bbox 2634 1433 3059 1500; x_wconf 65' lang='lat' dir='ltr'><strong>prmsentistatu</strong></span> <span class='ocrx_word' id='word_1_209' title='bbox 3112 1440 3431 1484; x_wconf 79' lang='lat' dir='ltr'><strong>consmnter</strong></span> 
     </span>
    </p>
   </div>
   <div class='ocr_carea' id='block_1_30' title="bbox 1854 1523 3431 1593">
    <p class='ocr_par' dir='ltr' id='par_1_30' title="bbox 1854 1523 3431 1593">
     <span class='ocr_line' id='line_1_30' title="bbox 1854 1523 3431 1593; baseline -0.001 -15"><span class='ocrx_word' id='word_1_210' title='bbox 1854 1524 2039 1593; x_wconf 84' lang='lat' dir='ltr'><strong>pietati</strong></span> <span class='ocrx_word' id='word_1_211' title='bbox 2095 1525 2453 1593; x_wconf 82' lang='lat' dir='ltr'><strong>religionique</strong></span> <span class='ocrx_word' id='word_1_212' title='bbox 2506 1538 2725 1592; x_wconf 87' lang='lat' dir='ltr'><strong>operam</strong></span> <span class='ocrx_word' id='word_1_213' title='bbox 2781 1525 2902 1587; x_wconf 83' lang='lat' dir='ltr'><strong>des,</strong></span> <span class='ocrx_word' id='word_1_214' title='bbox 2931 1534 2981 1576; x_wconf 89' lang='lat' dir='ltr'><strong>et</strong></span> <span class='ocrx_word' id='word_1_215' title='bbox 3016 1539 3041 1575; x_wconf 92' lang='lat' dir='ltr'><strong>a</strong></span> <span class='ocrx_word' id='word_1_216' title='bbox 3082 1523 3311 1577; x_wconf 81' lang='lat' dir='ltr'><strong>Domino</strong></span> <span class='ocrx_word' id='word_1_217' title='bbox 3336 1533 3431 1577; x_wconf 93' lang='lat' dir='ltr'><strong>tuo</strong></span> 
     </span>
    </p>
   </div>
   <div class='ocr_carea' id='block_1_31' title="bbox 1857 1613 3429 1685">
    <p class='ocr_par' dir='ltr' id='par_1_31' title="bbox 1857 1613 3429 1685">
     <span class='ocr_line' id='line_1_31' title="bbox 1857 1613 3429 1685; baseline 0.001 -20"><span class='ocrx_word' id='word_1_218' title='bbox 1857 1613 2157 1682; x_wconf 79' lang='lat' dir='ltr'><strong>Epiphanio</strong></span> <span class='ocrx_word' id='word_1_219' title='bbox 2207 1615 2493 1685; x_wconf 79' lang='lat' dir='ltr'><strong>diligenter</strong></span> <span class='ocrx_word' id='word_1_220' title='bbox 2552 1614 2750 1676; x_wconf 85' lang='lat' dir='ltr'><strong>discas,</strong></span> <span class='ocrx_word' id='word_1_221' title='bbox 2777 1628 2897 1681; x_wconf 73' lang='lat' dir='ltr'><strong>quae</strong></span> <span class='ocrx_word' id='word_1_222' title='bbox 2931 1615 2994 1666; x_wconf 87' lang='lat' dir='ltr'><strong>ad</strong></span> <span class='ocrx_word' id='word_1_223' title='bbox 3052 1615 3307 1667; x_wconf 76' lang='lat' dir='ltr'><strong>virtutem</strong></span> <span class='ocrx_word' id='word_1_224' title='bbox 3337 1629 3429 1669; x_wconf 89' lang='lat' dir='ltr'><strong>sa-</strong></span> 
     </span>
    </p>
   </div>
   <div class='ocr_carea' id='block_1_32' title="bbox 1856 1704 3430 1773">
    <p class='ocr_par' dir='ltr' id='par_1_32' title="bbox 1856 1704 3430 1773">
     <span class='ocr_line' id='line_1_32' title="bbox 1856 1704 3430 1773; baseline -0.001 -16"><span class='ocrx_word' id='word_1_225' title='bbox 1856 1705 2133 1773; x_wconf 89' lang='lat' dir='ltr'><strong>lutemque</strong></span> <span class='ocrx_word' id='word_1_226' title='bbox 2182 1714 2329 1759; x_wconf 90' lang='lat' dir='ltr'><strong>tuam</strong></span> <span class='ocrx_word' id='word_1_227' title='bbox 2366 1705 2598 1760; x_wconf 78' lang='lat' dir='ltr'><strong>maxime</strong></span> <span class='ocrx_word' id='word_1_228' title='bbox 2644 1707 2991 1760; x_wconf 83' lang='lat' dir='ltr'><strong>conducunt:</strong></span> <span class='ocrx_word' id='word_1_229' title='bbox 3024 1704 3430 1758; x_wconf 79' lang='lat' dir='ltr'><strong>fornicationem</strong></span> 
     </span>
    </p>
   </div>
   <div class='ocr_carea' id='block_1_33' title="bbox 1860 1794 3435 1866">
    <p class='ocr_par' dir='ltr' id='par_1_33' title="bbox 1860 1794 3435 1866">
     <span class='ocr_line' id='line_1_33' title="bbox 1860 1794 3435 1866; baseline -0.002 -16"><span class='ocrx_word' id='word_1_230' title='bbox 1860 1796 2004 1865; x_wconf 81' lang='lat' dir='ltr'><strong>fuge,</strong></span> <span class='ocrx_word' id='word_1_231' title='bbox 2038 1797 2358 1866; x_wconf 73' lang='lat' dir='ltr'><strong>iniuriarum</strong></span> <span class='ocrx_word' id='word_1_232' title='bbox 2389 1797 2727 1860; x_wconf 73' lang='lat' dir='ltr'><strong>oblivisu-re,</strong></span> <span class='ocrx_word' id='word_1_233' title='bbox 2786 1796 2922 1850; x_wconf 90' lang='lat' dir='ltr'><strong>alias</strong></span> <span class='ocrx_word' id='word_1_234' title='bbox 2948 1794 3261 1849; x_wconf 78' lang='lat' dir='ltr'><strong>all‘eCIiones</strong></span> <span class='ocrx_word' id='word_1_235' title='bbox 3313 1794 3435 1847; x_wconf 81' lang='lat' dir='ltr'><strong>uni-</strong></span> 
     </span>
    </p>
   </div>
   <div class='ocr_carea' id='block_1_34' title="bbox 180 1883 1758 1959">
    <p class='ocr_par' dir='ltr' id='par_1_34' title="bbox 180 1885 1758 1956">
     <span class='ocr_line' id='line_1_34' title="bbox 180 1885 1758 1956; baseline 0.001 -17"><span class='ocrx_word' id='word_1_236' title='bbox 180 1889 262 1939; x_wconf 80' lang='grc' dir='ltr'>ὃτι</span> <span class='ocrx_word' id='word_1_237' title='bbox 295 1888 360 1939; x_wconf 77' lang='grc' dir='ltr'><strong>οὐ</strong></span> <span class='ocrx_word' id='word_1_238' title='bbox 395 1886 622 1939; x_wconf 80' lang='grc' dir='ltr'>δύνασαι</span> <span class='ocrx_word' id='word_1_239' title='bbox 648 1886 802 1939; x_wconf 79' lang='grc' dir='ltr'>τοῦτο</span> <span class='ocrx_word' id='word_1_240' title='bbox 859 1886 1099 1956; x_wconf 63' lang='grc' dir='ltr'>ποιῆσαι.</span> <span class='ocrx_word' id='word_1_241' title='bbox 1150 1885 1331 1939; x_wconf 82' lang='grc' dir='ltr'>Ταῦτα</span> <span class='ocrx_word' id='word_1_242' title='bbox 1375 1886 1430 1939; x_wconf 70' lang='grc' dir='ltr'>δὲ</span> <span class='ocrx_word' id='word_1_243' title='bbox 1465 1886 1703 1951; x_wconf 65' lang='grc' dir='ltr'>ἀκούσας</span> <span class='ocrx_word' id='word_1_244' title='bbox 1734 1890 1758 1939; x_wconf 83' lang='grc' dir='ltr'>ό</span> 
     </span>
    </p>
   </div>
   <div class='ocr_carea' id='block_1_35' title="bbox 1855 1883 3433 1959">
    <p class='ocr_par' dir='ltr' id='par_1_35' title="bbox 1865 1883 3433 1959">
     <span class='ocr_line' id='line_1_35' title="bbox 1865 1883 3433 1959; baseline -0.004 -16"><span class='ocrx_word' id='word_1_245' title='bbox 1865 1904 2050 1943; x_wconf 85' lang='lat' dir='ltr'><strong>versas</strong></span> <span class='ocrx_word' id='word_1_246' title='bbox 2099 1898 2381 1959; x_wconf 88' lang='lat' dir='ltr'><strong>tempera:</strong></span> <span class='ocrx_word' id='word_1_247' title='bbox 2415 1902 2532 1954; x_wconf 67' lang='lat' dir='ltr'><strong>qua:</strong></span> <span class='ocrx_word' id='word_1_248' title='bbox 2585 1887 2726 1939; x_wconf 81' lang='lat' dir='ltr'><strong>enim</strong></span> <span class='ocrx_word' id='word_1_249' title='bbox 2769 1887 2966 1940; x_wconf 83' lang='lat' dir='ltr'><strong>talibus</strong></span> <span class='ocrx_word' id='word_1_250' title='bbox 3004 1896 3053 1939; x_wconf 90' lang='lat' dir='ltr'><strong>te</strong></span> <span class='ocrx_word' id='word_1_251' title='bbox 3110 1883 3433 1951; x_wconf 73' lang='lat' dir='ltr'><strong>subiiciendi</strong></span> 
     </span>
    </p>
   </div>
   <div class='ocr_carea' id='block_1_36' title="bbox 182 1977 704 2047">
    <p class='ocr_par' dir='ltr' id='par_1_36' title="bbox 182 1977 704 2047">
     <span class='ocr_line' id='line_1_36' title="bbox 182 1977 704 2047; baseline 0.002 -17"><span class='ocrx_word' id='word_1_252' title='bbox 182 1979 373 2038; x_wconf 62' lang='grc' dir='ltr'>Ὄτυς</span> <span class='ocrx_word' id='word_1_253' title='bbox 409 1977 704 2047; x_wconf 70' lang='grc' dir='ltr'>ἡσύχαζεν.</span> 
     </span>
    </p>
   </div>
   <div class='ocr_carea' id='block_1_37' title="bbox 1868 1975 3424 2049">
    <p class='ocr_par' dir='ltr' id='par_1_37' title="bbox 1868 1975 3424 2049">
     <span class='ocr_line' id='line_1_37' title="bbox 1868 1975 3424 2049; baseline -0.007 -13"><span class='ocrx_word' id='word_1_254' title='bbox 1868 1981 2158 2036; x_wconf 78' lang='lat' dir='ltr'><strong>necessitas</strong></span> <span class='ocrx_word' id='word_1_255' title='bbox 2192 1988 2343 2049; x_wconf 82' lang='lat' dir='ltr'><strong>urget</strong></span> <span class='ocrx_word' id='word_1_256' title='bbox 2374 1980 2397 2031; x_wconf 88' lang='lat'><strong>?</strong></span> <span class='ocrx_word' id='word_1_257' title='bbox 2426 1978 2506 2031; x_wconf 83' lang='lat' dir='ltr'><strong>Ad</strong></span> <span class='ocrx_word' id='word_1_258' title='bbox 2540 1978 2652 2032; x_wconf 70' lang='lat' dir='ltr'><strong>haec</strong></span> <span class='ocrx_word' id='word_1_259' title='bbox 2688 1976 2923 2031; x_wconf 82' lang='lat' dir='ltr'><strong>famulus</strong></span> <span class='ocrx_word' id='word_1_260' title='bbox 2948 1994 2964 2036; x_wconf 83' lang='lat'><strong>;</strong></span> <span class='ocrx_word' id='word_1_261' title='bbox 2994 1977 3050 2030; x_wconf 90' lang='lat' dir='ltr'><strong>Si</strong></span> <span class='ocrx_word' id='word_1_262' title='bbox 3095 1977 3194 2040; x_wconf 87' lang='lat' dir='ltr'><strong>vis,</strong></span> <span class='ocrx_word' id='word_1_263' title='bbox 3229 1975 3424 2043; x_wconf 90' lang='lat' dir='ltr'><strong>inquit,</strong></span> 
     </span>
    </p>
   </div>
   <div class='ocr_carea' id='block_1_38' title="bbox 179 2066 3427 2140">
    <p class='ocr_par' dir='ltr' id='par_1_38' title="bbox 179 2066 3427 2140">
     <span class='ocr_line' id='line_1_38' title="bbox 179 2066 3427 2140; baseline -0.001 -19"><span class='ocrx_word' id='word_1_264' title='bbox 179 2070 504 2124; x_wconf 78' lang='lat' dir='ltr'><strong>miserrimae</strong></span> <span class='ocrx_word' id='word_1_265' title='bbox 553 2084 687 2124; x_wconf 81' lang='lat' dir='ltr'><strong>mc:e</strong></span> <span class='ocrx_word' id='word_1_266' title='bbox 742 2069 932 2126; x_wconf 83' lang='lat' dir='ltr'><strong>vilitati</strong></span> <span class='ocrx_word' id='word_1_267' title='bbox 986 2070 1238 2140; x_wconf 85' lang='lat' dir='ltr'><strong>obsequi,</strong></span> <span class='ocrx_word' id='word_1_268' title='bbox 1314 2070 1420 2135; x_wconf 89' lang='lat' dir='ltr'><strong>dic,</strong></span> <span class='ocrx_word' id='word_1_269' title='bbox 1471 2071 1609 2138; x_wconf 85' lang='lat' dir='ltr'><strong>quod</strong></span> <span class='ocrx_word' id='word_1_270' title='bbox 1668 2083 1774 2122; x_wconf 92' lang='lat' dir='ltr'><strong>non</strong></span> <span class='ocrx_word' id='word_1_271' title='bbox 1818 2080 1968 2136; x_wconf 86' lang='lat' dir='ltr'><strong>potes</strong></span> <span class='ocrx_word' id='word_1_272' title='bbox 2030 2070 2079 2123; x_wconf 72' lang='grc' dir='ltr'><strong>ιιι</strong></span> <span class='ocrx_word' id='word_1_273' title='bbox 2128 2068 2375 2123; x_wconf 76' lang='lat' dir='ltr'><strong>elfectum</strong></span> <span class='ocrx_word' id='word_1_274' title='bbox 2417 2069 2565 2123; x_wconf 88' lang='lat' dir='ltr'><strong>dare.</strong></span> <span class='ocrx_word' id='word_1_275' title='bbox 2622 2066 2831 2133; x_wconf 87' lang='lat' dir='ltr'><strong>Quibus</strong></span> <span class='ocrx_word' id='word_1_276' title='bbox 2918 2066 3114 2120; x_wconf 86' lang='lat' dir='ltr'><strong>auditis</strong></span> <span class='ocrx_word' id='word_1_277' title='bbox 3196 2066 3427 2119; x_wconf 86' lang='lat' dir='ltr'><strong>obticuit</strong></span> 
     </span>
    </p>
   </div>
   <div class='ocr_carea' id='block_1_39' title="bbox 180 2163 449 2217">
    <p class='ocr_par' dir='ltr' id='par_1_39' title="bbox 180 2163 449 2217">
     <span class='ocr_line' id='line_1_39' title="bbox 180 2163 449 2217; baseline 0.007 -3"><span class='ocrx_word' id='word_1_278' title='bbox 180 2163 449 2217; x_wconf 71' lang='lat' dir='ltr'><strong>Andreas.</strong></span> 
     </span>
    </p>
   </div>
   <div class='ocr_carea' id='block_1_40' title="bbox 261 2252 1773 2323">
    <p class='ocr_par' dir='ltr' id='par_1_40' title="bbox 261 2252 1773 2323">
     <span class='ocr_line' id='line_1_40' title="bbox 261 2252 1773 2323; baseline 0 -16"><span class='ocrx_word' id='word_1_279' title='bbox 261 2254 363 2316; x_wconf 65' lang='lat'><strong>51&#39;.</strong></span> <span class='ocrx_word' id='word_1_280' title='bbox 396 2254 455 2307; x_wconf 86' lang='grc'><strong>’0</strong></span> <span class='ocrx_word' id='word_1_281' title='bbox 479 2252 537 2306; x_wconf 80' lang='grc' dir='ltr'>δὲ</span> <span class='ocrx_word' id='word_1_282' title='bbox 564 2254 876 2321; x_wconf 73' lang='grc' dir='ltr'>Ἐπιφάνιος</span> <span class='ocrx_word' id='word_1_283' title='bbox 900 2254 1107 2323; x_wconf 64' lang='grc' dir='ltr'>βλέπων</span> <span class='ocrx_word' id='word_1_284' title='bbox 1124 2255 1223 2322; x_wconf 81' lang='grc' dir='ltr'>τὴν</span> <span class='ocrx_word' id='word_1_285' title='bbox 1245 2254 1445 2322; x_wconf 81' lang='grc' dir='ltr'>ἀθρόαν</span> <span class='ocrx_word' id='word_1_286' title='bbox 1474 2256 1773 2323; x_wconf 73' lang='grc' dir='ltr'>μεταϐολὴν</span> 
     </span>
    </p>
   </div>
   <div class='ocr_carea' id='block_1_41' title="bbox 190 2343 1765 2414">
    <p class='ocr_par' dir='ltr' id='par_1_41' title="bbox 190 2343 1765 2414">
     <span class='ocr_line' id='line_1_41' title="bbox 190 2343 1765 2414; baseline -0.006 -17"><span class='ocrx_word' id='word_1_287' title='bbox 190 2345 283 2414; x_wconf 74' lang='grc' dir='ltr'>τῆς</span> <span class='ocrx_word' id='word_1_288' title='bbox 314 2343 566 2412; x_wconf 79' lang='grc' dir='ltr'>γλώττης</span> <span class='ocrx_word' id='word_1_289' title='bbox 592 2345 683 2397; x_wconf 78' lang='grc' dir='ltr'><strong>τοῦ</strong></span> <span class='ocrx_word' id='word_1_290' title='bbox 718 2345 924 2408; x_wconf 80' lang='grc' dir='ltr'>παιδὸς,</span> <span class='ocrx_word' id='word_1_291' title='bbox 957 2346 1038 2397; x_wconf 79' lang='grc' dir='ltr'>ὅτι</span> <span class='ocrx_word' id='word_1_292' title='bbox 1069 2343 1103 2396; x_wconf 73' lang='grc' dir='ltr'>ἃ</span> <span class='ocrx_word' id='word_1_293' title='bbox 1136 2343 1211 2412; x_wconf 82' lang='grc' dir='ltr'>μὴ</span> <span class='ocrx_word' id='word_1_294' title='bbox 1246 2345 1564 2413; x_wconf 77' lang='grc' dir='ltr'>μεμάθηκεν</span> <span class='ocrx_word' id='word_1_295' title='bbox 1596 2347 1765 2414; x_wconf 67' lang='grc' dir='ltr'>ἀπεφ.</span> 
     </span>
    </p>
   </div>
   <div class='ocr_carea' id='block_1_42' title="bbox 192 2434 1765 2507">
    <p class='ocr_par' dir='ltr' id='par_1_42' title="bbox 192 2434 1765 2507">
     <span class='ocr_line' id='line_1_42' title="bbox 192 2434 1765 2507; baseline 0 -19"><span class='ocrx_word' id='word_1_296' title='bbox 192 2438 524 2504; x_wconf 80' lang='grc' dir='ltr'>θέγγετο,ἑν</span> <span class='ocrx_word' id='word_1_297' title='bbox 552 2439 616 2507; x_wconf 79' lang='grc' dir='ltr'>τῇ</span> <span class='ocrx_word' id='word_1_298' title='bbox 649 2437 848 2507; x_wconf 64' lang='grc' dir='ltr'>καρδίᾳ</span> <span class='ocrx_word' id='word_1_299' title='bbox 895 2435 1061 2489; x_wconf 80' lang='grc' dir='ltr'>αὑτοῦ</span> <span class='ocrx_word' id='word_1_300' title='bbox 1107 2435 1277 2488; x_wconf 84' lang='grc' dir='ltr'>ταῦτα</span> <span class='ocrx_word' id='word_1_301' title='bbox 1322 2434 1612 2487; x_wconf 80' lang='grc' dir='ltr'>συνέὸαλεν</span> <span class='ocrx_word' id='word_1_302' title='bbox 1670 2440 1765 2489; x_wconf 68' lang='grc' dir='ltr'><strong>καὶ</strong></span> 
     </span>
    </p>
   </div>
   <div class='ocr_carea' id='block_1_43' title="bbox 193 2526 1765 2595">
    <p class='ocr_par' dir='ltr' id='par_1_43' title="bbox 193 2526 1765 2595">
     <span class='ocr_line' id='line_1_43' title="bbox 193 2526 1765 2595; baseline 0.001 -17"><span class='ocrx_word' id='word_1_303' title='bbox 193 2527 340 2593; x_wconf 85' lang='grc' dir='ltr'>λέγει</span> <span class='ocrx_word' id='word_1_304' title='bbox 372 2546 385 2558; x_wconf 69' lang='grc' dir='ltr'><strong>ε</strong></span> <span class='ocrx_word' id='word_1_305' title='bbox 424 2528 595 2579; x_wconf 71' lang='grc' dir='ltr'>Βαϐαἱ</span> <span class='ocrx_word' id='word_1_306' title='bbox 626 2528 718 2580; x_wconf 78' lang='grc' dir='ltr'>τοῦ</span> <span class='ocrx_word' id='word_1_307' title='bbox 762 2528 1065 2595; x_wconf 80' lang='grc' dir='ltr'>θαύματος,</span> <span class='ocrx_word' id='word_1_308' title='bbox 1098 2527 1241 2580; x_wconf 86' lang='grc' dir='ltr'>πόσα</span> <span class='ocrx_word' id='word_1_309' title='bbox 1282 2527 1331 2578; x_wconf 77' lang='grc' dir='ltr'>οἱ</span> <span class='ocrx_word' id='word_1_310' title='bbox 1369 2526 1765 2593; x_wconf 77' lang='grc' dir='ltr'>’Δγιοιδύναν-</span> 
     </span>
    </p>
   </div>
   <div class='ocr_carea' id='block_1_44' title="bbox 189 2617 1756 2688">
    <p class='ocr_par' dir='ltr' id='par_1_44' title="bbox 189 2617 1756 2688">
     <span class='ocr_line' id='line_1_44' title="bbox 189 2617 1756 2688; baseline 0 -19"><span class='ocrx_word' id='word_1_311' title='bbox 189 2620 311 2670; x_wconf 75' lang='grc' dir='ltr'>ταιί</span> <span class='ocrx_word' id='word_1_312' title='bbox 371 2618 429 2671; x_wconf 87' lang='lat'><strong>&#39;0</strong></span> <span class='ocrx_word' id='word_1_313' title='bbox 455 2619 510 2670; x_wconf 82' lang='grc' dir='ltr'>δὲ</span> <span class='ocrx_word' id='word_1_314' title='bbox 547 2618 833 2688; x_wconf 82' lang='grc' dir='ltr'>Μακάριος</span> <span class='ocrx_word' id='word_1_315' title='bbox 874 2618 1071 2688; x_wconf 81' lang='grc' dir='ltr'>ἐδεήθη</span> <span class='ocrx_word' id='word_1_316' title='bbox 1113 2617 1206 2671; x_wconf 82' lang='grc' dir='ltr'>τοῦ</span> <span class='ocrx_word' id='word_1_317' title='bbox 1245 2619 1448 2687; x_wconf 78' lang='grc' dir='ltr'>Κυρίου</span> <span class='ocrx_word' id='word_1_318' title='bbox 1491 2620 1617 2688; x_wconf 79' lang='grc' dir='ltr'>περὶ</span> <span class='ocrx_word' id='word_1_319' title='bbox 1662 2617 1756 2670; x_wconf 85' lang='grc' dir='ltr'>τοῦ</span> 
     </span>
    </p>
   </div>
   <div class='ocr_carea' id='block_1_45' title="bbox 194 2708 1759 2780">
    <p class='ocr_par' dir='ltr' id='par_1_45' title="bbox 194 2708 1759 2780">
     <span class='ocr_line' id='line_1_45' title="bbox 194 2708 1759 2780; baseline 0.003 -21"><span class='ocrx_word' id='word_1_320' title='bbox 194 2708 386 2771; x_wconf 63' lang='grc' dir='ltr'>παιδὸς</span> <span class='ocrx_word' id='word_1_321' title='bbox 414 2749 429 2773; x_wconf 90' lang='grc'><strong>,</strong></span> <span class='ocrx_word' id='word_1_322' title='bbox 473 2709 634 2778; x_wconf 85' lang='grc' dir='ltr'>χάριν</span> <span class='ocrx_word' id='word_1_323' title='bbox 677 2709 777 2779; x_wconf 74' lang='grc' dir='ltr'>τῆς</span> <span class='ocrx_word' id='word_1_324' title='bbox 823 2708 1030 2762; x_wconf 75' lang='grc' dir='ltr'>ἐκείνου</span> <span class='ocrx_word' id='word_1_325' title='bbox 1082 2712 1375 2779; x_wconf 83' lang='grc' dir='ltr'><strong>αἰτήσεως,</strong></span> <span class='ocrx_word' id='word_1_326' title='bbox 1427 2710 1481 2763; x_wconf 78' lang='grc' dir='ltr'><strong>τί</strong></span> <span class='ocrx_word' id='word_1_327' title='bbox 1525 2711 1631 2780; x_wconf 80' lang='grc' dir='ltr'>ἄρα</span> <span class='ocrx_word' id='word_1_328' title='bbox 1678 2711 1759 2765; x_wconf 79' lang='grc' dir='ltr'>δεῖ</span> 
     </span>
    </p>
   </div>
   <div class='ocr_carea' id='block_1_46' title="bbox 193 2797 1758 2875">
    <p class='ocr_par' dir='ltr' id='par_1_46' title="bbox 193 2797 1758 2875">
     <span class='ocr_line' id='line_1_46' title="bbox 193 2797 1758 2875; baseline 0.006 -27"><span class='ocrx_word' id='word_1_329' title='bbox 193 2799 452 2866; x_wconf 75' lang='grc' dir='ltr'>γενέσθαι</span> <span class='ocrx_word' id='word_1_330' title='bbox 472 2815 484 2827; x_wconf 91' lang='grc'><strong>·</strong></span> <span class='ocrx_word' id='word_1_331' title='bbox 520 2803 614 2855; x_wconf 75' lang='grc' dir='ltr'>καὶ</span> <span class='ocrx_word' id='word_1_332' title='bbox 640 2797 803 2875; x_wconf 81' lang='grc' dir='ltr'>ἦλθεν</span> <span class='ocrx_word' id='word_1_333' title='bbox 827 2802 979 2873; x_wconf 79' lang='grc' dir='ltr'><strong>φωνὴ</strong></span> <span class='ocrx_word' id='word_1_334' title='bbox 1003 2800 1149 2871; x_wconf 78' lang='grc' dir='ltr'>αὐτῷ</span> <span class='ocrx_word' id='word_1_335' title='bbox 1179 2801 1410 2873; x_wconf 75' lang='grc' dir='ltr'>λέγουσα</span> <span class='ocrx_word' id='word_1_336' title='bbox 1428 2818 1442 2833; x_wconf 76' lang='grc' dir='ltr'><strong>ο</strong></span> <span class='ocrx_word' id='word_1_337' title='bbox 1469 2803 1579 2858; x_wconf 77' lang='grc' dir='ltr'>Οὐκ</span> <span class='ocrx_word' id='word_1_338' title='bbox 1608 2802 1758 2858; x_wconf 72' lang='grc' dir='ltr'>ἐστιν</span> 
     </span>
    </p>
   </div>
   <div class='ocr_carea' id='block_1_47' title="bbox 192 2891 1762 2964">
    <p class='ocr_par' dir='ltr' id='par_1_47' title="bbox 192 2891 1762 2964">
     <span class='ocr_line' id='line_1_47' title="bbox 192 2891 1762 2964; baseline 0.004 -22"><span class='ocrx_word' id='word_1_339' title='bbox 192 2891 353 2945; x_wconf 84' lang='grc' dir='ltr'>τοῦτο</span> <span class='ocrx_word' id='word_1_340' title='bbox 400 2895 700 2963; x_wconf 72' lang='grc' dir='ltr'>συμφέρον,</span> <span class='ocrx_word' id='word_1_341' title='bbox 746 2896 926 2959; x_wconf 83' lang='grc' dir='ltr'>ἄπαγε</span> <span class='ocrx_word' id='word_1_342' title='bbox 978 2894 1072 2948; x_wconf 82' lang='grc' dir='ltr'>τοῦ</span> <span class='ocrx_word' id='word_1_343' title='bbox 1122 2895 1558 2964; x_wconf 70' lang='grc' dir='ltr'>ἐγχειρήματος·</span> <span class='ocrx_word' id='word_1_344' title='bbox 1591 2897 1762 2961; x_wconf 79' lang='grc' dir='ltr'>δεῖξον</span> 
     </span>
    </p>
   </div>
   <div class='ocr_carea' id='block_1_48' title="bbox 194 2983 1763 3055">
    <p class='ocr_par' dir='ltr' id='par_1_48' title="bbox 194 2983 1763 3055">
     <span class='ocr_line' id='line_1_48' title="bbox 194 2983 1763 3055; baseline 0.003 -21"><span class='ocrx_word' id='word_1_345' title='bbox 194 2983 342 3053; x_wconf 81' lang='grc' dir='ltr'><strong>αὐτῷ</strong></span> <span class='ocrx_word' id='word_1_346' title='bbox 391 2987 626 3055; x_wconf 79' lang='grc' dir='ltr'>πρᾶγμα</span> <span class='ocrx_word' id='word_1_347' title='bbox 659 2988 839 3041; x_wconf 77' lang='grc' dir='ltr'>ὁποῖόν</span> <span class='ocrx_word' id='word_1_348' title='bbox 875 2989 1043 3050; x_wconf 79' lang='grc' dir='ltr'>ἐστιν,</span> <span class='ocrx_word' id='word_1_349' title='bbox 1086 2988 1158 3055; x_wconf 80' lang='grc' dir='ltr'>μὴ</span> <span class='ocrx_word' id='word_1_350' title='bbox 1212 2987 1286 3047; x_wconf 82' lang='grc' dir='ltr'><strong>ώς</strong></span> <span class='ocrx_word' id='word_1_351' title='bbox 1338 2988 1599 3040; x_wconf 82' lang='grc' dir='ltr'>ἀδυνάτου</span> <span class='ocrx_word' id='word_1_352' title='bbox 1647 3004 1763 3051; x_wconf 89' lang='grc' dir='ltr'>σου,</span> 
     </span>
    </p>
   </div>
   <div class='ocr_carea' id='block_1_49' title="bbox 190 3075 1765 3149">
    <p class='ocr_par' dir='ltr' id='par_1_49' title="bbox 190 3075 1765 3149">
     <span class='ocr_line' id='line_1_49' title="bbox 190 3075 1765 3149; baseline 0.001 -20"><span class='ocrx_word' id='word_1_353' title='bbox 190 3075 418 3129; x_wconf 72' lang='grc' dir='ltr'>τοιαῦτα</span> <span class='ocrx_word' id='word_1_354' title='bbox 446 3078 922 3147; x_wconf 67' lang='grc' dir='ltr'>καταψηφίσηται.</span> <span class='ocrx_word' id='word_1_355' title='bbox 966 3078 1024 3130; x_wconf 89' lang='lat'><strong>&#39;0</strong></span> <span class='ocrx_word' id='word_1_356' title='bbox 1055 3075 1147 3131; x_wconf 83' lang='grc' dir='ltr'><strong>οὖν</strong></span> <span class='ocrx_word' id='word_1_357' title='bbox 1177 3079 1461 3149; x_wconf 79' lang='grc' dir='ltr'>Μακάριος</span> <span class='ocrx_word' id='word_1_358' title='bbox 1488 3079 1657 3149; x_wconf 68' lang='grc' dir='ltr'>ἔφησε</span> <span class='ocrx_word' id='word_1_359' title='bbox 1685 3079 1765 3148; x_wconf 79' lang='grc' dir='ltr'>τῷ</span> 
     </span>
    </p>
   </div>
   <div class='ocr_carea' id='block_1_50' title="bbox 1933 2256 3436 2328">
    <p class='ocr_par' dir='ltr' id='par_1_50' title="bbox 1933 2256 3436 2328">
     <span class='ocr_line' id='line_1_50' title="bbox 1933 2256 3436 2328; baseline -0.002 -13"><span class='ocrx_word' id='word_1_360' title='bbox 1933 2260 2020 2315; x_wconf 88' lang='lat'><strong>6|.</strong></span> <span class='ocrx_word' id='word_1_361' title='bbox 2077 2261 2283 2315; x_wconf 87' lang='lat' dir='ltr'><strong>Interea</strong></span> <span class='ocrx_word' id='word_1_362' title='bbox 2340 2274 2467 2314; x_wconf 86' lang='lat' dir='ltr'><strong>vero</strong></span> <span class='ocrx_word' id='word_1_363' title='bbox 2522 2258 2878 2328; x_wconf 86' lang='lat' dir='ltr'><strong>Epiphanius,</strong></span> <span class='ocrx_word' id='word_1_364' title='bbox 2960 2256 3436 2312; x_wconf 62' lang='lat' dir='ltr'><strong>animadvertens’</strong></span> 
     </span>
    </p>
   </div>
   <div class='ocr_carea' id='block_1_51' title="bbox 1862 2348 3435 2418">
    <p class='ocr_par' dir='ltr' id='par_1_51' title="bbox 1862 2348 3435 2418">
     <span class='ocr_line' id='line_1_51' title="bbox 1862 2348 3435 2418; baseline -0.004 -15"><span class='ocrx_word' id='word_1_365' title='bbox 1862 2350 2037 2404; x_wconf 89' lang='lat' dir='ltr'><strong>subita</strong></span> <span class='ocrx_word' id='word_1_366' title='bbox 2065 2351 2259 2418; x_wconf 66' lang='lat' dir='ltr'><strong>linguae</strong></span> <span class='ocrx_word' id='word_1_367' title='bbox 2282 2348 2583 2403; x_wconf 90' lang='lat' dir='ltr'><strong>mutatione</strong></span> <span class='ocrx_word' id='word_1_368' title='bbox 2630 2348 2890 2401; x_wconf 82' lang='lat' dir='ltr'><strong>famulum</strong></span> <span class='ocrx_word' id='word_1_369' title='bbox 2922 2363 3104 2413; x_wconf 88' lang='lat' dir='ltr'><strong>suum,</strong></span> <span class='ocrx_word' id='word_1_370' title='bbox 3140 2362 3259 2412; x_wconf 79' lang='lat' dir='ltr'><strong>qua:</strong></span> <span class='ocrx_word' id='word_1_371' title='bbox 3293 2362 3435 2398; x_wconf 85' lang='lat' dir='ltr'><strong>nun-</strong></span> 
     </span>
    </p>
   </div>
   <div class='ocr_carea' id='block_1_52' title="bbox 1866 2436 3439 2509">
    <p class='ocr_par' dir='ltr' id='par_1_52' title="bbox 1866 2436 3439 2509">
     <span class='ocr_line' id='line_1_52' title="bbox 1866 2436 3439 2509; baseline -0.003 -15"><span class='ocrx_word' id='word_1_372' title='bbox 1866 2455 2031 2509; x_wconf 83' lang='lat' dir='ltr'><strong>quam</strong></span> <span class='ocrx_word' id='word_1_373' title='bbox 2083 2442 2370 2506; x_wconf 88' lang='lat' dir='ltr'><strong>didicerat,</strong></span> <span class='ocrx_word' id='word_1_374' title='bbox 2436 2441 2487 2493; x_wconf 90' lang='lat' dir='ltr'><strong>in</strong></span> <span class='ocrx_word' id='word_1_375' title='bbox 2544 2442 2781 2493; x_wconf 90' lang='lat' dir='ltr'><strong>medium</strong></span> <span class='ocrx_word' id='word_1_376' title='bbox 2810 2438 3081 2508; x_wconf 89' lang='lat' dir='ltr'><strong>proloqui,</strong></span> <span class='ocrx_word' id='word_1_377' title='bbox 3139 2436 3439 2504; x_wconf 77' lang='lat' dir='ltr'><strong>iii-pensius</strong></span> 
     </span>
    </p>
   </div>
   <div class='ocr_carea' id='block_1_53' title="bbox 1862 2529 3441 2601">
    <p class='ocr_par' dir='ltr' id='par_1_53' title="bbox 1862 2529 3441 2601">
     <span class='ocr_line' id='line_1_53' title="bbox 1862 2529 3441 2601; baseline -0.006 -12"><span class='ocrx_word' id='word_1_378' title='bbox 1862 2549 1977 2589; x_wconf 89' lang='lat' dir='ltr'><strong>rem</strong></span> <span class='ocrx_word' id='word_1_379' title='bbox 2038 2548 2221 2586; x_wconf 90' lang='lat' dir='ltr'><strong>anuno</strong></span> <span class='ocrx_word' id='word_1_380' title='bbox 2248 2533 2525 2601; x_wconf 77' lang='lat' dir='ltr'><strong>perpendit</strong></span> <span class='ocrx_word' id='word_1_381' title='bbox 2550 2532 2977 2598; x_wconf 81' lang='lat' dir='ltr'><strong>exclamavitque</strong></span> <span class='ocrx_word' id='word_1_382' title='bbox 3009 2547 3022 2582; x_wconf 90' lang='lat'>:</span> <span class='ocrx_word' id='word_1_383' title='bbox 3050 2529 3233 2598; x_wconf 66' lang='lat' dir='ltr'><strong>Papa&#39;!</strong></span> <span class='ocrx_word' id='word_1_384' title='bbox 3266 2544 3441 2591; x_wconf 82' lang='lat' dir='ltr'><strong>quan-</strong></span> 
     </span>
    </p>
   </div>
   <div class='ocr_carea' id='block_1_54' title="bbox 1870 2620 3438 2695">
    <p class='ocr_par' dir='ltr' id='par_1_54' title="bbox 1870 2620 3438 2695">
     <span class='ocr_line' id='line_1_54' title="bbox 1870 2620 3438 2695; baseline -0.007 -13"><span class='ocrx_word' id='word_1_385' title='bbox 1870 2639 1980 2682; x_wconf 90' lang='lat' dir='ltr'><strong>tum</strong></span> <span class='ocrx_word' id='word_1_386' title='bbox 2034 2626 2394 2679; x_wconf 85' lang='lat' dir='ltr'><strong>miraculum!</strong></span> <span class='ocrx_word' id='word_1_387' title='bbox 2429 2626 2556 2695; x_wconf 87' lang='lat' dir='ltr'><strong>quid</strong></span> <span class='ocrx_word' id='word_1_388' title='bbox 2620 2624 2802 2678; x_wconf 86' lang='lat' dir='ltr'><strong>Sancti</strong></span> <span class='ocrx_word' id='word_1_389' title='bbox 2830 2639 2935 2677; x_wconf 87' lang='lat' dir='ltr'><strong>non</strong></span> <span class='ocrx_word' id='word_1_390' title='bbox 2962 2621 3228 2675; x_wconf 77' lang='lat' dir='ltr'><strong>elﬁciant!</strong></span> <span class='ocrx_word' id='word_1_391' title='bbox 3277 2620 3438 2672; x_wconf 81' lang='lat' dir='ltr'><strong>Beato</strong></span> 
     </span>
    </p>
   </div>
   <div class='ocr_carea' id='block_1_55' title="bbox 1865 2710 3435 2787">
    <p class='ocr_par' dir='ltr' id='par_1_55' title="bbox 1865 2710 3435 2787">
     <span class='ocr_line' id='line_1_55' title="bbox 1865 2710 3435 2787; baseline -0.005 -15"><span class='ocrx_word' id='word_1_392' title='bbox 1865 2730 2044 2772; x_wconf 87' lang='lat' dir='ltr'><strong>autem</strong></span> <span class='ocrx_word' id='word_1_393' title='bbox 2070 2719 2281 2772; x_wconf 88' lang='lat' dir='ltr'><strong>Andrea</strong></span> <span class='ocrx_word' id='word_1_394' title='bbox 2346 2716 2632 2771; x_wconf 90' lang='lat' dir='ltr'><strong>Dominum</strong></span> <span class='ocrx_word' id='word_1_395' title='bbox 2664 2710 2915 2787; x_wconf 80' lang='lat' dir='ltr'><strong>precibus</strong></span> <span class='ocrx_word' id='word_1_396' title='bbox 2950 2730 3045 2783; x_wconf 87' lang='lat' dir='ltr'><strong>pro</strong></span> <span class='ocrx_word' id='word_1_397' title='bbox 3083 2713 3308 2775; x_wconf 82' lang='lat' dir='ltr'><strong>famulo,</strong></span> <span class='ocrx_word' id='word_1_398' title='bbox 3343 2713 3435 2780; x_wconf 91' lang='lat' dir='ltr'><strong>qui</strong></span> 
     </span>
    </p>
   </div>
   <div class='ocr_carea' id='block_1_56' title="bbox 1864 2805 3438 2878">
    <p class='ocr_par' dir='ltr' id='par_1_56' title="bbox 1864 2805 3438 2878">
     <span class='ocr_line' id='line_1_56' title="bbox 1864 2805 3438 2878; baseline -0.006 -13"><span class='ocrx_word' id='word_1_399' title='bbox 1864 2825 1955 2865; x_wconf 85' lang='lat' dir='ltr'><strong>eas</strong></span> <span class='ocrx_word' id='word_1_400' title='bbox 1983 2810 2140 2864; x_wconf 81' lang='lat' dir='ltr'><strong>enixe</strong></span> <span class='ocrx_word' id='word_1_401' title='bbox 2164 2810 2449 2878; x_wconf 81' lang='lat' dir='ltr'><strong>ﬂagitarat,</strong></span> <span class='ocrx_word' id='word_1_402' title='bbox 2475 2810 2865 2878; x_wconf 80' lang='lat' dir='ltr'><strong>interrogante,</strong></span> <span class='ocrx_word' id='word_1_403' title='bbox 2883 2807 3009 2877; x_wconf 88' lang='lat' dir='ltr'><strong>quid</strong></span> <span class='ocrx_word' id='word_1_404' title='bbox 3026 2805 3237 2857; x_wconf 84' lang='lat' dir='ltr'><strong>tandem</strong></span> <span class='ocrx_word' id='word_1_405' title='bbox 3259 2805 3324 2860; x_wconf 88' lang='lat' dir='ltr'><strong>de</strong></span> <span class='ocrx_word' id='word_1_406' title='bbox 3347 2805 3438 2856; x_wconf 89' lang='lat' dir='ltr'><strong>illo</strong></span> 
     </span>
    </p>
   </div>
   <div class='ocr_carea' id='block_1_57' title="bbox 1866 2896 3435 2969">
    <p class='ocr_par' dir='ltr' id='par_1_57' title="bbox 1866 2896 3435 2969">
     <span class='ocr_line' id='line_1_57' title="bbox 1866 2896 3435 2969; baseline -0.004 -13"><span class='ocrx_word' id='word_1_407' title='bbox 1866 2904 2110 2956; x_wconf 82' lang='lat' dir='ltr'><strong>futurum</strong></span> <span class='ocrx_word' id='word_1_408' title='bbox 2177 2912 2339 2963; x_wconf 84' lang='lat' dir='ltr'><strong>esset,</strong></span> <span class='ocrx_word' id='word_1_409' title='bbox 2412 2902 2618 2969; x_wconf 83' lang='lat' dir='ltr'><strong>allapsa</strong></span> <span class='ocrx_word' id='word_1_410' title='bbox 2670 2915 2775 2955; x_wconf 84' lang='lat' dir='ltr'><strong>vox</strong></span> <span class='ocrx_word' id='word_1_411' title='bbox 2834 2910 2937 2963; x_wconf 84' lang='lat' dir='ltr'><strong>est,</strong></span> <span class='ocrx_word' id='word_1_412' title='bbox 3002 2898 3073 2951; x_wconf 89' lang='lat' dir='ltr'><strong>ita</strong></span> <span class='ocrx_word' id='word_1_413' title='bbox 3130 2896 3435 2963; x_wconf 87' lang='lat' dir='ltr'><strong>inquiens:</strong></span> 
     </span>
    </p>
   </div>
   <div class='ocr_carea' id='block_1_58' title="bbox 1866 2987 3430 3062">
    <p class='ocr_par' dir='ltr' id='par_1_58' title="bbox 1866 2987 3430 3062">
     <span class='ocr_line' id='line_1_58' title="bbox 1866 2987 3430 3062; baseline -0.004 -16"><span class='ocrx_word' id='word_1_414' title='bbox 1866 2993 2190 3062; x_wconf 76' lang='lat' dir='ltr'><strong>Neutiquam</strong></span> <span class='ocrx_word' id='word_1_415' title='bbox 2246 2993 2373 3045; x_wconf 90' lang='lat' dir='ltr'><strong>illud</strong></span> <span class='ocrx_word' id='word_1_416' title='bbox 2412 2994 2646 3061; x_wconf 85' lang='lat' dir='ltr'><strong>expedit,</strong></span> <span class='ocrx_word' id='word_1_417' title='bbox 2666 3006 2851 3060; x_wconf 78' lang='lat' dir='ltr'><strong>apage,</strong></span> <span class='ocrx_word' id='word_1_418' title='bbox 2878 3006 2999 3045; x_wconf 91' lang='lat' dir='ltr'><strong>eum</strong></span> <span class='ocrx_word' id='word_1_419' title='bbox 3042 2989 3216 3042; x_wconf 79' lang='lat' dir='ltr'><strong>isllttic</strong></span> <span class='ocrx_word' id='word_1_420' title='bbox 3241 2987 3430 3041; x_wconf 87' lang='lat' dir='ltr'><strong>cousi-</strong></span> 
     </span>
    </p>
   </div>
   <div class='ocr_carea' id='block_1_59' title="bbox 1866 3079 3438 3153">
    <p class='ocr_par' dir='ltr' id='par_1_59' title="bbox 1866 3079 3438 3153">
     <span class='ocr_line' id='line_1_59' title="bbox 1866 3079 3438 3153; baseline -0.004 -16"><span class='ocrx_word' id='word_1_421' title='bbox 1866 3085 1937 3138; x_wconf 86' lang='lat' dir='ltr'><strong>lio</strong></span> <span class='ocrx_word' id='word_1_422' title='bbox 1967 3104 1977 3137; x_wconf 94' lang='lat'><strong>:</strong></span> <span class='ocrx_word' id='word_1_423' title='bbox 2013 3086 2237 3139; x_wconf 87' lang='lat' dir='ltr'><strong>ostende</strong></span> <span class='ocrx_word' id='word_1_424' title='bbox 2280 3084 2381 3153; x_wconf 89' lang='lat' dir='ltr'><strong>ipsi</strong></span> <span class='ocrx_word' id='word_1_425' title='bbox 2436 3094 2633 3149; x_wconf 85' lang='lat' dir='ltr'><strong>quanta</strong></span> <span class='ocrx_word' id='word_1_426' title='bbox 2664 3099 2749 3137; x_wconf 88' lang='lat' dir='ltr'><strong>res</strong></span> <span class='ocrx_word' id='word_1_427' title='bbox 2796 3084 2899 3145; x_wconf 88' lang='lat' dir='ltr'><strong>sit,</strong></span> <span class='ocrx_word' id='word_1_428' title='bbox 2935 3082 3165 3149; x_wconf 85' lang='lat' dir='ltr'><strong>impares</strong></span> <span class='ocrx_word' id='word_1_429' title='bbox 3220 3079 3266 3131; x_wconf 85' lang='lat' dir='ltr'><strong>ei</strong></span> <span class='ocrx_word' id='word_1_430' title='bbox 3297 3079 3438 3131; x_wconf 87' lang='lat' dir='ltr'><strong>vires</strong></span> 
     </span>
    </p>
   </div>
   <div class='ocr_carea' id='block_1_60' title="bbox 207 3168 1758 3244">
    <p class='ocr_par' dir='ltr' id='par_1_60' title="bbox 207 3168 1757 3240">
     <span class='ocr_line' id='line_1_60' title="bbox 207 3168 1757 3240; baseline 0.003 -22"><span class='ocrx_word' id='word_1_431' title='bbox 207 3168 456 3236; x_wconf 74' lang='grc' dir='ltr'>ῗΑγγέλῳ</span> <span class='ocrx_word' id='word_1_432' title='bbox 511 3168 587 3237; x_wconf 81' lang='grc' dir='ltr'>τῷ</span> <span class='ocrx_word' id='word_1_433' title='bbox 634 3170 937 3234; x_wconf 68' lang='grc' dir='ltr'>ὲφεστιὶτι·</span> <span class='ocrx_word' id='word_1_434' title='bbox 989 3170 1204 3236; x_wconf 77' lang='grc' dir='ltr'>Πλῆσον</span> <span class='ocrx_word' id='word_1_435' title='bbox 1256 3170 1316 3222; x_wconf 88' lang='grc' dir='ltr'><strong>τὸ</strong></span> <span class='ocrx_word' id='word_1_436' title='bbox 1358 3170 1616 3240; x_wconf 78' lang='grc' dir='ltr'>ποτήριον</span> <span class='ocrx_word' id='word_1_437' title='bbox 1664 3172 1757 3240; x_wconf 77' lang='grc' dir='ltr'>τῆς</span> 
     </span>
    </p>
   </div>
   <div class='ocr_carea' id='block_1_61' title="bbox 1855 3168 3438 3244">
    <p class='ocr_par' dir='ltr' id='par_1_61' title="bbox 1865 3169 3438 3244">
     <span class='ocr_line' id='line_1_61' title="bbox 1865 3169 3438 3244; baseline -0.006 -13"><span class='ocrx_word' id='word_1_438' title='bbox 1865 3190 1986 3231; x_wconf 80' lang='lat' dir='ltr'><strong>esse</strong></span> <span class='ocrx_word' id='word_1_439' title='bbox 2034 3176 2099 3229; x_wconf 84' lang='lat' dir='ltr'><strong>ad</strong></span> <span class='ocrx_word' id='word_1_440' title='bbox 2162 3176 2283 3229; x_wconf 88' lang='lat' dir='ltr'><strong>talia</strong></span> <span class='ocrx_word' id='word_1_441' title='bbox 2345 3175 2787 3244; x_wconf 77' lang='lat' dir='ltr'><strong>aggredietuluzn.</strong></span> <span class='ocrx_word' id='word_1_442' title='bbox 2839 3174 3081 3226; x_wconf 82' lang='lat' dir='ltr'><strong>Andreas</strong></span> <span class='ocrx_word' id='word_1_443' title='bbox 3150 3172 3310 3243; x_wconf 82' lang='lat' dir='ltr'><strong>igitur</strong></span> <span class='ocrx_word' id='word_1_444' title='bbox 3364 3169 3438 3222; x_wconf 79' lang='lat' dir='ltr'><strong>ait</strong></span> 
     </span>
    </p>
   </div>
   <div class='ocr_carea' id='block_1_62' title="bbox 196 3254 1765 3331">
    <p class='ocr_par' dir='ltr' id='par_1_62' title="bbox 196 3254 1765 3331">
     <span class='ocr_line' id='line_1_62' title="bbox 196 3254 1765 3331; baseline 0.003 -22"><span class='ocrx_word' id='word_1_445' title='bbox 196 3259 494 3327; x_wconf 63' lang='grc' dir='ltr'>θυμηδίαῖ,</span> <span class='ocrx_word' id='word_1_446' title='bbox 527 3258 619 3325; x_wconf 77' lang='grc' dir='ltr'><strong>ἀφ’</strong></span> <span class='ocrx_word' id='word_1_447' title='bbox 646 3254 708 3328; x_wconf 79' lang='grc' dir='ltr'>ἧς</span> <span class='ocrx_word' id='word_1_448' title='bbox 740 3260 771 3328; x_wconf 85' lang='grc' dir='ltr'><strong>ή</strong></span> <span class='ocrx_word' id='word_1_449' title='bbox 815 3262 975 3329; x_wconf 84' lang='grc' dir='ltr'>χάρις</span> <span class='ocrx_word' id='word_1_450' title='bbox 1008 3258 1101 3312; x_wconf 71' lang='grc' dir='ltr'>τοῦ</span> <span class='ocrx_word' id='word_1_451' title='bbox 1146 3260 1265 3312; x_wconf 80' lang='grc' dir='ltr'>κατ’</span> <span class='ocrx_word' id='word_1_452' title='bbox 1297 3263 1394 3329; x_wconf 82' lang='grc' dir='ltr'>ἐμὲ</span> <span class='ocrx_word' id='word_1_453' title='bbox 1430 3262 1765 3331; x_wconf 78' lang='grc' dir='ltr'>χαρίσματος</span> 
     </span>
    </p>
   </div>
   <div class='ocr_carea' id='block_1_63' title="bbox 192 3349 1766 3421">
    <p class='ocr_par' dir='ltr' id='par_1_63' title="bbox 192 3349 1766 3421">
     <span class='ocr_line' id='line_1_63' title="bbox 192 3349 1766 3421; baseline 0.003 -22"><span class='ocrx_word' id='word_1_454' title='bbox 192 3349 522 3418; x_wconf 74' lang='grc' dir='ltr'>ἐπήνθησεν.</span> <span class='ocrx_word' id='word_1_455' title='bbox 568 3349 853 3418; x_wconf 73' lang='grc' dir='ltr'>Ἐποίητέν</span> <span class='ocrx_word' id='word_1_456' title='bbox 891 3366 948 3402; x_wconf 85' lang='grc' dir='ltr'><strong>τε</strong></span> <span class='ocrx_word' id='word_1_457' title='bbox 993 3352 1020 3403; x_wconf 97' lang='lat'><strong>6</strong></span> <span class='ocrx_word' id='word_1_458' title='bbox 1071 3351 1333 3418; x_wconf 75' lang='grc' dir='ltr'>Ἀγγελος</span> <span class='ocrx_word' id='word_1_459' title='bbox 1385 3351 1587 3421; x_wconf 78' lang='grc' dir='ltr'>Κυρίου</span> <span class='ocrx_word' id='word_1_460' title='bbox 1617 3367 1631 3382; x_wconf 77' lang='grc' dir='ltr'><strong><em>ο</em></strong></span> <span class='ocrx_word' id='word_1_461' title='bbox 1670 3352 1766 3404; x_wconf 77' lang='grc' dir='ltr'>καὶ</span> 
     </span>
    </p>
   </div>
   <div class='ocr_carea' id='block_1_64' title="bbox 192 3439 1764 3510">
    <p class='ocr_par' dir='ltr' id='par_1_64' title="bbox 192 3439 1764 3510">
     <span class='ocr_line' id='line_1_64' title="bbox 192 3439 1764 3510; baseline 0.003 -20"><span class='ocrx_word' id='word_1_462' title='bbox 192 3440 341 3507; x_wconf 76' lang='grc' dir='ltr'>λέγει</span> <span class='ocrx_word' id='word_1_463' title='bbox 384 3439 520 3510; x_wconf 78' lang='grc' dir='ltr'>πρὸς</span> <span class='ocrx_word' id='word_1_464' title='bbox 554 3439 713 3491; x_wconf 70' lang='grc' dir='ltr'>αὐτὸν</span> <span class='ocrx_word' id='word_1_465' title='bbox 744 3444 769 3492; x_wconf 82' lang='lat'><strong>6</strong></span> <span class='ocrx_word' id='word_1_466' title='bbox 812 3442 1096 3510; x_wconf 82' lang='grc' dir='ltr'>Μακάριος</span> <span class='ocrx_word' id='word_1_467' title='bbox 1128 3460 1140 3473; x_wconf 82' lang='grc'><em>’</em></span> <span class='ocrx_word' id='word_1_468' title='bbox 1194 3445 1405 3503; x_wconf 80' lang='grc' dir='ltr'>Ποτιεῖς</span> <span class='ocrx_word' id='word_1_469' title='bbox 1442 3445 1647 3497; x_wconf 81' lang='grc' dir='ltr'>ἐκεῖνον</span> <span class='ocrx_word' id='word_1_470' title='bbox 1672 3444 1764 3496; x_wconf 72' lang='grc' dir='ltr'><strong>τὸν</strong></span> 
     </span>
    </p>
   </div>
   <div class='ocr_carea' id='block_1_65' title="bbox 190 3530 1765 3607">
    <p class='ocr_par' dir='ltr' id='par_1_65' title="bbox 190 3530 1765 3607">
     <span class='ocr_line' id='line_1_65' title="bbox 190 3530 1765 3607; baseline 0.004 -24"><span class='ocrx_word' id='word_1_471' title='bbox 190 3530 419 3583; x_wconf 72' lang='grc' dir='ltr'>ἐπὶτῶν</span> <span class='ocrx_word' id='word_1_472' title='bbox 444 3531 619 3584; x_wconf 79' lang='grc' dir='ltr'>ποδῶν</span> <span class='ocrx_word' id='word_1_473' title='bbox 656 3550 756 3600; x_wconf 90' lang='grc' dir='ltr'><strong>μου</strong></span> <span class='ocrx_word' id='word_1_474' title='bbox 783 3532 1111 3603; x_wconf 81' lang='grc' dir='ltr'>καθήμενον.</span> <span class='ocrx_word' id='word_1_475' title='bbox 1154 3536 1213 3588; x_wconf 86' lang='lat'><strong>&#39;0</strong></span> <span class='ocrx_word' id='word_1_476' title='bbox 1260 3536 1317 3589; x_wconf 86' lang='grc' dir='ltr'>δὲ</span> <span class='ocrx_word' id='word_1_477' title='bbox 1353 3536 1558 3599; x_wconf 84' lang='grc' dir='ltr'>εὐθέως</span> <span class='ocrx_word' id='word_1_478' title='bbox 1599 3538 1765 3607; x_wconf 80' lang='grc' dir='ltr'>ἀορά-</span> 
     </span>
    </p>
   </div>
   <div class='ocr_carea' id='block_1_66' title="bbox 188 3624 1763 3699">
    <p class='ocr_par' dir='ltr' id='par_1_66' title="bbox 188 3624 1763 3699">
     <span class='ocr_line' id='line_1_66' title="bbox 188 3624 1763 3699; baseline 0.005 -26"><span class='ocrx_word' id='word_1_479' title='bbox 188 3639 295 3684; x_wconf 74' lang='grc' dir='ltr'><strong>τως</strong></span> <span class='ocrx_word' id='word_1_480' title='bbox 323 3624 575 3675; x_wconf 70' lang='grc' dir='ltr'>ἐπότισεν</span> <span class='ocrx_word' id='word_1_481' title='bbox 603 3624 785 3687; x_wconf 83' lang='grc' dir='ltr'>αὐτὸν,</span> <span class='ocrx_word' id='word_1_482' title='bbox 819 3625 913 3676; x_wconf 65' lang='grc' dir='ltr'><strong>καὶ</strong></span> <span class='ocrx_word' id='word_1_483' title='bbox 940 3628 1138 3696; x_wconf 74' lang='grc' dir='ltr'>ήρξατο</span> <span class='ocrx_word' id='word_1_484' title='bbox 1171 3626 1200 3679; x_wconf 87' lang='lat'><strong>6</strong></span> <span class='ocrx_word' id='word_1_485' title='bbox 1232 3629 1361 3690; x_wconf 88' lang='grc' dir='ltr'>παῖς</span> <span class='ocrx_word' id='word_1_486' title='bbox 1408 3629 1763 3699; x_wconf 75' lang='grc' dir='ltr'>παραπλήσια</span> 
     </span>
    </p>
   </div>
   <div class='ocr_carea' id='block_1_67' title="bbox 194 3716 1763 3789">
    <p class='ocr_par' dir='ltr' id='par_1_67' title="bbox 194 3716 1763 3789">
     <span class='ocr_line' id='line_1_67' title="bbox 194 3716 1763 3789; baseline 0.005 -25"><span class='ocrx_word' id='word_1_487' title='bbox 194 3716 451 3783; x_wconf 75' lang='grc' dir='ltr'>σχήματα</span> <span class='ocrx_word' id='word_1_488' title='bbox 478 3717 737 3782; x_wconf 81' lang='grc' dir='ltr'>πράττειν</span> <span class='ocrx_word' id='word_1_489' title='bbox 763 3716 977 3770; x_wconf 73' lang='grc' dir='ltr'>ἐοικότα</span> <span class='ocrx_word' id='word_1_490' title='bbox 1004 3718 1075 3786; x_wconf 83' lang='grc' dir='ltr'>τῷ</span> <span class='ocrx_word' id='word_1_491' title='bbox 1107 3718 1350 3789; x_wconf 75' lang='grc' dir='ltr'>θεοφόρῳ</span> <span class='ocrx_word' id='word_1_492' title='bbox 1382 3721 1570 3788; x_wconf 75' lang='grc' dir='ltr'>πατρὶ,</span> <span class='ocrx_word' id='word_1_493' title='bbox 1615 3722 1763 3783; x_wconf 75' lang='grc' dir='ltr'>ὅστις</span> 
     </span>
    </p>
   </div>
   <div class='ocr_carea' id='block_1_68' title="bbox 192 3808 1764 3879">
    <p class='ocr_par' dir='ltr' id='par_1_68' title="bbox 192 3808 1764 3879">
     <span class='ocr_line' id='line_1_68' title="bbox 192 3808 1764 3879; baseline 0.003 -20"><span class='ocrx_word' id='word_1_494' title='bbox 192 3808 335 3878; x_wconf 78' lang='grc' dir='ltr'>ὀρῶν</span> <span class='ocrx_word' id='word_1_495' title='bbox 361 3808 525 3861; x_wconf 66' lang='grc' dir='ltr'>αὐτὸν</span> <span class='ocrx_word' id='word_1_496' title='bbox 552 3808 762 3876; x_wconf 76' lang='grc' dir='ltr'>ἐμειδία</span> <span class='ocrx_word' id='word_1_497' title='bbox 793 3809 1241 3879; x_wconf 69' lang='grc' dir='ltr'>εὐφραινόμενος.</span> <span class='ocrx_word' id='word_1_498' title='bbox 1275 3809 1332 3861; x_wconf 92' lang='lat'><strong>&#39;0</strong></span> <span class='ocrx_word' id='word_1_499' title='bbox 1352 3811 1406 3863; x_wconf 84' lang='grc' dir='ltr'>δὲ</span> <span class='ocrx_word' id='word_1_500' title='bbox 1450 3811 1764 3879; x_wconf 82' lang='grc' dir='ltr'>Ἐπιφάνιος</span> 
     </span>
    </p>
   </div>
   <div class='ocr_carea' id='block_1_69' title="bbox 194 3902 1766 3973">
    <p class='ocr_par' dir='ltr' id='par_1_69' title="bbox 194 3902 1766 3973">
     <span class='ocr_line' id='line_1_69' title="bbox 194 3902 1766 3973; baseline 0.003 -18"><span class='ocrx_word' id='word_1_501' title='bbox 194 3904 338 3972; x_wconf 77' lang='grc' dir='ltr'>ὁρῶν</span> <span class='ocrx_word' id='word_1_502' title='bbox 368 3902 428 3954; x_wconf 73' lang='grc' dir='ltr'>τὸ</span> <span class='ocrx_word' id='word_1_503' title='bbox 456 3902 677 3969; x_wconf 76' lang='grc' dir='ltr'>γεγονὸς</span> <span class='ocrx_word' id='word_1_504' title='bbox 703 3903 997 3973; x_wconf 75' lang='grc' dir='ltr'>ἐταράχθη,</span> <span class='ocrx_word' id='word_1_505' title='bbox 1022 3903 1278 3971; x_wconf 64' lang='grc' dir='ltr'>φοϐηθετς</span> <span class='ocrx_word' id='word_1_506' title='bbox 1306 3905 1377 3973; x_wconf 88' lang='grc' dir='ltr'><strong>μή</strong></span> <span class='ocrx_word' id='word_1_507' title='bbox 1412 3921 1539 3957; x_wconf 82' lang='grc' dir='ltr'>ποτε</span> <span class='ocrx_word' id='word_1_508' title='bbox 1569 3908 1766 3959; x_wconf 84' lang='grc' dir='ltr'>ὲπανα-</span> 
     </span>
    </p>
   </div>
   <div class='ocr_carea' id='block_1_70' title="bbox 198 3996 1766 4066">
    <p class='ocr_par' dir='ltr' id='par_1_70' title="bbox 198 3996 1766 4066">
     <span class='ocr_line' id='line_1_70' title="bbox 198 3996 1766 4066; baseline 0.003 -19"><span class='ocrx_word' id='word_1_509' title='bbox 198 3996 394 4065; x_wconf 77' lang='grc' dir='ltr'>δράμῃ</span> <span class='ocrx_word' id='word_1_510' title='bbox 430 3996 580 4048; x_wconf 80' lang='grc' dir='ltr'>πᾶσα</span> <span class='ocrx_word' id='word_1_511' title='bbox 617 3996 988 4065; x_wconf 84' lang='grc' dir='ltr'>ἀγανάκτησις</span> <span class='ocrx_word' id='word_1_512' title='bbox 1036 3996 1131 4048; x_wconf 84' lang='grc' dir='ltr'>τοῦ</span> <span class='ocrx_word' id='word_1_513' title='bbox 1185 3997 1391 4066; x_wconf 80' lang='grc' dir='ltr'>πατρὸς</span> <span class='ocrx_word' id='word_1_514' title='bbox 1431 3996 1617 4061; x_wconf 76' lang='grc' dir='ltr'>αὑτοῦ,</span> <span class='ocrx_word' id='word_1_515' title='bbox 1672 3999 1766 4051; x_wconf 60' lang='grc' dir='ltr'>καὶ.</span> 
     </span>
    </p>
   </div>
   <div class='ocr_carea' id='block_1_71' title="bbox 196 4087 1763 4158">
    <p class='ocr_par' dir='ltr' id='par_1_71' title="bbox 196 4087 1763 4158">
     <span class='ocr_line' id='line_1_71' title="bbox 196 4087 1763 4158; baseline 0.001 -19"><span class='ocrx_word' id='word_1_516' title='bbox 196 4090 349 4155; x_wconf 75' lang='grc' dir='ltr'>λέγει</span> <span class='ocrx_word' id='word_1_517' title='bbox 384 4089 522 4157; x_wconf 76' lang='grc' dir='ltr'>πρὸς</span> <span class='ocrx_word' id='word_1_518' title='bbox 547 4088 639 4141; x_wconf 86' lang='grc' dir='ltr'><strong>τὸν</strong></span> <span class='ocrx_word' id='word_1_519' title='bbox 669 4088 953 4158; x_wconf 85' lang='grc' dir='ltr'>Μακάριον</span> <span class='ocrx_word' id='word_1_520' title='bbox 982 4104 997 4120; x_wconf 87' lang='grc'><strong>·</strong></span> <span class='ocrx_word' id='word_1_521' title='bbox 1041 4087 1246 4157; x_wconf 82' lang='grc' dir='ltr'>Δέομαί</span> <span class='ocrx_word' id='word_1_522' title='bbox 1297 4105 1414 4152; x_wconf 88' lang='grc' dir='ltr'>σου,</span> <span class='ocrx_word' id='word_1_523' title='bbox 1467 4088 1619 4142; x_wconf 76' lang='grc' dir='ltr'>δοῦλε</span> <span class='ocrx_word' id='word_1_524' title='bbox 1671 4088 1763 4142; x_wconf 79' lang='grc' dir='ltr'>τοῦ</span> 
     </span>
    </p>
   </div>
   <div class='ocr_carea' id='block_1_72' title="bbox 193 4176 1764 4248">
    <p class='ocr_par' dir='ltr' id='par_1_72' title="bbox 193 4176 1764 4248">
     <span class='ocr_line' id='line_1_72' title="bbox 193 4176 1764 4248; baseline 0.001 -20"><span class='ocrx_word' id='word_1_525' title='bbox 193 4176 352 4239; x_wconf 80' lang='grc' dir='ltr'>Θεοῦ,</span> <span class='ocrx_word' id='word_1_526' title='bbox 393 4177 469 4245; x_wconf 79' lang='grc' dir='ltr'><strong>μή</strong></span> <span class='ocrx_word' id='word_1_527' title='bbox 493 4177 726 4247; x_wconf 82' lang='grc' dir='ltr'>ποιήσῃς</span> <span class='ocrx_word' id='word_1_528' title='bbox 748 4184 907 4229; x_wconf 81' lang='grc' dir='ltr'>τοῦτο</span> <span class='ocrx_word' id='word_1_529' title='bbox 934 4177 995 4229; x_wconf 86' lang='grc' dir='ltr'><strong>τὸ</strong></span> <span class='ocrx_word' id='word_1_530' title='bbox 1041 4177 1275 4246; x_wconf 79' lang='grc' dir='ltr'>πρᾶγμα</span> <span class='ocrx_word' id='word_1_531' title='bbox 1320 4178 1413 4229; x_wconf 66' lang='grc' dir='ltr'>επὶ</span> <span class='ocrx_word' id='word_1_532' title='bbox 1457 4177 1533 4247; x_wconf 82' lang='grc' dir='ltr'>τῷ</span> <span class='ocrx_word' id='word_1_533' title='bbox 1581 4177 1764 4248; x_wconf 83' lang='grc' dir='ltr'>οἰκέτῃ</span> 
     </span>
    </p>
   </div>
   <div class='ocr_carea' id='block_1_73' title="bbox 193 4269 1763 4340">
    <p class='ocr_par' dir='ltr' id='par_1_73' title="bbox 193 4269 1763 4340">
     <span class='ocr_line' id='line_1_73' title="bbox 193 4269 1763 4340; baseline 0 -19"><span class='ocrx_word' id='word_1_534' title='bbox 193 4271 291 4322; x_wconf 74' lang='grc' dir='ltr'><strong>τοῦ</strong></span> <span class='ocrx_word' id='word_1_535' title='bbox 325 4269 533 4338; x_wconf 87' lang='grc' dir='ltr'>πατρός</span> <span class='ocrx_word' id='word_1_536' title='bbox 564 4287 693 4338; x_wconf 89' lang='grc' dir='ltr'>μου,</span> <span class='ocrx_word' id='word_1_537' title='bbox 726 4271 799 4339; x_wconf 88' lang='grc' dir='ltr'><strong>μή</strong></span> <span class='ocrx_word' id='word_1_538' title='bbox 831 4285 960 4321; x_wconf 78' lang='grc' dir='ltr'>ποτε</span> <span class='ocrx_word' id='word_1_539' title='bbox 990 4270 1083 4321; x_wconf 75' lang='grc' dir='ltr'>καὶ</span> <span class='ocrx_word' id='word_1_540' title='bbox 1113 4270 1274 4332; x_wconf 80' lang='grc' dir='ltr'>αὐτὸς</span> <span class='ocrx_word' id='word_1_541' title='bbox 1324 4269 1763 4340; x_wconf 74' lang='grc' dir='ltr'>ὲξουδενωθείσῃ,</span> 
     </span>
    </p>
   </div>
   <div class='ocr_carea' id='block_1_74' title="bbox 196 4358 1765 4429">
    <p class='ocr_par' dir='ltr' id='par_1_74' title="bbox 196 4358 1765 4429">
     <span class='ocr_line' id='line_1_74' title="bbox 196 4358 1765 4429; baseline 0 -18"><span class='ocrx_word' id='word_1_542' title='bbox 196 4362 289 4411; x_wconf 74' lang='grc' dir='ltr'><strong>καὶ</strong></span> <span class='ocrx_word' id='word_1_543' title='bbox 326 4361 354 4410; x_wconf 88' lang='lat'><strong>6</strong></span> <span class='ocrx_word' id='word_1_544' title='bbox 384 4360 516 4421; x_wconf 80' lang='grc' dir='ltr'>Θεὸς</span> <span class='ocrx_word' id='word_1_545' title='bbox 548 4360 666 4411; x_wconf 81' lang='grc' dir='ltr'>ἀντὶ</span> <span class='ocrx_word' id='word_1_546' title='bbox 692 4358 898 4425; x_wconf 67' lang='grc' dir='ltr'>ἀγαθοῦ</span> <span class='ocrx_word' id='word_1_547' title='bbox 930 4358 1481 4429; x_wconf 74' lang='grc' dir='ltr'>βλασφημηθήσεται,</span> <span class='ocrx_word' id='word_1_548' title='bbox 1530 4364 1625 4411; x_wconf 78' lang='grc' dir='ltr'>καὶ</span> <span class='ocrx_word' id='word_1_549' title='bbox 1665 4359 1765 4428; x_wconf 76' lang='grc' dir='ltr'><strong>ἐμὲ</strong></span> 
     </span>
    </p>
   </div>
   <div class='ocr_carea' id='block_1_75' title="bbox 201 4448 1765 4520">
    <p class='ocr_par' dir='ltr' id='par_1_75' title="bbox 201 4448 1765 4520">
     <span class='ocr_line' id='line_1_75' title="bbox 201 4448 1765 4520; baseline 0.002 -19"><span class='ocrx_word' id='word_1_550' title='bbox 201 4450 579 4520; x_wconf 72' lang='grc' dir='ltr'>μεμισημένον</span> <span class='ocrx_word' id='word_1_551' title='bbox 607 4449 701 4502; x_wconf 76' lang='grc' dir='ltr'><strong>καὶ</strong></span> <span class='ocrx_word' id='word_1_552' title='bbox 735 4450 1007 4518; x_wconf 74' lang='grc' dir='ltr'>ἐπάρατον</span> <span class='ocrx_word' id='word_1_553' title='bbox 1024 4448 1201 4518; x_wconf 79' lang='grc' dir='ltr'>δείξῃς</span> <span class='ocrx_word' id='word_1_554' title='bbox 1227 4450 1304 4519; x_wconf 82' lang='grc' dir='ltr'>τῷ</span> <span class='ocrx_word' id='word_1_555' title='bbox 1330 4452 1634 4520; x_wconf 80' lang='grc' dir='ltr'>γεννήτορι,</span> <span class='ocrx_word' id='word_1_556' title='bbox 1671 4452 1765 4504; x_wconf 76' lang='grc' dir='ltr'>καὶ</span> 
     </span>
    </p>
   </div>
   <div class='ocr_carea' id='block_1_76' title="bbox 1873 3263 3436 3338">
    <p class='ocr_par' dir='ltr' id='par_1_76' title="bbox 1873 3263 3436 3338">
     <span class='ocr_line' id='line_1_76' title="bbox 1873 3263 3436 3338; baseline -0.006 -17"><span class='ocrx_word' id='word_1_557' title='bbox 1873 3270 2079 3338; x_wconf 73' lang='lat' dir='ltr'><strong>Angelo</strong></span> <span class='ocrx_word' id='word_1_558' title='bbox 2116 3269 2347 3323; x_wconf 86' lang='lat' dir='ltr'><strong>adstanti</strong></span> <span class='ocrx_word' id='word_1_559' title='bbox 2373 3268 2476 3322; x_wconf 84' lang='lat' dir='ltr'><strong>sibi</strong></span> <span class='ocrx_word' id='word_1_560' title='bbox 2510 3286 2523 3321; x_wconf 90' lang='lat'><strong>:</strong></span> <span class='ocrx_word' id='word_1_561' title='bbox 2562 3265 2725 3334; x_wconf 90' lang='lat' dir='ltr'><strong>Imple</strong></span> <span class='ocrx_word' id='word_1_562' title='bbox 2756 3266 2979 3319; x_wconf 88' lang='lat' dir='ltr'><strong>calicem</strong></span> <span class='ocrx_word' id='word_1_563' title='bbox 3020 3266 3161 3316; x_wconf 88' lang='lat' dir='ltr'><strong>hunc</strong></span> <span class='ocrx_word' id='word_1_564' title='bbox 3218 3263 3436 3330; x_wconf 68' lang='lat' dir='ltr'><strong>liquida:</strong></span> 
     </span>
    </p>
   </div>
   <div class='ocr_carea' id='block_1_77' title="bbox 1876 3351 3437 3428">
    <p class='ocr_par' dir='ltr' id='par_1_77' title="bbox 1876 3351 3437 3428">
     <span class='ocr_line' id='line_1_77' title="bbox 1876 3351 3437 3428; baseline -0.006 -15"><span class='ocrx_word' id='word_1_565' title='bbox 1876 3360 2166 3428; x_wconf 77' lang='lat' dir='ltr'><strong>voluptatis</strong></span> <span class='ocrx_word' id='word_1_566' title='bbox 2215 3374 2382 3424; x_wconf 75' lang='lat' dir='ltr'><strong>n&#39;ero,</strong></span> <span class='ocrx_word' id='word_1_567' title='bbox 2443 3359 2598 3427; x_wconf 85' lang='lat' dir='ltr'><strong>cujus</strong></span> <span class='ocrx_word' id='word_1_568' title='bbox 2648 3357 2774 3409; x_wconf 91' lang='lat' dir='ltr'><strong>olim</strong></span> <span class='ocrx_word' id='word_1_569' title='bbox 2822 3364 2980 3424; x_wconf 81' lang='lat' dir='ltr'><strong>gustu</strong></span> <span class='ocrx_word' id='word_1_570' title='bbox 3016 3355 3211 3407; x_wconf 74' lang='lat' dir='ltr'><strong>divina:</strong></span> <span class='ocrx_word' id='word_1_571' title='bbox 3251 3351 3437 3422; x_wconf 71' lang='lat' dir='ltr'><strong>gratia:</strong></span> 
     </span>
    </p>
   </div>
   <div class='ocr_carea' id='block_1_78' title="bbox 1870 3444 3431 3516">
    <p class='ocr_par' dir='ltr' id='par_1_78' title="bbox 1870 3444 3431 3516">
     <span class='ocr_line' id='line_1_78' title="bbox 1870 3444 3431 3516; baseline -0.007 -11"><span class='ocrx_word' id='word_1_572' title='bbox 1870 3452 2027 3506; x_wconf 86' lang='lat' dir='ltr'><strong>donis</strong></span> <span class='ocrx_word' id='word_1_573' title='bbox 2076 3450 2380 3505; x_wconf 90' lang='lat' dir='ltr'><strong>cumulatus</strong></span> <span class='ocrx_word' id='word_1_574' title='bbox 2430 3464 2573 3503; x_wconf 90' lang='lat' dir='ltr'><strong>sum.</strong></span> <span class='ocrx_word' id='word_1_575' title='bbox 2641 3447 2963 3516; x_wconf 89' lang='lat' dir='ltr'><strong>Parentique</strong></span> <span class='ocrx_word' id='word_1_576' title='bbox 3025 3461 3147 3498; x_wconf 84' lang='lat' dir='ltr'><strong>mox</strong></span> <span class='ocrx_word' id='word_1_577' title='bbox 3198 3444 3431 3512; x_wconf 86' lang='lat' dir='ltr'><strong>angelo:</strong></span> 
     </span>
    </p>
   </div>
   <div class='ocr_carea' id='block_1_79' title="bbox 1870 3540 3439 3610">
    <p class='ocr_par' dir='ltr' id='par_1_79' title="bbox 1870 3540 3439 3610">
     <span class='ocr_line' id='line_1_79' title="bbox 1870 3540 3439 3610; baseline -0.008 -12"><span class='ocrx_word' id='word_1_578' title='bbox 1870 3548 1941 3601; x_wconf 88' lang='lat' dir='ltr'><strong>Ua</strong></span> <span class='ocrx_word' id='word_1_579' title='bbox 1980 3583 1995 3608; x_wconf 91' lang='lat'><strong>,</strong></span> <span class='ocrx_word' id='word_1_580' title='bbox 2069 3542 2265 3610; x_wconf 85' lang='lat' dir='ltr'><strong>inquit,</strong></span> <span class='ocrx_word' id='word_1_581' title='bbox 2318 3540 2393 3594; x_wconf 90' lang='lat' dir='ltr'><strong>illi</strong></span> <span class='ocrx_word' id='word_1_582' title='bbox 2429 3542 2493 3593; x_wconf 88' lang='lat' dir='ltr'><strong>ad</strong></span> <span class='ocrx_word' id='word_1_583' title='bbox 2530 3540 2693 3609; x_wconf 84' lang='lat' dir='ltr'><strong>pedes</strong></span> <span class='ocrx_word' id='word_1_584' title='bbox 2750 3553 2896 3592; x_wconf 87' lang='lat' dir='ltr'><strong>meos</strong></span> <span class='ocrx_word' id='word_1_585' title='bbox 2934 3545 3205 3606; x_wconf 86' lang='lat' dir='ltr'><strong>prostrato</strong></span> <span class='ocrx_word' id='word_1_586' title='bbox 3245 3547 3439 3604; x_wconf 81' lang='lat' dir='ltr'><strong>potan-</strong></span> 
     </span>
    </p>
   </div>
   <div class='ocr_carea' id='block_1_80' title="bbox 1864 3627 3432 3698">
    <p class='ocr_par' dir='ltr' id='par_1_80' title="bbox 1864 3627 3432 3698">
     <span class='ocr_line' id='line_1_80' title="bbox 1864 3627 3432 3698; baseline -0.006 -10"><span class='ocrx_word' id='word_1_587' title='bbox 1864 3636 2014 3688; x_wconf 87' lang='lat' dir='ltr'><strong>dum.</strong></span> <span class='ocrx_word' id='word_1_588' title='bbox 2068 3631 2222 3698; x_wconf 80' lang='lat' dir='ltr'><strong>Quod</strong></span> <span class='ocrx_word' id='word_1_589' title='bbox 2284 3631 2481 3685; x_wconf 83' lang='lat' dir='ltr'><strong>factum</strong></span> <span class='ocrx_word' id='word_1_590' title='bbox 2534 3631 2806 3684; x_wconf 90' lang='lat' dir='ltr'><strong>continuo</strong></span> <span class='ocrx_word' id='word_1_591' title='bbox 2840 3638 2924 3683; x_wconf 87' lang='lat' dir='ltr'><strong>est</strong></span> <span class='ocrx_word' id='word_1_592' title='bbox 2956 3627 3432 3695; x_wconf 78' lang='lat' dir='ltr'><strong>modoiwisibili;</strong></span> 
     </span>
    </p>
   </div>
   <div class='ocr_carea' id='block_1_81' title="bbox 1865 3722 3437 3795">
    <p class='ocr_par' dir='ltr' id='par_1_81' title="bbox 1865 3722 3437 3795">
     <span class='ocr_line' id='line_1_81' title="bbox 1865 3722 3437 3795; baseline -0.004 -14"><span class='ocrx_word' id='word_1_593' title='bbox 1865 3728 2135 3795; x_wconf 53' lang='lat' dir='ltr'><strong>capitque</strong></span> <span class='ocrx_word' id='word_1_594' title='bbox 2166 3724 2396 3777; x_wconf 80' lang='lat' dir='ltr'><strong>famulus</strong></span> <span class='ocrx_word' id='word_1_595' title='bbox 2434 3723 2640 3776; x_wconf 85' lang='lat' dir='ltr'><strong>similes</strong></span> <span class='ocrx_word' id='word_1_596' title='bbox 2684 3724 2839 3790; x_wconf 82' lang='lat' dir='ltr'><strong>plane</strong></span> <span class='ocrx_word' id='word_1_597' title='bbox 2903 3730 3087 3791; x_wconf 86' lang='lat' dir='ltr'><strong>gestus</strong></span> <span class='ocrx_word' id='word_1_598' title='bbox 3131 3722 3437 3788; x_wconf 80' lang='lat' dir='ltr'><strong>exprimere</strong></span> 
     </span>
    </p>
   </div>
   <div class='ocr_carea' id='block_1_82' title="bbox 1865 3814 3436 3887">
    <p class='ocr_par' dir='ltr' id='par_1_82' title="bbox 1865 3814 3436 3887">
     <span class='ocr_line' id='line_1_82' title="bbox 1865 3814 3436 3887; baseline -0.004 -16"><span class='ocrx_word' id='word_1_599' title='bbox 1865 3818 2057 3872; x_wconf 83' lang='lat' dir='ltr'><strong>deiferi</strong></span> <span class='ocrx_word' id='word_1_600' title='bbox 2111 3817 2277 3887; x_wconf 89' lang='lat' dir='ltr'><strong>patris</strong></span> <span class='ocrx_word' id='word_1_601' title='bbox 2320 3815 2564 3878; x_wconf 56' lang='lat' dir='ltr'><strong>Andreae,</strong></span> <span class='ocrx_word' id='word_1_602' title='bbox 2608 3816 2698 3884; x_wconf 90' lang='lat' dir='ltr'><strong>qui</strong></span> <span class='ocrx_word' id='word_1_603' title='bbox 2747 3815 2894 3867; x_wconf 91' lang='lat' dir='ltr'><strong>illum</strong></span> <span class='ocrx_word' id='word_1_604' title='bbox 2952 3814 3291 3882; x_wconf 80' lang='lat' dir='ltr'><strong>conspiciens</strong></span> <span class='ocrx_word' id='word_1_605' title='bbox 3329 3828 3436 3866; x_wconf 90' lang='lat' dir='ltr'><strong>non</strong></span> 
     </span>
    </p>
   </div>
   <div class='ocr_carea' id='block_1_83' title="bbox 1865 3906 3437 3976">
    <p class='ocr_par' dir='ltr' id='par_1_83' title="bbox 1865 3906 3437 3976">
     <span class='ocr_line' id='line_1_83' title="bbox 1865 3906 3437 3976; baseline -0.003 -14"><span class='ocrx_word' id='word_1_606' title='bbox 1865 3923 1925 3963; x_wconf 89' lang='lat' dir='ltr'><strong>se</strong></span> <span class='ocrx_word' id='word_1_607' title='bbox 1975 3908 2294 3976; x_wconf 82' lang='lat' dir='ltr'><strong>temperavit</strong></span> <span class='ocrx_word' id='word_1_608' title='bbox 2350 3922 2379 3959; x_wconf 90' lang='lat' dir='ltr'><strong>a</strong></span> <span class='ocrx_word' id='word_1_609' title='bbox 2411 3906 2545 3960; x_wconf 87' lang='lat' dir='ltr'><strong>risu.</strong></span> <span class='ocrx_word' id='word_1_610' title='bbox 2609 3906 2678 3958; x_wconf 87' lang='lat' dir='ltr'><strong>At</strong></span> <span class='ocrx_word' id='word_1_611' title='bbox 2718 3906 3054 3973; x_wconf 83' lang='lat' dir='ltr'><strong>Epiphanius</strong></span> <span class='ocrx_word' id='word_1_612' title='bbox 3088 3906 3161 3958; x_wconf 89' lang='lat' dir='ltr'><strong>rei</strong></span> <span class='ocrx_word' id='word_1_613' title='bbox 3199 3906 3437 3958; x_wconf 81' lang='lat' dir='ltr'><strong>novitate</strong></span> 
     </span>
    </p>
   </div>
   <div class='ocr_carea' id='block_1_84' title="bbox 1867 3995 3437 4068">
    <p class='ocr_par' dir='ltr' id='par_1_84' title="bbox 1867 3995 3437 4068">
     <span class='ocr_line' id='line_1_84' title="bbox 1867 3995 3437 4068; baseline -0.003 -15"><span class='ocrx_word' id='word_1_614' title='bbox 1867 3998 2136 4059; x_wconf 86' lang='lat' dir='ltr'><strong>turbatus,</strong></span> <span class='ocrx_word' id='word_1_615' title='bbox 2173 3998 2505 4068; x_wconf 89' lang='lat' dir='ltr'><strong>veritusque,</strong></span> <span class='ocrx_word' id='word_1_616' title='bbox 2561 4011 2629 4051; x_wconf 92' lang='lat' dir='ltr'><strong>ne</strong></span> <span class='ocrx_word' id='word_1_617' title='bbox 2654 3996 2791 4064; x_wconf 85' lang='lat' dir='ltr'><strong>patri</strong></span> <span class='ocrx_word' id='word_1_618' title='bbox 2825 3995 2950 4050; x_wconf 88' lang='lat' dir='ltr'><strong>hinc</strong></span> <span class='ocrx_word' id='word_1_619' title='bbox 2983 4009 3083 4049; x_wconf 90' lang='lat' dir='ltr'><strong>suo</strong></span> <span class='ocrx_word' id='word_1_620' title='bbox 3126 4010 3437 4049; x_wconf 81' lang='lat' dir='ltr'><strong>commove-</strong></span> 
     </span>
    </p>
   </div>
   <div class='ocr_carea' id='block_1_85' title="bbox 1869 4084 3435 4155">
    <p class='ocr_par' dir='ltr' id='par_1_85' title="bbox 1869 4084 3435 4155">
     <span class='ocr_line' id='line_1_85' title="bbox 1869 4084 3435 4155; baseline -0.003 -12"><span class='ocrx_word' id='word_1_621' title='bbox 1869 4099 2019 4144; x_wconf 89' lang='lat' dir='ltr'><strong>retur</strong></span> <span class='ocrx_word' id='word_1_622' title='bbox 2044 4089 2187 4154; x_wconf 77' lang='lat' dir='ltr'><strong>bilis,</strong></span> <span class='ocrx_word' id='word_1_623' title='bbox 2241 4088 2436 4143; x_wconf 89' lang='lat' dir='ltr'><strong>talibus</strong></span> <span class='ocrx_word' id='word_1_624' title='bbox 2463 4087 2724 4143; x_wconf 90' lang='lat' dir='ltr'><strong>Sanctum</strong></span> <span class='ocrx_word' id='word_1_625' title='bbox 2774 4085 3022 4155; x_wconf 89' lang='lat' dir='ltr'><strong>precibus</strong></span> <span class='ocrx_word' id='word_1_626' title='bbox 3059 4084 3285 4140; x_wconf 90' lang='lat' dir='ltr'><strong>adorsus</strong></span> <span class='ocrx_word' id='word_1_627' title='bbox 3312 4096 3435 4141; x_wconf 84' lang='lat' dir='ltr'><strong>est:</strong></span> 
     </span>
    </p>
   </div>
   <div class='ocr_carea' id='block_1_86' title="bbox 1864 4178 3435 4247">
    <p class='ocr_par' dir='ltr' id='par_1_86' title="bbox 1864 4178 3435 4247">
     <span class='ocr_line' id='line_1_86' title="bbox 1864 4178 3435 4247; baseline -0.003 -12"><span class='ocrx_word' id='word_1_628' title='bbox 1864 4183 2073 4236; x_wconf 82' lang='lat' dir='ltr'><strong>Amabo</strong></span> <span class='ocrx_word' id='word_1_629' title='bbox 2144 4191 2217 4243; x_wconf 88' lang='lat' dir='ltr'><strong>te,</strong></span> <span class='ocrx_word' id='word_1_630' title='bbox 2263 4180 2462 4235; x_wconf 85' lang='lat' dir='ltr'><strong>latnule</strong></span> <span class='ocrx_word' id='word_1_631' title='bbox 2517 4181 2632 4245; x_wconf 88' lang='lat' dir='ltr'><strong>Dei,</strong></span> <span class='ocrx_word' id='word_1_632' title='bbox 2682 4194 2750 4233; x_wconf 88' lang='lat' dir='ltr'><strong>ne</strong></span> <span class='ocrx_word' id='word_1_633' title='bbox 2800 4179 2891 4231; x_wconf 90' lang='lat' dir='ltr'><strong>tali</strong></span> <span class='ocrx_word' id='word_1_634' title='bbox 2928 4180 3089 4232; x_wconf 89' lang='lat' dir='ltr'><strong>modo</strong></span> <span class='ocrx_word' id='word_1_635' title='bbox 3118 4178 3287 4247; x_wconf 84' lang='lat' dir='ltr'><strong>patris</strong></span> <span class='ocrx_word' id='word_1_636' title='bbox 3333 4178 3435 4231; x_wconf 87' lang='lat' dir='ltr'><strong>mei</strong></span> 
     </span>
    </p>
   </div>
   <div class='ocr_carea' id='block_1_87' title="bbox 1870 4268 3435 4341">
    <p class='ocr_par' dir='ltr' id='par_1_87' title="bbox 1870 4268 3435 4341">
     <span class='ocr_line' id='line_1_87' title="bbox 1870 4268 3435 4341; baseline -0.003 -15"><span class='ocrx_word' id='word_1_637' title='bbox 1870 4273 2134 4327; x_wconf 83' lang='lat' dir='ltr'><strong>famulum</strong></span> <span class='ocrx_word' id='word_1_638' title='bbox 2171 4272 2308 4327; x_wconf 78' lang='lat' dir='ltr'><strong>alIici</strong></span> <span class='ocrx_word' id='word_1_639' title='bbox 2350 4271 2611 4341; x_wconf 86' lang='lat' dir='ltr'><strong>patiaris;</strong></span> <span class='ocrx_word' id='word_1_640' title='bbox 2646 4285 2713 4324; x_wconf 88' lang='lat' dir='ltr'><strong>nc</strong></span> <span class='ocrx_word' id='word_1_641' title='bbox 2736 4270 2875 4324; x_wconf 81' lang='lat' dir='ltr'><strong>forte</strong></span> <span class='ocrx_word' id='word_1_642' title='bbox 2906 4278 2959 4323; x_wconf 88' lang='lat' dir='ltr'><strong>et</strong></span> <span class='ocrx_word' id='word_1_643' title='bbox 2979 4279 3032 4322; x_wconf 93' lang='lat' dir='ltr'><strong>tu</strong></span> <span class='ocrx_word' id='word_1_644' title='bbox 3081 4270 3194 4338; x_wconf 83' lang='lat' dir='ltr'><strong>ipse</strong></span> <span class='ocrx_word' id='word_1_645' title='bbox 3235 4268 3435 4322; x_wconf 90' lang='lat' dir='ltr'><strong>malum</strong></span> 
     </span>
    </p>
   </div>
   <div class='ocr_carea' id='block_1_88' title="bbox 1868 4358 3437 4429">
    <p class='ocr_par' dir='ltr' id='par_1_88' title="bbox 1868 4358 3437 4429">
     <span class='ocr_line' id='line_1_88' title="bbox 1868 4358 3437 4429; baseline -0.004 -11"><span class='ocrx_word' id='word_1_646' title='bbox 1868 4364 1962 4418; x_wconf 90' lang='lat' dir='ltr'><strong>tibi</strong></span> <span class='ocrx_word' id='word_1_647' title='bbox 2013 4378 2282 4427; x_wconf 86' lang='lat' dir='ltr'><strong>accersas,</strong></span> <span class='ocrx_word' id='word_1_648' title='bbox 2312 4371 2365 4416; x_wconf 90' lang='lat' dir='ltr'><strong>et</strong></span> <span class='ocrx_word' id='word_1_649' title='bbox 2416 4361 2556 4416; x_wconf 87' lang='lat' dir='ltr'><strong>Deus</strong></span> <span class='ocrx_word' id='word_1_650' title='bbox 2587 4376 2682 4429; x_wconf 91' lang='lat' dir='ltr'><strong>pro</strong></span> <span class='ocrx_word' id='word_1_651' title='bbox 2709 4360 2864 4413; x_wconf 87' lang='lat' dir='ltr'><strong>bonis</strong></span> <span class='ocrx_word' id='word_1_652' title='bbox 2896 4360 3260 4427; x_wconf 76' lang='lat' dir='ltr'><strong>hlaSpbemias</strong></span> <span class='ocrx_word' id='word_1_653' title='bbox 3292 4358 3437 4413; x_wconf 85' lang='lat' dir='ltr'><strong>reci-</strong></span> 
     </span>
    </p>
   </div>
   <div class='ocr_carea' id='block_1_89' title="bbox 1866 4451 3437 4526">
    <p class='ocr_par' dir='ltr' id='par_1_89' title="bbox 1866 4451 3437 4526">
     <span class='ocr_line' id='line_1_89' title="bbox 1866 4451 3437 4526; baseline -0.003 -16"><span class='ocrx_word' id='word_1_654' title='bbox 1866 4456 1998 4526; x_wconf 86' lang='lat' dir='ltr'><strong>piat,</strong></span> <span class='ocrx_word' id='word_1_655' title='bbox 2047 4465 2103 4510; x_wconf 90' lang='lat' dir='ltr'><strong>et</strong></span> <span class='ocrx_word' id='word_1_656' title='bbox 2135 4471 2222 4510; x_wconf 92' lang='lat' dir='ltr'><strong>me</strong></span> <span class='ocrx_word' id='word_1_657' title='bbox 2245 4454 2381 4524; x_wconf 86' lang='lat' dir='ltr'><strong>patri</strong></span> <span class='ocrx_word' id='word_1_658' title='bbox 2417 4467 2539 4507; x_wconf 91' lang='lat' dir='ltr'><strong>meo</strong></span> <span class='ocrx_word' id='word_1_659' title='bbox 2564 4451 2813 4507; x_wconf 91' lang='lat' dir='ltr'><strong>odiosum</strong></span> <span class='ocrx_word' id='word_1_660' title='bbox 2841 4458 3002 4519; x_wconf 89' lang='lat' dir='ltr'><strong>atque</strong></span> <span class='ocrx_word' id='word_1_661' title='bbox 3042 4451 3437 4506; x_wconf 75' lang='lat' dir='ltr'><strong>exsecrandum</strong></span> 
     </span>
    </p>
   </div>
   <div class='ocr_carea' id='block_1_90' title="bbox 194 4519 1758 4614">
    <p class='ocr_par' dir='ltr' id='par_1_90' title="bbox 194 4540 1758 4612">
     <span class='ocr_line' id='line_1_90' title="bbox 194 4540 1758 4612; baseline 0 -19"><span class='ocrx_word' id='word_1_662' title='bbox 194 4543 291 4611; x_wconf 78' lang='grc' dir='ltr'><strong>οὐχ</strong></span> <span class='ocrx_word' id='word_1_663' title='bbox 326 4541 436 4605; x_wconf 78' lang='grc' dir='ltr'><strong>ἔξω</strong></span> <span class='ocrx_word' id='word_1_664' title='bbox 466 4540 557 4592; x_wconf 81' lang='grc' dir='ltr'>τοῦ</span> <span class='ocrx_word' id='word_1_665' title='bbox 593 4540 844 4593; x_wconf 72' lang='grc' dir='ltr'>ἐντεῦθεν</span> <span class='ocrx_word' id='word_1_666' title='bbox 890 4541 1280 4607; x_wconf 84' lang='grc' dir='ltr'>εἰσαγαγέσθαι</span> <span class='ocrx_word' id='word_1_667' title='bbox 1329 4556 1409 4592; x_wconf 88' lang='grc' dir='ltr'>σε.</span> <span class='ocrx_word' id='word_1_668' title='bbox 1456 4541 1758 4612; x_wconf 83' lang='grc' dir='ltr'>Παρακαλᾶ</span> 
     </span>
    </p>
   </div>
   <div class='ocr_carea' id='block_1_91' title="bbox 1855 4519 3438 4614">
    <p class='ocr_par' dir='ltr' id='par_1_91' title="bbox 1878 4542 3438 4614">
     <span class='ocr_line' id='line_1_91' title="bbox 1878 4542 3438 4614; baseline -0.003 -14"><span class='ocrx_word' id='word_1_669' title='bbox 1878 4548 2086 4609; x_wconf 87' lang='lat' dir='ltr'><strong>reddas,</strong></span> <span class='ocrx_word' id='word_1_670' title='bbox 2122 4561 2294 4614; x_wconf 88' lang='lat' dir='ltr'><strong>neque</strong></span> <span class='ocrx_word' id='word_1_671' title='bbox 2324 4544 2531 4599; x_wconf 89' lang='lat' dir='ltr'><strong>audebo</strong></span> <span class='ocrx_word' id='word_1_672' title='bbox 2571 4543 2827 4612; x_wconf 89' lang='lat' dir='ltr'><strong>deinceps</strong></span> <span class='ocrx_word' id='word_1_673' title='bbox 2861 4552 2912 4597; x_wconf 94' lang='lat' dir='ltr'><strong>te</strong></span> <span class='ocrx_word' id='word_1_674' title='bbox 2946 4543 3052 4597; x_wconf 90' lang='lat' dir='ltr'><strong>huc</strong></span> <span class='ocrx_word' id='word_1_675' title='bbox 3076 4542 3438 4597; x_wconf 88' lang='lat' dir='ltr'><strong>introducere.</strong></span> 
     </span>
    </p>
   </div>
   <div class='ocr_carea' id='block_1_92' title="bbox 195 4623 1773 4700">
    <p class='ocr_par' dir='ltr' id='par_1_92' title="bbox 195 4623 1773 4700">
     <span class='ocr_line' id='line_1_92' title="bbox 195 4623 1773 4700; baseline 0.003 -22"><span class='ocrx_word' id='word_1_676' title='bbox 195 4623 285 4679; x_wconf 71' lang='grc' dir='ltr'>οὖν</span> <span class='ocrx_word' id='word_1_677' title='bbox 342 4627 437 4679; x_wconf 74' lang='grc' dir='ltr'>καὶ</span> <span class='ocrx_word' id='word_1_678' title='bbox 482 4626 671 4695; x_wconf 80' lang='grc' dir='ltr'>δέομαι</span> <span class='ocrx_word' id='word_1_679' title='bbox 728 4628 802 4695; x_wconf 83' lang='grc' dir='ltr'><strong>μὴ</strong></span> <span class='ocrx_word' id='word_1_680' title='bbox 857 4626 1020 4696; x_wconf 82' lang='grc' dir='ltr'>κενήν</span> <span class='ocrx_word' id='word_1_681' title='bbox 1063 4626 1394 4698; x_wconf 76' lang='grc' dir='ltr'>ἀποπέμψῃς</span> <span class='ocrx_word' id='word_1_682' title='bbox 1438 4628 1536 4699; x_wconf 78' lang='grc' dir='ltr'><strong>τὴν</strong></span> <span class='ocrx_word' id='word_1_683' title='bbox 1586 4629 1773 4700; x_wconf 85' lang='grc' dir='ltr'>δέησίν</span> 
     </span>
    </p>
   </div>
   <div class='ocr_carea' id='block_1_93' title="bbox 199 4717 1773 4788">
    <p class='ocr_par' dir='ltr' id='par_1_93' title="bbox 199 4717 1773 4788">
     <span class='ocr_line' id='line_1_93' title="bbox 199 4717 1773 4788; baseline 0.004 -19"><span class='ocrx_word' id='word_1_684' title='bbox 199 4736 325 4785; x_wconf 83' lang='grc' dir='ltr'>μου.</span> <span class='ocrx_word' id='word_1_685' title='bbox 364 4717 612 4787; x_wconf 87' lang='grc' dir='ltr'>μέμνησο</span> <span class='ocrx_word' id='word_1_686' title='bbox 648 4718 779 4786; x_wconf 83' lang='grc' dir='ltr'>μιᾶς</span> <span class='ocrx_word' id='word_1_687' title='bbox 816 4718 1028 4787; x_wconf 73' lang='grc' dir='ltr'>ἡμέρας</span> <span class='ocrx_word' id='word_1_688' title='bbox 1074 4718 1297 4788; x_wconf 83' lang='grc' dir='ltr'>ἀγάπην</span> <span class='ocrx_word' id='word_1_689' title='bbox 1336 4719 1467 4788; x_wconf 79' lang='grc' dir='ltr'>ἐμοῦ</span> <span class='ocrx_word' id='word_1_690' title='bbox 1501 4720 1596 4773; x_wconf 82' lang='grc' dir='ltr'>τοῦ</span> <span class='ocrx_word' id='word_1_691' title='bbox 1625 4722 1773 4775; x_wconf 77' lang='grc' dir='ltr'>οίκέ-</span> 
     </span>
    </p>
   </div>
   <div class='ocr_carea' id='block_1_94' title="bbox 194 4825 441 4860">
    <p class='ocr_par' dir='ltr' id='par_1_94' title="bbox 194 4825 441 4860">
     <span class='ocr_line' id='line_1_94' title="bbox 194 4825 441 4860; baseline 0 0"><span class='ocrx_word' id='word_1_692' title='bbox 194 4826 285 4860; x_wconf 80' lang='grc' dir='ltr'><strong>του</strong></span> <span class='ocrx_word' id='word_1_693' title='bbox 320 4825 441 4860; x_wconf 77' lang='grc' dir='ltr'>σου.</span> 
     </span>
    </p>
   </div>
   <div class='ocr_carea' id='block_1_95' title="bbox 268 4898 1777 4970">
    <p class='ocr_par' dir='ltr' id='par_1_95' title="bbox 268 4898 1777 4970">
     <span class='ocr_line' id='line_1_95' title="bbox 268 4898 1777 4970; baseline 0.003 -20"><span class='ocrx_word' id='word_1_694' title='bbox 268 4900 366 4967; x_wconf 61' lang='grc' dir='ltr'><strong>ξβκ</strong></span> <span class='ocrx_word' id='word_1_695' title='bbox 401 4898 462 4951; x_wconf 88' lang='lat'><strong>&#39;0</strong></span> <span class='ocrx_word' id='word_1_696' title='bbox 486 4898 545 4951; x_wconf 78' lang='grc' dir='ltr'>δὲ</span> <span class='ocrx_word' id='word_1_697' title='bbox 570 4899 853 4969; x_wconf 86' lang='grc' dir='ltr'>Μακάριος</span> <span class='ocrx_word' id='word_1_698' title='bbox 881 4898 955 4970; x_wconf 78' lang='grc' dir='ltr'>μὴ</span> <span class='ocrx_word' id='word_1_699' title='bbox 980 4899 1145 4952; x_wconf 85' lang='grc' dir='ltr'>θέλων</span> <span class='ocrx_word' id='word_1_700' title='bbox 1166 4900 1256 4953; x_wconf 81' lang='grc' dir='ltr'><strong>τὸν</strong></span> <span class='ocrx_word' id='word_1_701' title='bbox 1286 4900 1598 4969; x_wconf 81' lang='grc' dir='ltr'>Ἐπιφάνιον</span> <span class='ocrx_word' id='word_1_702' title='bbox 1622 4903 1777 4955; x_wconf 77' lang='grc' dir='ltr'>κενὸν</span> 
     </span>
    </p>
   </div>
   <div class='ocr_carea' id='block_1_96' title="bbox 198 4990 1776 5062">
    <p class='ocr_par' dir='ltr' id='par_1_96' title="bbox 198 4990 1776 5062">
     <span class='ocr_line' id='line_1_96' title="bbox 198 4990 1776 5062; baseline 0.003 -19"><span class='ocrx_word' id='word_1_703' title='bbox 198 4991 548 5060; x_wconf 70' lang='grc' dir='ltr'>ἀποπέμψαι,</span> <span class='ocrx_word' id='word_1_704' title='bbox 578 4993 889 5059; x_wconf 78' lang='grc' dir='ltr'>ὑπήκουσεν</span> <span class='ocrx_word' id='word_1_705' title='bbox 915 4990 1078 5045; x_wconf 85' lang='grc' dir='ltr'>αὐτοῦ</span> <span class='ocrx_word' id='word_1_706' title='bbox 1103 4991 1203 5061; x_wconf 79' lang='grc' dir='ltr'>τῆς</span> <span class='ocrx_word' id='word_1_707' title='bbox 1228 4993 1487 5061; x_wconf 83' lang='grc' dir='ltr'>δεήσεως,</span> <span class='ocrx_word' id='word_1_708' title='bbox 1518 4992 1609 5045; x_wconf 58' lang='grc' dir='ltr'><strong>καὶ⁷</strong></span> <span class='ocrx_word' id='word_1_709' title='bbox 1643 5010 1776 5062; x_wconf 87' lang='grc' dir='ltr'>προ-</span> 
     </span>
    </p>
   </div>
   <div class='ocr_carea' id='block_1_97' title="bbox 202 5076 1771 5151">
    <p class='ocr_par' dir='ltr' id='par_1_97' title="bbox 202 5076 1771 5151">
     <span class='ocr_line' id='line_1_97' title="bbox 202 5076 1771 5151; baseline 0.006 -24"><span class='ocrx_word' id='word_1_710' title='bbox 202 5076 423 5140; x_wconf 76' lang='grc' dir='ltr'>σέταξεν</span> <span class='ocrx_word' id='word_1_711' title='bbox 454 5076 615 5129; x_wconf 81' lang='grc' dir='ltr'>πάλιν</span> <span class='ocrx_word' id='word_1_712' title='bbox 645 5078 723 5147; x_wconf 86' lang='grc' dir='ltr'>τῷ</span> <span class='ocrx_word' id='word_1_713' title='bbox 750 5078 966 5151; x_wconf 85' lang='grc' dir='ltr'>ἀγγέλῳ</span> <span class='ocrx_word' id='word_1_714' title='bbox 1022 5081 1115 5133; x_wconf 83' lang='grc' dir='ltr'>τοῦ</span> <span class='ocrx_word' id='word_1_715' title='bbox 1163 5079 1294 5151; x_wconf 79' lang='grc' dir='ltr'>ἆραι</span> <span class='ocrx_word' id='word_1_716' title='bbox 1348 5083 1442 5135; x_wconf 80' lang='grc' dir='ltr'><strong>ἀπ’</strong></span> <span class='ocrx_word' id='word_1_717' title='bbox 1499 5081 1664 5135; x_wconf 81' lang='grc' dir='ltr'>αὐτοῦ</span> <span class='ocrx_word' id='word_1_718' title='bbox 1709 5085 1771 5137; x_wconf 80' lang='grc' dir='ltr'>τὺ</span> 
     </span>
    </p>
   </div>
   <div class='ocr_carea' id='block_1_98' title="bbox 200 5152 1770 5244">
    <p class='ocr_par' dir='ltr' id='par_1_98' title="bbox 200 5152 1770 5244">
     <span class='ocr_line' id='line_1_98' title="bbox 200 5152 1770 5244; baseline 0.004 -25"><span class='ocrx_word' id='word_1_719' title='bbox 200 5168 472 5244; x_wconf 71' lang='grc' dir='ltr'>καταχθὲν</span> <span class='ocrx_word' id='word_1_720' title='bbox 497 5168 648 5237; x_wconf 81' lang='grc' dir='ltr'><strong>αὑτῷ</strong></span> <span class='ocrx_word' id='word_1_721' title='bbox 679 5169 909 5239; x_wconf 84' lang='grc' dir='ltr'>δώρημα</span> <span class='ocrx_word' id='word_1_722' title='bbox 930 5188 943 5202; x_wconf 89' lang='grc'><strong>·</strong></span> <span class='ocrx_word' id='word_1_723' title='bbox 976 5174 1068 5225; x_wconf 79' lang='grc' dir='ltr'>καὶ</span> <span class='ocrx_word' id='word_1_724' title='bbox 1094 5171 1256 5225; x_wconf 83' lang='grc' dir='ltr'>πάλιν</span> <span class='ocrx_word' id='word_1_725' title='bbox 1283 5152 1444 5242; x_wconf 76' lang='grc' dir='ltr'>ἦλθέν</span> <span class='ocrx_word' id='word_1_726' title='bbox 1475 5174 1502 5225; x_wconf 88' lang='lat'><strong>6</strong></span> <span class='ocrx_word' id='word_1_727' title='bbox 1531 5176 1660 5236; x_wconf 86' lang='grc' dir='ltr'>παῖς</span> <span class='ocrx_word' id='word_1_728' title='bbox 1688 5175 1770 5238; x_wconf 78' lang='grc' dir='ltr'>εἰς</span> 
     </span>
    </p>
   </div>
   <div class='ocr_carea' id='block_1_99' title="bbox 198 5262 1773 5336">
    <p class='ocr_par' dir='ltr' id='par_1_99' title="bbox 198 5262 1773 5336">
     <span class='ocr_line' id='line_1_99' title="bbox 198 5262 1773 5336; baseline 0.005 -26"><span class='ocrx_word' id='word_1_729' title='bbox 198 5263 292 5330; x_wconf 71' lang='grc' dir='ltr'>τὴν</span> <span class='ocrx_word' id='word_1_730' title='bbox 322 5262 597 5331; x_wconf 74' lang='grc' dir='ltr'>προτέραν</span> <span class='ocrx_word' id='word_1_731' title='bbox 627 5265 975 5325; x_wconf 83' lang='grc' dir='ltr'>κατάστασιν,</span> <span class='ocrx_word' id='word_1_732' title='bbox 1021 5263 1201 5327; x_wconf 84' lang='grc' dir='ltr'>καθὼς</span> <span class='ocrx_word' id='word_1_733' title='bbox 1248 5264 1437 5334; x_wconf 83' lang='grc' dir='ltr'>πρώην</span> <span class='ocrx_word' id='word_1_734' title='bbox 1477 5266 1773 5336; x_wconf 80' lang='grc' dir='ltr'>ἐχρημάτι-</span> 
     </span>
    </p>
   </div>
   <div class='ocr_carea' id='block_1_100' title="bbox 199 5354 1767 5429">
    <p class='ocr_par' dir='ltr' id='par_1_100' title="bbox 199 5354 1767 5429">
     <span class='ocr_line' id='line_1_100' title="bbox 199 5354 1767 5429; baseline 0.005 -26"><span class='ocrx_word' id='word_1_735' title='bbox 199 5354 308 5413; x_wconf 75' lang='grc' dir='ltr'>ζεν.</span> <span class='ocrx_word' id='word_1_736' title='bbox 376 5356 469 5407; x_wconf 76' lang='grc' dir='ltr'>Ἐν</span> <span class='ocrx_word' id='word_1_737' title='bbox 526 5354 669 5424; x_wconf 77' lang='grc' dir='ltr'>λύπῃ</span> <span class='ocrx_word' id='word_1_738' title='bbox 726 5357 784 5408; x_wconf 85' lang='grc' dir='ltr'>δὲ</span> <span class='ocrx_word' id='word_1_739' title='bbox 841 5358 1074 5429; x_wconf 79' lang='grc' dir='ltr'>μεγίστῃ</span> <span class='ocrx_word' id='word_1_740' title='bbox 1123 5359 1410 5425; x_wconf 85' lang='grc' dir='ltr'>γενόμενος</span> <span class='ocrx_word' id='word_1_741' title='bbox 1464 5362 1491 5412; x_wconf 90' lang='lat'><strong>6</strong></span> <span class='ocrx_word' id='word_1_742' title='bbox 1530 5360 1767 5427; x_wconf 82' lang='grc' dir='ltr'>οἰκέτης,</span> 
     </span>
    </p>
   </div>
   <div class='ocr_carea' id='block_1_101' title="bbox 201 5447 1769 5521">
    <p class='ocr_par' dir='ltr' id='par_1_101' title="bbox 201 5447 1769 5521">
     <span class='ocr_line' id='line_1_101' title="bbox 201 5447 1769 5521; baseline 0.005 -27"><span class='ocrx_word' id='word_1_743' title='bbox 201 5447 503 5513; x_wconf 77' lang='grc' dir='ltr'>παρεκάλει</span> <span class='ocrx_word' id='word_1_744' title='bbox 532 5449 624 5499; x_wconf 84' lang='grc' dir='ltr'><strong>τὸν</strong></span> <span class='ocrx_word' id='word_1_745' title='bbox 656 5448 844 5501; x_wconf 86' lang='grc' dir='ltr'>Ὅσιον</span> <span class='ocrx_word' id='word_1_746' title='bbox 879 5449 1103 5517; x_wconf 79' lang='grc' dir='ltr'>δοθῆναι</span> <span class='ocrx_word' id='word_1_747' title='bbox 1140 5450 1286 5519; x_wconf 82' lang='grc' dir='ltr'><strong>αὐτῷ</strong></span> <span class='ocrx_word' id='word_1_748' title='bbox 1315 5452 1478 5504; x_wconf 83' lang='grc' dir='ltr'>πάλιν</span> <span class='ocrx_word' id='word_1_749' title='bbox 1509 5451 1568 5503; x_wconf 83' lang='grc' dir='ltr'><strong>τὸ</strong></span> <span class='ocrx_word' id='word_1_750' title='bbox 1598 5451 1769 5521; x_wconf 82' lang='grc' dir='ltr'>δῶρον</span> 
     </span>
    </p>
   </div>
   <div class='ocr_carea' id='block_1_102' title="bbox 199 5538 1768 5613">
    <p class='ocr_par' dir='ltr' id='par_1_102' title="bbox 199 5538 1768 5613">
     <span class='ocr_line' id='line_1_102' title="bbox 199 5538 1768 5613; baseline 0.007 -26"><span class='ocrx_word' id='word_1_751' title='bbox 199 5539 394 5592; x_wconf 65' lang='grc' dir='ltr'>ἐκεῖνο.</span> <span class='ocrx_word' id='word_1_752' title='bbox 440 5538 502 5591; x_wconf 88' lang='lat'><strong>&#39;0</strong></span> <span class='ocrx_word' id='word_1_753' title='bbox 528 5539 585 5591; x_wconf 85' lang='grc' dir='ltr'>δὲ</span> <span class='ocrx_word' id='word_1_754' title='bbox 611 5540 747 5610; x_wconf 84' lang='grc' dir='ltr'>πρὸς</span> <span class='ocrx_word' id='word_1_755' title='bbox 781 5542 944 5595; x_wconf 82' lang='grc' dir='ltr'>αὑτὸν</span> <span class='ocrx_word' id='word_1_756' title='bbox 969 5543 1352 5612; x_wconf 78' lang='grc' dir='ltr'>ἀπεφθέγξατο</span> <span class='ocrx_word' id='word_1_757' title='bbox 1382 5558 1395 5574; x_wconf 81' lang='grc'><strong><em>³</em></strong></span> <span class='ocrx_word' id='word_1_758' title='bbox 1451 5543 1768 5613; x_wconf 81' lang='grc' dir='ltr'>Λελάληκάς</span> 
     </span>
    </p>
   </div>
   <div class='ocr_carea' id='block_1_103' title="bbox 274 5680 1766 5761">
    <p class='ocr_par' dir='ltr' id='par_1_103' title="bbox 274 5680 1766 5761">
     <span class='ocr_line' id='line_1_103' title="bbox 274 5680 1766 5761; baseline 0.009 -28"><span class='ocrx_word' id='word_1_759' title='bbox 274 5682 377 5751; x_wconf 84' lang='grc'><strong>(80)</strong></span> <span class='ocrx_word' id='word_1_760' title='bbox 405 5680 599 5735; x_wconf 81' lang='lat' dir='ltr'><strong>Mirum</strong></span> <span class='ocrx_word' id='word_1_761' title='bbox 640 5684 780 5753; x_wconf 91' lang='lat' dir='ltr'><strong>quod</strong></span> <span class='ocrx_word' id='word_1_762' title='bbox 810 5700 916 5739; x_wconf 89' lang='lat' dir='ltr'><strong>non</strong></span> <span class='ocrx_word' id='word_1_763' title='bbox 952 5686 1131 5761; x_wconf 74' lang='lat' dir='ltr'><strong>potius</strong></span> <span class='ocrx_word' id='word_1_764' title='bbox 1169 5687 1227 5761; x_wconf 71' lang='lat' dir='ltr'><strong>in</strong></span> <span class='ocrx_word' id='word_1_765' title='bbox 1286 5687 1619 5761; x_wconf 83' lang='lat' dir='ltr'><strong>Scythicam,</strong></span> <span class='ocrx_word' id='word_1_766' title='bbox 1646 5707 1766 5761; x_wconf 72' lang='lat' dir='ltr'><strong>qua:</strong></span> 
     </span>
    </p>
   </div>
   <div class='ocr_carea' id='block_1_104' title="bbox 198 5749 1765 5827">
    <p class='ocr_par' dir='ltr' id='par_1_104' title="bbox 198 5749 1765 5827">
     <span class='ocr_line' id='line_1_104' title="bbox 198 5749 1765 5827; baseline 0.008 -24"><span class='ocrx_word' id='word_1_767' title='bbox 198 5749 397 5827; x_wconf 61' lang='lat' dir='ltr'><strong>Sancto</strong></span> <span class='ocrx_word' id='word_1_768' title='bbox 448 5749 697 5827; x_wconf 79' lang='lat' dir='ltr'><strong>materna</strong></span> <span class='ocrx_word' id='word_1_769' title='bbox 750 5768 885 5809; x_wconf 90' lang='lat' dir='ltr'><strong>erat.</strong></span> <span class='ocrx_word' id='word_1_770' title='bbox 920 5749 1052 5827; x_wconf 82' lang='lat' dir='ltr'><strong>Sed</strong></span> <span class='ocrx_word' id='word_1_771' title='bbox 1088 5768 1139 5810; x_wconf 84' lang='lat' dir='ltr'><strong>et</strong></span> <span class='ocrx_word' id='word_1_772' title='bbox 1196 5749 1473 5827; x_wconf 60' lang='lat' dir='ltr'><strong>Syriacam</strong></span> <span class='ocrx_word' id='word_1_773' title='bbox 1511 5749 1765 5816; x_wconf 76' lang='lat' dir='ltr'><strong>didicisse</strong></span> 
     </span>
    </p>
   </div>
   <div class='ocr_carea' id='block_1_105' title="bbox 199 5823 1761 5899">
    <p class='ocr_par' dir='ltr' id='par_1_105' title="bbox 199 5823 1761 5899">
     <span class='ocr_line' id='line_1_105' title="bbox 199 5823 1761 5899; baseline 0.013 -28"><span class='ocrx_word' id='word_1_774' title='bbox 199 5823 373 5890; x_wconf 83' lang='lat' dir='ltr'><strong>aliqua</strong></span> <span class='ocrx_word' id='word_1_775' title='bbox 443 5824 733 5880; x_wconf 85' lang='lat' dir='ltr'><strong>occasione</strong></span> <span class='ocrx_word' id='word_1_776' title='bbox 781 5826 972 5895; x_wconf 85' lang='lat' dir='ltr'><strong>potuit,</strong></span> <span class='ocrx_word' id='word_1_777' title='bbox 1007 5837 1061 5882; x_wconf 87' lang='lat' dir='ltr'><strong>ut</strong></span> <span class='ocrx_word' id='word_1_778' title='bbox 1090 5838 1200 5884; x_wconf 83' lang='lat' dir='ltr'><strong>erat</strong></span> <span class='ocrx_word' id='word_1_779' title='bbox 1240 5823 1500 5899; x_wconf 72' lang='lat' dir='ltr'><strong>perquam</strong></span> <span class='ocrx_word' id='word_1_780' title='bbox 1526 5829 1718 5887; x_wconf 71' lang='lat' dir='ltr'><strong>docilis</strong></span> <span class='ocrx_word' id='word_1_781' title='bbox 1751 5852 1761 5884; x_wconf 69' lang='grc' dir='ltr'>ς</span> 
     </span>
    </p>
   </div>
   <div class='ocr_carea' id='block_1_106' title="bbox 1872 4634 3440 4706">
    <p class='ocr_par' dir='ltr' id='par_1_106' title="bbox 1872 4634 3440 4706">
     <span class='ocr_line' id='line_1_106' title="bbox 1872 4634 3440 4706; baseline -0.003 -14"><span class='ocrx_word' id='word_1_782' title='bbox 1872 4636 1981 4692; x_wconf 92' lang='lat' dir='ltr'><strong>Oro</strong></span> <span class='ocrx_word' id='word_1_783' title='bbox 2031 4637 2195 4706; x_wconf 85' lang='lat' dir='ltr'><strong>igitur</strong></span> <span class='ocrx_word' id='word_1_784' title='bbox 2241 4646 2400 4706; x_wconf 88' lang='lat' dir='ltr'><strong>atque</strong></span> <span class='ocrx_word' id='word_1_785' title='bbox 2446 4637 2693 4699; x_wconf 89' lang='lat' dir='ltr'><strong>obsecro,</strong></span> <span class='ocrx_word' id='word_1_786' title='bbox 2727 4641 2785 4686; x_wconf 91' lang='lat' dir='ltr'><strong>ut</strong></span> <span class='ocrx_word' id='word_1_787' title='bbox 2835 4634 3025 4688; x_wconf 87' lang='lat' dir='ltr'><strong>irritas</strong></span> <span class='ocrx_word' id='word_1_788' title='bbox 3061 4648 3127 4687; x_wconf 90' lang='lat' dir='ltr'><strong>ne</strong></span> <span class='ocrx_word' id='word_1_789' title='bbox 3157 4634 3288 4688; x_wconf 85' lang='lat' dir='ltr'><strong>velis</strong></span> <span class='ocrx_word' id='word_1_790' title='bbox 3319 4648 3440 4688; x_wconf 87' lang='lat' dir='ltr'><strong>esse</strong></span> 
     </span>
    </p>
   </div>
   <div class='ocr_carea' id='block_1_107' title="bbox 1870 4724 3442 4799">
    <p class='ocr_par' dir='ltr' id='par_1_107' title="bbox 1870 4724 3442 4799">
     <span class='ocr_line' id='line_1_107' title="bbox 1870 4724 3442 4799; baseline -0.002 -17"><span class='ocrx_word' id='word_1_791' title='bbox 1870 4743 2061 4799; x_wconf 85' lang='lat' dir='ltr'><strong>preces</strong></span> <span class='ocrx_word' id='word_1_792' title='bbox 2085 4744 2253 4791; x_wconf 89' lang='lat' dir='ltr'><strong>meas,</strong></span> <span class='ocrx_word' id='word_1_793' title='bbox 2277 4743 2485 4783; x_wconf 90' lang='lat' dir='ltr'><strong>memor</strong></span> <span class='ocrx_word' id='word_1_794' title='bbox 2517 4726 2717 4781; x_wconf 89' lang='lat' dir='ltr'><strong>amoris</strong></span> <span class='ocrx_word' id='word_1_795' title='bbox 2744 4734 2799 4779; x_wconf 89' lang='lat' dir='ltr'><strong>et</strong></span> <span class='ocrx_word' id='word_1_796' title='bbox 2849 4724 3092 4779; x_wconf 80' lang='lat' dir='ltr'><strong>beneﬁcii</strong></span> <span class='ocrx_word' id='word_1_797' title='bbox 3116 4740 3147 4780; x_wconf 90' lang='lat' dir='ltr'><strong>a</strong></span> <span class='ocrx_word' id='word_1_798' title='bbox 3180 4740 3264 4779; x_wconf 90' lang='lat' dir='ltr'><strong>me</strong></span> <span class='ocrx_word' id='word_1_799' title='bbox 3287 4741 3442 4781; x_wconf 86' lang='lat' dir='ltr'><strong>servo</strong></span> 
     </span>
    </p>
   </div>
   <div class='ocr_carea' id='block_1_108' title="bbox 1870 4818 2671 4890">
    <p class='ocr_par' dir='ltr' id='par_1_108' title="bbox 1870 4818 2671 4890">
     <span class='ocr_line' id='line_1_108' title="bbox 1870 4818 2671 4890; baseline -0.001 -16"><span class='ocrx_word' id='word_1_800' title='bbox 1870 4832 1958 4874; x_wconf 89' lang='lat' dir='ltr'><strong>tuo</strong></span> <span class='ocrx_word' id='word_1_801' title='bbox 1988 4820 2080 4873; x_wconf 87' lang='lat' dir='ltr'><strong>tibi</strong></span> <span class='ocrx_word' id='word_1_802' title='bbox 2108 4820 2402 4890; x_wconf 86' lang='lat' dir='ltr'><strong>aliquando</strong></span> <span class='ocrx_word' id='word_1_803' title='bbox 2425 4818 2671 4888; x_wconf 60' lang='lat' dir='ltr'><strong>praestiti.</strong></span> 
     </span>
    </p>
   </div>
   <div class='ocr_carea' id='block_1_109' title="bbox 1942 4908 3433 4981">
    <p class='ocr_par' dir='ltr' id='par_1_109' title="bbox 1942 4908 3433 4981">
     <span class='ocr_line' id='line_1_109' title="bbox 1942 4908 3433 4981; baseline -0.003 -15"><span class='ocrx_word' id='word_1_804' title='bbox 1942 4912 2027 4966; x_wconf 76' lang='grc'><strong>62.</strong></span> <span class='ocrx_word' id='word_1_805' title='bbox 2055 4911 2301 4965; x_wconf 85' lang='lat' dir='ltr'><strong>Andreas</strong></span> <span class='ocrx_word' id='word_1_806' title='bbox 2342 4912 2505 4966; x_wconf 88' lang='lat' dir='ltr'><strong>hasce</strong></span> <span class='ocrx_word' id='word_1_807' title='bbox 2553 4927 2743 4981; x_wconf 90' lang='lat' dir='ltr'><strong>preces</strong></span> <span class='ocrx_word' id='word_1_808' title='bbox 2804 4912 2859 4965; x_wconf 91' lang='lat' dir='ltr'><strong>in</strong></span> <span class='ocrx_word' id='word_1_809' title='bbox 2890 4918 3108 4966; x_wconf 91' lang='lat' dir='ltr'><strong>ventum</strong></span> <span class='ocrx_word' id='word_1_810' title='bbox 3142 4908 3291 4963; x_wconf 87' lang='lat' dir='ltr'><strong>abire</strong></span> <span class='ocrx_word' id='word_1_811' title='bbox 3326 4922 3433 4962; x_wconf 91' lang='lat' dir='ltr'><strong>non</strong></span> 
     </span>
    </p>
   </div>
   <div class='ocr_carea' id='block_1_110' title="bbox 1864 4992 3444 5075">
    <p class='ocr_par' dir='ltr' id='par_1_110' title="bbox 1864 4992 3444 5075">
     <span class='ocr_line' id='line_1_110' title="bbox 1864 4992 3444 5075; baseline -0.003 -18"><span class='ocrx_word' id='word_1_812' title='bbox 1864 5005 2066 5067; x_wconf 79' lang='lat' dir='ltr'><strong>ferens,</strong></span> <span class='ocrx_word' id='word_1_813' title='bbox 2121 5002 2422 5073; x_wconf 84' lang='lat' dir='ltr'><strong>Epiphanio</strong></span> <span class='ocrx_word' id='word_1_814' title='bbox 2456 5019 2661 5059; x_wconf 88' lang='lat' dir='ltr'><strong>morem</strong></span> <span class='ocrx_word' id='word_1_815' title='bbox 2710 5005 2875 5075; x_wconf 79' lang='lat' dir='ltr'><strong>gessit</strong></span> <span class='ocrx_word' id='word_1_816' title='bbox 2926 4992 3287 5074; x_wconf 64' lang='lat' dir='ltr'><strong>praecepitque</strong></span> <span class='ocrx_word' id='word_1_817' title='bbox 3320 5017 3444 5054; x_wconf 88' lang='lat' dir='ltr'><strong>rur-</strong></span> 
     </span>
    </p>
   </div>
   <div class='ocr_carea' id='block_1_111' title="bbox 1875 5093 3442 5165">
    <p class='ocr_par' dir='ltr' id='par_1_111' title="bbox 1875 5093 3442 5165">
     <span class='ocr_line' id='line_1_111' title="bbox 1875 5093 3442 5165; baseline -0.004 -17"><span class='ocrx_word' id='word_1_818' title='bbox 1875 5109 1994 5148; x_wconf 90' lang='lat' dir='ltr'><strong>sum</strong></span> <span class='ocrx_word' id='word_1_819' title='bbox 2041 5095 2254 5163; x_wconf 80' lang='lat' dir='ltr'><strong>angelo,</strong></span> <span class='ocrx_word' id='word_1_820' title='bbox 2284 5097 2521 5165; x_wconf 89' lang='lat' dir='ltr'><strong>utquod</strong></span> <span class='ocrx_word' id='word_1_821' title='bbox 2572 5096 2772 5149; x_wconf 84' lang='lat' dir='ltr'><strong>famulo</strong></span> <span class='ocrx_word' id='word_1_822' title='bbox 2831 5095 3049 5148; x_wconf 90' lang='lat' dir='ltr'><strong>allatum</strong></span> <span class='ocrx_word' id='word_1_823' title='bbox 3075 5102 3193 5148; x_wconf 88' lang='lat' dir='ltr'><strong>erat</strong></span> <span class='ocrx_word' id='word_1_824' title='bbox 3219 5093 3442 5155; x_wconf 89' lang='lat' dir='ltr'><strong>donum,</strong></span> 
     </span>
    </p>
   </div>
   <div class='ocr_carea' id='block_1_112' title="bbox 1876 5184 3442 5254">
    <p class='ocr_par' dir='ltr' id='par_1_112' title="bbox 1876 5184 3442 5254">
     <span class='ocr_line' id='line_1_112' title="bbox 1876 5184 3442 5254; baseline -0.001 -18"><span class='ocrx_word' id='word_1_825' title='bbox 1876 5189 2119 5254; x_wconf 89' lang='lat' dir='ltr'><strong>protinus</strong></span> <span class='ocrx_word' id='word_1_826' title='bbox 2150 5186 2361 5240; x_wconf 90' lang='lat' dir='ltr'><strong>tolleret</strong></span> <span class='ocrx_word' id='word_1_827' title='bbox 2393 5202 2407 5240; x_wconf 90' lang='lat'><strong>:</strong></span> <span class='ocrx_word' id='word_1_828' title='bbox 2436 5195 2488 5240; x_wconf 89' lang='lat' dir='ltr'><strong>et</strong></span> <span class='ocrx_word' id='word_1_829' title='bbox 2520 5187 2802 5241; x_wconf 88' lang='lat' dir='ltr'><strong>restitutus</strong></span> <span class='ocrx_word' id='word_1_830' title='bbox 2840 5196 2923 5241; x_wconf 90' lang='lat' dir='ltr'><strong>est</strong></span> <span class='ocrx_word' id='word_1_831' title='bbox 2967 5186 3015 5239; x_wconf 91' lang='lat' dir='ltr'><strong>ei</strong></span> <span class='ocrx_word' id='word_1_832' title='bbox 3048 5186 3307 5253; x_wconf 85' lang='lat' dir='ltr'><strong>pristinus</strong></span> <span class='ocrx_word' id='word_1_833' title='bbox 3330 5184 3442 5236; x_wconf 92' lang='lat' dir='ltr'><strong>oris</strong></span> 
     </span>
    </p>
   </div>
   <div class='ocr_carea' id='block_1_113' title="bbox 1874 5277 3443 5347">
    <p class='ocr_par' dir='ltr' id='par_1_113' title="bbox 1874 5277 3443 5347">
     <span class='ocr_line' id='line_1_113' title="bbox 1874 5277 3443 5347; baseline -0.003 -16"><span class='ocrx_word' id='word_1_834' title='bbox 1874 5278 2230 5347; x_wconf 85' lang='lat' dir='ltr'><strong>corporisque</strong></span> <span class='ocrx_word' id='word_1_835' title='bbox 2280 5278 2517 5332; x_wconf 90' lang='lat' dir='ltr'><strong>habitus.</strong></span> <span class='ocrx_word' id='word_1_836' title='bbox 2548 5278 2910 5343; x_wconf 85' lang='lat' dir='ltr'><strong>Quamobrem</strong></span> <span class='ocrx_word' id='word_1_837' title='bbox 2941 5293 3045 5331; x_wconf 90' lang='lat' dir='ltr'><strong>non</strong></span> <span class='ocrx_word' id='word_1_838' title='bbox 3085 5277 3185 5330; x_wconf 76' lang='lat' dir='ltr'><strong>levi</strong></span> <span class='ocrx_word' id='word_1_839' title='bbox 3212 5288 3443 5329; x_wconf 72' lang='lat' dir='ltr'><strong>interere</strong></span> 
     </span>
    </p>
   </div>
   <div class='ocr_carea' id='block_1_114' title="bbox 1875 5366 3441 5438">
    <p class='ocr_par' dir='ltr' id='par_1_114' title="bbox 1875 5366 3441 5438">
     <span class='ocr_line' id='line_1_114' title="bbox 1875 5366 3441 5438; baseline -0.001 -17"><span class='ocrx_word' id='word_1_840' title='bbox 1875 5368 2118 5435; x_wconf 70' lang='lat' dir='ltr'><strong>allectus,</strong></span> <span class='ocrx_word' id='word_1_841' title='bbox 2172 5369 2238 5423; x_wconf 88' lang='lat' dir='ltr'><strong>ad</strong></span> <span class='ocrx_word' id='word_1_842' title='bbox 2294 5384 2477 5438; x_wconf 89' lang='lat' dir='ltr'><strong>preces</strong></span> <span class='ocrx_word' id='word_1_843' title='bbox 2526 5370 2722 5424; x_wconf 89' lang='lat' dir='ltr'><strong>iterum</strong></span> <span class='ocrx_word' id='word_1_844' title='bbox 2776 5369 3037 5437; x_wconf 72' lang='lat' dir='ltr'><strong>confugit,</strong></span> <span class='ocrx_word' id='word_1_845' title='bbox 3068 5366 3441 5433; x_wconf 85' lang='lat' dir='ltr'><strong>Sanctumque</strong></span> 
     </span>
    </p>
   </div>
   <div class='ocr_carea' id='block_1_115' title="bbox 1874 5457 3440 5531">
    <p class='ocr_par' dir='ltr' id='par_1_115' title="bbox 1874 5457 3440 5531">
     <span class='ocr_line' id='line_1_115' title="bbox 1874 5457 3440 5531; baseline -0.001 -19"><span class='ocrx_word' id='word_1_846' title='bbox 1874 5459 2106 5513; x_wconf 86' lang='lat' dir='ltr'><strong>ablatum</strong></span> <span class='ocrx_word' id='word_1_847' title='bbox 2158 5460 2354 5514; x_wconf 89' lang='lat' dir='ltr'><strong>donum</strong></span> <span class='ocrx_word' id='word_1_848' title='bbox 2398 5462 2720 5531; x_wconf 85' lang='lat' dir='ltr'><strong>repoposcit.</strong></span> <span class='ocrx_word' id='word_1_849' title='bbox 2779 5460 2877 5525; x_wconf 84' lang='lat' dir='ltr'><strong>Cui</strong></span> <span class='ocrx_word' id='word_1_850' title='bbox 2935 5460 3209 5513; x_wconf 87' lang='lat' dir='ltr'><strong>Sanctus:</strong></span> <span class='ocrx_word' id='word_1_851' title='bbox 3250 5457 3440 5511; x_wconf 79' lang='lat' dir='ltr'><strong>Dixisti</strong></span> 
     </span>
    </p>
   </div>
   <div class='ocr_carea' id='block_1_116' title="bbox 1875 5549 3437 5622">
    <p class='ocr_par' dir='ltr' id='par_1_116' title="bbox 1875 5549 3437 5622">
     <span class='ocr_line' id='line_1_116' title="bbox 1875 5549 3437 5622; baseline -0.003 -17"><span class='ocrx_word' id='word_1_852' title='bbox 1875 5551 2032 5605; x_wconf 89' lang='lat' dir='ltr'><strong>modo</strong></span> <span class='ocrx_word' id='word_1_853' title='bbox 2090 5551 2244 5613; x_wconf 84' lang='lat' dir='ltr'><strong>mihi,</strong></span> <span class='ocrx_word' id='word_1_854' title='bbox 2278 5566 2382 5606; x_wconf 91' lang='lat' dir='ltr'><strong>non</strong></span> <span class='ocrx_word' id='word_1_855' title='bbox 2413 5566 2573 5622; x_wconf 87' lang='lat' dir='ltr'><strong>posse</strong></span> <span class='ocrx_word' id='word_1_856' title='bbox 2602 5568 2685 5607; x_wconf 89' lang='lat' dir='ltr'><strong>me</strong></span> <span class='ocrx_word' id='word_1_857' title='bbox 2718 5568 2831 5606; x_wconf 88' lang='lat' dir='ltr'><strong>rem</strong></span> <span class='ocrx_word' id='word_1_858' title='bbox 2885 5560 3087 5605; x_wconf 89' lang='lat' dir='ltr'><strong>tantam</strong></span> <span class='ocrx_word' id='word_1_859' title='bbox 3114 5551 3165 5604; x_wconf 91' lang='lat' dir='ltr'><strong>iu</strong></span> <span class='ocrx_word' id='word_1_860' title='bbox 3201 5559 3252 5604; x_wconf 89' lang='lat' dir='ltr'><strong>te</strong></span> <span class='ocrx_word' id='word_1_861' title='bbox 3277 5549 3437 5619; x_wconf 85' lang='lat' dir='ltr'><strong>perli-</strong></span> 
     </span>
    </p>
   </div>
   <div class='ocr_carea' id='block_1_117' title="bbox 1874 5691 3438 5762">
    <p class='ocr_par' dir='ltr' id='par_1_117' title="bbox 1874 5691 3438 5762">
     <span class='ocr_line' id='line_1_117' title="bbox 1874 5691 3438 5762; baseline -0.004 -15"><span class='ocrx_word' id='word_1_862' title='bbox 1874 5706 1925 5748; x_wconf 86' lang='lat' dir='ltr'><strong>ct</strong></span> <span class='ocrx_word' id='word_1_863' title='bbox 1973 5711 2091 5749; x_wconf 81' lang='lat' dir='ltr'><strong>mox</strong></span> <span class='ocrx_word' id='word_1_864' title='bbox 2145 5696 2344 5750; x_wconf 89' lang='lat' dir='ltr'><strong>dicitur</strong></span> <span class='ocrx_word' id='word_1_865' title='bbox 2404 5695 2547 5749; x_wconf 88' lang='lat' dir='ltr'><strong>dono</strong></span> <span class='ocrx_word' id='word_1_866' title='bbox 2580 5694 2881 5762; x_wconf 80' lang='lat' dir='ltr'><strong>linguarum</strong></span> <span class='ocrx_word' id='word_1_867' title='bbox 2920 5691 3194 5762; x_wconf 69' lang='lat' dir='ltr'><strong>praeditus,</strong></span> <span class='ocrx_word' id='word_1_868' title='bbox 3248 5697 3306 5743; x_wconf 87' lang='lat' dir='ltr'><strong>ut</strong></span> <span class='ocrx_word' id='word_1_869' title='bbox 3339 5702 3438 5741; x_wconf 88' lang='lat' dir='ltr'><strong>sua</strong></span> 
     </span>
    </p>
   </div>
   <div class='ocr_carea' id='block_1_118' title="bbox 1873 5767 2821 5835">
    <p class='ocr_par' dir='ltr' id='par_1_118' title="bbox 1873 5767 2821 5835">
     <span class='ocr_line' id='line_1_118' title="bbox 1873 5767 2821 5835; baseline 0 -16"><span class='ocrx_word' id='word_1_870' title='bbox 1873 5781 2147 5835; x_wconf 81' lang='lat' dir='ltr'><strong>quemque</strong></span> <span class='ocrx_word' id='word_1_871' title='bbox 2172 5768 2348 5833; x_wconf 75' lang='lat' dir='ltr'><strong>lingua</strong></span> <span class='ocrx_word' id='word_1_872' title='bbox 2379 5767 2578 5835; x_wconf 64' lang='lat' dir='ltr'><strong>alloqui</strong></span> <span class='ocrx_word' id='word_1_873' title='bbox 2618 5774 2821 5833; x_wconf 81' lang='lat' dir='ltr'><strong>posset.</strong></span> 
     </span>
    </p>
   </div>
  </div>
