4202 6434
740 369 848 431 703
1801 376 2217 439 NlCEPHORI
2259 380 2739 445 PRESBYTERI
2780 387 2887 449 ΟΡ.
3884 399 3995 460 70!.

742 495 868 533 cere
902 496 915 533 :
949 496 1089 536 nunc
1148 482 1310 552 igitur
1338 483 1476 550 title,
1524 501 1630 553 quo
1667 503 1763 556 pro
1801 489 1953 543 libitu
1994 506 2115 545 meo
2138 492 2189 545 itt
2219 506 2317 547 no-
2346 497 2390 551 A

2346 497 2390 551 Α
2425 507 2538 559 μοι,
2571 494 2630 547 ού
2662 494 2922 548 δύνασθαί
2960 512 3029 563 με
3079 495 3318 551 τοιοῦτον
3347 498 3715 566 ἐπιδείξασθαι
3769 507 3826 557 ὲν
3857 509 3941 558 σοί
3984 522 3996 535 ·

745 573 890 625 tuine
944 571 1155 626 Domini
1208 576 1412 645 ntajora
1465 579 1625 631 etiam
1661 580 1712 633 in
1756 592 1807 635 te
1835 583 2078 649 possint:
2127 603 2312 640 verunt

2420 582 2609 636 θέασαι
2640 584 2818 637 τοίνυν
2847 587 2940 639 καὶ
2974 588 3049 641 ἴδε
3072 588 3153 642 ὅτι
3180 590 3239 644 ὲν
3271 590 3347 660 τῷ
3384 592 3607 661 ὀνόματι
3656 596 3860 665 Κυρίου
3896 598 3997 647 καὶ

748 662 917 717 herus
950 672 1075 718 tuus
1102 665 1429 734 Epiphanius
1460 683 1621 737 porro
1645 671 1983 740 perficienda?
2003 677 2077 728 rei
2104 675 2312 731 obicem

2420 674 2665 740 μείζονα,
2696 677 2744 728 εἰ
2788 675 3083 747 βούλομαι,
3123 672 3183 733 ἐν
3227 682 3308 734 σοὶ
3351 683 3691 753 ἐπιδείκνυμι
3728 662 3755 712 ’Ἴ
3776 686 3919 754 πλὴν
3968 688 3997 738 6

740 752 1088 823 interposuit,
1122 758 1275 813 nefas
1306 760 1449 812 enim
1487 761 1682 816 ducunt
1715 765 1852 818 sacri
1888 782 2148 833 canones,
2186 783 2315 821 con-

2419 765 2606 834 κύριός
2640 783 2733 819 σου
2766 767 3082 836 Ἐπιφάνιος
3103 770 3330 839 κὼλυμά
3358 790 3438 824 σοι
3463 773 3997 845 καθέστηκεν,παρᾶ

743 856 823 899 tra
850 847 1066 904 domini.
1094 851 1167 904 ttti
1200 852 1527 908 voluntatem
1589 857 1883 927 quidquam
1934 876 2113 930 agere.
2138 863 2315 917 Caste-

2415 861 2643 928 γνώμην
2675 860 2784 930 γάρ
2814 861 2907 912 τοῦ
2940 865 3128 934 κυρίου
3174 881 3264 918 σου
3297 866 3349 918 οἱ
3384 866 3516 917 θεῖοι
3562 868 3784 929 κανόνες
3817 868 3990 937 πράτ-

741 953 860 989 runt
908 941 1046 993 alius
1082 959 1112 996 c
1158 943 1483 999 famulorum
1528 950 1700 1013 turba,
1749 951 1816 1005 ab
1845 952 2132 1022 Epipltanii
2164 964 2315 1024 patre

2416 965 2531 999 τειν
2568 948 2665 1000 οὐκ
2695 951 3104 1021 έπιτρέπονται.
3144 951 3239 1018 Εἷς
3283 955 3340 1007 δὲ
3390 956 3500 1007 τῶν
3549 957 3848 1009 συνδιιύλων
3890 958 3989 1009 τοῦ

746 1030 814 1082 ad
869 1032 920 1084 id
972 1033 1192 1100 missus,
1256 1037 1399 1093 hunc
1428 1041 1492 1093 ad
1526 1041 1883 1097 ministerium
1913 1061 2071 1099 suum
2095 1048 2311 1104 accivit.

2418 1041 2629 1104 παιδὸς,
2690 1042 2984 1110 προστάξει
3034 1044 3128 1097 τοῦ
3177 1046 3441 1101 δεσπότου
3482 1049 3671 1113 αὐτοῦ,
3718 1050 3992 1118 κέκληκεν

748 1120 975 1191 Jamque
1024 1126 1109 1178 die
1136 1126 1190 1181 in
1242 1139 1453 1185 noctem
1490 1145 1761 1203 vergente,
1792 1138 2054 1205 compulit
2086 1138 2317 1209 Epipha-

2418 1134 2582 1187 αὐτὸν
2634 1136 2714 1196 είς
2746 1134 3042 1189 διακονίαν.
3092 1137 3369 1208 Ἑσπέρας
3412 1141 3469 1194 δὲ
3524 1142 3623 1211 ἥδη
3664 1143 3990 1211 γενομένης,

744 1214 867 1266 nius
929 1214 1221 1283 Andream,
1282 1232 1598 1289 pernoctare
1659 1239 1971 1284 secunt:et
2023 1231 2110 1288 bis
2165 1248 2314 1287 com-

2419 1225 2679 1279 ἐϐιάσατο
2706 1228 2735 1279 6
2777 1228 3095 1296 ‘Emgade;
3120 1230 3211 1283 τὸν
3234 1230 3425 1286 Ὀσιον
3458 1232 3551 1285 τοῦ
3578 1236 3756 1301 μεῖναι
3785 1234 3991 1295 ἐκεῖσε,

742 1304 960 1372 pellenti
1018 1324 1222 1363 morem
1286 1316 1471 1382 geSsit.
1527 1320 1666 1374 Ecce
1718 1330 1897 1376 autem
1951 1326 2052 1378 sub
2100 1326 2312 1380 tertiam

2417 1320 2511 1367 καὶ
2538 1316 2597 1379 ὃς
2624 1317 2924 1385 ὑπήκουσε.
2960 1320 3097 1391 Περὶ
3139 1322 3195 1374 δὲ
3227 1322 3421 1392 τρίτην
3454 1324 3705 1395 φυλακὴν
3736 1324 3834 1393 τῆς
3857 1341 3995 1375 νυκ-

747 1399 924 1451 noctis
977 1401 1211 1467 vigiliam
1263 1404 1452 1463 fatttuli
1502 1426 1714 1474 omnes,
1767 1416 2002 1472 servitiis
2042 1418 2156 1472 suis
2181 1435 2318 1489 prte-

2417 1405 2506 1466 τὺς
2552 1407 2999 1477 εὐκαιρησάντων
3030 1411 3251 1463 πάντων
3269 1413 3378 1464 τῶν
3419 1413 3672 1473 οἰκετῶν,
3710 1413 3989 1482 συνήκθη⁶

748 1491 889 1542 sutis
951 1493 1117 1546 otium
1162 1499 1339 1561 nacti,
1397 1501 1461 1553 ad
1514 1501 1909 1572 Epiphaniutn,
1962 1511 2056 1578 qtti
2104 1512 2316 1567 cunctis

2421 1513 2520 1548 σαν
2554 1499 2674 1550 κατ’
2713 1498 2834 1561 ἔθος
2859 1499 2995 1567 πρὸς
3040 1502 3131 1553 τὸν
3178 1504 3517 1571 Ἐπιφάνιον,
3562 1505 3749 1573 ἀγάπῃ
3780 1506 3837 1557 δὲ
3874 1506 3998 1557 δισ-

748 1579 799 1630 in
844 1597 1031 1637 amot'e
1088 1600 1152 1639 ac
1200 1592 1546 1645 veneratione
1602 1608 1735 1660 erat,
1795 1614 1859 1652 ex
1916 1614 2065 1653 more
2113 1618 2315 1657 convc-

2416 1593 2577 1660 πύρῳ
2607 1594 2970 1661 κρατούμενοι
3004 1596 3142 1666 πρὸς
3180 1598 3362 1662 αὑτὸν,
3396 1595 3465 1670 ἦν
3508 1602 3615 1668 γάρ
3656 1602 3769 1661 τοῖς
3821 1602 3995 1651 πᾶσιν

747 1671 946 1737 niunt,
990 1684 1302 1749 stantesque
1355 1683 1663 1753 conjunctis
1727 1692 1979 1748 manibus
2036 1698 2317 1752 considere

2419 1681 2698 1749 αἰδέσιμος
2771 1686 2863 1738 καὶ
2929 1688 3194 1758 ἐράσμιος
3239 1704 3257 1720 θ
3314 1692 3618 1760 ἱσταμένων
3662 1689 3755 1745 οὖν
3812 1692 3996 1744 αὐτῶν

738 1762 877 1829 jussi
910 1777 1055 1820 sunt.
2348 1826 2388 1881 Β

2348 1776 2611 1881 υκερσὶν
2690 1778 3089 1848 ἑιτῑωγμέναις,
3159 1786 3492 1855 προσέταξεν
3558 1786 3753 1841 αὐτοὺς
3827 1785 4002 1839 x20:-

2432 1863 2513 1881 θλ-

2420 1863 2635 1919 σθῆναι.

2420 1882 2470 1917 σι

811 1952 899 2005 63.
923 1954 1350 2014 Considentihus
1390 1960 1573 2031 itaque
1600 1964 1704 2020 illis
1735 1975 1788 2021 et
1829 1966 2192 2039 Epipltanium
2224 1990 2317 2031 co-

2420 1882 2635 1934 συηναι.

2489 1954 2589 2023 ξγ’.
2619 1954 2707 2016 Ὠς
2731 1952 2826 2008 οὖν
2847 1955 3221 2025 ἐκαθέσθησαν
3244 1956 3428 2028 κύκλῳ
3450 1958 3638 2019 αὑτοῦ.
3665 1961 3692 2011 6
3721 1961 3990 2028 μακάριος

744 2055 879 2095 rona
907 2044 1267 2115 cingentibus,
1308 2052 1442 2105 vidit
1498 2056 1742 2111 Andreas
1783 2063 2082 2130 perspicaci
2121 2065 2318 2122 mentis

2431 2045 2680 2115 Ἀνδρέας
2712 2044 2787 2116 τῷ
2832 2045 3003 2116 νοερῷ
3036 2046 3136 2117 τῆς
3174 2048 3413 2111 διανοίας
3448 2050 3659 2119 ὄμματι
3693 2050 3838 2117 ἐώρα
3874 2053 3996 2114 ἐνὸς

744 2138 928 2200 Oculo,
985 2140 1113 2208 quid
1161 2142 1395 2213 quisque
1447 2160 1703 2216 operatus
1751 2164 1916 2215 esset,
1945 2172 2078 2225 quos
2107 2173 2320 2217 errores

2420 2138 2652 2193 ἑκάστου
2684 2142 2750 2194 τὰ
2785 2141 2946 2211 ἔργα,
2983 2144 3077 2197 καὶ
3110 2144 3249 2213 ποίῳ
3281 2143 3562 2213 σφάλματι
3613 2144 3843 2206 ἕκαστος
3896 2144 3997 2195 αὑ-

749 2228 1012 2284 ιΙοΙίριαιο
1076 2235 1764 2311 commisissetzcumque
1846 2249 2100 2304 omnibus
2179 2261 2321 2307 recte

2421 2232 2529 2285 τῶν
2582 2234 3054 2304 προκατείληπτοο
3112 2239 3205 2290 καὶ
3243 2237 3414 2289 θέλων
3458 2238 3655 2299 αὐτοὺς
3688 2236 3996 2305 ὠφελῆσαι,

745 2321 1057 2376 consultum
1084 2324 1262 2389 vellet,
1292 2328 1517 2384 exordio
1546 2332 1760 2388 dicendi
1798 2335 1973 2403 facto,
2004 2334 2318 2408 parabolam

2423 2323 2864 2396 τροπευσάμενος
2907 2327 3124 2396 ὁμιλίαν
3176 2327 3382 2399 ἤρξατο
3424 2329 3623 2396 λέγειν,
3681 2328 4000 2398 παραϐολήν

745 2414 1033 2479 quamdam
1091 2415 1143 2468 in
1189 2419 1421 2474 medium
1458 2425 1700 2491 protulit.
1728 2424 1804 2482 liii
1838 2446 1967 2486 vero
2004 2434 2122 2502 ejus
2160 2438 2319 2490 verba

2421 2434 2546 2470 τινα
2572 2418 2949 2488 ὲρευγόμενος.
2986 2421 3154 2477 Αὐτοὶ
3182 2422 3239 2476 δὲ
3268 2423 3649 2493 ὲνωτιζόμενοι
3677 2422 3771 2475 τοῦ
3812 2422 4000 2474 Ὀσίου

744 2519 1077 2576 sensumque
1127 2523 1500 2581 assequentes,
1541 2520 1744 2585 pudore
1797 2523 1987 2579 suﬁ'usi
2032 2538 2181 2590 sunt,
2216 2544 2321 2585 non

2422 2509 2494 2561 τὰ
2528 2510 2751 2579 ῥήματα
2781 2514 2873 2565 καὶ
2923 2515 3327 2584 αἰσχυνόμενοι,
3383 2514 3516 2568 ὡσεὶ
3548 2515 3725 2583 φλόγα
3758 2517 3821 2583 τῇ
3857 2514 4006 2567 αἰδοῖ

744 2610 904 2651 secus
925 2613 1085 2664 quant
1106 2601 1152 2655 si
1177 2601 1389 2659 ﬂamma
1408 2606 1548 2676 ignis
1578 2610 1876 2669 abstitisset
1899 2632 1928 2671 a
1952 2616 2087 2673 facie
2111 2635 2323 2691 eorum,

2428 2601 2811 2672 μετεφέροντο,
2864 2604 2912 2657 οί
2969 2605 3027 2659 δὲ
3090 2607 3258 2678 φρίκῃ
3320 2609 3780 2675 συνεσφίγγοντο,
3843 2605 4001 2659 ἄλλοι

744 2689 836 2740 alii
890 2690 1135 2759 rigebant
1159 2694 1407 2763 horrore,
1448 2715 1479 2753 a
1511 2703 1766 2758 sensibus
1795 2705 1911 2762 fere
1950 2709 2193 2779 abibant,
2232 2689 2323 2769 alii

2429 2691 2693 2771 ίλιγγίουν
2735 2696 2825 2747 καὶ
2855 2696 3210 2765 ἐτρόματτον,
3243 2699 3421 2767 ἕτεροι
3454 2700 3834 2769 αἰσχυνόμενοι
3879 2697 4005 2748 ἁνε-

746 2784 1065 2839 metut-bant
1116 2801 1179 2842 ac
1207 2791 1572 2860 trepidabant,
1602 2801 1847 2854 nonnulli
1895 2817 2003 2869 prae
2065 2819 2327 2861 verecun-

2425 2782 2638 2853 χὼρουν
2672 2801 2686 2816 ·
2722 2787 2868 2855 ἡγὰρ
2894 2788 3038 2857 ἁπλῇ
3069 2788 3163 2841 τοῦ
3190 2790 3406 2842 Δικσίον
3437 2790 3642 2858 ὁμιλία,
3680 2791 3896 2843 πάντων
3930 2791 4002 2841 τὲ

749 2871 838 2924 dia
871 2886 931 2926 se
950 2874 1324 2934 sultduceL-ant
1355 2898 1368 2935 :
1403 2882 1633 2953 simplex
1672 2888 1818 2941 enim
1845 2898 1900 2943 et
1925 2891 2195 2962 incompta
2227 2896 2325 2950 viri

2428 2877 2806 2946 ἁμαρτήματα
2851 2881 3145 2949 ἀποτόμως
3179 2882 3430 2951 ήλεγχεν,
3479 2882 3612 2952 ποίῳ
3660 2881 3847 2951 τρόπῳ
3904 2881 4005 2931 καὶ

747 2963 923 3015 sancti
949 2965 1121 3018 oratio
1147 2968 1396 3024 universa
1427 2987 1618 3028 eorum
1646 2989 1864 3045 peccata
1896 2984 2121 3050 praecise
2141 2986 2328 3041 redar-

2430 2968 2547 3030 πῶς
2577 2968 2749 3021 ταῦτα
2786 2970 3195 3037 ἐξειργάσαντο.
3222 2972 3330 3025 Καὶ
3356 2973 3420 3042 δὴ
3445 2972 3602 3026 τοῦτο
3627 2971 4004 3041 θαυμαστότε-

747 3053 964 3120 guebat,
1026 3058 1404 3131 pandebatque
1452 3080 1559 3134 quo
1611 3070 1772 3123 modo
1815 3079 1870 3125 et
1924 3072 2031 3128 fine
2068 3074 2328 3134 commis-

2430 3077 2543 3131 ρον,
2580 3061 2665 3114 ὅτι
2714 3062 2820 3133 ἰδία
2864 3062 3131 3134 διαλέκτῳ
3181 3064 3396 3135 ἑκάστῳ
3449 3066 3628 3119 αὐτῶν
3677 3066 3909 3135 ῆλεγχεν
3942 3066 4006 3115 τ’)

746 3161 807 3200 sa
854 3157 1059 3204 essent.
1118 3151 1236 3217 Qua
1301 3155 1354 3209 in
1412 3172 1471 3211 re
1527 3159 1655 3214 illud
1683 3162 1735 3215 in
1778 3165 1968 3232 primis
2012 3157 2394 3226 mirandumc

2351 3157 2394 3216 ϐ
2424 3153 2730 3222 ἁμάρτημα
2758 3169 2772 3183 ⁶
2827 3153 3014 3222 ελεγον
3058 3155 3115 3208 δὲ
3172 3155 3654 3226 ὑπολαμϐάνοντες
3689 3170 3703 3184 ·
3753 3157 3833 3208 Δι’
3900 3155 4010 3223 ἐμὲ

747 3241 921 3305 venit.
978 3244 1123 3311 quod
1172 3245 1392 3302 cuilibet
1432 3263 1591 3304 suum
1641 3253 1695 3306 itt
1734 3268 1833 3308 sua
1885 3255 2063 3326 lingua
2095 3260 2327 3314 manife-

1740 3268 1833 3308 sua
1885 3255 2063 3326 lingua
2095 3260 2327 3314 manifc-
2428 3242 2602 3297 ταῦτα
2631 3243 2813 3314 ὁμιλεῖ
2838 3239 2993 3309 οὗτος
3025 3248 3053 3299 ό
3087 3245 3399 3318 ἄνθρωπος.

747 3342 918 3389 staret
955 3347 1259 3406 peccatum,
1300 3342 1698 3410 pensitantihus
1724 3347 2139 3420 dicentibusque
2182 3354 2321 3422 apud

745 3427 1003 3484 se:llunc
1044 3445 1161 3485 mea
1209 3434 1373 3486 homo
1420 3434 1507 3490 ille
1537 3451 1703 3491 causa
1728 3453 2037 3495 sermonem
2076 3445 2325 3500 instituit.

819 3520 907 3575 64.
940 3521 1053 3576 Illis
1074 3516 1253 3576 autem
1281 3539 1388 3577 non
1423 3526 1606 3581 minus
1664 3527 1860 3584 timore
1898 3545 2060 3599 quam
2093 3540 2330 3589 tremore

2495 3521 2588 3587 ξδ’.
2615 3521 2768 3589 Φόὸῳ
2788 3521 2845 3573 δὲ
2872 3520 3211 3591 βαλλομένων
3230 3520 3323 3573 καὶ⁸
3340 3537 3368 3571 τ
3376 3524 3527 3589 ρόμῳ
3553 3521 3611 3572 ὲν
3628 3520 3706 3590 τῷ
3730 3522 3891 3573 αὐτὸν
3912 3521 4006 3572 ἐκ-

752 3616 1134 3679 t-onsternatis,
1163 3614 1291 3669 dum
1319 3617 1571 3671 minutim
1610 3632 1800 3674 eorum
1861 3620 2053 3675 delicta
2078 3638 2329 3680 recense-

2425 3610 2705 3679 φαυλίζειν
2730 3612 2797 3664 τὰ
2824 3611 3199 3683 ἁμαρτήματα
3230 3612 3431 3675 αὐτῶν,
3456 3611 3595 3681 ὀρῶν
3620 3613 3648 3663 6
3679 3614 4006 3682 παμμίαρος

751 3709 843 3761 hat
871 3707 1105 3764 Sanctus
1130 3746 1148 3773 ,
1189 3709 1607 3764 scelestissimus
1634 3710 1866 3776 daemon,
1891 3712 2328 3769 animadvertetis

2428 3704 2637 3774 δαίμων
2662 3705 2784 3768 τοὺς
2830 3705 3047 3766 οἰκέτας
3116 3703 3438 3772 Ἐπιφανίου
3494 3704 3887 3773 ἑλεγχομένους
3937 3704 4011 3757 τὰ

753 3798 1042 3868 Epiphanii
1080 3798 1315 3854 famulos
1335 3802 1546 3855 edoceri
1571 3811 1789 3871 peccata
1824 3819 1919 3857 sua
1940 3801 2326 3874 dedocerique.

2432 3792 2853 3863 παραπτώματα
2896 3794 3075 3846 αὐτῶν
3105 3834 3120 3856 ,
3175 3794 3478 3864 συνεγείρει
3532 3796 3651 3862 μετ’
3695 3793 3862 3847 αὑτοῦ
3912 3797 4013 3849 καὶ

749 3904 874 3943 tum
905 3890 1028 3945 aliis
1058 3891 1303 3961 ejusdem
1340 3891 1526 3947 farinae
1552 3893 1718 3948 sociis
1752 3894 1868 3948 suis
1891 3894 1957 3949 ad
2007 3897 2331 3952 vestibulum

2431 3884 2624 3945 ἄλλους
2659 3883 2768 3937 ἀπὸ
2799 3884 2907 3936 τῶν
2932 3883 3257 3953 ἀκαθάρτων
3297 3885 3644 3955 πνευμάτων,
3695 3885 3789 3937 καὶ
3834 3886 3891 3936 ἐν
3927 3886 4010 3955 τῷ

751 3984 945 4036 domus
964 3982 1217 4046 accessit,
1239 3983 1639 4053 considensque
1671 3984 1869 4039 elatum
1896 3986 2115 4041 sustulit
2138 3988 2331 4044 risum.

2434 3972 2713 4041 προαυλίῳ
2743 3972 3100 4042 καθεζόμενοι
3143 3972 3454 4040 ὲγελοίαζον
3480 3989 3493 4002 ·
3554 3975 3715 4040 γνοὺς
3759 3975 3814 4027 δὲ
3847 3974 4015 4027 τοῦτο

748 4072 869 4137 Quo
920 4073 1164 4141 cognito,
1210 4072 1327 4140 pari
1388 4072 1504 4127 risu
1579 4074 1859 4143 respondit
1898 4073 2153 4131 Sanctus.
2179 4076 2332 4142 Quod

2432 4064 2460 4115 6
2491 4062 2773 4133 Μακάριος
2807 4064 3043 4132 ἐμειδία,
3075 4063 3288 4118 ἀκούων
3317 4063 3512 4119 ταῦτα.
3550 4066 3611 4116 '0
3633 4064 3726 4117 οὖν
3771 4063 4019 4132 Ἐπιφά-

754 4162 1110 4232 Epiphanius,
1165 4164 1371 4233 quique
1426 4164 1655 4218 aderant
1706 4165 1833 4234 ipsi,
1890 4166 2156 4231 videntes,
2217 4182 2332 4221 rem

2435 4173 2549 4216 νιος
2580 4157 2673 4208 καὶ
2698 4156 2747 4208 οἰ
2777 4156 2873 4209 σὺν
2902 4154 3071 4225 αὐτῷ,
3104 4156 3486 4222 ὲνωτιζόμενοι
3535 4156 3596 4209 τὸ
3638 4156 3734 4209 τοῦ
3782 4157 4015 4210 Δικαίου

752 4257 1027 4310 insolitam
1084 4256 1515 4323 arbitrabantur,
1547 4265 1601 4312 et
1644 4272 1764 4326 qua:
1811 4258 1953 4311 risus
1991 4272 2155 4313 causa
2189 4269 2336 4313 esset

2436 4247 2667 4316 γέλοιον,
2694 4245 2843 4311 ξένον
2864 4246 3026 4299 τοῦτο
3056 4245 3304 4315 ἡγοῦντο,
3337 4248 3431 4300 καὶ
3454 4248 3520 4299 δι’
3543 4250 3609 4317 ἣν
3642 4249 3821 4300 αἰτίαν
3849 4248 4019 4302 τοῦτο

752 4352 961 4405 discere
986 4349 1041 4404 in
1070 4350 1259 4417 primis
1281 4349 1573 4419 cupiebant
1606 4367 1618 4403 :
1650 4364 1757 4403 non
1790 4350 1937 4403 enim
1980 4358 2336 4418 perceperant

2436 4340 2754 4409 εἰσπράττει
2787 4337 2982 4408 μαθεῖν
3013 4339 3297 4392 ἐϐούλοντο
3318 4355 3333 4370 θ
3362 4340 3422 4392 οὐ
3447 4342 3553 4408 γὰρ
3578 4341 3775 4409 ἤκουον
3805 4341 4016 4391 ἐκεῖνοι

756 4444 1027 4498 malorum
1073 4444 1363 4515 spirituum
1416 4442 1735 4509 cachinnos,
1784 4451 1969 4512 utpote
1995 4443 2085 4497 tali
2119 4443 2329 4497 visione
2363 4500 2404 4529 η

2438 4428 2549 4481 τῶν
2578 4428 2831 4497 πονηρῶν
2864 4430 3194 4498 πνευμάτων
3224 4429 3284 4480 τὸ
3314 4429 3546 4497 γέλο.ον,
3601 4430 3699 4481 οὐκ
3728 4430 3877 4489 ὅντες
3908 4430 4019 4494 τῆς

2363 4500 2404 4529 n
2567 4519 2577 4529 .
2739 4518 2763 4529 -
2830 4518 2874 4529 ρ.
2904 4518 2947 4529 ..
3115 4518 3171 4529 ..-
3308 4521 3345 4529 ...
3466 4520 3476 4529 .
3566 4520 3605 4529 μ
3731 4520 3747 4529 .
3860 4521 3873 4529 .
3930 4522 3941 4529 .
3968 4519 3982 4529 .

753 4554 862 4593 non
903 4500 1130 4609 dignati.
1170 4538 1275 4604 Qui
1307 4537 1578 4594 desiderio
1629 4500 1863 4592 illorum.
1904 4538 2143 4608 cognito,
2190 4537 2329 4593 dixit
2358 4500 2404 4556 υ

2358 4500 2404 4556 D
2428 4519 2683 4589 τοιαύτης
2734 4518 3066 4587 διαδλέψεως
3106 4518 3267 4585 ἄξιοι.
3308 4520 3518 4583 Συνιεὶς
3559 4520 3616 4573 δὲ
3664 4520 3818 4571 τοῦτο
3851 4521 3879 4571 6
3914 4519 4014 4572 Δίι

751 4642 781 4680 a
807 4628 1048 4683 dexteris
1103 4626 1302 4682 astanti
1335 4625 1442 4682 sibi
1497 4627 1709 4697 angelo,
1742 4636 1801 4681 ut
1822 4627 2034 4683 tolleret
2065 4628 2188 4683 inde
2229 4628 2332 4682 ali-

2440 4630 2591 4676 καιος
2647 4612 2759 4684 (81)
2790 4610 2963 4684 [λέγει
3012 4612 3090 4682 τῷ
3138 4615 3250 4675 τοῖς
3284 4612 3477 4677 δεξιοῖς
3522 4614 3687 4666 αὑτοῦ
3741 4612 4022 4679 ἐφεστῶτι

753 4715 901 4783 quod
950 4715 1396 4785 impedimentum
1442 4724 1538 4771 :et
1580 4717 1838 4771 continuo
1899 4716 2166 4786 adaperta:
2203 4728 2333 4773 sunt

2455 4702 2741 4775 ’Δγγέλῳ],
2787 4700 2959 4773 Ἀρον
3000 4702 3061 4755 τὸ
3103 4704 3230 4773 τῇδε
3288 4705 3552 4773 κάλυμμα
3584 4722 3598 4735 ·
3631 4704 3721 4757 καὶ
3769 4704 3884 4771 ἅμα
3931 4704 4017 4773 τῷ

756 4823 918 4861 aures
972 4808 1219 4862 eordium
1280 4809 1521 4872 illorum,
1573 4819 2043 4879 perceperuntque
2082 4810 2335 4880 quaelibet

2443 4799 2649 4869 ὸήματι
2688 4798 3156 4869 ἁπεκαλύφθησαν
3180 4798 3237 4849 αἱ
3264 4798 3426 4851 ἀκοαὶ
3452 4797 3561 4849 τῶν
3589 4798 3773 4866 ψυχῶν
3800 4796 4017 4859 αὐτῶν,

754 4900 1152 4955 daemoniorum
1203 4901 1345 4956 dicta
1387 4909 1442 4957 et
1501 4901 1663 4956 risus.
1696 4900 1834 4956 Tum
1874 4902 1940 4956 ad
1970 4901 2331 4972 Epiphaniam

2442 4892 2533 4943 καὶ
2558 4890 2756 4961 ἢκουον
2780 4890 2848 4944 τὰ
2882 4890 3033 4961 παρὰ
3064 4890 3177 4943 τῶν
3204 4889 3486 4957 ’δαιμόνων
3524 4889 3791 4955 λεγόμενά
3823 4903 3883 4939 τε
3913 4890 4019 4941 καὶ

755 5006 787 5043 c
810 4992 1005 5047 inversi
1054 4990 1243 5046 famuli
1272 5031 1288 5057 ,
1350 4993 1815 5060 sciscitabantur;
1860 5009 2108 5065 quaenam
2137 5005 2325 5050 essent

2440 4980 2851 5052 γελοιαζόμενα.
2870 4981 3199 5053 Ἐπηρώτων
3220 4981 3275 5033 δὲ
3308 4981 3399 5034 τὸν
3420 4981 3731 5049 Ἐπιφάνιον
3748 4980 3796 5031 οἱ
3820 4980 4019 5043 αὐτοῦ,

758 5081 1021 5136 mulieres
1064 5083 1212 5148 istae,
1269 5098 1391 5154 qua:
1454 5083 1586 5139 foris
1630 5084 1925 5149 astabant,
1983 5085 2324 5151 libidinosae,

2441 5074 2690 5141 λέγοντες
2717 5090 2730 5103 ·
2765 5075 2960 5138 Κύριε,
2989 5072 3133 5135 τίνες
3154 5074 3289 5125 εἰσὶν
3321 5074 3375 5126 αἱ
3401 5073 3599 5126 ἄσωτοι
3628 5072 3791 5122 αὑταὶ
3819 5073 4026 5137 γυναῖ-

760 5173 1207 5241 ἰιιιοηῳτιιιιιοε,
1256 5174 1309 5228 in
1357 5176 1525 5230 risum
1560 5176 1787 5232 eﬂ‘usm?
1828 5177 2037 5243 Quibus
2066 5178 2182 5234 hare
2212 5177 2338 5248 Epi-

2438 5185 2555 5233 κες,
2585 5169 2639 5220 at
2666 5166 2773 5233 ἔξω
2799 5167 3058 5230 ἑστῶσαι,
3086 5167 3181 5221 καὶ
3203 5166 3282 5236 τῷ
3307 5164 3500 5233 γελοίῳ
3532 5162 3888 5233 κοπτόμεναι,
3914 5162 4025 5214 καὶ

759 5266 1043 5333 Ihanius:
1104 5267 1405 5334 Daemones,
1456 5281 1604 5335 sunt,
1664 5271 1756 5339 qui
1803 5285 1903 5325 nos
1950 5284 2136 5327 coram
2192 5272 2246 5325 in
2273 5286 2337 5326 os

2437 5263 2556 5323 ταῖς
2586 5260 2882 5323 άναιδείαις
2909 5258 3303 5329 ἐπιφερόμεναι
3328 5274 3344 5323 ;
3404 5257 3463 5309 '0
3486 5256 3544 5309 δὲ
3594 5255 3745 5323 λέγει
3788 5256 3980 5317 αὐτοῖς
4003 5268 4022 5287 ·

759 5358 1026 5424 derident,
1058 5361 1184 5429 quia
1219 5361 1429 5415 animas
1461 5371 1680 5417 nostras
1705 5361 1982 5431 peccando
2026 5377 2339 5418 commacu-

2442 5351 2567 5405 Ὀτι
2598 5350 2938 5422 ἁμαρτωλῶν
2978 5350 3137 5421 ἡμῶν
3165 5351 3369 5416 όντων,
3404 5348 3640 5417 γελῶσιν
3665 5349 3742 5409 εἰς
3780 5346 3852 5397 τὰ
3887 5346 4030 5415 πρό-

761 5450 1013 5505 lavimus.
1071 5450 1194 5519 Quo
1224 5452 1431 5517 audito,
1484 5468 1543 5507 se
1574 5467 1782 5523 suaque
1829 5466 1994 5521 opera
2029 5455 2341 5510 incusantes

2444 5459 2604 5496 σωπα
2634 5444 2794 5513 ἡμῶν
2819 5444 2869 5495 οἱ
2900 5440 3178 5513 δαίμονες.
3211 5440 3396 5493 Ταῦτα
3417 5438 3770 5502 ἀκούσαντες,
3801 5437 4028 5499 ἑαυτοῖς

759 5555 1070 5605 surrexere.
1099 5553 1154 5598 et
1174 5541 1471 5598 venerabili
1490 5541 1793 5614 Epiphanio
1815 5541 2021 5597 honore
2066 5542 2326 5607 exhibito,

2444 5536 2888 5608 κατεμέμφοντο,
2929 5536 3024 5590 καὶ
3053 5534 3217 5597 εὐθὺς
3247 5533 3659 5598 ἐξαναστάντες,
3689 5532 3787 5585 καὶ
3829 5529 3913 5600 τῷ
3940 5546 4030 5583 τι-

832 5715 943 5778 (81)
981 5711 1051 5765 Μ.
1082 5711 1259 5770 Vatic.
1281 5717 1392 5782 τοῖς
1426 5715 1617 5783 δεξιοῖς
1652 5715 1839 5784 αὐτοῦ,
1891 5715 1994 5789 ἔφη
2021 5716 2159 5789 μετά
2191 5732 2331 5780 τινος
2362 5715 2439 5785 ἐξ(

780 5784 887 5838 lant
922 5785 1269 5839 auctoritate.
1308 5804 1327 5838 ι

2368 5715 2629 5785 ἐξουσίας,
2674 5734 2693 5770 ι
2760 5715 2936 5772 Stanti
2996 5714 3100 5773 sibi
3131 5730 3163 5771 a
3213 5714 3417 5771 dextris
3473 5709 3652 5783 inquit
3721 5726 3848 5765 cum
3884 5722 4027 5781 quae

762 5796 794 5840 ιι
804 5801 829 5838 ιι
840 5801 887 5838 Ill
922 5796 1269 5841 auctoritate.
1308 5804 1327 5838 ι
