4202 6434
162 432 270 496 ’105

170 540 273 610 μίῳ
317 535 625 606 Ἐπιφανίῳ
658 533 1155 604 προσκυνήσαντες,
1208 530 1583 600 επορεύθησαν
1619 531 1749 583 ἕκα-

1325 422 1497 482 VITA
1538 421 1596 481 S.
1639 421 1970 482 ANDREfE
2012 422 2203 481 SALI.

3300 437 3407 499 706

1836 526 1902 579 ad
1934 542 2028 581 sua
2063 544 2119 582 sc
2153 532 2353 586 cubilia
2383 533 2614 603 quisque
2673 537 2969 593 contulere.
2998 537 3142 595 Inter
3172 548 3408 601 cundum

171 606 294 690 στος
346 630 442 681 ἐπὶ
486 632 602 691 ταῖς
659 629 866 690 κοίταις
913 624 1110 679 αὐτῶν.
1177 624 1625 694 Ἀναχωρούντων
1683 621 1739 674 δὲ

1843 636 1969 675 vero
2027 621 2162 675 alter
2236 625 2463 679 alterum
2525 627 2607 682 sic
2677 631 3117 698 compellabant:
3163 636 3391 692 Vidistin

166 718 370 783 αὐτῶν,
422 719 608 787 ἕτερος
652 718 788 787 πρὸς
831 717 922 770 τὸν
964 718 1153 786 ἕτερον
1205 716 1390 785 ἔλεγον
1429 732 1441 747 ·
1501 714 1742 768 Ἐοεάσω

168 812 405 877 πρᾶγμα
459 808 782 877 παράδιξον,
835 809 951 870 πῶς
984 825 1073 877 μοι
1118 811 1144 861 ὁ
1179 810 1349 881 πένης
1387 806 1540 873 οὗτος
1587 809 1740 863 λελά-

80 934 87 943 ρ
165 900 332 967 ληκεν
375 899 444 950 τὰ
484 900 589 969 ἐμὰ
631 898 1116 967 πλημμελήματα.;
1152 900 1314 967 Λέγει
1349 901 1536 971 ἔτερος
1571 917 1584 931 ’
1633 902 1739 954 Ναὶ

164 990 387 1056 ἁδελφὲ,
418 991 510 1043 καὶ
540 992 603 1041 τὰ
640 990 749 1056 ὲμὰ
778 988 954 1042 πάντα
984 990 1299 1060 διηγήσατο.
1345 991 1643 1062 Ἀπεκρίθη
1683 992 1739 1045 δὲ

164 1083 259 1133 καὶ
288 1080 513 1149 ἕτερον
549 1078 887 1133 Πιστεύσατέ
935 1098 1047 1149 μοι,
1080 1081 1320 1149 ἀδελφοὶ,
1369 1084 1461 1135 καὶ
1502 1084 1626 1152 ἐμοὶ
1672 1084 1739 1136 τὰ

165 1173 262 1239 τῆς
299 1172 541 1239 ῖκαρδίας
575 1190 689 1241 μου,
729 1172 941 1242 κρυπτὰ
989 1173 1355 1243 ἀπεκάλυψεν.
1390 1176 1501 1228 Καὶ
1542 1178 1590 1229 oi
1640 1175 1738 1244 μὲν

166 1262 376 1327 ελεγον,
422 1262 500 1313 ὃτι
552 1262 704 1329 ἆγιός
758 1265 906 1314 ἐστιν
936 1278 950 1294 ·
982 1264 1028 1315 οἱ
1061 1263 1115 1316 δὲ
1166 1264 1371 1332 ἔλεγον,
1422 1266 1574 1334 Οὐχὶ,
1604 1265 1738 1318 ἀλλὰ

168 1351 363 1415 μάντις
394 1351 534 1414 ἐστὶ,
560 1353 656 1401 καὶ
688 1351 794 1403 άπὸ
818 1350 912 1403 τοῦ
927 1352 1036 1405 τῶν
1071 1354 1253 1416 ζὼξων
1281 1354 1586 1423 στοχασμοῦ
1625 1354 1738 1425 (89.)

80 1470 83 1473 -
164 1443 493 1509 ἀναγγέλλει
559 1445 690 1511 ήμίν
750 1444 845 1497 rd‘
886 1447 1257 1513 ἁμαρτήματα
1320 1449 1497 1518 ήμῶν.
1552 1449 1736 1501 ’Λλλιι

164 1533 399 1599 ἔλεγον·
473 1534 607 1587 ’Δπὸ
656 1534 977 1604 δαιμονικῆς
1040 1537 1322 1607 ἐνεργείας
1373 1539 1543 1591 uita.
1604 1541 1736 1608 ἡμῖν

164 1625 544 1693 ἀπεκάλυψεν.

232 1740 327 1802 ξς.
367 1738 762 1791 Ὑπνωσάντων
789 1736 879 1791 οῦν
909 1739 1125 1793 πάντων
1155 1742 1262 1793 τῶν
1292 1741 1516 1796 οίκετῶν
1544 1744 1732 1808 αὐτοῦ,

164 1830 285 1879 τότε
319 1831 348 1880 6
384 1827 698 1895 Ἐπιιράνιος
719 1867 735 1893 ,
767 1828 839 1889 ὡς
875 1827 933 1889 ἐξ
965 1826 1120 1889 ἔθους
1152 1829 1301 1901 αὐτῷ
1332 1828 1400 1902 ἦν
1421 1872 1434 1894 ,
1471 1836 1734 1903 καταλιμ-

167 1917 353 1969 πάνων
384 1918 484 1986 τὴν
513 1917 702 1984 κλίνην
732 1917 1150 1991 αὐτοῦ,τάπητα
1176 1922 1288 1991 (85)
1319 1922 1486 1983 τιθεὶς
1517 1923 1609 1974 ἐπὶ
1636 1923 1727 1976 τοῦ

160 2011 412 2075 ἐδάφους,
469 2008 564 2060 τοῦ
622 2008 789 2062 ῦπνου
835 2009 1265 2078 μετελάμϐανεν.
1323 2014 1384 2066 '0
1430 2015 1485 2068 δὲ
1544 2016 1731 2079 ὐσιος

160 2098 644 2167 σχηματισάμενος
672 2100 730 2150 ἐν
752 2102 817 2169 τῇ
851 2099 1006 2170 κλίνῃ
1032 2096 1101 2171 ἦν
1141 2102 1235 2154 τοῦ
1299 2104 1613 2173 Ἐπιιρανίου
1635 2105 1730 2158 τοῦ

159 2190 409 2241 ὑπνῶσαι
440 2204 454 2217 ⁸
485 2191 571 2241 ὅτε
622 2190 678 2242 δὲ
709 2192 953 2244 ὕπνωσεν
979 2194 1006 2244 6
1056 2193 1390 2256 ‘Em:pa'w:o;,
1417 2196 1732 2252 καταλιπὼν

155 2278 250 2347 τὴν
296 2281 590 2348 στρωμνὴν
624 2279 965 2349 Ἐπιφανίου,
1024 2282 1300 2335 κατελθὼν
1357 2286 1413 2337 ἐν
1455 2288 1520 2356 τῇ
1571 2287 1731 2357 αὐλῇ,

162 2364 325 2439 εὗρεν
360 2369 615 2441 κοπρὼδη
661 2372 845 2437 τόπον,
896 2375 1119 2427 κάκεῖσε
1174 2374 1444 2444 διέμεινεν
1474 2378 1571 2447 τῆς
1602 2397 1731 2433 νυκ-

160 2464 248 2525 ri;
280 2462 341 2514 τὸ
390 2463 707 2519 ὑπόλοιπον.
757 2466 975 2536 Πρωῒας
1007 2466 1062 2519 δὲ
1085 2468 1380 2537 γενομένης
1410 2473 1733 2541 προπεμπό-

160 2571 324 2622 μενος
364 2554 469 2606 ὑπὸ
499 2555 840 2621 Ἐπιφανίου,
866 2556 1091 2626 ἐξῆλθεν
1126 2560 1205 2620 είς
1237 2560 1327 2611 τὸν
1362 2562 1733 2631 πνευματικὸν

156 2645 348 2711 ἀγῶνα
397 2645 589 2699 αὑτοῦ.
636 2646 769 2700 Τότε
803 2648 1368 2719 προσκαλεσάμενοςό
1415 2652 1733 2719 Ἐπιφάνιος

156 2733 246 2786 τὸν
281 2734 475 2799 παῖδα,
516 2734 575 2787 ὃν
621 2736 918 2805 λελάληκεν
953 2740 981 2789 6
1034 2739 1226 2803 Ἀγιος
1269 2741 1334 2807 τῇ
1380 2738 1528 2810 Σύρᾳ
1561 2740 1735 2794 διαλέ-

84 2868 87 2873 .
156 2842 294 2888 κτῳ,
344 2827 680 2879 ἐπυνθάνετο
717 2826 847 2897 παρ’
900 2828 1084 2895 αὐτοῦ,
1124 2818 1268 2901 Ποίῳ
1295 2832 1481 2901 τρόπῳ
1527 2832 1596 2884 τὰ
1626 2849 1730 2902 μυ-

156 2916 352 2984 στήρια
406 2918 591 2970 ἐκεῖνα
619 2918 676 2971 ὲν
705 2920 785 2971 oo".
816 2919 1256 2991 διεπράχθησαν;
1312 2922 1369 2975 '0
1399 2923 1453 2976 δὲ
1481 2924 1730 2992 φίλτατος

153 3005 230 3057 ὢν
268 3008 356 3058 ἀεὶ
403 3011 485 3068 εἰς
536 3009 719 3071 αὑτὸν,
752 3008 964 3063 ἅπαντα
1014 3012 1083 3065 τὰ
1147 3014 1226 3075 είς
1274 3013 1435 3067 αὑτὸν
1473 3017 1730 3083 γεγονότα

155 3097 460 3160 άνελλιπῶς
482 3099 803 3169 διηγήσατο.

220 3212 328 3277 ξς⁹.
352 3214 483 3265 Ὅτε
507 3211 689 3283 ἦλθεν,
718 3218 888 3286 Κύριέ
920 3236 1043 3285 μου,
1069 3221 1096 3270 ὁ
1116 3221 1297 3286 "Octo;
1326 3226 1381 3275 ἐν
1402 3226 1480 3292 τῷ
1505 3230 1720 3281 κοιτῶνί

154 3320 279 3364 σου,
310 3304 577 3372 ἐγενόμην
606 3307 805 3368 εὐθέως
834 3308 1039 3371 ὲννεὸς,
1075 3313 1165 3362 καὶ
1196 3312 1384 3382 ἑώρων
1412 3314 1475 3366 τὸ
1507 3317 1720 3386 πρόσω·
1757 3306 1800 3365 C

151 3404 254 3439 πον
298 3388 398 3440 τοῦ
440 3388 623 3456 Ἀγίου
668 3392 879 3446 ἐκείνου
935 3395 1026 3447 τὸν
1085 3396 1236 3466 ἥλιον
1292 3401 1722 3474 ἀπαστράπτον·

151 3476 517 3546 ἐξισταμένου
556 3497 658 3548 μου
696 3481 776 3546 δὲ,
826 3484 1151 3555 ἐνωτίζομαι
1201 3493 1384 3561 φωνῆς
1430 3496 1593 3549 πόθεν
1624 3498 1723 3551 οὐκ

149 3565 289 3632 οἶδα,
319 3569 587 3639 λεγούσης
621 3590 712 3640 μοι
741 3591 754 3604 ·
790 3577 1030 3646 Πρόσχες
1067 3583 1157 3633 καὶ
1191 3581 1290 3645 ἴδε,
1332 3585 1518 3655 ἡλίκον
1563 3588 1723 3643 αὑτὸν

146 3660 179 3726 ἡ
207 3661 299 3712 διὰ
339 3662 432 3712 τὸν
478 3661 680 3729 Κύριον
734 3666 893 3719 σαλία
946 3673 1245 3740 πεποίηκεν
1299 3677 1444 3746 (84).
1487 3679 1722 3749 Ἑώρουν

150 3749 245 3804 οὖν
276 3752 371 3803 καὶ
418 3752 527 3806 ἰδοὺ
561 3755 668 3808 ἀπὸ
692 3755 791 3825 τῆς
819 3759 1039 3825 ἀκτῖνος
1069 3766 1165 3833 τῆς
1203 3768 1369 3835 οὔσης
1404 3770 1495 3823 ἐπὶ
1515 3771 1606 3824 τὸν
1635 3774 1723 3825 Δί-

147 3857 327 3902 καιον.
360 3843 533 3909 μικρά
574 3860 656 3904 τις
693 3848 850 3910 ἀκτὶς
890 3852 1131 3920 μερικῶς
1176 3857 1503 3926 χωρισθεῖσα
1548 3879 1722 3931 πρῆσε

144 3930 429 3999 επέλαμψε
457 3934 523 4004 τῇ
581 3934 703 4004 ὄψει
747 3954 850 4007 μου
882 3957 895 3971 ·
929 3944 1020 3996 καὶ
1043 3945 1244 4009 εὐθέως
1274 3949 1527 4021 ήρξάμην
1550 3930 1721 4008 ποιεῖν

146 4023 213 4071 τὰ
270 4022 531 4091 σχήματα
600 4025 767 4079 αὑτοῦ
830 4030 961 4097 ὅσην
1012 4035 1349 4106 προθεσμίαν
1411 4041 1663 4096 ὲτεθέασο
1700 4059 1715 4074 ’

142 4111 339 4162 ἔπειτα
381 4113 667 4178 ἁφεῦασιν
694 4117 863 4171 ταῦτα
891 4121 948 4187 ἐξ
971 4124 1133 4189 ἐμοῦ,
1173 4129 1267 4180 καὶ
1302 4129 1545 4200 ὑπῆρχον
1577 4133 1715 4186 καθὰ

142 4203 235 4250 καὶ
268 4200 464 4269 πρώην
500 4204 579 4265 είς
608 4206 676 4258 τὰ
707 4207 801 4261 τοῦ
828 4210 1034 4279 κόσμου
1064 4215 1481 4289 ὑπερειδόμενος
1505 4223 1713 4294 ἤθεσιν.

153 4289 309 4353 Ἰδοὺ,
331 4291 505 4359 Κύριέ
534 4311 660 4362 μου,
687 4296 795 4351 άπὸ
820 4300 915 4353 τοῦ
943 4304 1037 4357 νῦν
1079 4307 1238 4372 αὐτὸς
1290 4311 1449 4378 γενοῦ
1487 4332 1716 4385 προνοη-

141 4381 234 4447 si);
288 4379 391 4450 τῆς
428 4387 706 4453 σωτηρίας
760 4407 885 4458 μου,
928 4393 1139 4463 ὁδηγῶν
1193 4416 1262 4468 με
1302 4403 1359 4455 ὲν
1405 4379 1576 4474 τρίὸιρ
1608 4379 1715 4460 των

110 4470 232 4535 ⁹τοῦ
301 4471 442 4523 Θεοῦ
485 4476 733 4532 ἐντολῶν.
776 4481 960 4536 Ταῦτα
1010 4488 1320 4553 ὲνωτισθεὶς
1347 4494 1374 4545 6
1416 4470 1715 4564 θαυμάσιος

151 4562 473 4656 Ἐπιφάνξος
506 4569 600 4620 καὶ
626 4568 950 4639 ἰλιγγιάσας,
980 4577 1173 4649 ἐξέστη
1194 4581 1271 4651 τῷ
1295 4562 1584 4656 πνεύματι,
1619 4591 1713 4643 καὶ

140 4644 505 4723 περιπλακεὶς
536 4658 685 4727 αὐτῷ
708 4662 990 4734 δάκρυσιν,
1028 4644 1313 4738 ἠσπάσατο
1360 4644 1487 4741 τοῦς
1516 4644 1712 4749 ὀςίθαλ-
1747 4659 1788 4713 D

142 4744 277 4812 μοὺς
308 4746 497 4811 αὑτοῦ,
531 4748 606 4811 ὡς
637 4752 834 4819 Θεατὰς
869 4759 1119 4824 γενέσθαι
1153 4763 1263 4818 τῶν
1310 4744 1572 4825 τοιούτων
1610 4790 1712 4841 μυ-

140 4838 402 4907 στηρίων,
451 4841 547 4892 καὶ
596 4842 819 4911 ἔλεγεν·
882 4846 944 4903 '0
981 4857 1377 4928 παντοκράτωρ
1425 4838 1652 4933 Κύριος,
1685 4868 1712 4918 6

135 4929 314 4993 δείξας
351 4932 421 4984 τὰ
446 4933 733 5002 θαυμαστὰ
769 4943 1044 5013 μυστήρια
1070 4948 1266 5016 ταῦτα,
1302 4929 1530 5018 δυνατός
1558 4929 1706 5013 ἐστιν

137 5019 417 5073 σώσχσθαι
448 5025 541 5077 καὶ
562 5024 659 5096 τὴν
680 5029 850 5098 καλήν
880 5049 973 5086 σου
993 5036 1189 5108 ψυχὴν,
1212 5041 1531 5116 ήγαπημένε
1553 5050 1707 5103 ἀδελ-

134 5112 199 5177 ιρέ
234 5129 341 5182 μου
368 5131 382 5144 ·
410 5118 565 5184 κάγὼ
597 5120 705 5173 άπὸ
734 5125 829 5193 τῆς
862 5129 1102 5197 σήμερον
1147 5133 1221 5198 ὡς
1252 5112 1524 5209 φίλῳ-μου
1572 5160 1702 5214 γνη·

136 5201 229 5271 σίῳ
264 5207 363 5257 καὶ
394 5208 680 5277 συναίμονι
724 5222 1089 5292 πνευματικῷ
1140 5227 1284 5280 οὕτω
1320 5231 1386 5283 τὰ
1434 5234 1563 5304 περὶ
1602 5235 1696 5288 σοῦ

132 5293 484 5369 διαθήσομαι.
555 5304 773 5372 Ἠγάπα
834 5314 1014 5369 τοίνυν
1068 5319 1254 5375 ἔκτοτε
1310 5324 1402 5377 τὸν
1455 5293 1618 5382 παῖδα
1668 5332 1696 5383 ὁ

196 5496 307 5577 (σε)
377 5503 694 5577 Στοχασμοῦ
752 5527 818 5569 ex

130 5566 296 5640 Yatje.
333 5566 638 5640 συνθέσεως
663 5596 678 5611 ⁸
711 5566 817 5639 non

191 5637 302 5709 (83)
360 5640 461 5697 Ms.
513 5637 635 5701 Vat.
692 5637 807 5709 erat

127 5708 265 5780 quod
293 5717 665 5780 substernitur
690 5708 847 5780 alicui

128 5776 263 5846 ingio
312 5778 474 5841 Goar.
545 5801 668 5859 pag.
728 5776 849 5852 787372'

850 5533 988 5642 ηιὲῗὲ
1052 5523 1252 5583 Mazar.
1313 5534 1693 5595 est:hahebat

860 5605 1141 5743 ἓὶτῗέῗῐξίιονἱ
1201 5670 1572 5743 significatque
1633 5680 1685 5736 id

882 5731 947 5805 ad
975 5731 1277 5805 orandum:
1294 5754 1346 5797 et
1386 5753 1445 5799 tu
1474 5731 1687 5805 Euclio:

920 5803 1182 5875 invenies,
1241 5803 1457 5884 τάπητα
1518 5803 1683 5889 meo,

1850 727 1961 767 rem
2029 712 2404 768 admirabilem
2437 719 2749 785 ,quomodo
2798 722 3078 779 mendicus
3106 726 3194 781 ille
3231 730 3414 785 omnia

1845 806 1975 860 mihi
2035 819 2152 859 mea
2208 804 2472 862 adversus
2524 808 2689 863 Deum
2749 814 3027 881 aperuerit
3080 820 3417 876 commissa?

1840 900 1938 954 Cui
2001 900 2183 954 alius:
2217 900 2331 955 lmo
2382 916 2529 966 vero,
2579 902 2767 967 frater;
2808 908 2901 962 sed
2939 919 2990 963 et
3021 924 3137 964 mca
3173 928 3277 967 non
3320 931 3413 969 ce-

1842 991 1993 1044 lavit.
2029 991 2091 1045 Et
2121 993 2226 1045 illis
2269 1009 2487 1047 rursum
2520 995 2709 1050 tertius
2741 1014 2755 1051 :
2788 998 3022 1065 Credite,
3052 1002 3244 1071 inquit,
3278 1008 3411 1059 mihi

1843 1079 2058 1142 fratres,
2086 1082 2246 1135 etiam
2302 1084 2669 1139 occultissima
2706 1093 3160 1157 qnzeque.cordis
3210 1097 3319 1149 mei.
3357 1097 3411 1150 in

1842 1173 2011 1227 lucem
2064 1174 2313 1241 protulit.
2348 1177 2581 1246 Denique
2606 1177 2693 1231 alii
2723 1178 2939 1234 aiebant
2967 1196 3216 1240 sanctum
3249 1202 3369 1241 esse
3394 1228 3410 1253 ,

1841 1268 2108 1336 negabant
2163 1268 2275 1332 alii,
2334 1271 2695 1339 haruspicium
2741 1283 2793 1326 et
2824 1275 3145 1342 conjectura:
3179 1296 3208 1334 e
3239 1283 3407 1351 signis

1838 1358 2150 1413 coelesdbus
2181 1362 2361 1427 petita:
2408 1362 2551 1415 illam
2606 1375 2950 1431 peccatorum
2986 1368 3396 1425 decla‘rationem

1837 1442 2216 1515 attribucntes,
2249 1466 2554 1521 quanquam
2586 1455 2973 1512 aliidiabolicis
2995 1462 3401 1526 operationibus

1844 1537 2083 1592 mallent.

1905 1742 1995 1798 65.
2059 1742 2348 1812 Postquam
2385 1747 2545 1800 soluti
2604 1762 2797 1803 somno
2824 1751 3075 1819 jacebant
3114 1755 3394 1809 domestici

1833 1847 2043 1897 omnes,
2073 1836 2334 1903 proripuit
2382 1851 2440 1889 se
2500 1854 2646 1893 more
2678 1857 2777 1894 suo
2819 1841 3149 1910 Epiphanius
3182 1861 3210 1900 e
3233 1849 3392 1908 tecto,

1836 1926 2122 1994 positoque
2154 1926 2302 1980 humi
2337 1929 2602 1997 stragulo.
2636 1946 2829 1986 somno
2863 1935 2970 1989 illic
3005 1951 3062 1989 se
3088 1938 3254 1991 dedit.
3292 1940 3405 1990 An-

1837 2016 1997 2071 dreas
2030 2017 2290 2087 vero,qui
2317 2019 2518 2074 interea
2550 2020 2602 2074 in
2654 2022 2937 2091 Epiphanii
2981 2027 3123 2080 lecto
3154 2043 3404 2083 somnum

1838 2108 2150 2173 simulabat,
2201 2109 2302 2182 ubi
2354 2112 2533 2179 sopori
2567 2112 2739 2181 ipsum
2776 2117 3128 2172 succubuisse
3166 2120 3409 2175 animad-

1836 2200 2019 2259 vertit,
2044 2199 2234 2252 relicto
2257 2210 2455 2265 strato,
2487 2202 2766 2258 descendit
2795 2205 2845 2258 in
2879 2217 3084 2261 curtem
3113 2249 3128 2274 ,
3165 2210 3412 2266 invento-

1836 2304 1939 2357 que
1968 2288 2335 2357 sterquilinio,
2367 2291 2512 2359 quod
2562 2293 2825 2359 reliquum
2859 2306 2974 2351 erat
3032 2303 3207 2356 noctis
3245 2304 3295 2356 in
3339 2318 3406 2358 co

1833 2378 2027 2449 exegit.
2065 2379 2415 2435 lllucescente
2438 2390 2620 2436 autem
2678 2385 2783 2445 die,
2803 2387 3060 2443 dimissus
3081 2394 3147 2444 ab
3168 2393 3406 2463 Epipha-

1836 2468 1946 2533 nio,
2004 2469 2070 2523 ad
2135 2469 2414 2540 spirituale
2474 2487 2631 2526 suum
2683 2485 2954 2533 certamen
3026 2484 3215 2538 exivit.
3267 2487 3401 2540 'l‘um

1831 2558 2193 2629 Epiphanius,
2261 2565 2528 2617 accersito
2578 2568 2641 2619 ad
2675 2584 2731 2622 se
2764 2568 2986 2637 famulo,
3044 2590 3203 2642 quem
3234 2581 3407 2647 pridie

1832 2652 2068 2708 Sanctus
2096 2654 2273 2723 lingua
2305 2655 2523 2724 Syriaca
2565 2659 2739 2712 fuerat
2760 2661 3049 2731 allocutus,
3076 2670 3405 2736 inquirebat,

1832 2760 1941 2815 quo
1966 2753 2120 2815 pacto
2155 2747 2407 2814 mysteria
2437 2747 2527 2801 illa
2554 2749 2606 2802 in
2641 2750 2764 2819 ipso
2788 2765 3003 2821 peracta
3045 2769 3244 2814 essent.
3279 2762 3402 2828 Qui,

1830 2846 1891 2891 ut
1928 2836 2365 2907 eratEpiphanio
2400 2838 2452 2892 in
2488 2840 2678 2909 primis
2700 2845 2919 2907 charus,
2947 2849 3079 2902 nihil
3103 2851 3399 2922 quidquam

1830 2942 2041 2986 corum.
2066 2942 2185 2996 quae
2215 2927 2320 2982 sibi
2338 2931 2843 3001 evenerant,ipsum
2877 2936 3066 2993 celavit
3107 2940 3186 2996 sic
3210 2957 3403 2997 narra-

1834 3021 2032 3074 tionem
2065 3020 2351 3074 exordiens
2377 3036 2389 3071 :

1906 3244 1995 3298 66.
2031 3245 2206 3300 Simul
2255 3251 2501 3316 atquein
2548 3252 2804 3308 conclave
2859 3264 3009 3311 tuum
3057 3260 3284 3316 inferius
3313 3264 3402 3317 ille

1840 3335 2029 3405 pedem
2080 3335 2300 3402 intulit,
2347 3338 2422 3392 mi
2485 3339 2734 3407 Domine,
2782 3360 2865 3399 tne
2913 3358 3102 3417 stupor
3161 3351 3400 3421 invasit,

1834 3427 2240 3496 conspicantcm
2298 3429 2442 3485 illius
2495 3432 2690 3489 faciem
2728 3439 2997 3496 solatibus
3050 3445 3215 3500 radiis
3245 3447 3397 3518 fulgi-

1828 3517 1952 3571 dam
1983 3535 1997 3571 :
2032 3533 2269 3587 voxque,
2296 3522 2479 3577 nescio
2509 3525 2670 3591 unde,
2707 3529 2927 3585 auribus
2961 3536 3094 3590 meis
3134 3536 3396 3605 insonuit,

1829 3608 2054 3665 dicens:
2092 3612 2324 3666 Adverte
2380 3615 2621 3669 animum
2674 3628 2728 3673 et
2755 3621 2896 3686 vide,
2922 3637 3182 3692 quantum
3214 3632 3396 3685 stulti-

1829 3701 1926 3761 tia.
1957 3716 2121 3770 quam
2156 3704 2365 3758 Domini
2397 3719 2561 3761 causa
2601 3708 2843 3776 simulat,
2896 3715 3070 3784 ipsum
3118 3722 3394 3776 ext-derit.

1829 3794 2114 3849 Intendens
2142 3796 2302 3865 igitur
2326 3800 2565 3854 animum
2594 3804 2909 3875 oculosque,
2936 3810 3079 3877 vidi,
3107 3830 3172 3868 ex
3207 3818 3393 3874 multis

1828 3887 1920 3954 qui
1979 3886 2235 3944 Sanctum
2305 3894 2613 3952 ambiebant
2663 3901 2849 3965 radiis,
2912 3919 3134 3973 parvum
3160 3911 3389 3983 aliquem

1827 3979 2055 4033 aeorsim
2082 3983 2261 4051 egredi
2320 3994 2373 4038 et
2414 3987 2615 4043 vultum
2653 4007 2833 4048 meum
2856 3997 3194 4067 illuminare,
3228 3979 3395 4077 σωρί-

1822 4081 1928 4135 que
1951 4071 2133 4123 statim
2170 4073 2367 4127 imitari
2414 4087 2598 4146 gestus
2619 4086 2944 4156 modumque
2978 4094 3167 4161 agendi
3196 4071 3392 4165 ipsius.

1823 4160 2062 4226 quandiu
2120 4163 2304 4219 radius
2355 4167 2441 4222 ille
2504 4172 2634 4226 mihi
2675 4175 2823 4233 visus
2882 4160 3142 4252 estiquo
3175 4160 3387 4243 tandem

1825 4248 2037 4305 sublato
2088 4253 2153 4306 ad
2187 4256 2419 4323 priorem
2457 4275 2636 4315 rerum
2666 4269 2851 4321 mtmdi
2882 4248 3064 4336 hujus
3095 4288 3388 4332 consuetu-

1824 4339 2003 4394 dinem
2037 4344 2295 4401 reductus
2325 4364 2471 4404 sum.
2504 4351 2642 4409 Ecce
2675 4366 2877 4421 autem,
2933 4360 3157 4417 Domine
3193 4368 3286 4432 mi,
3318 4384 3384 4423 ex

1823 4440 2096 4485 momento
2146 4434 2248 4490 hoc
2292 4439 2482 4495 salutis
2515 4459 2643 4498 mea:
2664 4447 2877 4516 adjutor
2907 4451 3013 4505 eris
3040 4462 3091 4506 et
3119 4454 3250 4515 dux,
3290 4462 3381 4525 qui

1822 4533 2128 4577 currentem
2187 4526 2239 4583 in
2282 4530 2363 4583 via
2408 4534 2787 4591 mandatorum
2837 4540 2927 4595 Dei
2976 4543 3198 4612 dirigas.
3231 4546 3381 4603 Talia

1821 4611 2101 4669 inaudiens
2130 4615 2461 4686 Epiphanius
2483 4624 2817 4684 admirabilis
2840 4632 3176 4701 adolescens,
3211 4641 3386 4693 sensi-

1816 4702 1917 4758 bus
1973 4720 2109 4773 pene
2139 4718 2193 4762 et
2250 4712 2442 4779 spiritu
2471 4715 2844 4775 deficientibus
2876 4738 2989 4791 pra:
3018 4736 3258 4795 stupore,
3291 4732 3376 4784 fa-

1818 4796 2019 4850 mulum
2066 4802 2409 4857 manantibus
2466 4807 2692 4861 ubertim
2719 4811 2969 4881 lacrymis
3012 4819 3294 4887 amplexus
3323 4834 3377 4876 et

1814 4888 2003 4942 oculos
2055 4890 2240 4946 talium
2314 4908 2635 4951 arcanorum
2713 4909 2875 4958 testes
2938 4918 3376 4981 spectatoresque

1812 4980 2156 5036 exosculatus
2186 4992 2286 5048 est,
2314 4985 2502 5043 dicens
2530 5005 2544 5042 :
2580 4989 2842 5048 Dominus
2890 4999 3253 5067 omnipotens,
3277 4980 3371 5072 qui

1812 5070 2079 5125 mirabilia
2130 5073 2243 5128 haec
2274 5076 2368 5130 tibi
2401 5083 2653 5148 mysteria
2688 5087 2926 5142 revelare
2972 5089 3225 5160 dignatus
3249 5070 3366 5159 est,

1806 5171 1984 5228 p0test
2010 5164 2213 5230 itidem,
2235 5167 2401 5223 frater
2428 5172 2806 5242 dilectissime,
2829 5179 3063 5235 animam
3097 5184 3191 5239 tibi
3222 5196 3366 5241 tuam

1803 5253 2014 5310 salvare
2051 5272 2187 5327 :ego
2217 5270 2393 5316 autem
2424 5265 2490 5318 ab
2539 5266 2797 5324 hodierna
2833 5272 2919 5326 die
2951 5289 3037 5329 res
3072 5284 3213 5341 tuas,
3250 5294 3361 5333 non

1803 5357 1959 5400 secus
2017 5360 2079 5400 ac
2109 5348 2265 5403 amici
2312 5350 2484 5408 fidelis
2501 5363 2553 5410 et
2590 5357 2856 5427 Spirituali
2892 5367 3361 5435 consanguinitate

1794 5544 2069 5628 ὲπεύχιον,
2126 5547 2285 5607 etiam
2341 5567 2438 5622 pro
2496 5557 2734 5628 stragulo
2772 5572 2938 5617 sacrae
2989 5578 3190 5621 mensae
3212 5582 3363 5623 usur-

1794 5628 1975 5759 pa{8|:5)
2035 5689 2208 5769 Valic.
2264 5694 2344 5769 ὅτι
2394 5693 2480 5748 διὰ
2538 5698 2889 5769 τὸν,Κύριον
2940 5708 3148 5763 ποιεῖᾶ
3196 5712 3359 5762 πεπός

1792 5773 1981 5883 ἷηκῗν,
2034 5780 2054 5815 ι
2126 5765 2279 5831 Quod
2337 5778 2556 5839 propter
2640 5765 2924 5828 Dominum
3004 5779 3167 5845 facit,
3241 5796 3363 5854 quae

1814 5842 1890 5883 cci
1926 5868 1938 5881 .
1972 5850 1991 5882 ι

1814 5842 1938 5883 CCII.
1972 5850 1991 5882 ι
