4202 6434
162 417 258 478 τοο

1325 408 1503 467 νιΤΑ
1546 409 1607 471 S.
1652 408 1978 469 ANDREJE
2020 413 2213 476 S-\L[.

3304 427 3409 489 ’110

166 530 384 597 βόσκων
417 524 635 594 ῥάϐδον,
679 522 774 577 καὶ
801 522 874 586 ώς
911 523 1172 576 ἐθεάσατο
1209 520 1298 575 τὸν
1324 522 1510 575 Ὅσιον
1539 523 1736 576 τυπτό-

1838 525 2144 589 transiens,
2178 528 2267 583 ubi
2303 530 2433 585 vidit
2457 530 2715 585 Sanctum
2752 532 3067 588 verberibus
3103 548 3408 603 exceptum,

173 635 351 685 μενον,
382 615 614 684 τρωθεὶς
646 614 751 668 ὑπὸ
778 613 869 667 τοῦ
892 614 1167 679 διαϐόλου,
1192 613 1408 668 δίδωσιν
1433 616 1581 685 αὐτῷ
1617 616 1735 686 μεθ’

175 700 237 776 ἧς
291 705 515 775 ἐκράτει
565 702 785 771 ῥάϐδου,
828 704 903 764 ὠς
936 702 1187 769 ἠδύνατο,
1220 703 1360 756 ὥστε
1401 705 1735 773 ἀκουσθῆναι

167 800 251 849 τὸν
276 798 484 848 κτύπον
527 794 831 864 πόρρωθεν.
879 793 1108 847 Ἀπιδὼν
1140 795 1194 848 δὲ
1221 796 1249 847 6
1280 795 1461 860 Ὅσιος
1488 796 1624 865 πρὸς
1646 797 1735 850 τὸν

168 890 441 957 τύψανῖα,
482 888 697 957 πικρῶς
725 885 1077 950 ἀνεστέναξεν
1103 887 1180 957 τῷ
1214 887 1378 957 πόνῳ*
1407 888 1646 950 ἀναστάς
1678 889 1731 942 δὲ

164 978 440 1049 ἐπορεύθη
483 979 735 1049 πλησίον,
795 977 889 1029 καὶ
943 977 1125 1031 πεσὼν
1177 979 1561 1048 κατησπάζετο
1606 982 1733 1043 τοὺς

167 1070 332 1130 πόδας
362 1068 550 1130 αὑτοῦ,
604 1067 889 1136 διαλείχων
919 1072 983 1136 τῇ
1018 1067 1254 1140 γλώττῃ,
1291 1070 1385 1121 καὶ
1434 1070 1733 1138 προσευχό-

168 1178 355 1230 μενος.
387 1160 548 1221 Τινὲς
579 1158 635 1210 δὲ
673 1159 904 1228 ὁρῶντες
952 1159 1111 1212 αὐτὸν
1155 1160 1341 1227 ἔλεγον
1370 1176 1383 1189 ·
1429 1161 1729 1227 Θεάσασθε,

164 1254 353 1321 φησὶν,
386 1250 502 1313 πῶς
529 1253 556 1302 6
597 1250 893 1320 δαιμονιῶν
927 1245 1078 1314 οὗτος
1128 1253 1223 1305 καὶ
1268 1256 1736 1323 παρατετραμμὲ-

163 1360 272 1403 νος,
304 1340 556 1410 καθάπερ
603 1342 750 1392 κύων
785 1341 904 1393 κατ’
944 1343 1104 1395 αὑτοῦ
1142 1342 1385 1396 σταλέντι
1415 1344 1557 1397 οὕτω
1606 1344 1732 1407 τοὺς

161 1432 330 1492 πόδας
355 1432 449 1483 τοῦ
476 1432 739 1499 meum;
760 1433 920 1485 αὑτὸν
943 1432 1351 1496 κατασπάζεται
1369 1434 1727 1506 ἀναισθήτως,

164 1522 359 1575 καθότι
394 1524 421 1574 6
469 1523 678 1592 δαίμων
744 1524 910 1576 αὐτοῦ
965 1525 1113 1578 ἕνόεν
1155 1526 1526 1595 ἐπιμαίνεται.
1592 1526 1647 1580 '0
1673 1528 1728 1580 δὲ

163 1615 439 1680 μακάριος
484 1614 734 1679 Ἀνδρέας
764 1615 862 1676 τὰς
892 1615 1252 1678 άνυποίστους
1282 1617 1571 1686 δεχόμενος
1596 1619 1733 1689 πλη-

160 1708 258 1773 γάς
293 1707 405 1758 τὼν
453 1711 570 1761 ἐκεῖ
623 1709 1075 1777 ὑπανεχώρησεν,
1120 1710 1213 1762 καὶ
1257 1711 1433 1781 εὑρὼν
1478 1714 1728 1783 κοπρώδη

160 1798 329 1848 τόπον
357 1799 538 1852 ἐκεῖσε
585 1799 895 1865 ἐκάθευδεν,
927 1800 1096 1854 ὕπνου
1131 1802 1467 1872 βραχυτάτου
1492 1806 1731 1873 ἐφαπτό-

161 1904 347 1954 μενος.
378 1890 443 1943 υἱ
471 1889 563 1942 οὖν
584 1891 1050 1961 ἐκεῖδιερχόμενοι
1075 1892 1305 1961 ὁρῶντες
1332 1894 1495 1947 αὑτὸν
1519 1896 1609 1946 ἐπὶ
1632 1895 1732 1965 τῆς
1763 1896 1805 1955 Β

160 1979 396 2048 κοπρίας
430 1980 791 2049 ἡσυχάζοντα,
822 1985 885 2035 ἐκ
913 1980 1109 2050 βάθους
1137 1983 1480 2048 στενάζοντες
1512 1985 1696 2053 ἔλεγεν
1716 2002 1729 2017 ·

161 2070 278 2136 Πύρ
310 2069 410 2120 καὶ
450 2069 592 2122 θεῖον
627 2074 719 2124 ἐπὶ
755 2073 852 2142 τὴν
894 2074 1137 2145 κορυφὴν
1180 2078 1279 2146 τῆς
1322 2077 1401 2139 είς
1453 2095 1510 2129 σε
1560 2077 1732 2129 ταῦτα

160 2162 513 2232 ἐργασαμένη
530 2182 566 2224 ,"
592 2165 827 2230 ἔφασκον
848 2166 972 2236 γάρ,
990 2167 1066 2219 ὅτι
1095 2168 1202 2219 ἀπὸ
1227 2169 1484 2235 γυναικὸς
1507 2185 1733 2241 περιερ-

160 2254 330 2321 γασίᾳ
368 2259 634 2326 σατανικῇ
660 2258 1060 2327 ἐπαρέτραπτο.
1090 2259 1149 2310 Oi
1176 2259 1250 2321 δὲ,
1270 2258 1402 2310 Ἀπὸ
1423 2261 1732 2329 ἐπιλήψεως

157 2347 357 2417 συνέϐη
386 2348 537 2416 αὐτῷ
564 2349 723 2401 τοῦτο
755 2348 813 2401 τὸ
845 2348 1034 2411 πάθος.
1068 2349 1196 2413 Θεὸς
1215 2351 1440 2404 δὲὸτῶν
1474 2355 1731 2422 κρυπτῶν

154 2438 428 2505 γνὼστης,
459 2439 485 2490 6
508 2439 574 2490 τά
607 2437 788 2504 ὑψηλά
811 2438 919 2491 ἀπὸ
952 2440 1229 2510 μακρόθεν
1272 2443 1575 2510 γινώσκων,
1637 2450 1730 2499 καὶ

160 2530 282 2591 τοὺς
306 2528 696 2597 διαλογισμοὺς
719 2529 825 2581 τῶν
857 2530 1162 2598 ἀνθρώπων
1190 2531 1404 2601 ἐφορῶν
1422 2573 1435 2596 ,
1482 2535 1595 2604 εἴδη
1636 2535 1729 2586 τοῦ

151 2622 344 2673 δούλου
369 2621 536 2673 αὐτοῦ
563 2622 661 2689 τὴν
687 2620 970 2690 ἐργασίαν,
994 2624 1087 2676 καὶ
1114 2618 1191 2685 οἷς
1220 2624 1441 2693 τρόποις
1460 2624 1730 2695 ἔπραττεν

157 2728 356 2765 ταυτα.

236 2890 335 2953 ξθ¹.
374 2891 643 2959 Κειμένου
669 2887 761 2946 οὖν
785 2894 877 2947 τοῦ
906 2896 1105 2959 Ὀσὶου,
1132 2896 1273 2949 καθὰ
1302 2902 1643 2970 προείρηται,
1666 2904 1731 2955 ἑν

157 2980 233 3048 τῷ
260 2983 527 3049 κοπρὼδει
544 2984 712 3049 τόπῳ,
733 2986 928 3052 συνέϐη
954 2986 1166 3054 ἄμαξαν
1186 2988 1689 3056 διέρχεσθαι-ἐκεῖσε
1713 3004 1728 3023 ⁴

156 3071 181 3117 ό
214 3066 272 3118 δὲ
300 3069 593 3138 βοηλάτης,
622 3072 823 3126 πλείονι
852 3074 982 3143 οἴνῳ
1004 3054 1726 3151 συμπεφυρμένοςλρκγῳ-

155 3156 261 3208 ὁῶν
314 3160 630 3226 ἐπορεύετο,
684 3164 743 3213 οὐ
808 3162 992 3231 μέντοι
1057 3166 1286 3219 συνείδει
1334 3168 1404 3240 τᾲ
1450 3170 1587 3222 κατὰ
1631 3171 1722 3223 τὸν

1837 618 2154 687 impulsusa
2192 622 2459 689 daatnone,
2491 638 2555 677 cu
2570 624 2745 677 tndem
2782 626 3037 692 pastorali
3079 625 3234 694 pede,
3266 628 3411 695 quod

1841 725 2002 765 manu
2029 711 2294 780 gestabat,
2329 716 2571 771 collectis
2595 716 2805 772 viribus
2827 718 3070 784 pulsabat
3109 728 3258 773 tanto
3283 734 3409 775 cum

1836 803 2060 869 impetu,
2096 810 2153 855 ut
2191 803 2404 856 eminus
2436 807 2659 860 verbera
2698 807 3101 861 exaudirentur.
3163 810 3409 863 Andreas

1836 907 1961 946 vero
1984 896 2171 948 oculos
2204 896 2255 948 in
2288 899 2657 953 verbm-antem
2701 900 3017 963 intendens,
3053 914 3265 955 amaros
3299 915 3409 970 prtn

1835 983 2023 1039 dolore
2046 987 2276 1056 gemitus
2297 988 2560 1052 ducebat,
2589 1006 2925 1060 surgensque
2959 991 3184 1062 propius
3225 1006 3408 1046 acces-

1835 1073 1905 1128 sit
1965 1076 2195 1139 homini,
2250 1089 2300 1131 et
2356 1080 2420 1131 ad
2454 1094 2627 1147 genua
2654 1082 2955 1147 procidens,
2987 1082 3238 1151 amplexu
3287 1098 3411 1133 cnn-

1834 1170 2135 1239 stringebat
2163 1172 2327 1238 pedes
2355 1172 2694 1241 lingcbatque
2736 1172 2938 1241 lingua,
2973 1176 3170 1227 durum
3221 1185 3411 1243 pectus

1833 1260 2087 1327 precibus
2119 1261 2329 1313 umllire
2357 1273 2603 1315 conatus.
2629 1263 2781 1328 Quod
2807 1266 3097 1333 conspicati
3121 1264 3365 1319 nonnulli
3393 1279 3406 1315 :

1832 1353 1992 1414 Ecce,
2017 1353 2357 1421 inquiebanl,
2378 1353 2769 1408 dmmouiacun:
2793 1355 2966 1419 illum,
2990 1358 3367 1409 mentelzesum
3390 1396 3405 1419 ,

1832 1443 2108 1511 quomodo
2157 1443 2445 1497 advolutus
2494 1444 2767 1497 saetientis
2819 1445 2871 1497 in
2902 1460 2959 1499 se
2996 1445 3250 1512 pedibus,
3291 1456 3410 1498 tan-

1832 1549 1993 1602 quam
2026 1533 2178 1587 canis
2218 1535 2474 1601 praehrnti
2502 1535 2602 1588 sibi
2638 1535 2940 1603 quidpiam,
2987 1535 3302 1588 blandiatur
3332 1536 3411 1587 it:-

1832 1624 2108 1680 sensibilis
2132 1624 2197 1676 ad
2224 1624 2704 1691 verberaaNempe
2746 1626 2957 1678 daemon
2997 1626 3051 1679 in
3106 1626 3409 1679 visceribus

1832 1716 1952 1784 ejus
1980 1714 2160 1768 fuerit.
2201 1714 2448 1770 Andreas
2499 1726 2702 1783 autem,
2750 1717 3006 1785 gravibus
3032 1716 3260 1770 afﬂictus
3294 1718 3410 1770 vul-

1836 1809 2078 1869 neribus,
2105 1810 2397 1862 astantium
2455 1810 2627 1863 oculis
2661 1825 2719 1862 se
2744 1809 3002 1863 subduxit
3031 1848 3045 1868 .
3083 1809 3409 1877 inventoque

1836 1901 2199 1971 sterquilinio,
2226 1902 2546 1955 brevissimo
2576 1902 2685 1955 illic
2715 1916 2905 1955 somno
2927 1899 3169 1955 indulsit.
3226 1897 3410 1952 Viato-

1837 2008 1922 2047 res
1959 2002 2137 2046 autem
2204 1993 2326 2045 illae
2383 1994 2485 2046 iter
2532 1994 2823 2056 habentes,
2878 2003 3172 2061 conspecm
3238 2006 3404 2059 supra

1836 2086 2021 2138 limum
2074 2086 2191 2138 viro
2260 2096 2470 2148 sancto,
2502 2099 2563 2139 ex
2599 2084 2709 2138 imo
2756 2085 2919 2137 corde
2962 2084 3401 2153 ingemiscentes.

1835 2177 2088 2231 dicebant
2125 2195 2138 2231 :
2180 2173 2320 2247 Ignis
2349 2186 2401 2230 ct
2426 2178 2653 2244 sulphur
2688 2177 2848 2244 capiti
2887 2174 3051 2237 illius,
3074 2174 3402 2244 qnzeisthae

1834 2278 2051 2336 operata
2115 2279 2195 2322 est
2258 2269 2312 2321 in
2369 2278 2461 2333 te,
2511 2283 2633 2321 nam
2716 2266 2856 2320 fama
2889 2276 3042 2330 erat,
3098 2281 3127 2319 a
3175 2266 3404 2319 muliere

1832 2357 2083 2427 quapiam
2149 2373 2250 2427 ope
2306 2358 2568 2411 (Immonis
2618 2356 2768 2409 illtun
2829 2356 2893 2409 ad
2934 2355 3200 2409 insaniam
3236 2355 3404 2409 fuis-e

1833 2447 2419 2515 adactum:quamvis
2491 2446 2581 2500 alii
2637 2447 2689 2499 in
2757 2445 3067 2513 cpilepsiam
3138 2445 3402 2512 originem

1833 2539 1960 2591 mali
2024 2536 2362 2592 referendam
2432 2538 2783 2591 sustinerent.
2851 2537 2915 2589 At
2973 2536 3116 2591 Deus
3163 2536 3253 2605 qui
3306 2551 3399 2588 ar-

1831 2644 1965 2683 cana
2047 2629 2290 2682 cu'rdium
2371 2629 2667 2697 perspicit,
2726 2639 2778 2682 ct
2857 2628 2964 2681 alta
3008 2642 3038 2680 a
3092 2627 3248 2695 longe
3307 2642 3400 2680 Cn-

1828 2722 2058 2790 guoseit,
2107 2732 2161 2774 et
2195 2723 2547 2790 cogitationes
2577 2720 2858 2773 hominum
2891 2719 3250 2778 considerat,
3290 2734 3397 2770 mn

1828 2813 2127 2880 ignorabat,
2160 2827 2281 2881 quae
2342 2813 2578 2865 famulus
2628 2826 2781 2874 suus,
2806 2820 2859 2863 et
2904 2826 3001 2864 cur
3049 2820 3393 2877 operaretur.

1898 2902 1988 2960 69.
2021 2902 2243 2957 Jacente
2276 2903 2437 2973 igitur
2465 2904 2677 2957 Andrea
2703 2904 2757 2956 in
2801 2917 2998 2971 spurco
3046 2902 3396 2969 sordidoque,

1830 3006 1888 3049 ut
1916 2996 2115 3049 dictum
2152 3002 2252 3059 est,
2281 2996 2421 3059 loco,
2455 2994 2676 3063 contigit
2722 2994 3021 3063 plaustrum
3090 2995 3213 3048 illac
3248 3003 3397 3046 tran-

1828 3088 1935 3141 sire
1962 3127 1977 3153 ,
2003 3089 2160 3154 cujus
2191 3088 2443 3157 agitator,
2479 3088 2648 3142 multo
2679 3088 2806 3142 vino
2842 3088 3095 3149 madens,
3128 3085 3401 3154 tragmdo-

1829 3193 1947 3231 rum
1980 3195 2129 3233 more
2157 3178 2452 3244 ferebatur,
2496 3180 2717 3249 ignarus
2778 3179 3099 3232 dormientis
3130 3178 3185 3230 in
3221 3179 3395 3246 platea

156 3248 370 3317 Ἄτην.
410 3252 704 3322 [Ιαριόντες
730 3257 909 3311 τοίνυν
938 3260 985 3311 οἱ
1019 3259 1159 3329 βόες,
1208 3261 1591 3333 κατεπάτησαν
1625 3265 1712 3318 τὸν
1740 3259 1749 3303 θ

1829 3267 2046 3323 Androm
2084 3285 2096 3321 :
2130 3268 2221 3338 qui
2264 3248 2586 3338 agitatorum
2640 3270 2801 3322 boum
2851 3265 3067 3334 ungulis
3123 3267 3392 3330 calcatus,

168 3341 375 3404 Ὀσιον,
406 3343 687 3411 ἑλκόμενοι
718 3346 774 3397 δὲ
808 3347 902 3400 καὶ
929 3349 976 3399 οἱ
1008 3352 1191 3418 τροχοὶ
1215 3352 1378 3418 μέσον
1401 3352 1497 3417 τῆς
1518 3353 1725 3417 κοιλίας

154 3432 321 3482 αὐτοῦ
357 3431 574 3501 διῆλθον
595 3435 728 3505 (87).
775 3436 1111 3506 Θεασάμενοι
1159 3440 1216 3493 δὲ
1259 3442 1305 3493 οἱ
1336 3441 1435 3511 τὴν
1476 3444 1593 3495 ὁδὸν
1624 3461 1723 3499 πυ·

155 3522 466 3590 ρευὸμενοι,
500 3524 967 3594 κατεκραύγασαν
1009 3528 1103 3581 τοῦ
1145 3530 1407 3600 βοηλάτου
1451 3534 1723 3606 θυμούμε-

152 3627 253 3671 ~.o-.,
314 3609 411 3662 καί
466 3628 609 3674 τινες
668 3614 937 3683 τύψαντες
987 3619 1149 3671 αὐτὸν
1194 3622 1437 3689 σφοδρῶς
1486 3624 1718 3693 ἔλεγονο

155 3702 339 3755 Ἐστω
370 3706 451 3756 ὅτι
478 3708 577 3757 ούκ
604 3708 835 3781 αἰσθάνῃ
858 3750 875 3775 ,
912 3709 1016 3763 κᾶν
1055 3712 1155 3763 οὐκ
1189 3712 1410 3776 ἐϐλεπες
1444 3716 1606 3768 πόθεν
1624 3734 1721 3770 πο-

153 3793 377 3861 ρεύεται
412 3797 443 3866 ή
479 3796 661 3865 ᾶμαξτ
690 3816 705 3864 ;
752 3799 808 3851 Ὅ
834 3799 891 3852 δὲ
923 3800 1001 3870 τῷ
1033 3802 1212 3872 πολλῷ
1246 3805 1373 3874 οἴνῳ
1403 3808 1723 3877 κεκαρωμέ-

151 3901 263 3948 νος,
293 3885 450 3953 μόλις
473 3886 808 3957 ἀπεκρίνατο
835 3906 848 3919 θ
884 3891 979 3953 Τίς
1006 3893 1313 3960 ἠνάγκαζεν
1358 3896 1519 3948 αὑτὸν
1557 3898 1723 3966 μέσον

146 3970 252 4040 τῆς
283 3972 403 4025 ὀδοῦ
434 3974 788 4043 καθεσθῆναι,
818 3980 912 4032 καὶ
938 3980 1240 4049 σκηνώσεις
1277 3986 1495 4054 ποιῆσαι
1523 4001 1537 4049 ;
1572 3986 1634 4039 Οἱ
1666 3987 1722 4041 δὲ

150 4065 292 4128 πρὸς
322 4065 485 4116 αὐτόν
515 4081 528 4096 ·
560 4065 680 4136 Δῴη
715 4084 796 4119 σοι
843 4071 870 4121 6
903 4070 1035 4134 Θεὸς
1080 4072 1180 4142 τὴν
1240 4074 1404 4128 αὐτοῦ
1456 4078 1719 4148 φρόνησιν

148 4152 245 4204 καὶ
292 4152 353 4205 τὸ
388 4154 628 4223 πνεῦμα,
686 4157 822 4227 ὅπερ
874 4160 1035 4213 αὐτὸν
1072 4164 1152 4224 εἰς
1183 4163 1514 4236 τηλικαύτην
1570 4170 1719 4220 ἀπίει

146 4242 513 4311 ἀναισθησίαν
542 4246 765 4314 ἤλασεν.
815 4249 873 4302 '0
903 4250 959 4303 δὲ
986 4251 1206 4316 Δίκαιος
1237 4254 1421 4326 χάριτι
1454 4258 1548 4373 “to?
1579 4259 1719 4330 Χρι-

147 4334 280 4373 nent“;
346 4338 617 4373 κνέιιςιυευ
676 4342 918 4373 λςδηεε,
992 4346 1099 4373 ιτ-ι
1141 4363 1285 4373 -...--
1324 4349 1503 4373 ιι-..--ι.
1550 4370 1580 4373 ,γ
1608 4370 1693 4373 --κ

147 4334 280 4387 στοῦ
346 4338 617 4404 διέμεινεν
676 4342 939 4411 ἀϐλαϐής.
991 4346 1099 4399 Καί
1141 4363 1285 4411 τινες
1323 4334 1717 4419 θαυμάζοντες,

144 4424 337 4493 ἔλεγον
371 4443 388 4459 ⁸
434 4430 498 4482 Τί
548 4432 811 4501 εἴπωμεν,
855 4434 888 4504 ἢ
944 4437 996 4489 τί
1048 4438 1410 4510 φθεγξώμεθα
1448 4446 1574 4513 περὶ
1624 4444 1717 4497 τοῦ

144 4518 501 4587 πεφυρμένου
531 4522 760 4590 τούτους
827 4524 1260 4598 Ἐπαποροῦμεν,
1304 4531 1409 4601 ἀρα
1452 4533 1555 4586 ὑπὸ
1581 4534 1714 4588 Θεοῦ

145 4610 465 4680 ἐσκεπάσθη
493 4607 671 4677 οὗτος,
716 4615 749 4684 ἢ
784 4616 885 4667 ὑπὸ
916 4592 1050 4696 τῶν*
1076 4592 1713 4693 πονηρῶίπνευμάτων,
1749 4592 1791 4647 D

144 4701 204 4751 ἐν
234 4698 321 4761 οἷς
360 4706 821 4774 κατατριϐόμενος
848 4708 1068 4762 ὣλυται.
1110 4714 1172 4765 Oi
1207 4713 1262 4765 δὲ
1288 4713 1471 4781 ελεγον
1495 4733 1507 4745 ·
1550 4718 1716 4772 Εἰκά-

144 4793 336 4861 ζομεν,
366 4794 449 4846 ὅτι
474 4797 502 4847 6
557 4802 1103 4872 συμπεριφερόμενος
1134 4805 1283 4875 αὐτῷ
1314 4804 1541 4877 δαίμων,
1597 4814 1719 4865 ἐπι-

142 4882 332 4935 ποθῶν
385 4884 479 4937 τοῦ
531 4890 767 4941 συνεῖναι
814 4892 988 4961 αὐτῷ,
1043 4894 1208 4960 ὀξέως
1265 4900 1364 4969 τῆς
1412 4903 1625 4974 ἀμάξης
1657 4906 1716 4959 τὸ

144 4974 315 5043 βάρος
361 4976 640 5045 ἐκούφισε,
673 4980 766 5033 καὶ
816 4981 1053 5055 ἀϐλαϐὴς
1099 4987 1383 5059 διέμεινεν.
1431 4995 1612 5048 Ἀλλοι
1657 4999 1716 5051 δὲ

143 5064 335 5130 ἔλεγον
362 5080 375 5093 °
415 5065 552 5133 Οὔκ,
585 5068 700 5121 ἀλλ’
726 5072 753 5123 6
780 5071 910 5135 Θεὸς
947 5074 1192 5143 ἐλεήμων
1219 5081 1498 5155 ὑπάρχων,
1515 5090 1715 5140 οἰκτει-

148 5154 327 5223 ρήσας
367 5155 467 5226 τὴν
493 5160 656 5213 αὑτοῦ
687 5165 931 5234 ἀτυχίαν,
976 5168 1279 5226 ἐσκέπασεν
1316 5154 1496 5229 αὐτόν.
1530 5178 1712 5231 Ταῦτα

143 5247 327 5298 πάντα
376 5247 638 5311 ἑκουσίως
682 5251 948 5323 ἔπραττεν
1005 5260 1033 5310 6
1085 5261 1369 5333 Μακάριος
1403 5305 1419 5333 ,
1478 5271 1713 5338 μισήσας

142 5333 234 5442 τὸν
260 5335 465 5441 κόσμον
497 5340 590 5394 καὶ
614 5341 683 5395 τὰ
702 5344 759 5396 ἑν
785 5348 975 5420 κόσμῳ
1002 5350 1090 5406 διὰ
1122 5353 1219 5425 τὴν
1277 5333 1560 5426 βασιλείαν
1602 5333 1710 5416 τῶν

140 5442 412 5497 ουρανων.

1827 3372 2274 3431 raptatarumque
2323 3370 2565 3415 rotarum
2648 3361 2906 3429 impetum
2979 3357 3157 3411 medio
3207 3368 3394 3411 ventre

1823 3454 2116 3522 excipiens,
2179 3453 2514 3508 transeuntis
2549 3467 2713 3520 super
2785 3465 2845 3505 se
2906 3465 3100 3505 currus
3152 3449 3390 3518 pondere

1822 3560 2043 3615 pressus
2086 3545 2209 3601 fuit.
2271 3545 2385 3599 Hoc
2415 3546 2511 3615 qui
2538 3545 2725 3598 eadem
2754 3544 2855 3597 iter
2878 3542 3149 3596 habebant
3173 3540 3393 3610 conspi-

1821 3638 1951 3700 cati,
1979 3652 2103 3691 cum
2128 3636 2500 3707 indignatione
2530 3635 2917 3704 increpuerunt
2965 3632 3397 3701 aurigam,uon-

1823 3730 1958 3783 nulli
2011 3729 2173 3783 etiam
2208 3728 2273 3781 ad
2325 3727 2547 3781 verbera
2581 3727 2892 3795 progressi,
2928 3724 3221 3779 dicebant:
3249 3722 3396 3775 Nihil

1822 3821 2025 3874 sentias
2076 3829 2131 3873 tu
2163 3821 2277 3888 ipse
2317 3820 2479 3883 licet,
2517 3833 2581 3872 ac
2615 3816 2804 3871 saltem
2849 3831 2955 3885 qua
2997 3830 3193 3870 currus
3226 3823 3398 3867 trans'

1822 3922 1910 3965 eat
1949 3909 2383 3980 prospiciendum
2425 3910 2521 3963 tibi
2555 3908 2677 3962 fuit.
2749 3907 2820 3961 At
2854 3906 2966 3972 ille,
3002 3906 3127 3958 vino
3160 3904 3396 3973 plurimo

1824 4001 2075 4064 obrutus,
2107 4001 2194 4055 vix
2223 4000 2274 4055 id
2308 4000 2555 4069 responsi
2586 3999 2750 4053 dabat
2785 4014 2799 4051 :
2831 3997 2965 4061 Quis
3005 3995 3278 4051 hominem
3339 3994 3395 4048 in

1823 4090 2003 4144 media
2053 4093 2230 4160 coegit
2275 4090 2360 4144 via
2402 4090 2637 4159 quietem
2662 4087 2765 4142 sibi
2795 4088 2923 4142 dare
2956 4096 3008 4141 et
3048 4084 3397 4139 habitationis

1822 4180 1998 4235 locum
2056 4181 2342 4250 deligere?
2394 4180 2494 4235 Cui
2559 4194 2776 4234 rursum
2834 4178 2945 4235 illi:
2989 4177 3204 4232 Utinam
3239 4176 3293 4229 in
3346 4187 3397 4228 te

1824 4272 2119 4327 transferat
2172 4272 2315 4327 Deus
2367 4274 2675 4342 passionem
2714 4271 2860 4325 illius
2884 4282 2936 4323 et
2959 4269 3229 4337 spiritum,
3252 4266 3395 4320 unde

1823 4365 1889 4418 ad
1926 4380 2013 4419 res
2043 4373 2149 4419 tam
2177 4364 2424 4419 insolitas
2448 4372 2503 4417 et
2539 4378 2569 4417 a
2604 4363 2813 4416 ratione
2833 4361 3039 4414 alienas
3070 4359 3390 4427 impellitur!

1824 4455 2057 4511 Sanctus
2107 4455 2343 4521 interim,
2392 4470 2513 4524 qua:
2560 4454 2734 4523 gratia
2793 4451 2994 4506 Christi
3039 4450 3160 4515 fuit,
3194 4449 3395 4502 mansit

1823 4550 2043 4603 illaesus.
2088 4548 2452 4613 Quamobrem
2518 4549 2782 4601 mirantes
2842 4545 3010 4613 aliqui
3089 4544 3387 4596 dicebant:

1826 4643 1896 4696 De
1932 4644 2124 4695 insano
2155 4640 2331 4694 isthoc
2358 4639 2485 4708 quid
2517 4640 2814 4694 sentiemus
2860 4634 3252 4704 loquemurte?
3286 4632 3393 4685 Duo

1822 4734 1969 4789 bium
2002 4748 2132 4786 sane
2161 4742 2261 4796 est,
2292 4742 2473 4787 utrum
2515 4731 2695 4795 aDeo,
2728 4746 2795 4784 an
2841 4746 2871 4784 a
2908 4729 3064 4783 malis
3089 4726 3385 4795 spiritibus,

1824 4840 1854 4879 a
1920 4824 2118 4894 quibus
2173 4826 2238 4878 ad
2305 4824 2595 4895 perniciem
2647 4838 2820 4892 usque
2870 4821 3197 4889 exagitatur,
3227 4817 3389 4871 fuerit

1822 4924 2196 4972 conservatus.
2251 4917 2352 4969 Alii
2409 4917 2811 4978 existimabant,
2869 4913 3100 4967 incolam
3155 4912 3388 4964 hominis

1821 5018 2019 5063 tetrum
2070 5009 2313 5062 daemone
2345 5046 2360 5071 ,
2419 5010 2564 5077 quod
2623 5008 2829 5076 perdite
2886 5005 3215 5059 desideraret
3264 5018 3384 5056 eum

1816 5116 1978 5171 porro
2017 5101 2273 5165 incolere,
2304 5099 2589 5155 confestim
2610 5100 2837 5167 plaustri
2859 5097 3072 5165 pondus
3104 5096 3387 5151 alleviasse

1818 5194 2052 5263 hincque
2101 5194 2219 5249 sine
2274 5194 2493 5249 laesione
2525 5192 2861 5248 transivisse.
2913 5191 3017 5245 Alii
3048 5205 3177 5245 vero
3206 5191 3257 5245 id
3289 5204 3386 5242 ne-

1819 5295 2045 5356 gantes,
2097 5287 2396 5341 attribuere
2458 5286 2567 5340 Deo
2619 5286 2911 5349 malebant,
2946 5285 3036 5353 qui
3062 5283 3385 5337 calamitatis

1816 5377 2041 5432 Andreae
2095 5379 2367 5446 misertus,
2423 5378 2599 5448 ipsum
2644 5380 2987 5449 protexisset.
3056 5378 3234 5445 Atque
3268 5373 3383 5429 haec

1814 5471 1993 5525 omnia
2022 5470 2249 5529 faciebat
2281 5474 2520 5530 Sanctus
2553 5475 2736 5528 animo
2763 5474 2992 5538 lubenti,
3046 5470 3171 5526 odio
3199 5482 3387 5540 prose-

140 5536 317 5591 ιιαεηε
349 5528 609 5584 mundum
640 5540 695 5587 et
722 5550 783 5591 ea
806 5553 925 5609 qua:
950 5540 1004 5597 in
1034 5548 1240 5605 mundo
1281 5563 1428 5623 sunt,
1463 5565 1522 5612 ut
1575 5563 1837 5629 potiretur
1860 5567 2150 5639 aliquando
2173 5575 2322 5643 regni
2352 5576 2607 5632 caelestis.

214 5687 325 5757 (87)
378 5690 453 5744 ita
515 5706 620 5751 ms.

143 5756 328 5815 ἐπάνω
360 5759 549 5815 αὑτοῦ.

668 5693 871 5756 Mazar.
906 5718 1008 5775 pro
1059 5722 1169 5779 quo
1194 5711 1442 5774 Vatican.
1493 5718 1609 5778 haec
1636 5735 1749 5779 om:

1862 5726 2138 5789 habebat:
2197 5735 2576 5808 Λῳϐήσαντες,
2633 5743 2966 5809 σπασθέντες
3041 5747 3094 5802 δὲ
3125 5748 3380 5819 διέϐησαν
