4202 6434
773 407 870 473 τιι

1812 401 2238 466 NICEPHORI
2277 399 2752 462 PRESBYTER!
2792 401 2900 461 CP.
3907 404 4012 469 712

840 518 931 573 70.
964 519 1121 574 Aliud
1154 534 1367 590 quoque
1393 528 1689 573 memoratu
1722 519 1968 587 dignum,
2020 516 2347 587 benignissi-
2377 565 2381 575 ,

2522 533 2581 582 ο’.
2603 526 2829 600 Ἕτερον
2855 529 2913 583 δὲ
2943 532 3175 603 πρᾶγμα
3202 534 3229 585 6
3256 535 3470 600 Δίκαιος
3496 537 3783 608 ἔπραττεν,
3809 538 3905 592 τοῦ
3935 557 4019 607 φι-

771 627 863 667 tno
921 612 1147 666 Domino
1205 621 1391 667 nostro
1430 613 1569 664 vires
1603 610 1918 671 sulliciente,
1951 618 2207 678 operatus
2243 615 2345 662 est.

771 703 906 757 llltnl
938 702 1147 757 {astatis
1179 711 1391 771 tempus
1420 702 1713 771 agebatur,
1775 715 1885 769 quo
1916 709 2081 755 aestus
2110 698 2242 754 solis
2269 700 2351 753 in-

775 790 1072 845 tolerabilis
1125 798 1324 845 terram
1376 789 1779 859 quodammodo
1802 799 1861 843 ut
1923 789 2196 844 clibannm
2227 803 2352 842 sue-

773 880 956 933 rctnlit
976 896 991 944 ;
1015 894 1141 933 cum
1177 882 1371 934 Beatus
1402 880 1615 933 ebrium
1644 895 1703 934 se
1746 881 2042 945 simulavit,
2074 879 2351 933 ebriorum

772 972 1128 1039 exprimendo
1162 981 1347 1041 gestus
1374 986 1701 1041 gressusque
1722 972 2005 1037 imitando,
2028 973 2354 1042 procedens-

686 1087 688 1089 »
774 1077 884 1129 quc
917 1062 970 1115 in
1026 1063 1203 1116 locum
1257 1063 1490 1117 maxime
1536 1065 1803 1131 apricum,
1857 1064 2143 1131 procubuit
2177 1063 2353 1116 media

777 1156 888 1218 \‘ia,
912 1156 1060 1207 nullo
1085 1174 1098 1203 ι
1120 1155 1190 1208 ibi
1219 1164 1448 1224 potusve
1470 1149 1709 1210 admisso
1734 1155 1945 1220 solatio,
1971 1165 2355 1211 etazstuantem

777 1234 889 1299 illic
948 1246 1117 1299 solent
1171 1245 1261 1299 diu
1295 1246 1560 1299 toleravit.
1598 1245 1993 1300 Prmtereuutes
2030 1261 2180 1309 τίετο,
2212 1246 2358 1315 quod

776 1341 1105 1396 tuﬂrndicnlo
1165 1343 1267 1397 sibi
1322 1351 1486 1404 esset,
1544 1357 1572 1394 a
1623 1342 1836 1395 diabolo
1884 1342 1951 1395 ad
2022 1342 2357 1397 iracundiam

781 1434 1040 1502 instigati,
1093 1450 1217 1502 pars
1269 1433 1477 1486 baculis
1525 1432 1800 1486 caedebant
1855 1433 2165 1500 jacentem,
2234 1449 2361 1504 pars

780 1520 1019 1591 impacto
1080 1524 1131 1575 in
1171 1525 1344 1590 ipsum
1399 1520 1547 1576 calce
1585 1523 1889 1575 transibant
1922 1562 1935 1584 ,
1973 1522 2062 1575 alii
2115 1524 2367 1592 blasphe-

791 1624 1003 1667 ntantes
1056 1614 1453 1667 conculcabant
1506 1614 1747 1681 pedibus,
1786 1614 2029 1667 nonnulli
2076 1631 2171 1683 per
2203 1617 2363 1684 pedes

788 1714 1023 1759 tractum
1078 1706 1131 1759 in
1193 1719 1429 1773 pra'ccps
1524 1706 1799 1771 rapit-bant
1834 1722 1847 1755 :
1881 1706 2025 1759 unde
2082 1707 2367 1776 ingruente

783 1809 945 1851 nocte
1028 1812 1360 1865 resurgens,
1417 1796 1726 1849 conferebat
1795 1811 1851 1850 se
1913 1797 1978 1850 ad
2008 1799 2363 1855 ecclesiarum

2447 620 2769 691 λανθρὼπου
2802 622 2937 677 Θεοῦ
2970 625 3391 698 ἰνδυναμοῦντος
3422 628 3605 686 αὐτόν.
3642 631 3732 686 Ἐν
3763 632 3873 701 γὰρ
3900 634 4023 693 ταῖς

2452 720 2546 774 τοῦ
2584 719 2777 788 θέρους
2811 722 3067 792 ἡμέραις,
3102 721 3265 791 ἡνίκα
3302 723 3331 775 6
3361 722 3634 794 ἀφόρητος
3666 724 3886 779 καύσων
3922 724 4021 778 τοῦ

2454 814 2603 883 ἡλίου
2634 811 2899 881 ὑπῆρχεν,
2951 815 2979 866 6
3009 812 3099 865 καὶ
3131 812 3229 884 τὴν
3264 816 3367 885 γῆν
3408 813 3483 876 ὠς
3526 814 3753 884 κάμινον
3792 814 4022 887 ἐργαζόα

2458 920 2619 972 μενος
2645 918 2659 933 ·
2684 902 2807 955 τότε
2831 903 2858 954 δ
2888 903 3171 973 Μακάριος
3201 903 3669 975 σχηματιζόμενος
3708 908 3882 961 ἐποίει
3928 910 4025 961 αὺ-

2454 994 2547 1046 τὸν
2579 994 2652 1055 ὡς
2679 991 2964 1062 μεθύοντα,
2995 994 3321 1063 ἀφικόμενος
3349 995 3408 1047 ἐν
3436 996 3514 1064 τῷ
3543 996 3811 1051 καυσώδει
3850 998 4023 1065 τόπῳ,

2460 1087 2636 1137 ἐκεῖσε
2677 1083 2947 1152 ὑπέμενεν
2996 1084 3091 1137 τὸν
3144 1084 3404 1155 φλογερὸν
3442 1087 3716 1153 καύσωνα,
3776 1087 4027 1158 ἄϐρωτος

2462 1180 2554 1231 καὶ
2614 1178 2816 1239 ἄποτος
2874 1177 3039 1247 μέσον
3090 1177 3188 1246 τῆς
3228 1178 3348 1232 ὀδοῦ
3394 1179 3769 1250 ἀνακείμενος.
3817 1182 3880 1233 Oi
3933 1178 4027 1235 οὖν

2459 1268 2798 1337 διερχόμενοι
2838 1264 3296 1335 συμποδιζόμενοι
3337 1268 3416 1330 είς
3451 1266 3634 1329 αὐτὸν,
3689 1270 3751 1319 ἐκ
3783 1267 4028 1319 διαϐολι-

2463 1359 2565 1428 κῆς
2605 1358 2865 1429 ἐργασίας
2891 1356 3243 1426 θυμούμενοι,
3279 1356 3327 1407 oi
3369 1360 3470 1425 μὲν
3510 1356 3725 1428 ῥάϐδοις
3771 1358 4027 1415 ἔτυπτον.

2462 1451 2513 1502 οί
2544 1450 2599 1504 δὲ
2628 1450 2973 1514 λακτίζοντες
2999 1448 3283 1511 διέϐαινον,
3320 1447 3501 1516 ἕτεροι
3540 1448 3595 1500 δὲ
3642 1447 4031 1516 βλασφημοῦν·

2462 1560 2554 1607 τες
2581 1545 2676 1597 καὶ
2709 1545 2822 1603 τοῖς
2841 1545 2966 1594 ποσὶ
2994 1539 3451 1603 καταπατοῦντες,
3477 1539 3626 1592 άλλοι
3648 1541 3703 1592 δὲ
3726 1538 4031 1602 τοὶςπόδας

2465 1635 2632 1689 αὐτοῦ
2665 1634 2956 1701 λαϐόμενοι
2995 1636 3076 1694 είς
3126 1634 3187 1686 τὸ
3234 1633 3496 1695 κάταντες
3547 1630 3760 1701 ἔσυρον.
3838 1630 4032 1683 Ἦνίκα

2467 1729 2524 1782 δέ
2553 1730 2587 1798 ἠ
2632 1727 2731 1792 νὺξ
2779 1724 3101 1789 κατέλαϐεν,
3132 1724 3489 1793 ἀνιστάμενος
3553 1722 3781 1785 ἐκεῖθεν,
3833 1724 4034 1793 ῆρχετο

2470 1823 2529 1874 ὲν
2587 1821 2699 1883 τοῖς
2761 1818 3055 1891 προθύροις
3103 1816 3212 1869 τῶν
3265 1816 3595 1887 ἐκκλησιῶν,
3638 1816 3733 1868 καὶ
3786 1814 3856 1867 δι’
3904 1816 4033 1884 ὅλης

782 1890 1085 1953 vestibula,
1156 1888 1508 1956 t'acabatqne,
1565 1899 1763 1956 quanta
1801 1898 2000 1955 quanta
2029 1904 2135 1943 nox
2199 1901 2363 1956 esset,

2468 1913 2664 1973 νυκτὸς
2707 1888 2954 1981 ύπῆρχεν
3001 1907 3398 1978 ἀσχολούμενος
3450 1909 3513 1960 ἐν
3563 1908 3891 1978 προσευχαῖς
3940 1908 4035 1958 καὶ

784 1982 1051 2035 orationi.

864 2074 951 2127 Ἠ.
1005 2074 1143 2126 Cum
1203 2074 1283 2126 sic
1316 2072 1605 2141 aliquando
1633 2074 1961 2125 cirruntiens
2011 2074 2125 2129 suis
2150 2085 2367 2129 vacaret

786 2165 1067 2219 exercitiis
1093 2204 1110 2228 ,

790 2257 844 2309 in
900 2256 1106 2309 famulo
1158 2254 1272 2307 Dei.
1338 2252 1613 2307 Vestibula
1700 2269 1933 2322 namque
1989 2252 2365 2317 ecclesiarum,

789 2345 1126 2415 intempesta:
1190 2345 1367 2399 noctis
1423 2356 1682 2411 tempore,
1718 2359 1824 2412 quo
1870 2343 2049 2397 minus
2078 2358 2240 2412 Opera
2270 2358 2367 2397 sua

793 2438 1118 2490 hominibus
1177 2436 1595 2495 ittttott'sret'ettl.
1659 2450 1806 2488 more
1855 2449 1953 2487 suo
1975 2434 2374 2488 visitabatora-

796 2530 963 2583 tionis
997 2543 1160 2582 causa
1196 2567 1210 2590 ,
1274 2543 1395 2581 cunt
1450 2528 1585 2580 forte
1619 2528 1683 2579 ad
1733 2526 1900 2578 :rdent
1932 2541 2151 2594 quoque
2178 2524 2375 2595 glorio-

794 2621 1025 2675 sissima!
1076 2620 1167 2674 Dei
1211 2618 1525 2680 Genitricis,
1556 2633 1585 2673 c
1624 2618 1846 2672 sinistra
1905 2617 2007 2672 fori
2060 2616 2174 2688 (88)
2226 2616 2371 2672 COII-

796 2710 1119 2765 stantiniani
1185 2719 1337 2776 parte
1395 2711 1579 2774 sitam,
1640 2708 1851 2762 delatus
1902 2717 2007 2769 est,
2067 2708 2374 2775 acciditque

802 2803 911 2855 sub
970 2803 1110 2856 idrtn
1173 2812 1386 2871 tempus
1455 2799 1716 2855 famulum
1763 2798 2053 2868 quemdam
2091 2812 2120 2850 a
2151 2797 2374 2851 domino

809 2908 913 2950 suo
969 2894 1211 2963 responsi
1271 2894 1571 2961 cujuspiam
1636 2891 1851 2961 petendi
1897 2905 2062 2945 causa
2123 2891 2374 2953 missum,

760 3000 768 3007 ‘
800 2987 927 3041 illac
976 2986 1233 3041 transire.
1269 2984 1365 3039 llic
1396 2985 1580 3053 igitur,
1619 2996 1677 3039 ut
1712 2985 2051 3039 contentiore
2101 2983 2384 3039 incedebat

804 3080 1000 3148 gradu,
1031 3076 1405 3133 conferentem
1446 3091 1505 3130 se
1552 3076 1809 3145 precandi
1863 3089 1992 3145 ergo
2020 3073 2087 3127 ad
2114 3088 2382 3128 memora-

801 3181 919 3225 tum
974 3168 1267 3223 oratorium
1318 3168 1587 3220 Andream
1640 3174 1921 3221 assecutus
1980 3174 2097 3229 est,
2155 3165 2275 3233 ipso
2324 3162 2382 3217 id

801 3280 914 3319 non
966 3263 1309 3318 observante.
1330 3262 1465 3316 Cum
1500 3262 1660 3331 igitur
1688 3268 1910 3313 ventum
1932 3268 2013 3313 est
2041 3258 2261 3327 propius
2315 3256 2385 3312 ad

803 3352 987 3421 templi
1072 3351 1437 3411 vestibulum,
1485 3349 1699 3403 volente
1765 3347 1877 3401 Deo
1919 3353 2385 3409 commonstrare,

804 3455 1044 3513 quantus
1066 3442 1302 3498 famulus
1337 3458 1469 3496 suus
1495 3448 1664 3505 esset,
1704 3441 1769 3493 ad
1819 3437 2031 3507 signum
2070 3437 2390 3490 veneranda:

807 3534 989 3591 crucis
1018 3574 1034 3597 ,
1067 3535 1212 3602 quod
1265 3532 1496 3587 Sanctus
1547 3540 1772 3585 extensa
1834 3543 1995 3581 manu
2025 3526 2247 3581 dextera
2276 3524 2390 3579 lor-

813 3626 1021 3689 mabat,
1073 3628 1335 3679 continuo
1389 3623 1553 3675 valvae
1607 3634 1703 3675 sua
1783 3626 1975 3687 sponte
2042 3624 2388 3685 patuerunt:

809 3723 903 3787 qui
960 3719 1277 3787 ingressus.
1329 3714 1560 3769 orationi
1608 3724 1801 3767 secure
1869 3706 2127 3771 vacabat,
2189 3706 2393 3763 nullius

812 3812 985 3878 magis
1047 3808 1300 3873 nescius,
1345 3820 1507 3875 quam
1561 3803 1706 3872 quod
1737 3800 1805 3855 ab
1834 3799 2017 3866 aliquo
2049 3812 2187 3866 pone
2206 3806 2393 3851 secuto

817 3902 1201 3970 deprehensus
1262 3905 1428 3950 esset.
1465 3894 1839 3962 Depreltensor
1896 3898 2076 3942 autem
2105 3886 2194 3939 ille
2223 3885 2395 3954 probe

816 4000 1044 4046 noverat
1077 3987 1373 4052 Andream,
1409 3986 1722 4051 sciebalque
1745 3995 1773 4033 e
1806 3991 2036 4033 numero
2075 3975 2393 4028 insanorum

818 4104 939 4144 esse
962 4100 1128 4139 unum
1162 4100 1178 4137 :
1203 4084 1290 4138 cui
1310 4078 1528 4149 quando
1548 4086 1734 4146 portas
1754 4069 2023 4141 adaperiri
2050 4067 2396 4135 conspicatus

822 4190 926 4243 est,
978 4177 1267 4239 inhorruit,
1311 4173 1547 4238 totisque
1580 4166 1805 4220 artubus
1842 4159 2289 4219 contremiscens,
2324 4157 2396 4209 ita

820 4286 1005 4328 secum
1036 4267 1342 4339 pensitabat
1378 4261 1560 4317 :Ecce
1604 4258 1823 4327 qualem
1878 4261 2253 4322 quantumque
2302 4247 2397 4301 Dci

827 4337 1089 4419 famulum
1123 4361 1159 4415 ii
1199 4358 1449 4427 quivere
1506 4351 1682 4405 insani
1736 4353 1884 4409 sunt,
1936 4337 2397 4408 vesanuutappelo

824 4455 984 4510 litant
1017 4454 1029 4506 !
1067 4466 1098 4508 ο
1154 4456 1287 4521 quot
1309 4448 1416 4500 Deo
1477 4441 1689 4497 eximiae
1717 4433 2022 4494 sanctitatis
2048 4432 2288 4487 cultores
2311 4443 2401 4483 oc-

826 4544 956 4597 culti
1016 4516 1187 4605 sunt;
1221 4550 1453 4606 quorum
1485 4530 1631 4584 nulla
1680 4525 1836 4580 nobis
1866 4531 2015 4593 gesta
2068 4529 2160 4572 aut
2202 4516 2398 4571 indicia
2433 4542 2475 4597 Β

828 4630 1216 4689 innotescunt!

902 4725 992 4778 72.
1063 4722 1168 4777 Ubi
1214 4717 1365 4779 talia,
1394 4713 1696 4769 consistens
1747 4720 1846 4778 pro
1876 4704 2103 4767 foribus,
2152 4697 2409 4753 volvisset

832 4818 1038 4878 animo,
1061 4810 1292 4868 accessit
1325 4807 1572 4878 prepius.
1606 4800 1985 4872 speculaturus
2034 4793 2165 4864 quid
2216 4804 2396 4846 rerum

833 4913 981 4967 intus
1047 4912 1229 4976 ageret
1254 4919 1267 4955 :
1295 4901 1535 4968 viditque
1558 4904 1683 4949 ante
1714 4892 2002 4946 ambonem
2041 4887 2095 4939 in
2124 4897 2248 4937 aere
2273 4895 2407 4951 pen-

833 5002 1024 5057 dulum
1083 5010 1262 5059 orare,
1309 4994 1524 5047 ﬂamma
1584 4986 1726 5056 ignis
1772 4984 1980 5038 circum
2022 4977 2326 5036 emicante,
2353 4979 2411 5025 et

837 5092 1175 5150 sentiebatur
1244 5084 1426 5157 egredi
1461 5080 1529 5137 ab
1584 5080 1702 5149 ipso
1729 5071 2018 5144 singularis
2036 5062 2406 5157 odorum‘i'ra-

837 5184 1074 5256 grautia,
1109 5195 1227 5249 qua:
1259 5154 1324 5231 ad
1348 5184 1558 5245 portam
1593 5182 1766 5238 usque
1797 5162 2133 5234 pertingebat
2165 5154 2409 5256 ecclesia:
2464 5181 2469 5185 -

842 5245 937 5329 ubi
966 5245 1203 5328 famulus
1246 5263 1527 5337 spectandi
1563 5273 1730 5314 causa
1748 5257 1964 5312 stabat:
1998 5250 2092 5321 qui
2123 5258 2233 5302 tam
2253 5245 2407 5337 inso-

842 5367 942 5420 lito
992 5333 1741 5425 miraculo-obstupefactus,
1793 5347 1919 5401 inde
1975 5339 2166 5411 pedem
2230 5333 2414 5389 retulit

849 5457 1129 5522 mandata,
1158 5451 1367 5509 domini
1421 5447 1508 5505 sui
1540 5450 1920 5501 exsecuturus.
1975 5433 2211 5487 Sanctus
2256 5440 2413 5486 vero,

1092 5611 1189 5665 Est
1247 5612 1363 5665 haec
1417 5606 1558 5674 apud
1610 5597 1900 5674 Can_8i““_"
1934 5590 2028 5645 ηδ’
2062 5604 2115 5674 'V.
2153 5585 2412 5674 “mgf:

1541 5657 1656 5741 cap.
1710 5657 1785 5741 ἶ,
1845 5667 1983 5719 inter
2038 5657 2208 5721 aedes,
2274 5664 2413 5741 quas

1666 5740 1903 5806 Dciparae
1978 5742 2169 5806 sacras
2185 5763 2200 5788 ,
2270 5736 2415 5806 νεικεῖ

1600 5793 1815 5867 ᾱορειό
1871 5804 2069 5857 Basilio
2129 5793 2418 5849 Macedone

920 5616 1033 5683 (88)
1092 5616 1189 5665 Est
1247 5616 1363 5665 haec
1417 5621 1496 5674 apt

851 5686 1094 5755 tinopolis
1142 5681 1496 5756 Christianae,

849 5753 1135 5815 enumerat
1205 5753 1597 5821 quinquaginta

854 5834 992 5887 sima
1059 5824 1335 5885 secunda,
1389 5830 1551 5886 quant

2467 2005 2738 2075 δεήσεσιν.

2526 2099 2625 2144 οα’.
2659 2092 2749 2144 Ἐν
2776 2092 2872 2162 μιᾷ
2899 2090 2991 2143 οῦν
3018 2092 3250 2160 περιόδῳ
3273 2094 3372 2161 τῆς
3399 2092 3561 2145 αὑτοῦ
3587 2092 3873 2162 ἐργασίας,
3905 2111 4034 2147 συν-

1170 2164 1395 2255 (ῗοηηίξίξ
1446 2164 1765 2255 mirﬁcum"
1827 2163 2097 2255 Ψωάδθηξ
2182 2166 2365 2232 Per“Ci
2456 2183 2554 2253 έϐη
2580 2201 2633 2236 τι
2664 2184 3076 2253 ἐπιτελεσθῆναι
3106 2185 3184 2247 εἰς
3216 2182 3309 2235 τὸν
3334 2183 3429 2235 τοῦ
3459 2184 3663 2253 Κυρίου
3691 2184 4022 2255 θεράποντα.

2471 2280 2630 2332 Κατὰ
2661 2278 2767 2346 γὰρ
2815 2277 2873 2328 τὸ
2902 2276 3091 2337 εἰωθὸς
3141 2275 3505 2345 πορευομένου
3535 2276 3700 2327 αὑτοῦ
3743 2277 3801 2326 ἐν
3832 2271 4037 2339 άωρίᾳ,

2470 2372 2606 2443 πρὸς
2638 2373 2700 2423 τὸ
2733 2371 2809 2439 μὴ
2835 2367 3142 2438 γνωσθῆναι
3181 2384 3287 2419 τινι
3338 2366 3439 2435 τὴν
3464 2366 3728 2437 ἐργασίαν
3761 2363 3948 2424 αὑτοῦ,
3981 2364 4041 2412 ἐν

2470 2467 2582 2527 τοῖς
2613 2462 2902 2533 προθύροις
2928 2459 3037 2513 τῶν
3066 2457 3368 2526 ἐκκλησιῶν
3425 2457 3582 2526 χάριν
3623 2455 3811 2524 εὐχῆς,
3839 2453 4043 2521 συνέϐη

2474 2554 2878 2627 παραγενέσθαι
2895 2552 3075 2613 αὑτὶν,
3095 2550 3189 2602 καὶ
3216 2550 3275 2600 ἐν
3299 2547 3377 2616 τῷ
3402 2546 3673 2617 εύκτηρίῳ
3699 2547 3795 2611 τῆς
3826 2560 4046 2609 πανυμ-

2474 2653 2635 2719 νήτου
2661 2647 2947 2708 Θεοτόκου,
2982 2644 3059 2709 τῷ
3087 2645 3200 2698 δντι
3226 2645 3281 2697 ἐν
3299 2640 3375 2705 τῷ
3400 2639 3667 2707 εὐωνύμῳ
3698 2635 3914 2704 ἐμϐόλῳ
3946 2631 4044 2684 τοῦ

2477 2744 2642 2812 φόρου
2675 2738 3112 2792 Κωνσταντίνου.
3146 2738 3375 2804 Ἔτυχεν
3405 2735 3462 2786 δέ
3487 2750 3608 2786 τινα
3639 2729 3801 2783 παῖδα
3825 2727 3895 2781 δι’
3924 2729 4050 2778 ἐπι-

2477 2833 2649 2901 ταγῆς
2673 2829 2767 2884 τοῦ
2788 2828 2978 2897 κυρίου
3002 2826 3167 2879 αὑτοῦ
3196 2829 3254 2878 ἐν
3277 2828 3343 2896 τῇ
3369 2823 3625 2893 λεωφόρῳ
3643 2822 3729 2875 ἐπ’
3751 2817 4051 2887 ἀποκρίσει

2479 2922 2810 2995 διέρχεσθαι.
2859 2918 2965 2972 Τοῦ
3020 2916 3113 2970 οῦν
3155 2916 3332 2968 Ὀσίου
3362 2913 3727 2984 διερχομένου
3774 2908 3911 2978 πρὸς
3955 2907 4051 2958 τὸν

2483 3012 2769 3081 εύκτήριον
2797 3006 2945 3061 οἷκον
2968 3005 3061 3058 τοῦ
3096 3003 3516 3075 προσεύξασθαι,
3556 2999 3862 3068 ἐπεφθάκει
3887 2996 4053 3049 αὑτὸν

2481 3109 2509 3158 6
2540 3106 2668 3166 παῖς
2696 3101 2973 3167 δευτέροις
3013 3096 3243 3167 βαδίζων
3271 3095 3423 3147 ποσίν
3456 3111 3473 3128 °
3496 3097 3523 3146 ό
3553 3093 3607 3146 δὲ
3642 3092 3828 3144 Ὀσιον
3860 3088 4055 3155 ἠγνόει

2486 3196 2578 3249 τὸν
2627 3193 2907 3263 βαδίζοντα
2936 3188 3182 3242 ὄπισθεν.
3228 3188 3309 3245 Ὠ.
3345 3187 3403 3238 δὲ
3448 3183 3674 3252 πλησίον
3706 3182 3813 3233 τῶν
3842 3176 4055 3263 προθύ-

2492 3303 2600 3358 ρων
2630 3262 2847 3353 ἐγένετο
2878 3281 2970 3334 τοῦ
3006 3279 3155 3343 ναοῦ,
3196 3278 3288 3330 τοῦ
3314 3276 3449 3328 Θεοῦ
3489 3274 3729 3332 θέλοντος
3770 3262 4056 3337 δειχθῆναι

2488 3376 2670 3438 ὁποῖός
2720 3377 2889 3434 ἐστιν,
2941 3373 3239 3431 ἑκτείναςό
3268 3369 3453 3429 Ὂσιος
3499 3366 3597 3434 τὴν
3650 3361 3828 3425 δεξιὰν
3884 3358 4055 3411 αὐτοῦ

2489 3472 2669 3539 χεῖρα,
2724 3470 2818 3519 καί⁵
2868 3464 3178 3533 σφραγίσας
3216 3460 3313 3520 τὰς
3362 3458 3539 3517 πύλας
3570 3456 3649 3524 τῷ
3695 3452 3909 3521 σημείῳ
3956 3446 4056 3500 τοῦ

2490 3562 2669 3630 τιμίου
2732 3555 3007 3625 σταυροῦ,
3066 3552 3267 3612 εὐθέως
3326 3547 3593 3616 αὐτοματὶ
3641 3542 3997 3614 ἠνεῴχθησαν
4038 3556 4055 3570 ·

2494 3649 2753 3707 εἰσελθὼν
2780 3649 2837 3703 δὲ
2867 3647 3035 3709 ἔνδον,
3067 3644 3235 3705 ἀδεῶς
3264 3641 3362 3711 τὴν
3391 3636 3699 3709 προσευχὴν
3741 3633 3948 3695 ἐποίει,
3981 3630 4057 3697 μὴ

2493 3745 2849 3814 ἐπιστάμενος
2881 3743 2961 3794 ὅτι
2985 3737 3205 3791 ὄπισθεν
3228 3734 3332 3787 ὑπό
3362 3747 3507 3792 τινος
3539 3724 3951 3782 κατοπτεύεται.
4000 3722 4061 3771 '0

2494 3836 2587 3892 οὖν
2624 3839 2777 3898 παῖς,
2802 3834 2859 3896 ὂς
2887 3829 3110 3886 ϐπισθεν
3139 3824 3440 3897 ἠκολούθει,
3470 3817 3562 3875 εἶδ’
3605 3820 3786 3881 αὑτὸν,
3818 3815 3915 3869 καὶ
3942 3814 4061 3881 ιτε-

2495 3946 2705 3983 νωσκεν
2748 3928 2845 3981 ἕνα
2890 3929 2997 3980 τῶν
3042 3923 3587 3996 παρατετραμμένων
3633 3919 3942 3985 ὑπάρχειν,
3969 3914 4065 3964 καὶ

2497 4023 2832 4093 θεασάμενος
2858 4022 2959 4081 τὰς
2978 4018 3153 4081 πύλας
3178 4016 3560 4085 άνεῳχθεξσας,
3589 4009 3805 4081 ἔφριξεν
3834 4005 4070 4073 ἰλιγγιά-

2498 4132 2619 4179 σας,
2648 4114 2741 4167 καὶ
2758 4114 2944 4184 τρόμῳ
2970 4109 3253 4179 συσχεθεὶς
3281 4106 3552 4175 ἐλογίζετο
3571 4105 3627 4155 ἐν
3650 4098 3824 4168 ἐαυτῷ
3844 4098 3933 4161 λέγ
3947 4113 4023 4146 ων
4049 4111 4063 4125 ·

2503 4205 2610 4259 Ἴδε
2637 4206 2786 4257 ποῖον
2816 4202 3001 4256 δοῦλον
3034 4199 3128 4252 τοῦ
3170 4196 3303 4249 Θεοῦ
3339 4196 3389 4247 oi
3421 4193 3560 4245 κατὰ
3587 4191 3842 4257 ἀλήθειαν
3887 4201 4073 4251 παρα-

2500 4296 2865 4367 τετραμμένοι
2882 4291 3186 4363 ἠπιώτερον
3218 4286 3614 4356 όνομάζουσινί
3646 4281 3827 4339 ὁποῖος
3875 4277 4072 4341 Ἄγιος

2500 4389 2860 4457 καθέστηκεν,
2890 4386 2985 4438 καὶ
3024 4380 3327 4452 ἠγνοοῦμεν
3374 4378 3532 4446 ἡμεῖς
3568 4375 3581 4427 ι
3613 4371 3672 4424 ’ὣ
3708 4371 3907 4429 πόσους
3939 4384 4074 4433 κρυ-

2505 4484 2671 4543 πτοὺς
2714 4478 2936 4538 δούλους
2996 4475 3161 4542 ἔχειό
3188 4471 3340 4535 Θεὸς,
3384 4472 3479 4521 καὶ
3527 4465 3699 4527 οὐδεὶς
3728 4465 3757 4514 6
3787 4460 3989 4513 συνιὼν
4036 4458 4071 4526 ἦ

2502 4575 2786 4643 γινώσκων
2814 4569 2883 4621 τὰ
2912 4567 3030 4619 κατ’
3054 4562 3247 4623 αὐτούς
3278 4565 3292 4615 !

2573 4670 2673 4739 οβ’.
2702 4667 2787 4729 Ὠς
2803 4666 2859 4719 δὲ
2877 4663 3049 4717 ταῦτα
3064 4658 3408 4725 διελογίζετο,
3429 4651 3598 4713 ἐστὼς
3617 4648 3724 4717 πρὸ
3740 4644 3847 4698 τῶν
3869 4643 4081 4705 πυλῶν,

2504 4734 2785 4833 πορευθεὶς
2810 4753 3129 4824 ἐγγύτερον,
3153 4748 3483 4802 ἐσκόπευσεν
3505 4741 3557 4794 τί
3581 4739 3729 4792 ἔνδον
3753 4734 4076 4804 ἐργάζεται,

2512 4827 2604 4906 καλ
2627 4848 2812 4921 βλέπει
2833 4845 2995 4899 αὑτὸν
3025 4842 3131 4913 πρὸ
3144 4838 3238 4893 τοῦ
3263 4835 3511 4907 ἄμϐωνος
3542 4832 3635 4885 ἐπὶ
3655 4830 3747 4921 τὸν
3944 4840 4079 4921 aps:

2514 4914 2757 5015 μάμενον
2789 4940 2880 4992 καὶ
2922 4935 3357 5007 προσευχόμενον
3390 4943 3407 4961 ο
3439 4923 3622 4991 κύκλῳ
3667 4920 3725 4974 δέ
3749 4916 3912 4971 αὑτοῦ
3945 4914 4079 5015 φλὸξ

2513 5007 2683 5105 πυρὸς
2721 5028 3094 5098 ἐξεπορεύετο,
3152 5024 3214 5088 ἐξ
3259 5018 3425 5075 αὐτοῦ
3463 5016 3521 5071 δέ
3569 5014 3831 5105 ἐξήρχετο
3854 5007 4079 5105 famae:

2514 5099 2866 5194 ἀσύγκριτος,
2887 5120 3048 5189 μέχρι
3072 5131 3135 5183 γε
3174 5113 3284 5167 τῶν
3315 5108 3498 5165 πυλῶν
3526 5104 3621 5158 τοῦ
3658 5100 3811 5161 ναοῦ,
3850 5099 3992 5194 ὅπορ
4019 5110 4080 5194 γε

2516 5222 2544 5273 6
2570 5185 2711 5281 πάϊς·
2739 5185 3174 5281 θεωρίας-ἓνεκα
3230 5206 3435 5257 ἵστατο.
3485 5191 3871 5259 Καταπλαγιὶς
3924 5185 4026 5281 οὖν
4057 5187 4084 5235 ὁ

2520 5316 2649 5375 παῖς
2681 5278 2799 5364 ⁷ἐπὶ
2966 5298 3254 5375 παραδόξῳ
3298 5296 3477 5364 τούτῳ
3523 5290 3759 5358 θαύματι
3786 5278 4083 5377 ,-ἐκεῖθεν

2520 5372 2941 5478 ἀνακεχώρηκεν
2982 5372 3082 5470 τὴν
3112 5387 3409 5465 πρόσταξιν
3432 5380 3707 5438 ἐκτελέσαι
3749 5372 3847 5428 τοῦ
3889 5372 4083 5439 κυρίου
