4202 6434
198 434 303 493 7‘29

1370 435 1547 495 i'l'I‘A
1589 437 1651 493 S.
1692 434 2021 493 ANDREE
2062 435 2249 496 SALI.

3340 433 3444 494 730

199 547 458 611 λόγησον,
498 542 669 607 πάτερ
716 541 859 606 ἅγιε,
905 544 968 594 τὸ
1000 546 1368 613 πνευματικόν
1424 563 1520 599 σου
1565 546 1774 601 τέκνον.

1888 547 2140 601 arbitrum
2192 545 2642 617 deprehendisset
2694 547 2927 606 nullum,
2960 544 3161 598 accidit
3190 544 3255 596 ad
3282 547 3445 611 pedes

211 638 271 689 Ὀ
298 637 357 689 δέ
387 637 672 705 Μακάριος
700 634 1035 705 θεασάμενος
1064 637 1487 707 τὸνἚπιφὰνιον
1514 640 1572 691 ἐν
1605 640 1779 709 ἁπορο

206 722 356 793 έῆτῳ
400 724 751 792 ταπεινώσει,
809 726 1005 778 ἔπεσεν
1062 727 1225 790 αὑτὸς
1293 729 1372 789 είς
1424 730 1551 791 τοὺς
1606 728 1773 790 πόδας

212 818 557 885 Ἐπιφανίου,
588 816 765 883 λέγων
788 832 803 849 °
851 813 1017 883 Εὖξαι
1055 819 1195 889 ὑπὲρ
1227 820 1362 890 ἐμοῦ
1394 823 1486 875 καὶ
1520 822 1702 885 αὐτὸς,
1732 817 1777 874 ὦ

202 910 467 971 δέσποτα,
500 910 593 962 καὶ
615 909 908 977 εὐλόγησόν
934 928 1001 978 με
1044 913 1247 980 μᾶλλον
1276 915 1361 976 σὺ,
1392 913 1579 983 ἐπειδὴ
1622 914 1777 965 τοῦτό

202 1018 286 1053 σοι
322 1001 609 1071 ἁρμόδιον.
636 1002 913 1071 Τεθέαμαι
943 1004 1051 1071 γάρ
1085 1020 1165 1056 σοι
1192 1003 1269 1074 (7)
1298 1004 1402 1073 πρὸ
1445 1004 1648 1073 ταύτης
1680 1004 1776 1081 τῆς

199 1092 349 1162 ὠρας
378 1096 679 1161 χαριέντως
709 1095 770 1145 τὸ
801 1095 1091 1163 πρόσωπον
1133 1095 1349 1163 ἔχοντα,
1382 1096 1455 1157 ώς
1501 1096 1688 1148 ἵστασο
1717 1098 1777 1147 ἐν

202 1188 272 1253 τῇ
296 1184 396 1239 τοῦ
430 1186 564 1238 Θεοῦ
596 1186 884 1257 ἐκκλησίᾳ,
916 1188 1011 1239 καὶ
1037 1190 1229 1260 στολὴν
1263 1166 1568 1258 ἱεραρχίας,
1600 1191 1779 1242 καὶτὸ

200 1276 517 1343 ὡμοφόριον
558 1278 847 1347 οὐρανόθεν
878 1282 1243 1352 κομιζόμενον
1278 1284 1340 1334 ἐκ
1368 1281 1547 1353 χειρὸς
1574 1282 1777 1353 Κυρίου

202 1369 653 1439 παντοκράτορος
685 1385 699 1399 ⁸
735 1371 1047 1442 ἐθεασάμην
1092 1375 1186 1427 δύο
1225 1375 1516 1445 quierim;
1548 1373 1780 1443 ὡραίους

204 1459 301 1511 καὶ
335 1460 660 1528 εὐμεγέθεις
691 1464 748 1515 ἐν
774 1463 1100 1536 εὐπρεπείᾳ.
1130 1466 1224 1518 καὶ
1300 1466 1453 1518 αὐτοὶ
1495 1466 1780 1535 λαϐόμενοι

202 1553 308 1619 τῆς
366 1555 562 1623 στολῆς
614 1555 841 1624 ταύτης,
888 1557 1162 1623 ἐκόσμουν
1204 1558 1525 1621 ἐνδύσαντες
1554 1558 1653 1629 τὴν
1682 1559 1782 1628 σὴν

205 1643 522 1713 ὡραιότητα
551 1659 566 1675 ⁸
602 1645 915 1714 μειδιῶντες
945 1648 1001 1701 δέ
1024 1650 1099 1719 τῷ
1123 1649 1420 1721 προσώπῳ,
1450 1653 1542 1704 καὶ
1571 1671 1782 1722 χαριεν-

203 1734 511 1803 τιζόμενοι,
541 1737 677 1805 πρὸς
704 1735 968 1805 ἀλλήλους
996 1740 1182 1808 ελεγον
1210 1756 1226 1771 ’
1254 1741 1346 1795 Μὰ
1381 1742 1473 1793 τὸν
1503 1743 1783 1813 Δεσπότην

203 1828 467 1895 Χριστὸν,
502 1829 754 1899 εὐπρεπῆ
802 1832 967 1884 αὐτὸν
995 1834 1248 1903 ἐποίησεν
1278 1833 1436 1886 τοῦτο
1475 1835 1533 1887 τὸ
1564 1834 1781 1904 ὠμοφό-

1876 638 2138 702 Andreze,
2196 638 2352 693 Pater
2448 648 2669 701 sancte,
2734 638 3021 707 inquiens,
3074 631 3451 688 benedictione

1885 730 2100 799 itnperti
2156 730 2325 785 lilium
2386 739 2538 784 tuum
2604 730 2968 800 spiritualem.
3006 728 3254 781 Andreas
3299 739 3452 787 vero,

1877 831 2168 887 conspecta
2192 821 2481 891 Epiphanii
2504 820 2837 875 demissione
2863 818 3027 872 animi
3045 828 3148 870 tam
3165 814 3451 881 singulari,

1879 914 2133 968 similiter
2180 922 2234 966 et
2294 928 2353 967 se
2387 914 2453 967 ad
2508 912 2653 966 illius
2690 914 2851 980 pedes
2901 908 3140 966 demisit.
3182 907 3329 960 hisce
3355 906 3453 959 ad-

1881 1006 2009 1059 ditis
2038 1004 2216 1058 verbis
2246 1022 2260 1060 :
2295 1004 2375 1058 Tu
2425 1019 2666 1075 quoque,
2714 1005 2932 1057 domine
2966 1002 3065 1065 mi,
3107 1014 3328 1069 precare
3354 1013 3452 1068 pro

1888 1113 1973 1150 me
2003 1115 2016 1162 ;
2055 1108 2111 1149 tu
2147 1112 2230 1148 mc
2253 1104 2341 1147 tua
2372 1097 2550 1164 potitts
2582 1095 2957 1149 benedictione
2977 1093 3275 1155 communi,
3313 1104 3453 1158 quo-

1881 1188 2021 1241 niam
2077 1173 2127 1241 iil
2184 1187 2277 1241 tibi
2330 1189 2603 1242 convenit.
2638 1183 2759 1239 Vidi
2809 1188 3009 1254 quippe
3038 1199 3089 1238 te
3138 1184 3299 1251 paulo
3330 1190 3455 1235 ante

1879 1294 2001 1332 cmn
2066 1280 2118 1333 in
2155 1280 2386 1335 ecclesia
2441 1280 2531 1334 Dei
2563 1277 2939 1338 consistebas,
2974 1276 3169 1343 insigni
3192 1271 3460 1342 spectabi-

1881 1370 1985 1424 lem
2019 1371 2191 1435 vultu,
2238 1371 2456 1440 vidique
2502 1371 2898 1439 patriarchatus
2949 1367 3144 1421 stolam
3181 1376 3235 1418 et
3269 1365 3459 1417 hume-

1884 1462 2016 1526 rale,
2051 1478 2081 1516 e
2112 1462 2362 1516 manibus
2403 1458 2792 1528 omnipotentis
2846 1456 3056 1510 Domini
3091 1452 3308 1507 ctelitus
3330 1452 3460 1504 alla-

1887 1563 1999 1608 tum
2038 1571 2050 1606 :
2091 1554 2196 1607 vidi
2225 1562 2482 1623 przetcrea
2534 1553 2670 1605 duos
2696 1550 2903 1620 genios,
2944 1547 3143 1601 eximia
3176 1552 3459 1597 venustate

1882 1662 1943 1700 ac
1967 1624 2175 1701 decore,
2191 1648 2543 1717 conspicuos,
2564 1645 2656 1715 qui
2681 1653 2901 1712 accepta
2931 1642 3067 1697 stola
3096 1650 3145 1693 te
3172 1640 3459 1693 induentes

1886 1739 2345 1810 pulchritudinem
2389 1752 2537 1793 tuam
2571 1754 2680 1792 non
2715 1737 2876 1805 paulo
2909 1736 3083 1804 magis
3106 1731 3457 1786 commenda;

1887 1834 2045 1886 biletn
2077 1833 2350 1893 fecerunt.
2381 1848 2443 1886 ac
2470 1832 2617 1884 vultu
2645 1830 2941 1885 suliridenti
2964 1828 3137 1881 facete
3165 1823 3456 1879 admodum

206 1936 327 1990 ριον
355 1922 368 1974 ι
420 1923 454 1991 ή
486 1923 594 1993 γάρ
624 1925 843 1987 σύνεσις
872 1925 1035 1977 αὑτοῦ
1065 1901 1156 1979 καλ
1186 1927 1509 1997 μελίρρυτος
1538 1901 1781 1998 mam

1891 1927 2029 1978 inter
2097 1939 2155 1977 se
2213 1924 2536 1996 loquentes:
2571 1922 2672 1975 l‘er
2720 1921 3004 1975 Dominum
3033 1960 3048 1983 ,
3112 1916 3458 1988 inquiebant,

202 2014 432 2075 τελείως
465 2016 543 2081 (8)
579 2016 740 2069 αὐτὸν
798 2018 1165 2092 σεσοφίκασι].
1217 2022 1326 2074 Καὶ
1373 2024 1399 2074 ὁ
1435 2022 1534 2090 μὲν
1577 2014 1675 2082 εἷς.
1723 2022 1785 2072 τδ

204 2108 437 2175 σημεῖον
466 2106 561 2161 τοῦ
605 2108 843 2177 σταυροῦ
875 2111 967 2162 ἐπὶ
1004 2112 1064 2163 τὺ
1096 2114 1186 2164 σὺν
1238 2114 1488 2182 μέτωπον
1521 2114 1777 2182 ποιήσας,

201 2200 302 2249 καὶ
358 2199 753 2267 ἀσπασάμενός
800 2218 917 2268 σου,
961 2203 1308 2275 ἀνεχώρησεν
1340 2220 1357 2237 ο
1409 2207 1437 2258 ὸ
1482 2205 1539 2257 δέ
1598 2205 1786 2275 ἕτερος

201 2295 389 2344 πάντα
422 2308 514 2346 σου
551 2294 621 2345 τὰ
655 2294 791 2363 μέλη
822 2296 1154 2365 σφραγίσας,
1180 2299 1273 2350 καὶ
1303 2298 1431 2360 τοὺς
1472 2295 1786 2365 ὀφθαλμούς

206 2399 305 2435 σου
335 2385 748 2453 ἀσπασάμενος,
782 2386 975 2458 ᾤχετο.
1026 2389 1230 2453 Ταῦτα,
1270 2390 1579 2457 γλυκύτατε
1635 2387 1787 2441 Ἐπι-

201 2479 386 2544 φάνιε,
426 2478 505 2539 εἰς
536 2477 597 2530 σέ
624 2476 1057 2550 διεπράχθησαν,
1080 2481 1174 2533 καὶ
1203 2481 1362 2542 αὐτὸς
1386 2481 1485 2551 οὐχ
1510 2478 1782 2549 ἑώρακαςο

205 2571 305 2625 καὶ
336 2570 651 2641 πέπεισμαι
678 2573 757 2625 ὅτι
786 2573 1141 2643 ἐμπιστεύσει
1172 2590 1254 2626 σοι
1285 2572 1470 2627 ἐνθάδε
1507 2575 1631 2634 τοὺς
1671 2575 1785 2629 οἷα·-

201 2680 305 2724 κας
336 2664 451 2730 τῆς’
477 2663 799 2731 Ἐκκλησίας
826 2663 1017 2729 αὑτοῦ,
1063 2666 1158 2717 xai.
1191 2668 1479 2735 ποιμανετς
1526 2668 1622 2720 τὸν
1654 2668 1782 2723 λαὸν

204 2754 398 2819 αὑτοῦ,
458 2754 519 2807 ὃν
549 2760 983 2825 περιεποιήσατο
1020 2756 1133 2825 ἰδίῳ
1168 2757 1359 2826 αἵματι
1396 2774 1408 2786 '
1458 2760 1552 2811 καὶ
1597 2761 1783 2813 ἕνεκεν

203 2846 396 2899 τούτου
428 2846 728 2916 εύλόγησον
762 2847 827 2916 δὴ
879 2847 973 2901 καὶ
1006 2847 1308 2919 αὐτδςέμέ,
1343 2850 1438 2902 καὶ
1464 2849 1615 2917 εὖξαι
1642 2851 1783 2923 ὑπὲρ

202 2938 298 2994 τοῦ
327 2938 613 3009 ἀγαπητοῦ
650 2955 742 2992 σου
780 2939 1053 3011 ’Δνδρὲου.

1886 2015 2093 2080 Jesum,
2126 2017 2400 2086 egregium
2423 2015 2681 2070 illidecus
2706 2014 2909 2068 addidit
2942 2012 3222 2065 humerale
3247 2011 3455 2086 istltoc!

1888 2111 2112 2164 scientia
2165 2083 2398 2179 namque
2460 2118 2512 2163 et
2566 2107 2877 2177 eloquentia
2935 2104 3151 2158 Domini
3206 2083 3460 2157 melliﬂua

1890 2204 2121 2273 perfecte
2168 2203 2345 2272 ipsum
2402 2201 2657 2255 erudivit.
2716 2200 2780 2253 Et
2840 2200 2977 2252 alter
3026 2197 3243 2265 quidem
3304 2195 3461 2263 signo

1889 2296 2069 2350 crucis
2126 2294 2289 2348 l'ronti
2359 2304 2465 2347 tote
2519 2293 2829 2361 impresso,
2890 2290 3255 2356 amplexuque
3332 2288 3461 2339 dato

1885 2383 2179 2440 discessit:
2217 2384 2355 2437 alter
2416 2396 2544 2435 vero
2590 2391 2770 2450 partes
2821 2379 3069 2447 corporis
3130 2379 3206 2432 tui
3268 2391 3461 2429 omnes

1888 2478 2051 2532 simili
2117 2479 2277 2529 modo
2337 2472 2595 2541 signavit.
2649 2484 2810 2539 atque
2866 2472 3054 2525 osculo
3080 2472 3160 2523 ori
3196 2471 3463 2539 impresso

1886 2571 2051 2623 etiam
2105 2568 2291 2622 abivit.
2355 2568 2568 2629 Isthaac,
2634 2564 2959 2619 suavissime
2994 2562 3283 2632 Epiphani,
3318 2562 3463 2616 circa

1888 2671 1959 2721 te.
1993 2660 2123 2713 nihil
2155 2660 2373 2727 quidem
2400 2658 2612 2710 illorum
2668 2656 2933 2710 videntem
2958 2695 2973 2718 ,
3026 2662 3242 2725 peracta
3298 2661 3464 2706 sunt:

1889 2764 1942 2807 ct
1966 2753 2217 2805 dttbitare
2276 2766 2380 2803 non
2419 2749 2584 2818 potui,
2620 2749 2749 2817 qttin
2780 2749 2866 2802 hic
2906 2747 3000 2800 tibi
3047 2745 3189 2800 Deus
3217 2744 3469 2798 Ecclesia:

1887 2860 1999 2898 Sua:
2057 2842 2415 2912 gubernacula
2468 2841 2873 2896 commissurus
2910 2840 3023 2903 sit,
3073 2850 3133 2891 ut
3182 2837 3466 2907 populum,

1885 2956 2043 3007 quem
2079 2939 2344 3008 sanguine
2378 2954 2476 2989 suo
2509 2936 2611 2990 sibi
2642 2937 2949 3004 acquisivit,
2985 2949 3140 3002 regas
3172 2949 3234 2987 ac
3265 2934 3464 3001 guber-

1887 3048 2001 3086 nes.
2058 3030 2425 3096 Quamobrem
2491 3030 2706 3099 imperti
2742 3041 2794 3084 ttt
2840 3046 2925 3084 me
2973 3026 3373 3093 benedictione,
3408 3035 3460 3079 et

1886 3142 1980 3181 ora
2017 3143 2116 3194 pro
2157 3142 2243 3180 me
2273 3128 2469 3181 dilecto
2497 3126 2591 3179 tibi
2622 3126 2857 3179 Antlrea.

272 3214 581 3285 πη’.Ταῦτα
608 3216 887 3288 εἰρηκότος
909 3214 1004 3271 τοῦ
1028 3218 1285 3290 θεοφόρου
1305 3220 1428 3289 άνδρ
1440 3220 1517 3285 δς,
1533 3223 1783 3276 ἀσπασά-

1956 3220 2044 3273 88.
2102 3219 2196 3273 llis
2234 3221 2415 3279 dictis,
2474 3219 2762 3287 amplexati
2820 3218 2962 3271 inter
2993 3232 3053 3272 se
3114 3232 3239 3270 cum
3277 3212 3465 3269 osculo

207 3328 366 3381 μενοὸ
418 3310 682 3381 ἀλλήλους
720 3312 798 3382 τῷ
834 3312 975 3381 ἁγίῳ
1014 3313 1318 3381 φιλήματι,
1372 3315 1431 3366 ἐν
1480 3315 1785 3386 ἀποκρύφῳ

202 3402 362 3470 τόπῳ
412 3398 507 3453 τοῦ
556 3401 828 3470 νάρθηκος
888 3402 1268 3471 ἐκαθέσθησαν
1300 3419 1315 3435 ·
1357 3404 1449 3457 καὶ
1510 3405 1711 3477 ἤρξατο
1758 3410 1787 3459 ὁ

202 3491 497 3561 Μακάριος
527 3495 813 3563 παραινεῖν
860 3493 951 3547 τὸν
995 3494 1315 3565 Ἐπιφάνιον
1358 3497 1486 3566 περὶ
1546 3498 1642 3566 τῆς
1696 3497 1785 3551 ἐκ·

205 3583 612 3654 κὶησιαστικῆς
640 3584 1047 3645 καταστάσεως,
1075 3585 1248 3653 λέγων
1269 3604 1283 3619 ·
1336 3588 1692 3657 Ἐπίσταμαι,
1739 3584 1785 3641 ὦ

202 3676 517 3742 γλυκύτατε
553 3679 646 3728 καὶ
686 3675 909 3743 φίλτατε
951 3677 1094 3745 φίλε,
1124 3677 1246 3729 καθ’
1290 3679 1370 3730 ὄτι
1409 3680 1699 3742 εὐπρεπῶς
1737 3676 1788 3732 εί

205 3769 302 3824 καὶ
332 3768 501 3835 εύθὴς
529 3768 588 3820 ἐν
634 3771 756 3831 ταῖς
801 3767 1043 3832 ἐντολαῖς
1075 3769 1170 3821 τοῦ
1205 3771 1430 3838 Κυρίου,
1457 3773 1787 3840 ὲπασχολιύ-

207 3877 378 3931 μενος
428 3862 520 3911 καὶ
557 3860 958 3928 ἀγωνιζόμενος
988 3860 1081 3911 τοῦ
1135 3859 1448 3923 σώζεσθαιο
1483 3861 1622 3931 πλὴν
1676 3866 1787 3914 ἱκε-

202 3956 351 4008 τεύω
389 3954 477 4007 ἵνα
511 3953 642 4023 δέχῃ
689 3954 782 4006 καὶ
827 3954 928 4022 τὴν
973 3953 1252 4023 ἡμετέραν
1288 3954 1635 4023 παραίνεσιν,
1688 3955 1787 4007 καὶ

206 4048 445 4117 ἐνωτίσῃ
474 4048 543 4099 τὰ
570 4046 787 4116 ῥήματά
820 4062 945 4113 μου.
990 4045 1230 4114 Πρόσθες
1280 4049 1647 4117 περισσότερα
1692 4048 1787 4100 δα·

206 4158 351 4210 κρυα
373 4140 510 4210 πρὸς
533 4138 875 4208 καθαρισμὸν
910 4139 1008 4208 τῆς
1038 4138 1215 4207 ψυχῆς
1255 4140 1347 4190 καὶ
1389 4141 1481 4191 τοῦ
1535 4138 1786 4207 σώματος

207 4232 305 4284 καὶ
335 4230 438 4298 τῆς
469 4229 695 4299 καρδίας
728 4246 844 4293 σου,
879 4230 964 4281 ἵνα
995 4232 1128 4301 γένῃ
1159 4233 1215 4282 ἐν
1245 4228 1562 4300 δικαιοσύνῃ
1594 4230 1787 4295 ἡδύτα-

207 4341 337 4386 τος,
400 4323 456 4374 ἐν
508 4322 849 4393 ἐλεημοσύνη
900 4322 1221 4391 φιλάγαθος.
1288 4323 1528 4392 Πρόσθες
1581 4325 1672 4375 ἐπὶ
1720 4326 1785 4392 τῇ

211 4416 509 4485 πραότητι,
546 4415 631 4466 ἵνα
663 4414 796 4486 γένῃ
830 4414 1069 4485 καθαρός
1097 4418 1160 4485 τῇ
1209 4416 1422 4485 καρδία,
1454 4417 1539 4467 ἵνα
1572 4433 1792 4485 χρημαο

208 4513 370 4579 τξσῃς
420 4510 607 4569 ὐσιος
666 4507 759 4558 κα)⁵
812 4506 1040 4569 ἄκακος.
1103 4508 1284 4568 καθὼς
1336 4508 1396 4560 τὸ
1444 4507 1639 4570 σκεῦος
1689 4509 1790 4577 τῆς

1892 3324 2102 3374 sancto,
2142 3314 2194 3366 in
2225 3312 2436 3365 occulto
2467 3312 2741 3366 narthecis
2767 3310 2888 3364 loco
2911 3308 3316 3364 consederunt:
3349 3321 3464 3360 ea:-

1890 3404 2070 3474 pitque
2096 3403 2152 3456 B.
2191 3405 2430 3456 Andreas
2453 3403 2814 3472 Epiphaninm
2846 3416 3067 3455 monere
3098 3400 3262 3453 multa
3288 3396 3463 3464 quoad

1887 3495 2315 3549 ecclesiasdcnm
2364 3503 2561 3546 statum
2621 3493 2724 3547 hoc
2771 3493 2968 3547 modo:
2996 3487 3112 3543 Non
3180 3504 3268 3543 tne
3308 3487 3464 3554 fugit.

1887 3589 2211 3642 suavissime
2246 3586 2704 3655 dilectissimeque
2744 3585 3082 3645 adolescens,
3115 3597 3277 3650 quam
3305 3580 3467 3632 dero-

1892 3698 2010 3734 runt
2052 3690 2225 3749 putes.
2252 3680 2390 3732 viam
2418 3680 2795 3732 mandatorum
2832 3676 3040 3730 Domini
3078 3685 3229 3728 recto
3252 3673 3466 3726 tramite

1889 3772 2205 3835 decurrere;
2268 3780 2380 3824 toto
2439 3780 2637 3823 conatu
2685 3768 3005 3821 incumbens
3059 3764 3466 3831 labomnsqne.

1892 3871 1950 3915 ut
2031 3862 2239 3915 beatam
2322 3861 2780 3915 immortalitatem
2863 3856 3099 3926 attingas
3151 3854 3468 3922 aliquando.

1890 3956 2228 4023 Quapropter
2260 3955 2489 4009 obsecro
2518 3962 2590 4019 te,
2622 3953 2981 4006 hortationem
3013 3956 3258 4002 nostram
3297 3957 3462 4000 atten-

1892 4049 1959 4101 tis
2014 4048 2237 4101 auribus
2273 4055 2331 4098 ut
2377 4046 2637 4115 excipias.
2676 4042 3032 4098 Uberioribus
3068 4049 3290 4095 manent
3326 4037 3467 4093 oculi

1892 4139 1967 4191 tui
2016 4139 2293 4209 Iacrymis,
2365 4152 2474 4206 quo
2528 4136 2845 4190 munditiem
2872 4135 2925 4188 in
2965 4136 3224 4197 animam,
3250 4146 3471 4201 corpus,

1891 4230 2279 4285 conscientiam
2311 4229 2535 4284 inducas
2589 4228 2871 4297 majorem,
2909 4236 2962 4280 et
2996 4227 3047 4279 in
3072 4226 3280 4293 iustitia
3319 4239 3476 4279 excr-

1896 4324 2068 4377 cendo
2123 4322 2472 4382 suavissime,
2523 4332 2683 4389 atque
2736 4322 2786 4373 in
2812 4320 3158 4387 t'leemosyna
3203 4317 3475 4385 eroganda

1896 4412 2283 4480 benignissime
2323 4412 2627 4479 occupetis.
2663 4410 2854 4464 Sumat
2885 4410 3287 4463 incrementum
3322 4421 3477 4460 mau-

1895 4504 2123 4561 snetudo
2177 4514 2287 4568 tua,
2324 4514 2382 4557 ut
2436 4519 2531 4556 eor
2571 4503 2830 4555 tmmdum
2866 4512 3079 4555 creetur
3112 4500 3165 4552 in
3203 4510 3271 4563 te,
3310 4508 3476 4566 utque

211 4567 449 4667 ἐκλογῆς
479 4567 805 4666 ἐντέλλεται,
842 4618 887 4652 ω
939 4567 1161 4667 τδνέμὸν
1212 4601 1346 4669 φῶς,
1398 4604 1431 4669 η
1473 4602 1577 4672 ἐμὴ
1619 4567 1785 4671 γαρὲι,

1895 4613 2115 4653 sanctus
2151 4599 2225 4650 sis
2262 4607 2315 4649 et
2359 4611 2552 4664 expers
2596 4596 2815 4649 seeleris
2839 4634 2854 4657 ,
2879 4593 3337 4662 quemadmodum
3380 4607 3477 4644 vas

211 4699 245 4764 ἡ
275 4694 385 4766 ἐμὴ
411 4695 713 4760 εὐπρέπεια
747 4695 838 4747 καὶ
862 4693 1085 4765 ἠδύτης,
1117 4694 1210 4746 καὶ
1242 4694 1588 4761 ἀγαλλίασες.
1616 4694 1788 4763 Πρόσ-

212 4792 307 4851 υες
350 4790 411 4839 ἐν
452 4787 528 4856 τῷ
552 4787 650 4857 βίῳ
684 4804 777 4838 σου
810 4786 1147 4840 κατάστασιν
1180 4785 1425 4843 πλείονα.
1459 4790 1784 4857 σεμνότητα,

213 4878 535 4946 ἁγαθόττιτα
569 4920 583 4941 ,
642 4878 1094 4947 θαυμαστοτέραν
1159 4879 1375 4930 σύνεσιν
1414 4919 1428 4941 ,
1480 4873 1791 4946 προσευχὴν

214 4970 589 5029 ἀδιάλειπτον,
624 4969 845 5036 ἀγάπην
888 4970 1274 5039 ἀνυπόκριτον,
1308 4968 1661 5037 σωφροσύνης
1699 4987 1791 5020 κο-

217 5064 515 5134 σμότητα.
549 5060 717 5112 Πενοῧ
748 5060 1061 5130 συμπαθὴς,
1103 5060 1465 5130 φιλόπτωχος,
1496 5061 1791 5129 φιλομόνα-

215 5174 336 5225 χος,
399 5153 672 5222 φιλόθεος.
724 5154 821 5212 καὶ
858 5152 1169 5223 φιλάρετος.
1212 5153 1575 5223 Κατόρθωσον
1615 5153 1791 5220 σιγὴν,

215 5248 547 5313 καρτερίαν,
586 5243 867 5312 ὑπομονὴν
898 5245 955 5295 ἐν
989 5242 1189 5311 θλίψει.
1229 5243 1329 5311 τὴν
1364 5244 1791 5313 εύσπλαγχνίαν,

213 5337 277 5387 τὸ
310 5334 386 5402 μὴ
419 5332 651 5403 κρίνειν,
674 5334 733 5385 τὸ
760 5334 834 5401 μὴ
865 5333 1145 5402 λοιδορεῖν.
1172 5332 1386 5402 κτῆσαι
1414 5332 1475 5385 τὸ
1497 5333 1788 5402 ἀόργητον,

215 5427 277 5477 τὸ
334 5425 671 5491 ἀκεκόδοξον,
721 5425 779 5478 τὸ
808 5426 1031 5492 ἄτυφον,
1084 5426 1144 5478 τὸ
1199 5428 1641 5495 ἀνυπερήφανον,
1702 5427 1791 5478 ἶνα

226 5519 509 5587 μεγαλύνῃ
540 5534 597 5570 σε
632 5520 660 5571 ὀ
714 5517 1111 5587 μεγαλοδωρος,
1164 5516 1394 5569 ἐνώπιον
1440 5519 1657 5569 πάντων
1689 5518 1798 5569 τῶν

232 5609 437 5677 ’Δ-ίίων
466 5611 559 5661 καὶ
596 5609 705 5661 τῶν
739 5609 981 5677 ἀπείρων
1013 5609 1239 5661 ἐκείνων
1284 5608 1590 5676 δυνάμεων.
1639 5608 1796 5673 Ὀξυ-

292 5744 370 5814 ίἹ)
409 5742 646 5797 Rursum
678 5743 765 5797 hic
783 5742 1012 5814 _ista_ms
1064 5741 1235 5795 Vatic.
1259 5738 1339 5814 th;
1375 5738 1794 5814 EEOi-fepgat7l,

220 5808 469 5939 ἐγένετοὸ
490 5816 671 5884 χάριτι
714 5811 806 5867 τοῦ
836 5812 1198 5881 δοξασομενου
1254 5812 1311 5863 ἐν
1352 5811 1458 5871 τοῖς
1480 5808 1792 5873 ἐλπίζουσιν

228 5890 312 5939 ἐπ’
338 5902 435 5939 αδτ
473 5904 517 5939 ν.

228 5890 312 5939 ἐπ’
338 5890 517 5941 αὐτόν.

1894 4692 2132 4762 pra-cipit
2172 4691 2457 4743 electionis
2491 4688 2687 4741 Paulus
2722 4706 2735 4741 :
2775 4690 2845 4740 ita
2872 4702 3003 4741 sane
3038 4687 3152 4745 liat,
3197 4701 3230 4737 o
3268 4685 3473 4748 lumen,

1890 4800 1921 4835 ι)
1975 4784 2250 4853 gaudium,
2318 4798 2350 4833 o
2403 4782 2586 4840 decor,
2645 4780 2874 4832 dulcedo
2914 4776 3301 4831 etexsultatio
3333 4791 3473 4828 mea.

1892 4877 2126 4945 Capt-sse
2180 4876 2230 4927 in
2264 4876 2362 4926 hac
2406 4874 2510 4925 vita
2560 4881 2759 4926 statum
2822 4869 3217 4937 perfectiorem,
3264 4878 3474 4921 sectare

1897 4972 2151 5035 Iliﬂjtti‘t'lll
2185 4985 2397 5019 morum
2423 4966 2763 5035 gravitatem,
2804 4963 3026 5016 bonitati
3061 4973 3167 5015 tua:
3194 4962 3471 5016 cumulum

1899 5064 2056 5121 adde,
2094 5059 2297 5112 elui-eat
2332 5058 2615 5125 prudentia
2651 5066 2738 5108 tua
2772 5054 3088 5115 mirabilior,
3133 5056 3309 5105 oratio
3337 5068 3473 5107 eon-

1895 5152 2133 5203 tinuetur
2168 5149 2446 5215 prolixior,
2475 5145 2715 5199 charitas
2738 5144 2998 5197 simulare
3022 5142 3248 5205 nesciat,
3269 5149 3476 5208 tempe-

1898 5259 1991 5295 ran
2024 5241 2071 5293 ia
2121 5239 2459 5308 splendidius
2506 5247 2752 5290 ornetur.
2792 5234 2885 5289 llis
2916 5236 3135 5289 accedat
3190 5232 3475 5286 commise-

1899 5333 2036 5384 ratio
2090 5347 2212 5398 erga
2264 5329 2525 5392 aliiictos,
2575 5342 2728 5381 amor
2787 5328 2840 5379 in
2873 5342 3093 5395 egenos,
3149 5323 3471 5384 monachos,

1901 5425 2089 5481 Deum,
2167 5424 2450 5483 virtutem;
2506 5420 2729 5472 accedat
2783 5419 3078 5477 silentium,
3146 5410 3469 5475 tolerantia,

1903 5518 2156 5585 patientia
2193 5515 2242 5567 in
2277 5514 2550 5576 adversis,
2573 5512 2682 5565 sint
2710 5512 2807 5565 tibi
2839 5515 3041 5564 viseera
3064 5505 3463 5565 miseriCOrdim

1901 5626 1966 5662 ne
2014 5608 2225 5677 iudices
2275 5609 2429 5671 alios,
2485 5622 2552 5660 ne
2629 5605 2953 5660 convicieris
2985 5622 2998 5658 :
3030 5616 3285 5670 compara
3342 5599 3458 5665 tibi,

1978 5744 2052 5805 i8)
2116 5741 2214 5796 Ms.
2285 5740 2452 5794 Vatic.
2485 5743 2645 5805 paulo
2667 5741 2972 5801 obscurius,
3001 5737 3204 5803 γνῶσις
3225 5735 3475 5805 γεγράμρ

1907 5831 2071 5882 pinv
2107 5814 2288 5875 αὑτὸν,
2321 5812 2658 5880 ὁρμήσαντες
2699 5811 2863 5864 αὐτοῦ
2907 5811 2999 5880 τὴν
3020 5809 3220 5878 ψυχήν.
