4202 6434
783 501 888 556 cst,
935 490 1011 543 uti
1083 492 1322 561 pt-tiiSti.
1378 489 1709 546 desiderium

783 591 969 651 satagc
1000 593 1055 637 tu
1090 600 1331 654 quoque,
1362 591 1420 636 ut
1444 600 1510 636 tte
1538 583 1759 636 excidas
1796 598 1891 651 spe
1913 582 2060 649 regni
2092 581 2357 635 caelorum

781 675 1176 743 COIIS(‘(|II€IItli.
1212 673 1277 727 Et
1332 673 1415 727 bis
1446 688 1476 727 a
1508 688 1639 728 sene
1694 673 2139 729 commemoratis
2169 687 2364 740 exper-

783 775 963 819 rectus
987 775 1071 820 est
1101 766 1468 834 Epiphanius,
1500 766 1689 819 eodem
1711 777 1955 835 tempore
1975 778 2086 833 quo
2112 765 2362 818 ecclesiae

781 867 1086 911 conventus
1156 858 1222 910 ad
1294 857 1523 913 canonis
1580 858 1818 912 mediutn
1877 858 1988 926 jam
2022 861 2359 925 pervenerat.

784 946 846 999 Et
911 947 1159 1000 recolens
1226 947 1411 999 animo
1466 947 1738 1012 universa,
1791 962 1913 1013 quae
1959 947 2191 1010 viderat,
2253 958 2360 997 non

709 1025 713 1028 ’
779 1039 898 1091 sine
924 1039 1150 1091 hort-ore
1177 1052 1241 1091 ac
1274 1038 1655 1102 admiratione,
1676 1038 1727 1091 in
1753 1038 1867 1091 brec
1894 1039 2053 1092 verba
2077 1037 2322 1106 prorupit
2347 1054 2362 1091 :

778 1129 822 1182 0
880 1146 964 1181 tne
1008 1130 1303 1183 miserunt!
1361 1130 1452 1198 qui
1525 1131 1575 1182 itt
1632 1130 1866 1198 peccatis
1921 1131 2193 1184 enutritus
2233 1135 2286 1180 et
2333 1142 2364 1181 e

688 1258 696 1271 .
786 1220 1045 1273 sordibus
1068 1220 1316 1285 eductus,
1362 1220 1534 1273 merui
1577 1221 1933 1289 (‘OIISIIICIIIIm
1957 1220 2128 1273 oculis
2164 1219 2363 1272 habete

785 1309 1073 1362 Dominum
1129 1312 1312 1363 .lesutn
1367 1312 1837 1379 omnipotentem,
1900 1311 2359 1378 quemadmodum

778 1413 833 1456 ct
883 1402 1346 1469 pulclttitttdineut
1423 1402 1611 1454 famuli
1662 1401 1780 1470 ejus
1838 1401 2081 1470 gloriosi.
2153 1402 2363 1467 Quibus

777 1494 958 1555 dictis.
1021 1493 1264 1547 surrexit
1307 1493 1548 1561 abiitquc
1608 1492 1659 1544 itt
1698 1492 2027 1557 ecclesiam,
2096 1508 2360 1547 canonem

775 1585 1135 1639 absoluturus
1168 1622 1185 1648 ,
1217 1594 1269 1638 et
1301 1584 1621 1637 adveniente
1649 1583 1764 1648 die,
1791 1585 1861 1636 ab
1906 1585 2038 1639 liora
2090 1589 2260 1655 prima
2297 1588 2359 1642 ad

781 1678 1209 1744 usquetcrtiam.
1243 1677 1295 1729 itt
1328 1675 1569 1729 conclavi
1604 1693 1704 1731 suo
1731 1676 1916 1730 multis
1947 1693 2069 1731 cum
2104 1679 2359 1747 lacryntis

777 1771 1015 1823 Otalioni
1066 1776 1307 1831 varans,‘
1344 1770 1547 1839 gratias
1592 1770 1849 1838 persolvit
1894 1772 2035 1836 Deo,
2089 1772 2358 1841 quodipsi

781 1863 981 1914 incerta
1044 1869 1098 1912 et
1150 1860 1361 1914 OCt'Ui|:I
1425 1862 1705 1930 sapientia:
1765 1875 1878 1915 sua:
1935 1863 2361 1917 tnanifestasset.

778 1954 915 2008 'l’utn
968 1970 1201 2022 surgens
1265 1954 1330 2007 ad
1393 1953 1823 2007 mediocritatem
1894 1970 2068 2009 meam
2102 1957 2360 2022 acoessit,

780 2046 1221 2113 renuntiavitqttc
1288 2060 1503 2098 summo
1565 2059 1688 2097 ctttn
1724 2044 1920 2099 timore
1946 2061 2010 2099 ac
2060 2046 2363 2100 humilitate

778 2139 984 2199 omnia,
1042 2153 1160 2205 qua:
1227 2137 1337 2206 jattt
1398 2136 1636 2189 narravi.
1686 2135 1867 2201 Quare
1920 2139 2206 2206 perculsus
2262 2154 2363 2208 ego

778 2230 1075 2283 exclamavi
1105 2228 1317 2282 subito:
1346 2227 1481 2291 Quis
1512 2244 1740 2297 magnus
1767 2239 1851 2284 est
1874 2229 1947 2283 uti
1978 2230 2115 2284 Deus
2135 2230 2366 2285 uoster?

782 2330 835 2375 ttt
872 2318 1006 2374 lacis
1036 2319 1335 2388 tuirabilia,
1377 2318 1553 2374 Deusl

1852 375 2273 440 NICEPHORI
2320 375 2413 438 PR
2426 378 2783 439 ESBY’I‘ERI
2825 379 2934 439 CI’.

1804 496 1958 543 tuutn
1988 504 2001 542 :
2032 502 2360 558 quapropter

2468 489 2759 559 πλήρωκεν
2789 508 2803 520 ο
2841 486 3079 540 σπεῦσον
3112 484 3208 539 οὖν
3238 484 3335 538 καὶ
3364 482 3523 546 αὐτὸς
3554 483 3704 546 ὅπως
3737 484 3816 553 μὴ
3844 500 4037 551 στερη-

3928 368 4037 432 “illi

2468 577 2567 648 θῇς
2594 579 2691 648 τῆς
2726 578 3005 647 βασιλεὲας
3032 572 3127 627 τοῦ
3163 572 3322 627 Θεοῦ.
3373 574 3481 626 Καὶ
3532 574 3689 625 τοῦτο
3735 570 3973 642 εἰρηκὼς
4012 574 4041 623 6

2464 670 2795 739 πρεσϐύτης,
2828 668 3053 734 ἔξυπνος
3081 666 3307 734 γέγονεν
3353 666 3381 717 6
3434 664 3770 732 ‘Entgdvmr
3803 659 3872 734 ἦν
3900 664 3957 715 δὲ
4000 664 4033 731 ἡ

2462 762 2729 831 ἐκκλησία
2758 762 2851 813 τὸν
2888 761 3089 816 κανόνα
3120 759 3408 830 μεσάσασα
3452 758 3589 827 (l9).
3627 758 3715 809 ‘Ev
3756 757 3936 826 ἑαυτῷ
3983 754 4041 808 δὲ

2461 853 2636 908 ταῦτα
2664 853 3139 923 ἀναμνησάμενος,
3174 852 3254 914 είς
3282 852 3489 920 φρὲκην
3542 848 3782 919 φοϐερὰν
3811 849 4041 919 μετηνέ-

2462 946 2590 1018 χθη.
2619 948 2713 1002 καὶ
2740 944 3152 1013 ἀποθαυμάζων
3184 944 3285 1013 τὴν
3309 945 3523 1013 ὅρασιν,
3568 942 3752 1009 ἔλεγεν
3784 958 3799 972 ·
3844 942 3909 993 Ὠ
3937 940 4037 995 τά-

2462 1041 2559 1102 λας
2591 1042 2701 1106 ἐγὼ
2729 1039 2742 1091 ί
2780 1039 2863 1090 ὅτι
2896 1036 3180 1106 ἄνθρωπος
3206 1036 3264 1087 έν
3299 1033 3600 1104 ἁμαρτίαις
3630 1032 4036 1102 τεθραμμένος,

2465 1131 2561 1183 καὶ
2590 1130 2805 1200 λυγρῶς
2834 1130 2954 1191 ταῖς
2985 1126 3352 1196 ἀκαθαρσίαις
3382 1125 3766 1195 ἀντλούμενος,
3786 1142 3815 1177 τ
3849 1142 3878 1175 ν
3899 1142 4043 1178 παν-

2462 1225 2773 1293 τοκράτορα
2807 1220 3014 1292 Κύριον
3057 1219 3268 1289 Ἰησοῦν
3314 1221 3428 1280 τοῖς
3461 1218 3763 1286 ὀφθαλμοῖς
3797 1216 4044 1286 ἠξιώθην

2465 1316 2785 1377 θεάσασθαι,
2817 1314 2913 1367 ἅτε
2944 1311 3009 1382 δὴ
3039 1311 3135 1365 καὶ
3169 1312 3267 1382 τὴν
3295 1308 3610 1379 ὡραιότητα
3636 1308 3730 1360 τοῦ
3770 1308 4042 1378 θεραπον-

2464 1424 2555 1470 τος
2585 1406 2772 1459 αὐτοῦ.
2804 1402 2988 1456 Ταῦτα
3017 1400 3283 1470 εἰρηκὼς,
3317 1400 3555 1463 ἀναστὰς
3585 1402 3861 1470 ἐπορεύθη
3892 1402 3951 1452 ἐν
3971 1404 4040 1467 τῇ

2464 1500 2732 1570 ἐκκλησία
2765 1497 2854 1550 τὸν
2878 1496 3077 1550 κανόνα
3101 1495 3316 1549 τελέσαι
3344 1511 3359 1526 ο
3386 1495 3598 1566 πρωίας
3625 1493 3681 1547 δὲ
3716 1495 4041 1562 γενομένης,

2463 1592 2570 1645 ἀπὸ
2612 1592 2835 1660 πρώτης
2875 1590 3024 1660 ὥρας
3057 1591 3223 1658 μέχρι
3256 1588 3467 1657 τρίτης,
3492 1587 3549 1638 ὲν
3586 1585 3666 1655 τῷ
3693 1585 3911 1637 κοιτῶ·.ι
3939 1586 4042 1637 αῦο

2464 1682 2558 1733 τοῦ
2593 1682 2730 1750 μετά
2756 1679 3010 1748 δακρύων
3039 1678 3253 1731 πολλῶν
3285 1678 3749 1748 προσευξάμενος,
3797 1678 4044 1745 ἀπευχα-

2468 1771 2724 1841 ρίστησεν
2749 1768 2826 1838 τῷ
2856 1768 2993 1838 Θεῷ,
3027 1768 3105 1837 τῷ
3138 1768 3553 1837 ἀποκαλύψαντι
3588 1767 3742 1836 αῦτῷ
3772 1769 3836 1818 τὰ
3867 1765 4045 1835 ἄδηλα

2396 1843 2434 1897 Β
2466 1867 2560 1917 καὶ
2592 1863 2799 1931 κρύφια
2833 1862 2932 1932 τῆς
2968 1862 3285 1932 ἀπορρήτου
3311 1863 3505 1929 σοφίας
3534 1860 3698 1914 αὐτοῦ
3732 1875 3747 1889 ο
3781 1860 3875 1912 καὶ
3901 1861 4043 1910 ἀνα-

2470 1956 2601 2017 στὰς
2636 1955 2771 2023 πρὸς
2800 1952 2897 2023 τὴν
2932 1958 3266 2021 μετριότητα
3307 1954 3641 2023 παρεγένετο
3676 1953 3812 2021 πρός
3844 1968 3934 2021 με,
3982 1953 4046 2002 τὰ

2468 2045 2855 2117 προρρηθέντα
2884 2062 2974 2113 μοι
3003 2044 3218 2097 ᾶπαντα
3248 2044 3598 2112 ἀναγγέλλων
3627 2046 3686 2096 έν
3709 2043 3904 2112 decim.)
3930 2041 4010 2093 δέ.
4030 2061 4047 2092 ι

2469 2140 2562 2190 καὶ
2593 2152 2786 2188 ταπειν
2803 2137 2958 2201 ἰτητι.
2988 2134 3093 2186 Καὶ
3117 2133 3487 2201 καταπλαγεὶς
3510 2133 3714 2195 εὐθέως
3732 2133 3851 2185 ἐνέν
3868 2147 3923 2202 ρ,
3940 2131 4007 2196 ξα
4028 2143 4047 2161 ⁸

2469 2229 2563 2291 Τίς
2595 2230 2765 2297 μέγας
2797 2229 2872 2291 ὡς
2917 2229 2944 2280 ὁ
2975 2226 3106 2291 Θεδς
3132 2226 3331 2297 ἠμῶνς
3370 2228 3436 2281 σὺ
3479 2221 3532 2279 εί
3568 2229 3596 2279 6
3628 2226 3760 2288 Θεὸς
3799 2227 3829 2277 6
3873 2224 4047 2277 ποιῶν

2466 2322 2770 2391 θαυμάσια.

2214 2432 2436 2489 CAPUT
2469 2432 2610 2487 XIII.

1050 2547 1391 2615 Prophett’cux
1421 2548 1643 2603 Andrew
1668 2549 1888 2618 spiritus
1923 2552 1977 2603 in
2009 2551 2202 2619 futuris
2248 2549 2567 2619 occultisque
2587 2547 2777 2612 rebus;
2797 2548 2956 2615 pestis
2989 2547 3227 2618 depulsa,
3266 2557 3482 2615 peccata
3515 2558 3776 2616 correpta.

850 2667 941 2723 96.
998 2666 1195 2721 Beatus
1251 2668 1468 2721 interim
1523 2669 1788 2736 Andreas,
1823 2685 1943 2722 cum
1971 2682 2069 2737 pro
2096 2682 2193 2720 sua
2224 2684 2361 2722 con-

780 2760 1070 2813 suetudine
1095 2759 1271 2813 solitis
1295 2775 1416 2813 sese
1448 2761 1725 2815 laboribus
1776 2777 2033 2815 exet-reus
2058 2776 2086 2813 a
2120 2770 2363 2829 tempore

781 2852 1091 2918 vespertino
1147 2851 1196 2902 in
1238 2853 1467 2903 multam
1524 2862 1736 2906 noctem
1772 2853 1958 2906 urbem
1991 2853 2163 2906 obiret
2185 2851 2358 2917 solus,

777 2942 990 2995 delatus
1047 2941 1186 2995 forte
1241 2946 1417 2996 estad
1476 2948 1772 2998 oratorium
1826 2945 2123 3013 quoddam,
2159 2946 2361 3000 sanctis

776 3033 1148 3101 apostolorum
1186 3036 1522 3103 principibus
1554 3035 1715 3090 Petro
1758 3046 1922 3103 atque
1958 3037 2125 3090 I’aulo
2161 3052 2360 3091 conse-

776 3135 1012 3187 cratmn,
1034 3126 1180 3194 quod
1207 3135 1336 3180 natu
1365 3128 1687 3196 grandiores
1728 3128 1919 3182 incola:
1947 3143 1975 3182 a
2009 3127 2066 3182 S.
2091 3129 2363 3183 Constan-

2536 2663 2654 2733 ις’.
2674 2667 2731 2719 Ὀ
2748 2666 2804 2720 δὲ
2820 2666 3107 2733 Μακάριος
3135 2663 3230 2731 ἀφ’
3253 2664 3602 2730 ἐσπέρας,ώς
3625 2660 3752 2735 ἦθος
3772 2660 3917 2731 εἶχεν
3947 2667 4044 2720 τοῦ

2467 2760 2835 2826 ἀγωνίζεσθαι
2878 2760 2936 2810 ὲν
2965 2761 3075 2820 τοῖς
3124 2757 3354 2828 ξιάροις,
3400 2761 3565 2826 μόνου
3613 2758 4045 2828 περιπατοῦντος

2465 2855 2585 2915 ταῖς
2612 2855 2956 2921 νυκτεριναῖς
2982 2851 3273 2920 περιόδοις,
3304 2850 3502 2920 συνέϐη
3526 2850 3685 2902 αὑτὸν
3712 2852 4045 2920 πορευθῆται

2466 2944 2697 3014 πλησίον
2732 2947 2895 3013 suam.
2909 2945 3024 3015 ρίου
3069 2947 3210 3008 τινὸς
3241 2944 3351 2997 τῶν
3386 2943 3560 3012 ἁγίων
3589 2946 3681 2998 καὶ
3721 2946 4045 3013 κορυφαίων

2479 3037 2822 3090 ’Λποστόλων
2855 3038 3062 3104 Πέτρου
3090 3040 3185 3089 καὶ
3238 3036 3478 3098 Παύλου.
3518 3037 3654 3105 ὅπερ
3702 3039 3946 3106 ἔφασκον
3997 3040 4045 3090 οἱ

2469 3129 2691 3181 παλαιοὶ
2720 3131 2819 3196 τῆς
2849 3129 3056 3190 πόλεως
3097 3129 3190 3180 τὴν
3220 3129 3277 3180 ὲν
3307 3128 3484 3195 ἁγίοις
3524 3131 3936 3182 Κωνσταντίνον
3959 3130 4051 3184 τὶν

778 3216 894 3269 tino
952 3216 1277 3285 imperatore
1306 3218 1701 3272 cxvcdilicatttm
1754 3230 2077 3273 memorant.
2111 3219 2236 3273 Illac
2264 3220 2365 3271 ita-

2470 3219 2697 3289 βασιλέα
2727 3219 3107 3287 οἰκοδομῆσαι.
3130 3218 3442 3287 Παράγοντι
3473 3215 3568 3274 οῦν
3601 3223 3803 3282 ἐκεῖσε,
3848 3224 4051 3293 ἀσελή-

775 3321 905 3376 quc.
962 3308 1301 3361 tenebricosa
1355 3309 1473 3361 sine
1507 3310 1633 3362 luna
1684 3320 1875 3376 nocte,
1927 3310 2139 3365 nebulis
2178 3311 2365 3365 stellas

778 3400 900 3453 ωιΙί
933 3399 1410 3466 obnubilantibus,
1469 3402 1570 3455 iter
1593 3402 1809 3456 babenti
1846 3403 2073 3457 Andreae
2129 3406 2369 3460 occurrit

778 3491 1086 3545 viamedia
1151 3502 1370 3560 puteus,
1452 3493 1567 3547 sive
1633 3503 1693 3545 ttt
1747 3495 2153 3562 receptaculum
2231 3495 2367 3552 foret

779 3596 1069 3649 aqttaruttt,
1139 3585 1255 3635 sive
1308 3584 1410 3635 alia
1443 3584 1509 3635 dc
1540 3598 1729 3644 caus:t,
1759 3598 1923 3650 quam
1958 3583 2098 3635 Deus
2130 3584 2364 3646 noverit.

780 3676 1013 3727 ellosstts
1044 3690 1059 3738 ;
1094 3675 1147 3728 itt
1184 3692 1345 3744 quem
1389 3674 1643 3740 Satanas,
1678 3672 1951 3743 IEtbiopis
1989 3676 2170 3744 specie
2197 3692 2365 3745 appa-

783 3782 936 3830 t'cns,
974 3776 1348 3819 transeuntem
1379 3781 1545 3836 prope
1580 3766 1756 3819 virum
1811 3774 2060 3819 sanctum
2090 3805 2104 3829 ,
2142 3769 2367 3835 perutil-

784 3868 931 3911 teute
998 3859 1391 3927 benignissimo
1460 3859 1604 3921 Deo,
1663 3859 1931 3912 tradendo
1993 3860 2365 3928 praecipitavit.

785 3946 905 4011 lite,
941 3949 1055 4000 luto
1089 3965 1220 4018 pene
1246 3951 1476 4003 obrutus
1509 3949 1798 4018 uliginoso,
1844 3948 2129 4004 confestim
2185 3953 2367 4005 exclaa

784 4041 951 4093 tttavit
981 4056 996 4093 :
1027 4040 1070 4095 Ο
1101 4042 1191 4109 qui
1226 4054 1460 4109 quatuor
1486 4041 1635 4095 orbis
1657 4051 1835 4111 partes
1866 4043 2090 4096 salutari
2118 4043 2366 4100 doctrina

784 4143 959 4185 vestra
987 4133 1356 4198 illuutinastis,
1391 4133 1624 4200 apostoli
1650 4172 1665 4196 ,
1698 4148 1794 4188 vos
1828 4134 2117 4189 luminaria
2143 4151 2259 4189 mea
2289 4137 2369 4189 lu-

781 4225 1084 4290 cidissima,
1120 4227 1394 4295 suppetias
1426 4225 1559 4280 ferte
1590 4225 1855 4280 vilissimo
1911 4228 2130 4281 servulo
2160 4238 2364 4296 vestro,

780 4318 975 4386 eripite
1006 4333 1091 4372 me
1138 4333 1206 4373 cx
1239 4328 1401 4387 puteo
1433 4319 1537 4374 ltoe
1564 4318 2027 4389 profundissitnol
2059 4320 2194 4374 Cum
2223 4321 2365 4375 illico

786 4410 1030 4462 emicans
1081 4425 1143 4462 ex
1195 4409 1435 4463 oratorio
1483 4425 1642 4474 crux,
1686 4412 1737 4464 itt
1789 4426 1915 4465 aere
1952 4413 2208 4480 suspendi
2254 4414 2368 4466 visa

781 4511 885 4563 est,
916 4501 1171 4554 emittens
1193 4500 1454 4569 fulgorem
1480 4502 1553 4555 ttti
1585 4502 1726 4571 ignis
1752 4504 2078 4557 immensum
2104 4506 2367 4560 adversus

788 4589 1049 4644 Sanctum
1086 4592 1139 4644 in
1171 4602 1331 4661 puteo
1365 4608 1569 4662 :quatn
1604 4602 1662 4647 ut
1711 4595 1994 4664 conspexit
2047 4597 2372 4652 exclamavit

782 4682 1004 4734 denuo:
1042 4681 1301 4751 Signetur
1338 4696 1502 4751 super
1562 4697 1648 4736 me
1697 4684 1879 4737 lumen
1918 4685 2101 4741 voltus
2148 4686 2245 4747 tui,
2274 4686 2376 4739 Do-

781 4771 950 4827 mine.
987 4772 1053 4825 Et
1080 4774 1344 4828 continuo
1383 4784 1754 4843 apparuerunt
1814 4776 1914 4829 viri
1938 4775 2048 4830 duo
2078 4777 2378 4845 pulchritu-

788 4863 925 4917 iinis
954 4864 1168 4918 eximia:
1221 4880 1317 4934 per
1343 4880 1527 4919 aerem
1562 4865 1747 4930 delati,
1781 4882 1922 4921 unus
1958 4868 2026 4920 ab
2063 4883 2168 4921 una
2193 4907 2207 4932 ,
2239 4871 2376 4923 alter

780 4956 850 5007 ab
907 4956 1077 5010 altera
1129 4969 1283 5025 parte
1313 4957 1513 5023 crucis,
1580 4959 1633 5012 in
1692 4973 1817 5013 aere
1878 4960 2166 5028 pendentis
2188 4964 2375 5015 etlate

782 5048 967 5101 omnia
1036 5048 1395 5104 illuminantis
1429 5068 1445 5104 :
1479 5051 1696 5105 illorutn
1767 5066 1901 5107 vero
1956 5053 2097 5108 alter
2151 5055 2373 5109 dextera

781 5137 966 5193 Sancti
999 5141 1286 5209 prehensa,
1318 5140 1456 5196 alter
1479 5143 1720 5207 sinistra.
1769 5160 1801 5200 c
1829 5147 2010 5201 lutoso
2028 5158 2193 5217 puteo
2222 5150 2371 5203 illum

782 5235 1109 5297 eduxerunt,
1161 5235 1215 5289 in
1284 5246 1543 5305 reetaque
1587 5237 1672 5291 via
1715 5239 2092 5304 restituerunt,
2125 5242 2375 5310 genubus

789 5332 947 5377 tenus
1012 5338 1171 5379 coeno
1221 5326 1578 5393 immersam;
1631 5335 1685 5381 et
1716 5327 1898 5383 statim
1925 5344 1992 5384 ex
2041 5331 2217 5387 oculis
2248 5346 2375 5388 eta-

789 5425 1046 5471 nuerunt.

862 5740 973 5811 (l9)
1028 5740 1126 5796 llic
1185 5742 1337 5808 item,
1364 5758 1485 5810 qua:
1543 5742 1610 5797 de
1642 5741 1863 5797 (latione
1899 5742 2276 5799 ecclesiastico
2318 5743 2370 5798 in

783 5807 995 5867 duabus
1045 5815 1194 5879 locis,
1227 5807 1347 5881 qua:
1378 5807 1441 5866 de
1490 5824 1750 5883 tempore,
1812 5830 1934 5879 qua:
1973 5814 2039 5869 dc
2076 5831 2369 5877 conpressu

2468 3326 2560 3362 νου
2588 3309 2754 3377 οῦσης
2781 3308 2881 3377 τῆς
2912 3310 3129 3371 νυιτλς,
3162 3309 3256 3360 καὶ
3284 3307 3395 3360 τών
3428 3308 3665 3378 νεοςελῶν
3693 3312 4057 3382 ἀποκρύψαν-

2472 3415 2584 3451 των
2609 3399 2738 3461 τοὺς
2768 3402 2827 3450 ἐν
2853 3397 2931 3467 τῷ
2963 3398 3307 3467 στερεώματι
3352 3400 3616 3469 ἀστέρας,
3669 3401 3860 3469 ἔτυχεν
3907 3398 4061 3455 εἶναι

2467 3492 2611 3543 κατὰ
2647 3492 2709 3542 τὸ
2747 3492 2913 3560 μέσον
2957 3490 3056 3559 τῆς
3096 3489 3218 3541 όδοῦ
3278 3490 3473 3560 βόθρον
3527 3490 3653 3543 τινα
3708 3492 4060 3562 ὀρύγματος,

2467 3584 2576 3634 εἴτε
2606 3582 2696 3634 διὰ
2728 3580 2899 3650 νομὴν
2932 3580 3161 3646 ὑδάτων,
3198 3582 3310 3632 εἴτε
3359 3580 3429 3634 δι’
3474 3582 3635 3634 ἄλλον
3678 3583 3798 3636 τινὰ
3842 3586 4058 3653 τρόπον

2467 3673 2774 3743 ἀνώρυξαν,
2819 3674 2847 3725 6
2883 3672 3087 3741 Κύριος
3134 3673 3447 3727 ἐπίσταται.
3506 3673 3595 3736 Ὦς
3639 3672 3732 3728 οῦν
3765 3675 4001 3745 πλησίον
4031 3682 4062 3733 6

2471 3764 2739 3834 μακάριος
2770 3763 3053 3826 διώδευεν,
3083 3768 3589 3834 παραχωρήσαντος
3615 3768 3712 3820 τοῦ
3740 3769 4059 3838 φιλανθρώ-

2465 3874 2569 3909 -που
2598 3855 2756 3918 θεοῦ,
2787 3857 2894 3908 ἰδοὺ
2923 3856 2951 3907 6
2982 3856 3225 3917 Σατανᾶς
3249 3856 3323 3919 ὡς
3345 3855 3539 3925 Λίθίοψ
3568 3875 3651 3920 τις
3682 3863 4065 3928 παραφανεὶς,

2469 3944 2798 4015 συμποδίσαι
2861 3942 3027 3997 αὑτὸν
3097 3946 3178 4007 εἰς
3226 3945 3319 3997 τὸν
3372 3946 3565 4019 βόθρον
3624 3953 4061 4019 παρενὲπειρεν.

2483 4035 2693 4088 Ἐκείτε
2722 4034 2903 4086 τοίνυν
2929 4036 3006 4104 τῷ
3038 4035 3229 4087 ύλώόει
3259 4035 3416 4106 πηλῷ
3451 4039 3811 4106 συγχωσθεὶς,
3845 4057 4067 4109 παρευ·

2471 4127 2569 4190 θὺς
2629 4128 2919 4197 ἐξεϐόησεν
2957 4146 2970 4159 ·
3014 4130 3080 4181 υἱ
3110 4129 3209 4197 τὴν
3262 4133 3671 4200 τετραπέρατον
3710 4135 4065 4202 ςωταγωγή-

2472 4234 2665 4280 σαντες
2718 4219 2972 4288 πυρίναις
3018 4219 3263 4288 διδαχαῖς
3293 4220 3604 4279 ἀπόστολοι,
3639 4220 3927 4288 φωστῆρές
3953 4239 4063 4289 μου

2471 4315 2804 4380 φαινότατοι,
2827 4312 3127 4381 βοηθήσατε
3152 4313 3227 4381 τῷ
3254 4312 3687 4383 εύτελείοἱκέτῃ,
3704 4313 3963 4383 ῥυόμενοί
3986 4331 4060 4382 με

2471 4407 2535 4458 ὲκ
2564 4405 2658 4458 τοῦ
2680 4405 2974 4475 βυθοτάτου
2994 4405 3110 4473 (sic)
3138 4405 3446 4473 ὀρύγματος
3470 4405 3482 4455 l
3511 4406 3618 4457 Καὶ
3651 4406 3850 4467 εὐθέως
3871 4407 4061 4473 ἐφάνη

2476 4498 2714 4567 σταυρὸς
2739 4496 2848 4551 ἀπὸ
2878 4497 2972 4548 τοῦ
3003 4496 3298 4564 εύκτηρὶου
3331 4498 3423 4547 ἐπὶ
3477 4495 3571 4547 τοῦ
3621 4498 3783 4565 ἀέρος
3841 4502 4065 4566 κρεμά-

2478 4605 2658 4658 μενος,
2689 4591 2780 4642 καὶ
2810 4584 2878 4658 ἦν
2911 4588 3101 4659 ὥσπερ
3136 4588 3246 4658 πῦρ
3279 4588 3477 4657 φλέγυν
3506 4590 3873 4659 μαρμαρυγὰς
3910 4590 4065 4659 λαμ-

2478 4681 2726 4751 πηδόνων
2758 4680 2851 4731 ἐπὶ
2884 4679 2978 4732 τοῦ
3012 4679 3218 4732 λακκου
3264 4682 3572 4749 ἐκπέμπων
3615 4681 3748 4748 πρὸς
3781 4682 3873 4733 τὸν
3931 4683 4065 4733 Μαι

2475 4775 2689 4843 κάριον.
2746 4773 2956 4840 Ὂνπερ
3006 4772 3343 4841 θεασάμενος
3395 4773 3625 4843 ὲὸόησε·
3678 4773 4067 4841 Σημιωθήιω

2476 4866 2562 4934 ἐφ’
2592 4866 2739 4932 ἡμᾶς
2778 4865 2840 4916 τὸ
2874 4864 2990 4932 φώς
3025 4865 3118 4917 τοῦ
3150 4868 3442 4933 προσώπου
3474 4882 3589 4929 σου,
3638 4866 3830 4933 Κυρεε,
3874 4866 4071 4935 Πειρα-

2475 4961 2667 5028 χρῆμα
2704 4958 2758 5010 δὲ
2793 4958 3075 5026 ἐφάνησαν
3119 4956 3214 5009 δύο
3245 4958 3437 5027 ἄνδρες
3483 4958 3678 5027 ὡραῖοι
3727 4956 3934 5027 σνςόδρα
3968 4962 4070 5010 ἐπὶ

2474 5050 2570 5101 τοῦ
2609 5050 2829 5119 αἰθέρος
2864 5051 3175 5119 φερόμενοι,
3210 5043 3290 5109 εἷς
3325 5048 3597 5114 ἐντεῦθεν,
3626 5050 3722 5103 καὶ
3753 5044 3833 5111 εἷς
3873 5050 4071 5102 ἐντεῦ-

2477 5142 2570 5196 θεν
2608 5144 2861 5207 ἐγένοντο
2902 5141 3000 5195 τοῦ
3044 5142 3367 5213 φωτοφόρου
3405 5128 3631 5194 ἐκείνου
3666 5141 3932 5212 σταυροῦ,
3971 5145 4075 5197 ἐπὶ

2474 5234 2572 5287 τοῦ
2615 5235 2776 5305 ἀέρος
2806 5234 3044 5297 ἑστῶτος
3094 5235 3190 5286 καὶ
3229 5233 3596 5302 φωτίζοντος·
3647 5236 3676 5287 6
3716 5235 3817 5304 μὲν
3850 5230 3934 5298 εἷς
3967 5238 4073 5305 τῆς

2478 5328 2664 5395 δεξιᾶς
2690 5328 2875 5397 χειρὸς
2905 5326 3261 5397 κί.ατήσας,ό
3306 5325 3364 5378 δὲ
3403 5326 3586 5397 ἔτερος
3621 5330 3720 5396 τῆς
3751 5328 4076 5399 εὐωνύμου,

2474 5422 2583 5474 ἀπὸ
2607 5420 2700 5474 τοῦ
2734 5418 2908 5489 πηλοῦ
2948 5421 3042 5471 καὶ
3078 5418 3174 5471 τοῦ
3218 5418 3414 5490 βόθρου
3470 5421 3774 5489 ἀνήγαγον,
3830 5422 3932 5473 καὶ
3976 5424 4074 5473 ἐπὶ

2476 5516 2577 5585 τῆς
2612 5513 2830 5576 εὐθείας
2866 5512 2989 5565 ὁδοῦ
3025 5512 3378 5583 παρέστησαν
3400 5526 3418 5543 ·
3463 5507 3685 5582 ἦν.γὰρ
3714 5516 4076 5584 κεχωσμένος

2476 5608 2581 5669 ἓως
2614 5605 2723 5658 τῶν
2753 5604 2996 5673 γονάτων
3029 5620 3043 5634 ·
3076 5604 3172 5657 καὶ
3215 5604 3419 5667 εὐθέως
3461 5604 3693 5674 ἄςαντοι
3720 5607 3999 5673 ἐγένοντο.

2476 5740 2759 5811 Epipltanii
2812 5755 2938 5811 cum
2972 5739 3259 5811 scriptore
3291 5739 3426 5795 tha:
3450 5739 3731 5807 dicuntur,
3757 5756 3867 5796 non
3915 5743 4075 5797 ἰ..νο-

2472 5810 2699 5875 ntunlttr
2729 5829 2777 5865 ttt
2814 5810 2911 5865 Ms.
2942 5810 3143 5864 Macat'.
