4202 6434
773 403 877 464 755

1807 408 2222 470 NlCEPiIORI
2264 413 2728 474 PRESBYTER!
2774 414 2883 473 CP.

3901 415 4005 475 756

772 514 919 568 deris
947 514 1128 584 exigui
1175 517 1302 579 sint,
1345 519 1530 587 excipe
1567 538 1579 574 :
1616 520 1743 591 quia
1792 521 1983 593 ingeris
2048 524 2124 577 tui
2177 538 2342 580 causa

2456 545 2515 581 τα
2551 542 2565 557 ο
2601 527 2789 598 ἑπειοὴ
2826 527 3006 596 θλίψις
3041 545 3131 598 μοι
3178 528 3265 582 διὰ
3313 527 3370 579 οἱ
3424 527 3633 596 μεγάλη
3688 527 4013 595 καθέστηκε,

773 621 859 660 me
915 607 1071 662 dolor
1102 611 1405 678 OCt'upaVil,
1436 620 1491 665 et
1540 627 1650 682 pra:
1678 613 1843 667 animi
1877 616 2197 685 mgritudine
2236 631 2344 672 non

773 712 862 752 me
917 700 1091 765 capio.
1140 701 1253 755 Cur
1309 704 1549 766 tandem,
1601 705 1810 759 amicus
1864 707 1971 761 Deo
2004 722 2125 762 cum
2170 724 2343 777 esses,

775 794 1005 860 turpiter
1051 792 1437 865 transfugiens,
1471 810 1655 850 amore
1676 798 1818 864 auri,
1873 800 2266 855 cacodaamonis
2295 805 2346 856 te

774 884 997 939 servitio
1057 888 1426 957 mancipasti?
1465 886 1772 954 Quomodo.
1801 907 1923 946 cum
1982 894 2153 948 instar
2184 894 2345 949 Sera-

777 975 926 1041 phim
986 978 1088 1034 alis
1143 988 1194 1035 te
1231 979 1284 1033 in
1318 980 1551 1035 sublime
1581 983 1915 1046 sustollercs,
1946 1000 2040 1040 eas
2076 988 2344 1054 quodam-

777 1071 944 1123 modo
997 1072 1209 1126 excisas
1242 1074 1500 1128 radicitus
1529 1077 1672 1130 dono
1715 1073 1928 1130 Satanas
1955 1077 2195 1133 dedisti?
2228 1078 2345 1144 Qno

777 1171 957 1228 pacto,
1000 1163 1211 1230 fulgure
1242 1165 1478 1221 lucidius
1517 1182 1638 1222 cum
1667 1169 1891 1232 niteres,
1919 1168 2201 1224 tenebrosa
2232 1170 2343 1225 orci

772 1252 1001 1321 caligine
1033 1262 1087 1310 te
1117 1256 1429 1311 insolvisti?
1459 1257 1552 1311 llei
1590 1258 1759 1313 mibil
1799 1261 1941 1329 quod
1981 1277 2102 1315 cum
2154 1262 2345 1331 plenus

771 1350 1056 1399 oculorum
1108 1363 1279 1413 esses,
1316 1358 1372 1402 ut
1398 1350 1647 1407 ctelestes
1678 1353 1751 1409 illi
1796 1354 1849 1408 in
1889 1352 2163 1421 Scriptura
2186 1356 2347 1421 spiri-

774 1444 884 1497 tus.
944 1453 972 1491 a
1026 1440 1255 1494 nefando
1290 1442 1529 1499 dracone
1588 1455 1888 1501 excaecatus
1933 1445 2050 1501 sis!
2095 1449 2346 1516 quodque

772 1543 897 1585 cum
946 1532 1114 1586 solem
1164 1533 1510 1591 :emulareris'
1546 1544 1639 1591 tuo
1690 1536 1919 1605 fulgore,
1962 1538 2015 1592 in
2049 1540 2344 1608 malignam

774 1621 1023 1676 obscura:
1072 1625 1250 1679 noctis
1310 1625 1483 1681 lucem
1535 1628 1796 1681 desieris!
1860 1629 1972 1683 Cur
2018 1629 2212 1683 animm
2243 1636 2346 1685 ttlaa

776 1724 1007 1769 mortem
1054 1717 1328 1772 intulisti?
1371 1734 1494 1774 cum
1525 1720 1758 1775 amicum
1796 1721 1891 1775 tibi
1921 1723 2164 1777 avaritiae
2188 1723 2345 1791 spiri-

775 1816 890 1859 tum
922 1808 1229 1876 adoptasti?
1260 1808 1445 1864 Nonne
1470 1813 1599 1875 scis,
1629 1813 1805 1882 qualis
1844 1813 2035 1867 debeat
2086 1827 2204 1867 esse
2232 1829 2347 1867 mo-

778 1898 1022 1953 nachus?
1062 1900 1202 1965 Quid
1258 1902 1375 1965 tibi,
1409 1903 1479 1956 mi
1542 1904 1729 1967 frater,
1774 1920 1897 1959 cum
1929 1905 2109 1959 auro?
2156 1921 2254 1958 cur
2286 1905 2348 1957 il-

774 1991 865 2045 lud
912 1993 1045 2047 adeo
1072 1995 1464 2049 accumulasti?
1489 2012 1586 2050 cur
1617 1996 1745 2051 illud
1799 1998 2123 2067 comparasti
2155 1998 2273 2060 tibi,
2299 2007 2352 2053 et

776 2082 1059 2136 interitum
1089 2083 1409 2138 accersisti?
1431 2084 1572 2150 Quid
1598 2086 1689 2142 tibi
1722 2101 1844 2142 cum
1886 2102 2044 2153 auro,
2084 2087 2225 2156 quod
2258 2086 2350 2141 ubi

772 2189 807 2229 e
859 2176 991 2229 vivis
1031 2176 1277 2239 excedes,
1306 2184 1400 2231 aut
1431 2179 1631 2248 quibus
1681 2181 1903 2233 minime
1955 2181 2213 2244 volueris,
2259 2189 2351 2233 aut

779 2264 1015 2318 inimicis
1071 2266 1231 2320 etiam
1300 2267 1612 2322 haereditate
1638 2268 2021 2337 possidendum
2065 2268 2352 2323 relicturus

775 2354 878 2407 es?
929 2352 1023 2408 Dic
1049 2354 1200 2418 mihi,
1229 2356 1428 2410 amabo
1466 2369 1536 2422 te,
1573 2360 1813 2428 nuuquid
1851 2359 2001 2425 illud,
2038 2359 2221 2413 labore
2257 2368 2351 2414 tuo

776 2457 1171 2514 comparatum,
1204 2462 1475 2513 asservas,
1516 2460 1570 2503 ut
1597 2460 1769 2505 tecum
1799 2452 2089 2521 sepultura:
2134 2450 2352 2505 mande-

779 2537 921 2590 tur?
974 2536 1226 2606 Nunquid
1260 2540 1531 2607 ligonibus
1559 2557 1588 2596 e
1618 2551 1757 2597 terra
1792 2543 1923 2597 illud
1964 2544 2179 2609 eruisti,
2242 2559 2351 2612 quo

777 2626 983 2682 liberos
1032 2636 1151 2682 tuos
1195 2629 1350 2683 alas?
1401 2629 1655 2700 Nunquid
1711 2650 1926 2703 operam
1979 2644 2127 2689 tuam
2186 2635 2349 2690 alicui

779 2721 918 2775 forte
969 2722 1177 2787 locans,
1216 2723 1361 2776 illam
1398 2723 1521 2778 inde
1552 2727 1849 2782 mercedem
1906 2728 2216 2783 abstulisti?
2245 2728 2349 2782 Alii

781 2814 941 2879 fame,
970 2814 1080 2877 siti,
1139 2813 1343 2884 frigore
1368 2818 1827 2885 exstinguuntur;
1872 2827 1925 2871 ct
1984 2831 2036 2872 tu
2067 2819 2349 2887 pecuniam

780 2918 928 2960 tuam
958 2908 1356 2962 considerando
1388 2910 1568 2964 laetitia
1617 2911 1894 2966 exsultas?
1940 2912 2187 2967 llwccine
2215 2912 2356 2965 indi-

777 2999 861 3053 cia
911 3000 1280 3069 poenitenti:e?
1324 2999 1439 3055 haec
1514 3002 1905 3056 monachorum
1960 3003 2177 3071 regula?
2239 3004 2354 3057 hate

778 3091 1114 3159 paupertas?
1169 3095 1281 3146 lucc
1334 3092 1459 3162 fuga
1520 3094 1797 3149 saecularis
1834 3095 1994 3149 vitae?
2022 3096 2170 3150 itane
2196 3097 2353 3149 libri-

2449 617 2544 670 κα).
2582 617 2681 686 οὐχ
2740 617 3003 687 ὐποφιρω
3058 618 3163 670 ἀπ’)
3216 620 3315 686 τῆς
3366 617 3579 687 ὀδὰνης.
3624 618 3778 681 Τίνος
3833 618 4013 687 χάριν,

2449 706 2602 777 φίλος
2626 708 2700 759 ὢν
2729 708 2823 761 τοῦ
2854 707 3011 771 Θεοῦ,
3046 702 3383 781 [ἀπέδρασας
3417 710 3605 763 τοῦτον
3652 709 3738 761 διὰ
3780 713 3850 762 τα
3882 712 4016 779 χρή-

2453 796 2645 867 ματα].
2680 798 2773 851 καὶ
2828 800 3207 867 ὲχρημάτισας
3256 800 3538 869 ὑπηρέτης
3582 798 3675 851 τοῦ
3714 798 3964 851 διαϐόλου
3999 817 4015 863 ;

2450 887 2594 957 Ποίῳ
2619 888 2675 941 δὲ
2704 887 2911 959 τρόπῳ,
2947 891 3229 959 πτέρυγας
3257 890 3396 959 ἔχων
3430 891 3505 954 ὡς
3543 890 3611 942 τά
3642 892 3914 959 Σεραφὶμ,
3940 891 4017 959 τῷ

2449 977 2661 1048 Σατανᾷ
2706 979 2912 1040 ταύτας
2960 978 3345 1049 ριζοτομήσας,
3400 980 3828 1051 συνεχώρησας;
3867 980 4015 1041 Πῶς.

2447 1069 2911 1141 ἀστραπόμορφος
2956 1071 3052 1132 ὢν,
3110 1072 3339 1141 γέγονας
3399 1073 3859 1142 σκοτεινόμορφος
3902 1090 3916 1137 ;
3953 1074 4021 1125 Of

2450 1180 2541 1232 μοι
2579 1164 2591 1217 l
2628 1165 2711 1217 ὅτι
2744 1163 3056 1232 ὀφθαλμοὺς
3088 1164 3228 1234 ἔχων
3264 1166 3339 1226 ὡς
3384 1164 3451 1217 τὰ
3481 1166 3863 1235 πολυόμματα,
3899 1168 4021 1217 ὲτυ-

2448 1255 2668 1324 φλῶθης
2718 1256 2822 1308 ὑπὸ
2860 1256 2955 1307 τοῦ
2987 1255 3300 1321 δράκοντος,
3335 1258 3428 1309 καὶ
3457 1257 3533 1320 ὡς
3573 1258 3724 1327 ἥλιος
3757 1258 4021 1326 ὑπάρχων

2447 1346 2569 1410 tau;
2589 1347 2664 1410 ὡς
2692 1347 2861 1400 νύκτα
2881 1348 3254 1416 καχέσπεροςῑ
3280 1348 3437 1412 Τίνος
3466 1351 3646 1419 χάριν,
3675 1350 3896 1416 scatet,
3919 1352 4021 1419 τὴν

2447 1438 2547 1507 σὴν
2568 1438 2744 1507 ψυχὴν
2770 1438 3115 1501 ἐθανάτωσας
3148 1456 3162 1503 ;
3192 1438 3331 1491 διατί
3370 1441 3586 1508 ἐκτήσω
3620 1439 3773 1508 φῦ.ον
3802 1440 3892 1491 τὸν
3918 1438 4023 1507 τῆς

2448 1530 2813 1602 φιλαργυρίας
2850 1531 3123 1599 δράκοντα
3152 1532 3265 1597 (57)
3312 1528 3497 1601 ςτΑρα
3543 1532 3604 1584 οὐ
3637 1534 3838 1594 συνιεῖς
3868 1533 4024 1594 ποῖος

2447 1624 2653 1692 ὀφείλει
2688 1619 2827 1678 εἶναι
2859 1628 2886 1678 ὁ
2934 1624 3169 1694 μοναχός
3208 1642 3222 1689 ;
3253 1626 3319 1677 Τί
3360 1642 3443 1678 σοι
3471 1624 3645 1687 θέλεις
3681 1624 3741 1676 τὸ
3771 1623 4021 1693 χρυσίον,

2445 1716 2644 1783 ἀδελφὲ
2674 1734 2690 1781 ;
2720 1718 2866 1779 τίνος
2913 1716 3076 1787 χάριν
3137 1717 3269 1768 αὐτὸ
3330 1716 3641 1785 ἑσώρευσας
3670 1716 3780 1785 (58)
3817 1732 3830 1777 ;
3881 1715 4025 1783 ποίῳ

2446 1808 2635 1877 τρόπῳ
2656 1808 2785 1860 αὐτὸ
2808 1810 3042 1877 ἐκτήσω,
3073 1810 3165 1861 καὶ
3192 1807 3402 1877 σεαυτῷ
3433 1809 3673 1879 ἐπορίσω
3701 1808 3981 1861 ἀπώλειαν
4006 1825 4023 1872 ;

2451 1903 2516 1955 Τί
2547 1903 2720 1965 θέλεις
2751 1903 2812 1954 τὸ
2855 1901 3095 1972 χρυσίον,
3132 1903 3270 1972 ὅπερ
3304 1901 3442 1971 μετὰ
3491 1901 3721 1955 θάνατόν
3768 1918 3888 1962 σου,
3925 1900 4027 1951 καὶ

2450 1992 2530 2055 οἷς
2562 1996 2624 2047 οὐ
2657 1993 2834 2056 Θέλεις
2886 1994 2919 2063 ἦ
2966 1994 3061 2046 κα)⁸
3102 1993 3317 2065 ἐχθροῖς
3352 2011 3446 2047 σου
3477 1993 3707 2057 τούτοις,
3756 1992 4025 2063 κληρονό-

2454 2102 2586 2158 μους
2620 2087 2893 2160 ποιήσῃςς
2927 2088 3062 2141 Eius
3094 2106 3210 2159 μοι,
3240 2088 3566 2157 παρακαλῶ,
3604 2087 3679 2157 μὴ
3705 2087 3811 2139 ἀπὸ
3850 2088 4026 2139 κόπου

2454 2182 2549 2235 σοῦ
2596 2185 2734 2244 ἐστι,
2789 2185 2885 2236 καὶ
2920 2183 3208 2251 φυλάττεις
3252 2185 3345 2237 τοῦ
3396 2183 3730 2254 συνταφῆναί
3767 2199 3888 2243 σοις
3923 2183 4017 2249 Μὴ

2452 2277 2517 2344 τῇ
2564 2274 2781 2344 δικέλλῃ
2828 2275 3062 2343 σκάψας,
3110 2277 3268 2328 τοῦτο
3312 2276 3646 2343 ὲσώρευσας,
3682 2274 3768 2326 ἵνα
3821 2274 4030 2345 θρέψῃς

2452 2367 2700 2419 τὰτέκνα
2730 2382 2823 2419 σου
2844 2385 2857 2431 ;
2880 2368 2971 2437 Μὴ
3003 2368 3265 2435 ἐργασίας
3296 2370 3660 2436 ποιησάμενος
3682 2366 3840 2418 τοῦτο
3862 2366 4032 2429 ἐδέξω

2453 2459 2533 2520 εἰς
2564 2459 2820 2528 μίσοωμα
2848 2477 2863 2522 ;
2905 2459 3091 2512 Ἀλλοι
3124 2459 3374 2522 πεινῶσι,
3406 2460 3499 2512 καὶ
3536 2458 3750 2527 διψῶσι,
3794 2460 3888 2511 κα).
3940 2461 4027 2523 (n.-

2452 2550 2591 2616 γῶσι
2622 2550 3005 2614 τελευτῶντες,
3040 2551 3135 2602 καὶ
3183 2550 3344 2611 αὐτὸς
3374 2549 3586 2619 βλέπων
3613 2549 3712 2619 τὴν
3758 2547 3849 2600 τοῦ
3891 2567 4029 2618 χρυ-

2455 2640 2568 2693 σίου
2600 2641 2871 2709 ποσότητα
2908 2640 3189 2709 εὐφραίνει
3225 2656 3239 2704 ;
3274 2639 3463 2692 Ταῦτά
3492 2642 3599 2691 είσι
3656 2637 3725 2689 τὰ
3770 2636 3892 2705 ἴχνη
3924 2637 4030 2705 τῆς

2459 2731 2749 2801 μετανοίας
2776 2748 2791 2797 ;
2822 2729 2997 2783 ταῦτα
3049 2731 3328 2800 περίεστιν
3357 2731 3388 2793 ή
3436 2728 3589 2792 τάξις
3618 2728 3727 2779 τῶν
3764 2727 4033 2795 μοναζόνο

2451 2841 2598 2888 των,
2626 2825 2719 2875 καὶ
2772 2823 2804 2892 ἡ
2853 2823 3229 2890 ἀκτημοσύνη,
3287 2822 3378 2874 καὶ
3406 2821 3440 2889 ἡ
3486 2817 3580 2872 τοῦ
3624 2818 3857 2887 ματαίου
3909 2818 4031 2886 βίου

2452 2914 2795 2984 ἀναχώρησις
2818 2930 2832 2979 ;
2853 2909 3008 2967 Οὕτω
3027 2914 3281 2981 ἐμιμήσω
3306 2912 3397 2963 τὸν
3432 2911 3652 2980 Κύριονς
3684 2909 3826 2962 οὕτω
3852 2910 4032 2977 ἠρνή-

2455 3021 2532 3057 σω
2556 3006 2647 3057 τδν
2668 3006 2871 3073 κόσμον
2897 3003 3097 3068 mitto);
3122 3003 3312 3056 ἑαυτὸν
3350 3002 3702 3071 ὲσταῦρωσας
3732 3000 3811 3069 τῷ
3838 3001 4034 3068 κόσμῳ

2454 3100 2547 3150 καὶ
2575 3100 2694 3160 ταῖς
2726 3096 3041 3166 ἐπιθυμίαις
3064 3113 3077 3162 ;
3098 3095 3269 3158 οὕτως
3290 3095 3803 3164 ἀπηλλοτριωμένος
3829 3094 4026 3160 ἐγενὴ-

780 3195 923 3237 stum
976 3183 1263 3238 Dominum
1334 3185 1603 3240 imitaris?
1656 3188 1728 3240 ita
1764 3187 2043 3242 renuntias
2110 3188 2354 3242 smcnlo?

2456 3190 2554 3258 θης
2585 3192 2695 3251 τοῖς
2733 3189 2979 3256 ἀδελφοῖς
3037 3206 3130 3240 σου
3170 3186 3265 3239 καὶ
3317 3188 3450 3241 πᾶσι
3485 3188 3597 3245 τοῖς
3637 3184 3885 3250 ματαίοις
3931 3183 4034 3234 καὶ

780 3281 851 3332 ita
910 3280 1113 3331 mundo
1166 3278 1462 3334 crucilhus
1491 3294 1551 3333 es
1607 3290 1663 3332 et
1697 3279 2154 3349 concupiscentiis
2202 3281 2358 3349 ejus?

778 3375 852 3428 ita
891 3371 1163 3424 abduxisti
1201 3372 1441 3425 animum
1470 3387 1499 3424 a
1543 3370 1804 3427 fratribus
1851 3374 2170 3442 cunctisque
2200 3373 2354 3427 vanis

780 3464 963 3517 smculi
1010 3465 1173 3532 hujus
1204 3465 1387 3527 rebus,
1420 3464 1589 3519 nihilo
1617 3464 1790 3533 pluris
1823 3481 1986 3535 quam
2038 3466 2190 3534 palea
2213 3467 2359 3520 aesti-

2455 3279 2757 3350 ἀχυρώδεσι
2804 3280 3092 3349 πράγμασι
3141 3278 3234 3332 τοῦ
3290 3280 3404 3348 βίου
3444 3294 3458 3342 ;
3510 3278 3611 3329 οὐκ
3666 3277 3907 3345 ἤκουσας
3931 3272 4033 3325 τοῦ

2458 3373 2667 3444 Κυρίου
2699 3374 2949 3439 λέγοντος
2976 3388 2989 3401 ·
3025 3373 3115 3440 Μὴ
3142 3371 3418 3440 κτήσασθε
3462 3370 3661 3439 χρυσον
3690 3368 3721 3436 ἢ
3762 3366 4033 3436 ἄργυρον,

2467 3467 2542 3536 μὴ
2575 3466 2776 3536 πήραν,
2805 3464 2880 3534 μὴ
2910 3464 3121 3534 ράεδον,
3147 3464 3222 3531 μὴ
3250 3462 3342 3515 δύο
3376 3462 3606 3531 χιτῶνας
3641 3460 3818 3529 ἔχεινε
3866 3475 3884 3508 ι

782 3555 1047 3609 rnandis?
1104 3554 1470 3610 ﬂoccifaciens
1548 3557 1713 3610 verba
1795 3557 2006 3610 Domini
2064 3558 2346 3612 dicentis:
2394 3577 2412 3610 ι
2459 3556 2635 3612 Nolite
2698 3556 2978 3627 possidere
3034 3570 3250 3619 aurum,
3320 3570 3495 3623 neque
3543 3562 3870 3621 argentum,
3931 3566 4039 3607 ne-

779 3664 887 3718 que
941 3664 1145 3718 peram,
1205 3662 1381 3717 neque
1441 3648 1734 3713 baculum,
1785 3664 1961 3720 neque
2001 3651 2140 3705 duas
2199 3652 2417 3707 tunicas
2451 3651 2534 3705 ”'.
2588 3673 2605 3703 ι

860 3767 979 3821 lll.
1010 3768 1288 3821 Attonitus
1344 3766 1544 3832 haereo,
1579 3768 1674 3837 qui
1710 3766 1896 3822 istbzec
1937 3769 2117 3823 divina
2151 3784 2353 3839 praece-

783 3870 870 3927 pta
904 3859 1164 3912 oblivioni
1193 3860 1498 3913 tradideris.
1534 3857 1670 3912 Ecce
1693 3858 1986 3914 hodiernus
2017 3863 2357 3916 crastinusve

782 3952 899 4006 dies
933 3951 1088 4006 nobis
1121 3967 1409 4018 supremus
1429 3949 1739 4016 iilucescet;
1772 3962 1823 4006 et
1854 3968 1975 4022 qua:
2007 3955 2231 4019 parasti,
2264 3970 2358 4008 cu-

777 4047 868 4115 jus
928 4042 1132 4099 erant?
1196 4042 1385 4099 Nonne
1432 4046 1582 4099 vides
1622 4046 1919 4109 diabolum,
1973 4048 2063 4116 qui
2127 4047 2355 4100 nimium

784 4152 948 4207 quam
1007 4136 1343 4207 pr0pinquus
1404 4137 1498 4190 tibi
1536 4148 1746 4200 astans,
1795 4139 2032 4192 animam
2065 4138 2168 4192 sibi
2210 4149 2356 4192 tuam

784 4228 1051 4293 obtinuit;
1096 4228 1307 4296 angelo,
1362 4229 1450 4282 cui
1485 4242 1615 4282 cura
1680 4239 1729 4284 te
1769 4231 2108 4285 custodiendi
2138 4231 2359 4285 deman-

786 4322 912 4375 data
953 4333 1056 4386 est,
1090 4322 1303 4375 eminus
1327 4338 1449 4377 cum
1501 4323 1697 4376 summi
1731 4323 1937 4378 doloris
1983 4324 2360 4379 testiﬁcatione

786 4416 1175 4484 respectante?
1210 4415 1347 4470 Ecce
1384 4418 1573 4477 draco,
1622 4416 1864 4471 nefarius
1911 4417 2150 4471 avaritiae
2174 4417 2359 4471 incert-

2530 3773 2656 3829 psa'.
2699 3766 3103 3834 Ἐκπλήττομαι
3138 3762 3273 3832 ποίῳ
3306 3760 3492 3831 τρόπῳ
3522 3760 3619 3823 τὰς
3646 3758 4038 3828 πραγματείας

2454 3861 2656 3921 ταύτας
2699 3858 2838 3928 λήθῃ
2889 3856 3297 3924 παραδέδωκας.
3342 3855 3471 3906 Ἰδοὺ
3522 3850 4038 3921 σήμτρονῆαῦριον

2454 3952 2595 4004 τέλει
2613 3950 2707 4002 τοῦ
2731 3950 2844 4019 βίου
2869 3947 3206 4018 χρησόμεθα,
3229 3947 3319 3999 καὶ
3344 3946 3379 4000 ἃ.
3406 3945 3726 4015 ἡτοίμασας,
3743 3944 3849 3994 τίνι
3880 3943 4038 3993 ἔσον-

2454 4063 2545 4097 ται
2578 4062 2591 4109 ;
2632 4046 2707 4097 Οὐ
2742 4043 2957 4113 βλέπεις
2995 4041 3085 4094 τὸν
3115 4038 3357 4093 διάόολον
3388 4038 3488 4091 ποῦ
3515 4039 3753 4098 ἵσταται,
3785 4035 4040 4104 κατέχων

2465 4154 2559 4188 σου
2600 4136 2696 4203 τῆς
2746 4135 2923 4203 ψυχῆς
2954 4132 3022 4185 τὰ
3058 4132 3385 4203 προτέλειας
3440 4129 3533 4181 καὶ
3570 4130 3599 4179 ὁ
3645 4128 3941 4196 φυλάσσων
3982 4144 4039 4177 σε

2462 4227 2692 4295 ἄγγελος
2733 4226 3008 4294 μακρόθεν
3048 4224 3266 4277 ἵσταται
3315 4222 3727 4291 ὀλοφυρόμενος.
3768 4219 3903 4271 Ἰδοὺ
3951 4217 4039 4286 δὴ.

2464 4312 2509 4371 ὦ
2538 4320 2655 4386 φίλε
2686 4334 2810 4386 μου,
2843 4319 2870 4369 ὁ
2918 4316 3152 4385 πονηρὸς
3195 4315 3411 4384 δράκων
3455 4315 3483 4365 ὁ
3523 4312 3622 4381 τῆς
3666 4310 4040 4380 φιλαργυρίας

2464 4412 2541 4476 τῷ
2571 4411 2647 4480 σῷ
2679 4411 2937 4481 τραχήλῳ
2972 4410 3291 4468 ὲνείλικται,
3325 4408 3429 4460 κᾶν
3463 4409 3559 4474 οὐχ
3593 4407 3746 4473 ὁρᾷς,
3790 4404 3889 4455 καὶ
3939 4419 4039 4472 με·

790 4516 893 4571 tnr,
968 4509 1109 4561 collo
1162 4518 1276 4571 tuo,
1321 4509 1570 4577 quamvis
1620 4509 1857 4575 ignores,
1901 4510 2354 4578 circumvolutus,

2462 4505 2632 4571 γάλην
2661 4504 2774 4572 ἔχει
2796 4498 2863 4553 ’ἐν
2900 4519 2980 4553 σοι
3008 4503 3107 4571 τὴν
3154 4500 3459 4553 ἀνάπαυσιν
3484 4514 3499 4529 ·
3539 4499 3645 4550 ἰδοὺ
3673 4498 3735 4562 δὴ
3782 4495 3870 4546 ἵνα
3919 4510 4044 4545 συν-

789 4600 1023 4654 ιιιοιιίιρτ
1088 4599 1140 4653 in
1181 4609 1231 4653 te
1265 4600 1494 4668 quiescit
1524 4617 1537 4653 :
1570 4615 1696 4655 ecce
1757 4602 1835 4669 (ut
1868 4602 2032 4655 rebus
2083 4602 2188 4657 tuis
2223 4619 2356 4657 con-

787 4694 989 4755 sulam,
1042 4692 1277 4761 loquor,
1323 4691 1543 4745 humilis
1607 4706 1800 4747 servus
1859 4695 2009 4762 tuus)
2086 4708 2211 4748 cum
2260 4696 2359 4749 hac

789 4786 1108 4846 transirem,
1152 4784 1332 4838 audivi
1365 4801 1552 4839 vocem
1605 4784 1821 4839 Domini
1861 4787 1975 4851 Dei,
2019 4788 2360 4855 reprobantis

788 4885 842 4932 te
888 4892 951 4930 ac
980 4877 1248 4930 dicentis:
1307 4876 1684 4932 Misericordes
1720 4893 1943 4945 regnum
1990 4893 2170 4931 meum
2228 4894 2361 4932 r0n-

790 4980 1120 5037 sequentur:
1157 4969 1308 5022 illum
1365 4981 1547 5023 autent
1602 4980 1655 5023 et
1687 4970 1761 5023 illi
1788 4969 1992 5025 similes
2038 4971 2355 5026 oditanimu

795 5072 933 5111 mea.
996 5060 1358 5127 Quapropter,
1418 5059 1544 5112 audi
1597 5075 1702 5122 Inc,
1782 5060 2045 5123 obsecro;
2106 5069 2159 5113 et
2224 5061 2360 5113 indi-

796 5149 1068 5217 gentibus,
1133 5149 1333 5213 \‘iduis,
1374 5149 1663 5219 mpbanis,
1711 5148 2048 5219 peregrinis,
2101 5166 2206 5203 non
2263 5150 2359 5202 hn-

795 5242 1049 5297 bcntihus
1101 5244 1190 5296 ubi
1253 5254 1414 5311 caput
1468 5244 1751 5309 reclinem,
1822 5243 2087 5297 distribue
2147 5243 2364 5296 divitias

876 5430 944 5461 ¹³⁶
978 5428 1166 5483 Matth.
1202 5444 1253 5491 τι,
1300 5425 1377 5478 l0.

872 5587 984 5655 (57)
1045 5584 1375 5655 litiercliatttr
1438 5582 1629 5655 itideut
1670 5583 1819 5655 bujc:
1855 5580 2168 5655 Ati_1:o"mv
2192 5580 2367 5655 ἔργων

799 5648 1025 5708 lascivo:
1052 5654 1207 5705 τοῦτο
1238 5656 1571 5711 civitatium;
1607 5648 1749 5721 τΛρά
1796 5670 1857 5720 γε
1889 5651 2174 5704 ἐπίστασαι
2206 5651 2364 5703 τίνων

800 5728 961 5779 εξκτῖιν
987 5724 1046 5776 τὸ
1080 5724 1262 5792 σχῆμά
1287 5741 1379 5775 σου
1412 5726 1694 5789 πρόσεστιν
1725 5740 1737 5786 ;

871 5796 982 5861 (58)
1023 5791 1284 5861 Ita’posui
1316 5809 1412 5862 pro
1449 5795 1538 5846 illo
1568 5793 1943 5855 ἁποστυῦἁσας
1982 5792 2128 5859 αὐτῷ
2175 5791 2363 5856 ἐσιῖιρε-

804 5880 921 5930 σας,
946 5864 1023 5920 uti
1071 5880 1171 5919 ms.
1229 5862 1399 5919 Ὑσιὰς.
1440 5876 1487 5918 et
1544 5864 1631 5916 illo
1660 5864 2023 5929 ἀηυσιεεὰσας
2050 5863 2177 5917 αὐτὸ
2210 5862 2329 5915 am

2462 4598 2633 4650 τελῶν
2660 4596 2800 4648 εἴπω
2836 4612 2939 4655 σοι,
2992 4596 3019 4646 ὀ
3066 4592 3316 4654 ταπεινὸς
3356 4591 3573 4658 οἰκέτης
3620 4602 3710 4640 σου
3744 4587 4040 4654 παράγων,

2464 4691 2673 4759 ἥκουσαι
2709 4687 2807 4756 τῆς
2836 4687 3019 4755 φωνῆς
3053 4687 3256 4754 Κυρίου
3312 4684 3404 4735 τοῦ
3451 4683 3586 4734 Θεοῦ
3622 4680 3925 4748 ἀθετούσης
3956 4695 4041 4739 σε,

2465 4785 2561 4835 καὶ
2602 4784 2728 4835 τάδε
2771 4782 3037 4849 λεγούσης
3064 4796 3077 4809 ·
3119 4780 3240 4830 Τῶν
3274 4778 3584 4847 ὲλεημόνων
3616 4774 3766 4827 ἐστὶν
3802 4775 3835 4841 ἡ
3879 4774 4046 4841 βασι-

2465 4874 2583 4927 λεία
2615 4872 2797 4941 ήὲμὴ,
2828 4871 3011 4940 ἐπειδὴ
3039 4870 3130 4922 καὶ
3160 4867 3348 4921 τοῦτον
3394 4867 3488 4919 κα).
3528 4866 3649 4924 τοὺς
3684 4862 3972 4922 τοιούτους
4008 4862 4042 4927 ἡ

2467 4966 2614 5034 ψυχή
2666 4982 2768 5031 μου
2827 4963 3130 5030 μεμίσηκεν
3161 4977 3175 4990 ·
3235 4959 3369 5011 ἀλλὰ
3426 4954 3749 5023 παρακαλῶ,
3801 4953 4044 5004 ἄκουσον

2473 5077 2596 5129 μου,
2631 5057 2723 5111 καὶ
2756 5057 3053 5125 σκόρπισον
3106 5042 3175 5107 τὰ
3225 5050 3477 5123 χρήματα
3512 5067 3605 5101 σου
3642 5050 3752 5110 τοῖς
3796 5049 4044 5114 ἠναγκα-

2471 5155 2708 5220 σμένοις,
2731 5150 3239 5218 χήραις,ὁρφανοίς,
3264 5148 3353 5198 καὶ
3383 5146 3574 5210 ξένοις,
3606 5144 3719 5203 τοῖς
3747 5141 3822 5208 μὴ
3854 5140 4046 5206 ἔχουσι

2474 5243 2577 5294 ποῦ
2612 5242 2708 5310 τὴν
2748 5240 2990 5310 κεφαλὴν
3022 5238 3221 5302 κλίναι,
3267 5238 3361 5290 καὶ
3407 5234 3675 5303 ἀγωνίζου
3720 5233 3875 5301 φίλος
3903 5230 4043 5282 Θεοῦ

2477 5598 2665 5649 ρησας,
2695 5581 2767 5634 uti
2808 5579 2943 5634 Μαι.
2973 5574 3528 5649 lcgebant,Neutrunt_
3543 5575 3672 5627 satis
3689 5574 3861 5641 capio.
3901 5572 4043 5628 Tum

2475 5646 2621 5713 iero,
2676 5668 2794 5717 qme
2850 5652 3042 5705 deinde
3070 5659 3375 5716 sequuntur
3408 5647 3472 5697 ad
3502 5646 3659 5698 linem
3701 5659 3876 5711 usque
3916 5661 4045 5697 ora-

2473 5721 2633 5775 tionis
2664 5723 2842 5786 lllljllS,
2876 5722 2983 5775 imo
3004 5728 3055 5773 et
3088 5721 3189 5771 sub
3236 5719 3392 5769 linem
3427 5716 3639 5782 capitis,
3667 5730 3827 5786 pene
3856 5717 4046 5768 omnia

2472 5808 2565 5854 per
2615 5784 3088 5861 amplificationem
3145 5797 3368 5861 extensa
3431 5786 3482 5838 in
3509 5802 3627 5861 _Itt.~'.
3665 5784 3952 5852 Vaticano,
3988 5786 4043 5839 in

2469 5857 2833 5917 .‘lazariniano
2864 5861 3045 5931 paucis
3071 5858 3289 5915 omnino
3326 5857 3824 5925 perstringuuntur.
