4202 6434
180 383 272 444 ἳ57

1338 382 1509 441 νιΤΑ
1557 383 1597 437 S
1660 383 1989 444 ANDRE/E
2030 391 2219 448 SAM.

3292 394 3395 453 753

180 490 443 557 γενέσθαι,
477 490 549 551 ὡς
576 489 662 541 διὰ
699 490 913 543 πάντων
944 490 1037 543 καὶ
1057 490 1145 544 διὰ
1173 488 1271 559 τῆς
1307 490 1691 560 άκτημοσύνης
1719 507 1730 520 .
1764 496 1803 547 Α
1838 514 1839 517 η

1764 496 1803 547 Α
1838 504 1980 561 tuas,
2034 508 2086 551 et
2135 498 2350 552 elabora
2394 500 2681 554 ntamicus
2709 502 2994 572 venaeque
3039 517 3102 556 ac
3140 518 3232 572 per
3269 505 3402 558 alias

178 582 327 634 τοῦτ’)
377 582 487 649 γάρ
537 583 655 633 ἐστι
722 582 813 634 τοῦ
886 580 1176 650 μοναδικοῦ
1206 584 1644 650 ἐπαγγέλματος,
1678 583 1737 634 τὸ

181 673 338 740 μηδὲν
365 673 515 741 ἔχειν
546 674 602 724 ἐν
633 672 709 741 τῷ
738 674 837 741 βίῳ
875 673 1048 742 τούτῳ
1082 674 1143 725 τὸ
1178 673 1417 726 σύνολον.
1450 675 1538 739 Μὴ
1573 674 1736 739 φοϐοῦ

176 765 226 816 ἑὲ
250 766 329 816 ὅτι
363 765 535 831 laets:
586 781 665 817 σοι
715 766 881 835 ἄρτος
908 767 939 836 ἦ
970 783 1023 819 τι
1060 768 1173 829 τοῖς
1214 768 1293 829 είς
1328 767 1516 836 χρείαν
1550 768 1736 836 Κυρίῳ

175 856 547 907 δουλεύουσιν·
590 858 811 909 ἄπιστοι
858 858 966 927 γάρ
1002 858 1132 927 παρ’
1163 857 1326 910 αὑτοῦ
1379 856 1737 928 δροσίζονται,

184 946 269 997 καὶ
308 947 521 1015 πόρνοι,
555 948 649 1001 καὶ
675 951 878 1017 μοιχοὶ,
926 950 1023 1002 καὶ
1071 952 1379 1019 ἀχάριστοι,
1413 952 1508 1004 καὶ
1538 952 1738 1012 πάντες

176 1037 390 1091 τοιαῦτα
452 1040 736 1109 ἐχθρωδῶς
792 1041 1126 1111 διακείμενοι
1178 1041 1268 1094 διὰ
1319 1042 1415 1110 τῆς
1445 1042 1737 1113 ἁμαρτίας,

176 1130 317 1198 πόσῳ
342 1131 545 1197 μᾶλλον
569 1131 619 1183 οἱ
644 1131 989 1196 δουλεύοιτες
1021 1133 1170 1203 αὐτῷ
1195 1133 1301 1185 τῶν
1326 1133 1491 1184 αὑτοῦ
1518 1132 1740 1198 ἀγαθῶν

176 1222 697 1290 ἑμπλησθήσονταις
748 1222 907 1292 Ὅρα,
961 1224 1054 1277 καὶ
1100 1227 1176 1294 μὴ
1225 1226 1581 1296 παρακούσῃς
1636 1241 1737 1292 μου

173 1312 272 1361 τῶν
304 1314 575 1382 ῥημάτων
602 1332 615 1345 ·
646 1314 758 1383 ἐγὼ
781 1318 890 1386 γὰρ
920 1316 978 1368 ἐν
1010 1315 1246 1384 πρώτοις
1277 1317 1628 1385 παρεκάλεσά
1657 1334 1736 1380 σε,

176 1404 253 1455 ἵνα
289 1404 491 1474 μηκέτι
540 1408 794 1475 ἀφορμὴν
824 1409 1089 1476 κέκτησαι
1121 1422 1135 1436 ·
1172 1410 1293 1460 ἐπεὶ
1324 1409 1420 1461 ἐὰν
1457 1407 1739 1479 παρακού-

176 1511 265 1563 σῃς
302 1514 433 1563 μου,
466 1500 543 1566 μὲ
572 1500 664 1551 τὸν
713 1500 941 1569 Ἰησοῦν,
978 1501 1055 1570 μὰ
1090 1502 1183 1553 τὸν
1224 1502 1447 1569 βασιλέα
1480 1502 1737 1572 Χριστὸν,

175 1588 296 1653 ἐρᾷς
358 1587 453 1640 τὸν
514 1589 805 1651 διάδολον;
851 1591 925 1644 ἴδε
985 1594 1192 1645 ἐκεῖνον
1251 1595 1391 1647 κατὰ
1451 1594 1545 1646 σοῦ
1604 1595 1738 1647 ἀπο-

180 1680 359 1733 στελῶ.

236 1967 356 2037 ριβ⁹.
383 1967 493 2021 Τοῦ
515 1968 569 2021 δὲ
592 1970 827 2039 μοναχοῦ
850 1971 1224 2041 διανοιγέντων
1251 1975 1355 2028 τῶν
1375 1976 1520 2029 ἔνδον
1545 1978 1743 2044 ὀφοαὶσ

178 2058 304 2125 μῶν,
372 2060 456 2112 [δι
502 2060 592 2112 τὸν
636 2062 882 2115 διάόολον
913 2064 1157 2128 αἰθίοπα,
1195 2066 1422 2136 μαῦρον,
1461 2070 1739 2137 βλοσυρὸν,

175 2150 404 2215 μηκόῗιεν
434 2152 723 2217 ἱστάμενον
760 2154 910 2223 φόϐῳ
939 2154 1032 2207 τοῦ
1070 2156 1275 2222 Ἁγίου,
1308 2159 1399 2210 καὶ
1428 2160 1573 2225 λέγει
1608 2162 1745 2228 πρὸς

172 2244 254 2293 τῖον
290 2244 578 2311 Μακάρων
597 2259 612 2273 ⁸
638 2245 838 2313 Θεωρῶ
862 2246 1041 2308 αὐτόν,
1070 2247 1192 2313 λέγε
1218 2264 1233 2277 ·
1260 2248 1414 2301 δοῦλε
1452 2250 1545 2302 τοῦ
1582 2250 1740 2315 Θεοῦ,

176 2336 234 2385 τά
256 2335 334 2395 είς
356 2337 637 2404 σωτηρίαν
666 2336 847 2405 ψυχῆς
876 2338 1207 2407 ἁρμόζοντα.
1236 2340 1380 2406 Ἔφη
1404 2342 1568 2393 πάλιν
1598 2344 1625 2394 ὁ
1648 2340 1740 2393 τοῦ

172 2426 299 2479 Θεοῦ
329 2427 519 2490 δοῦλος
544 2442 558 2455 ·
595 2430 915 2491 Πίστευσον,
949 2433 1044 2484 ἐὰν
1076 2434 1433 2502 rapam-Jan;
1464 2451 1591 2500 μου,
1617 2433 1739 2486 τοῦ·

174 2537 257 2570 τον
289 2520 431 2572 κατά
470 2537 563 2573 σου
604 2522 891 2576 ἀποστελῶ
916 2525 1216 2594 ὲκταράξαι
1251 2543 1328 2588 σε,
1369 2528 1454 2580 ἵνα
1488 2530 1519 2593 ἡ
1554 2528 1742 2596 αἰσχὺ-

174 2610 344 2678 νητοῦ
377 2616 679 2679 προσώπου
731 2631 826 2692 σου
881 2616 1123 2687 ἀκουσθῇ
1151 2618 1212 2669 οὐ
1250 2618 1413 2686 μόνον
1458 2620 1517 2671 ἐν
1566 2620 1738 2689 ταύτῃ

173 2706 231 2771 τῇ
256 2702 513 2770 βασιλίδι,
546 2703 683 2757 ἀλλὰ
710 2706 803 2758 καὶ
828 2708 908 2768 είς
942 2708 1009 2760 τά
1029 2714 1410 2779 τετραπέρατα
1438 2711 1537 2779 τῆς
1560 2713 1738 2763 οἰκου-

176 2795 353 2863 μένης.
384 2796 529 2864 Ὅρα
554 2796 648 2849 οὖν
682 2796 755 2866 μὴ
793 2799 1047 2871 ὲπιλάθῃ.
1080 2801 1217 2853 ἀλλὰ
1272 2803 1498 2868 ποίησον
1548 2804 1728 2864 καυώ,

172 2903 250 2939 σοι
278 2888 658 2959 ἐνετειλάμην.
684 2890 869 2943 Ταῦτα
931 2892 1169 2954 ἀκούσας
1195 2893 1223 2942 ὁ
1254 2893 1484 2962 μοναχος
1528 2893 1736 2961 ἔφριξε,

173 2981 258 3031 καὶ
279 2980 474 3048 ἐξέστη
496 2980 573 3049 τῷ
597 2982 872 3051 πνεύματι
902 3000 915 3011 ·
965 2984 1088 3045 τοὺς
1116 2984 1169 3036 δὲ
1199 2985 1511 3049 ἐξελθόντας
1549 2986 1737 3053 λόγους

171 3071 229 3121 ὲκ
258 3072 346 3123 τοῦ
402 3074 674 3142 στόματος
723 3073 818 3127 τοῦ
868 3076 1159 3145 Μακαρίου
1208 3077 1480 3140 συνέθετο,
1511 3080 1733 3149 ποιῆσαι

1842 588 2088 651 virtutes,
2110 592 2269 643 etiam
2305 608 2397 659 per
2414 592 2717 661 religiosam
2743 605 3135 664 paupertatem,
3163 597 3358 649 evadas
3386 615 3399 651 :

1844 674 1895 725 in
1926 692 1991 728 eo
2020 694 2250 747 namque
2277 682 2543 747 professio
2574 684 2873 737 monastica
2914 686 3188 747 consistit,
3230 694 3288 737 ut
3321 689 3408 738 ni-

1842 768 1916 821 hil
1956 772 2179 824 omnino
2232 775 2431 841 proprii
2489 775 2896 842 possideatnrin
2930 776 3029 830 hac
3060 779 3188 831 vita.
3223 776 3408 844 Neque

1841 862 2098 916 continuo
2160 866 2460 919 timendum
2518 877 2620 927 est,
2668 882 2735 923 ne
2798 877 2892 921 aut
2942 869 3097 936 panis
3152 881 3243 923 aut
3272 870 3401 937 quid

1841 953 2010 1018 aliud,
2050 972 2158 1023 quo
2216 958 2457 1026 indigent
2514 957 2699 1013 famuli
2753 959 2868 1023 Dei,
2918 967 2969 1013 te
3008 960 3246 1014 deficiat.
3269 962 3402 1015 Cum

1840 1045 1983 1098 enim
2042 1046 2304 1110 inﬁdeles,
2363 1060 2717 1114 scortatores,
2784 1052 3082 1112 adulteros,
3142 1052 3403 1119 ingratos.

1840 1153 2137 1208 omnesque
2170 1141 2484 1207 turpitudini
2516 1151 2567 1197 et
2586 1142 2821 1210 peccatis
2840 1143 3098 1205 addictos,
3126 1143 3405 1211 benignis-

1842 1230 1976 1283 sime.
2004 1240 2255 1300 aspergat
2283 1247 2400 1285 rore
2422 1248 2523 1285 suo
2555 1233 2869 1301 nutriatque
2894 1232 3187 1298 Dominus;
3227 1249 3403 1303 quan-

1842 1332 1895 1375 to
1946 1323 2138 1389 potiori
2191 1322 2315 1391 jure
2349 1323 2573 1377 fideliter
2626 1325 2726 1377 sibi
2764 1327 3062 1380 servientes
3110 1325 3267 1379 donis
3291 1330 3404 1387 suis

1842 1413 2104 1480 replebit?
2131 1414 2271 1467 Cave
2302 1413 2378 1467 sis
2402 1413 2565 1482 igitur
2588 1415 2747 1469 dictis
2768 1416 2900 1470 meis
2917 1431 3079 1469 aures
3096 1416 3352 1469 occludas
3385 1437 3399 1469 :

1838 1502 1955 1572 jam
2006 1504 2150 1558 enim
2204 1518 2231 1555 a
2261 1504 2528 1573 principio
2570 1503 2619 1557 id
2674 1520 2790 1556 mea
2821 1514 3026 1571 spectat
3052 1505 3251 1566 oratio,
3281 1516 3337 1557 ut
3370 1521 3400 1558 a

1840 1596 2183 1663 possessione
2223 1596 2531 1649 divitiarum
2588 1606 2641 1649 te
2694 1596 2960 1648 deterreat
2994 1615 3006 1648 :
3051 1596 3333 1664 quoniam,
3358 1598 3401 1650 si

1842 1703 1928 1743 me
1957 1689 2135 1742 minus
2181 1688 2443 1751 audieris,
2468 1696 2638 1741 testor
2665 1686 2851 1742 Iesum
2900 1688 3176 1741 Christum
3204 1687 3400 1756 Regem

1843 1791 2100 1831 nosuum
2134 1777 2332 1846 (vidcn‘
2368 1778 2725 1849 diabolum?),
2752 1778 2900 1832 illum
2954 1792 3056 1847 ego
3115 1777 3403 1843 adversum

1845 1882 1895 1923 te
1924 1870 2237 1924 immittam.

1918 1962 2039 2016 H2.
2075 1961 2172 2016 llic
2200 1963 2411 2017 tandem
2445 1962 2646 2032 apertis
2671 1962 2834 2019 animi
2866 1964 3059 2030 oculis,
3112 1962 3246 2017 vidit
3285 1974 3405 2015 mo-

1846 2055 2054 2108 nachus
2112 2055 2408 2118 diabolum,
2471 2054 2745 2122 Ethiopis
2799 2054 3263 2125 fortna,.nigrnm,
3297 2063 3405 2105 tor-

1844 2160 2097 2213 vumque,
2154 2146 2363 2200 eminus
2424 2157 2623 2211 tamen,
2673 2148 2814 2215 quod
2869 2148 3141 2217 proprium
3177 2145 3407 2199 Andreae

1844 2250 2193 2306 congressum
2226 2252 2333 2290 non
2372 2240 2554 2301 ferret,
2589 2240 3008 2302 consistentem;
3057 2238 3407 2293 exclamavit-

1842 2345 2001 2399 quc:
2050 2328 2228 2397 Ipsum
2299 2330 2485 2395 video,
2544 2346 2701 2398 quem
2767 2330 2934 2393 dicis;
2998 2346 3126 2398 age,
3204 2330 3405 2387 famulo

1845 2423 1957 2486 Dei,
2012 2425 2140 2490 quid
2198 2429 2559 2490 congruenter
2601 2422 2763 2475 saluti
2803 2423 2998 2475 anim-.e
3046 2438 3177 2475 mea:
3199 2422 3405 2477 facien-

1841 2514 1968 2567 dum
2032 2514 2121 2577 sit,
2175 2528 2407 2583 expone.
2450 2511 2587 2566 Tum
2633 2514 2720 2567 ille
2780 2529 2997 2568 rursum
3077 2514 3402 2583 excipiens:

1839 2606 2038 2659 Credas
2114 2604 2298 2670 \elim,
2357 2607 2548 2674 inquit,
2603 2606 2647 2658 si
2706 2619 2810 2658 non
2855 2606 3092 2659 audieris
3150 2620 3255 2668 me,
3298 2606 3405 2657 da:-

1843 2711 2055 2749 monem
2108 2695 2284 2758 lnmc,
2332 2703 2390 2748 ut
2452 2703 2503 2749 lc
2556 2696 2836 2763 exagitet,
2875 2712 2957 2748 me
2996 2695 3405 2757 itnn.issurum,

1839 2805 1970 2857 quo,
2029 2803 2154 2842 cum
2192 2788 2369 2841 vultus
2427 2788 2501 2841 tui
2540 2789 2883 2851 confusione,
2921 2788 3216 2843 enormitas
3239 2787 3410 2841 scele-

1842 2882 1914 2936 ris
1977 2898 2081 2935 non
2126 2883 2282 2935 modo
2314 2882 2366 2934 in
2392 2880 2493 2936 hac
2516 2882 2647 2936 urbe
2672 2880 2816 2951 regia
2844 2881 3162 2942 innotescat,
3219 2894 3404 2933 verum

1840 2976 1904 3026 ad
1955 2983 2225 3027 extremas
2279 2988 2491 3043 quoque
2525 2972 2674 3025 orbis
2723 2971 2907 3040 plagas
2936 2971 3231 3025 deferatur.
3274 2969 3405 3022 Vide

1840 3067 2023 3135 igitur,
2077 3081 2163 3124 ne,
2220 3080 2341 3133 qua:
2404 3064 2675 3123 mandavi,
2723 3063 3078 3125 obliviscaris,
3133 3061 3223 3115 sed
3246 3073 3403 3113 exse-

168 3164 259 3215 ὗσει
280 3165 583 3216 ἐνετείλατο
613 3165 779 3234 αὐτῷ.
828 3166 917 3228 Ὧς
944 3166 1003 3219 δὲ
1038 3167 1310 3233 συνέθετο,
1346 3170 1448 3239 ὁρᾷ
1476 3169 1733 3230 ὁΔίκαιος
1763 3179 1805 3236 C

1763 3158 2039 3236 Ccutioni
2103 3158 2384 3223 diligenter
2463 3156 2677 3209 manda.
2755 3153 2849 3208 His
2912 3154 3102 3208 iterum
3160 3154 3398 3215 auditis,

174 3256 248 3306 ὅτι
272 3250 441 3324 ἦλθεν
488 3255 547 3319 ἐξ
585 3256 861 3309 ἀνατολῶν
893 3257 1111 3326 πνεῦμα
1143 3259 1401 3327 κραταιὸν
1429 3259 1503 3320 ὡς
1532 3261 1734 3330 ἀστρα-

174 3350 261 3417 πὴ,
284 3350 378 3402 καὶ
418 3348 599 3417 ἥψατο
629 3348 724 3401 τοῦ
750 3348 1065 3416 δράκοντος.
1098 3350 1395 3403 δαπανῶσα
1426 3352 1591 3403 αὑτοῦ
1636 3353 1735 3420 τὴν

176 3440 351 3507 ἰσχύνσ
382 3442 411 3492 ὁ
449 3441 508 3493 δὲ
538 3441 615 3510 μὴ
645 3442 845 3510 φέρων,
881 3443 1415 3512 μετασχηματισθεὶς
1449 3446 1526 3504 εἰς
1565 3444 1731 3511 κορα-

174 3546 253 3597 px,
306 3532 552 3598 ἄφαντος
607 3533 825 3599 ἐγένετο
862 3533 971 3584 τῶν
1015 3536 1161 3586 ἐκεί’
1202 3533 1326 3586 ίδὼν
1380 3534 1437 3585 δὲ
1478 3536 1505 3585 ό
1549 3536 1733 3603 ἕτερος

174 3622 372 3690 μαῦρος
406 3622 506 3675 τοῦ
541 3624 731 3691 ἑτέρου
781 3624 878 3694 τὴν
915 3625 1129 3689 καῦσιν,
1164 3627 1259 3678 καὶ
1308 3628 1472 3689 αὐτὸς
1524 3627 1733 3694 ἀφανὴς

172 3715 378 3777 ἐγένετο
408 3730 424 3744 ·
457 3713 663 3776 εὐθέως
692 3714 747 3766 δὲ
794 3716 1221 3785 ἀποκατεστάθη
1261 3717 1338 3786 τῷ
1373 3718 1591 3786 ἀγγέλῳ
1639 3717 1732 3770 τοῦ

171 3802 294 3855 Θεοῦ
325 3806 392 3857 τὰ
425 3806 719 3874 προτέλεια
760 3807 857 3876 τῆς
894 3810 1210 3870 συστάσεως
1252 3810 1346 3861 τοῦ
1387 3810 1596 3879 ἀνδρός.
1628 3812 1733 3863 Λύ-

169 3894 255 3947 τοῦ
280 3898 337 3950 δὲ
363 3898 655 3966 μέλλοντος
688 3901 993 3968 ἀναχωρεῖν
1042 3899 1101 3963 ἐξ
1129 3900 1320 3963 αὑτοῦ,
1359 3904 1731 3971 παρήγγει“·εν

171 3988 306 4060 σῦτῷ
335 3992 365 4043 ὁ
393 3990 584 4053 ’Όσιος
607 3992 776 4058 λέγων
803 4010 816 4024 ·
842 3992 1003 4061 Ὅρα,
1050 3992 1241 4061 μηδενὶ
1287 3994 1521 4063 ποιήσῃς
1564 3996 1733 4047 κατά-

168 4082 290 4152 δηλα
321 4086 389 4136 τά
411 4086 547 4154 περὶ
570 4084 759 4153 ἐμοῦῆ
789 4083 843 4137 τί
876 4102 956 4136 σοι
982 4084 1254 4155 λελάληκα
1276 4102 1291 4117 ο
1332 4085 1424 4137 καὶ
1459 4088 1505 4137 εἰ
1560 4085 1731 4137 ταῦτα

173 4176 441 4244 φυλάξεις,
488 4178 783 4229 πίστευσον
825 4177 906 4230 ὅτι
961 4175 1138 4244 κάγὼ,
1176 4180 1224 4231 εἰ
1275 4179 1368 4231 καὶ
1409 4178 1733 4247 ἁμαρτωλὸς

172 4270 257 4321 καὶ
280 4270 514 4333 ἐλεεινὸς
549 4270 803 4339 ὑπάρχω,
845 4270 1156 4342 μεμνῆσθαί
1205 4288 1298 4322 σου
1327 4271 1463 4339 ἔχων
1507 4272 1565 4322 ἐν
1614 4273 1734 4331 ταῖς

171 4359 372 4429 δεήσεσί
436 4380 542 4431 μου
593 4361 807 4430 ἡμέρας
856 4363 952 4415 καὶ
1020 4361 1239 4426 νυκτὸς,
1281 4363 1427 4424 ὅπως
1459 4365 1486 4413 ὁ
1527 4362 1733 4431 Κύριος

184 4450 377 4521 Ἰησοῦς
406 4455 645 4523 Χριστὸς
679 4454 919 4524 εὐοδὼσῃ
952 4454 1050 4525 τὴν
1097 4454 1214 4506 ὁδόν
1240 4472 1333 4506 σου
1355 4454 1435 4515 εἰς
1462 4454 1690 4520 ἀγαθόν.

1840 3252 2112 3304 inhorruit
2144 3252 2444 3305 monachus
2469 3260 2518 3303 et
2539 3257 2718 3301 mente
2736 3248 2940 3301 excidit
2972 3261 2986 3297 :
3014 3246 3401 3312 constituitque

1838 3344 2063 3397 ﬁrmiter
2082 3358 2244 3411 opere
2266 3352 2538 3409 praestare,
2573 3354 2906 3408 quaecunque
2935 3339 3166 3393 Sanctus
3198 3339 3402 3391 oratio-

1836 3450 1904 3489 ne
1934 3450 2032 3489 sua
2081 3436 2450 3502 imperaverat.
2516 3431 2611 3485 Vix
2642 3434 2711 3485 ita
2741 3432 3097 3486 constituerat
3131 3431 3238 3496 ille,
3274 3446 3397 3484 cum

1835 3528 2077 3582 Andreas
2130 3529 2403 3595 Spiritum,
2456 3527 2627 3580 nihilo
2684 3527 2863 3579 minus
2892 3525 3183 3578 violentqu
3234 3538 3395 3592 quam

1838 3620 2034 3689 fulgur,
2100 3621 2166 3672 ab
2224 3620 2435 3673 oriente
2484 3618 2821 3672 advolantem
2852 3618 3044 3677 cernit.
3082 3616 3174 3685 qui
3205 3616 3397 3670 ambu‘

1836 3722 1921 3768 sto
1973 3714 2227 3776 dracone,
2281 3722 2423 3767 tetas
2472 3713 2590 3779 ejus
2648 3712 2791 3764 vires
2831 3710 3045 3780 infregit
3083 3727 3097 3764 :
3132 3710 3274 3779 quod
3311 3709 3401 3762 ille

1838 3824 1942 3861 non
2000 3808 2198 3871 ferens,
2262 3807 2671 3861 transformatus
2730 3806 2782 3859 in
2826 3820 3073 3867 corvum,
3116 3819 3182 3858 ex
3225 3803 3401 3858 oculis

1835 3901 2096 3954 evanuit:
2128 3899 2421 3965 vidensque
2471 3899 2622 3967 niger
2678 3900 2887 3953 daemon
2941 3898 3167 3952 alterius
3215 3897 3404 3950 ambu-

1835 3994 2225 4059 stionem,ipse
2287 3991 2535 4045 similiter
2578 4005 2637 4045 se
2665 3991 2787 4044 inde
2832 3990 3088 4044 subduxit
3123 3998 3213 4043 :et
3267 4004 3401 4043 con-

1835 4086 1986 4137 tinuo
2030 4084 2311 4138 restitutus
2340 4094 2420 4135 est
2454 4083 2646 4152 angelo
2691 4081 2781 4135 Dei
2813 4083 2864 4135 in
2895 4082 3222 4135 monachum
3251 4082 3401 4150 prin-

1834 4177 2065 4243 cipatus.
2130 4176 2228 4228 Cui
2253 4175 2413 4228 ctiatn
2453 4174 2684 4228 Sanctus
2719 4172 2830 4241 jam
2866 4174 3174 4227 abiturienti
3206 4188 3402 4241 prame-

1836 4272 1932 4337 pit,
1982 4278 2041 4320 ut
2100 4268 2272 4321 necui
2309 4283 2487 4321 rerum
2526 4266 2862 4321 dictorumve
2923 4282 3147 4320 suorum
3193 4267 3400 4320 revela-

1837 4370 1916 4415 ret
1944 4361 2182 4430 aliquid;
2216 4371 2269 4415 ct
2302 4378 2313 4413 :
2342 4360 2394 4413 Si
2440 4359 2688 4412 mandata
2739 4375 2883 4423 mea,
2916 4361 3181 4429 inquibat,
3212 4374 3399 4414 serva-

1837 4455 1999 4517 veris,
2055 4463 2235 4507 ccrtns
2302 4461 2440 4513 csto,
2472 4467 2556 4504 me
2608 4466 2846 4519 quoque,
2907 4452 3115 4505 tametsi
3163 4453 3400 4507 misellus

174 4555 413 4611 peccator
469 4547 596 4610 sim,
648 4547 789 4601 inter
835 4547 1162 4616 precandum
1189 4548 1621 4603 memorcmfore
1651 4548 1724 4602 tui
1767 4548 1854 4603 die
1907 4556 2199 4616 noctuque,
2261 4556 2317 4599 ut
2354 4545 2613 4603 Dorninus
2675 4548 2833 4603 Jcsus
2877 4546 3128 4602 Christus
3156 4547 3399 4601 curricu-

175 4637 273 4692 lum
296 4641 415 4693 vitte
440 4648 549 4694 tua:
576 4638 835 4693 fortunet.

239 4740 360 4801 ριτ¹.
390 4734 449 4784 Ὀ
480 4731 539 4783 δὲ
559 4731 735 4783 ταῦτα
761 4732 1021 4798 ἀκούσας,
1048 4733 1301 4785 συνέθετο
1318 4732 1411 4786 τοῦ
1435 4734 1736 4801 φυλάσσειν
1772 4754 1811 4807 υ

173 4822 458 4892 ἐπιμελῶς
496 4824 595 4876 καὶ
625 4823 1018 4892 ἀσπασάμενος
1043 4824 1137 4877 τὸν
1167 4824 1405 4891 Δίκαιον,
1451 4826 1734 4896 ἀνεχώρη-

176 4933 250 4977 σε,
281 4918 375 4970 καὶ
435 4916 589 4971 ἅπαν
622 4918 682 4970 τὸ
714 4920 959 4988 χρυσίον,
1000 4918 1027 4972 δ
1077 4922 1364 4991 ἐκέκτητο,
1410 4922 1737 4992 θαυμαστῶς

174 5006 393 5077 διένειμε
424 5011 544 5069 τοῖς
571 5011 914 5077 πενομένοις.
939 5010 1089 5065 Μετὰ
1115 5014 1288 5065 ταῦτα
1315 5015 1557 5075 πλείονος
1578 5016 1736 5083 δόξης

179 5100 474 5171 κατηξιώοη
504 5102 658 5171 παρὰ
687 5102 765 5172 τῷ
790 5103 925 5172 θεῷ.
955 5106 1049 5157 καὶ
1078 5106 1263 5158 πολλοὶ
1297 5109 1525 5177 χρυσίον
1561 5125 1701 5176 προσ
1720 5138 1731 5147 -

180 5192 357 5259 ἑφεφν
406 5192 565 5261 αὐτῷ
635 5194 819 5263 νέμειν
862 5200 975 5258 τοῖς
1007 5198 1274 5265 πένησιν
1303 5200 1361 5263 ἐξ
1408 5200 1587 5251 αὐτῶν
1642 5201 1736 5252 δὺο

181 5285 475 5353 νομίσματα
505 5286 727 5355 κρατῶν
758 5290 837 5350 εἰς
885 5289 1023 5341 ἰδίαν
1056 5291 1263 5359 χρείαν,
1298 5292 1365 5345 τὰ
1412 5292 1572 5344 λοιπὰ
1619 5296 1732 5355 τοῖς

181 5373 440 5443 δεομένοις
492 5377 788 5447 ἐσκόρπιζε
842 5379 931 5433 διὰ
978 5383 1085 5431 τῶν
1109 5382 1307 5451 χειρῶν
1345 5382 1453 5435 τῶν
1488 5401 1731 5451 προσφε⁸

185 5465 390 5532 ράντων,
445 5468 795 5537 μεμνημένος
829 5469 923 5523 τοῦ
972 5472 1260 5541 Μακαρίου
1310 5474 1419 5526 τῶν
1471 5476 1735 5545 παραινέ-

186 5573 310 5610 σεων
336 5575 351 5590 '
381 5559 447 5614 Τί
486 5576 580 5628 μοι
605 5560 665 5611 τὸ
691 5560 884 5627 δφελος
917 5562 1216 5633 ἀλλοτρίων
1247 5565 1500 5618 ἀκανθῶν
1526 5567 1733 5619 οἰκονό-

188 5660 275 5713 μον
301 5649 551 5714 γίνεσθαι
582 5666 597 5716 ;
628 5643 688 5703 οὗ
713 5650 819 5720 γὰρ
851 5653 912 5703 οὐ
959 5652 1146 5722 χρῄζω
1176 5654 1460 5723 λαμϐάνω,
1502 5656 1591 5708 καὶ
1622 5659 1733 5719 τοῖς

188 5740 366 5807 πένησι
410 5740 592 5795 ταῦτα
637 5742 858 5811 παρέχω
890 5760 905 5774 ο
944 5744 1077 5796 ἀλλὰ
1116 5746 1207 5798 καὶ
1245 5747 1421 5814 οτησίς
1457 5765 1547 5817 μοι
1577 5749 1733 5815 ἐπέρ-

190 5844 322 5897 χεται
367 5831 501 5901 ἐμὸν
528 5828 684 5904 ,εἶναι
729 5834 817 5890 τὸν
860 5834 1050 5900 μισθὸν
1108 5837 1198 5890 καὶ
1228 5840 1323 5908 οὔχ
1357 5839 1541 5909 ἕτερον
1569 5856 1579 5866 ·
1612 5841 1732 5894 ὅθεν

1912 4732 2031 4785 115.
2070 4731 2365 4785 Monachus
2400 4732 2597 4786 auditis
2653 4732 2868 4795 talibus,
2902 4742 3184 4787 accurrate
3216 4735 3399 4787 omnia

1836 4840 2051 4877 servare
2091 4824 2327 4876 decrevit
2358 4838 2370 4885 ;
2424 4838 2487 4876 ac
2519 4825 2693 4878 salute
2718 4826 2832 4877 viro
2866 4834 3054 4879 sancto
3083 4826 3223 4879 dicta
3251 4841 3397 4879 rece-

1836 4918 1994 4979 dens,
2046 4917 2303 4985 quidquid
2334 4928 2645 4972 corraserat
2671 4918 2810 4983 auri,
2860 4918 3181 4971 mirabiliter
3221 4934 3397 4973 mnta-

1840 5019 1945 5074 tus,
1988 5008 2269 5062 distribuit
2301 5009 2351 5061 in
2391 5024 2591 5079 egenos
2627 5027 2640 5062 :
2678 5010 2806 5063 hinc
2859 5021 2911 5063 et
2945 5010 3398 5064 cumulatioribus

1837 5102 2093 5156 continuo
2153 5102 2425 5157 beneficiis
2464 5116 2492 5154 a
2540 5101 2646 5155 Deo
2678 5112 2868 5156 auctus
2894 5110 2998 5167 est,
3031 5103 3279 5171 pluribus
3305 5118 3396 5169 pe-

1838 5195 2055 5247 cuuiam
2082 5208 2256 5256 suam,
2296 5208 2595 5262 pauperum
2631 5194 2820 5247 usibus
2863 5193 3301 5261 impendendam,
3330 5195 3395 5246 ad

1841 5290 2013 5356 ipsum
2069 5287 2464 5350 deferentibus;
2526 5304 2590 5341 ex
2644 5303 2749 5356 qua
2805 5286 3014 5339 nonnisi
3055 5287 3191 5339 duos
3238 5300 3398 5337 num-

1841 5383 2014 5435 mulos
2042 5384 2272 5450 propriae
2326 5381 2627 5436 necessitati
2652 5381 2885 5435 retinens
2906 5418 2918 5439 ,
2939 5378 3162 5447 jubchat
3195 5378 3395 5445 reliqua

1833 5474 2013 5527 omnia
2048 5490 2142 5541 per
2174 5490 2363 5529 manus
2386 5475 2723 5529 olferentium
2755 5472 2805 5525 in
2867 5485 3126 5541 pauperes
3159 5470 3394 5538 erogari,

1833 5583 2106 5635 tnmqnam
2150 5585 2255 5621 non
2320 5583 2528 5621 memor
2572 5568 2899 5620 monitorum
2952 5564 3092 5618 heati
3138 5564 3384 5616 Alldl‘c‘il‘.

1829 5661 2150 5725 Quideuim,
2175 5661 2465 5729 inquiebat,
2496 5660 2621 5713 mihi
2654 5658 2915 5728 profuerit
2942 5659 3169 5711 aliorum
3206 5656 3388 5719 spinas

1833 5762 2085 5814 litttrltlt‘t‘,
2149 5772 2208 5806 ac
2243 5753 2547 5807 divitiarum
2598 5751 2709 5805 fieri
2771 5750 3240 5819 tliSpt-nsatorcm‘!
3299 5745 3387 5799 Illa

1835 5862 2084 5915 uanique,
2135 5863 2364 5916 quorum
2414 5863 2543 5901 usus
2590 5845 2719 5900 mihi
2778 5843 2956 5898 nullus
3012 5852 3126 5905 est,
3182 5841 3386 5909 accipio
