  <div class='ocr_page' id='page_1' title='image "/cluster/home/n/w/nwhite01/storage/ocr_20150623/111/nnc1.0046979743/385.png"; bbox 0 0 4202 6434; ppageno 0'>
   <div class='ocr_carea' id='block_1_1' title="bbox 733 396 843 457">
    <p class='ocr_par' dir='ltr' id='par_1_1' title="bbox 733 396 843 457">
     <span class='ocr_line' id='line_1_1' title="bbox 733 396 843 457; baseline 0.018 -2"><span class='ocrx_word' id='word_1_1' title='bbox 733 396 843 457; x_wconf 78' lang='grc'><strong>759</strong></span> 
     </span>
    </p>
   </div>
   <div class='ocr_carea' id='block_1_2' title="bbox 1794 402 2878 465">
    <p class='ocr_par' dir='ltr' id='par_1_2' title="bbox 1794 402 2878 465">
     <span class='ocr_line' id='line_1_2' title="bbox 1794 402 2878 465; baseline 0.006 -7"><span class='ocrx_word' id='word_1_2' title='bbox 1794 402 2211 461; x_wconf 76' lang='lat' dir='ltr'><strong>NICEPHORI</strong></span> <span class='ocrx_word' id='word_1_3' title='bbox 2254 404 2728 464; x_wconf 78' lang='lat' dir='ltr'><strong>PRESBYTER!</strong></span> <span class='ocrx_word' id='word_1_4' title='bbox 2772 405 2878 465; x_wconf 73' lang='lat' dir='ltr'><strong>Cl’.</strong></span> 
     </span>
    </p>
   </div>
   <div class='ocr_carea' id='block_1_3' title="bbox 3886 407 3993 467">
    <p class='ocr_par' dir='ltr' id='par_1_3' title="bbox 3886 407 3993 467">
     <span class='ocr_line' id='line_1_3' title="bbox 3886 407 3993 467; baseline 0 0"><span class='ocrx_word' id='word_1_5' title='bbox 3886 407 3993 467; x_wconf 81' lang='grc'><strong>760</strong></span> 
     </span>
    </p>
   </div>
   <div class='ocr_carea' id='block_1_4' title="bbox 734 504 2325 589">
    <p class='ocr_par' dir='ltr' id='par_1_4' title="bbox 734 504 2323 584">
     <span class='ocr_line' id='line_1_4' title="bbox 734 504 2323 584; baseline 0.004 -23"><span class='ocrx_word' id='word_1_6' title='bbox 734 520 788 564; x_wconf 84' lang='lat' dir='ltr'><strong>ct</strong></span> <span class='ocrx_word' id='word_1_7' title='bbox 835 510 887 563; x_wconf 93' lang='lat' dir='ltr'><strong>in</strong></span> <span class='ocrx_word' id='word_1_8' title='bbox 946 521 1167 579; x_wconf 72' lang='lat' dir='ltr'><strong>egentes</strong></span> <span class='ocrx_word' id='word_1_9' title='bbox 1210 513 1500 581; x_wconf 61' lang='lat' dir='ltr'><strong>dispertior</strong></span> <span class='ocrx_word' id='word_1_10' title='bbox 1532 531 1544 566; x_wconf 89' lang='lat'><strong>:</strong></span> <span class='ocrx_word' id='word_1_11' title='bbox 1571 514 1662 567; x_wconf 86' lang='lat' dir='ltr'><strong>sed</strong></span> <span class='ocrx_word' id='word_1_12' title='bbox 1694 523 1745 567; x_wconf 90' lang='lat' dir='ltr'><strong>et</strong></span> <span class='ocrx_word' id='word_1_13' title='bbox 1781 512 1883 566; x_wconf 86' lang='lat' dir='ltr'><strong>hoe</strong></span> <span class='ocrx_word' id='word_1_14' title='bbox 1946 514 2133 567; x_wconf 89' lang='lat' dir='ltr'><strong>incidit</strong></span> <span class='ocrx_word' id='word_1_15' title='bbox 2168 504 2323 584; x_wconf 54' lang='lat' dir='ltr'><strong>cogi:</strong></span> 
     </span>
    </p>
   </div>
   <div class='ocr_carea' id='block_1_5' title="bbox 2449 504 3995 589">
    <p class='ocr_par' dir='ltr' id='par_1_5' title="bbox 2449 516 3995 589">
     <span class='ocr_line' id='line_1_5' title="bbox 2449 516 3995 589; baseline 0.002 -20"><span class='ocrx_word' id='word_1_16' title='bbox 2449 518 2518 569; x_wconf 75' lang='lat' dir='ltr'><strong>t1&quot;.</strong></span> <span class='ocrx_word' id='word_1_17' title='bbox 2563 518 2677 579; x_wconf 75' lang='grc' dir='ltr'><strong>τοῖς</strong></span> <span class='ocrx_word' id='word_1_18' title='bbox 2729 516 3103 587; x_wconf 69' lang='grc' dir='ltr'><strong>προσάγουσιν</strong></span> <span class='ocrx_word' id='word_1_19' title='bbox 3159 516 3400 587; x_wconf 78' lang='grc' dir='ltr'><strong>ἔπρεπεν</strong></span> <span class='ocrx_word' id='word_1_20' title='bbox 3464 519 3762 589; x_wconf 79' lang='grc' dir='ltr'><strong>ὶδιοχείρως</strong></span> <span class='ocrx_word' id='word_1_21' title='bbox 3818 520 3995 572; x_wconf 80' lang='grc' dir='ltr'><strong>ταῦτα</strong></span> 
     </span>
    </p>
   </div>
   <div class='ocr_carea' id='block_1_6' title="bbox 740 604 2315 673">
    <p class='ocr_par' dir='ltr' id='par_1_6' title="bbox 740 604 2315 673">
     <span class='ocr_line' id='line_1_6' title="bbox 740 604 2315 673; baseline 0.005 -21"><span class='ocrx_word' id='word_1_22' title='bbox 740 614 876 666; x_wconf 86' lang='lat' dir='ltr'><strong>lare,</strong></span> <span class='ocrx_word' id='word_1_23' title='bbox 938 604 1110 667; x_wconf 87' lang='lat' dir='ltr'><strong>mihi,</strong></span> <span class='ocrx_word' id='word_1_24' title='bbox 1173 614 1356 672; x_wconf 86' lang='lat' dir='ltr'><strong>utpote</strong></span> <span class='ocrx_word' id='word_1_25' title='bbox 1401 605 1765 669; x_wconf 78' lang='lat' dir='ltr'><strong>distributori,</strong></span> <span class='ocrx_word' id='word_1_26' title='bbox 1814 610 2160 673; x_wconf 82' lang='lat' dir='ltr'><strong>mercedem,</strong></span> <span class='ocrx_word' id='word_1_27' title='bbox 2210 623 2315 662; x_wconf 90' lang='lat' dir='ltr'><strong>non</strong></span> 
     </span>
    </p>
   </div>
   <div class='ocr_carea' id='block_1_7' title="bbox 740 696 2314 754">
    <p class='ocr_par' dir='ltr' id='par_1_7' title="bbox 740 696 2314 754">
     <span class='ocr_line' id='line_1_7' title="bbox 740 696 2314 754; baseline 0.006 -9"><span class='ocrx_word' id='word_1_28' title='bbox 740 705 918 749; x_wconf 87' lang='lat' dir='ltr'><strong>autem</strong></span> <span class='ocrx_word' id='word_1_29' title='bbox 977 698 1097 749; x_wconf 86' lang='lat' dir='ltr'><strong>aliis</strong></span> <span class='ocrx_word' id='word_1_30' title='bbox 1150 696 1525 752; x_wconf 88' lang='lat' dir='ltr'><strong>distribuenda</strong></span> <span class='ocrx_word' id='word_1_31' title='bbox 1590 697 1995 753; x_wconf 82' lang='lat' dir='ltr'><strong>conferentibus</strong></span> <span class='ocrx_word' id='word_1_32' title='bbox 2048 714 2314 754; x_wconf 82' lang='lat' dir='ltr'><strong>manere:</strong></span> 
     </span>
    </p>
   </div>
   <div class='ocr_carea' id='block_1_8' title="bbox 744 788 2317 862">
    <p class='ocr_par' dir='ltr' id='par_1_8' title="bbox 744 788 2317 862">
     <span class='ocr_line' id='line_1_8' title="bbox 744 788 2317 862; baseline 0.003 -21"><span class='ocrx_word' id='word_1_33' title='bbox 744 788 888 841; x_wconf 89' lang='lat' dir='ltr'><strong>unde</strong></span> <span class='ocrx_word' id='word_1_34' title='bbox 911 800 961 842; x_wconf 91' lang='lat' dir='ltr'><strong>et</strong></span> <span class='ocrx_word' id='word_1_35' title='bbox 995 789 1300 843; x_wconf 75' lang='lat' dir='ltr'><strong>consultius</strong></span> <span class='ocrx_word' id='word_1_36' title='bbox 1328 790 1488 846; x_wconf 78' lang='lat' dir='ltr'><strong>fuerit</strong></span> <span class='ocrx_word' id='word_1_37' title='bbox 1508 791 1607 844; x_wconf 88' lang='lat' dir='ltr'><strong>hos</strong></span> <span class='ocrx_word' id='word_1_38' title='bbox 1637 792 1783 862; x_wconf 90' lang='lat' dir='ltr'><strong>ipsos</strong></span> <span class='ocrx_word' id='word_1_39' title='bbox 1811 808 1908 847; x_wconf 88' lang='lat' dir='ltr'><strong>sua</strong></span> <span class='ocrx_word' id='word_1_40' title='bbox 1929 793 2043 847; x_wconf 88' lang='lat' dir='ltr'><strong>suis</strong></span> <span class='ocrx_word' id='word_1_41' title='bbox 2066 794 2317 846; x_wconf 90' lang='lat' dir='ltr'><strong>manibus</strong></span> 
     </span>
    </p>
   </div>
   <div class='ocr_carea' id='block_1_9' title="bbox 744 881 2318 952">
    <p class='ocr_par' dir='ltr' id='par_1_9' title="bbox 744 881 2318 952">
     <span class='ocr_line' id='line_1_9' title="bbox 744 881 2318 952; baseline 0.002 -18"><span class='ocrx_word' id='word_1_42' title='bbox 744 895 991 949; x_wconf 87' lang='lat' dir='ltr'><strong>erogare.</strong></span> <span class='ocrx_word' id='word_1_43' title='bbox 1052 881 1125 935; x_wconf 91' lang='lat' dir='ltr'><strong>Ita</strong></span> <span class='ocrx_word' id='word_1_44' title='bbox 1187 893 1331 935; x_wconf 89' lang='lat' dir='ltr'><strong>recte</strong></span> <span class='ocrx_word' id='word_1_45' title='bbox 1396 897 1458 936; x_wconf 89' lang='lat' dir='ltr'><strong>ac</strong></span> <span class='ocrx_word' id='word_1_46' title='bbox 1506 885 1611 951; x_wconf 76' lang='lat' dir='ltr'><strong>pie,</strong></span> <span class='ocrx_word' id='word_1_47' title='bbox 1650 899 1746 938; x_wconf 90' lang='lat' dir='ltr'><strong>nec</strong></span> <span class='ocrx_word' id='word_1_48' title='bbox 1796 899 1954 939; x_wconf 81' lang='lat' dir='ltr'><strong>secus</strong></span> <span class='ocrx_word' id='word_1_49' title='bbox 1984 900 2146 952; x_wconf 88' lang='lat' dir='ltr'><strong>quam</strong></span> <span class='ocrx_word' id='word_1_50' title='bbox 2192 885 2318 937; x_wconf 90' lang='lat' dir='ltr'><strong>reli-</strong></span> 
     </span>
    </p>
   </div>
   <div class='ocr_carea' id='block_1_10' title="bbox 738 972 2316 1044">
    <p class='ocr_par' dir='ltr' id='par_1_10' title="bbox 738 972 2316 1044">
     <span class='ocr_line' id='line_1_10' title="bbox 738 972 2316 1044; baseline 0.005 -20"><span class='ocrx_word' id='word_1_51' title='bbox 738 972 949 1040; x_wconf 80' lang='lat' dir='ltr'><strong>giosum</strong></span> <span class='ocrx_word' id='word_1_52' title='bbox 1006 973 1161 1026; x_wconf 89' lang='lat' dir='ltr'><strong>decet</strong></span> <span class='ocrx_word' id='word_1_53' title='bbox 1204 974 1425 1036; x_wconf 89' lang='lat' dir='ltr'><strong>viventi,</strong></span> <span class='ocrx_word' id='word_1_54' title='bbox 1486 977 1637 1029; x_wconf 89' lang='lat' dir='ltr'><strong>adest</strong></span> <span class='ocrx_word' id='word_1_55' title='bbox 1682 991 1777 1044; x_wconf 90' lang='lat' dir='ltr'><strong>per</strong></span> <span class='ocrx_word' id='word_1_56' title='bbox 1823 978 2059 1042; x_wconf 81' lang='lat' dir='ltr'><strong>quietem</strong></span> <span class='ocrx_word' id='word_1_57' title='bbox 2123 979 2316 1032; x_wconf 70' lang='lat' dir='ltr'><strong>visiliili</strong></span> 
     </span>
    </p>
   </div>
   <div class='ocr_carea' id='block_1_11' title="bbox 739 1064 2320 1134">
    <p class='ocr_par' dir='ltr' id='par_1_11' title="bbox 739 1064 2320 1134">
     <span class='ocr_line' id='line_1_11' title="bbox 739 1064 2320 1134; baseline 0.006 -17"><span class='ocrx_word' id='word_1_58' title='bbox 739 1064 1047 1134; x_wconf 82' lang='lat' dir='ltr'><strong>iidentique</strong></span> <span class='ocrx_word' id='word_1_59' title='bbox 1090 1066 1269 1134; x_wconf 86' lang='lat' dir='ltr'><strong>specie</strong></span> <span class='ocrx_word' id='word_1_60' title='bbox 1328 1066 1564 1123; x_wconf 82' lang='lat' dir='ltr'><strong>famulus</strong></span> <span class='ocrx_word' id='word_1_61' title='bbox 1624 1068 1715 1122; x_wconf 84' lang='lat' dir='ltr'><strong>Dei</strong></span> <span class='ocrx_word' id='word_1_62' title='bbox 1758 1069 2037 1131; x_wconf 82' lang='lat' dir='ltr'><strong>Andreas,</strong></span> <span class='ocrx_word' id='word_1_63' title='bbox 2075 1072 2320 1126; x_wconf 89' lang='lat' dir='ltr'><strong>indicans</strong></span> 
     </span>
    </p>
   </div>
   <div class='ocr_carea' id='block_1_12' title="bbox 742 1156 2317 1229">
    <p class='ocr_par' dir='ltr' id='par_1_12' title="bbox 742 1156 2317 1229">
     <span class='ocr_line' id='line_1_12' title="bbox 742 1156 2317 1229; baseline 0.004 -21"><span class='ocrx_word' id='word_1_64' title='bbox 742 1156 976 1222; x_wconf 84' lang='lat' dir='ltr'><strong>quodam</strong></span> <span class='ocrx_word' id='word_1_65' title='bbox 1007 1156 1057 1209; x_wconf 90' lang='lat' dir='ltr'><strong>in</strong></span> <span class='ocrx_word' id='word_1_66' title='bbox 1081 1172 1274 1226; x_wconf 90' lang='lat' dir='ltr'><strong>campo</strong></span> <span class='ocrx_word' id='word_1_67' title='bbox 1305 1160 1552 1212; x_wconf 79' lang='lat' dir='ltr'><strong>arborem</strong></span> <span class='ocrx_word' id='word_1_68' title='bbox 1609 1160 2012 1229; x_wconf 88' lang='lat' dir='ltr'><strong>perpulehram,</strong></span> <span class='ocrx_word' id='word_1_69' title='bbox 2051 1161 2317 1225; x_wconf 81' lang='lat' dir='ltr'><strong>ﬂoridam,</strong></span> 
     </span>
    </p>
   </div>
   <div class='ocr_carea' id='block_1_13' title="bbox 739 1240 2321 1319">
    <p class='ocr_par' dir='ltr' id='par_1_13' title="bbox 739 1240 2321 1319">
     <span class='ocr_line' id='line_1_13' title="bbox 739 1240 2321 1319; baseline 0.005 -19"><span class='ocrx_word' id='word_1_70' title='bbox 739 1248 1005 1301; x_wconf 77' lang='lat' dir='ltr'><strong>fructibus</strong></span> <span class='ocrx_word' id='word_1_71' title='bbox 1048 1260 1300 1304; x_wconf 86' lang='lat' dir='ltr'><strong>onustam</strong></span> <span class='ocrx_word' id='word_1_72' title='bbox 1364 1240 1754 1319; x_wconf 74' lang='lat' dir='ltr'><strong>sapidissimis,</strong></span> <span class='ocrx_word' id='word_1_73' title='bbox 1806 1262 1860 1307; x_wconf 90' lang='lat' dir='ltr'><strong>et</strong></span> <span class='ocrx_word' id='word_1_74' title='bbox 1913 1253 2089 1307; x_wconf 89' lang='lat' dir='ltr'><strong>dicit:</strong></span> <span class='ocrx_word' id='word_1_75' title='bbox 2126 1252 2321 1308; x_wconf 82' lang='lat' dir='ltr'><strong>Multas</strong></span> 
     </span>
    </p>
   </div>
   <div class='ocr_carea' id='block_1_14' title="bbox 744 1339 2318 1413">
    <p class='ocr_par' dir='ltr' id='par_1_14' title="bbox 744 1339 2318 1413">
     <span class='ocr_line' id='line_1_14' title="bbox 744 1339 2318 1413; baseline 0.004 -21"><span class='ocrx_word' id='word_1_76' title='bbox 744 1340 1022 1409; x_wconf 73' lang='lat' dir='ltr'><strong>equidem,</strong></span> <span class='ocrx_word' id='word_1_77' title='bbox 1086 1357 1275 1410; x_wconf 89' lang='lat' dir='ltr'><strong>magne</strong></span> <span class='ocrx_word' id='word_1_78' title='bbox 1326 1339 1505 1404; x_wconf 87' lang='lat' dir='ltr'><strong>Pater,</strong></span> <span class='ocrx_word' id='word_1_79' title='bbox 1560 1345 1762 1410; x_wconf 80' lang='lat' dir='ltr'><strong>gratias</strong></span> <span class='ocrx_word' id='word_1_80' title='bbox 1810 1342 1941 1395; x_wconf 89' lang='lat' dir='ltr'><strong>mihi</strong></span> <span class='ocrx_word' id='word_1_81' title='bbox 1970 1342 2153 1403; x_wconf 89' lang='lat' dir='ltr'><strong>debes.</strong></span> <span class='ocrx_word' id='word_1_82' title='bbox 2177 1346 2318 1413; x_wconf 92' lang='lat' dir='ltr'><strong>quod</strong></span> 
     </span>
    </p>
   </div>
   <div class='ocr_carea' id='block_1_15' title="bbox 742 1433 2322 1504">
    <p class='ocr_par' dir='ltr' id='par_1_15' title="bbox 742 1433 2322 1504">
     <span class='ocr_line' id='line_1_15' title="bbox 742 1433 2322 1504; baseline 0.004 -21"><span class='ocrx_word' id='word_1_83' title='bbox 742 1434 980 1486; x_wconf 87' lang='lat' dir='ltr'><strong>animam</strong></span> <span class='ocrx_word' id='word_1_84' title='bbox 1043 1441 1190 1487; x_wconf 89' lang='lat' dir='ltr'><strong>tuam</strong></span> <span class='ocrx_word' id='word_1_85' title='bbox 1240 1434 1490 1487; x_wconf 76' lang='lat' dir='ltr'><strong>arborem</strong></span> <span class='ocrx_word' id='word_1_86' title='bbox 1524 1433 1823 1504; x_wconf 85' lang='lat' dir='ltr'><strong>llorigeram</strong></span> <span class='ocrx_word' id='word_1_87' title='bbox 1875 1434 2065 1500; x_wconf 75' lang='lat' dir='ltr'><strong>eli&#39;eei;</strong></span> <span class='ocrx_word' id='word_1_88' title='bbox 2114 1435 2197 1488; x_wconf 78' lang='lat' dir='ltr'><strong>fac</strong></span> <span class='ocrx_word' id='word_1_89' title='bbox 2226 1437 2322 1504; x_wconf 79' lang='lat' dir='ltr'><strong>igi-</strong></span> 
     </span>
    </p>
   </div>
   <div class='ocr_carea' id='block_1_16' title="bbox 751 1526 2324 1595">
    <p class='ocr_par' dir='ltr' id='par_1_16' title="bbox 751 1526 2324 1595">
     <span class='ocr_line' id='line_1_16' title="bbox 751 1526 2324 1595; baseline 0.003 -18"><span class='ocrx_word' id='word_1_90' title='bbox 751 1534 839 1577; x_wconf 89' lang='lat' dir='ltr'><strong>tur</strong></span> <span class='ocrx_word' id='word_1_91' title='bbox 888 1540 986 1594; x_wconf 92' lang='lat' dir='ltr'><strong>pro</strong></span> <span class='ocrx_word' id='word_1_92' title='bbox 1029 1526 1233 1579; x_wconf 83' lang='lat' dir='ltr'><strong>viribus</strong></span> <span class='ocrx_word' id='word_1_93' title='bbox 1262 1540 1479 1595; x_wconf 75' lang='lat' dir='ltr'><strong>operam</strong></span> <span class='ocrx_word' id='word_1_94' title='bbox 1532 1527 1647 1590; x_wconf 82' lang='lat' dir='ltr'><strong>des,</strong></span> <span class='ocrx_word' id='word_1_95' title='bbox 1684 1528 1807 1580; x_wconf 90' lang='lat' dir='ltr'><strong>utbi</strong></span> <span class='ocrx_word' id='word_1_96' title='bbox 1837 1526 1999 1581; x_wconf 74' lang='lat' dir='ltr'><strong>ﬂores</strong></span> <span class='ocrx_word' id='word_1_97' title='bbox 2029 1529 2082 1580; x_wconf 90' lang='lat' dir='ltr'><strong>in</strong></span> <span class='ocrx_word' id='word_1_98' title='bbox 2116 1529 2324 1582; x_wconf 78' lang='lat' dir='ltr'><strong>suavis-</strong></span> 
     </span>
    </p>
   </div>
   <div class='ocr_carea' id='block_1_17' title="bbox 745 1616 2321 1687">
    <p class='ocr_par' dir='ltr' id='par_1_17' title="bbox 745 1616 2321 1687">
     <span class='ocr_line' id='line_1_17' title="bbox 745 1616 2321 1687; baseline 0.004 -20"><span class='ocrx_word' id='word_1_99' title='bbox 745 1616 914 1668; x_wconf 67' lang='lat' dir='ltr'><strong>simos</strong></span> <span class='ocrx_word' id='word_1_100' title='bbox 965 1616 1195 1679; x_wconf 82' lang='lat' dir='ltr'><strong>fruetus,</strong></span> <span class='ocrx_word' id='word_1_101' title='bbox 1255 1618 1398 1687; x_wconf 90' lang='lat' dir='ltr'><strong>quod</strong></span> <span class='ocrx_word' id='word_1_102' title='bbox 1462 1626 1650 1686; x_wconf 88' lang='lat' dir='ltr'><strong>potes.</strong></span> <span class='ocrx_word' id='word_1_103' title='bbox 1736 1629 2142 1673; x_wconf 86' lang='lat' dir='ltr'><strong>convertantur.</strong></span> <span class='ocrx_word' id='word_1_104' title='bbox 2201 1619 2321 1673; x_wconf 68' lang='lat' dir='ltr'><strong>llaec</strong></span> 
     </span>
    </p>
   </div>
   <div class='ocr_carea' id='block_1_18' title="bbox 743 1706 2324 1777">
    <p class='ocr_par' dir='ltr' id='par_1_18' title="bbox 743 1706 2324 1777">
     <span class='ocr_line' id='line_1_18' title="bbox 743 1706 2324 1777; baseline 0.003 -18"><span class='ocrx_word' id='word_1_105' title='bbox 743 1706 913 1767; x_wconf 88' lang='lat' dir='ltr'><strong>enim,</strong></span> <span class='ocrx_word' id='word_1_106' title='bbox 976 1724 1284 1776; x_wconf 85' lang='lat' dir='ltr'><strong>quamcum</strong></span> <span class='ocrx_word' id='word_1_107' title='bbox 1343 1709 1615 1777; x_wconf 85' lang='lat' dir='ltr'><strong>voluptate</strong></span> <span class='ocrx_word' id='word_1_108' title='bbox 1644 1719 1857 1777; x_wconf 87' lang='lat' dir='ltr'><strong>spectas</strong></span> <span class='ocrx_word' id='word_1_109' title='bbox 1911 1712 2089 1769; x_wconf 82' lang='lat' dir='ltr'><strong>arbor.</strong></span> <span class='ocrx_word' id='word_1_110' title='bbox 2131 1712 2324 1765; x_wconf 78' lang='lat' dir='ltr'><strong>anima:</strong></span> 
     </span>
    </p>
   </div>
   <div class='ocr_carea' id='block_1_19' title="bbox 744 1800 2319 1871">
    <p class='ocr_par' dir='ltr' id='par_1_19' title="bbox 744 1800 2319 1871">
     <span class='ocr_line' id='line_1_19' title="bbox 744 1800 2319 1871; baseline 0.003 -22"><span class='ocrx_word' id='word_1_111' title='bbox 744 1806 851 1851; x_wconf 73' lang='lat' dir='ltr'><strong>tua:</strong></span> <span class='ocrx_word' id='word_1_112' title='bbox 903 1807 1143 1863; x_wconf 79' lang='lat' dir='ltr'><strong>statum,</strong></span> <span class='ocrx_word' id='word_1_113' title='bbox 1193 1801 1261 1853; x_wconf 91' lang='lat' dir='ltr'><strong>ab</strong></span> <span class='ocrx_word' id='word_1_114' title='bbox 1318 1800 1410 1855; x_wconf 93' lang='lat' dir='ltr'><strong>illo</strong></span> <span class='ocrx_word' id='word_1_115' title='bbox 1467 1812 1731 1871; x_wconf 86' lang='lat' dir='ltr'><strong>tempore,</strong></span> <span class='ocrx_word' id='word_1_116' title='bbox 1795 1816 1904 1871; x_wconf 85' lang='lat' dir='ltr'><strong>quo</strong></span> <span class='ocrx_word' id='word_1_117' title='bbox 1949 1816 2035 1854; x_wconf 91' lang='lat' dir='ltr'><strong>me</strong></span> <span class='ocrx_word' id='word_1_118' title='bbox 2088 1802 2319 1871; x_wconf 90' lang='lat' dir='ltr'><strong>primum</strong></span> 
     </span>
    </p>
   </div>
   <div class='ocr_carea' id='block_1_20' title="bbox 2421 608 3996 680">
    <p class='ocr_par' dir='ltr' id='par_1_20' title="bbox 2421 608 3996 680">
     <span class='ocr_line' id='line_1_20' title="bbox 2421 608 3996 680; baseline 0 -19"><span class='ocrx_word' id='word_1_119' title='bbox 2421 608 2624 678; x_wconf 86' lang='grc' dir='ltr'><strong>νέμειν.</strong></span> <span class='ocrx_word' id='word_1_120' title='bbox 2684 609 2844 660; x_wconf 75' lang='grc' dir='ltr'><strong>Οὕτω</strong></span> <span class='ocrx_word' id='word_1_121' title='bbox 2892 610 3067 671; x_wconf 85' lang='grc' dir='ltr'><strong>καλῶς</strong></span> <span class='ocrx_word' id='word_1_122' title='bbox 3122 610 3215 662; x_wconf 77' lang='grc' dir='ltr'><strong>καὶ</strong></span> <span class='ocrx_word' id='word_1_123' title='bbox 3268 609 3533 674; x_wconf 74' lang='grc' dir='ltr'><strong>εὐσεϐῶς,</strong></span> <span class='ocrx_word' id='word_1_124' title='bbox 3596 610 3730 664; x_wconf 80' lang='grc' dir='ltr'><strong>καθὸ</strong></span> <span class='ocrx_word' id='word_1_125' title='bbox 3779 612 3996 680; x_wconf 70' lang='grc' dir='ltr'><strong>πρέπον</strong></span> 
     </span>
    </p>
   </div>
   <div class='ocr_carea' id='block_1_21' title="bbox 2424 698 3997 769">
    <p class='ocr_par' dir='ltr' id='par_1_21' title="bbox 2424 698 3997 769">
     <span class='ocr_line' id='line_1_21' title="bbox 2424 698 3997 769; baseline 0 -17"><span class='ocrx_word' id='word_1_126' title='bbox 2424 701 2681 769; x_wconf 79' lang='grc' dir='ltr'><strong>μοναχοῖς</strong></span> <span class='ocrx_word' id='word_1_127' title='bbox 2731 698 3136 763; x_wconf 74' lang='grc' dir='ltr'><strong>πολιτεύεσθαι,</strong></span> <span class='ocrx_word' id='word_1_128' title='bbox 3180 698 3604 769; x_wconf 63' lang='grc' dir='ltr'><strong>πολιτευομένου</strong></span> <span class='ocrx_word' id='word_1_129' title='bbox 3640 699 3828 763; x_wconf 79' lang='grc' dir='ltr'><strong>αὐτοῦ,</strong></span> <span class='ocrx_word' id='word_1_130' title='bbox 3868 702 3997 768; x_wconf 75' lang='grc' dir='ltr'><strong>φαί-</strong></span> 
     </span>
    </p>
   </div>
   <div class='ocr_carea' id='block_1_22' title="bbox 2424 790 3999 863">
    <p class='ocr_par' dir='ltr' id='par_1_22' title="bbox 2424 790 3999 863">
     <span class='ocr_line' id='line_1_22' title="bbox 2424 790 3999 863; baseline 0 -20"><span class='ocrx_word' id='word_1_131' title='bbox 2424 809 2572 845; x_wconf 82' lang='grc' dir='ltr'><strong>νεται</strong></span> <span class='ocrx_word' id='word_1_132' title='bbox 2596 790 2748 861; x_wconf 79' lang='grc' dir='ltr'><strong>αὑτῴ</strong></span> <span class='ocrx_word' id='word_1_133' title='bbox 2780 791 2904 844; x_wconf 80' lang='grc' dir='ltr'><strong>καθ’</strong></span> <span class='ocrx_word' id='word_1_134' title='bbox 2934 791 3136 854; x_wconf 73' lang='grc' dir='ltr'><strong>ὕπνους</strong></span> <span class='ocrx_word' id='word_1_135' title='bbox 3168 792 3196 844; x_wconf 83' lang='grc' dir='ltr'>ὀ</span> <span class='ocrx_word' id='word_1_136' title='bbox 3226 792 3413 854; x_wconf 80' lang='grc' dir='ltr'><strong>δοῦλος</strong></span> <span class='ocrx_word' id='word_1_137' title='bbox 3439 792 3531 845; x_wconf 76' lang='grc' dir='ltr'><strong>τοῦ</strong></span> <span class='ocrx_word' id='word_1_138' title='bbox 3564 792 3724 855; x_wconf 79' lang='grc' dir='ltr'><strong>Θεοῦ,</strong></span> <span class='ocrx_word' id='word_1_139' title='bbox 3774 793 3999 863; x_wconf 81' lang='grc' dir='ltr'><strong>μειδιῶν</strong></span> 
     </span>
    </p>
   </div>
   <div class='ocr_carea' id='block_1_23' title="bbox 2424 880 4000 953">
    <p class='ocr_par' dir='ltr' id='par_1_23' title="bbox 2424 880 4000 953">
     <span class='ocr_line' id='line_1_23' title="bbox 2424 880 4000 953; baseline 0.001 -19"><span class='ocrx_word' id='word_1_140' title='bbox 2424 880 2502 951; x_wconf 80' lang='grc' dir='ltr'><strong>τῷ</strong></span> <span class='ocrx_word' id='word_1_141' title='bbox 2528 881 2824 953; x_wconf 81' lang='grc' dir='ltr'><strong>προσώπῳ,</strong></span> <span class='ocrx_word' id='word_1_142' title='bbox 2863 883 2959 935; x_wconf 71' lang='grc' dir='ltr'><strong>καὶ</strong></span> <span class='ocrx_word' id='word_1_143' title='bbox 3010 882 3282 935; x_wconf 76' lang='grc' dir='ltr'><strong>δείκνυσιν</strong></span> <span class='ocrx_word' id='word_1_144' title='bbox 3326 883 3475 953; x_wconf 80' lang='grc' dir='ltr'><strong>αὐτῷ</strong></span> <span class='ocrx_word' id='word_1_145' title='bbox 3515 882 3731 950; x_wconf 76' lang='grc' dir='ltr'>δένδρον</span> <span class='ocrx_word' id='word_1_146' title='bbox 3770 883 4000 952; x_wconf 71' lang='grc' dir='ltr'><strong>φαιδρὸν</strong></span> 
     </span>
    </p>
   </div>
   <div class='ocr_carea' id='block_1_24' title="bbox 2420 972 4001 1045">
    <p class='ocr_par' dir='ltr' id='par_1_24' title="bbox 2420 972 4001 1045">
     <span class='ocr_line' id='line_1_24' title="bbox 2420 972 4001 1045; baseline 0.001 -20"><span class='ocrx_word' id='word_1_147' title='bbox 2420 975 2479 1025; x_wconf 78' lang='grc' dir='ltr'><strong>ὲν</strong></span> <span class='ocrx_word' id='word_1_148' title='bbox 2542 972 2755 1026; x_wconf 75' lang='grc' dir='ltr'><strong>πεδιάδι</strong></span> <span class='ocrx_word' id='word_1_149' title='bbox 2812 974 2920 1025; x_wconf 73' lang='grc' dir='ltr'><strong>τινὶ</strong></span> <span class='ocrx_word' id='word_1_150' title='bbox 2968 972 3307 1043; x_wconf 70' lang='grc' dir='ltr'><strong>ἀνθοφόρον,</strong></span> <span class='ocrx_word' id='word_1_151' title='bbox 3377 974 3584 1045; x_wconf 78' lang='grc' dir='ltr'><strong>πλῆρες</strong></span> <span class='ocrx_word' id='word_1_152' title='bbox 3640 975 4001 1042; x_wconf 74' lang='grc' dir='ltr'><strong>γλυκυτάτων</strong></span> 
     </span>
    </p>
   </div>
   <div class='ocr_carea' id='block_1_25' title="bbox 2423 1066 4003 1147">
    <p class='ocr_par' dir='ltr' id='par_1_25' title="bbox 2423 1066 4003 1147">
     <span class='ocr_line' id='line_1_25' title="bbox 2423 1066 4003 1147; baseline -0.001 -27"><span class='ocrx_word' id='word_1_153' title='bbox 2423 1067 2671 1147; x_wconf 75' lang='grc' dir='ltr'><strong>καρπῶν</strong></span> <span class='ocrx_word' id='word_1_154' title='bbox 2704 1066 2798 1120; x_wconf 72' lang='grc' dir='ltr'><strong>καὶ</strong></span> <span class='ocrx_word' id='word_1_155' title='bbox 2857 1066 2960 1137; x_wconf 76' lang='grc' dir='ltr'><strong>ἔφη</strong></span> <span class='ocrx_word' id='word_1_156' title='bbox 2989 1084 3002 1097; x_wconf 91' lang='grc'><strong>·</strong></span> <span class='ocrx_word' id='word_1_157' title='bbox 3037 1068 3250 1130; x_wconf 77' lang='grc' dir='ltr'><strong>Πολλάς</strong></span> <span class='ocrx_word' id='word_1_158' title='bbox 3296 1084 3386 1135; x_wconf 88' lang='grc' dir='ltr'><strong>μοι</strong></span> <span class='ocrx_word' id='word_1_159' title='bbox 3440 1069 3672 1138; x_wconf 83' lang='grc' dir='ltr'><strong>χάριτας</strong></span> <span class='ocrx_word' id='word_1_160' title='bbox 3718 1068 4003 1147; x_wconf 66' lang='grc' dir='ltr'><strong>ὀφείλεις,</strong></span> 
     </span>
    </p>
   </div>
   <div class='ocr_carea' id='block_1_26' title="bbox 2423 1145 4003 1230">
    <p class='ocr_par' dir='ltr' id='par_1_26' title="bbox 2423 1145 4003 1230">
     <span class='ocr_line' id='line_1_26' title="bbox 2423 1145 4003 1230; baseline -0.002 -18"><span class='ocrx_word' id='word_1_161' title='bbox 2423 1160 2569 1228; x_wconf 78' lang='grc' dir='ltr'><strong>Κύρι</strong></span> <span class='ocrx_word' id='word_1_162' title='bbox 2608 1160 2634 1211; x_wconf 82' lang='grc' dir='ltr'><strong>ὁ</strong></span> <span class='ocrx_word' id='word_1_163' title='bbox 2662 1145 2860 1228; x_wconf 78' lang='grc' dir='ltr'><strong>μέγας,</strong></span> <span class='ocrx_word' id='word_1_164' title='bbox 2889 1161 2972 1212; x_wconf 81' lang='grc' dir='ltr'><strong>ὅτι</strong></span> <span class='ocrx_word' id='word_1_165' title='bbox 3010 1160 3291 1230; x_wconf 75' lang='grc' dir='ltr'><strong>πεποίηκα</strong></span> <span class='ocrx_word' id='word_1_166' title='bbox 3330 1160 3431 1228; x_wconf 80' lang='grc' dir='ltr'><strong>τὴν</strong></span> <span class='ocrx_word' id='word_1_167' title='bbox 3463 1160 3645 1230; x_wconf 75' lang='grc' dir='ltr'><strong>ψυχήν</strong></span> <span class='ocrx_word' id='word_1_168' title='bbox 3707 1175 3802 1211; x_wconf 88' lang='grc' dir='ltr'><strong>σου</strong></span> <span class='ocrx_word' id='word_1_169' title='bbox 3839 1145 4003 1213; x_wconf 61' lang='grc' dir='ltr'><strong>ἀνθεέ</strong></span> 
     </span>
    </p>
   </div>
   <div class='ocr_carea' id='block_1_27' title="bbox 2423 1251 4004 1320">
    <p class='ocr_par' dir='ltr' id='par_1_27' title="bbox 2423 1251 4004 1320">
     <span class='ocr_line' id='line_1_27' title="bbox 2423 1251 4004 1320; baseline -0.001 -17"><span class='ocrx_word' id='word_1_170' title='bbox 2423 1252 2592 1320; x_wconf 75' lang='grc' dir='ltr'><strong>φόρον</strong></span> <span class='ocrx_word' id='word_1_171' title='bbox 2646 1252 2849 1319; x_wconf 79' lang='grc' dir='ltr'><strong>φυτόν·</strong></span> <span class='ocrx_word' id='word_1_172' title='bbox 2910 1252 3214 1303; x_wconf 76' lang='grc' dir='ltr'><strong>σπούδασον</strong></span> <span class='ocrx_word' id='word_1_173' title='bbox 3273 1252 3366 1304; x_wconf 80' lang='grc' dir='ltr'>οὖν</span> <span class='ocrx_word' id='word_1_174' title='bbox 3421 1253 3489 1303; x_wconf 86' lang='grc' dir='ltr'><strong>τὰ</strong></span> <span class='ocrx_word' id='word_1_175' title='bbox 3540 1251 3677 1319; x_wconf 79' lang='grc' dir='ltr'><strong>ἄνθη</strong></span> <span class='ocrx_word' id='word_1_176' title='bbox 3719 1251 3897 1304; x_wconf 82' lang='grc' dir='ltr'><strong>ταῦτα</strong></span> <span class='ocrx_word' id='word_1_177' title='bbox 3922 1253 4004 1312; x_wconf 72' lang='grc' dir='ltr'><strong>εἰς</strong></span> 
     </span>
    </p>
   </div>
   <div class='ocr_carea' id='block_1_28' title="bbox 2423 1343 4006 1415">
    <p class='ocr_par' dir='ltr' id='par_1_28' title="bbox 2423 1343 4006 1415">
     <span class='ocr_line' id='line_1_28' title="bbox 2423 1343 4006 1415; baseline -0.003 -18"><span class='ocrx_word' id='word_1_178' title='bbox 2423 1344 2633 1415; x_wconf 75' lang='grc' dir='ltr'><strong>καρπὸν</strong></span> <span class='ocrx_word' id='word_1_179' title='bbox 2691 1344 3028 1411; x_wconf 79' lang='grc' dir='ltr'><strong>γλυκύτατον</strong></span> <span class='ocrx_word' id='word_1_180' title='bbox 3079 1344 3503 1414; x_wconf 77' lang='grc' dir='ltr'><strong>μετατραπῆναι</strong></span> <span class='ocrx_word' id='word_1_181' title='bbox 3534 1344 3611 1407; x_wconf 84' lang='grc' dir='ltr'><strong>ὡς</strong></span> <span class='ocrx_word' id='word_1_182' title='bbox 3646 1344 3874 1397; x_wconf 71' lang='grc' dir='ltr'><strong>δύνασαι</strong></span> <span class='ocrx_word' id='word_1_183' title='bbox 3902 1359 3917 1373; x_wconf 87' lang='grc'><strong>·</strong></span> <span class='ocrx_word' id='word_1_184' title='bbox 3942 1343 4006 1393; x_wconf 85' lang='grc' dir='ltr'><strong>τὺ</strong></span> 
     </span>
    </p>
   </div>
   <div class='ocr_carea' id='block_1_29' title="bbox 2424 1432 4006 1505">
    <p class='ocr_par' dir='ltr' id='par_1_29' title="bbox 2424 1432 4006 1505">
     <span class='ocr_line' id='line_1_29' title="bbox 2424 1432 4006 1505; baseline 0.001 -22"><span class='ocrx_word' id='word_1_185' title='bbox 2424 1435 2531 1503; x_wconf 63' lang='grc' dir='ltr'><strong>γὰρ</strong></span> <span class='ocrx_word' id='word_1_186' title='bbox 2563 1435 2749 1502; x_wconf 75' lang='grc' dir='ltr'><strong>φυτὸν,</strong></span> <span class='ocrx_word' id='word_1_187' title='bbox 2774 1434 2801 1485; x_wconf 80' lang='grc' dir='ltr'><strong>ὂ</strong></span> <span class='ocrx_word' id='word_1_188' title='bbox 2825 1435 2956 1500; x_wconf 78' lang='grc' dir='ltr'><strong>ὁρᾶς</strong></span> <span class='ocrx_word' id='word_1_189' title='bbox 2992 1436 3050 1486; x_wconf 84' lang='grc' dir='ltr'><strong>ἐν</strong></span> <span class='ocrx_word' id='word_1_190' title='bbox 3096 1435 3444 1504; x_wconf 81' lang='grc' dir='ltr'><strong>τερπνότητι,</strong></span> <span class='ocrx_word' id='word_1_191' title='bbox 3483 1436 3516 1505; x_wconf 75' lang='grc' dir='ltr'><strong>ἡ</strong></span> <span class='ocrx_word' id='word_1_192' title='bbox 3550 1432 3650 1504; x_wconf 81' lang='grc' dir='ltr'><strong>τῆς</strong></span> <span class='ocrx_word' id='word_1_193' title='bbox 3696 1433 3877 1503; x_wconf 76' lang='grc' dir='ltr'><strong>ψυχῆς</strong></span> <span class='ocrx_word' id='word_1_194' title='bbox 3908 1448 4006 1485; x_wconf 81' lang='grc' dir='ltr'><strong>σου</strong></span> 
     </span>
    </p>
   </div>
   <div class='ocr_carea' id='block_1_30' title="bbox 2429 1521 4010 1597">
    <p class='ocr_par' dir='ltr' id='par_1_30' title="bbox 2429 1521 4010 1597">
     <span class='ocr_line' id='line_1_30' title="bbox 2429 1521 4010 1597; baseline 0.003 -20"><span class='ocrx_word' id='word_1_195' title='bbox 2429 1526 2667 1595; x_wconf 81' lang='grc' dir='ltr'><strong>ὑπάρχει</strong></span> <span class='ocrx_word' id='word_1_196' title='bbox 2698 1525 3052 1589; x_wconf 78' lang='grc' dir='ltr'><strong>κατάστασις,</strong></span> <span class='ocrx_word' id='word_1_197' title='bbox 3072 1527 3164 1595; x_wconf 68' lang='grc' dir='ltr'><strong>ἀφ’</strong></span> <span class='ocrx_word' id='word_1_198' title='bbox 3195 1522 3260 1597; x_wconf 82' lang='grc' dir='ltr'><strong>ἧς</strong></span> <span class='ocrx_word' id='word_1_199' title='bbox 3292 1529 3503 1596; x_wconf 75' lang='grc' dir='ltr'><strong>ἡμέρας</strong></span> <span class='ocrx_word' id='word_1_200' title='bbox 3527 1521 3665 1590; x_wconf 76' lang='grc' dir='ltr'><strong>εἶδες</strong></span> <span class='ocrx_word' id='word_1_201' title='bbox 3696 1545 3784 1596; x_wconf 84' lang='grc' dir='ltr'><strong>με,</strong></span> <span class='ocrx_word' id='word_1_202' title='bbox 3820 1527 3916 1580; x_wconf 75' lang='grc' dir='ltr'><strong>καὶ</strong></span> <span class='ocrx_word' id='word_1_203' title='bbox 3942 1526 4010 1581; x_wconf 74' lang='grc' dir='ltr'><strong>τὸ</strong></span> 
     </span>
    </p>
   </div>
   <div class='ocr_carea' id='block_1_31' title="bbox 2426 1618 4009 1686">
    <p class='ocr_par' dir='ltr' id='par_1_31' title="bbox 2426 1618 4009 1686">
     <span class='ocr_line' id='line_1_31' title="bbox 2426 1618 4009 1686; baseline 0 -17"><span class='ocrx_word' id='word_1_204' title='bbox 2426 1618 2652 1686; x_wconf 74' lang='grc' dir='ltr'><strong>χρυσίον</strong></span> <span class='ocrx_word' id='word_1_205' title='bbox 2707 1618 3004 1686; x_wconf 78' lang='grc' dir='ltr'><strong>διένειμας.</strong></span> <span class='ocrx_word' id='word_1_206' title='bbox 3065 1620 3337 1684; x_wconf 71' lang='grc' dir='ltr'><strong>Ἐξυπνος</strong></span> <span class='ocrx_word' id='word_1_207' title='bbox 3399 1619 3455 1670; x_wconf 82' lang='grc' dir='ltr'><strong>δὲ</strong></span> <span class='ocrx_word' id='word_1_208' title='bbox 3510 1619 3849 1686; x_wconf 87' lang='grc' dir='ltr'><strong>γενόμενος,</strong></span> <span class='ocrx_word' id='word_1_209' title='bbox 3914 1620 4009 1670; x_wconf 71' lang='grc' dir='ltr'><strong>ἐπὶ</strong></span> 
     </span>
    </p>
   </div>
   <div class='ocr_carea' id='block_1_32' title="bbox 2426 1709 4009 1781">
    <p class='ocr_par' dir='ltr' id='par_1_32' title="bbox 2426 1709 4009 1781">
     <span class='ocr_line' id='line_1_32' title="bbox 2426 1709 4009 1781; baseline -0.001 -21"><span class='ocrx_word' id='word_1_210' title='bbox 2426 1709 2610 1761; x_wconf 83' lang='grc' dir='ltr'><strong>πλεῖον</strong></span> <span class='ocrx_word' id='word_1_211' title='bbox 2664 1710 2985 1780; x_wconf 80' lang='grc' dir='ltr'><strong>ἐστηρῐχοη,</strong></span> <span class='ocrx_word' id='word_1_212' title='bbox 3021 1712 3112 1762; x_wconf 76' lang='grc' dir='ltr'><strong>ἐπὶ</strong></span> <span class='ocrx_word' id='word_1_213' title='bbox 3161 1711 3256 1780; x_wconf 83' lang='grc' dir='ltr'><strong>τὴν</strong></span> <span class='ocrx_word' id='word_1_214' title='bbox 3307 1712 3689 1781; x_wconf 81' lang='grc' dir='ltr'><strong>πνευματικὴν</strong></span> <span class='ocrx_word' id='word_1_215' title='bbox 3739 1711 4009 1781; x_wconf 80' lang='grc' dir='ltr'><strong>ἐργασίαν</strong></span> 
     </span>
    </p>
   </div>
   <div class='ocr_carea' id='block_1_33' title="bbox 2426 1802 4012 1872">
    <p class='ocr_par' dir='ltr' id='par_1_33' title="bbox 2426 1802 4012 1872">
     <span class='ocr_line' id='line_1_33' title="bbox 2426 1802 4012 1872; baseline 0.001 -21"><span class='ocrx_word' id='word_1_216' title='bbox 2426 1803 2773 1868; x_wconf 76' lang='grc' dir='ltr'><strong>προκόπτων,</strong></span> <span class='ocrx_word' id='word_1_217' title='bbox 2807 1804 2899 1853; x_wconf 72' lang='grc' dir='ltr'><strong>καὶ</strong></span> <span class='ocrx_word' id='word_1_218' title='bbox 2927 1802 3026 1871; x_wconf 86' lang='grc' dir='ltr'><strong>τὴν</strong></span> <span class='ocrx_word' id='word_1_219' title='bbox 3055 1803 3409 1870; x_wconf 73' lang='grc' dir='ltr'>εὐχαριστίαν</span> <span class='ocrx_word' id='word_1_220' title='bbox 3444 1802 3791 1872; x_wconf 79' lang='grc' dir='ltr'><strong>καθεκάπην</strong></span> <span class='ocrx_word' id='word_1_221' title='bbox 3835 1817 4012 1871; x_wconf 82' lang='grc' dir='ltr'><strong>προσ-</strong></span> 
     </span>
    </p>
   </div>
   <div class='ocr_carea' id='block_1_34' title="bbox 751 1883 2325 1966">
    <p class='ocr_par' dir='ltr' id='par_1_34' title="bbox 751 1889 2322 1963">
     <span class='ocr_line' id='line_1_34' title="bbox 751 1889 2322 1963; baseline 0.004 -23"><span class='ocrx_word' id='word_1_222' title='bbox 751 1889 936 1944; x_wconf 89' lang='lat' dir='ltr'><strong>vidisti</strong></span> <span class='ocrx_word' id='word_1_223' title='bbox 979 1902 1032 1944; x_wconf 93' lang='lat' dir='ltr'><strong>ct</strong></span> <span class='ocrx_word' id='word_1_224' title='bbox 1067 1892 1349 1959; x_wconf 86' lang='lat' dir='ltr'><strong>pecuniam</strong></span> <span class='ocrx_word' id='word_1_225' title='bbox 1406 1895 1670 1963; x_wconf 82' lang='lat' dir='ltr'><strong>erogasti,</strong></span> <span class='ocrx_word' id='word_1_226' title='bbox 1704 1895 1876 1962; x_wconf 80' lang='lat' dir='ltr'><strong>magis</strong></span> <span class='ocrx_word' id='word_1_227' title='bbox 1917 1895 2197 1963; x_wconf 83' lang='lat' dir='ltr'><strong>magisque</strong></span> <span class='ocrx_word' id='word_1_228' title='bbox 2227 1894 2322 1947; x_wconf 83' lang='lat' dir='ltr'><strong>ﬂo—</strong></span> 
     </span>
    </p>
   </div>
   <div class='ocr_carea' id='block_1_35' title="bbox 2449 1883 3651 1966">
    <p class='ocr_par' dir='ltr' id='par_1_35' title="bbox 2449 1894 3651 1966">
     <span class='ocr_line' id='line_1_35' title="bbox 2449 1894 3651 1966; baseline 0.002 -20"><span class='ocrx_word' id='word_1_229' title='bbox 2449 1898 2590 1966; x_wconf 78' lang='grc' dir='ltr'><strong>ἔφερε</strong></span> <span class='ocrx_word' id='word_1_230' title='bbox 2647 1895 2725 1966; x_wconf 80' lang='grc' dir='ltr'><strong>τῷ</strong></span> <span class='ocrx_word' id='word_1_231' title='bbox 2760 1895 2879 1965; x_wconf 82' lang='grc' dir='ltr'><strong>Θεῷ</strong></span> <span class='ocrx_word' id='word_1_232' title='bbox 2901 1896 3096 1963; x_wconf 75' lang='grc' dir='ltr'><strong>καὶτῷ</strong></span> <span class='ocrx_word' id='word_1_233' title='bbox 3124 1895 3422 1964; x_wconf 73' lang='grc' dir='ltr'><strong>θεράποντι</strong></span> <span class='ocrx_word' id='word_1_234' title='bbox 3461 1894 3651 1949; x_wconf 80' lang='grc' dir='ltr'><strong>αὑτοῦ.</strong></span> 
     </span>
    </p>
   </div>
   <div class='ocr_carea' id='block_1_36' title="bbox 747 1984 4010 2060">
    <p class='ocr_par' dir='ltr' id='par_1_36' title="bbox 747 1984 4010 2060">
     <span class='ocr_line' id='line_1_36' title="bbox 747 1984 4010 2060; baseline 0.002 -21"><span class='ocrx_word' id='word_1_235' title='bbox 747 1993 955 2039; x_wconf 84' lang='lat' dir='ltr'><strong>rentem</strong></span> <span class='ocrx_word' id='word_1_236' title='bbox 994 1994 1365 2054; x_wconf 70' lang='lat' dir='ltr'><strong>repraesentat.</strong></span> <span class='ocrx_word' id='word_1_237' title='bbox 1419 1984 1778 2055; x_wconf 82' lang='lat' dir='ltr'><strong>Experreetus</strong></span> <span class='ocrx_word' id='word_1_238' title='bbox 1819 1989 1947 2043; x_wconf 88' lang='lat' dir='ltr'><strong>hinc</strong></span> <span class='ocrx_word' id='word_1_239' title='bbox 2002 1989 2319 2053; x_wconf 84' lang='lat' dir='ltr'><strong>monachus,</strong></span> <span class='ocrx_word' id='word_1_240' title='bbox 2361 1990 2655 2059; x_wconf 90' lang='lat' dir='ltr'><strong>plurimum</strong></span> <span class='ocrx_word' id='word_1_241' title='bbox 2714 1991 3067 2043; x_wconf 85' lang='lat' dir='ltr'><strong>conlirmatns</strong></span> <span class='ocrx_word' id='word_1_242' title='bbox 3125 1989 3176 2041; x_wconf 85' lang='lat' dir='ltr'><strong>in</strong></span> <span class='ocrx_word' id='word_1_243' title='bbox 3240 1988 3375 2043; x_wconf 75' lang='lat' dir='ltr'><strong>bene</strong></span> <span class='ocrx_word' id='word_1_244' title='bbox 3427 1990 3642 2059; x_wconf 81' lang='lat' dir='ltr'><strong>emptis,</strong></span> <span class='ocrx_word' id='word_1_245' title='bbox 3679 1990 3923 2060; x_wconf 90' lang='lat' dir='ltr'><strong>quotidie</strong></span> <span class='ocrx_word' id='word_1_246' title='bbox 3955 1991 4010 2044; x_wconf 91' lang='lat' dir='ltr'><strong>in</strong></span> 
     </span>
    </p>
   </div>
   <div class='ocr_carea' id='block_1_37' title="bbox 747 2079 2666 2152">
    <p class='ocr_par' dir='ltr' id='par_1_37' title="bbox 747 2079 2666 2152">
     <span class='ocr_line' id='line_1_37' title="bbox 747 2079 2666 2152; baseline 0.004 -23"><span class='ocrx_word' id='word_1_247' title='bbox 747 2080 944 2152; x_wconf 86' lang='lat' dir='ltr'><strong>spiritu</strong></span> <span class='ocrx_word' id='word_1_248' title='bbox 981 2079 1316 2149; x_wconf 76' lang='lat' dir='ltr'><strong>proﬁciebat.</strong></span> <span class='ocrx_word' id='word_1_249' title='bbox 1343 2081 1655 2150; x_wconf 79' lang='lat' dir='ltr'><strong>gratiasque</strong></span> <span class='ocrx_word' id='word_1_250' title='bbox 1674 2082 2019 2151; x_wconf 82' lang='lat' dir='ltr'><strong>persolvebat</strong></span> <span class='ocrx_word' id='word_1_251' title='bbox 2050 2082 2160 2137; x_wconf 89' lang='lat' dir='ltr'><strong>Deo</strong></span> <span class='ocrx_word' id='word_1_252' title='bbox 2190 2083 2418 2152; x_wconf 87' lang='lat' dir='ltr'><strong>ejusque</strong></span> <span class='ocrx_word' id='word_1_253' title='bbox 2444 2085 2666 2137; x_wconf 89' lang='lat' dir='ltr'><strong>l&#39;amulo.</strong></span> 
     </span>
    </p>
   </div>
   <div class='ocr_carea' id='block_1_38' title="bbox 2176 2202 2559 2257">
    <p class='ocr_par' dir='ltr' id='par_1_38' title="bbox 2176 2202 2559 2257">
     <span class='ocr_line' id='line_1_38' title="bbox 2176 2202 2559 2257; baseline 0.005 -2"><span class='ocrx_word' id='word_1_254' title='bbox 2176 2202 2403 2257; x_wconf 76' lang='lat' dir='ltr'>CAPUT</span> <span class='ocrx_word' id='word_1_255' title='bbox 2441 2202 2559 2257; x_wconf 73' lang='lat' dir='ltr'><strong>XV.</strong></span> 
     </span>
    </p>
   </div>
   <div class='ocr_carea' id='block_1_39' title="bbox 819 2314 3943 2443">
    <p class='ocr_par' dir='ltr' id='par_1_39' title="bbox 819 2314 3943 2443">
     <span class='ocr_line' id='line_1_39' title="bbox 819 2314 3943 2443; baseline -0 -70"><span class='ocrx_word' id='word_1_256' title='bbox 819 2319 941 2373; x_wconf 83' lang='lat' dir='ltr'><strong>Duo</strong></span> <span class='ocrx_word' id='word_1_257' title='bbox 965 2314 1171 2372; x_wconf 74' lang='lat' dir='ltr'><strong>sodale:</strong></span> <span class='ocrx_word' id='word_1_258' title='bbox 1202 2315 1505 2386; x_wconf 78' lang='lat' dir='ltr'><strong>Epipltanii,</strong></span> <span class='ocrx_word' id='word_1_259' title='bbox 1528 2318 1665 2372; x_wconf 80' lang='lat' dir='ltr'><strong>alter</strong></span> <span class='ocrx_word' id='word_1_260' title='bbox 1701 2321 1763 2371; x_wconf 79' lang='lat' dir='ltr'><strong>ob</strong></span> <span class='ocrx_word' id='word_1_261' title='bbox 1810 2319 2125 2443; x_wconf 40' lang='lat' dir='ltr'><strong>hypocrisg‘n</strong></span> <span class='ocrx_word' id='word_1_262' title='bbox 2144 2389 2155 2399; x_wconf 44' lang='lat'><em>.</em></span> <span class='ocrx_word' id='word_1_263' title='bbox 2178 2319 2469 2440; x_wconf 63' lang='lat' dir='ltr'><strong>clauigalus</strong></span> <span class='ocrx_word' id='word_1_264' title='bbox 2492 2320 2555 2372; x_wconf 78' lang='lat' dir='ltr'><strong>ab</strong></span> <span class='ocrx_word' id='word_1_265' title='bbox 2583 2320 2815 2385; x_wconf 79' lang='lat' dir='ltr'><strong>Andrea,</strong></span> <span class='ocrx_word' id='word_1_266' title='bbox 2854 2322 2988 2372; x_wconf 86' lang='lat' dir='ltr'><strong>alter</strong></span> <span class='ocrx_word' id='word_1_267' title='bbox 3023 2318 3085 2370; x_wconf 83' lang='lat' dir='ltr'><strong>ob</strong></span> <span class='ocrx_word' id='word_1_268' title='bbox 3121 2320 3355 2369; x_wconf 74' lang='lat' dir='ltr'><strong>animum</strong></span> <span class='ocrx_word' id='word_1_269' title='bbox 3380 2317 3723 2370; x_wconf 78' lang='lat' dir='ltr'><strong>libidinosum</strong></span> <span class='ocrx_word' id='word_1_270' title='bbox 3746 2317 3808 2369; x_wconf 86' lang='lat' dir='ltr'><strong>ab</strong></span> <span class='ocrx_word' id='word_1_271' title='bbox 3827 2321 3943 2386; x_wconf 71' lang='lat' dir='ltr'><strong>ipso</strong></span> 
     </span>
     <span class='ocr_line' id='line_1_40' title="bbox 2082 2401 2688 2443; baseline 0.003 -2"><span class='ocrx_word' id='word_1_272' title='bbox 2082 2405 2190 2443; x_wconf 75' lang='grc' dir='ltr'><strong>,βω</strong></span> <span class='ocrx_word' id='word_1_273' title='bbox 2211 2407 2354 2443; x_wconf 83' lang='lat' dir='ltr'><strong>tamo</strong></span> <span class='ocrx_word' id='word_1_274' title='bbox 2397 2401 2688 2443; x_wconf 76' lang='lat' dir='ltr'><strong>correptus.</strong></span> 
     </span>
    </p>
   </div>
   <div class='ocr_carea' id='block_1_40' title="bbox 2082 2401 2688 2459">
    <p class='ocr_par' dir='ltr' id='par_1_40' title="bbox 2082 2401 2688 2459">
     <span class='ocr_line' id='line_1_41' title="bbox 2082 2401 2688 2459; baseline 0.005 -19"><span class='ocrx_word' id='word_1_275' title='bbox 2082 2401 2354 2459; x_wconf 77' lang='lat' dir='ltr'><strong>Lptpltamo</strong></span> <span class='ocrx_word' id='word_1_276' title='bbox 2397 2401 2688 2459; x_wconf 83' lang='lat' dir='ltr'><strong>correptus.</strong></span> 
     </span>
    </p>
   </div>
   <div class='ocr_carea' id='block_1_41' title="bbox 828 2508 2338 2581">
    <p class='ocr_par' dir='ltr' id='par_1_41' title="bbox 828 2508 2338 2581">
     <span class='ocr_line' id='line_1_42' title="bbox 828 2508 2338 2581; baseline 0.003 -19"><span class='ocrx_word' id='word_1_277' title='bbox 828 2510 952 2563; x_wconf 74' lang='lat' dir='ltr'><strong>1M.</strong></span> <span class='ocrx_word' id='word_1_278' title='bbox 1006 2508 1330 2563; x_wconf 66' lang='lat' dir='ltr'><strong>Adhaerebat</strong></span> <span class='ocrx_word' id='word_1_279' title='bbox 1391 2509 1729 2564; x_wconf 76' lang='lat' dir='ltr'><strong>familiariter</strong></span> <span class='ocrx_word' id='word_1_280' title='bbox 1786 2510 2122 2581; x_wconf 82' lang='lat' dir='ltr'><strong>Epiphanio,</strong></span> <span class='ocrx_word' id='word_1_281' title='bbox 2182 2513 2338 2581; x_wconf 81' lang='lat' dir='ltr'><strong>cujus</strong></span> 
     </span>
    </p>
   </div>
   <div class='ocr_carea' id='block_1_42' title="bbox 751 2600 2333 2672">
    <p class='ocr_par' dir='ltr' id='par_1_42' title="bbox 751 2600 2333 2672">
     <span class='ocr_line' id='line_1_43' title="bbox 751 2600 2333 2672; baseline 0.003 -17"><span class='ocrx_word' id='word_1_282' title='bbox 751 2601 1075 2671; x_wconf 81' lang='lat' dir='ltr'><strong>jampridem</strong></span> <span class='ocrx_word' id='word_1_283' title='bbox 1130 2600 1498 2663; x_wconf 81' lang='lat' dir='ltr'><strong>meminimus,</strong></span> <span class='ocrx_word' id='word_1_284' title='bbox 1538 2602 1855 2657; x_wconf 86' lang='lat' dir='ltr'><strong>adolescens</strong></span> <span class='ocrx_word' id='word_1_285' title='bbox 1920 2603 2162 2672; x_wconf 89' lang='lat' dir='ltr'><strong>quidam,</strong></span> <span class='ocrx_word' id='word_1_286' title='bbox 2194 2604 2333 2659; x_wconf 80' lang='lat' dir='ltr'><strong>fama</strong></span> 
     </span>
    </p>
   </div>
   <div class='ocr_carea' id='block_1_43' title="bbox 763 2691 2339 2761">
    <p class='ocr_par' dir='ltr' id='par_1_43' title="bbox 763 2691 2339 2761">
     <span class='ocr_line' id='line_1_44' title="bbox 763 2691 2339 2761; baseline 0.004 -19"><span class='ocrx_word' id='word_1_287' title='bbox 763 2694 1025 2746; x_wconf 86' lang='lat' dir='ltr'><strong>virtutum</strong></span> <span class='ocrx_word' id='word_1_288' title='bbox 1085 2691 1203 2758; x_wconf 86' lang='lat' dir='ltr'><strong>ejus</strong></span> <span class='ocrx_word' id='word_1_289' title='bbox 1269 2692 1589 2747; x_wconf 78' lang='lat' dir='ltr'><strong>excitatus:</strong></span> <span class='ocrx_word' id='word_1_290' title='bbox 1628 2708 1788 2761; x_wconf 91' lang='lat' dir='ltr'><strong>quem</strong></span> <span class='ocrx_word' id='word_1_291' title='bbox 1842 2694 1951 2755; x_wconf 87' lang='lat' dir='ltr'><strong>ille,</strong></span> <span class='ocrx_word' id='word_1_292' title='bbox 2007 2695 2081 2748; x_wconf 91' lang='lat' dir='ltr'><strong>uti</strong></span> <span class='ocrx_word' id='word_1_293' title='bbox 2136 2694 2339 2749; x_wconf 89' lang='lat' dir='ltr'><strong>multos</strong></span> 
     </span>
    </p>
   </div>
   <div class='ocr_carea' id='block_1_44' title="bbox 762 2784 2340 2851">
    <p class='ocr_par' dir='ltr' id='par_1_44' title="bbox 762 2784 2340 2851">
     <span class='ocr_line' id='line_1_45' title="bbox 762 2784 2340 2851; baseline 0.002 -15"><span class='ocrx_word' id='word_1_294' title='bbox 762 2785 923 2847; x_wconf 83' lang='lat' dir='ltr'><strong>alios,</strong></span> <span class='ocrx_word' id='word_1_295' title='bbox 973 2800 1252 2839; x_wconf 84' lang='lat' dir='ltr'><strong>sacrarum</strong></span> <span class='ocrx_word' id='word_1_296' title='bbox 1310 2784 1637 2839; x_wconf 86' lang='lat' dir='ltr'><strong>Litterarum</strong></span> <span class='ocrx_word' id='word_1_297' title='bbox 1688 2786 1915 2840; x_wconf 83' lang='lat' dir='ltr'><strong>scientia</strong></span> <span class='ocrx_word' id='word_1_298' title='bbox 1956 2786 2244 2851; x_wconf 87' lang='lat' dir='ltr'><strong>imbutum,</strong></span> <span class='ocrx_word' id='word_1_299' title='bbox 2287 2788 2340 2839; x_wconf 91' lang='lat' dir='ltr'><strong>in</strong></span> 
     </span>
    </p>
   </div>
   <div class='ocr_carea' id='block_1_45' title="bbox 764 2876 2343 2948">
    <p class='ocr_par' dir='ltr' id='par_1_45' title="bbox 764 2876 2343 2948">
     <span class='ocr_line' id='line_1_46' title="bbox 764 2876 2343 2948; baseline 0.002 -17"><span class='ocrx_word' id='word_1_300' title='bbox 764 2878 989 2931; x_wconf 84' lang='lat' dir='ltr'><strong>salutari</strong></span> <span class='ocrx_word' id='word_1_301' title='bbox 1026 2880 1218 2933; x_wconf 75' lang='lat' dir='ltr'><strong>timore</strong></span> <span class='ocrx_word' id='word_1_302' title='bbox 1243 2876 1335 2932; x_wconf 89' lang='lat' dir='ltr'><strong>Dei</strong></span> <span class='ocrx_word' id='word_1_303' title='bbox 1373 2878 1704 2933; x_wconf 77' lang='lat' dir='ltr'><strong>conﬁrmare</strong></span> <span class='ocrx_word' id='word_1_304' title='bbox 1747 2879 2060 2935; x_wconf 80' lang='lat' dir='ltr'><strong>nitebatur:</strong></span> <span class='ocrx_word' id='word_1_305' title='bbox 2093 2880 2343 2948; x_wconf 87' lang='lat' dir='ltr'><strong>quamvis</strong></span> 
     </span>
    </p>
   </div>
   <div class='ocr_carea' id='block_1_46' title="bbox 2512 2504 4020 2584">
    <p class='ocr_par' dir='ltr' id='par_1_46' title="bbox 2512 2504 4020 2584">
     <span class='ocr_line' id='line_1_47' title="bbox 2512 2504 4020 2584; baseline 0.001 -22"><span class='ocrx_word' id='word_1_306' title='bbox 2512 2509 2631 2579; x_wconf 84' lang='grc' dir='ltr'><strong>ριδ’.</strong></span> <span class='ocrx_word' id='word_1_307' title='bbox 2668 2511 2905 2575; x_wconf 74' lang='grc' dir='ltr'><strong>Νεανίας</strong></span> <span class='ocrx_word' id='word_1_308' title='bbox 2928 2529 3014 2575; x_wconf 88' lang='grc' dir='ltr'><strong>τις</strong></span> <span class='ocrx_word' id='word_1_309' title='bbox 3046 2513 3459 2583; x_wconf 81' lang='grc' dir='ltr'><strong>προσεκολλήθη</strong></span> <span class='ocrx_word' id='word_1_310' title='bbox 3496 2512 3574 2584; x_wconf 80' lang='grc' dir='ltr'><strong>τῷ</strong></span> <span class='ocrx_word' id='word_1_311' title='bbox 3605 2512 3931 2580; x_wconf 65' lang='grc' dir='ltr'><strong>Ἐπιυρανέῳ,</strong></span> <span class='ocrx_word' id='word_1_312' title='bbox 3957 2504 4020 2564; x_wconf 68' lang='grc' dir='ltr'><strong>οὗ</strong></span> 
     </span>
    </p>
   </div>
   <div class='ocr_carea' id='block_1_47' title="bbox 2438 2600 4021 2674">
    <p class='ocr_par' dir='ltr' id='par_1_47' title="bbox 2438 2600 4021 2674">
     <span class='ocr_line' id='line_1_48' title="bbox 2438 2600 4021 2674; baseline -0.002 -20"><span class='ocrx_word' id='word_1_313' title='bbox 2438 2602 2633 2672; x_wconf 84' lang='grc' dir='ltr'><strong>πρώην</strong></span> <span class='ocrx_word' id='word_1_314' title='bbox 2684 2604 3063 2673; x_wconf 73' lang='grc' dir='ltr'><strong>ἐμνήσθημεν,</strong></span> <span class='ocrx_word' id='word_1_315' title='bbox 3103 2604 3319 2657; x_wconf 83' lang='grc' dir='ltr'><strong>ἀκούων</strong></span> <span class='ocrx_word' id='word_1_316' title='bbox 3356 2607 3454 2667; x_wconf 74' lang='grc' dir='ltr'><strong>τὰς</strong></span> <span class='ocrx_word' id='word_1_317' title='bbox 3494 2606 3698 2674; x_wconf 75' lang='grc' dir='ltr'><strong>ἀρετὰς</strong></span> <span class='ocrx_word' id='word_1_318' title='bbox 3743 2602 3912 2655; x_wconf 79' lang='grc' dir='ltr'><strong>αὐτοῦ</strong></span> <span class='ocrx_word' id='word_1_319' title='bbox 3939 2618 3953 2632; x_wconf 79' lang='grc' dir='ltr'>ο</span> <span class='ocrx_word' id='word_1_320' title='bbox 3991 2600 4021 2650; x_wconf 84' lang='grc' dir='ltr'><strong>δ</strong></span> 
     </span>
    </p>
   </div>
   <div class='ocr_carea' id='block_1_48' title="bbox 2438 2692 4023 2763">
    <p class='ocr_par' dir='ltr' id='par_1_48' title="bbox 2438 2692 4023 2763">
     <span class='ocr_line' id='line_1_49' title="bbox 2438 2692 4023 2763; baseline -0.001 -18"><span class='ocrx_word' id='word_1_321' title='bbox 2438 2692 2493 2745; x_wconf 80' lang='grc' dir='ltr'><strong>δὲ</strong></span> <span class='ocrx_word' id='word_1_322' title='bbox 2531 2693 2845 2761; x_wconf 82' lang='grc' dir='ltr'><strong>Ἐπιφάνιος</strong></span> <span class='ocrx_word' id='word_1_323' title='bbox 2886 2693 3160 2747; x_wconf 66' lang='grc' dir='ltr'><strong>ἐνουθέτει</strong></span> <span class='ocrx_word' id='word_1_324' title='bbox 3199 2694 3364 2747; x_wconf 80' lang='grc' dir='ltr'><strong>αὑτὸν</strong></span> <span class='ocrx_word' id='word_1_325' title='bbox 3398 2695 3506 2747; x_wconf 79' lang='grc' dir='ltr'><strong>ἀπὸ</strong></span> <span class='ocrx_word' id='word_1_326' title='bbox 3539 2694 3647 2747; x_wconf 83' lang='grc' dir='ltr'><strong>τῶν</strong></span> <span class='ocrx_word' id='word_1_327' title='bbox 3689 2694 3848 2746; x_wconf 81' lang='grc' dir='ltr'><strong>θείων</strong></span> <span class='ocrx_word' id='word_1_328' title='bbox 3879 2693 4023 2763; x_wconf 82' lang='grc' dir='ltr'><strong>Γρα-</strong></span> 
     </span>
    </p>
   </div>
   <div class='ocr_carea' id='block_1_49' title="bbox 2438 2783 4026 2854">
    <p class='ocr_par' dir='ltr' id='par_1_49' title="bbox 2438 2783 4026 2854">
     <span class='ocr_line' id='line_1_50' title="bbox 2438 2783 4026 2854; baseline -0.001 -18"><span class='ocrx_word' id='word_1_329' title='bbox 2438 2784 2575 2851; x_wconf 76' lang='grc' dir='ltr'><strong>φῶν,</strong></span> <span class='ocrx_word' id='word_1_330' title='bbox 2611 2783 2683 2847; x_wconf 81' lang='grc' dir='ltr'><strong>ὡς</strong></span> <span class='ocrx_word' id='word_1_331' title='bbox 2714 2785 2809 2838; x_wconf 77' lang='grc' dir='ltr'><strong>καὶ</strong></span> <span class='ocrx_word' id='word_1_332' title='bbox 2846 2784 3039 2847; x_wconf 76' lang='grc' dir='ltr'><strong>ἄλλους</strong></span> <span class='ocrx_word' id='word_1_333' title='bbox 3068 2785 3319 2846; x_wconf 76' lang='grc' dir='ltr'><strong>πολλοὺς.</strong></span> <span class='ocrx_word' id='word_1_334' title='bbox 3345 2784 3669 2854; x_wconf 71' lang='grc' dir='ltr'><strong>βουλόμενος</strong></span> <span class='ocrx_word' id='word_1_335' title='bbox 3698 2786 3863 2838; x_wconf 60' lang='grc' dir='ltr'><strong>αὐτὸν</strong></span> <span class='ocrx_word' id='word_1_336' title='bbox 3887 2801 4026 2851; x_wconf 62' lang='grc' dir='ltr'><strong>στη-</strong></span> 
     </span>
    </p>
   </div>
   <div class='ocr_carea' id='block_1_50' title="bbox 2441 2874 4026 2943">
    <p class='ocr_par' dir='ltr' id='par_1_50' title="bbox 2441 2874 4026 2943">
     <span class='ocr_line' id='line_1_51' title="bbox 2441 2874 4026 2943; baseline 0 -18"><span class='ocrx_word' id='word_1_337' title='bbox 2441 2874 2588 2943; x_wconf 79' lang='grc' dir='ltr'><strong>ρίξαι</strong></span> <span class='ocrx_word' id='word_1_338' title='bbox 2621 2876 2703 2937; x_wconf 79' lang='grc' dir='ltr'><strong>εἰς</strong></span> <span class='ocrx_word' id='word_1_339' title='bbox 2734 2875 2825 2927; x_wconf 83' lang='grc' dir='ltr'><strong>τὸν</strong></span> <span class='ocrx_word' id='word_1_340' title='bbox 2858 2876 3023 2943; x_wconf 75' lang='grc' dir='ltr'><strong>φόϐον</strong></span> <span class='ocrx_word' id='word_1_341' title='bbox 3054 2875 3150 2928; x_wconf 83' lang='grc' dir='ltr'><strong>τοῦ</strong></span> <span class='ocrx_word' id='word_1_342' title='bbox 3193 2875 3331 2927; x_wconf 81' lang='grc' dir='ltr'><strong>Θεοῦ</strong></span> <span class='ocrx_word' id='word_1_343' title='bbox 3360 2896 3373 2908; x_wconf 85' lang='grc'><strong>·</strong></span> <span class='ocrx_word' id='word_1_344' title='bbox 3407 2878 3613 2938; x_wconf 83' lang='grc' dir='ltr'><strong>ἐκεῖνος</strong></span> <span class='ocrx_word' id='word_1_345' title='bbox 3651 2876 3707 2928; x_wconf 79' lang='grc' dir='ltr'><strong>δὲ</strong></span> <span class='ocrx_word' id='word_1_346' title='bbox 3754 2875 3813 2927; x_wconf 77' lang='grc' dir='ltr'><strong>οὐ</strong></span> <span class='ocrx_word' id='word_1_347' title='bbox 3841 2874 3931 2927; x_wconf 78' lang='grc' dir='ltr'><strong>διὰ</strong></span> <span class='ocrx_word' id='word_1_348' title='bbox 3962 2875 4026 2925; x_wconf 76' lang='grc' dir='ltr'><strong>τὸ</strong></span> 
     </span>
    </p>
   </div>
   <div class='ocr_carea' id='block_1_51' title="bbox 764 2965 2325 3042">
    <p class='ocr_par' dir='ltr' id='par_1_51' title="bbox 764 2971 2325 3042">
     <span class='ocr_line' id='line_1_52' title="bbox 764 2971 2325 3042; baseline 0.001 -19"><span class='ocrx_word' id='word_1_349' title='bbox 764 2971 857 3025; x_wconf 88' lang='lat' dir='ltr'><strong>ille</strong></span> <span class='ocrx_word' id='word_1_350' title='bbox 916 2987 1020 3025; x_wconf 86' lang='lat' dir='ltr'><strong>non</strong></span> <span class='ocrx_word' id='word_1_351' title='bbox 1074 2987 1134 3026; x_wconf 84' lang='lat' dir='ltr'><strong>se</strong></span> <span class='ocrx_word' id='word_1_352' title='bbox 1191 2972 1532 3039; x_wconf 78' lang='lat' dir='ltr'><strong>adjunxisset</strong></span> <span class='ocrx_word' id='word_1_353' title='bbox 1588 2971 1930 3042; x_wconf 83' lang='lat' dir='ltr'><strong>Epiphanio,</strong></span> <span class='ocrx_word' id='word_1_354' title='bbox 1976 2981 2036 3027; x_wconf 93' lang='lat' dir='ltr'><strong>ut</strong></span> <span class='ocrx_word' id='word_1_355' title='bbox 2080 2972 2325 3026; x_wconf 86' lang='lat' dir='ltr'><strong>virtutuu</strong></span> 
     </span>
    </p>
   </div>
   <div class='ocr_carea' id='block_1_52' title="bbox 2449 2965 4025 3042">
    <p class='ocr_par' dir='ltr' id='par_1_52' title="bbox 2449 2965 4025 3036">
     <span class='ocr_line' id='line_1_53' title="bbox 2449 2965 4025 3036; baseline -0.001 -20"><span class='ocrx_word' id='word_1_356' title='bbox 2449 2965 2681 3035; x_wconf 69' lang='grc' dir='ltr'><strong>ζηλῶσαι</strong></span> <span class='ocrx_word' id='word_1_357' title='bbox 2704 2966 2796 3021; x_wconf 73' lang='grc' dir='ltr'><strong>τοῦ</strong></span> <span class='ocrx_word' id='word_1_358' title='bbox 2818 2967 3003 3036; x_wconf 81' lang='grc' dir='ltr'><strong>τιμίου</strong></span> <span class='ocrx_word' id='word_1_359' title='bbox 3036 2968 3223 3029; x_wconf 82' lang='grc' dir='ltr'><strong>παιδὸς</strong></span> <span class='ocrx_word' id='word_1_360' title='bbox 3251 2967 3462 3020; x_wconf 71' lang='grc' dir='ltr'><strong>ἐκείνου</strong></span> <span class='ocrx_word' id='word_1_361' title='bbox 3494 2968 3591 3036; x_wconf 75' lang='grc' dir='ltr'><strong>τὴν</strong></span> <span class='ocrx_word' id='word_1_362' title='bbox 3618 2967 3816 3036; x_wconf 77' lang='grc' dir='ltr'><strong>ἀρετὴν</strong></span> <span class='ocrx_word' id='word_1_363' title='bbox 3843 2968 4025 3033; x_wconf 69' lang='grc' dir='ltr'><strong>τούτῳ</strong></span> 
     </span>
    </p>
   </div>
   <div class='ocr_carea' id='block_1_53' title="bbox 765 3058 2325 3143">
    <p class='ocr_par' dir='ltr' id='par_1_53' title="bbox 765 3062 2325 3132">
     <span class='ocr_line' id='line_1_54' title="bbox 765 3062 2325 3132; baseline 0.001 -17"><span class='ocrx_word' id='word_1_364' title='bbox 765 3062 1019 3116; x_wconf 84' lang='lat' dir='ltr'><strong>evaderet</strong></span> <span class='ocrx_word' id='word_1_365' title='bbox 1038 3063 1335 3127; x_wconf 85' lang='lat' dir='ltr'><strong>emnlator,</strong></span> <span class='ocrx_word' id='word_1_366' title='bbox 1392 3064 1483 3118; x_wconf 87' lang='lat' dir='ltr'><strong>sed</strong></span> <span class='ocrx_word' id='word_1_367' title='bbox 1518 3064 1816 3117; x_wconf 82' lang='lat' dir='ltr'><strong>utinanetn</strong></span> <span class='ocrx_word' id='word_1_368' title='bbox 1853 3065 2132 3118; x_wconf 88' lang='lat' dir='ltr'><strong>hominum</strong></span> <span class='ocrx_word' id='word_1_369' title='bbox 2156 3074 2325 3132; x_wconf 78' lang='lat' dir='ltr'><strong>capta-</strong></span> 
     </span>
    </p>
   </div>
   <div class='ocr_carea' id='block_1_54' title="bbox 2449 3058 4025 3143">
    <p class='ocr_par' dir='ltr' id='par_1_54' title="bbox 2449 3058 4025 3129">
     <span class='ocr_line' id='line_1_55' title="bbox 2449 3058 4025 3129; baseline 0 -21"><span class='ocrx_word' id='word_1_370' title='bbox 2449 3058 2897 3129; x_wconf 78' lang='grc' dir='ltr'><strong>προσεκολλήθη,</strong></span> <span class='ocrx_word' id='word_1_371' title='bbox 2960 3058 3099 3113; x_wconf 73' lang='grc' dir='ltr'><strong>ἀλλὰ</strong></span> <span class='ocrx_word' id='word_1_372' title='bbox 3161 3058 3254 3111; x_wconf 76' lang='grc' dir='ltr'><strong>τοῦ</strong></span> <span class='ocrx_word' id='word_1_373' title='bbox 3311 3059 3418 3112; x_wconf 82' lang='grc' dir='ltr'><strong>τῶν</strong></span> <span class='ocrx_word' id='word_1_374' title='bbox 3476 3058 3782 3126; x_wconf 81' lang='grc' dir='ltr'><strong>ἀνθρώπων</strong></span> <span class='ocrx_word' id='word_1_375' title='bbox 3830 3058 4025 3110; x_wconf 75' lang='grc' dir='ltr'><strong>ἕνεκεν</strong></span> 
     </span>
    </p>
   </div>
   <div class='ocr_carea' id='block_1_55' title="bbox 766 3128 2325 3235">
    <p class='ocr_par' dir='ltr' id='par_1_55' title="bbox 766 3164 2325 3235">
     <span class='ocr_line' id='line_1_56' title="bbox 766 3164 2325 3235; baseline -0.001 -18"><span class='ocrx_word' id='word_1_376' title='bbox 766 3176 845 3218; x_wconf 82' lang='lat' dir='ltr'><strong>ret</strong></span> <span class='ocrx_word' id='word_1_377' title='bbox 879 3166 1113 3231; x_wconf 87' lang='lat' dir='ltr'><strong>laudem,</strong></span> <span class='ocrx_word' id='word_1_378' title='bbox 1141 3166 1477 3221; x_wconf 89' lang='lat' dir='ltr'><strong>dicturorum</strong></span> <span class='ocrx_word' id='word_1_379' title='bbox 1526 3166 1590 3221; x_wconf 86' lang='lat' dir='ltr'><strong>de</strong></span> <span class='ocrx_word' id='word_1_380' title='bbox 1622 3182 1701 3229; x_wconf 85' lang='lat' dir='ltr'><strong>se,</strong></span> <span class='ocrx_word' id='word_1_381' title='bbox 1743 3165 1922 3235; x_wconf 80' lang='lat' dir='ltr'><strong>qualia</strong></span> <span class='ocrx_word' id='word_1_382' title='bbox 1956 3165 2021 3219; x_wconf 90' lang='lat' dir='ltr'><strong>de</strong></span> <span class='ocrx_word' id='word_1_383' title='bbox 2042 3164 2325 3233; x_wconf 77' lang='lat' dir='ltr'><strong>Epiphanit</strong></span> 
     </span>
    </p>
   </div>
   <div class='ocr_carea' id='block_1_56' title="bbox 2449 3128 4029 3235">
    <p class='ocr_par' dir='ltr' id='par_1_56' title="bbox 2449 3150 4029 3220">
     <span class='ocr_line' id='line_1_57' title="bbox 2449 3150 4029 3220; baseline 0 -18"><span class='ocrx_word' id='word_1_384' title='bbox 2449 3151 2693 3215; x_wconf 72' lang='grc' dir='ltr'><strong>ἐπαίνου,</strong></span> <span class='ocrx_word' id='word_1_385' title='bbox 2743 3151 2831 3205; x_wconf 70' lang='grc' dir='ltr'><strong>ἵνα</strong></span> <span class='ocrx_word' id='word_1_386' title='bbox 2901 3152 3098 3219; x_wconf 75' lang='grc' dir='ltr'><strong>λέγωσι</strong></span> <span class='ocrx_word' id='word_1_387' title='bbox 3160 3154 3250 3204; x_wconf 73' lang='grc' dir='ltr'><strong>καὶ</strong></span> <span class='ocrx_word' id='word_1_388' title='bbox 3307 3154 3434 3220; x_wconf 76' lang='grc' dir='ltr'><strong>περὶ</strong></span> <span class='ocrx_word' id='word_1_389' title='bbox 3502 3150 3691 3213; x_wconf 81' lang='grc' dir='ltr'><strong>αὑτοῦ,</strong></span> <span class='ocrx_word' id='word_1_390' title='bbox 3752 3150 3896 3217; x_wconf 76' lang='grc' dir='ltr'><strong>ἅπερ</strong></span> <span class='ocrx_word' id='word_1_391' title='bbox 3935 3151 4029 3202; x_wconf 73' lang='grc' dir='ltr'><strong>διὰ</strong></span> 
     </span>
    </p>
   </div>
   <div class='ocr_carea' id='block_1_57' title="bbox 768 3256 2342 3326">
    <p class='ocr_par' dir='ltr' id='par_1_57' title="bbox 768 3256 2342 3326">
     <span class='ocr_line' id='line_1_58' title="bbox 768 3256 2342 3326; baseline -0.003 -15"><span class='ocrx_word' id='word_1_392' title='bbox 768 3259 1056 3322; x_wconf 67' lang='lat' dir='ltr'><strong>solebant,</strong></span> <span class='ocrx_word' id='word_1_393' title='bbox 1124 3260 1394 3313; x_wconf 89' lang='lat' dir='ltr'><strong>encomia.</strong></span> <span class='ocrx_word' id='word_1_394' title='bbox 1474 3259 1576 3325; x_wconf 87' lang='lat' dir='ltr'><strong>Qui</strong></span> <span class='ocrx_word' id='word_1_395' title='bbox 1653 3268 1831 3312; x_wconf 88' lang='lat' dir='ltr'><strong>autem</strong></span> <span class='ocrx_word' id='word_1_396' title='bbox 1909 3260 1972 3311; x_wconf 89' lang='lat' dir='ltr'><strong>de</strong></span> <span class='ocrx_word' id='word_1_397' title='bbox 2046 3256 2342 3326; x_wconf 82' lang='lat' dir='ltr'><strong>Epiphanio</strong></span> 
     </span>
    </p>
   </div>
   <div class='ocr_carea' id='block_1_58' title="bbox 773 3347 2345 3417">
    <p class='ocr_par' dir='ltr' id='par_1_58' title="bbox 773 3347 2345 3417">
     <span class='ocr_line' id='line_1_59' title="bbox 773 3347 2345 3417; baseline 0.001 -18"><span class='ocrx_word' id='word_1_398' title='bbox 773 3350 1055 3402; x_wconf 82' lang='lat' dir='ltr'><strong>hominum</strong></span> <span class='ocrx_word' id='word_1_399' title='bbox 1086 3350 1405 3403; x_wconf 85' lang='lat' dir='ltr'><strong>sermones?</strong></span> <span class='ocrx_word' id='word_1_400' title='bbox 1449 3350 1583 3402; x_wconf 84' lang='lat' dir='ltr'><strong>Audi</strong></span> <span class='ocrx_word' id='word_1_401' title='bbox 1621 3366 1635 3401; x_wconf 92' lang='lat'><strong>:</strong></span> <span class='ocrx_word' id='word_1_402' title='bbox 1677 3347 1978 3417; x_wconf 83' lang='lat' dir='ltr'><strong>explicabo.</strong></span> <span class='ocrx_word' id='word_1_403' title='bbox 2004 3347 2345 3401; x_wconf 87' lang='lat' dir='ltr'><strong>Transeunte</strong></span> 
     </span>
    </p>
   </div>
   <div class='ocr_carea' id='block_1_59' title="bbox 770 3440 2344 3511">
    <p class='ocr_par' dir='ltr' id='par_1_59' title="bbox 770 3440 2344 3511">
     <span class='ocr_line' id='line_1_60' title="bbox 770 3440 2344 3511; baseline -0.001 -18"><span class='ocrx_word' id='word_1_404' title='bbox 770 3442 863 3495; x_wconf 91' lang='lat' dir='ltr'><strong>illo</strong></span> <span class='ocrx_word' id='word_1_405' title='bbox 919 3457 1013 3508; x_wconf 92' lang='lat' dir='ltr'><strong>per</strong></span> <span class='ocrx_word' id='word_1_406' title='bbox 1067 3442 1299 3495; x_wconf 89' lang='lat' dir='ltr'><strong>mediam</strong></span> <span class='ocrx_word' id='word_1_407' title='bbox 1341 3457 1485 3511; x_wconf 69' lang='lat' dir='ltr'><strong>smpe</strong></span> <span class='ocrx_word' id='word_1_408' title='bbox 1542 3443 1768 3507; x_wconf 88' lang='lat' dir='ltr'><strong>urbem,</strong></span> <span class='ocrx_word' id='word_1_409' title='bbox 1829 3450 2093 3511; x_wconf 90' lang='lat' dir='ltr'><strong>quotquot</strong></span> <span class='ocrx_word' id='word_1_410' title='bbox 2148 3440 2344 3494; x_wconf 77' lang='lat' dir='ltr'><strong>faniam</strong></span> 
     </span>
    </p>
   </div>
   <div class='ocr_carea' id='block_1_60' title="bbox 774 3532 2348 3603">
    <p class='ocr_par' dir='ltr' id='par_1_60' title="bbox 774 3532 2348 3603">
     <span class='ocr_line' id='line_1_61' title="bbox 774 3532 2348 3603; baseline -0.001 -17"><span class='ocrx_word' id='word_1_411' title='bbox 774 3535 1039 3587; x_wconf 77' lang='lat' dir='ltr'><strong>virtutum</strong></span> <span class='ocrx_word' id='word_1_412' title='bbox 1080 3532 1201 3600; x_wconf 82' lang='lat' dir='ltr'><strong>ejus</strong></span> <span class='ocrx_word' id='word_1_413' title='bbox 1254 3543 1597 3602; x_wconf 84' lang='lat' dir='ltr'><strong>acceperant,</strong></span> <span class='ocrx_word' id='word_1_414' title='bbox 1633 3536 1809 3588; x_wconf 91' lang='lat' dir='ltr'><strong>indice</strong></span> <span class='ocrx_word' id='word_1_415' title='bbox 1839 3533 1890 3587; x_wconf 93' lang='lat' dir='ltr'><strong>in</strong></span> <span class='ocrx_word' id='word_1_416' title='bbox 1924 3534 2100 3603; x_wconf 91' lang='lat' dir='ltr'><strong>ipsum</strong></span> <span class='ocrx_word' id='word_1_417' title='bbox 2138 3532 2348 3585; x_wconf 88' lang='lat' dir='ltr'><strong>intento</strong></span> 
     </span>
    </p>
   </div>
   <div class='ocr_carea' id='block_1_61' title="bbox 774 3624 2348 3694">
    <p class='ocr_par' dir='ltr' id='par_1_61' title="bbox 774 3624 2348 3694">
     <span class='ocr_line' id='line_1_62' title="bbox 774 3624 2348 3694; baseline -0.001 -15"><span class='ocrx_word' id='word_1_418' title='bbox 774 3637 1143 3681; x_wconf 84' lang='lat' dir='ltr'><strong>monstrantes</strong></span> <span class='ocrx_word' id='word_1_419' title='bbox 1181 3624 1360 3679; x_wconf 83' lang='lat' dir='ltr'><strong>:Ecee</strong></span> <span class='ocrx_word' id='word_1_420' title='bbox 1388 3666 1401 3687; x_wconf 87' lang='lat'><strong>,</strong></span> <span class='ocrx_word' id='word_1_421' title='bbox 1455 3626 1807 3694; x_wconf 79' lang='lat' dir='ltr'><strong>inquieltant,</strong></span> <span class='ocrx_word' id='word_1_422' title='bbox 1873 3641 2035 3694; x_wconf 90' lang='lat' dir='ltr'><strong>quam</strong></span> <span class='ocrx_word' id='word_1_423' title='bbox 2091 3625 2348 3693; x_wconf 60' lang='lat' dir='ltr'><strong>praeclare</strong></span> 
     </span>
    </p>
   </div>
   <div class='ocr_carea' id='block_1_62' title="bbox 778 3703 2347 3785">
    <p class='ocr_par' dir='ltr' id='par_1_62' title="bbox 778 3703 2347 3785">
     <span class='ocr_line' id='line_1_63' title="bbox 778 3703 2347 3785; baseline -0.004 -10"><span class='ocrx_word' id='word_1_424' title='bbox 778 3724 855 3775; x_wconf 89' lang='lat' dir='ltr'><strong>illi</strong></span> <span class='ocrx_word' id='word_1_425' title='bbox 907 3723 1213 3778; x_wconf 79' lang='lat' dir='ltr'><strong>tradntitur</strong></span> <span class='ocrx_word' id='word_1_426' title='bbox 1250 3703 1637 3785; x_wconf 64' lang='lat' dir='ltr'><strong>adulescentia,</strong></span> <span class='ocrx_word' id='word_1_427' title='bbox 1690 3719 1895 3773; x_wconf 91' lang='lat' dir='ltr'><strong>deliciis</strong></span> <span class='ocrx_word' id='word_1_428' title='bbox 1919 3719 2107 3772; x_wconf 90' lang='lat' dir='ltr'><strong>mundi</strong></span> <span class='ocrx_word' id='word_1_429' title='bbox 2144 3716 2347 3770; x_wconf 92' lang='lat' dir='ltr'><strong>moveri</strong></span> 
     </span>
    </p>
   </div>
   <div class='ocr_carea' id='block_1_63' title="bbox 778 3809 2347 3883">
    <p class='ocr_par' dir='ltr' id='par_1_63' title="bbox 778 3809 2347 3883">
     <span class='ocr_line' id='line_1_64' title="bbox 778 3809 2347 3883; baseline -0.006 -16"><span class='ocrx_word' id='word_1_430' title='bbox 778 3815 1001 3877; x_wconf 79' lang='lat' dir='ltr'><strong>nescia,</strong></span> <span class='ocrx_word' id='word_1_431' title='bbox 1084 3816 1139 3868; x_wconf 92' lang='lat' dir='ltr'><strong>in</strong></span> <span class='ocrx_word' id='word_1_432' title='bbox 1216 3814 1408 3869; x_wconf 80' lang='lat' dir='ltr'><strong>mediis</strong></span> <span class='ocrx_word' id='word_1_433' title='bbox 1484 3814 1700 3883; x_wconf 85' lang='lat' dir='ltr'><strong>ignibus</strong></span> <span class='ocrx_word' id='word_1_434' title='bbox 1745 3811 1947 3872; x_wconf 54' lang='lat' dir='ltr'><strong>illaesa,</strong></span> <span class='ocrx_word' id='word_1_435' title='bbox 2011 3809 2347 3877; x_wconf 80' lang='lat' dir='ltr'><strong>voluptatum</strong></span> 
     </span>
    </p>
   </div>
   <div class='ocr_carea' id='block_1_64' title="bbox 782 3900 2349 3975">
    <p class='ocr_par' dir='ltr' id='par_1_64' title="bbox 782 3900 2349 3975">
     <span class='ocr_line' id='line_1_65' title="bbox 782 3900 2349 3975; baseline -0.003 -18"><span class='ocrx_word' id='word_1_436' title='bbox 782 3906 1053 3962; x_wconf 80' lang='lat' dir='ltr'><strong>illecebris</strong></span> <span class='ocrx_word' id='word_1_437' title='bbox 1099 3920 1211 3960; x_wconf 90' lang='lat' dir='ltr'><strong>non</strong></span> <span class='ocrx_word' id='word_1_438' title='bbox 1273 3914 1552 3975; x_wconf 87' lang='lat' dir='ltr'><strong>corrupta.</strong></span> <span class='ocrx_word' id='word_1_439' title='bbox 1604 3906 1780 3973; x_wconf 83' lang='lat' dir='ltr'><strong>Atque</strong></span> <span class='ocrx_word' id='word_1_440' title='bbox 1853 3901 2015 3955; x_wconf 88' lang='lat' dir='ltr'><strong>etiam</strong></span> <span class='ocrx_word' id='word_1_441' title='bbox 2075 3900 2349 3953; x_wconf 88' lang='lat' dir='ltr'><strong>communi</strong></span> 
     </span>
    </p>
   </div>
   <div class='ocr_carea' id='block_1_65' title="bbox 782 3992 2349 4067">
    <p class='ocr_par' dir='ltr' id='par_1_65' title="bbox 782 3992 2349 4067">
     <span class='ocr_line' id='line_1_66' title="bbox 782 3992 2349 4067; baseline -0.003 -21"><span class='ocrx_word' id='word_1_442' title='bbox 782 3997 1027 4050; x_wconf 78' lang='lat' dir='ltr'><strong>omnium</strong></span> <span class='ocrx_word' id='word_1_443' title='bbox 1070 4013 1166 4052; x_wconf 89' lang='lat' dir='ltr'><strong>ore</strong></span> <span class='ocrx_word' id='word_1_444' title='bbox 1196 3997 1262 4052; x_wconf 91' lang='lat' dir='ltr'><strong>de</strong></span> <span class='ocrx_word' id='word_1_445' title='bbox 1294 3996 1413 4067; x_wconf 86' lang='lat' dir='ltr'><strong>ipso</strong></span> <span class='ocrx_word' id='word_1_446' title='bbox 1438 3997 1717 4050; x_wconf 86' lang='lat' dir='ltr'><strong>dicebatur</strong></span> <span class='ocrx_word' id='word_1_447' title='bbox 1744 4014 1756 4048; x_wconf 92' lang='lat'><strong>:</strong></span> <span class='ocrx_word' id='word_1_448' title='bbox 1794 3992 2193 4049; x_wconf 83' lang='lat' dir='ltr'><strong>Commereium</strong></span> <span class='ocrx_word' id='word_1_449' title='bbox 2226 4006 2349 4045; x_wconf 92' lang='lat' dir='ltr'><strong>cum</strong></span> 
     </span>
    </p>
   </div>
   <div class='ocr_carea' id='block_1_66' title="bbox 784 4082 2353 4158">
    <p class='ocr_par' dir='ltr' id='par_1_66' title="bbox 784 4082 2353 4158">
     <span class='ocr_line' id='line_1_67' title="bbox 784 4082 2353 4158; baseline -0.004 -19"><span class='ocrx_word' id='word_1_450' title='bbox 784 4088 981 4141; x_wconf 78' lang='lat' dir='ltr'><strong>femina</strong></span> <span class='ocrx_word' id='word_1_451' title='bbox 1043 4103 1319 4158; x_wconf 87' lang='lat' dir='ltr'><strong>nunquam</strong></span> <span class='ocrx_word' id='word_1_452' title='bbox 1377 4088 1585 4151; x_wconf 87' lang='lat' dir='ltr'><strong>habuit,</strong></span> <span class='ocrx_word' id='word_1_453' title='bbox 1619 4087 1709 4139; x_wconf 89' lang='lat' dir='ltr'><strong>sed</strong></span> <span class='ocrx_word' id='word_1_454' title='bbox 1734 4096 1937 4138; x_wconf 80' lang='lat' dir='ltr'><strong>castam</strong></span> <span class='ocrx_word' id='word_1_455' title='bbox 1986 4093 2146 4152; x_wconf 83' lang='lat' dir='ltr'><strong>atque.</strong></span> <span class='ocrx_word' id='word_1_456' title='bbox 2177 4082 2353 4136; x_wconf 74' lang='lat' dir='ltr'><strong>ini-ul-</strong></span> 
     </span>
    </p>
   </div>
   <div class='ocr_carea' id='block_1_67' title="bbox 783 4174 2355 4248">
    <p class='ocr_par' dir='ltr' id='par_1_67' title="bbox 783 4174 2355 4248">
     <span class='ocr_line' id='line_1_68' title="bbox 783 4174 2355 4248; baseline -0.003 -17"><span class='ocrx_word' id='word_1_457' title='bbox 783 4190 962 4248; x_wconf 82' lang='lat' dir='ltr'><strong>palam</strong></span> <span class='ocrx_word' id='word_1_458' title='bbox 1022 4181 1185 4232; x_wconf 89' lang='lat' dir='ltr'><strong>vitam</strong></span> <span class='ocrx_word' id='word_1_459' title='bbox 1238 4188 1499 4248; x_wconf 89' lang='lat' dir='ltr'><strong>perpetuo</strong></span> <span class='ocrx_word' id='word_1_460' title='bbox 1530 4177 1827 4246; x_wconf 83' lang='lat' dir='ltr'><strong>transegit;</strong></span> <span class='ocrx_word' id='word_1_461' title='bbox 1858 4175 2102 4244; x_wconf 86' lang='lat' dir='ltr'><strong>jejuniis,</strong></span> <span class='ocrx_word' id='word_1_462' title='bbox 2155 4174 2355 4243; x_wconf 79' lang='lat' dir='ltr'><strong>vigiliis</strong></span> 
     </span>
    </p>
   </div>
   <div class='ocr_carea' id='block_1_68' title="bbox 787 4250 2357 4343">
    <p class='ocr_par' dir='ltr' id='par_1_68' title="bbox 787 4250 2357 4343">
     <span class='ocr_line' id='line_1_69' title="bbox 787 4250 2357 4343; baseline -0.004 -17"><span class='ocrx_word' id='word_1_463' title='bbox 787 4274 1149 4343; x_wconf 80' lang='lat' dir='ltr'><strong>precibusque</strong></span> <span class='ocrx_word' id='word_1_464' title='bbox 1224 4250 1504 4335; x_wconf 86' lang='lat' dir='ltr'><strong>vacando;</strong></span> <span class='ocrx_word' id='word_1_465' title='bbox 1582 4271 1729 4324; x_wconf 89' lang='lat' dir='ltr'><strong>omni</strong></span> <span class='ocrx_word' id='word_1_466' title='bbox 1805 4271 2063 4322; x_wconf 85' lang='lat' dir='ltr'><strong>virtutum</strong></span> <span class='ocrx_word' id='word_1_467' title='bbox 2161 4282 2357 4336; x_wconf 79' lang='lat' dir='ltr'><strong>genere</strong></span> 
     </span>
    </p>
   </div>
   <div class='ocr_carea' id='block_1_69' title="bbox 786 4358 2357 4432">
    <p class='ocr_par' dir='ltr' id='par_1_69' title="bbox 786 4358 2357 4432">
     <span class='ocr_line' id='line_1_70' title="bbox 786 4358 2357 4432; baseline -0.006 -12"><span class='ocrx_word' id='word_1_468' title='bbox 786 4368 1023 4421; x_wconf 86' lang='lat' dir='ltr'><strong>animam</strong></span> <span class='ocrx_word' id='word_1_469' title='bbox 1100 4365 1450 4427; x_wconf 78' lang='lat' dir='ltr'><strong>exornando,</strong></span> <span class='ocrx_word' id='word_1_470' title='bbox 1524 4378 1724 4432; x_wconf 84' lang='lat' dir='ltr'><strong>corpus</strong></span> <span class='ocrx_word' id='word_1_471' title='bbox 1773 4377 1803 4415; x_wconf 91' lang='lat' dir='ltr'><strong>a</strong></span> <span class='ocrx_word' id='word_1_472' title='bbox 1851 4361 2043 4431; x_wconf 89' lang='lat' dir='ltr'><strong>quavis</strong></span> <span class='ocrx_word' id='word_1_473' title='bbox 2114 4358 2357 4424; x_wconf 86' lang='lat' dir='ltr'><strong>nequitia</strong></span> 
     </span>
    </p>
   </div>
   <div class='ocr_carea' id='block_1_70' title="bbox 786 4452 2356 4529">
    <p class='ocr_par' dir='ltr' id='par_1_70' title="bbox 786 4452 2356 4529">
     <span class='ocr_line' id='line_1_71' title="bbox 786 4452 2356 4529; baseline -0.008 -15"><span class='ocrx_word' id='word_1_474' title='bbox 786 4460 1054 4529; x_wconf 87' lang='lat' dir='ltr'><strong>corporali</strong></span> <span class='ocrx_word' id='word_1_475' title='bbox 1130 4458 1471 4513; x_wconf 89' lang='lat' dir='ltr'><strong>abstinendo.</strong></span> <span class='ocrx_word' id='word_1_476' title='bbox 1524 4456 1744 4510; x_wconf 85' lang='lat' dir='ltr'><strong>Talibus</strong></span> <span class='ocrx_word' id='word_1_477' title='bbox 1825 4455 2007 4523; x_wconf 89' lang='lat' dir='ltr'><strong>itaque</strong></span> <span class='ocrx_word' id='word_1_478' title='bbox 2073 4452 2356 4506; x_wconf 88' lang='lat' dir='ltr'><strong>hominum</strong></span> 
     </span>
    </p>
   </div>
   <div class='ocr_carea' id='block_1_71' title="bbox 2408 3240 4028 3310">
    <p class='ocr_par' dir='ltr' id='par_1_71' title="bbox 2408 3240 4028 3310">
     <span class='ocr_line' id='line_1_72' title="bbox 2408 3240 4028 3310; baseline 0 -19"><span class='ocrx_word' id='word_1_479' title='bbox 2408 3250 2411 3253; x_wconf 74' lang='lat'>‘</span> <span class='ocrx_word' id='word_1_480' title='bbox 2462 3240 2783 3307; x_wconf 73' lang='grc' dir='ltr'><strong>Ἐπιφανίου</strong></span> <span class='ocrx_word' id='word_1_481' title='bbox 2828 3241 3064 3310; x_wconf 78' lang='grc' dir='ltr'><strong>ὁρῶντες</strong></span> <span class='ocrx_word' id='word_1_482' title='bbox 3109 3240 3550 3309; x_wconf 70' lang='grc' dir='ltr'><strong>ἐγκωμιάζοντες</strong></span> <span class='ocrx_word' id='word_1_483' title='bbox 3608 3240 3814 3305; x_wconf 70' lang='grc' dir='ltr'><strong>ἔλεγον.</strong></span> <span class='ocrx_word' id='word_1_484' title='bbox 3858 3240 3924 3290; x_wconf 80' lang='grc' dir='ltr'>Τί</span> <span class='ocrx_word' id='word_1_485' title='bbox 3968 3240 4028 3291; x_wconf 74' lang='grc' dir='ltr'><strong>δὲ</strong></span> 
     </span>
    </p>
   </div>
   <div class='ocr_carea' id='block_1_72' title="bbox 2450 3330 4030 3403">
    <p class='ocr_par' dir='ltr' id='par_1_72' title="bbox 2450 3330 4030 3403">
     <span class='ocr_line' id='line_1_73' title="bbox 2450 3330 4030 3403; baseline -0.001 -20"><span class='ocrx_word' id='word_1_486' title='bbox 2450 3331 2672 3398; x_wconf 75' lang='grc' dir='ltr'><strong>ἒ).εγον;</strong></span> <span class='ocrx_word' id='word_1_487' title='bbox 2703 3334 2834 3403; x_wconf 76' lang='grc' dir='ltr'><strong>ἐρῶ.</strong></span> <span class='ocrx_word' id='word_1_488' title='bbox 2890 3332 3157 3394; x_wconf 78' lang='grc' dir='ltr'><strong>Πολλάκις</strong></span> <span class='ocrx_word' id='word_1_489' title='bbox 3207 3334 3559 3402; x_wconf 73' lang='grc' dir='ltr'><strong>διερχομένου</strong></span> <span class='ocrx_word' id='word_1_490' title='bbox 3612 3330 3779 3385; x_wconf 79' lang='grc' dir='ltr'><strong>αὑτοῦ</strong></span> <span class='ocrx_word' id='word_1_491' title='bbox 3831 3333 4030 3397; x_wconf 77' lang='grc' dir='ltr'><strong>ἐπιμέ-</strong></span> 
     </span>
    </p>
   </div>
   <div class='ocr_carea' id='block_1_73' title="bbox 2453 3419 4034 3490">
    <p class='ocr_par' dir='ltr' id='par_1_73' title="bbox 2453 3419 4034 3490">
     <span class='ocr_line' id='line_1_74' title="bbox 2453 3419 4034 3490; baseline -0.002 -17"><span class='ocrx_word' id='word_1_492' title='bbox 2453 3439 2561 3483; x_wconf 84' lang='grc' dir='ltr'><strong>σως</strong></span> <span class='ocrx_word' id='word_1_493' title='bbox 2600 3422 2889 3483; x_wconf 82' lang='grc' dir='ltr'><strong>ἀκούοντες</strong></span> <span class='ocrx_word' id='word_1_494' title='bbox 2916 3424 3155 3484; x_wconf 80' lang='grc' dir='ltr'><strong>ἅπαντες</strong></span> <span class='ocrx_word' id='word_1_495' title='bbox 3185 3421 3283 3484; x_wconf 79' lang='grc' dir='ltr'><strong>τὰς</strong></span> <span class='ocrx_word' id='word_1_496' title='bbox 3314 3421 3477 3473; x_wconf 79' lang='grc' dir='ltr'><strong>αὐτοῦ</strong></span> <span class='ocrx_word' id='word_1_497' title='bbox 3510 3422 3735 3490; x_wconf 80' lang='grc' dir='ltr'><strong>ἀρετὰς,</strong></span> <span class='ocrx_word' id='word_1_498' title='bbox 3764 3419 4034 3472; x_wconf 73' lang='grc' dir='ltr'><strong>δακτυλο-</strong></span> 
     </span>
    </p>
   </div>
   <div class='ocr_carea' id='block_1_74' title="bbox 2452 3510 4032 3581">
    <p class='ocr_par' dir='ltr' id='par_1_74' title="bbox 2452 3510 4032 3581">
     <span class='ocr_line' id='line_1_75' title="bbox 2452 3510 4032 3581; baseline -0.002 -18"><span class='ocrx_word' id='word_1_499' title='bbox 2452 3512 2791 3575; x_wconf 81' lang='grc' dir='ltr'><strong>δεικτοῦντες</strong></span> <span class='ocrx_word' id='word_1_500' title='bbox 2837 3512 3023 3579; x_wconf 76' lang='grc' dir='ltr'><strong>ἔλεγον</strong></span> <span class='ocrx_word' id='word_1_501' title='bbox 3051 3528 3065 3543; x_wconf 77' lang='grc' dir='ltr'><strong><em>ο</em></strong></span> <span class='ocrx_word' id='word_1_502' title='bbox 3106 3511 3208 3564; x_wconf 82' lang='grc' dir='ltr'><strong>Ἴδε</strong></span> <span class='ocrx_word' id='word_1_503' title='bbox 3272 3512 3400 3564; x_wconf 79' lang='grc' dir='ltr'><strong>ποία</strong></span> <span class='ocrx_word' id='word_1_504' title='bbox 3449 3512 3638 3581; x_wconf 76' lang='grc' dir='ltr'><strong>νεότης</strong></span> <span class='ocrx_word' id='word_1_505' title='bbox 3692 3510 3869 3579; x_wconf 82' lang='grc' dir='ltr'><strong>ὡραία</strong></span> <span class='ocrx_word' id='word_1_506' title='bbox 3932 3511 4032 3561; x_wconf 76' lang='grc' dir='ltr'><strong>καὶ</strong></span> 
     </span>
    </p>
   </div>
   <div class='ocr_carea' id='block_1_75' title="bbox 2455 3600 4032 3675">
    <p class='ocr_par' dir='ltr' id='par_1_75' title="bbox 2455 3600 4032 3675">
     <span class='ocr_line' id='line_1_76' title="bbox 2455 3600 4032 3675; baseline -0.003 -18"><span class='ocrx_word' id='word_1_507' title='bbox 2455 3607 2855 3675; x_wconf 83' lang='grc' dir='ltr'><strong>κατάτερπνος,</strong></span> <span class='ocrx_word' id='word_1_508' title='bbox 2895 3606 3061 3673; x_wconf 85' lang='grc' dir='ltr'><strong>μέσον</strong></span> <span class='ocrx_word' id='word_1_509' title='bbox 3096 3603 3192 3655; x_wconf 79' lang='grc' dir='ltr'><strong>τοῦ</strong></span> <span class='ocrx_word' id='word_1_510' title='bbox 3229 3604 3399 3672; x_wconf 80' lang='grc' dir='ltr'><strong>πυρὸς</strong></span> <span class='ocrx_word' id='word_1_511' title='bbox 3433 3603 3783 3672; x_wconf 79' lang='grc' dir='ltr'><strong>διερχομένη,</strong></span> <span class='ocrx_word' id='word_1_512' title='bbox 3821 3600 3916 3654; x_wconf 75' lang='grc' dir='ltr'><strong>καὶ</strong></span> <span class='ocrx_word' id='word_1_513' title='bbox 3953 3600 4032 3669; x_wconf 78' lang='grc' dir='ltr'><strong>μὴ</strong></span> 
     </span>
    </p>
   </div>
   <div class='ocr_carea' id='block_1_76' title="bbox 2456 3694 4033 3768">
    <p class='ocr_par' dir='ltr' id='par_1_76' title="bbox 2456 3694 4033 3768">
     <span class='ocr_line' id='line_1_77' title="bbox 2456 3694 4033 3768; baseline -0.005 -17"><span class='ocrx_word' id='word_1_514' title='bbox 2456 3697 2745 3766; x_wconf 77' lang='grc' dir='ltr'><strong>καιομένη.</strong></span> <span class='ocrx_word' id='word_1_515' title='bbox 2786 3696 2919 3768; x_wconf 75' lang='grc' dir='ltr'><strong>μηδὲ</strong></span> <span class='ocrx_word' id='word_1_516' title='bbox 2954 3696 3304 3766; x_wconf 81' lang='grc' dir='ltr'><strong>βλαπτομένη</strong></span> <span class='ocrx_word' id='word_1_517' title='bbox 3332 3695 3441 3747; x_wconf 82' lang='grc' dir='ltr'><strong>τῶν</strong></span> <span class='ocrx_word' id='word_1_518' title='bbox 3468 3695 3669 3764; x_wconf 80' lang='grc' dir='ltr'><strong>ἡδονῶν</strong></span> <span class='ocrx_word' id='word_1_519' title='bbox 3706 3696 3819 3753; x_wconf 79' lang='grc' dir='ltr'><strong>τοῖς</strong></span> <span class='ocrx_word' id='word_1_520' title='bbox 3858 3694 4033 3744; x_wconf 80' lang='grc' dir='ltr'><strong>ὑπεκ-</strong></span> 
     </span>
    </p>
   </div>
   <div class='ocr_carea' id='block_1_77' title="bbox 2457 3784 4035 3860">
    <p class='ocr_par' dir='ltr' id='par_1_77' title="bbox 2457 3784 4035 3860">
     <span class='ocr_line' id='line_1_78' title="bbox 2457 3784 4035 3860; baseline -0.003 -17"><span class='ocrx_word' id='word_1_521' title='bbox 2457 3791 2738 3860; x_wconf 76' lang='grc' dir='ltr'><strong>καύμασιν</strong></span> <span class='ocrx_word' id='word_1_522' title='bbox 2772 3808 2786 3822; x_wconf 74' lang='lat'><strong>-</strong></span> <span class='ocrx_word' id='word_1_523' title='bbox 2823 3790 2961 3860; x_wconf 74' lang='grc' dir='ltr'><strong>φησὶ</strong></span> <span class='ocrx_word' id='word_1_524' title='bbox 3008 3790 3117 3859; x_wconf 78' lang='grc' dir='ltr'><strong>γὰρ</strong></span> <span class='ocrx_word' id='word_1_525' title='bbox 3160 3789 3400 3852; x_wconf 78' lang='grc' dir='ltr'><strong>ἅπαντες</strong></span> <span class='ocrx_word' id='word_1_526' title='bbox 3442 3788 3510 3841; x_wconf 80' lang='grc' dir='ltr'><strong>δι’</strong></span> <span class='ocrx_word' id='word_1_527' title='bbox 3542 3786 3726 3847; x_wconf 81' lang='grc' dir='ltr'><strong>αὑτὸν,</strong></span> <span class='ocrx_word' id='word_1_528' title='bbox 3776 3784 3928 3837; x_wconf 80' lang='grc' dir='ltr'><strong>Καθὸ</strong></span> <span class='ocrx_word' id='word_1_529' title='bbox 3981 3803 4035 3838; x_wconf 86' lang='grc' dir='ltr'><strong>τι</strong></span> 
     </span>
    </p>
   </div>
   <div class='ocr_carea' id='block_1_78' title="bbox 2459 3876 4039 3948">
    <p class='ocr_par' dir='ltr' id='par_1_78' title="bbox 2459 3876 4039 3948">
     <span class='ocr_line' id='line_1_79' title="bbox 2459 3876 4039 3948; baseline -0.001 -20"><span class='ocrx_word' id='word_1_530' title='bbox 2459 3878 2569 3948; x_wconf 71' lang='grc' dir='ltr'><strong>γὰρ</strong></span> <span class='ocrx_word' id='word_1_531' title='bbox 2610 3878 2833 3946; x_wconf 75' lang='grc' dir='ltr'><strong>γυναικὶ</strong></span> <span class='ocrx_word' id='word_1_532' title='bbox 2882 3878 2979 3947; x_wconf 82' lang='grc' dir='ltr'><strong>οὐχ</strong></span> <span class='ocrx_word' id='word_1_533' title='bbox 3020 3877 3271 3946; x_wconf 81' lang='grc' dir='ltr'><strong>ὡμίλησέ</strong></span> <span class='ocrx_word' id='word_1_534' title='bbox 3328 3894 3481 3935; x_wconf 83' lang='grc' dir='ltr'><strong>ποτε.</strong></span> <span class='ocrx_word' id='word_1_535' title='bbox 3524 3876 3641 3929; x_wconf 80' lang='grc' dir='ltr'><strong>ἀλλ’</strong></span> <span class='ocrx_word' id='word_1_536' title='bbox 3698 3876 3865 3944; x_wconf 83' lang='grc' dir='ltr'><strong>ἁγνὸς</strong></span> <span class='ocrx_word' id='word_1_537' title='bbox 3936 3878 4039 3927; x_wconf 76' lang='grc' dir='ltr'><strong>καὶ</strong></span> 
     </span>
    </p>
   </div>
   <div class='ocr_carea' id='block_1_79' title="bbox 2459 3965 4039 4039">
    <p class='ocr_par' dir='ltr' id='par_1_79' title="bbox 2459 3965 4039 4039">
     <span class='ocr_line' id='line_1_80' title="bbox 2459 3965 4039 4039; baseline -0.005 -14"><span class='ocrx_word' id='word_1_538' title='bbox 2459 3972 2751 4039; x_wconf 76' lang='grc' dir='ltr'><strong>ἄμεμπτος</strong></span> <span class='ocrx_word' id='word_1_539' title='bbox 2800 3970 2893 4022; x_wconf 79' lang='grc' dir='ltr'><strong>τὸν</strong></span> <span class='ocrx_word' id='word_1_540' title='bbox 2945 3970 3061 4038; x_wconf 77' lang='grc' dir='ltr'><strong>βίον</strong></span> <span class='ocrx_word' id='word_1_541' title='bbox 3104 3968 3274 4021; x_wconf 79' lang='grc' dir='ltr'><strong>αὑτοῦ</strong></span> <span class='ocrx_word' id='word_1_542' title='bbox 3319 3968 3689 4037; x_wconf 81' lang='grc' dir='ltr'><strong>διεπορεύετο,</strong></span> <span class='ocrx_word' id='word_1_543' title='bbox 3727 3965 4039 4034; x_wconf 72' lang='grc' dir='ltr'><strong>νηστείαις,</strong></span> 
     </span>
    </p>
   </div>
   <div class='ocr_carea' id='block_1_80' title="bbox 2459 4058 4038 4131">
    <p class='ocr_par' dir='ltr' id='par_1_80' title="bbox 2459 4058 4038 4131">
     <span class='ocr_line' id='line_1_81' title="bbox 2459 4058 4038 4131; baseline -0.006 -14"><span class='ocrx_word' id='word_1_544' title='bbox 2459 4063 2815 4131; x_wconf 84' lang='grc' dir='ltr'><strong>ἀγρυπνίαις.</strong></span> <span class='ocrx_word' id='word_1_545' title='bbox 2872 4063 3246 4130; x_wconf 75' lang='grc' dir='ltr'><strong>προσευχαῖς,</strong></span> <span class='ocrx_word' id='word_1_546' title='bbox 3303 4060 3399 4113; x_wconf 76' lang='grc' dir='ltr'><strong>καὶ</strong></span> <span class='ocrx_word' id='word_1_547' title='bbox 3461 4060 3677 4131; x_wconf 79' lang='grc' dir='ltr'><strong>δεήσεσι</strong></span> <span class='ocrx_word' id='word_1_548' title='bbox 3732 4058 4038 4127; x_wconf 72' lang='grc' dir='ltr'><strong>σχολάζων,</strong></span> 
     </span>
    </p>
   </div>
   <div class='ocr_carea' id='block_1_81' title="bbox 2463 4151 4047 4225">
    <p class='ocr_par' dir='ltr' id='par_1_81' title="bbox 2463 4151 4047 4225">
     <span class='ocr_line' id='line_1_82' title="bbox 2463 4151 4047 4225; baseline -0.006 -16"><span class='ocrx_word' id='word_1_549' title='bbox 2463 4159 2557 4209; x_wconf 74' lang='grc' dir='ltr'><strong>καὶ</strong></span> <span class='ocrx_word' id='word_1_550' title='bbox 2590 4157 2811 4225; x_wconf 79' lang='grc' dir='ltr'><strong>ἀρεταῖς</strong></span> <span class='ocrx_word' id='word_1_551' title='bbox 2869 4155 3111 4215; x_wconf 81' lang='grc' dir='ltr'><strong>ἁπάσαις</strong></span> <span class='ocrx_word' id='word_1_552' title='bbox 3153 4151 3431 4221; x_wconf 83' lang='grc' dir='ltr'><strong>καθαίρων</strong></span> <span class='ocrx_word' id='word_1_553' title='bbox 3492 4152 3706 4213; x_wconf 76' lang='grc' dir='ltr'><strong>ἑαυτὸν,</strong></span> <span class='ocrx_word' id='word_1_554' title='bbox 3766 4153 3859 4202; x_wconf 82' lang='grc' dir='ltr'><strong>καὶ</strong></span> <span class='ocrx_word' id='word_1_555' title='bbox 3906 4152 4047 4201; x_wconf 60' lang='lat' dir='ltr'><strong>duo»</strong></span> 
     </span>
    </p>
   </div>
   <div class='ocr_carea' id='block_1_82' title="bbox 2466 4241 4044 4317">
    <p class='ocr_par' dir='ltr' id='par_1_82' title="bbox 2466 4241 4044 4317">
     <span class='ocr_line' id='line_1_83' title="bbox 2466 4241 4044 4317; baseline -0.004 -18"><span class='ocrx_word' id='word_1_556' title='bbox 2466 4250 2691 4317; x_wconf 79' lang='grc' dir='ltr'><strong>σμήχων</strong></span> <span class='ocrx_word' id='word_1_557' title='bbox 2718 4246 2825 4299; x_wconf 83' lang='grc' dir='ltr'><strong>ἀπὸ</strong></span> <span class='ocrx_word' id='word_1_558' title='bbox 2875 4247 3057 4313; x_wconf 73' lang='grc' dir='ltr'><strong>πάσης</strong></span> <span class='ocrx_word' id='word_1_559' title='bbox 3098 4243 3289 4313; x_wconf 77' lang='grc' dir='ltr'><strong>ὑλικῆς</strong></span> <span class='ocrx_word' id='word_1_560' title='bbox 3324 4243 3644 4312; x_wconf 83' lang='grc' dir='ltr'><strong>μοχθηρίας.</strong></span> <span class='ocrx_word' id='word_1_561' title='bbox 3690 4241 3879 4293; x_wconf 82' lang='grc' dir='ltr'><strong>Ταῦτα</strong></span> <span class='ocrx_word' id='word_1_562' title='bbox 3928 4241 4044 4292; x_wconf 81' lang='grc' dir='ltr'><strong>τῶν</strong></span> 
     </span>
    </p>
   </div>
   <div class='ocr_carea' id='block_1_83' title="bbox 2466 4331 4046 4409">
    <p class='ocr_par' dir='ltr' id='par_1_83' title="bbox 2466 4331 4046 4409">
     <span class='ocr_line' id='line_1_84' title="bbox 2466 4331 4046 4409; baseline -0.006 -17"><span class='ocrx_word' id='word_1_563' title='bbox 2466 4339 2771 4409; x_wconf 85' lang='grc' dir='ltr'><strong>ἀνθρώπων</strong></span> <span class='ocrx_word' id='word_1_564' title='bbox 2804 4338 3094 4405; x_wconf 84' lang='grc' dir='ltr'><strong>λεγόντων,</strong></span> <span class='ocrx_word' id='word_1_565' title='bbox 3122 4337 3329 4391; x_wconf 83' lang='grc' dir='ltr'><strong>τούτων</strong></span> <span class='ocrx_word' id='word_1_566' title='bbox 3350 4336 3534 4387; x_wconf 75' lang='grc' dir='ltr'><strong>ἕνεκεν</strong></span> <span class='ocrx_word' id='word_1_567' title='bbox 3574 4332 3668 4386; x_wconf 78' lang='grc' dir='ltr'><strong>τοῦ</strong></span> <span class='ocrx_word' id='word_1_568' title='bbox 3693 4331 4046 4403; x_wconf 76' lang='grc' dir='ltr'><strong>προρρηθέν-</strong></span> 
     </span>
    </p>
   </div>
   <div class='ocr_carea' id='block_1_84' title="bbox 2466 4424 4049 4497">
    <p class='ocr_par' dir='ltr' id='par_1_84' title="bbox 2466 4424 4049 4497">
     <span class='ocr_line' id='line_1_85' title="bbox 2466 4424 4049 4497; baseline -0.006 -13"><span class='ocrx_word' id='word_1_569' title='bbox 2466 4450 2557 4495; x_wconf 83' lang='grc' dir='ltr'><strong>τος</strong></span> <span class='ocrx_word' id='word_1_570' title='bbox 2593 4432 2878 4485; x_wconf 71' lang='grc' dir='ltr'><strong>νεανίσκου</strong></span> <span class='ocrx_word' id='word_1_571' title='bbox 2907 4432 2998 4483; x_wconf 86' lang='grc' dir='ltr'><strong>τὸν</strong></span> <span class='ocrx_word' id='word_1_572' title='bbox 3024 4430 3177 4497; x_wconf 77' lang='grc' dir='ltr'><strong>παρὰ</strong></span> <span class='ocrx_word' id='word_1_573' title='bbox 3207 4427 3511 4497; x_wconf 78' lang='grc' dir='ltr'><strong>ἀνθρώπων</strong></span> <span class='ocrx_word' id='word_1_574' title='bbox 3554 4426 3774 4479; x_wconf 77' lang='grc' dir='ltr'><strong>ἔπαινον</strong></span> <span class='ocrx_word' id='word_1_575' title='bbox 3804 4424 4049 4494; x_wconf 74' lang='grc' dir='ltr'><strong>θηρᾶσαι</strong></span> 
     </span>
    </p>
   </div>
   <div class='ocr_carea' id='block_1_85' title="bbox 789 4518 2325 4619">
    <p class='ocr_par' dir='ltr' id='par_1_85' title="bbox 789 4547 2325 4619">
     <span class='ocr_line' id='line_1_86' title="bbox 789 4547 2325 4619; baseline -0.007 -15"><span class='ocrx_word' id='word_1_576' title='bbox 789 4551 1054 4604; x_wconf 89' lang='lat' dir='ltr'><strong>encomiis</strong></span> <span class='ocrx_word' id='word_1_577' title='bbox 1114 4560 1341 4619; x_wconf 80' lang='lat' dir='ltr'><strong>captus.</strong></span> <span class='ocrx_word' id='word_1_578' title='bbox 1401 4564 1560 4618; x_wconf 89' lang='lat' dir='ltr'><strong>quem</strong></span> <span class='ocrx_word' id='word_1_579' title='bbox 1609 4548 1757 4610; x_wconf 76' lang='lat' dir='ltr'><strong>dixi,</strong></span> <span class='ocrx_word' id='word_1_580' title='bbox 1818 4547 2170 4604; x_wconf 90' lang='lat' dir='ltr'><strong>adolescens,</strong></span> <span class='ocrx_word' id='word_1_581' title='bbox 2220 4556 2325 4612; x_wconf 92' lang='lat' dir='ltr'><strong>quo</strong></span> 
     </span>
    </p>
   </div>
   <div class='ocr_carea' id='block_1_86' title="bbox 2449 4518 3732 4619">
    <p class='ocr_par' dir='ltr' id='par_1_86' title="bbox 2467 4518 3732 4595">
     <span class='ocr_line' id='line_1_87' title="bbox 2467 4518 3732 4595; baseline -0.005 -19"><span class='ocrx_word' id='word_1_582' title='bbox 2467 4526 2805 4595; x_wconf 67' lang='grc' dir='ltr'><strong>γλιχόμενος.</strong></span> <span class='ocrx_word' id='word_1_583' title='bbox 2835 4521 3253 4592; x_wconf 78' lang='grc' dir='ltr'><strong>προσεκολλήθη</strong></span> <span class='ocrx_word' id='word_1_584' title='bbox 3277 4521 3355 4589; x_wconf 80' lang='grc' dir='ltr'><strong>τῷ</strong></span> <span class='ocrx_word' id='word_1_585' title='bbox 3410 4518 3732 4586; x_wconf 74' lang='grc' dir='ltr'><strong>Ἐπιφανίῳ.</strong></span> 
     </span>
    </p>
   </div>
   <div class='ocr_carea' id='block_1_87' title="bbox 792 4632 2356 4710">
    <p class='ocr_par' dir='ltr' id='par_1_87' title="bbox 792 4632 2356 4710">
     <span class='ocr_line' id='line_1_88' title="bbox 792 4632 2356 4710; baseline -0.004 -18"><span class='ocrx_word' id='word_1_586' title='bbox 792 4643 940 4710; x_wconf 84' lang='lat' dir='ltr'><strong>paria</strong></span> <span class='ocrx_word' id='word_1_587' title='bbox 1014 4642 1113 4695; x_wconf 85' lang='lat' dir='ltr'><strong>sibi</strong></span> <span class='ocrx_word' id='word_1_588' title='bbox 1176 4643 1427 4695; x_wconf 89' lang='lat' dir='ltr'><strong>ardenter</strong></span> <span class='ocrx_word' id='word_1_589' title='bbox 1477 4640 1903 4708; x_wconf 83' lang='lat' dir='ltr'><strong>concupisceret,</strong></span> <span class='ocrx_word' id='word_1_590' title='bbox 1968 4638 2019 4690; x_wconf 94' lang='lat' dir='ltr'><strong>in</strong></span> <span class='ocrx_word' id='word_1_591' title='bbox 2072 4632 2356 4704; x_wconf 86' lang='lat' dir='ltr'><strong>Epiphanii</strong></span> 
     </span>
    </p>
   </div>
   <div class='ocr_carea' id='block_1_88' title="bbox 795 4733 1797 4788">
    <p class='ocr_par' dir='ltr' id='par_1_88' title="bbox 795 4733 1797 4788">
     <span class='ocr_line' id='line_1_89' title="bbox 795 4733 1797 4788; baseline -0.002 -1"><span class='ocrx_word' id='word_1_592' title='bbox 795 4734 1215 4788; x_wconf 55' lang='lat' dir='ltr'><strong>familiaritatem</strong></span> <span class='ocrx_word' id='word_1_593' title='bbox 1248 4748 1367 4787; x_wconf 89' lang='lat' dir='ltr'><strong>sese</strong></span> <span class='ocrx_word' id='word_1_594' title='bbox 1402 4733 1797 4785; x_wconf 89' lang='lat' dir='ltr'><strong>insinuaverat.</strong></span> 
     </span>
    </p>
   </div>
   <div class='ocr_carea' id='block_1_89' title="bbox 871 4821 2362 4894">
    <p class='ocr_par' dir='ltr' id='par_1_89' title="bbox 871 4821 2362 4894">
     <span class='ocr_line' id='line_1_90' title="bbox 871 4821 2362 4894; baseline -0.005 -15"><span class='ocrx_word' id='word_1_595' title='bbox 871 4826 996 4879; x_wconf 76' lang='grc'><strong>115.</strong></span> <span class='ocrx_word' id='word_1_596' title='bbox 1053 4826 1265 4880; x_wconf 78' lang='lat' dir='ltr'><strong>Accidit</strong></span> <span class='ocrx_word' id='word_1_597' title='bbox 1298 4840 1425 4894; x_wconf 89' lang='lat' dir='ltr'><strong>ergo</strong></span> <span class='ocrx_word' id='word_1_598' title='bbox 1456 4825 1771 4893; x_wconf 84' lang='lat' dir='ltr'><strong>aliquando,</strong></span> <span class='ocrx_word' id='word_1_599' title='bbox 1822 4822 2185 4893; x_wconf 83' lang='lat' dir='ltr'><strong>Epiphanium</strong></span> <span class='ocrx_word' id='word_1_600' title='bbox 2222 4821 2362 4874; x_wconf 84' lang='lat' dir='ltr'><strong>dilu-</strong></span> 
     </span>
    </p>
   </div>
   <div class='ocr_carea' id='block_1_90' title="bbox 798 4915 2364 4986">
    <p class='ocr_par' dir='ltr' id='par_1_90' title="bbox 798 4915 2364 4986">
     <span class='ocr_line' id='line_1_91' title="bbox 798 4915 2364 4986; baseline -0.003 -14"><span class='ocrx_word' id='word_1_601' title='bbox 798 4918 919 4972; x_wconf 86' lang='lat' dir='ltr'><strong>culo</strong></span> <span class='ocrx_word' id='word_1_602' title='bbox 944 4932 1002 4972; x_wconf 89' lang='lat' dir='ltr'><strong>se</strong></span> <span class='ocrx_word' id='word_1_603' title='bbox 1029 4918 1305 4986; x_wconf 85' lang='lat' dir='ltr'><strong>proripere</strong></span> <span class='ocrx_word' id='word_1_604' title='bbox 1333 4932 1361 4970; x_wconf 89' lang='lat' dir='ltr'><strong>e</strong></span> <span class='ocrx_word' id='word_1_605' title='bbox 1411 4925 1601 4977; x_wconf 81' lang='lat' dir='ltr'><strong>strato,</strong></span> <span class='ocrx_word' id='word_1_606' title='bbox 1638 4926 1695 4970; x_wconf 88' lang='lat' dir='ltr'><strong>ut</strong></span> <span class='ocrx_word' id='word_1_607' title='bbox 1740 4916 1927 4970; x_wconf 88' lang='lat' dir='ltr'><strong>laudes</strong></span> <span class='ocrx_word' id='word_1_608' title='bbox 1956 4916 2063 4970; x_wconf 89' lang='lat' dir='ltr'><strong>Deo</strong></span> <span class='ocrx_word' id='word_1_609' title='bbox 2089 4915 2364 4985; x_wconf 82' lang='lat' dir='ltr'><strong>persolve-</strong></span> 
     </span>
    </p>
   </div>
   <div class='ocr_carea' id='block_1_91' title="bbox 802 5008 2364 5080">
    <p class='ocr_par' dir='ltr' id='par_1_91' title="bbox 802 5008 2364 5080">
     <span class='ocr_line' id='line_1_92' title="bbox 802 5008 2364 5080; baseline -0.003 -18"><span class='ocrx_word' id='word_1_610' title='bbox 802 5020 885 5065; x_wconf 84' lang='lat' dir='ltr'><strong>ret</strong></span> <span class='ocrx_word' id='word_1_611' title='bbox 913 5029 926 5063; x_wconf 90' lang='lat'><strong>:</strong></span> <span class='ocrx_word' id='word_1_612' title='bbox 954 5009 1325 5080; x_wconf 86' lang='lat' dir='ltr'><strong>proripuitque</strong></span> <span class='ocrx_word' id='word_1_613' title='bbox 1373 5024 1432 5063; x_wconf 92' lang='lat' dir='ltr'><strong>se</strong></span> <span class='ocrx_word' id='word_1_614' title='bbox 1470 5010 1631 5062; x_wconf 88' lang='lat' dir='ltr'><strong>etiam</strong></span> <span class='ocrx_word' id='word_1_615' title='bbox 1698 5009 2011 5063; x_wconf 85' lang='lat' dir='ltr'><strong>adolescens</strong></span> <span class='ocrx_word' id='word_1_616' title='bbox 2057 5008 2364 5077; x_wconf 72' lang='lat' dir='ltr'><strong>praedictus,</strong></span> 
     </span>
    </p>
   </div>
   <div class='ocr_carea' id='block_1_92' title="bbox 801 5099 2367 5170">
    <p class='ocr_par' dir='ltr' id='par_1_92' title="bbox 801 5099 2367 5170">
     <span class='ocr_line' id='line_1_93' title="bbox 801 5099 2367 5170; baseline -0.004 -14"><span class='ocrx_word' id='word_1_617' title='bbox 801 5115 854 5156; x_wconf 88' lang='lat' dir='ltr'><strong>et</strong></span> <span class='ocrx_word' id='word_1_618' title='bbox 897 5117 1001 5155; x_wconf 81' lang='lat' dir='ltr'><strong>una</strong></span> <span class='ocrx_word' id='word_1_619' title='bbox 1051 5102 1301 5170; x_wconf 89' lang='lat' dir='ltr'><strong>precibus</strong></span> <span class='ocrx_word' id='word_1_620' title='bbox 1347 5100 1627 5154; x_wconf 84' lang='lat' dir='ltr'><strong>matutinis</strong></span> <span class='ocrx_word' id='word_1_621' title='bbox 1670 5100 1892 5153; x_wconf 88' lang='lat' dir='ltr'><strong>vacabat</strong></span> <span class='ocrx_word' id='word_1_622' title='bbox 1924 5117 1939 5153; x_wconf 92' lang='lat'><strong>:</strong></span> <span class='ocrx_word' id='word_1_623' title='bbox 1971 5115 2119 5161; x_wconf 88' lang='lat' dir='ltr'><strong>cum,</strong></span> <span class='ocrx_word' id='word_1_624' title='bbox 2161 5099 2269 5152; x_wconf 87' lang='lat' dir='ltr'><strong>Deo</strong></span> <span class='ocrx_word' id='word_1_625' title='bbox 2296 5099 2367 5151; x_wconf 81' lang='lat' dir='ltr'><strong>ita</strong></span> 
     </span>
    </p>
   </div>
   <div class='ocr_carea' id='block_1_93' title="bbox 800 5192 2367 5265">
    <p class='ocr_par' dir='ltr' id='par_1_93' title="bbox 800 5192 2367 5265">
     <span class='ocr_line' id='line_1_94' title="bbox 800 5192 2367 5265; baseline -0.003 -17"><span class='ocrx_word' id='word_1_626' title='bbox 800 5198 1143 5265; x_wconf 85' lang='lat' dir='ltr'><strong>disponente,</strong></span> <span class='ocrx_word' id='word_1_627' title='bbox 1174 5192 1361 5247; x_wconf 86' lang='lat' dir='ltr'><strong>eodem</strong></span> <span class='ocrx_word' id='word_1_628' title='bbox 1393 5208 1610 5262; x_wconf 87' lang='lat' dir='ltr'><strong>quoque</strong></span> <span class='ocrx_word' id='word_1_629' title='bbox 1647 5192 1862 5246; x_wconf 87' lang='lat' dir='ltr'><strong>advenit</strong></span> <span class='ocrx_word' id='word_1_630' title='bbox 1886 5194 2075 5247; x_wconf 89' lang='lat' dir='ltr'><strong>beatus</strong></span> <span class='ocrx_word' id='word_1_631' title='bbox 2102 5192 2367 5253; x_wconf 83' lang='lat' dir='ltr'><strong>Andreas,</strong></span> 
     </span>
    </p>
   </div>
   <div class='ocr_carea' id='block_1_94' title="bbox 803 5284 2365 5355">
    <p class='ocr_par' dir='ltr' id='par_1_94' title="bbox 803 5284 2365 5355">
     <span class='ocr_line' id='line_1_95' title="bbox 803 5284 2365 5355; baseline -0.006 -12"><span class='ocrx_word' id='word_1_632' title='bbox 803 5300 1231 5355; x_wconf 77' lang='lat' dir='ltr'><strong>energumenum</strong></span> <span class='ocrx_word' id='word_1_633' title='bbox 1261 5300 1445 5354; x_wconf 81' lang='lat' dir='ltr'><strong>agens.</strong></span> <span class='ocrx_word' id='word_1_634' title='bbox 1479 5287 1647 5352; x_wconf 85' lang='lat' dir='ltr'><strong>Quem</strong></span> <span class='ocrx_word' id='word_1_635' title='bbox 1691 5287 1779 5340; x_wconf 85' lang='lat' dir='ltr'><strong>ubi</strong></span> <span class='ocrx_word' id='word_1_636' title='bbox 1811 5284 2090 5353; x_wconf 78' lang='lat' dir='ltr'><strong>conspexit</strong></span> <span class='ocrx_word' id='word_1_637' title='bbox 2135 5284 2365 5352; x_wconf 82' lang='lat' dir='ltr'><strong>Epipha-</strong></span> 
     </span>
    </p>
   </div>
   <div class='ocr_carea' id='block_1_95' title="bbox 806 5372 2375 5445">
    <p class='ocr_par' dir='ltr' id='par_1_95' title="bbox 806 5372 2375 5445">
     <span class='ocr_line' id='line_1_96' title="bbox 806 5372 2375 5445; baseline -0.004 -16"><span class='ocrx_word' id='word_1_638' title='bbox 806 5378 949 5436; x_wconf 87' lang='lat' dir='ltr'><strong>nius.</strong></span> <span class='ocrx_word' id='word_1_639' title='bbox 1015 5376 1086 5428; x_wconf 88' lang='lat' dir='ltr'><strong>ob</strong></span> <span class='ocrx_word' id='word_1_640' title='bbox 1142 5373 1499 5443; x_wconf 77' lang='lat' dir='ltr'><strong>frequentiam</strong></span> <span class='ocrx_word' id='word_1_641' title='bbox 1566 5375 1749 5445; x_wconf 90' lang='lat' dir='ltr'><strong>populi</strong></span> <span class='ocrx_word' id='word_1_642' title='bbox 1802 5374 2045 5437; x_wconf 89' lang='lat' dir='ltr'><strong>veritus,</strong></span> <span class='ocrx_word' id='word_1_643' title='bbox 2094 5388 2160 5427; x_wconf 90' lang='lat' dir='ltr'><strong>nc</strong></span> <span class='ocrx_word' id='word_1_644' title='bbox 2206 5372 2375 5440; x_wconf 80' lang='lat' dir='ltr'><strong>ipsius</strong></span> 
     </span>
    </p>
   </div>
   <div class='ocr_carea' id='block_1_96' title="bbox 808 5462 2377 5535">
    <p class='ocr_par' dir='ltr' id='par_1_96' title="bbox 808 5462 2377 5535">
     <span class='ocr_line' id='line_1_97' title="bbox 808 5462 2377 5535; baseline -0.006 -14"><span class='ocrx_word' id='word_1_645' title='bbox 808 5468 999 5535; x_wconf 78' lang='lat' dir='ltr'><strong>agendi</strong></span> <span class='ocrx_word' id='word_1_646' title='bbox 1044 5468 1238 5521; x_wconf 82' lang='lat' dir='ltr'><strong>modus</strong></span> <span class='ocrx_word' id='word_1_647' title='bbox 1272 5470 1504 5534; x_wconf 68' lang='lat' dir='ltr'><strong>cuipiam</strong></span> <span class='ocrx_word' id='word_1_648' title='bbox 1554 5470 1937 5529; x_wconf 86' lang='lat' dir='ltr'><strong>innotesceret,</strong></span> <span class='ocrx_word' id='word_1_649' title='bbox 1967 5464 2170 5518; x_wconf 91' lang='lat' dir='ltr'><strong>nullum</strong></span> <span class='ocrx_word' id='word_1_650' title='bbox 2203 5462 2377 5517; x_wconf 84' lang='lat' dir='ltr'><strong>sensi-</strong></span> 
     </span>
    </p>
   </div>
   <div class='ocr_carea' id='block_1_97' title="bbox 813 5555 2376 5628">
    <p class='ocr_par' dir='ltr' id='par_1_97' title="bbox 813 5555 2376 5628">
     <span class='ocr_line' id='line_1_98' title="bbox 813 5555 2376 5628; baseline -0.006 -13"><span class='ocrx_word' id='word_1_651' title='bbox 813 5561 916 5615; x_wconf 80' lang='lat' dir='ltr'><strong>bile</strong></span> <span class='ocrx_word' id='word_1_652' title='bbox 957 5560 1212 5612; x_wconf 71' lang='lat' dir='ltr'><strong>india-ium</strong></span> <span class='ocrx_word' id='word_1_653' title='bbox 1285 5560 1549 5621; x_wconf 77' lang='lat' dir='ltr'><strong>fccil,sed</strong></span> <span class='ocrx_word' id='word_1_654' title='bbox 1617 5562 1733 5615; x_wconf 83' lang='lat' dir='ltr'><strong>solo</strong></span> <span class='ocrx_word' id='word_1_655' title='bbox 1758 5559 1948 5628; x_wconf 89' lang='lat' dir='ltr'><strong>spiritu</strong></span> <span class='ocrx_word' id='word_1_656' title='bbox 2000 5555 2376 5611; x_wconf 86' lang='lat' dir='ltr'><strong>advenientem</strong></span> 
     </span>
    </p>
   </div>
   <div class='ocr_carea' id='block_1_98' title="bbox 813 5645 2379 5719">
    <p class='ocr_par' dir='ltr' id='par_1_98' title="bbox 813 5645 2379 5719">
     <span class='ocr_line' id='line_1_99' title="bbox 813 5645 2379 5719; baseline -0.004 -15"><span class='ocrx_word' id='word_1_657' title='bbox 813 5653 1088 5707; x_wconf 68' lang='lat' dir='ltr'><strong>salutavit.</strong></span> <span class='ocrx_word' id='word_1_658' title='bbox 1142 5654 1423 5719; x_wconf 79' lang='lat' dir='ltr'><strong>Ingressus</strong></span> <span class='ocrx_word' id='word_1_659' title='bbox 1473 5662 1653 5706; x_wconf 88' lang='lat' dir='ltr'><strong>autem</strong></span> <span class='ocrx_word' id='word_1_660' title='bbox 1683 5650 1947 5715; x_wconf 78' lang='lat' dir='ltr'><strong>Andreas,</strong></span> <span class='ocrx_word' id='word_1_661' title='bbox 1987 5645 2287 5717; x_wconf 71' lang='lat' dir='ltr'><strong>Epiphanio</strong></span> <span class='ocrx_word' id='word_1_662' title='bbox 2322 5659 2379 5698; x_wconf 90' lang='lat' dir='ltr'><strong>se</strong></span> 
     </span>
    </p>
   </div>
   <div class='ocr_carea' id='block_1_99' title="bbox 814 5736 2379 5814">
    <p class='ocr_par' dir='ltr' id='par_1_99' title="bbox 814 5736 2379 5814">
     <span class='ocr_line' id='line_1_100' title="bbox 814 5736 2379 5814; baseline -0.004 -17"><span class='ocrx_word' id='word_1_663' title='bbox 814 5745 1100 5814; x_wconf 74' lang='lat' dir='ltr'><strong>adjunxit;</strong></span> <span class='ocrx_word' id='word_1_664' title='bbox 1160 5744 1415 5813; x_wconf 82' lang='lat' dir='ltr'><strong>stetitque</strong></span> <span class='ocrx_word' id='word_1_665' title='bbox 1445 5746 1604 5814; x_wconf 83' lang='lat' dir='ltr'><strong>longo</strong></span> <span class='ocrx_word' id='word_1_666' title='bbox 1636 5754 1893 5813; x_wconf 85' lang='lat' dir='ltr'><strong>tempore,</strong></span> <span class='ocrx_word' id='word_1_667' title='bbox 1934 5741 2160 5797; x_wconf 87' lang='lat' dir='ltr'><strong>verbum</strong></span> <span class='ocrx_word' id='word_1_668' title='bbox 2202 5736 2379 5809; x_wconf 82' lang='lat' dir='ltr'><strong>profe-</strong></span> 
     </span>
    </p>
   </div>
   <div class='ocr_carea' id='block_1_100' title="bbox 819 5837 2384 5903">
    <p class='ocr_par' dir='ltr' id='par_1_100' title="bbox 819 5837 2384 5903">
     <span class='ocr_line' id='line_1_101' title="bbox 819 5837 2384 5903; baseline -0.004 -14"><span class='ocrx_word' id='word_1_669' title='bbox 819 5853 940 5892; x_wconf 77' lang='lat' dir='ltr'><strong>iens</strong></span> <span class='ocrx_word' id='word_1_670' title='bbox 993 5837 1236 5899; x_wconf 72' lang='lat' dir='ltr'><strong>nullum,</strong></span> <span class='ocrx_word' id='word_1_671' title='bbox 1292 5838 1478 5892; x_wconf 85' lang='lat' dir='ltr'><strong>obtutu</strong></span> <span class='ocrx_word' id='word_1_672' title='bbox 1542 5838 1822 5894; x_wconf 68' lang='lat' dir='ltr'><strong>duntaxat,</strong></span> <span class='ocrx_word' id='word_1_673' title='bbox 1880 5850 2053 5903; x_wconf 79' lang='lat' dir='ltr'><strong>eoque</strong></span> <span class='ocrx_word' id='word_1_674' title='bbox 2104 5843 2257 5888; x_wconf 82' lang='lat' dir='ltr'><strong>torvo</strong></span> <span class='ocrx_word' id='word_1_675' title='bbox 2321 5845 2384 5884; x_wconf 76' lang='lat' dir='ltr'><strong>ac</strong></span> 
     </span>
    </p>
   </div>
   <div class='ocr_carea' id='block_1_101' title="bbox 2540 4802 4052 4882">
    <p class='ocr_par' dir='ltr' id='par_1_101' title="bbox 2540 4802 4052 4882">
     <span class='ocr_line' id='line_1_102' title="bbox 2540 4802 4052 4882; baseline -0.006 -18"><span class='ocrx_word' id='word_1_676' title='bbox 2540 4812 2659 4882; x_wconf 75' lang='grc' dir='ltr'><strong>ριέ.</strong></span> <span class='ocrx_word' id='word_1_677' title='bbox 2678 4812 2763 4863; x_wconf 85' lang='grc' dir='ltr'><strong>Ἑν</strong></span> <span class='ocrx_word' id='word_1_678' title='bbox 2800 4812 2897 4880; x_wconf 83' lang='grc' dir='ltr'><strong>μιᾷ</strong></span> <span class='ocrx_word' id='word_1_679' title='bbox 2916 4808 2973 4861; x_wconf 83' lang='grc' dir='ltr'><strong>δὲ</strong></span> <span class='ocrx_word' id='word_1_680' title='bbox 3004 4807 3111 4861; x_wconf 80' lang='grc' dir='ltr'><strong>τῶν</strong></span> <span class='ocrx_word' id='word_1_681' title='bbox 3140 4804 3381 4875; x_wconf 79' lang='grc' dir='ltr'><strong>ἡμερῶν,</strong></span> <span class='ocrx_word' id='word_1_682' title='bbox 3402 4804 3754 4873; x_wconf 79' lang='grc' dir='ltr'><strong>ὁρθρίσαντος</strong></span> <span class='ocrx_word' id='word_1_683' title='bbox 3780 4802 3877 4855; x_wconf 77' lang='grc' dir='ltr'><strong>τοῦ</strong></span> <span class='ocrx_word' id='word_1_684' title='bbox 3895 4802 4052 4855; x_wconf 76' lang='grc' dir='ltr'><strong>Ἐπι-</strong></span> 
     </span>
    </p>
   </div>
   <div class='ocr_carea' id='block_1_102' title="bbox 2471 4894 4053 4974">
    <p class='ocr_par' dir='ltr' id='par_1_102' title="bbox 2471 4894 4053 4974">
     <span class='ocr_line' id='line_1_103' title="bbox 2471 4894 4053 4974; baseline -0.008 -16"><span class='ocrx_word' id='word_1_685' title='bbox 2471 4907 2662 4974; x_wconf 79' lang='grc' dir='ltr'><strong>φανὶου</strong></span> <span class='ocrx_word' id='word_1_686' title='bbox 2685 4906 2765 4966; x_wconf 80' lang='grc' dir='ltr'><strong>εἰς</strong></span> <span class='ocrx_word' id='word_1_687' title='bbox 2794 4903 2890 4972; x_wconf 74' lang='grc' dir='ltr'><strong>τὴν</strong></span> <span class='ocrx_word' id='word_1_688' title='bbox 2918 4901 3008 4954; x_wconf 82' lang='grc' dir='ltr'><strong>τοῦ</strong></span> <span class='ocrx_word' id='word_1_689' title='bbox 3026 4898 3165 4952; x_wconf 82' lang='grc' dir='ltr'><strong>Θεοῦ</strong></span> <span class='ocrx_word' id='word_1_690' title='bbox 3196 4897 3526 4963; x_wconf 82' lang='grc' dir='ltr'><strong>δοξολογίαν,</strong></span> <span class='ocrx_word' id='word_1_691' title='bbox 3555 4894 3867 4965; x_wconf 82' lang='grc' dir='ltr'><strong>συνηγέρθη</strong></span> <span class='ocrx_word' id='word_1_692' title='bbox 3900 4896 4053 4963; x_wconf 77' lang='grc' dir='ltr'><strong>αὐτῷ</strong></span> 
     </span>
    </p>
   </div>
   <div class='ocr_carea' id='block_1_103' title="bbox 2473 4988 4052 5067">
    <p class='ocr_par' dir='ltr' id='par_1_103' title="bbox 2473 4988 4052 5067">
     <span class='ocr_line' id='line_1_104' title="bbox 2473 4988 4052 5067; baseline -0.006 -16"><span class='ocrx_word' id='word_1_693' title='bbox 2473 5000 2565 5051; x_wconf 72' lang='grc' dir='ltr'><strong>καὶ</strong></span> <span class='ocrx_word' id='word_1_694' title='bbox 2594 4998 2622 5051; x_wconf 83' lang='grc' dir='ltr'><strong>ὁ</strong></span> <span class='ocrx_word' id='word_1_695' title='bbox 2664 4996 2851 5067; x_wconf 72' lang='grc' dir='ltr'><strong>ῥηθεὶς</strong></span> <span class='ocrx_word' id='word_1_696' title='bbox 2873 4994 3111 5058; x_wconf 82' lang='grc' dir='ltr'><strong>νεανίας,</strong></span> <span class='ocrx_word' id='word_1_697' title='bbox 3144 4993 3237 5045; x_wconf 69' lang='grc' dir='ltr'><strong>καὶ</strong></span> <span class='ocrx_word' id='word_1_698' title='bbox 3266 4991 3363 5042; x_wconf 75' lang='grc' dir='ltr'><strong>σὺν</strong></span> <span class='ocrx_word' id='word_1_699' title='bbox 3399 4988 3547 5057; x_wconf 67' lang='grc' dir='ltr'><strong>αὖτῷ</strong></span> <span class='ocrx_word' id='word_1_700' title='bbox 3572 4988 3759 5040; x_wconf 78' lang='grc' dir='ltr'><strong>ἵστατο</strong></span> <span class='ocrx_word' id='word_1_701' title='bbox 3784 4988 4010 5057; x_wconf 62' lang='grc' dir='ltr'><strong>ψάλλων</strong></span> <span class='ocrx_word' id='word_1_702' title='bbox 4039 5006 4052 5018; x_wconf 75' lang='grc'><strong>’</strong></span> 
     </span>
    </p>
   </div>
   <div class='ocr_carea' id='block_1_104' title="bbox 2475 5080 4056 5154">
    <p class='ocr_par' dir='ltr' id='par_1_104' title="bbox 2475 5080 4056 5154">
     <span class='ocr_line' id='line_1_105' title="bbox 2475 5080 4056 5154; baseline -0.006 -13"><span class='ocrx_word' id='word_1_703' title='bbox 2475 5092 2656 5141; x_wconf 85' lang='grc' dir='ltr'><strong>νεύσει</strong></span> <span class='ocrx_word' id='word_1_704' title='bbox 2685 5088 2742 5139; x_wconf 82' lang='grc' dir='ltr'><strong>δὲ</strong></span> <span class='ocrx_word' id='word_1_705' title='bbox 2783 5086 2917 5139; x_wconf 75' lang='grc' dir='ltr'><strong>Θεοῦ</strong></span> <span class='ocrx_word' id='word_1_706' title='bbox 2942 5086 3162 5154; x_wconf 80' lang='grc' dir='ltr'><strong>ἔρχεται</strong></span> <span class='ocrx_word' id='word_1_707' title='bbox 3196 5085 3376 5136; x_wconf 69' lang='grc' dir='ltr'><strong>ἐκεῖσε</strong></span> <span class='ocrx_word' id='word_1_708' title='bbox 3406 5085 3434 5134; x_wconf 84' lang='grc' dir='ltr'>ὁ</span> <span class='ocrx_word' id='word_1_709' title='bbox 3468 5080 3741 5150; x_wconf 84' lang='grc' dir='ltr'><strong>μακάριος</strong></span> <span class='ocrx_word' id='word_1_710' title='bbox 3793 5081 4056 5148; x_wconf 77' lang='grc' dir='ltr'><strong>Ἀνδρέας</strong></span> 
     </span>
    </p>
   </div>
   <div class='ocr_carea' id='block_1_105' title="bbox 2474 5172 4057 5247">
    <p class='ocr_par' dir='ltr' id='par_1_105' title="bbox 2474 5172 4057 5247">
     <span class='ocr_line' id='line_1_106' title="bbox 2474 5172 4057 5247; baseline -0.007 -13"><span class='ocrx_word' id='word_1_711' title='bbox 2474 5183 2548 5243; x_wconf 83' lang='grc' dir='ltr'><strong>ὡς</strong></span> <span class='ocrx_word' id='word_1_712' title='bbox 2578 5177 2658 5242; x_wconf 78' lang='grc' dir='ltr'><strong>εἷς</strong></span> <span class='ocrx_word' id='word_1_713' title='bbox 2697 5178 2804 5232; x_wconf 84' lang='grc' dir='ltr'><strong>τῶν</strong></span> <span class='ocrx_word' id='word_1_714' title='bbox 2836 5175 3409 5247; x_wconf 82' lang='grc' dir='ltr'><strong>παρατετραμμένων.</strong></span> <span class='ocrx_word' id='word_1_715' title='bbox 3463 5172 3759 5242; x_wconf 84' lang='grc' dir='ltr'><strong>Ἐωρακὼς</strong></span> <span class='ocrx_word' id='word_1_716' title='bbox 3787 5172 3846 5224; x_wconf 84' lang='grc' dir='ltr'><strong>δὲ</strong></span> <span class='ocrx_word' id='word_1_717' title='bbox 3893 5174 4057 5224; x_wconf 69' lang='grc' dir='ltr'><strong>αὑτὸν</strong></span> 
     </span>
    </p>
   </div>
   <div class='ocr_carea' id='block_1_106' title="bbox 2476 5266 4059 5338">
    <p class='ocr_par' dir='ltr' id='par_1_106' title="bbox 2476 5266 4059 5338">
     <span class='ocr_line' id='line_1_107' title="bbox 2476 5266 4059 5338; baseline -0.004 -15"><span class='ocrx_word' id='word_1_718' title='bbox 2476 5274 2504 5323; x_wconf 88' lang='grc' dir='ltr'>ὀ</span> <span class='ocrx_word' id='word_1_719' title='bbox 2551 5272 2887 5338; x_wconf 69' lang='grc' dir='ltr'><strong>Ἐπιιράνιος⁸</strong></span> <span class='ocrx_word' id='word_1_720' title='bbox 2937 5270 3025 5323; x_wconf 84' lang='grc' dir='ltr'><strong>διὰ</strong></span> <span class='ocrx_word' id='word_1_721' title='bbox 3056 5272 3183 5330; x_wconf 76' lang='grc' dir='ltr'><strong>τοὺς</strong></span> <span class='ocrx_word' id='word_1_722' title='bbox 3223 5266 3569 5336; x_wconf 82' lang='grc' dir='ltr'><strong>ἀνθρώπους,</strong></span> <span class='ocrx_word' id='word_1_723' title='bbox 3618 5266 3767 5326; x_wconf 79' lang='grc' dir='ltr'><strong>ὅπως</strong></span> <span class='ocrx_word' id='word_1_724' title='bbox 3806 5267 3884 5333; x_wconf 83' lang='grc' dir='ltr'><strong>μὴ</strong></span> <span class='ocrx_word' id='word_1_725' title='bbox 3914 5282 4059 5330; x_wconf 85' lang='grc' dir='ltr'><strong>γνω-</strong></span> 
     </span>
    </p>
   </div>
   <div class='ocr_carea' id='block_1_107' title="bbox 2480 5358 4061 5432">
    <p class='ocr_par' dir='ltr' id='par_1_107' title="bbox 2480 5358 4061 5432">
     <span class='ocr_line' id='line_1_108' title="bbox 2480 5358 4061 5432; baseline -0.018 2"><span class='ocrx_word' id='word_1_726' title='bbox 2480 5365 2673 5432; x_wconf 62' lang='grc' dir='ltr'><strong>σθῆναι</strong></span> <span class='ocrx_word' id='word_1_727' title='bbox 2732 5360 2826 5414; x_wconf 72' lang='grc' dir='ltr'><strong>τοῦ</strong></span> <span class='ocrx_word' id='word_1_728' title='bbox 2888 5361 3063 5415; x_wconf 74' lang='grc' dir='ltr'><strong>ὐσέου</strong></span> <span class='ocrx_word' id='word_1_729' title='bbox 3120 5360 3218 5430; x_wconf 76' lang='grc' dir='ltr'><strong>τὴν</strong></span> <span class='ocrx_word' id='word_1_730' title='bbox 3270 5360 3556 5429; x_wconf 80' lang='grc' dir='ltr'><strong>ἐργασίαν,</strong></span> <span class='ocrx_word' id='word_1_731' title='bbox 3599 5358 3752 5410; x_wconf 80' lang='grc' dir='ltr'><strong>οὐδὲν</strong></span> <span class='ocrx_word' id='word_1_732' title='bbox 3797 5358 4061 5427; x_wconf 69' lang='grc' dir='ltr'><strong>αἰσθητίν</strong></span> 
     </span>
    </p>
   </div>
   <div class='ocr_carea' id='block_1_108' title="bbox 2482 5450 4062 5526">
    <p class='ocr_par' dir='ltr' id='par_1_108' title="bbox 2482 5450 4062 5526">
     <span class='ocr_line' id='line_1_109' title="bbox 2482 5450 4062 5526; baseline -0.004 -19"><span class='ocrx_word' id='word_1_733' title='bbox 2482 5457 2617 5526; x_wconf 70' lang='grc' dir='ltr'><strong>πρὸς</strong></span> <span class='ocrx_word' id='word_1_734' title='bbox 2648 5455 2809 5507; x_wconf 78' lang='grc' dir='ltr'><strong>αὐτὸν</strong></span> <span class='ocrx_word' id='word_1_735' title='bbox 2839 5454 3173 5519; x_wconf 77' lang='grc' dir='ltr'><strong>ἐπεδείξατο.</strong></span> <span class='ocrx_word' id='word_1_736' title='bbox 3206 5451 3342 5505; x_wconf 73' lang='grc' dir='ltr'><strong>ἀλλὰ</strong></span> <span class='ocrx_word' id='word_1_737' title='bbox 3376 5452 3649 5519; x_wconf 82' lang='grc' dir='ltr'><strong>πνεύματι</strong></span> <span class='ocrx_word' id='word_1_738' title='bbox 3674 5450 3838 5502; x_wconf 77' lang='grc' dir='ltr'><strong>αὐτὸν</strong></span> <span class='ocrx_word' id='word_1_739' title='bbox 3872 5452 4062 5519; x_wconf 73' lang='grc' dir='ltr'><strong>ἠσπά-</strong></span> 
     </span>
    </p>
   </div>
   <div class='ocr_carea' id='block_1_109' title="bbox 2485 5541 4061 5611">
    <p class='ocr_par' dir='ltr' id='par_1_109' title="bbox 2485 5541 4061 5611">
     <span class='ocr_line' id='line_1_110' title="bbox 2485 5541 4061 5611; baseline -0.006 -9"><span class='ocrx_word' id='word_1_740' title='bbox 2485 5566 2635 5602; x_wconf 83' lang='grc' dir='ltr'><strong>σατο.</strong></span> <span class='ocrx_word' id='word_1_741' title='bbox 2686 5548 2777 5607; x_wconf 84' lang='grc' dir='ltr'><strong>Ὠς</strong></span> <span class='ocrx_word' id='word_1_742' title='bbox 2825 5546 2917 5598; x_wconf 78' lang='grc' dir='ltr'><strong>οὖν</strong></span> <span class='ocrx_word' id='word_1_743' title='bbox 2947 5544 3096 5599; x_wconf 80' lang='grc' dir='ltr'><strong>ἔνδον</strong></span> <span class='ocrx_word' id='word_1_744' title='bbox 3123 5545 3370 5611; x_wconf 75' lang='grc' dir='ltr'><strong>ἐγένετο,</strong></span> <span class='ocrx_word' id='word_1_745' title='bbox 3400 5542 3572 5595; x_wconf 82' lang='grc' dir='ltr'><strong>ἐλθὼν</strong></span> <span class='ocrx_word' id='word_1_746' title='bbox 3599 5541 3827 5611; x_wconf 79' lang='grc' dir='ltr'><strong>πλησίον</strong></span> <span class='ocrx_word' id='word_1_747' title='bbox 3863 5541 4061 5601; x_wconf 73' lang='grc' dir='ltr'><strong>αὑτοῦ,</strong></span> 
     </span>
    </p>
   </div>
   <div class='ocr_carea' id='block_1_110' title="bbox 2485 5634 4063 5711">
    <p class='ocr_par' dir='ltr' id='par_1_110' title="bbox 2485 5634 4063 5711">
     <span class='ocr_line' id='line_1_111' title="bbox 2485 5634 4063 5711; baseline -0.006 -18"><span class='ocrx_word' id='word_1_748' title='bbox 2485 5643 2615 5711; x_wconf 79' lang='grc' dir='ltr'><strong>ἔστη</strong></span> <span class='ocrx_word' id='word_1_749' title='bbox 2662 5642 2756 5693; x_wconf 71' lang='grc' dir='ltr'><strong>ἐπὶ</strong></span> <span class='ocrx_word' id='word_1_750' title='bbox 2807 5639 3003 5708; x_wconf 77' lang='grc' dir='ltr'><strong>πολλὴν</strong></span> <span class='ocrx_word' id='word_1_751' title='bbox 3028 5638 3175 5708; x_wconf 83' lang='grc' dir='ltr'><strong>ὥραν</strong></span> <span class='ocrx_word' id='word_1_752' title='bbox 3208 5636 3429 5711; x_wconf 77' lang='grc' dir='ltr'><strong>σιωπῶν</strong></span> <span class='ocrx_word' id='word_1_753' title='bbox 3456 5654 3471 5667; x_wconf 74' lang='grc' dir='ltr'><strong>ο</strong></span> <span class='ocrx_word' id='word_1_754' title='bbox 3507 5634 3715 5689; x_wconf 68' lang='grc' dir='ltr'><strong>ἀπιδὼν</strong></span> <span class='ocrx_word' id='word_1_755' title='bbox 3744 5634 3803 5687; x_wconf 79' lang='grc' dir='ltr'><strong>δὲ</strong></span> <span class='ocrx_word' id='word_1_756' title='bbox 3850 5636 3933 5693; x_wconf 71' lang='grc' dir='ltr'><strong>εἰς</strong></span> <span class='ocrx_word' id='word_1_757' title='bbox 3964 5634 4063 5703; x_wconf 68' lang='grc' dir='ltr'><strong>τὴν</strong></span> 
     </span>
    </p>
   </div>
   <div class='ocr_carea' id='block_1_111' title="bbox 2487 5727 4061 5802">
    <p class='ocr_par' dir='ltr' id='par_1_111' title="bbox 2487 5727 4061 5802">
     <span class='ocr_line' id='line_1_112' title="bbox 2487 5727 4061 5802; baseline -0.007 -16"><span class='ocrx_word' id='word_1_758' title='bbox 2487 5735 2605 5802; x_wconf 51' lang='grc' dir='ltr'><strong>ῦᾷιν</strong></span> <span class='ocrx_word' id='word_1_759' title='bbox 2658 5732 2750 5786; x_wconf 78' lang='grc' dir='ltr'><strong>τοῦ</strong></span> <span class='ocrx_word' id='word_1_760' title='bbox 2807 5733 3089 5785; x_wconf 69' lang='grc' dir='ltr'><strong>νεανίσκου</strong></span> <span class='ocrx_word' id='word_1_761' title='bbox 3145 5731 3353 5782; x_wconf 80' lang='grc' dir='ltr'><strong>ἐκείνου</strong></span> <span class='ocrx_word' id='word_1_762' title='bbox 3402 5728 3647 5798; x_wconf 79' lang='grc' dir='ltr'><strong>βλοσυρῷ</strong></span> <span class='ocrx_word' id='word_1_763' title='bbox 3699 5728 3776 5795; x_wconf 77' lang='grc' dir='ltr'><strong>τῷ</strong></span> <span class='ocrx_word' id='word_1_764' title='bbox 3820 5727 4061 5795; x_wconf 73' lang='grc' dir='ltr'><strong>ὄμματι,</strong></span> 
     </span>
    </p>
   </div>
   <div class='ocr_carea' id='block_1_112' title="bbox 2485 5818 4062 5894">
    <p class='ocr_par' dir='ltr' id='par_1_112' title="bbox 2485 5818 4062 5894">
     <span class='ocr_line' id='line_1_113' title="bbox 2485 5818 4062 5894; baseline -0.007 -15"><span class='ocrx_word' id='word_1_765' title='bbox 2485 5827 2698 5881; x_wconf 69' lang='grc' dir='ltr'><strong>δίδωσιν</strong></span> <span class='ocrx_word' id='word_1_766' title='bbox 2728 5825 2873 5894; x_wconf 74' lang='grc' dir='ltr'><strong>αὐτῷ</strong></span> <span class='ocrx_word' id='word_1_767' title='bbox 2915 5826 3127 5888; x_wconf 63' lang='lat' dir='ltr'><strong>va-saw,</strong></span> <span class='ocrx_word' id='word_1_768' title='bbox 3164 5823 3235 5886; x_wconf 67' lang='lat' dir='ltr'><strong>ti),</strong></span> <span class='ocrx_word' id='word_1_769' title='bbox 3278 5821 3525 5890; x_wconf 68' lang='grc' dir='ltr'><strong>ἠδύνατο,</strong></span> <span class='ocrx_word' id='word_1_770' title='bbox 3582 5820 3671 5874; x_wconf 78' lang='grc' dir='ltr'><strong>καί</strong></span> <span class='ocrx_word' id='word_1_771' title='bbox 3718 5834 3852 5888; x_wconf 63' lang='grc' dir='ltr'><strong>φησι</strong></span> <span class='ocrx_word' id='word_1_772' title='bbox 3923 5818 4062 5887; x_wconf 74' lang='grc' dir='ltr'><strong>πρὸς</strong></span> 
     </span>
    </p>
   </div>
  </div>
