4202 6434
196 389 290 451 τοι

1396 406 1571 465 Vl'l‘A
1617 410 1675 467 S.
1721 410 2048 469 ANDREJS
2091 413 2281 476 SALI‘.

3336 429 3440 491 76?.

193 501 357 551 αὑτῦν
384 518 397 528 ·
449 503 743 573 Ἀπόπτηθι
778 505 871 559 τοῦ
903 508 1112 572 παιδός·
1147 511 1207 563 οὑ
1233 512 1340 581 γὰρ
1371 512 1421 566 εἶ
1446 517 1592 581 ἄξιος
1615 518 1772 571 ἑστάο

1877 536 2099 584 severo,
2162 524 2215 576 in
2282 526 2530 581 comitem
2592 529 2735 584 illius
2777 533 2992 599 deﬁxo,
3058 536 3146 590 cui
3199 547 3253 592 ct
3295 541 3442 594 cola-

193 610 279 642 ναι
314 591 547 661 πλησίον
576 597 740 648 αὑτοῦ
777 612 790 629 '
823 598 955 651 διότι
983 604 1167 665 κακῶς
1211 604 1480 673 κέχρηται
1530 610 1597 678 τῇ
1635 609 1771 677 ψαλ-

192 682 395 751 μῳδία.
433 685 858 755 ὲξουθενημὲνον
912 707 970 743 σε
1003 696 1339 764 κεκτημένος
1365 698 1393 750 6
1420 698 1642 768 Κύριος.
1684 700 1771 762 Ὠς

191 773 282 825 οὖν
316 778 621 845 ἐρράπισεν
658 778 822 831 αὑτὸν
850 782 878 832 6
906 782 1144 847 Δίκαιος,
1178 788 1383 849 ἐκεῖνος
1429 790 1631 852 εὐθέως
1671 792 1773 859 ἐμ-

194 868 372 935 μανὴς
426 870 663 936 ἐγένετο,
716 872 811 925 καὶ
862 873 1089 946 ὥρμησε
1125 866 1246 931 ’τοῦ
1283 880 1578 950 δράξασθαι
1611 882 1771 934 αὑτὸν

190 959 299 1007 ἀιτῦ
338 960 449 1010 τῶν
476 962 682 1029 τριχῶν
718 975 734 989 ⁸
772 963 999 1034 δραμὼν
1028 968 1084 1020 δὲ
1110 969 1139 1021 6
1187 970 1525 1039 Ἐπιφάνιος,
1567 974 1773 1027 ἐκώλυ-

190 1065 282 1100 σεν
313 1053 479 1103 αὑτὶν
506 1053 601 1107 τοῦ
634 1048 1054 1126 ἐγχειρήματος,
1075 1060 1445 1128 ὀνειδιστικῶς
1467 1066 1772 1138 ἐπιπλήξας

189 1140 353 1190 αὑτδν
379 1144 473 1192 καὶ
501 1143 675 1211 λέγων
703 1160 717 1175 ⁸

261 1424 400 1484 ρις’.
425 1417 633 1485 Οὕτως,
656 1420 819 1491 ἔξηχε
856 1423 944 1476 ἐπ’
967 1425 1246 1496 ἀληθείας,
1273 1430 1477 1499 μεταξὺ
1503 1434 1598 1486 τοῦ
1624 1436 1770 1490 θείου

192 1508 356 1575 χοροῦ
378 1510 688 1579 ἱστάμενος,
709 1514 932 1568 τοιαῦτα
961 1518 1327 1589 ἐπεχείρησας
1349 1523 1770 1594 διαπράξασθαις

192 1595 379 1657 Οὕτως
404 1600 791 1665 ἁναγιώσκεις,
809 1603 890 1655 ὅτι
917 1606 1134 1659 «Κακὸν
1155 1610 1275 1661 ἀντὶ
1302 1612 1474 1664 κακοῦ
1504 1615 1577 1681 μὴ
1612 1616 1775 1669 ἀντα-

192 1686 663 1755 ποῧώτῃςςιοῦτω
689 1690 835 1760 λέγει
869 1695 1089 1766 Κύριος,
1120 1716 1138 1748 ι
1192 1699 1318 1753 Ἐάν
1351 1701 1435 1764 τίς
1480 1720 1538 1754 σε
1564 1705 1769 1777 ραπίσῃ

1875 612 2063 680 phum,
2121 624 2321 682 quanta
2390 619 2561 686 potuit
2612 622 2887 689 violentia,
2956 627 3444 697 impingens:Re-

1874 704 2023 767 cede,
2077 706 2274 773 inquit,
2329 709 2397 761 ah
2448 710 2623 768 isthoc
2679 715 3045 781 adolescente,
3085 730 3270 789 utpote
3303 722 3443 777 indi-

1872 809 2010 864 guus
2068 798 2328 853 societate
2388 800 2569 866 illius;
2605 806 2746 873 quod
2786 808 2932 861 enim
2977 810 3178 866 abusus
3209 815 3283 868 sis
3330 815 3446 867 lau-

1870 887 1998 941 dum
2061 888 2367 945 divinarum
2418 895 2650 964 hymnis,
2712 899 2970 955 Dominus
3004 911 3054 956 te
3083 919 3180 972 pro
3213 908 3444 974 reprobo

1872 979 2053 1033 habet.
2120 983 2187 1035 At
2222 983 2331 1049 ille,
2361 986 2431 1039 oh
2491 986 2751 1042 inﬂictum
2790 993 3075 1063 colaphum
3106 995 3157 1048 in
3204 994 3441 1051 furorem

1875 1087 2085 1135 versus,
2149 1073 2306 1129 irruit
2360 1077 2410 1130 in
2467 1079 2642 1158 virum
2680 1092 2949 1151 sanctum,
3008 1102 3204 1141 manus
3232 1090 3444 1156 capillis

1872 1165 2171 1233 injecturus
2201 1182 2216 1220 :
2246 1169 2337 1221 sed
2384 1173 2657 1228 curriculo
2686 1175 3049 1233 interveniens
3090 1181 3445 1250 Epiphanius,

1875 1254 2089 1307 facinus
2117 1258 2468 1325 prapcdivit;
2496 1264 2821 1333 acribusque
2842 1266 3240 1324 adolescentem
3266 1274 3445 1329 verbis

1874 1342 2164 1413 increpans
2195 1366 2208 1402 :

1954 1438 2077 1493 116.
2140 1440 2309 1504 Itane,
2366 1444 2558 1510 inquit,
2615 1448 2810 1502 mentis
2862 1449 3018 1519 inops
3052 1466 3117 1505 ac
3166 1453 3447 1509 verissime

1875 1532 2057 1587 stultis
2110 1535 2536 1597 annumerande,
2566 1537 2617 1588 in
2646 1537 2831 1592 divino
2866 1541 2966 1595 hoc
3015 1553 3155 1597 cestu
3189 1545 3291 1598 tale
3319 1546 3451 1600 l'aci-

1876 1638 1978 1677 nus
2011 1622 2209 1678 audere
2240 1627 2752 1693 praasumasHtane
2804 1615 2939 1699 legis
2978 1648 2991 1683 :
3033 1651 3050 1683 ι
3095 1633 3210 1687 Noli
3240 1637 3440 1690 malum

1876 1729 1973 1784 pro
2022 1715 2161 1769 malo
2212 1715 2438 1770 reddere
2472 1718 2552 1771 "?
2617 1738 2635 1769 ι
2693 1721 2843 1774 Itane
2878 1722 3116 1791 loquitur
3139 1724 3446 1783 Dominus:

195 1779 275 1838 εἰς
307 1776 410 1847 τὴν
449 1780 630 1843 δεξιὰν
664 1786 910 1851 σιαγόνα,
946 1788 1176 1856 στρέψον
1223 1791 1371 1861 αὑτῷ
1414 1794 1509 1845 καὶ
1552 1796 1649 1866 τὴν
1678 1776 1772 1849 ἄλὲ

1881 1824 1899 1857 ι
1947 1806 2002 1861 Si
2047 1808 2170 1877 quis
2232 1817 2281 1863 te
2324 1813 2649 1877 percusserit
2707 1814 2759 1865 in
2807 1814 3085 1870 dexteram
3148 1819 3448 1886 maxillam,

192 1867 293 1935 λην
328 1885 343 1929 ;
377 1889 394 1915 ι
436 1874 791 1943 Αἰσχυνοήτω
817 1879 845 1927 6
878 1878 1182 1948 κατάρατος
1232 1882 1462 1951 δαίμων,
1518 1886 1546 1937 6
1603 1888 1774 1942 ταῦτα

200 1961 543 2016 ὑποδάλλων.
579 1964 643 2017 Τί
680 1966 857 2033 λέγειν
900 1969 1116 2039 ἔχουσιν
1144 1975 1190 2024 οξ
1226 1974 1414 2028 ἐνθάδε
1472 1980 1772 2048 παρόντεςς

192 2054 329 2122 Οὲχὶ
356 2056 653 2109 σκάνδαλον
683 2058 939 2129 ὀφθῶμεν
970 2063 1185 2127 αὑτοῖς;
1211 2067 1344 2136 Οὐχὶ
1376 2071 1403 2119 ὁ
1440 2071 1636 2141 Κύριος
1674 2090 1776 2125 κα-

192 2147 425 2212 τηγορεῖ
446 2146 603 2215 ἡμῶν
636 2149 842 2216 λέγων·
880 2171 896 2201 ι
936 2154 1070 2206 Οὑαὶ
1100 2155 1178 2224 τῷ
1210 2158 1503 2229 ἀνθρώπῳ,
1526 2163 1589 2215 δι’
1627 2162 1685 2217 οὑ
1713 2165 1775 2216 τὸ
1812 2170 1821 2179 ’

195 2238 499 2290 σκάνδαλον
518 2240 758 2306 γίνεταιί
792 2262 810 2293 ι
834 2244 896 2295 Ei
925 2240 1017 2297 οὖν
1043 2245 1225 2314 βούλει
1246 2252 1364 2317 μετ’
1390 2255 1523 2321 ἐμοῦ
1549 2257 1776 2309 συνδυά-

196 2329 335 2389 ζειν,
371 2329 483 2398 ἐγὼ
530 2330 774 2385 τοιοῦτόν
816 2351 874 2387 σε
923 2333 1062 2390 εἶναι
1111 2341 1171 2391 οὑ
1206 2341 1467 2411 βούλομαι
1499 2362 1514 2376 ο
1542 2347 1638 2399 ἐὰν
1670 2350 1777 2420 γὰρ

198 2421 426 2494 οφεέλῃς
464 2420 604 2475 εἶναι
658 2426 754 2477 σὺν
798 2427 945 2495 ἐμοὶ,
1000 2432 1220 2499 μακρὰν
1279 2435 1506 2487 σεαυτὸν
1549 2438 1777 2507 ποίησον

195 2512 401 2581 ἔριδος,
458 2514 649 2584 ὀργῆς,
706 2517 922 2587 φθόνου,
976 2524 1071 2574 καὶ
1127 2524 1295 2577 κακὸν
1333 2526 1453 2579 ἀντὶ
1501 2531 1667 2583 κακοῦ
1701 2531 1776 2601 μὴ

196 2606 437 2676 σπεύδῃς
468 2607 766 2661 ἀποδοῦναί
798 2627 905 2663 τινι
940 2626 953 2639 ⁸
984 2612 1122 2666 ἀλλὰ
1154 2616 1355 2682 μᾶλλον
1382 2618 1533 2685 γίνου
1562 2621 1775 2688 πτωχὸς

194 2700 273 2767 τῷ
306 2701 607 2771 πνεύματι,
644 2705 737 2757 καὶ
766 2711 1228 2777 συντετριμμένος
1263 2714 1328 2781 τῇ
1371 2714 1589 2784 καρδίᾳ,
1646 2731 1778 2766 πεν-

196 2790 309 2841 (ιῶν
342 2794 437 2843 καὶ
469 2796 886 2864 σκυθρωπάζων
929 2800 997 2852 τὰ
1032 2802 1259 2854 σεαυτοῦ
1310 2805 1776 2875 πλημμελήματα,

197 2886 376 2953 τρᾶος
404 2888 497 2938 καὶ
514 2888 805 2958 φιλήσυχος
832 2892 1245 2962 καθεσταμένος
1272 2896 1556 2963 πάντοθεν,
1584 2900 1675 2950 καὶ
1701 2898 1776 2969 μὴ

198 2976 570 3045 κλεπτόμενος
605 2981 711 3033 ὑπὸ
745 2982 851 3034 τῶν
879 2983 1159 3053 βλαὸερῶν
1194 2988 1287 3039 καὶ
1322 2989 1577 3059 πονηρῶν
1613 3008 1769 3062 κινηο

203 3069 397 3135 μάτων
422 3071 525 3138 τῆς
555 3073 851 3143 ἁμαρτίας,
884 3076 942 3128 ὲν
980 3078 1286 3147 οἰκτιρμοῖς
1320 3079 1639 3150 διαπρέπων
1682 3084 1776 3135 καὶ

196 3163 562 3232 χρηστότησι,
604 3166 698 3216 καὶ
752 3167 1199 3237 καλλωπισμένος
1227 3174 1294 3239 τῇ
1326 3173 1521 3243 γνώμῃ
1561 3173 1655 3225 καὶ
1701 3175 1777 3244 τῷ

198 3253 336 3317 ἔθει,
364 3256 459 3304 καὶ
490 3258 609 3317 ταῖς
642 3260 867 3325 σεμναῖς
899 3260 994 3329 τῆς
1028 3263 1403 3332 πνευματικῆς
1430 3263 1631 3333 ἀρετῆς
1662 3265 1778 3318 δια-

199 3346 426 3395 θέσεσιν
464 3360 479 3373 ο
516 3345 735 3412 φεύγων
789 3348 1073 3416 βλακείαν,
1112 3352 1310 3420 οἴησιν,
1349 3354 1774 3423 ὑπερηφάνειαν,

198 3434 661 3505 ὑψηλοφροσύνην
695 3454 712 3471 ο
771 3438 1110 3507 ἀπεχόμενος
1189 3443 1495 3510 φειδωλίας,
1543 3447 1779 3515 κνηπίας

199 3528 491 3596 πορνείας,
526 3529 765 3597 μοιχίας,
789 3532 1178 3600 ἀνδρομανίας,
1212 3534 1507 3603 μαλακίας,
1551 3554 1780 3607 γαστρι-

200 3617 472 3686 μαργίας,
524 3622 621 3670 καὶ
650 3620 747 3684 τῆς
782 3613 1178 3694 βεϐυθίσμένης
1228 3627 1397 3695 μέθης
1425 3644 1439 3658 ο
1487 3627 1573 3680 διὰ
1607 3627 1778 3680 ταῦτα

206 3715 312 3780 γὰρ
342 3712 641 3781 ἐπέρχεται
668 3716 699 3783 ὴ
728 3716 867 3785 ὀργὴ
898 3716 993 3770 τοῦ
1028 3718 1166 3770 Θεοῦ
1197 3721 1288 3772 ἐπὶ
1311 3722 1441 3784 τοὺς
1480 3723 1627 3785 υἱοὺς
1677 3724 1777 3791 τῇς

200 3805 491 3867 ἀπειθείας
519 3806 652 3875 (59).
691 3807 752 3858 Εἰ
785 3808 964 3862 τοίιυν
988 3809 1167 3877 βούλει
1196 3814 1438 3865 συνεῖναί
1465 3831 1576 3882 μοι,
1606 3814 1779 3868 ταῦτα

199 3898 385 3948 πάντα
443 3897 701 3964 φύλαττε.
747 3901 892 3953 Διότι
936 3901 997 3953 τὸ
1048 3906 1456 3973 παριστάμενον
1494 3905 1637 3972 λέγω
1673 3924 1776 3970 σοι,

200 3987 444 4056 πρόῑεχε
473 3990 708 4059 σεαυτῷ,
749 3991 837 4044 ἵνα
888 3993 963 4061 μὴ
998 3994 1235 4065 μολύνῃς
1282 4012 1374 4047 σου
1415 3995 1512 4067 τὴν
1554 3997 1779 4066 νεότητα

200 4080 491 4147 πορνείαις
524 4083 755 4144 καὶτοῖς
802 4085 1197 4155 γαργαλισμοῖς
1244 4087 1340 4156 τῆς
1385 4089 1647 4154 ἀσωτίας,
1686 4090 1780 4162 [ἐν

202 4174 433 4242 οὐδεμιᾷ.
469 4175 578 4243 γὰρ
612 4174 746 4244 ἄλλῃ
776 4177 1031 4229 τοσοῦτον
1056 4181 1236 4246 χαίρει
1272 4182 1299 4231 ὁ
1325 4180 1564 4242 Σατανᾶ,
1603 4183 1781 4255 ἀμαρ-

200 4266 317 4332 τίς,
353 4266 477 4317 ὅσον
508 4270 564 4319 εν
593 4268 766 4337 ταύτῃ
827 4270 922 4320 καὶ
960 4272 1077 4331 ταῖς
1121 4271 1335 4339 ὁμοίαις
1368 4272 1541 4339 αὐτῆς
1592 4273 1703 4342 (40)

216 4357 354 4409 Ἰδοὺ
396 4357 577 4411 τοίνυν
610 4360 730 4422 νέος
759 4354 829 4424 εἴ,
860 4361 1001 4427 φίλε,
1036 4364 1129 4414 καὶ
1162 4365 1337 4431 μέγας
1383 4381 1464 4416 σοι
1497 4364 1648 4431 ἁγὼν
1684 4382 1782 4417 κα-

1878 1898 2054 1965 prmbe
2102 1899 2176 1952 illi
2228 1907 2281 1952 et
2336 1899 2557 1953 alteram
2594 1902 2637 1933 "
2670 1902 2691 1955 ?
2729 1921 2746 1954 ι
2783 1904 2915 1973 Age,
2960 1906 3451 1973 conluudaturim-

1878 1991 2087 2059 pudens
2138 1997 2191 2042 et
2224 1991 2540 2046 maledictus
2564 1992 2800 2060 daemon,
2859 2000 2950 2064 qui
2987 1998 3081 2050 tibi
3110 1999 3233 2051 talia
3257 2015 3453 2068 sugge-

1879 2082 1969 2135 rit.
1999 2081 2260 2146 Qualiter,
2284 2098 2489 2150 qtueso,
2520 2084 2811 2153 loquentur
2828 2095 3091 2156 quotquot
3111 2088 3196 2141 bin
3215 2090 3407 2143 adsunt
3428 2090 3453 2142 ?

1877 2170 2065 2226 Nonne
2121 2160 2375 2227 seandalo
2430 2174 2562 2235 ipsis
2606 2177 2812 2232 erimus
2844 2178 2866 2231 τ
2898 2175 3087 2233 Nonne
3137 2181 3313 2248 arguit
3351 2196 3451 2234 nos

1879 2263 2165 2327 Dominus,
2202 2279 2324 2317 cum
2353 2266 2429 2318 ait
2460 2281 2475 2317 :
2518 2282 2537 2314 ι
2586 2264 2669 2319 Vae
2700 2266 2907 2321 homini
2942 2284 3033 2337 per
3082 2286 3243 2339 quem
3293 2285 3452 2323 scan-

1878 2352 2060 2406 dalum
2090 2356 2238 2408 venit
2268 2355 2351 2408 "l
2391 2375 2408 2406 ι
2452 2353 2507 2410 Si
2535 2372 2651 2411 mea
2684 2357 2853 2426 igitur
2896 2357 3001 2412 frui
3039 2361 3194 2428 cupis
3222 2359 3455 2415 familia-

1880 2445 2058 2508 ritate,
2117 2446 2312 2500 talibus
2369 2458 2418 2501 te
2464 2464 2585 2503 esse
2619 2449 2865 2504 moribus
2894 2466 2989 2519 per
3016 2466 3102 2504 me
3146 2466 3252 2505 non
3280 2452 3403 2505 licet
3435 2469 3447 2502 :

1880 2551 2063 2589 verum
2120 2537 2295 2591 danda
2350 2553 2514 2606 opera
2554 2548 2655 2601 est,
2688 2550 2746 2594 ut
2772 2542 3203 2605 aconteutione,
3247 2543 3315 2596 ab
3343 2544 3451 2595 ira-

1879 2630 2097 2691 cundia,
2156 2629 2224 2683 ab
2280 2630 2479 2684 invidia
2517 2648 2678 2701 quam
2714 2633 3082 2688 alienissimus
3111 2634 3209 2694 sis.
3243 2644 3302 2688 ut
3352 2649 3449 2701 pro

1879 2722 2020 2773 malo
2050 2737 2155 2789 non
2181 2721 2394 2777 coneris
2425 2724 2625 2778 malum
2657 2726 2959 2779 retribuere
2997 2725 3267 2793 cuipiam;
3308 2723 3448 2790 Quin

1879 2813 2042 2867 etiam
2102 2813 2186 2868 l‘ae
2240 2829 2446 2884 pauper
2500 2815 2694 2885 spiritu
2727 2815 2823 2869 tias
2855 2824 2910 2870 et
2934 2816 3098 2872 corde
3144 2816 3452 2881 contritus;

1879 2904 2015 2958 delle
2039 2914 2257 2974 peccata
2289 2916 2377 2960 tua
2404 2924 2418 2971 ;
2451 2907 2923 2961 mansuetudinem
2960 2917 3012 2963 et
3058 2908 3294 2976 quietem
3326 2908 3448 2961 ubi-

1878 3014 1984 3067 que
2045 3014 2188 3064 ama,
2255 2998 2418 3053 nullis
2462 2999 2718 3052 vitiorum
2754 3001 2934 3066 pravis
2982 3000 3297 3068 nocivisquc
3323 2998 3456 3053 all‘e»

1880 3090 2372 3153 ctionibusmotus;
2399 3100 2593 3158 prwsta
2616 3090 2946 3160 benignitate
2971 3104 3034 3145 ac
3061 3090 3453 3154 misericordia;

1881 3182 2148 3235 contende
2216 3192 2275 3235 ut
2338 3182 2562 3235 scientia
2616 3183 2817 3251 pariter
2841 3189 2894 3235 et
2945 3182 3175 3251 egregiis
3207 3182 3450 3235 moribus

1878 3289 2089 3327 necnon
2143 3273 2408 3339 spirituali
2453 3288 2579 3342 erga
2644 3275 2894 3326 virtutem
2940 3275 3132 3327 aﬂ‘ectu
3177 3274 3450 3338 excellas;

1879 3365 2162 3418 mollitiem
2210 3380 2273 3417 ac
2302 3365 2468 3417 animi
2505 3364 2792 3418 elationem
2825 3366 3244 3433 superbiamque
3285 3365 3451 3433 iuge;

1883 3473 2047 3526 supra
2106 3458 2242 3510 alios
2290 3474 2358 3511 ne
2391 3458 2615 3525 sapias;
2656 3472 2852 3526 parcns
2895 3457 3120 3510 nimium
3150 3472 3454 3524 avarosque
3537 3528 3543 3533 .

1877 3552 1986 3605 noli
2043 3566 2208 3610 esse:
2258 3551 2669 3614 l'ornitatiuncs,
2698 3550 2986 3615 adulteria,
3029 3552 3281 3603 insanum
3337 3565 3455 3603 uta.

1878 3644 2153 3698 sculorum
2204 3658 2467 3705 amorem,
2531 3643 2732 3710 gulam,
2780 3657 3008 3711 qumque
3070 3640 3343 3694 hominem
3398 3642 3450 3693 in

1881 3735 2134 3788 vitiorum
2161 3735 2403 3786 omnium
2432 3734 2741 3801 voraginem
2780 3732 3101 3802 praecipitat,
3134 3734 3451 3786 ebrietatem

1879 3827 2081 3893 devita,
2147 3835 2429 3895 pr0pterea
2481 3826 2623 3879 enim
2678 3828 2825 3879 venit
2858 3828 2933 3879 ira
2972 3823 3063 3879 Dei
3122 3825 3453 3894 superlilios

1884 3919 2212 3974 dillidentim.
2274 3918 2398 3972 Ilaec
2429 3918 2633 3981 omnia,
2671 3918 2715 3970 si
2771 3933 2853 3970 mc
2886 3917 2979 3969 tibi
3009 3917 3326 3969 familiarem
3357 3931 3451 3968 cu~

1882 4014 1985 4082 pis,
2018 4012 2203 4065 sedulo
2229 4011 2463 4063 cavenda
2492 4017 2637 4062 sunt.
2666 4008 3007 4077 Quapmpter
3035 4008 3175 4076 quod
3207 4023 3237 4061 e
3272 4023 3327 4060 re
3360 4014 3451 4061 tua

1882 4117 1984 4169 est,
2049 4119 2263 4166 moneo,
2328 4103 2421 4154 tibi
2447 4111 2504 4155 ut
2558 4102 2833 4163 consulas,
2872 4116 2969 4153 nec
2998 4099 3453 4153 foruicationibus

1881 4209 1972 4251 aut
2000 4196 2353 4263 cupiditatum
2383 4191 2801 4255 titillatiunibus,
2860 4190 3279 4244 adolescentiam
3309 4203 3451 4242 tuam

1885 4287 2267 4345 commaciiles,
2308 4284 2451 4337 nullo
2506 4297 2738 4350 namque
2789 4283 2897 4334 alio
2963 4297 3029 4333 ex
3080 4290 3299 4349 peccato
3334 4289 3455 4333 tan-

1884 4390 1992 4433 tam
2052 4378 2282 4432 Satanas
2330 4378 2657 4443 voluptatem
2689 4376 2852 4441 capit,
2879 4382 3143 4442 quantum
3173 4388 3237 4426 ex
3265 4375 3366 4424 hoc
3397 4376 3453 4423 et

203 4449 443 4519 θέστηκε
504 4451 636 4517 πρὸς
663 4452 789 4515 τοὺς
826 4456 1100 4521 τέσσαρας
1132 4455 1428 4524 δράκοντας
1469 4456 1570 4524 τῆς
1602 4458 1780 4527 ἀμαρ-

1887 4471 2048 4538 bujus
2092 4469 2382 4523 similibus.
2423 4466 2560 4521 Ecce
2601 4467 2653 4519 in
2694 4466 2871 4534 primo
2896 4466 3069 4517 aztatis
3102 4465 3235 4516 ﬂore
3266 4476 3452 4515 versa-

202 4541 370 4600 τῐας·
401 4539 497 4591 καὶ
544 4541 594 4590 εἰ
647 4542 826 4609 βούλει
874 4542 1040 4607 ὀξέως
1104 4545 1308 4597 τούτων
1375 4547 1779 4614 περιγενέσθαι,

207 4633 505 4704 amputa»
540 4634 629 4687 τὸν
662 4633 921 4703 βραχίονα
969 4634 1063 4687 τοῦ
1096 4636 1331 4703 χαλεποῦ
1362 4654 1456 4689 σου
1490 4639 1778 4706 φρονήμα-

205 4745 299 4791 τος
326 4730 422 4780 καὶ
447 4731 544 4798 τῆς
578 4730 974 4797 ςιλυπαυχὲνου
1011 4731 1281 4797 νεότητος,
1302 4732 1395 4782 καὶ
1414 4730 1781 4801 ταπεινώθητι

1320 4822 1467 4882 ὅπως
1498 4822 1657 4883 αὑτὸς
1682 4824 1779 4873 ἁν-

204 4915 597 4979 ταγωνισαμεν
630 4932 657 4977 ς
710 4914 850 4982 ὑπὲρ
886 4913 1003 4977 σοῦ,
1035 4917 1232 4983 νικήσῃ
1288 4918 1380 4966 τὸν
1452 4913 1776 4983 φιλόσαρκον

206 5004 302 5057 καὶ
327 5005 689 5073 φιλοπόλεμον
718 5004 969 5075 δαίμονα,
999 5006 1090 5058 καί
1116 5024 1196 5059 σοι
1228 5006 1324 5076 τὴν
1356 5008 1511 5079 νίκην
1554 5008 1784 5077 ἐπιγρὰι

204 5102 401 5165 νέηται.
434 5096 631 5164 Κύριος
678 5098 785 5166 γὰρ
822 5098 1197 5168 ὑπερηφάνοις
1247 5103 1649 5166 ἀντιτάσσεται,
1685 5120 1779 5156 τα-

207 5190 415 5249 πεινοῖ,
458 5187 515 5239 δὲ
545 5188 726 5241 δίδωσι
758 5188 938 5259 χάριν.

208 4820 474 4871 ὑποκάτω
505 4822 610 4873 τῶν
641 4821 735 4872 τοῦ
774 4822 1026 4890 Σωτῆρος
1066 4821 1226 4889 ἰχνῶν
1260 4837 1273 4851 ·

293 5543 385 5598 “l
417 5546 556 5602 Pctr.
593 5562 683 5613 ιιι,
716 5548 768 5603 9.
833 5549 875 5579 ⁸⁵
914 5545 1099 5611 Manli,
1136 5564 1187 5613 ν,
1220 5546 1305 5601 59.
1384 5548 1425 5578 ¹⁶
1457 5546 1590 5601 Luc.
1627 5562 1789 5612 xvm,
1822 5548 1874 5601 7.

290 5715 408 5783 (39)
440 5715 538 5770 Ms.
572 5715 738 5770 VatTe.
761 5715 826 5768 τὰ
845 5716 1068 5768 τοιαῦτα
1096 5715 1454 5783 πράσσοντας.

290 5787 407 5855 (40)
439 5786 558 5841 ΙΙιι·ε
598 5790 665 5840 ita
702 5788 1013 5856 legebantur
1046 5786 1095 5839 in
1132 5803 1228 5839 ius.
1265 5783 1433 5839 Vazic.
1462 5787 1780 5855 depravata:

1878 4567 1975 4629 ris,
2016 4581 2047 4619 ο
2105 4564 2303 4625 amice,
2366 4572 2418 4616 et
2454 4560 2815 4632 periculosum
2876 4560 2967 4612 tibi
3017 4559 3278 4613 adversus
3315 4573 3452 4625 qua—

1880 4668 2000 4713 tuor
2049 4657 2341 4721 dracones,
2410 4664 2753 4724 peceatorum
2810 4656 3135 4717 incentorcs,
3168 4660 3451 4720 _certamcn

1876 4758 2123 4819 paratum
2175 4757 2292 4812 est,
2322 4747 2521 4816 quibus
2556 4747 2601 4800 si
2653 4746 2903 4813 superior
2956 4744 3185 4798 evadere
3224 4744 3451 4811 expetis,

1876 4843 2131 4900 ferocitas
2166 4840 2256 4893 illa
2307 4839 2507 4906 ingenii
2536 4837 2611 4890 tui
2648 4837 2742 4889 tibi
2803 4836 3157 4898 refrenanda,
3198 4842 3251 4888 et
3290 4834 3453 4886 robur

1887 4934 2159 4988 indomitae
2213 4930 2514 5001 juventutis
2591 4927 2979 4981 conterendum
3048 4935 3160 4989 est,
3241 4938 3449 4977 necnon

1885 5023 2130 5093 vestigiis
2165 5019 2461 5075 Salvatoris
2509 5018 2678 5072 nostri
2711 5034 2832 5071 cum
2865 5016 3170 5070 humilitate
3197 5014 3453 5068 insisten-

1885 5123 2012 5169 dum
2050 5122 2149 5167 :ut
2204 5128 2302 5181 pro
2358 5121 2407 5166 te
2465 5112 2579 5179 ipse
2628 5111 2931 5172 decertans,
2987 5108 3178 5175 spiritu
3212 5104 3453 5159 libidinis

1886 5205 2118 5272 bellique
2170 5211 2389 5255 amante
2424 5197 2724 5266 proﬂigato,
2757 5197 2849 5250 tibi
2878 5196 3156 5251 victoriam
3183 5204 3451 5265 _reportet.

1886 5297 2148 5351 Dominus
2178 5296 2378 5365 quippe
2414 5291 2663 5359 superbis
2690 5290 2913 5352 resistit,
2948 5288 3241 5361 humilibus
3270 5296 3446 5341 autem

1884 5392 1977 5445 dat
2013 5390 2237 5457 gratiam
2284 5388 2346 5439 ’⁷.

1958 5548 1997 5577 ¹⁷
2035 5546 2149 5600 Jac.
2174 5560 2223 5599 IV
2253 5583 2265 5606 ,
2304 5542 2355 5594 6.

1899 5713 1969 5773 ὡς
1997 5709 2144 5762 οὐδὲν
2174 5708 2349 5778 χαίρει
2372 5709 2405 5779 ,ὁ
2432 5709 2672 5771 Σατανᾶς
2702 5707 2987 5779 ἁμαρτίαν,
3010 5709 3132 5760 ὅσον
3163 5702 3329 5773 ταύτῃ
3364 5700 3455 5755 καὶ

1895 5786 2006 5844 ταῖς
2031 5781 2239 5848 ὁμοίαις
2266 5778 2447 5847 αὐτῆς.
