4202 6434
761 391 870 452 763

764 607 880 648 tum
949 609 1031 653 est
1081 619 1108 652 ιι
1159 602 1300 654 malo
1330 605 1573 660 daemone
1603 624 1696 661 eor
1739 609 2126 672 adulescentis,
2167 626 2339 678 usque

761 689 901 741 adeo
934 701 991 742 ut
1023 693 1302 758 a'gerrinte
1328 695 1633 749 hortantem
1663 700 1866 764 tulerit,
1929 711 2340 768 prostratusque

756 783 1158 846 quodammodo
1194 794 1242 837 et
1268 797 1492 840 mantus
1514 789 1731 852 abierit,
1758 792 1828 844 ita
1867 793 2124 859 loquens:
2159 791 2342 855 Quan-

753 871 828 921 do
877 872 1038 939 igitur
1088 874 1230 936 lieet,
1297 877 1480 928 ntuudi
1527 894 1611 932 me
1671 881 1879 934 deliciis
1931 881 2109 940 dabo.
2140 880 2338 935 deinde

762 961 850 1013 tibi
901 963 1078 1016 visunt
1145 965 1326 1029 fuerit,
1364 967 1436 1020 illi
1467 971 1716 1022 nuntium
1747 972 2102 1026 remissurus.
2151 971 2338 1038 Neque

755 1052 1020 1121 deinceps
1051 1055 1100 1105 in
1124 1055 1368 1109 animum
1404 1059 1618 1112 induxit
1665 1062 1953 1116 convenire
1982 1061 2338 1130 Epiphanium

759 1154 819 1196 ιιι
875 1145 925 1197 in
985 1146 1176 1211 spiritu
1234 1149 1562 1211 erudiretur.
1629 1161 1682 1205 et
1739 1163 1906 1206 totum
1965 1169 2021 1206 se
2056 1154 2343 1222 voluptati-

767 1237 868 1289 bus
917 1236 1196 1301 addieens,
1230 1241 1550 1309 nullumque
1607 1243 1887 1296 scortandi
1919 1260 1982 1296 ac
2005 1243 2340 1298 adnlterandi

761 1328 982 1379 modum
1018 1328 1242 1392 faciens,
1299 1330 1722 1398 pulcherrimam
1775 1335 2014 1389 animam
2041 1352 2196 1390 suant
2242 1337 2344 1390 mi-

762 1418 1067 1471 serabiliter
1083 1423 1484 1488 conspurcavit.
1509 1423 1894 1479 Verumtamen
1920 1427 2198 1496 aliquanto
2223 1439 2344 1497 post

762 1507 820 1559 in
873 1510 1198 1565 tentationes
1252 1519 1306 1565 et
1351 1514 1686 1569 calamitates
1748 1519 2098 1585 gravissimas
2132 1521 2340 1586 incidit,

758 1599 956 1666 quibus
1006 1600 1072 1653 ad
1135 1603 1330 1658 incitas
1382 1609 1654 1669 redactus,
1682 1609 1928 1675 quotidie
1964 1626 2155 1678 panem
2181 1627 2340 1665 suum

758 1691 1071 1746 mendicare
1106 1710 1387 1749 necessum
1433 1697 1642 1752 habuit.
1692 1697 1829 1753 llinc
1873 1711 2104 1754 mmstus
2163 1704 2345 1756 turba-

763 1793 965 1852 tusque
1018 1783 1381 1854 Epiphanius,
1439 1787 1700 1842 famulum
1758 1789 1846 1844 Dei
1902 1792 2172 1845 Andream
2232 1793 2343 1845 adit

757 1883 1014 1943 oratque,
1066 1885 1122 1929 ut
1174 1879 1367 1932 miselli
1422 1881 1784 1936 adolescentis
1851 1885 2196 1937 misereatur.
2240 1885 2339 1940 Cui

767 1967 1038 2023 Sanctus:
1076 1972 1250 2038 Absit,
1305 1974 1374 2025 lili
1426 1976 1542 2038 mi,
1597 1978 1692 2028 sed
1735 1978 1931 2030 anima:
1967 1979 2112 2032 illius
2160 1978 2343 2046 capiat

757 2071 811 2115 te
873 2064 1058 2130 potius
1114 2066 1395 2120 miseratio
1452 2084 1614 2135 quam
1659 2071 1936 2138 corporis;
2002 2071 2073 2123 ita
2099 2087 2261 2140 porro
2284 2087 2344 2125 se

758 2154 994 2218 habeat,
1069 2158 1144 2210 ttti
1208 2160 1408 2221 modo,
1463 2160 1512 2213 id
1548 2175 1784 2229 namque
1828 2163 2083 2230 expedit.
2160 2163 2345 2216 Veniet

757 2255 938 2299 autem
978 2257 1212 2316 tempus,
1262 2266 1372 2318 quo
1402 2252 1679 2306 miseriam
1720 2253 1860 2308 illitis
1895 2263 1947 2307 et
1981 2254 2342 2308 humilitatem

759 2337 1087 2405 respiciente
1146 2341 1394 2401 Domino,
1428 2341 1479 2394 in
1508 2344 1800 2410 pristinunt
1852 2354 2054 2399 statum
2085 2347 2345 2400 restitue-

761 2438 870 2482 tur.
919 2428 1056 2482 Tum
1131 2431 1779 2500 Epiphanius:0bsecro
1848 2445 1934 2499 te,
1983 2437 2199 2505 inquit,
2260 2438 2344 2490 fa-

759 2519 906 2572 mule
962 2522 1075 2582 lh'i,
1126 2532 1183 2574 ut
1235 2538 1476 2591 exponas
1529 2526 1682 2589 mhi,
1735 2531 2092 2595 quamobrem
2155 2530 2344 2583 adole-

760 2625 918 2664 scens
946 2613 1035 2665 ille
1067 2622 1174 2667 tam
1221 2617 1402 2670 subito
1428 2616 1734 2670 daemonum
1790 2622 2071 2673 tentationi
2115 2622 2344 2677 traditus

759 2704 853 2757 sit.
915 2706 1098 2770 Nulla,
1162 2710 1374 2777 reponit
1433 2710 1696 2772 Andreas.
1732 2712 1836 2767 alia
1871 2713 1936 2766 de
1995 2729 2157 2768 causa
2213 2731 2342 2769 suc-

758 2797 974 2850 censuit
1035 2798 1108 2850 illi
1176 2799 1454 2863 Dominus,
1513 2803 1615 2854 nisi
1675 2803 1819 2872 qttud
1874 2805 2149 2874 perjurus,
2189 2822 2342 2859 men-

757 2887 898 2948 dav,
947 2889 1233 2957 pratiidens
1293 2907 1358 2945 ac
1427 2894 1670 2948 tumidus
1719 2907 1898 2958 esset,
1968 2902 2220 2966 quamvis
2288 2911 2343 2953 et

761 2979 868 3031 alia
899 2979 1060 3046 forte,
1084 2984 1247 3036 etiam
1281 2985 1552 3052 graviora,
1583 2987 1635 3039 in
1667 3003 1727 3042 se
1771 2989 1976 3042 scelera
2009 2991 2294 3044 admiserit
2328 3007 2340 3041 :

759 3073 855 3125 Sed
890 3088 994 3126 non
1022 3082 1226 3128 tantam
1259 3086 1480 3144 prepter
1511 3079 1646 3142 haec,
1705 3089 1966 3149 quantam
2001 3093 2216 3152 propter
2252 3084 2341 3137 illa

761 3162 1186 3228 indignationem
1243 3165 1495 3220 incurrit.
1553 3167 1626 3221 lta
1681 3170 1824 3222 enim
1871 3187 1930 3224 se
1988 3188 2074 3224 res
2131 3173 2340 3227 habet:

756 3246 871 3305 Nisi
901 3255 1008 3307 olla
1043 3255 1148 3324 igni
1183 3256 1434 3323 imposita
1460 3260 1689 3312 multum
1722 3261 2006 3324 l‘erbucrit,
2039 3261 2172 3313 nihil
2216 3277 2342 3315 sua-

759 3345 940 3398 \it:ttis
977 3346 1196 3398 habebit
1227 3349 1403 3411 cibus,
1447 3352 1538 3417 qui
1595 3352 1908 3404 continetur
1937 3369 1950 3404 :
1982 3352 2054 3403 ita
2071 3363 2124 3404 et
2151 3354 2338 3406 nobis-

755 3452 879 3488 eum
908 3437 1085 3504 agitur
1134 3438 1360 3492 tnisellis
1387 3441 1720 3511 abjeetisque
1751 3445 2132 3511 peccatoribus
2160 3484 2175 3506 ,
2226 3446 2329 3498 nisi

759 3528 950 3581 multis
986 3530 1391 3584 calamitatibus
1423 3534 1596 3600 pressi
1630 3549 1694 3587 ac
1717 3535 2106 3590 tentatiouibus
2137 3537 2346 3589 exerci-

759 3618 855 3669 tati
893 3618 1183 3682 fueritntts,
1240 3623 1419 3676 aditus
1447 3641 1552 3678 non
1589 3627 1793 3694 patebit
1822 3627 1876 3680 in
1927 3643 2148 3694 regnum
2179 3629 2346 3682 caelo-

758 3721 903 3761 rum.
974 3710 1111 3763 Tum
1164 3711 1498 3781 Epiphanius
1527 3736 1539 3769 :
1572 3716 1626 3770 Si
1656 3719 1727 3772 ita
1792 3720 2048 3773 conducit
2101 3722 2165 3772 ad
2197 3722 2345 3774 salu-

757 3812 865 3854 tem
903 3802 1098 3855 animte
1134 3806 1297 3866 illius,
1331 3810 1553 3862 verbum
1589 3826 1696 3864 non
1747 3812 2004 3879 adjiciam
2039 3814 2344 3881 depreCan-

1835 400 2258 463 NlCEl‘lIOlil
2307 403 2776 466 l‘RESBYTERl
2819 410 2925 468 CP.

835 507 952 559 117.
1009 508 1159 563 Talia
1216 525 1467 568 monente
1525 515 1722 571 illustri
1757 512 2083 584 Epiphanio,
2118 520 2337 571 indura-
2369 525 2409 578 Α

3924 424 4024 484 τοι

2515 519 2638 586 ριξῆ
2669 521 2850 574 Ταῦτα
2889 522 2980 574 τοῦ
3025 525 3642 596 φωστῆροςῈπιφανίςυ
3680 535 3752 603 τῷ
3776 539 4025 607 νεωτέρῳ

2447 613 2641 681 ἐκείνῳ
2671 613 3071 676 νουθετοῦντος.
3117 616 3222 669 ὑπὸ
3269 619 3361 670 τοῦ
3401 625 3640 690 πονηροῦ
3690 628 4024 694 σκλτρωθεί-

2446 721 2544 771 σης
2571 703 2734 755 αὖτοί
2766 708 2861 773 τῆς
2894 708 3140 775 καρδίας,
3175 709 3386 778 βαρέως
3416 714 3480 765 τὰ
3514 716 3736 782 ῥήματα
3799 719 4023 786 ἤνεγκε,

2452 797 2546 847 καὶ
2579 798 2816 857 ὀκλάσας
2844 799 2978 864 πρὸς
3011 801 3078 851 τὰ
3109 799 3400 868 λεγόμενα,
3431 803 3717 874 λυπηθεὶς,
3745 811 4025 882 ἀνεχώρηο

2449 907 2540 941 σεν
2567 891 2737 943 εἰπών
2760 909 2772 921 ·
2793 891 3061 958 Ὀπηνίκα
3094 893 3314 962 ὀφείλω,
3349 897 3644 951 ἀπολαύσω
3670 903 3762 954 τόν
3795 906 4022 972 κόσμον,

2445 983 2564 1034 τότε
2592 982 2756 1035 αὐτοῦ
2785 984 3119 1052 ἀπόσχομαι.
3163 987 3362 1040 Οὐκέτι
3391 985 3483 1041 οὖν
3512 994 3806 1057 προσέθετο
3838 998 4026 1046 συνελ-

2447 1073 2559 1125 θεῖν
2582 1074 2658 1143 τῷ
2697 1075 3002 1144 Ἐπιφανίῳ
3041 1079 3118 1139 είς
3149 1079 3241 1131 τὸν
3272 1083 3641 1150 πνευματικὸν
3665 1085 3873 1151 ἀγῶνα,
3908 1087 4024 1140 ἀλλ’

2445 1165 2839 1235 ὲμφιλοχωρῶν
2871 1171 2990 1228 ταῖς
3024 1169 3400 1236 ἡδυπαθείαις,
3439 1175 3721 1242 πορνείαις
3761 1179 3854 1229 καὶ
3901 1196 4022 1245 μοι-

2444 1255 2638 1323 χείαις,
2679 1258 2777 1324 τῆς
2811 1258 3051 1326 ἐλεεινῆς
3098 1261 3264 1312 αὐτοῦ
3306 1263 3487 1332 ψυχῆς
3526 1264 3585 1316 τὸ
3635 1268 3832 1331 κάλλος
3863 1288 4026 1322 κατε-

2452 1347 2666 1416 μίανεν.
2719 1345 2872 1402 Μετά
2933 1352 3110 1405 ταῦτα
3195 1355 3486 1423 περιέπεσε
3545 1364 3869 1427 πειρασμοῖς
3931 1364 4027 1416 καὶ

2447 1438 2658 1509 θλίψεσι
2726 1443 3143 1511 σφοδροτάταις,
3176 1444 3316 1498 ὥστε
3363 1449 3456 1501 καὶ
3508 1450 3586 1511 είς
3631 1451 3896 1520 μεγίστην
3924 1472 4025 1505 πε-

2447 1532 2566 1583 νίαν
2591 1532 2789 1596 ἐλθεῖν,
2819 1533 2913 1585 καὶ
2943 1531 3034 1586 τὸν
3061 1537 3226 1603 ἄρτον
3252 1539 3435 1607 ζητεῖν
3468 1541 3812 1613 καθημὲραν.
3869 1545 4026 1597 Ἐλυ-

2446 1621 2593 1689 πήθη
2629 1619 2722 1675 οὖν
2759 1625 2852 1676 ἐπὶ
2886 1624 3062 1696 τούτῳ
3113 1628 3144 1680 δ
3189 1630 3526 1696 Ἐπιφάνιος,
3582 1636 3674 1685 καὶ
3723 1639 4027 1704 παρεκάλει

2439 1712 2540 1764 τὸν
2569 1713 2754 1764 δοῦλον
2779 1715 2872 1765 τοῦ
2898 1715 3035 1767 Θεοῦ
3069 1718 3290 1786 ποιῆσαι
3338 1721 3458 1788 μετ’
3489 1718 3653 1774 αὐτοῦ
3683 1723 3848 1785 ἔλεος.
3887 1724 3949 1776 Ὀ
3971 1725 4030 1777 δὲ

2452 1803 2642 1866 Ὀσιος
2671 1804 2775 1874 ἔφη
2807 1822 2820 1835 ³
2856 1807 3015 1875 Οὐχὶ,
3045 1808 3254 1873 τέκνον,
3302 1812 3439 1864 ἀλλὰ
3472 1815 3829 1884 συμπάθησον
3858 1817 4027 1869 αὑτοῦ

2449 1895 2651 1960 μᾶλλον
2701 1900 2765 1965 τῇ
2816 1898 2984 1970 ψυχῇ,
3032 1899 3332 1968 κάμνοντος
3376 1903 3472 1956 τοῦ
3526 1906 3778 1973 σώματος
3813 1925 3826 1937 ·
3868 1908 4028 1961 ἔασον

2445 1987 2626 2039 τοίνυν
2657 1989 2824 2041 αὑτὸν
2852 1990 3027 2056 οὕτως
3065 2009 3078 2022 ·
3106 1994 3367 2063 ἁρμόδιον
3411 1999 3518 2067 γὰρ
3546 2000 3703 2052 τοῦτο
3745 2000 3892 2069 αὐτῷ
3931 2020 4029 2053 πε-

2451 2076 2674 2144 ρίεστιν.
2749 2079 3058 2135 Ἐλεύσεται
3106 2085 3160 2138 δὲ
3204 2087 3412 2155 καιρὸς,
3466 2088 3702 2159 ὁπηνίκα
3755 2093 3783 2142 ὀ
3821 2093 4026 2160 Κύριος

2449 2166 2785 2236 θεασάμενος
2805 2175 2900 2238 τῆς
2925 2174 3300 2244 ταλαιπωρίας
3331 2179 3426 2248 τὴν
3467 2182 3825 2237 ταπείνωσιν.
3864 2186 4028 2250 μετέ-

2449 2272 2613 2310 πειτα
2642 2261 2734 2310 ἐπὶ
2778 2263 2876 2330 τὴν
2919 2265 3195 2334 προτέραν
3241 2268 3406 2320 αὑτοῦ
3447 2270 3784 2323 κατάστασιν
3815 2274 4026 2324 ἀκακα-

2448 2348 2674 2418 λέσηται
2727 2353 2911 2408 αὐτόν.
2981 2357 3296 2423 Ἐπιφάνιος
3350 2360 3452 2430 ἔφη
3495 2377 3512 2393 ·
3569 2363 3878 2431 Παρακαλῶ
3946 2382 4026 2427 σε,

2446 2440 2597 2493 δοῦλε
2632 2444 2855 2511 Κυρίου,
2883 2447 3150 2518 γνώρισόν
3185 2468 3276 2520 μοι
3305 2452 3393 2504 διὰ
3436 2453 3599 2505 ποίαν
3646 2455 3826 2507 αἰτίαν
3852 2455 4028 2519 οὕτως

2449 2532 2618 2597 ὀξέως
2654 2539 2766 2599 τοῖς
2799 2543 3128 2609 πειρασμοῖς
3160 2544 3458 2612 παρεδόθη.
3502 2545 3562 2599 '0
3591 2547 3648 2598 δὲ
3675 2543 3830 2598 εἶπεν
3867 2564 3879 2577 ·
3911 2550 4028 2601 Οὐκ

2452 2625 2697 2696 ὠργίσθη
2728 2630 2880 2699 αὑτῷ
2917 2633 2943 2682 ὁ
2968 2631 3172 2699 Κύριος
3217 2635 3287 2687 δι’
3311 2637 3464 2688 οὐδὲν
3493 2637 3702 2707 ἕτερον,
3745 2641 3793 2690 εί
3826 2639 3900 2708 μὴ
3942 2643 4029 2692 δτι

2447 2713 2518 2787 ἦν
2546 2720 2824 2787 ἐπίορκος,
2860 2722 2952 2773 καὶ
2987 2723 3250 2792 ψεύστης,
3287 2729 3379 2778 καὶ
3414 2729 3640 2797 θρασὺς,
3687 2732 3782 2781 καὶ
3815 2733 4028 2801 ὑπερή-

2448 2828 2616 2879 φανος
2646 2828 2661 2842 ’
2700 2813 2805 2865 κᾶν
2839 2815 2976 2883 τάχα
3007 2817 3114 2883 γάρ
3140 2820 3231 2869 καὶ
3265 2819 3400 2871 ἄλλα
3435 2821 3651 2889 χείρονα
3695 2824 4030 2893 διεπράξατο

2447 2902 2738 2968 σωματικὰ
2771 2903 3224 2975 πλημμελήματα
3252 2925 3266 2938 ο
3300 2909 3415 2962 ἀλλ’
3442 2906 3536 2962 οὖν
3562 2913 3622 2964 οὐ
3649 2911 3902 2964 τοσοῦτον
3937 2915 4028 2967 διὰ

2446 2992 2637 3056 ταῦτα,
2661 2993 2784 3044 ὅσον
2816 2993 2887 3046 δι’
2916 2996 3121 3049 ἐκεῖνα.
3179 2998 3335 3051 Οὖτω
3364 3002 3471 3069 γάρ
3499 3003 3669 3064 ἐστιν,
3697 3004 3789 3054 ἐὰν
3815 3003 3923 3071 γὰρ
3950 3005 4029 3072 μὴ

2449 3084 2625 3154 βράδῃ
2655 3087 2687 3154 ἡ
2735 3086 2912 3156 κύθρα
2943 3087 3221 3158 ὑψουμένη
3264 3093 3518 3161 ἰσχυρῶς,
3555 3095 3794 3163 ήδύτητα
3819 3097 4029 3164 βρῶσις

2371 3216 2414 3274 C
2446 3175 2546 3225 οὐκ
2583 3175 2696 3242 ἔχει
2722 3189 2738 3205 ⁸
2773 3174 2916 3226 οὕτω
2968 3177 3062 3228 καὶ
3099 3181 3252 3247 ἡμεῖς
3279 3182 3326 3232 οἱ
3359 3182 3677 3250 ἁμαρτωλοὶ
3708 3186 3799 3235 καὶ
3828 3202 4030 3236 ταπει-

2448 3268 2552 3331 νολ,
2588 3267 2682 3318 ἐὰν
2716 3266 2792 3333 μὴ
2820 3267 3112 3337 ἐψηθῶμεν
3148 3271 3233 3323 διὰ
3277 3273 3483 3326 πολλῶν
3524 3275 3755 3343 θλίψεων
3779 3278 3874 3327 καὶ⁹
3908 3295 4028 3328 πει-

2448 3359 2694 3426 ρασμῶν,
2727 3363 2788 3412 οὐ
2821 3363 2895 3430 μὴ
2931 3363 3262 3431 εἰσέλθωμεν
3317 3369 3397 3427 είς
3447 3368 3547 3437 τὴν
3598 3369 3874 3436 βασιλείαν
3914 3371 4030 3422 τῶν

2444 3451 2710 3519 οὐρανῶν.
2760 3455 3074 3522 Ἐπιφάνιο;
3105 3452 3257 3509 εἶπεν
3289 3473 3302 3487 ·
3335 3457 3397 3508 Εἰ
3421 3459 3594 3523 οὕτως
3626 3461 3740 3512 ἐστὶ
3802 3461 3862 3514 τὸ
3889 3478 4028 3530 συμο

2449 3543 2614 3611 φέρον
2671 3547 2771 3613 τῆς
2829 3545 3004 3614 ψυχῆς
3061 3548 3226 3599 αὑτοῦ
3291 3551 3601 3618 σωτηρίας,
3651 3552 3835 3604 οὐκέτι
3898 3559 4030 3624 περὶ

2444 3635 2608 3686 αὐτοῦ
2653 3636 2957 3705 φθέγξομαι
2992 3653 3004 3666 ·
3037 3639 3200 3707 μόνον
3248 3641 3342 3692 ῖδω
3379 3641 3542 3693 αὐτὸν
3574 3645 3631 3693 ὲν
3657 3643 3899 3712 ὑπομονῇ
3931 3648 4029 3696 ἀν·

2443 3725 2818 3794 δρειούμενον,
2855 3731 2950 3781 καὶ
2999 3733 3078 3792 εἰς
3126 3732 3339 3798 ἀγαθὰς
3375 3733 3597 3796 ἐλπίδας
3641 3738 3733 3786 καὶ
3765 3738 4028 3800 ἐπαύλεις

2452 3819 2604 3885 παρὰ
2632 3820 2838 3888 Κυρίου
2873 3820 3178 3890 βαδίζοντα.

758 3895 806 3944 di
845 3908 1010 3948 causa
1042 3913 1055 3948 :
1095 3900 1252 3950 modo
1284 3900 1514 3968 videam,
1543 3919 1806 3971 generose
1834 3905 2192 3960 sustinentem
2245 3908 2502 3974 adversa,
2559 3911 2623 3964 ad
2649 3926 2797 3980 spem
2845 3913 3002 3967 bonis
3057 3917 3415 3984 propositam,
3444 3928 3498 3973 et
3571 3920 3752 3973 aulam
3807 3921 4025 3977 Domini

757 3991 1034 4045 cmh-stcm
1060 3996 1361 4062 pervenire.

833 4089 954 4144 1:8.
1010 4090 1166 4144 Altus
1201 4108 1420 4162 quoque
1444 4096 1783 4160 adolescens,
1809 4098 1896 4150 cui
1923 4113 2116 4151 nomen
2180 4097 2346 4151 Joan-

760 4197 896 4243 nes,
963 4182 1306 4238 familiariter
1395 4190 1649 4241 utebatur
1722 4190 2064 4258 Epiphanio,
2108 4207 2344 4260 cumque

759 4285 818 4326 ut
847 4277 1307 4345 condiscipulum,
1328 4283 1472 4348 quod
1503 4283 1666 4335 simul
1699 4299 1980 4336 sacrarunt
2014 4284 2341 4337 Litterarum

758 4369 942 4421 studio
993 4383 1300 4435 vaeasscnt,
1360 4375 1579 4427 amabat
1615 4392 1628 4426 :
1661 4376 1756 4430 sed
1815 4377 2034 4430 amabat
2095 4386 2342 4440 tantum,

760 4480 865 4515 non
895 4463 1057 4516 etiam
1091 4467 1448 4518 a-mulabatur
1481 4469 1754 4521 virtutem.
1779 4468 2020 4537 Contigit
2047 4470 2345 4538 aliquando

2519 4094 2780 4166 ριη’.Ἕτε
2791 4114 2881 4167 ρος
2896 4098 2951 4150 δέ
2966 4117 3046 4162 τις
3063 4103 3298 4165 νεανίας,
3319 4104 3544 4174 ὀνόματι
3563 4108 3834 4178 Ἰωάννης,
3857 4113 4028 4182 ἐχρη-

2452 4188 2648 4257 μάτιζε
2676 4191 2982 4260 προσφιλὴς
3029 4193 3347 4263 Ἐπιφανίῳ,
3387 4199 3576 4250 καθότι
3606 4202 3696 4252 καὶ
3723 4203 3830 4255 τῶν
3867 4206 4031 4273 ἱερῶν

2447 4284 2794 4351 γραμμάτων
2827 4286 3129 4357 ἀμφότεροι
3157 4287 3224 4337 τὰ
3253 4290 3548 4358 μαθήματα
3576 4293 3984 4363 ἐπαιδεύθησαν
4012 4314 4026 4329 ’

2442 4375 2636 4444 ἠγάπα
2663 4371 2756 4427 οὖν
2795 4377 2885 4428 τὸν
2911 4377 3230 4446 Ἐπιφάνειαν
3263 4384 3656 4454 συμφοιτητὴν,
3688 4385 3786 4455 τὴν
3809 4389 3864 4440 δὲ
3893 4392 4030 4458 ἀρε-

2443 4469 2542 4534 τὴν
2591 4466 2757 4518 αὐτοῦ
2785 4469 2906 4520 -ούκ
2956 4470 3211 4538 ἐμιμεῖτο
3253 4473 3315 4523 τ5
3362 4475 3602 4529 σύνολον.
3648 4479 3764 4548 Μιᾷ
3795 4480 3891 4532 οὖν
3917 4484 4030 4535 τῶν

757 4556 1170 4609 considentibus
1197 4566 1430 4626 utroque
1456 4559 1507 4611 in
1545 4561 1663 4612 loco
1694 4561 1908 4628 publico
1935 4569 1987 4613 et
2021 4562 2337 4630 colloquen-

2445 4560 2691 4628 ἡμερῶν,
2721 4559 3208 4629 συγκαθεζομένων
3240 4565 3347 4615 τῶν
3374 4567 3701 4634 ἀμφοτέρων
3729 4572 3942 4623 παίδων
3968 4577 4028 4626 ὲν

756 4645 926 4710 tibus,
991 4649 1329 4702 meretricem
1362 4650 1487 4703 illac
1512 4651 1613 4702 iter
1666 4652 1903 4704 habere:
1932 4669 2054 4719 qua:
2092 4654 2180 4705 ubi
2206 4653 2340 4706 ado-

759 4738 1028 4793 lest-entes
1075 4742 1379 4809 conspexit,
1435 4743 1672 4811 primum
1731 4743 2043 4812 gesticulari
2097 4745 2343 4813 impura.

751 4828 954 4884 deinde
983 4847 1184 4899 corpus
1215 4833 1393 4888 modis
1427 4834 1698 4889 indecoris
1750 4850 1987 4897 movere,
2041 4850 2106 4888 co
2135 4852 2232 4890 sua
2261 4837 2343 4889 di-

757 4925 940 4992 rigens
981 4927 1267 4980 euitattima
1290 4969 1304 4991 ,
1345 4935 1405 4981 ut
1434 4930 1662 4982 alterum
1697 4928 1890 4983 saltem
1925 4929 2141 4982 illorum
2175 4931 2227 4982 in
2256 4929 2340 4984 sui

752 5019 1256 5085 cmucupiseeutiam
1300 5022 1637 5088 pertraheret
1668 5021 1994 5089 perniciosa.
2027 5019 2234 5074 Interea
2266 5023 2342 5074 fa-

759 5108 899 5161 cient
934 5126 1086 5162 suam
1111 5120 1382 5166 averterat
1403 5111 1762 5182 Epiphanius,
1784 5114 2041 5184 socioque
2057 5115 2344 5168 subridens

761 5201 976 5254 dicclat
1024 5219 1035 5253 :
1104 5201 1241 5256 Ecce
1289 5204 1619 5273 vulpieulam
1668 5204 2129 5269 inverecundam,
2177 5220 2340 5274 quant

762 5292 961 5346 blande
1001 5295 1268 5348 aviculam
1335 5305 1502 5351 tentet
1552 5297 1914 5365 intercipere,
1957 5297 2202 5363 juvenis,
2266 5297 2346 5350 inv

757 5394 948 5453 quam,
1018 5388 1252 5456 alicujus
1300 5388 1538 5443 animam
1593 5392 1842 5459 pr.edari.
1892 5392 1958 5445 At
2014 5405 2142 5446 vero
2177 5389 2343 5445 Joan-

761 5494 886 5541 nes,
945 5490 1002 5533 ut
1055 5488 1175 5534 erat
1235 5481 1655 5549 perditissimus,
1691 5482 1891 5536 furtivo
1924 5484 1973 5535 irt
2006 5483 2151 5536 illam
2186 5485 2339 5536 obtu-

763 5585 819 5624 tu
852 5588 1148 5628 conversus
1166 5585 1304 5637 erat,
1336 5576 1497 5638 clam,
1527 5584 1585 5629 ut
1612 5577 1858 5644 putabat,
1881 5575 2178 5645 Epiphanio
2208 5592 2222 5628 :
2249 5576 2338 5644 qtti

762 5664 1058 5730 perniciem
1112 5665 1309 5720 anima:
1361 5667 1528 5729 illius,
1562 5681 1746 5721 revera
1783 5667 2076 5728 libidinosi,
2115 5676 2167 5720 et
2201 5669 2342 5721 insa-

764 5768 837 5807 no
868 5771 997 5824 erga
1055 5758 1286 5811 feminas
1341 5774 1524 5812 amore
1554 5760 1819 5820 succensi,
1867 5760 2126 5814 uberibus
2156 5775 2339 5826 prose-

768 5848 1338 5921 quebaturlacryutis,
1368 5859 1421 5906 ct
1456 5853 1738 5907 minaciter
1789 5855 1842 5906 ιιι
1883 5854 2218 5909 mcretticcm
2266 5855 2341 5908 itt-

2442 4648 2520 4718 τῷ
2546 4649 2806 4719 δημοσίῳ,
2859 4651 2951 4702 καὶ
2999 4653 3069 4704 τὰ
3111 4655 3333 4722 ῥήματα
3370 4656 3726 4724 ὁμιλούντων,
3766 4664 3905 4730 γυνή
3941 4681 4028 4729 τις

2448 4741 2622 4809 μιμὰς
2651 4742 2971 4811 διερχομένη
3004 4744 3060 4794 ἐν
3100 4747 3210 4806 τοῖς
3244 4747 3377 4809 ἐκεί,
3409 4748 3482 4808 ὡς
3514 4751 3640 4811 τοὺς
3670 4754 4027 4822 ἀμφοτέρους

2446 4835 2644 4895 παῖδας
2707 4834 2989 4900 ἐθεάσατο,
3047 4836 3249 4906 ἤρξατο
3399 4840 3708 4910 ἀκάθαρτος
3762 4848 4026 4914 σχήματα.

2449 4925 2736 4994 πράττειν,
2777 4927 2904 4994 ἑξῆς
2938 4929 3031 4980 καὶ
3063 4930 3341 4998 κινήματα
3368 4933 3460 4983 καὶ
3489 4933 3869 5004 βλακεύματα,
3906 4957 4027 4992 πει-

2449 5018 2671 5085 ρωμένη
2707 5019 2738 5088 ὴ
2771 5018 3080 5088 γάγγραινα
3115 5023 3220 5073 κᾶν
3249 5021 3342 5074 ἕνα
3382 5024 3610 5093 συλῆσαι
3647 5029 3728 5089 εἰς
3765 5029 3869 5098 τὴν
3903 5034 4027 5084 ἐπι-

2447 5110 2648 5178 θυμίαν
2687 5113 2880 5180 αὐτῆς.
2927 5113 3016 5173 Ὡς
3049 5113 3104 5166 δὲ
3140 5115 3313 5166 ταῦτα
3342 5116 3716 5186 διεπράττετο,
3752 5122 4027 5192 ἀπέστρε-

2447 5203 2516 5269 ψε
2572 5203 2672 5271 τὴν
2714 5205 2833 5272 ὄψιν
2874 5206 3038 5257 αὑτοῦ
3081 5206 3204 5259 ἰδὼν
3245 5208 3561 5276 Ἑπιφάνιος
3605 5210 4026 5282 ὑπομειδιάσας,

2447 5294 2538 5346 καί
2573 5312 2736 5363 φησιν
2766 5313 2781 5326 ·
2836 5297 3005 5349 Βλέπε
3037 5298 3134 5368 τὴν
3183 5299 3444 5352 ἀλώπεκα
3494 5301 3592 5372 τὴν
3637 5304 4026 5372 ἀναίσχυντον,

2446 5386 2562 5447 πῶς
2607 5389 3003 5442 ὑποκυνεύεται
3048 5390 3198 5459 ὄρνιν
3254 5393 3572 5463 πειρωμένη
3624 5393 3832 5458 λαϐεῖν’
3882 5400 4029 5467 φημὶ

2445 5478 2711 5546 νεωτέρου
2749 5479 2889 5540 τινὸς
2917 5480 3095 5550 ψυχὴν
3128 5481 3223 5534 τοῦ
3257 5483 3541 5552 θηρεῦσαι.
3582 5485 3640 5538 '0
3668 5488 4024 5558 δὲ’ἰωάννης,

2446 5571 2518 5634 ὡς
2553 5571 2627 5623 ὢν
2655 5572 3036 5639 ἐξωλέστατος,
3094 5577 3425 5629 κατεσκόπει
3471 5579 3734 5645 κρυφίως,
3771 5581 3846 5642 ὼς
3888 5585 4025 5633 ὑπο-

2447 5664 2720 5718 λανθάνων
2743 5666 2821 5736 τῷ
2862 5668 3183 5738 Ἐπιςςανίιγλ
3219 5669 3511 5736 Πορευθεὶς
3542 5672 3597 5722 δὲ
3623 5674 3649 5722 ὀ
3679 5672 4026 5741 Ἑπιφάνιος,

2448 5758 2699 5810 ἐλυπεῖτο
2747 5760 2837 5810 ἐπὶ
2885 5762 2948 5827 τῇ
3008 5761 3252 5827 ἀπωλείᾳ
3303 5762 3397 5829 τῆς
3437 5761 3612 5831 ψυχῆς
3654 5765 3821 5816 αὐτοῦ
3858 5782 3872 5794 ·
3937 5767 4024 5819 ἐπ’

2449 5851 2705 5922 ἀληθείας
2747 5853 2852 5920 γὰρ
2891 5853 3096 5914 oin-no;
3134 5852 3230 5917 ὼν,
3285 5855 3538 5921 ἐμαίνετο
3588 5858 3665 5919 εἰς
3708 5858 3771 5909 τὰ
3815 5861 4027 5928 utuin-
