4202 6434
171 395 281 455 765

1388 390 1559 449 VITA
1606 391 1665 447 S.
1712 388 2040 447 ANDREAS
2081 391 2274 449 ΞΛΜ.

3314 392 3423 449 ’ἴίίὓ

171 501 427 571 κὸὁρωτα
476 501 624 570 πάχη
651 502 758 553 τῶν
792 500 1068 565 γυναικῶν
1111 500 1139 551 6
1184 498 1547 568 ταλαίπωρος.
1598 499 1742 549 Ἐνε-

1856 515 2072 565 surgens
2117 516 2146 552 e
2207 502 2427 568 vestigio
2458 516 2517 554 se
2558 500 2834 554 subduxit.
2885 501 2982 553 Cui
3015 500 3251 554 Joannes
3284 517 3299 553 :
3329 503 3423 552 (2a-

170 593 487 660 εριμὴσατο
516 591 610 644 οὖν
630 596 658 646 6
704 592 1023 660 Ἐπιφάνιος
1056 592 1123 660 τῇ
1157 592 1379 657 γυναικὶ
1424 591 1628 661 ἐκείνῃ,
1656 590 1750 641 καὶ

172 685 380 748 εὺθέως
433 684 803 755 ἀνεχώρησεν.
857 685 1002 753 Ἔφη
1062 684 1118 736 δὲ
1186 684 1439 749 Ἰωάννης
1488 684 1621 749 πρὸς
1660 684 1750 733 τὸν

174 779 500 845 Ἐπιφάνιον
527 795 541 807 ·
594 778 1018 848 Ἐπιτιμήσεται
1049 776 1210 830 αὐτὸν
1247 779 1275 829 6
1304 776 1453 842 Θεὸς,
1501 777 1583 829 ὅτι
1626 776 1752 827 ἐσά-

174 870 366 920 λευςεν
418 870 451 937 ἠ
483 868 711 921 τάλαινα
741 869 839 939 τὴν
868 869 1096 938 καρδίαν
1132 886 1256 937 μου.
1306 868 1621 934 Ἐπιφάνιος
1662 860 1751 918 εἷο

172 974 270 1008 τῖεν
292 975 305 986 ·
334 957 625 1027 Μακάριόν
651 961 798 1009 ἐστιν
829 959 915 1009 ἵνα
964 958 1221 1013 ὲσάλευσε
1250 957 1343 1009 καὶ
1378 959 1451 1027 μὴ
1471 959 1750 1027 ἣρπασεν

172 1051 199 1099 6
229 1047 517 1117 ἐμϐλέψας
552 1048 659 1119 γὰρ
714 1049 931 1110 γυναικὶ
973 1049 1107 1117 πρὸς
1146 1048 1204 1099 16
1256 1048 1590 1116 ἐπιθυμῆσαι
1654 1047 1753 1115 ἤδη

174 1141 502 1208 ἐμοίχευσεν
551 1141 720 1207 αὐτὴν
748 1144 806 1193 ὲν
842 1143 907 1209 τῇ
957 1141 1155 1211 καρδίᾳ
1195 1140 1385 1194 αὐτοῦ.
1419 1140 1531 1193 Νῦν
1560 1136 1651 1191 οὖν
1679 1140 1754 1202 ὼς

176 1231 279 1281 οὐκ
324 1231 639 1298 ἐπιθυμεῖς,
692 1229 808 1290 πῶς
851 1229 1187 1299 ὲντρανίζεις
1218 1228 1385 1296 ἡδέως
1417 1229 1480 1295 τῇ
1530 1226 1752 1297 πόρν,ῃ;

175 1322 272 1373 Διὰ
312 1321 476 1375 τοῦτο
531 1317 707 1384 εἷπον,
759 1322 841 1373 ὅτι
877 1320 1147 1391 μακάριόν
1178 1322 1344 1383 ἐστιν,
1374 1317 1459 1369 ἵνα
1491 1334 1547 1368 σε
1586 1331 1757 1384 παρε-

177 1412 410 1465 σάλευσε
433 1413 527 1465 καὶ
552 1414 627 1482 μὴ
663 1411 941 1483 ἥρπασεν.

248 1505 538 1575 ρι6’.ἐφη
555 1505 807 1574 Ἰωάννης
831 1503 967 1573 πρὸς
993 1503 1156 1556 αὐτόν
1181 1518 1195 1533 ·
1228 1501 1339 1555 Καὶ
1372 1501 1445 1571 μὴ
1469 1502 1496 1553 6
1512 1498 1756 1562 διάϐολος

176 1598 281 1667 τὴν
321 1599 559 1664 γυναῖκα
609 1596 897 1665 ἑποίησενι
931 1594 1158 1655 Πάντως
1206 1593 1236 1645 6
1284 1593 1438 1657 Θεὸς,
1504 1593 1755 1654 κάκεϊνος

177 1687 350 1755 ὥρισε
414 1686 639 1741 τοιαῦτα
678 1686 952 1753 γενέσθαι.
983 1686 1109 1738 Ἐὰν
1151 1684 1207 1737 δὲ
1241 1685 1340 1737 οὐκ
1373 1683 1532 1754 ἤθελε
1582 1683 1775 1736 ταῦτα’

179 1779 466 1847 γενέσθαι,
501 1780 586 1832 ἵνα
620 1780 673 1831 τί
708 1779 877 1848 αἰτὴν
922 1778 1003 1841 είς
1028 1778 1122 1829 τὸν
1151 1777 1356 1844 κόσμον
1385 1776 1706 1845 παρήγαγεν
1736 1792 1751 1840 ;

192 1871 385 1923 Αίτιὸν
409 1872 558 1923 ἐστιν
591 1871 619 1921 6
658 1870 790 1931 Θεὸς
818 1836 911 1920 τοῦ
944 1836 1189 1921 τοιούτου
1216 1836 1562 1935 πράγματοςξ
1606 1836 1756 1920 ’ίσέπιζ
1788 1836 1826 1891 Β

178 1963 377 2029 φάνιος
406 1964 557 2029 λέγει
586 1970 600 1992 ⁴
629 1962 721 2032 Μὴ
749 1962 1171 2032 ἀπερισκέπτως
1200 1977 1251 2013 τι
1300 1960 1561 2028 φθέγγου,
1602 1959 1756 2013 ἁδελ-

179 2055 251 2121 φὲ
276 2068 293 2083 ⁸
328 2054 663 2123 στοχάζομαι
719 2054 828 2123 γάρ
879 2055 960 2105 ὅτι
997 2053 1096 2105 οὐκ
1134 2049 1282 2113 οἶδας
1326 2051 1378 2102 τί
1437 2050 1755 2120 φθέγγεσαι·

177 2147 306 2199 είπὶ
351 2146 409 2199 δέ
453 2163 545 2215 μοι
582 2144 719 2216 πρὸς
768 2144 923 2197 τοῦτο
953 2161 967 2176 ο
1007 2145 1315 2213 Εἰσήγαγεν
1352 2144 1380 2195 6
1408 2144 1538 2205 θεὸς
1564 2145 1642 2204 είς
1668 2142 1758 2194 τὸν

177 2241 392 2306 κόσμον
429 2236 640 2301 τοῦτον,
690 2236 779 2289 καὶ
812 2238 893 2297 εἰς
930 2237 1021 2288 τὸν
1050 2234 1163 2305 βίον
1209 2234 1301 2287 τὸν
1349 2234 1616 2304 ἡμέτερον
1647 2231 1755 2300 μά-

178 2344 406 2397 χαιραν,
436 2326 526 2380 διὰ
550 2327 709 2378 ποίαν
736 2326 915 2379 αίτίαν
940 2344 953 2391 ;
994 2327 1235 2388 Πάντως,
1280 2326 1365 2377 ἵνα
1395 2325 1682 2393 τέμνωμεν
1705 2339 1758 2375 τι

179 2420 294 2472 τῶν
344 2419 760 2489 προσδεομένων
802 2418 902 2488 τῆς
932 2419 1105 2487 τομῆς
1145 2420 1333 2486 αὐτῆς,
1366 2418 1463 2486 οὐχ
1499 2417 1582 2469 ἵνα
1626 2418 1760 2483 agai-

183 2509 371 2578 ἕωμεν
401 2509 685 2580 ἀλλήλους.
717 2510 1004 2577 Ἐποίησεν
1031 2509 1059 2560 6
1095 2507 1226 2570 Θεὸς
1258 2509 1511 2577 σχοινίον,
1545 2510 1641 2575 οὐχ
1676 2509 1759 2559 ἵνα

182 2606 475 2672 πνίγωμεν
508 2603 754 2664 ἑαυτοὺς,
800 2600 919 2653 ἀλλ’
948 2602 1031 2653 ἵνα
1080 2602 1138 2652 ὲν
1170 2601 1317 2669 αὑτῴ
1350 2599 1757 2669 στηριζώμεθα.

185 2697 299 2748 Καὶ
351 2696 438 2746 ἴνα
485 2695 553 2746 τὰ
604 2692 774 2746 πολλὰ
826 2696 1108 2762 παρεάσω,
1158 2690 1380 2745 καὶτοῦ
1426 2690 1759 2761 ζητουμένου

183 2787 513 2859 ἐπιμνησοῶ
536 2803 553 2818 ο
594 2788 849 2857 ἐποίησεν
874 2788 902 2838 ό
948 2786 1084 2848 θεὸς
1132 2787 1224 2838 καὶ
1261 2786 1357 2856 τὴν
1387 2789 1641 2852 γυναῖκα,
1674 2787 1759 2837 ἴνα

186 2882 327 2951 αὔξῃ
357 2884 385 2934 6
415 2882 641 2949 κόσμος,
677 2881 767 2933 καὶ
803 2880 887 2931 ἵνα
920 2880 1025 2942 πᾶς
1061 2879 1346 2947 ἄνθρωπος
1374 2880 1400 2931 6
1439 2876 1760 2947 βουλόμενος

181 2976 333 3044 ἔχειν
380 2975 616 3039 γυναῖκα
683 2970 778 3041 ἔχῃ
827 2969 999 3041 αὐτὴν
1038 2971 1176 3039 μετὰ
1217 2971 1569 3039 συνειδήσεως
1598 2967 1755 3033 Θεοῦ,

185 3067 329 3137 μετὰ
379 3064 576 3134 βουλῆς
605 3064 768 3116 αὑτοῦ
800 3080 814 3091 '
844 3066 1093 3116 τουτέστι
1140 3063 1281 3117 κατὰ
1317 3064 1405 3116 τὸν
1438 3064 1622 3131 νόμον.
1667 3062 1759 3114 τὸν

189 3161 296 3225 πρὸ
334 3157 525 3210 τούτου
561 3156 847 3208 ἐκδοθέντα
882 3155 975 3207 ὑπ’
1001 3154 1166 3206 αὑτοῦ
1200 3154 1335 3223 [καὶ
1369 3155 1425 3203 ἐν
1453 3156 1561 3213 τοῖς
1591 3152 1757 3215 θείοις

183 3250 540 3318 Εὖαγγελίοις
572 3248 1104 3317 παραγγελλόμενον,
1136 3263 1154 3296 ι
1191 3244 1445 3296 Ἔσονται
1477 3244 1525 3293 οἱ
1555 3242 1647 3294 δύο
1672 3243 1751 3304 εἰς

185 3344 371 3411 σάρκα
401 3340 529 3409 μίαν
564 3338 611 3411 ι]
642 3356 655 3369 ·
692 3338 778 3391 ἵνα
836 3338 1013 3409 σκέψῃ
1062 3338 1120 3389 ὲν
1150 3338 1217 3407 τῇ
1248 3335 1461 3405 νεότητί
1513 3351 1629 3398 σου,
1670 3334 1765 3386 καὶ

186 3434 307 3500 ἴδῃς
334 3437 380 3483 εἰ
415 3432 523 3502 ἄρα
555 3431 683 3501 δύνῃ
728 3429 1086 3498 παρθενεύειν
1130 3430 1313 3497 χάριτι
1348 3427 1551 3496 Κυρίου
1578 3442 1591 3456 ·
1625 3429 1672 3477 εί
1710 3426 1763 3476 δὲ

183 3526 247 3581 οὐ
278 3524 433 3595 δύνῃ,
476 3526 561 3575 ἵνα
602 3524 839 3595 εὕρήοῃς
884 3522 1107 3587 γύναιον
1156 3521 1375 3589 σεμνὸν,
1414 3518 1639 3585 ἀγαθὸν,
1673 3519 1765 3569 xui.

184 3623 466 3687 ἐνάρετον,
496 3620 587 3670 καὶ
613 3616 774 3686 βούλῃ
801 3615 910 3667 τῶν
933 3616 1134 3681 γονέων
1162 3614 1246 3665 ἵνα
1277 3613 1413 3683 ἄρῃς
1443 3612 1631 3681 αὐτήν.
1656 3612 1767 3663 Καὶ

186 3714 381 3765 λοιπὸν
406 3710 527 3763 οὔτε
564 3709 771 3777 εκείνη,
802 3706 926 3759 οὕτε
960 3708 1022 3759 σὺ
1054 3708 1203 3771 ἕξετε
1237 3704 1489 3770 ἐξουσίαν
1522 3701 1615 3754 τοῦ
1646 3702 1759 3753 ἐτε-

189 3808 369 3878 ρωοεν
402 3801 789 3876 ρεμόεύεσοαι,
831 3801 923 3853 καὶ
954 3799 1199 3865 ὀφείλετε
1237 3791 1375 3849 εἶναι
1417 3794 1605 3863 ὥσπερ
1649 3793 1767 3856 ζεῦ-

186 3916 286 3966 γος
319 3898 622 3966 τρυγόνων,
658 3895 691 3965 ἢ
729 3894 903 3963 σεμνά
938 3893 1032 3946 καὶ
1078 3893 1287 3960 τερπνὰ
1316 3888 1559 3957 ἀδέλφια.
1597 3884 1662 3939 Εἰ
1684 3890 1768 3948 τις

184 3990 282 4047 οὖν
314 3991 541 4061 φυλάξει
591 3988 733 4040 οὕτω
790 3986 889 4056 τὴν
933 3982 1291 4055 μονογαμίαν,
1327 3980 1517 4049 ὥσπερ
1554 3974 1707 4031 εἶπεν
1740 3981 1767 4030 ὁ

190 4086 425 4157 Κύριος,
478 4084 561 4134 ὅτι
612 4084 671 4133 ἐν
726 4082 793 4150 τῇ
844 4078 1138 4133 ἀναστάσει
1184 4073 1587 4140 ἐπιγνώσονται
1620 4066 1767 4124 οὗτοι

190 4179 467 4249 ἀλλήλους
498 4176 554 4226 ἐν
585 4174 790 4244 χάριτι,
820 4174 881 4223 οὐ
917 4171 1100 4238 μέντοι
1147 4168 1316 4219 πάλαι
1371 4164 1560 4232 ὥσπερ
1607 4161 1761 4225 ἐζεύ-

187 4273 422 4342 χἿησαν,
457 4267 572 4323 ἀλλ’
602 4266 818 4317 ἔσονται
851 4265 925 4326 ὡς
956 4262 1176 4329 ἄγγελοι
1199 4259 1355 4312 Θεοῦ.
1385 4258 1483 4309 Διὰ
1507 4256 1686 4318 τοῦτο,
1728 4256 1755 4306 6

205 4361 528 4426 ‘Em;dv:o;
575 4353 745 4419 εἶπεν,
788 4358 819 4423 ἡ
876 4354 1011 4423 γυνὴ
1063 4352 1202 4405 κατὰ
1233 4351 1322 4403 τὶν
1361 4349 1524 4416 νόμον
1561 4347 1769 4416 Κυρίου

192 4454 492 4519 ζεύγνυται
530 4449 705 4516 ἀνδρὶ,
741 4446 833 4499 καὶ
866 4446 1199 4498 συνάπτεται
1233 4442 1390 4511 χάριν
1424 4439 1771 4498 παιδοποιίας

1855 592 2073 659 stigahit
2123 592 2266 644 illam
2329 590 2491 654 Deus,
2525 593 2722 659 inquit,
2755 592 2898 659 quod
2969 592 3207 644 animum
3249 606 3427 644 meum

1855 686 1969 735 suis
2019 684 2284 737 illecebris
2342 683 2636 735 commovit
2684 682 2904 735 misera.
2942 681 3005 734 Et
3043 682 3374 749 Epiphanius
3411 700 3423 737 :

1857 773 2013 825 Salva
2066 790 2150 828 res
2197 783 2300 836 est,
2346 772 2539 838 inqttit,
2594 774 2637 826 si
2688 774 2983 825 commovit
3036 782 3265 834 tantum,
3319 790 3425 825 ttott

1854 870 2013 920 etiam
2088 868 2296 933 rapuit;
2357 882 2479 919 nam
2530 876 2582 919 et
2641 868 2729 933 qui
2790 865 2981 919 viderit
3035 865 3314 918 mulierem
3358 866 3423 917 ad

1855 958 2367 1025 concupiscendum,
2413 960 2522 1027 jam
2561 959 2859 1011 tumehatus
2898 967 2980 1011 est
3012 972 3129 1009 eam
3171 958 3222 1008 in
3264 959 3426 1011 corde

1859 1065 1983 1102 suo.
2039 1050 2192 1103 Nunc
2254 1052 2437 1118 igitur,
2494 1051 2535 1103 si
2568 1065 2674 1102 u0u
2706 1049 3071 1117 concupiscis,
3106 1064 3204 1101 cur
3238 1050 3424 1101 oculos

1857 1154 1964 1198 tam
2021 1144 2215 1197 blande
2261 1144 2313 1195 in
2358 1152 2598 1196 scortum
2684 1142 2968 1195 intendis?
3022 1145 3097 1195 Ac
3138 1152 3423 1210 propterea

1858 1236 2003 1290 dixi:
2055 1232 2214 1286 Salva
2250 1249 2337 1287 res
2361 1243 2462 1299 est,
2483 1235 2526 1287 si
2561 1232 2855 1288 commovit
2879 1240 3108 1298 tantum,
3139 1246 3243 1285 non
3259 1231 3422 1284 etiam

1859 1326 2055 1394 rapuit.

1929 1514 2053 1569 H9.
2110 1512 2395 1583 Excipieus
2425 1526 2617 1565 rursus
2651 1524 2959 1564 sermonem
3013 1504 3250 1560 Joannes
3288 1522 3303 1557 :
3337 1503 3429 1556 Et-

1858 1606 2023 1666 enim,
2097 1607 2193 1668 ait,
2248 1604 2505 1671 numquid
2570 1602 2821 1655 diabolus
2873 1600 3126 1653 feminam
3176 1596 3421 1651 effinxit?

1858 1692 2077 1751 Minime
2128 1711 2277 1757 vero,
2324 1698 2418 1749 sed
2485 1695 2659 1755 Deus,
2704 1693 2797 1761 qtti
2860 1700 2910 1745 et
2960 1690 3242 1744 constituit
3291 1689 3415 1741 talia

1860 1787 1971 1845 fieri
2003 1808 2015 1842 :
2044 1789 2085 1843 si
2127 1788 2268 1841 enim
2305 1787 2416 1840 fieri
2474 1785 2755 1844 noluisset,
2786 1799 2884 1836 cur
2926 1784 3095 1850 ipsam
3129 1778 3414 1847 produxis-

1857 1891 1939 1936 set
1998 1881 2050 1934 itt
2101 1878 2409 1932 mundum?
2466 1876 2607 1929 Deus
2675 1876 2838 1944 igitur
2865 1871 3169 1927 istiusmodi
3200 1883 3424 1935 operum

1858 1990 2021 2029 causa
2075 1971 2341 2025 dicendus
2404 1980 2504 2023 est.
2568 1967 2713 2027 Noli,
2768 1966 2839 2019 nti
2893 1964 3096 2025 frater,
3159 1961 3433 2016 substtmit

1857 2058 2211 2137 Epiphanius,
2274 2064 2339 2116 de
2386 2061 2493 2114 Deo
2538 2060 2835 2129 quidquam
2886 2067 3084 2109 temere
3145 2054 3430 2123 proloqui:

1860 2176 1981 2214 reor
2011 2159 2125 2212 haec
2172 2154 2266 2209 tibi
2305 2154 2484 2207 minus
2520 2150 2977 2205 animadvertenti
3007 2148 3296 2201 excidisse.
3334 2143 3436 2194 ιιιι-

1858 2252 2083 2321 sponde,
2136 2263 2341 2317 quaeso,
2413 2245 2543 2298 mihi
2576 2244 2641 2298 ad
2690 2245 2847 2297 haec:
2886 2242 3055 2307 Quam
3090 2242 3158 2293 ob
3202 2253 3425 2291 causam

1860 2342 2125 2399 introduci
2190 2339 2360 2392 voluit
2401 2336 2540 2390 Deus
2582 2336 2793 2389 cultros
2859 2335 2910 2387 in
2955 2333 3212 2386 mumlum
3250 2326 3437 2382 hunc?

1862 2437 2060 2503 Utique
2109 2444 2168 2486 ut
2222 2431 2327 2484 illis
2378 2428 2713 2489 scindamus,
2746 2440 2866 2494 qua:
2896 2423 2961 2477 ad
3000 2437 3156 2477 usum
3186 2432 3432 2474 nostrntn

1860 2528 2033 2581 scindi
2067 2525 2262 2578 debent
2292 2537 2307 2586 ;
2338 2537 2440 2574 non
2468 2536 2595 2573 vero
2630 2528 2688 2571 ttt
2709 2515 2863 2571 alteti
2894 2531 3079 2568 necem
3112 2514 3430 2566 inferamus.

1860 2617 2037 2673 Funus
2106 2628 2325 2684 quoque.
2397 2611 2521 2665 fetlt
2568 2609 2730 2673 Deus,
2796 2622 2901 2659 non
2956 2620 3086 2660 sane
3120 2616 3300 2657 tttnns
3333 2604 3433 2671 ipsi

1861 2704 2279 2775 strangttletttus.
2312 2701 2404 2755 sed
2438 2709 2495 2754 ut
2525 2700 2589 2753 iis
2618 2713 2811 2752 manus
2863 2694 3145 2765 prehensis
3184 2707 3433 2763 gressum

1862 2802 2158 2855 firmemus.
2222 2798 2397 2864 Atque
2458 2802 2516 2847 ut
2562 2792 2788 2861 plurima
2850 2786 3067 2842 silentio
3102 2786 3434 2852 prseteriens.

1860 2892 1927 2947 ad
1952 2890 2302 2958 qttzestionem
2332 2886 2661 2955 propositam
2698 2881 2916 2935 demum
2959 2887 3217 2937 revertar,
3240 2874 3433 2929 condi—

1860 2987 1939 3041 dit
1970 2996 2184 3053 qttuqne
2232 2979 2488 3034 feminam
2522 2976 2684 3035 Deus,
2710 2983 2768 3027 ut
2824 2977 3098 3025 accrescat
3123 2968 3420 3020 humanum

1862 3091 2030 3147 genus
2085 3084 2138 3128 et
2170 3072 2581 3140 multiplicetur,
2619 3076 2675 3119 ut
2712 3067 2795 3117 vir
2846 3060 3159 3128 omnis,qni
3193 3058 3433 3112 animum

1785 3184 1827 3241 ο
1863 3170 1928 3223 ad
2007 3166 2318 3234 coniugium
2363 3162 2607 3231 appulit,
2673 3156 2927 3211 feminam
2990 3153 3091 3208 sibi
3142 3152 3438 3219 coniungat

1864 3276 1928 3315 ex
1989 3270 2345 3329 consensu’ac
2369 3255 2642 3306 voluntate
2682 3250 2884 3311 divina,
2920 3247 2969 3299 itl
3014 3253 3097 3299 est
3131 3257 3435 3311 congruen-

1868 3358 1950 3402 ter
2003 3347 2496 3411 convenienterque
2553 3340 2687 3409 legi,
2740 3354 2901 3406 quam
2977 3336 3117 3388 Dens
3161 3334 3271 3402 jam
3328 3336 3437 3399 pri—

1864 3440 1984 3493 dcm
2036 3438 2178 3500 tulit,
2227 3437 2391 3503 inque
2424 3434 2597 3487 sacris
2644 3429 2948 3498 Evangeliis
2994 3424 3299 3495 poswritati
3348 3437 3431 3473 re-

1871 3530 2045 3599 liquit,
2109 3528 2295 3581 tliceus
2330 3543 2343 3556 ·
2372 3544 2389 3575 ι
2436 3524 2603 3576 Erunt
2652 3523 2759 3575 duo
2790 3521 2840 3574 in
2900 3535 3061 3572 carne
3088 3533 3189 3569 una
3221 3516 3284 3579 η,
3319 3534 3335 3563 ι
3378 3522 3438 3565 ut

1871 3625 2185 3678 consideres
2234 3620 2286 3672 in
2332 3619 2612 3686 jnventnte
2674 3622 2761 3664 ttta
2796 3620 2847 3663 ct
2893 3606 3325 3676 circumspicias,
3366 3620 3433 3656 an

1874 3714 2238 3783 virginitatem
2288 3709 2466 3762 colere
2529 3706 2789 3759 illibatam
2847 3701 3024 3769 possis
3076 3696 3437 3770 per-gratiam

1869 3807 1989 3869 Dei,
2044 3806 2089 3858 si
2124 3818 2252 3856 vero
2297 3815 2403 3853 non
2461 3796 2657 3869 possis,
2682 3795 2953 3866 pudicam,
2995 3793 3213 3854 bonam,
3256 3790 3438 3843 virtuti

1868 3903 2101 3958 deditam
2128 3898 2388 3964 virginem
2412 3908 2645 3963 quaeras,
2681 3905 2840 3958 quam
2869 3902 2898 3939 e
2947 3899 3213 3940 consensu
3249 3898 3441 3951 paren-

1871 4006 1983 4050 tum
2046 4005 2269 4044 uxorem
2294 3987 2390 4040 tibi
2446 3986 2629 4037 ducas.
2656 3981 2894 4048 Denique
2950 3992 3045 4031 nec
3091 3975 3191 4039 illi,
3224 3989 3320 4027 nec
3346 3974 3439 4027 tibi

1867 4086 1951 4141 fas
1998 4085 2100 4139 erit
2140 4083 2204 4135 ab
2230 4081 2398 4134 altero
2442 4074 2705 4145 separari,
2741 4072 2831 4126 sed
2873 4070 3052 4123 vivere
3100 4067 3327 4126 debetis,
3362 4066 3437 4117 uti
3489 4069 3493 4075 '

1874 4192 1973 4248 par
2004 4184 2296 4233 turtttrum,
2344 4179 2436 4222 aut
2466 4168 2597 4221 casti
2652 4164 2984 4232 jucundiqne
3040 4159 3255 4212 fratres.
3286 4152 3441 4222 Quod

1873 4271 1915 4325 si
1946 4268 2036 4337 qui
2063 4264 2374 4334 conjugium
2410 4263 2482 4313 ita
2523 4274 2585 4311 ex
2621 4264 2885 4325 prter-epto
2950 4252 3161 4304 Domini
3193 4264 3444 4303 servave-

1874 4362 2004 4424 rint,
2032 4360 2083 4412 itt
2121 4354 2870 4410 resurrectionemortuorum
2912 4352 3243 4412 cognoscent
3293 4341 3445 4392 invi-

1873 4468 1988 4509 cem
2044 4452 2095 4504 itt
2125 4449 2318 4517 gratia.
2362 4460 2467 4498 non
2521 4442 2737 4509 quidem
2770 4441 2844 4491 uti
2894 4438 3099 4506 pridem
3148 4432 3443 4500 conjugati,

192 4548 319 4613 οὐχὶ
350 4544 405 4595 δὲ
439 4542 599 4610 χάριν
632 4537 1132 4606 δαιμονολαγνείας.
1157 4536 1315 4585 ’Όσοι
1346 4528 1439 4584 οὖν
1478 4532 1762 4601 πορνεύου-

1876 4545 1967 4599 sed
2028 4550 2189 4595 erunt
2256 4538 2396 4591 sicut
2448 4533 2621 4601 angeli
2649 4530 2761 4583 Dei.
2791 4531 2865 4581 Ac
2893 4538 3176 4596 propterea
3231 4523 3448 4575 dicebat

195 4658 304 4701 σιν,
338 4637 371 4705 ἢ
412 4631 836 4705 μοιχεύουσιν,ῆ
875 4630 970 4699 τὴν
1022 4628 1323 4695 Σοδομικὴν
1360 4624 1624 4692 ἐργασίαν
1672 4625 1764 4692 ἐρα

194 4730 483 4797 γάζονται,
514 4720 681 4793 [οὗτοι
713 4723 1014 4789 γνώσονται
1044 4722 1101 4771 ἐν
1145 4720 1209 4789 τῇ
1238 4718 1357 4787 ὥρᾳ
1402 4714 1494 4767 τοῦ
1529 4716 1762 4767 θανάτου

194 4824 244 4876 τί
272 4820 458 4879 αὐτοῖς
489 4816 814 4885 ἡτοίμασται
844 4813 955 4883 (ιι)
987 4827 999 4841 ⁸
1034 4809 1052 4881 ]
1087 4811 1211 4862 ἐπεὶ
1241 4810 1442 4876 ἀρτίως
1475 4808 1764 4871 παίζουσιν

194 4916 387 4982 ὥσπερ
413 4906 801 4975 τετυφλωμένα
820 4905 990 4971 κτήνη
1022 4904 1115 4955 καὶ
1144 4901 1466 4971 ἀναίσθητα.
1503 4894 1626 4952 υἷον
1657 4900 1765 4968 γάρ

192 5011 257 5061 τὸ
304 5004 539 5076 φοϐερὸν
588 5004 765 5053 ἐκεῖνο
807 4998 937 5068 πῦρ,
973 4998 999 5049 6
1030 4996 1275 5065 βρυγμὸς
1320 4995 1426 5047 τῶν
1453 4996 1702 5057 ὀδόντων,
1741 4996 1769 5046 6

199 5100 483 5166 κλαυθμὸς
514 5098 540 5147 6
574 5092 963 5162 ἀπαράκλητος
987 5130 1003 5155 ,
1056 5088 1117 5140 16
1168 5090 1358 5150 σκότος
1387 5089 1447 5140 τὸ
1481 5086 1768 5157 ἐξώτερον,

196 5195 247 5245 εἱ
279 5193 468 5260 δήμιοι
495 5189 695 5238 ἐκείνοι
720 5184 963 5252 ἄγγελοι,
1004 5182 1053 5233 οί
1106 5180 1202 5243 τὰς
1235 5181 1497 5249 πυρίνους
1542 5181 1769 5248 ράῦδους

195 5284 551 5349 κατέχοντες,
577 5276 673 5328 καὶ
703 5275 998 5335 τύπτοντες
1032 5276 1159 5334 τοὺς
1189 5273 1313 5338 ἐμοὶ
1346 5272 1563 5339 ὁμοίους
1593 5271 1771 5336 ἁμαρ-

195 5378 429 5439 τωλοὺς,
458 5373 582 5436 τοὺς
614 5370 909 5441 μέλλοντας
938 5372 1016 5431 είς
1057 5369 1116 5421 τὸ
1149 5367 1260 5435 πῦρ
1290 5366 1467 5417 ἐκεῖνο
1505 5366 1563 5416 τὸ
1608 5365 1773 5417 ἄσϐε-

228 5488 326 5524 τον
385 5464 821 5537 ὲμῦιόάζεσθαι;
858 5464 972 5516 Νῦν
1030 5458 1122 5516 οὖν
1173 5460 1265 5512 καὶ
1321 5460 1411 5522 συ,
1448 5462 1494 5511 εἰ
1528 5460 1588 5511 οὐ
1644 5456 1773 5529 δύνῃ

271 5632 316 5665 ’⁸
344 5628 538 5684 Matth.
570 5641 660 5679 XIX
682 5664 695 5689 ,
724 5624 779 5679 5.

273 5798 390 5871 (il)
452 5796 551 5851 Ms.
596 5793 790 5858 \‘atic.,
860 5790 1075 5847 εὐονται

1105 5808 1117 5820 ⁸
1144 5792 1169 5844 ὁ
1203 5789 1306 5861 γὰρ
1360 5791 1607 5863 θάνατος,
1644 5788 1771 5841 ὅταν
1814 5786 1937 5853 Ξ).οῃ
1974 5785 2056 5836 ἐπ’
2092 5784 2290 5844 αᾶιοίς.

1870 4633 2227 4706 Epiphanius,
2275 4630 2391 4682 viro
2424 4625 2683 4694 conjungi
2718 4632 2878 4690 atque
2934 4620 3206 4671 adhaerere
3250 4616 3446 4668 debere

1876 4729 2159 4781 mulierem
2190 4726 2550 4789 congruenter
2575 4714 3063 4780 ceuveuienterque
3094 4708 3193 4777 legi
3228 4707 3445 4767 divinae,

1877 4819 2077 4871 liberos
2138 4808 2484 4882 procreandi,
2551 4822 2656 4860 non
2707 4803 3013 4857 immodica:
3064 4816 3128 4853 ac
3169 4798 3449 4852 diabolica:

1877 4907 2114 4963 libidinis
2148 4918 2333 4958 causa.
2372 4900 2696 4967 Quicunque
2726 4896 2889 4965 igitur
2932 4902 3261 4951 scortantur.
3294 4890 3449 4943 adul-

1877 5010 2140 5061 terantur,
2189 5004 2281 5048 aut
2345 4992 2680 5045 Sodomitico
2735 4987 2927 5041 sceleri
2982 4988 3305 5053 indulgent,
3358 4997 3450 5033 co-

1876 5096 2136 5160 gnoscent
2178 5086 2493 5155 aliquando,
2528 5098 2650 5136 cum
2687 5096 2834 5135 mors
2871 5076 3278 5148 supervenerit,
3318 5074 3445 5143 quid

1869 5183 1969 5237 sibi
2016 5188 2259 5249 paratum
2317 5179 2407 5240 sit,
2450 5175 2578 5245 quia
2634 5173 2795 5226 modo
2848 5173 2985 5224 hanc
3032 5170 3217 5225 vitam.
3244 5166 3321 5219 uti
3358 5183 3446 5218 oe-

1870 5282 2065 5327 t'tCCaltt
2105 5285 2381 5338 sensuque
2413 5267 2671 5321 destituta
2691 5266 2959 5335 jntnettta,
2990 5260 3220 5313 ludendo
3248 5256 3447 5309 transi-

1872 5378 2023 5435 gnut.
2091 5364 2279 5428 Qualis
2355 5360 2497 5413 enim
2579 5358 2793 5411 futurus
2867 5362 2951 5408 est
3016 5351 3275 5405 terribilis
3346 5348 3448 5401 iste

1875 5458 2059 5527 ignis?
2110 5455 2232 5523 quis
2264 5454 2499 5507 dentium
2543 5449 2773 5504 stridor?
2825 5447 2949 5516 quis
2996 5446 3263 5514 ploratus,
3302 5440 3446 5493 nulla.

2372 5781 2437 5831 νὼ
2450 5797 2534 5832 ουν
2548 5795 2626 5831 :1;
