4202 6434
783 312 885 374 ’ΠΙ

1860 316 2279 413 NlCEPHQRl
2326 319 2796 380 PRESBYTERI
2843 323 2943 381 Cl’.

3937 326 4039 385 ττέ

784 426 979 475 ncttlus
1041 436 1148 475 non
1200 423 1357 486 vidit,
1419 438 1517 477 nec
1571 427 1719 481 auris
1762 428 1999 491 audivit,
2045 442 2141 482 nec
2170 428 2222 480 in
2276 443 2355 482 cor

2473 434 2540 485 τά
2569 434 2773 500 ἀγαθὰ,
2808 434 2843 486 ἃ.
2873 433 3154 500 ὀφθαλμὸς
3190 434 3287 486 οὐκ
3326 430 3460 498 οἶδε,
3490 433 3585 486 καὶ
3620 432 3708 493 οὓς
3751 433 3850 483 οὐκ
3880 434 4042 502 ἤκου-

787 515 1027 567 hominis
1074 516 1461 581 ascenderunt,
1509 519 1875 573 ha-reditatcm
1919 520 2199 573 adeamus.

860 602 981 657 124.
1018 604 1528 676 Exspiraveratjam
1568 621 1781 679 tempus
1828 626 1855 663 a
1890 610 2114 665 Domino
2143 626 2362 666 conces-

787 710 907 747 sum
933 694 1151 761 Joanni,
1178 716 1286 767 quo
1314 702 1600 771 patuiteret
1624 714 1784 772 atque
1821 705 1886 756 ad
1917 703 2123 772 frugem
2161 705 2363 757 rediret

784 789 1064 841 meliorem
1102 806 1265 844 :cum
1328 809 1425 861 per
1471 796 1731 849 visionem
1767 798 1957 850 beatus
1984 798 2227 852 Andreas
2270 797 2358 851 Dei

701 923 704 926 .
782 879 1025 935 famulus
1058 884 1311 953 apparuit
1339 885 1664 959 Epiphanio,
1706 889 2216 959 apl'irehensumque
2248 906 2363 943 ma-

786 986 856 1023 nu
885 973 1107 1026 deduxit
1138 975 1204 1029 ad
1232 976 1349 1031 loca
1408 958 1696 1033 admodum
1734 980 1999 1048 profunda
2025 1022 2039 1047 ,
2081 958 2200 1036 visu
2234 981 2364 1035 hor-

784 1063 934 1128 rida,
982 1066 1276 1136 densisque
1328 1071 1563 1126 tenebris
1649 1072 1907 1139 perfusa;
1961 1087 2098 1141 quas
2149 1073 2356 1127 lumine

787 1168 950 1206 manu
1010 1158 1233 1224 praelato
1285 1160 1633 1225 discutiebat.
1667 1160 1780 1214 Vid.
1804 1163 2001 1216 bantur
2036 1174 2213 1217 autem
2250 1164 2364 1217 lucc

784 1244 1090 1316 Epiphanio
1140 1252 1278 1305 intra
1344 1262 1500 1308 terra:
1554 1254 1731 1308 sinum
1762 1257 1870 1324 geri
1905 1272 1920 1310 :
1955 1256 2042 1310 ubi
2086 1267 2141 1310 et
2181 1267 2365 1311 ουειυιμ

784 1339 911 1404 dim,
960 1353 1012 1393 et
1065 1342 1325 1409 claustra,
1376 1355 1429 1399 et
1489 1361 1739 1402 carceres
1800 1348 2069 1402 deformes
2120 1364 2184 1403 ac
2216 1358 2364 1403 tene-

786 1429 931 1484 brosi
984 1432 1321 1501 visebantur,
1382 1453 1614 1507 quorum
1674 1440 1764 1493 alii
1815 1442 2083 1509 muribus,
2142 1442 2361 1504 :eluris,

781 1524 1087 1592 vulpeculis
1141 1529 1465 1593 scatebant;
1534 1532 1588 1585 in
1647 1531 1771 1586 aliis
1838 1542 2141 1602 serpentes,
2198 1532 2359 1598 asini,

779 1617 1046 1683 echidnae,
1104 1622 1339 1691 aspides.
1390 1624 1661 1688 cornices,
1720 1626 1893 1690 corvi,
1923 1636 1978 1680 et
2026 1636 2232 1681 cratera
2262 1642 2360 1681 vo-

781 1710 960 1767 lucres
1007 1714 1298 1769 innnundm
1338 1731 1402 1771 ac
1450 1717 1650 1782 fetida}.
1711 1736 1918 1776 necnon
1970 1721 2117 1788 ferte,
2176 1737 2357 1785 canes,

2466 543 2546 591 σε,
2576 527 2671 579 καὶ
2697 528 2789 579 ἐπὶ
2812 526 3045 596 καρδίαν
3070 526 3362 597 ἀνθρώπου
3396 526 3497 579 οὐκ
3536 526 3727 594 ἀνέϐη.

2543 617 2682 685 ρκδθ.
2717 617 3103 686 Πληρωθὲντος
3137 619 3193 671 δὲ
3227 617 3321 669 τοῦ
3353 618 3479 687 ὅρου
3504 616 3598 669 τοῦ
3632 615 3875 679 δοθέντος
3900 615 4046 683 παρὰ

2467 705 2670 776 Κυρίου
2698 705 2778 775 τῷ
2815 706 3031 776 Ἰωάννῃ
3062 706 3203 775 λόγῳ
3242 706 3530 777 μετανοίας
3580 706 3675 757 καὶ
3709 703 4044 770 ἐπιστροφῆς

2468 797 2655 860 αὑτοῦ,
2687 793 2826 850 εἶδεν
2854 801 2909 850 ὲν
2931 798 3169 867 ὁράματι
3198 798 3226 850 6
3268 798 3582 862 Ἐπιφάνιος
3609 795 3698 846 τὸν
3725 794 3912 846 δοῦλον
3950 794 4042 845 τοῦ

2470 888 2626 951 Θεοῦ,
2654 889 2735 941 ὅτι
2770 889 3078 959 παρέλαϐεν
3113 890 3273 941 αὑτὸν
3296 888 3387 945 καὶ
3407 888 3613 958 ἤγαγεν
3647 887 3725 947 είς
3747 884 4046 945 δυσϐάτους

2464 977 2684 1039 τόπους,
2718 977 2981 1040 δυσειδεῖς
3025 976 3119 1029 καὶ
3159 976 3280 1029 λίαν
3350 975 3634 1044 ζοφώδεις,
3683 976 3777 1024 καὶ
3825 975 4044 1038 κατεῖχε

2468 1070 2747 1138 λαμπάδα,
2816 1070 2911 1122 καὶ
2969 1068 3038 1121 δι’
3087 1070 3259 1137 αὐτῆς
3314 1066 3553 1137 ἐφώτιζε
3616 1065 3708 1119 τὸν
3771 1066 4045 1117 σκοτινὸν

2466 1165 2693 1216 ἐκεῖνον.
2744 1162 2941 1225 Εἴκαζε
2996 1162 3050 1214 δὲ
3092 1163 3173 1214 ὃτι
3204 1162 3463 1217 ὑποκάτω
3495 1161 3592 1227 τῆς
3618 1158 3720 1227 γῆς
3759 1154 3826 1225 ἦν
3876 1155 4047 1207 ταῦτα

2463 1255 2534 1307 τά
2558 1254 2882 1323 φαινόμενα.
2927 1253 3152 1325 Ἑώρων
3182 1255 3275 1307 οὖν
3322 1255 3439 1307 ἐκεῖ
3471 1253 3741 1321 φυλακάς,
3773 1268 3866 1303 κα.
3904 1254 3951 1302 κ
3974 1252 4051 1299 εἷς

2467 1345 2594 1413 θρα,
2629 1346 2725 1397 καὶ
2755 1345 3107 1415 δεσμωτήρια
3148 1345 3302 1415 ἀειδῆ
3334 1344 3430 1397 καὶ
3460 1342 3690 1411 ζοφερὰ,
3740 1344 3831 1394 καὶ
3863 1344 3920 1392 ὲν
3956 1342 4048 1390 2-;-

2465 1440 2577 1499 τοῖς
2612 1435 2744 1505 μῦες
2770 1435 2980 1487 πολλοὶ’
3004 1438 3099 1488 καὶ
3150 1436 3414 1505 αἴλουροι,
3460 1435 3554 1487 καὶ
3599 1434 3884 1494 ἀλώπεκες
3918 1434 4018 1483 ἕνα

2468 1530 2775 1582 πέκλειστο.
2813 1528 2903 1581 Ἐν
2934 1529 2991 1581 δὲ
3015 1530 3124 1591 τοῖς
3179 1530 3388 1595 ἑτέροις
3419 1529 3594 1600 ὄφεις,
3626 1528 3720 1579 καὶ
3772 1528 3905 1588 ενοι,
3955 1524 4050 1575 κλ.

2467 1621 2695 1689 ἔχιδναι,
2732 1621 2825 1673 καὶ
2850 1620 3097 1686 ἀσπίδες,
3127 1622 3221 1672 καὶ
3253 1620 3514 1688 κορῶναι,
3542 1620 3634 1672 καὶ
3666 1618 3925 1684 κόρακες,
3952 1617 4048 1665 χοὶ

2468 1713 2690 1772 πετεινὰ
2721 1711 2857 1764 ἄλλα
2884 1710 3168 1777 ἀκάθαρτα
3200 1714 3297 1762 καὶ
3324 1710 3556 1777 δυσώδη,
3586 1711 3679 1761 καὶ
3722 1708 3913 1776 θηρία,
3956 1709 4048 1759 κιὶ

784 1802 1012 1871 aliaeque
1036 1803 1283 1871 plurima:
1319 1808 1622 1862 animantes
1640 1810 2052 1863 stabulabantur
2083 1820 2232 1866 tanto
2263 1828 2355 1866 nu-

2469 1802 2653 1866 κύνες,
2686 1802 2781 1855 καὶ
2813 1802 2948 1855 ἄλλα
2982 1803 3204 1855 πλείονα
3234 1802 3485 1870 ἐφαίνετο
3510 1801 3587 1864 ὡς
3615 1800 3683 1853 τὰ
3725 1801 3905 1867 ἄστρα
3952 1800 4045 1851 τοῦ

784 1909 957 1960 mero,
996 1905 1055 1950 ut
1100 1898 1284 1953 stellas
1326 1900 1446 1955 cmli
1501 1914 1799 1970 (equal-ent.
1857 1902 1951 1958 llis
2004 1906 2179 1968 visis,
2234 1922 2362 1962 ven-

780 1996 892 2042 tum
942 2000 1027 2044 est
1077 1992 1291 2051 tandem
1346 1994 1412 2046 ad
1472 1994 1672 2049 humile
1720 1994 2002 2065 fetensque
2056 2000 2356 2068 tugurium,

782 2080 874 2133 ubi
943 2081 1080 2135 nihil
1131 2083 1427 2152 quidquam
1464 2085 1646 2140 videre
1693 2097 1811 2141 erat
1856 2100 2047 2158 praeter
2077 2091 2356 2154 hominum

778 2184 1086 2239 canumque
1146 2185 1512 2229 excrementa.
1557 2174 1693 2230 Tum
1743 2178 2072 2247 Epiphanius
2094 2181 2354 2241 Andreae:

782 2261 993 2315 Amabo
1050 2271 1124 2330 te,
1178 2280 1276 2320 cur
1308 2266 1413 2321 huc
1472 2269 1905 2329 venirnustue
1936 2272 2213 2328 laboribus
2261 2290 2357 2328 no-

781 2357 912 2410 stris
958 2357 1322 2422 obtinuimus,
1367 2368 1427 2414 ut
1482 2361 1588 2418 huc
1646 2364 1807 2419 delati
1861 2374 1968 2419 tam
1998 2367 2270 2422 inamtena
2304 2378 2358 2422 ct

779 2449 1115 2505 miserabilia
1148 2452 1321 2507 oculis
1354 2456 1560 2511 nostris
1620 2459 2054 2530 usui-paremus?
2080 2459 2141 2519 Et
2164 2460 2355 2517 beatus

776 2540 1023 2597 Andreas
1062 2558 1075 2595 :
1109 2543 1488 2615 Nequaquam,
1548 2548 1620 2601 fili
1650 2551 1747 2615 mi,
1811 2551 1905 2605 sed
1959 2560 2016 2605 ut
2057 2567 2240 2607 coram
2271 2554 2353 2606 in-

776 2632 1012 2701 spiceres
1041 2634 1243 2702 locum,
1278 2654 1440 2706 quem
1473 2637 1757 2695 familiaris
1796 2642 1889 2696 tibi
1925 2643 2164 2704 Joannes
2185 2647 2355 2701 scele-

776 2724 926 2779 ribus
958 2725 1062 2779 sibi
1105 2728 1220 2782 suis
1259 2729 1508 2801 paravit;
1539 2746 1659 2800 qua“:
1684 2743 1865 2787 autem
1903 2736 2051 2791 vides
2083 2746 2349 2803 stercora,

777 2826 906 2871 sunt
938 2817 1173 2871 nefanda
1193 2820 1340 2875 illius
1374 2822 1602 2877 crimina
1631 2823 1954 2897 laboresque
1974 2828 2214 2884 inutiles.
2246 2829 2351 2885 Sed

773 2919 829 2961 et
876 2909 1203 2978 scripturam
1256 2912 1415 2967 istam
1479 2916 1707 2985 respice.
1785 2916 2120 2989 Respicienti
2168 2931 2349 2977 autem

774 3000 957 3055 oblata
1009 3011 1094 3056 est
1155 3004 1339 3058 tabula
1370 3007 1682 3073 tenebrosa,
1740 3009 1919 3066 medio
1948 3014 2001 3066 in
2046 3027 2191 3079 acre,
2226 3029 2350 3069 cum

2465 1895 2721 1967 οὐρανοῦ.
2749 1896 2880 1948 Ὅτε
2924 1890 3018 1948 οὖν
3058 1897 3237 1949 πάντα
3268 1895 3583 1958 ἐθεάσαντο,
3624 1894 3851 1963 ἔσχατον
3880 1886 4047 1960 ἦλθε-ι

2462 1989 2520 2042 ἓν
2550 2005 2654 2042 τινι
2683 1987 2905 2040 δυσώδει
2936 1986 3183 2055 οἰκίσκῳ,
3229 1989 3287 2038 ἐν
3313 1980 3357 2053 ᾦ
3388 1987 3539 2039 οὐδὲν
3580 1981 3670 2054 ἦν,
3723 1986 3769 2035 εἰ
3824 1984 3902 2053 μὴ
3956 1984 4047 2034 κο-

2462 2080 2600 2150 πρία
2658 2080 2961 2150 ἀνθρώπων
3009 2078 3101 2131 καὶ
3154 2078 3349 2131 κυνῶν,
3392 2079 3535 2153 Ἐφη
3602 2076 3922 2142 Ἐπιφάνιος
3970 2074 4048 2141 τῷ

2461 2170 2736 2241 Μακαρίῳ
2762 2186 2774 2201 ·
2817 2172 3020 2241 Δέομαί
3052 2188 3169 2233 σου,
3214 2171 3267 2223 τί
3296 2163 3400 2223 ὦδε
3434 2171 3669 2241 ⁸ἤλθομεν
3702 2186 3716 2234 ;
3757 2168 3850 2228 Είς
3885 2166 4051 2217 τοῦτο

2457 2257 2527 2333 ἦν
2552 2263 2580 2314 6
2611 2237 2765 2329 άγὼν
2791 2263 2965 2330 ἡμῶν,
2995 2264 3081 2314 ἵνα
3111 2256 3211 2314 ὦδε
3258 2262 3543 2330 γενόμενοι
3574 2258 3639 2312 τὰ
3678 2258 3891 2310 ἐλεεινὰ
3921 2255 4053 2308 ταῦ-

2461 2371 2529 2407 τα
2565 2354 2763 2422 ἴδωμεν
2795 2371 2809 2419 ;
2845 2356 3008 2428 Λέγει
3039 2358 3066 2407 ὁ
3098 2356 3384 2422 Μακάριος
3411 2370 3424 2383 ·
3456 2352 3612 2421 υὺχὶ,
3666 2352 3875 2411 τέκνον,
3930 2347 4051 2400 ἀλλ’

2462 2446 2547 2498 ἶνα
2580 2446 2694 2516 ἴδῃς
2725 2446 2817 2497 τὸν
2840 2445 3022 2511 τόπον,
3054 2445 3112 2499 ὃν
3143 2447 3170 2498 6
3210 2448 3360 2513 φίλος
3399 2462 3495 2497 σου
3521 2446 3548 2496 6
3586 2444 3831 2511 Ἰωάννης
3863 2441 4051 2508 ἑαυτῴ

2460 2540 2804 2609 ἐπεκτήσατο
2836 2556 2851 2571 ο
2882 2539 2950 2592 τά
2978 2539 3033 2591 δὲ
3069 2541 3292 2610 κόπρια,
3328 2540 3363 2593 ἃ
3394 2541 3525 2610 ὁρᾷς
3579 2538 3718 2589 εἰσὶν
3760 2537 3820 2588 αἱ
3873 2538 4049 2604 ἐργα-

2458 2632 2574 2684 σίαι
2606 2631 2792 2693 αὑτοῦ,
2823 2634 2915 2685 καὶ
2938 2636 2964 2685 6
3000 2634 3187 2696 κόπος.
3222 2634 3313 2687 καὶ
3354 2635 3381 2685 6
3426 2632 3691 2700 κάματο·.
3731 2630 3891 2682 Ἀλλὰ
3919 2629 4048 2697 51t-

2458 2723 2559 2791 ψον
2622 2726 2733 2783 τοῖς
2767 2718 2892 2788 ὦδε,
2928 2726 2981 2776 τί
3006 2728 3112 2777 εἰσι
3144 2728 3210 2777 τὰ
3242 2726 3623 2797 γεγραμμένα.
3659 2723 3856 2775 Βλέπει
3888 2721 3985 2773 οὖν
4023 2724 4053 2773 ὁ

2469 2816 2809 2884 Ἐπιφάνιος,
2842 2819 2934 2869 καὶ
2972 2817 3081 2871 ἰδοὺ
3114 2818 3276 2883 πίναξ
3310 2816 3585 2886 σκοτώδης
3615 2814 3819 2867 ὲπὶτοῦ
3854 2815 4051 2890 ἀέρος⁹

2454 2909 2551 2961 καὶ
2597 2910 2657 2962 ὲν
2699 2909 2849 2981 αὐτῷ
2890 2905 2960 2981 ἦν
3000 2910 3391 2981 γεγραμμένον
3424 2924 3438 2937 ·
3470 2908 3621 2977 Mevi;
3658 2905 3879 2969 αἱωνία,
3953 2904 4055 2957 καὶ

2451 3002 2693 3071 τιμωρία
2738 3001 2911 3072 βίαιος
2959 3003 3209 3057 Ἰωάννου
3253 3000 3370 3055 υίοῦ
3414 3001 3808 3055 Κελευστιόνου
3840 3011 3854 3025 ·
3883 2996 4055 3049 τοῦτο

778 3094 881 3148 hac
934 3094 1289 3166 inscriptione
1315 3112 1331 3153 :
1360 3097 1733 3155 Commoratio
1762 3105 2094 3172 sempiterna
2136 3116 2191 3159 et
2225 3122 2350 3176 gra-

2458 3094 2559 3165 γὰρ
2587 3092 2655 3173 ἦν
2680 3096 2849 3165 ὃνομα
2880 3096 2959 3167 τῷ
2988 3096 3155 3165 πατρὶ
3190 3093 3381 3149 αὑτοῦ.

774 3184 858 3239 vis
905 3199 1067 3254 ptena
1119 3186 1371 3254 Joannis,
1399 3189 1494 3244 lilii
1519 3190 1849 3252 Celeustioni
1877 3213 1894 3261 ;
1926 3196 1997 3255 ita
2025 3198 2170 3252 enim
2202 3210 2353 3269 pater

775 3276 926 3332 illius
942 3281 1384 3348 nuncupabatur.

848 3370 971 3425 125.
1004 3371 1342 3429 Exclamavit
1364 3375 1431 3430 ad
1462 3378 1574 3434 hmc
1604 3378 1939 3451 Epiphanius
1974 3401 1989 3437 :
2022 3383 2117 3439 llei
2155 3385 2353 3439 misero

778 3460 912 3515 mihi
966 3466 1279 3532 peccatori!
1335 3483 1401 3521 ne
1439 3471 1580 3539 quis,
1604 3485 1724 3535 oro,
1762 3473 1844 3527 vel
1892 3474 2128 3542 pessime
2174 3477 2242 3529 de
2271 3491 2355 3530 me

776 3556 1026 3620 meritus,
1059 3556 1166 3611 huc
1200 3558 1452 3615 deveniat
1480 3577 1792 3619 mansurus.
1826 3565 2027 3621 Verum
2077 3570 2205 3637 quid
2241 3569 2355 3624 haec

774 3644 879 3698 sibi
931 3645 1122 3701 volunt
1148 3654 1536 3707 excrementa?
1567 3654 1633 3708 Et
1663 3659 1997 3726 respondens
2055 3659 2301 3715 Andreas
2337 3678 2351 3715 :

774 3733 953 3798 Ecce,
1012 3736 1226 3807 inquit,
1282 3742 1360 3797 illi
1416 3751 1526 3801 tam
1587 3746 1688 3800 viri
1740 3764 1903 3817 quant
1956 3750 2203 3814 femina),
2261 3751 2355 3822 qui

773 3824 929 3891 paria
962 3840 1087 3879 cum
1116 3827 1327 3885 Joanne
1362 3843 1578 3902 patrant
1634 3838 1862 3903 scelera,
1893 3839 1979 3894 hic
2006 3842 2271 3895 sentinam
2304 3852 2358 3897 et

773 3928 1015 3972 stercora
1068 3934 1390 3992 congerunt,
1447 3936 1504 3981 ut
1550 3944 1674 3982 cum
1726 3945 1757 3985 e
1816 3934 1953 3987 vivis
1994 3936 2352 4001 excesserint,

773 4008 989 4064 animas
1022 4028 1171 4077 suas,
1205 4016 1415 4071 catenis
1444 4023 1789 4087 c0nstrictas,
1824 4026 2077 4079 sordibus
2131 4028 2237 4084 illis
2262 4044 2357 4083 ex—

773 4100 999 4167 satient,
1022 4116 1142 4172 post
1164 4111 1623 4166 resurrectionem
1646 4129 1940 4184 corporum
1974 4120 2072 4172 toti
2100 4119 2153 4172 in
2173 4121 2355 4185 ignem

773 4191 1090 4249 infernalem
1129 4200 1478 4269 conjiciendi.
1542 4202 1681 4259 Tum
1746 4222 1939 4263 rursus
2001 4211 2356 4282 interroganti

772 4281 1081 4352 Epiphanio
1134 4287 1202 4343 de
1264 4293 1535 4361 muribus,
1590 4298 1658 4351 de
1718 4300 1967 4367 canibus,
2000 4302 2067 4357 de
2110 4281 2261 4370 feris,
2293 4308 2357 4361 de

772 4376 963 4441 asinis,
1023 4378 1089 4431 de
1147 4382 1329 4447 mulis,
1380 4384 1447 4437 de
1499 4389 1878 4456 serpentibus,
1913 4407 2050 4457 quos
2105 4398 2209 4449 isto
2239 4398 2351 4466 jam

2528 3379 2661 3450 pxe’.
2702 3379 2847 3449 Ἐφη
2893 3378 3210 3446 Ἐπιφάνιος
3242 3391 3257 3405 ⁸
3293 3375 3428 3431 Οὐαί
3459 3392 3547 3444 μοι
3592 3374 3669 3443 τῷ
3691 3374 3995 3444 ἁμαρτωλιῖ
4033 3376 4046 3427 !

2456 3471 2693 3526 ἐνταῦθα
2732 3470 2869 3541 μηδὲ
2903 3471 2951 3522 οἱ
2976 3468 3249 3539 ίχθρωδῶς
3297 3466 3431 3535 πρός
3467 3482 3534 3535 με
3570 3466 3930 3534 διακείμενοι.
3980 3466 4051 3515 Ἱί

2454 3564 2511 3618 δέ
2539 3566 2644 3618 εἱσι
2704 3562 2878 3617 ταῦτα
2904 3568 2973 3615 τὰ
3006 3564 3210 3633 κόπρια
3246 3576 3259 3625 ;
3303 3560 3361 3613 '0
3403 3558 3680 3629 Μακάριος
3712 3560 3817 3627 ἔφη
3846 3576 3861 3591 ·
3910 3559 4049 3611 Ἰδοὺ

2456 3657 2550 3712 οὖν
2596 3659 2691 3711 καὶ⁵
2732 3659 2781 3710 oi
2828 3659 3003 3725 τούτῳ
3040 3656 3242 3723 ὁμοίως
3279 3652 3641 3722 ἐργαζόμενοι
3669 3652 3777 3703 εἴτε
3814 3652 4042 3718 ἄνδρες,

2458 3751 2568 3804 εἴτε
2601 3754 2881 3818 γυναῖκες,
2911 3742 3056 3802 οὗτοι
3093 3740 3196 3800 ὧδε
3245 3744 3596 3809 στοιεάζουσι
3651 3744 3904 3811 κάλαμον
3944 3745 4047 3795 καὶ

2466 3842 2693 3912 κόπρον,
2725 3841 2834 3905 ἵνα,
2867 3841 2995 3894 ὅταν
3018 3834 3887 3905 τελευτήσωσι,χορτασθήσονται
3916 3834 4047 3886 τού-

2457 3951 2567 3986 των
2613 3934 2665 3985 αί
2696 3932 2862 4002 ψυχαὶ
2891 3931 3173 3999 δεδεμέναι
3219 3927 3467 3991 ἁλύσεσι,
3505 3928 3642 3995 μετὰ
3695 3926 3752 3978 δὲ
3782 3926 3881 3996 τὴν
3914 3926 4047 3991 ἐξα-

2458 4024 2714 4079 νάστασιν
2740 4024 2846 4077 τῶν
2879 4022 3166 4092 σωμάτων,
3199 4021 3316 4079 τότε
3343 4019 3477 4087 πυρὶ
3514 4018 3821 4087 ὁλοκλήρως
3854 4035 4047 4086 παρα-

2457 4117 2793 4187 δοθήσονται.
2831 4114 2888 4167 ὐ
2911 4115 2967 4167 δὲ
3008 4114 3318 4180 Ἐπιφάνιος
3342 4110 3592 4183 ἠρώτησε
3622 4113 3711 4161 τὸν
3743 4111 4045 4179 Μακάρων

2459 4215 2587 4279 περὶ
2616 4211 2725 4263 τῶν
2759 4207 3170 4279 προθεαθὲντων
3203 4208 3375 4276 μυῶν,
3413 4210 3495 4257 καῖ
3533 4205 3729 4268 κυνῶν,
3765 4208 3859 4257 καὶ
3897 4222 4045 4256 κω-

2457 4305 2655 4369 δάλων,
2708 4306 2802 4356 καὶ
2855 4303 2993 4355 ὄνων
3038 4301 3134 4353 καὶ
3194 4299 3454 4369 ἡμιόνων,
3511 4297 3603 4349 καὶ
3646 4298 3898 4366 ἑρπετῶν
3926 4296 4043 4353 τῶν

2459 4401 2638 4451 ἐκεῖσε
2695 4382 3141 4466 ἠσφαλισμένων.
3200 4393 3367 4459 Λέγει
3425 4393 3454 4442 ὁ
3510 4390 3725 4450 Δίκαιος
3772 4406 3786 4417 ·
3842 4389 4042 4441 Ταῦτα

772 4475 899 4519 ante
927 4469 1173 4524 viderant
1206 4471 1328 4528 loco
1352 4475 1585 4546 degere;
1615 4484 1905 4551 respondet
1940 4486 2214 4554 Andreas,
2265 4504 2351 4543 es.

2458 4493 2635 4546 πάντα
2666 4493 2772 4547 εἰσὶ
2826 4488 2935 4540 τῶν
2971 4486 3191 4555 ἀνόμων
3224 4485 3316 4537 καὶ
3348 4482 3692 4551 ἁμαρτωλῶν
3741 4483 3834 4532 καὶ
3881 4482 4041 4533 ἀσώ-

774 4573 837 4611 se
881 4559 1231 4629 injustorum,
1293 4567 1737 4636 luxuriosorum,
1805 4574 1962 4629 aliter
2013 4584 2352 4645 peccantium

780 4650 1014 4707 animas.
1072 4657 1152 4710 Ad
1205 4658 1317 4713 haec
1365 4677 1560 4717 rursus
1604 4666 1928 4721 exclamanti
1998 4670 2352 4739 Epiphanio:

775 4740 888 4793 lleu
916 4757 1023 4803 me,
1082 4745 1319 4811 domine,
1354 4760 1461 4804 tam
1496 4754 1735 4822 abjectas
1764 4756 1967 4814 formas
2023 4761 2223 4816 induta:
2246 4763 2356 4826 sint

772 4836 1128 4893 nobilissimae
1168 4842 1451 4898 hominum
1476 4849 1702 4901 animm!
1744 4866 1938 4906 rursus
1972 4856 2212 4915 occurrit
2239 4859 2353 4909 Au-

770 4932 931 4983 drcas
966 4947 980 4983 :
1012 4931 1230 4989 Minime
1289 4953 1439 5005 vero,
1511 4940 1797 5011 inquiens,
1853 4947 2199 5004 dilectissime
2254 4952 2351 5014 lili,

770 5023 864 5074 sed
897 5033 1084 5079 nostra
1113 5042 1279 5081 causa
1308 5029 1446 5087 Drus
1476 5035 1569 5088 tali
1595 5036 1698 5089 sub
1725 5040 2002 5094 schemate
2028 5046 2350 5110 spectandas

771 5120 1086 5194 proposuit,
1138 5133 1196 5174 ut
1264 5140 1355 5193 per
1390 5128 1655 5198 cujusque
1683 5133 1916 5199 speciem
1952 5147 2351 5191 commonstra-

772 5216 879 5274 ret,
905 5212 990 5262 cui
1024 5215 1230 5268 similes
1264 5219 1419 5280 liant,
1460 5222 1552 5287 qui
1585 5220 1639 5273 in
1672 5221 1773 5275 hoc
1811 5227 2015 5279 mundo
2042 5242 2346 5295 versantur,

778 5315 874 5369 per
928 5307 1224 5372 quamlibet
1289 5318 1497 5378 turpem
1550 5315 1842 5369 actionem.
1889 5317 2022 5371 Alia:
2076 5320 2343 5388 siquidem

768 5392 1187 5460 homicidarum,
1220 5401 1585 5455 adulterorum
1614 5403 1772 5467 aliae;
1815 5405 1917 5460 illa:
1950 5421 2341 5473 scortatorum,

767 5482 886 5536 ista:
916 5485 1343 5554 Sodomitarum,
1375 5494 1594 5563 reliqua:
1640 5496 1842 5563 furum,
1867 5501 2200 5562 euclionum,
2236 5505 2342 5555 hu:-

764 5579 1080 5647 reticorum,
1111 5599 1261 5636 vatim
1289 5585 1471 5654 gloria-
1495 5589 1896 5648 studiosorum.
1926 5603 1973 5645 et
1994 5594 2037 5645 si
2074 5611 2193 5663 qua:
2218 5611 2342 5663 pro-

763 5680 881 5737 pter
902 5673 1005 5726 alia
1047 5681 1250 5730 scelera
1284 5681 1635 5745 damnantur,
1664 5696 1790 5738 sunt
1832 5688 2030 5740 anima:
2066 5701 2340 5760 :sunlque

764 5764 981 5820 illorum
1030 5783 1242 5836 turtnrs,
1272 5772 1361 5841 qui
1421 5778 1718 5844 comparati
1761 5787 1881 5831 sunt
1916 5777 2337 5847 jumentisiusi-

2456 4602 2566 4638 των
2590 4584 2643 4636 αἱ
2670 4581 2859 4655 ψυχαί.
2910 4580 3226 4647 Ἐπιφάνιος
3257 4572 3412 4627 εἶπεν
3435 4592 3450 4606 ·
3488 4575 3673 4643 υίμοι,
3713 4574 3871 4642 κύριέ
3908 4591 4040 4641 μου,

2456 4678 2552 4731 καὶ
2586 4675 2844 4735 τοιαύτας
2878 4672 3018 4732 ἰδέας
3053 4671 3109 4721 αἱ
3149 4668 3317 4743 ,ξιυχαὶ
3362 4667 3474 4718 τῶν
3503 4666 3807 4735 ἀνθρώπων
3853 4668 4029 4734 tier}

2454 4785 2606 4827 νασιν
2634 4767 2646 4818 ί
2682 4766 2843 4833 Ἐφη,
2873 4766 2901 4815 ὁ
2947 4763 3132 4824 "Octo;
3156 4776 3170 4790 '
3210 4761 3366 4829 Οὐχί,
3397 4760 3589 4819 τέκνον
3622 4774 3723 4825 μου
3750 4758 4036 4824 φίλτατον,

2453 4858 2588 4915 ἀλλὰ
2635 4857 2701 4910 δι’
2754 4857 2899 4924 ἡμᾶς
2948 4855 2976 4904 ὁ
3018 4854 3149 4916 θεὸς
3184 4851 3355 4914 οὕτως
3380 4852 3540 4912 αὐτὸς
3571 4850 3832 4915 θεαθῆναι
3861 4866 4037 4918 παρι-

2455 4950 2712 5011 σκεὺασε,
2771 4946 2970 5011 δείξας,
3030 4945 3113 4996 ὅτι
3166 4944 3371 5013 ἑκάστῃ
3422 4942 3815 5011 ἁζομξινῦε-τιι
3860 4946 3924 4993 ἐν
3958 4944 4039 5011 τῷ

2452 5044 2641 5110 κόσμῳ
2683 5043 2747 5110 τῇ
2775 5038 3019 5109 πολιτείᾳ
3047 5040 3141 5090 καὶ
3167 5041 3285 5099 ταῖς
3307 5036 3615 5105 αἰσχίσταις
3640 5036 3908 5106 πράξεσιν
3929 5053 3946 5066 ο
3980 5039 4037 5089 εί

2454 5136 2551 5203 μὲν
2580 5134 2689 5202 γάρ
2712 5135 2817 5184 εἱσι
2849 5131 3079 5200 φονέων,
3107 5131 3162 5182 αἱ
3188 5128 3243 5182 δὲ
3272 5128 3497 5199 μοιχῶν,
3521 5130 3576 5180 αἰ
3604 5128 3659 5179 δὲ
3694 5129 3939 5196 πορνῶν,
3974 5130 4032 5181 αἱ

2449 5227 2504 5276 δὲ
2536 5224 2851 5293 σοδομιτῶν,
2883 5225 2937 5275 αἱ
2969 5223 3025 5275 δὲ
3080 5222 3329 5274 κλεπτῶν
3377 5223 3470 5273 καὶ
3519 5220 3902 5290 φιλαργύρων,
3938 5222 4033 5273 κει

2448 5318 2763 5388 αίρετικῶν,
2811 5318 2905 5369 καὶ
2939 5315 3251 5381 κενοδοξων,
3301 5315 3394 5373 καὶ
3424 5312 3533 5365 τῶν
3562 5316 3675 5377 τοῖς
3707 5314 4033 5377 (amiciti;

2449 5412 2885 5479 πλημμελήμασι
2962 5407 3531 5474 καταδεδκασμὲνων.
3565 5400 3741 5459 Αὗταί
3781 5410 3925 5460 εἰσιν
3966 5412 4027 5460 αἱ

2444 5505 2633 5572 ψυχαὶ,
2664 5502 2719 5554 αἳ
2744 5501 3301 5571 παρασυνεδλήθησαν
3331 5503 3441 5563 τοῖς
3469 5501 3690 5569 κτήνεσι
3715 5504 3829 5563 τοῖς
3862 5502 4029 5568 ἀνοή-

2443 5577 2581 5660 τοις,
2618 5597 2713 5647 καὶ
2744 5594 3111 5662 ὠμοιώθησαν
3144 5594 3361 5656 αὐτοῖς’
3394 5593 3482 5645 διὰ
3527 5592 3689 5645 τοῦτο
3712 5594 3826 5664 γάρ
3854 5596 3882 5646 6
3918 5592 4029 5645 Κύ-

2446 5709 2557 5762 ριος
2587 5691 2809 5760 τοιαύτῃ
2840 5690 3028 5758 ὁράσει
3059 5687 3319 5759 θεαθῆναι
3354 5689 3547 5751 αὐτοὺς
3613 5689 4021 5758 παρεσκεύαπ,

2443 5786 2531 5837 καὶ
2560 5782 2703 5846 δπω,
2742 5782 2953 5852 ἡγεῖται
2983 5781 3199 5845 αὐτούς.
