4202 6434
225 425 336 487 785

1444 430 1619 490 VlTA
1658 431 1718 491 S.
1764 430 2086 490 ANDRE/‘E
2123 429 2308 491 ΞΛΜ.

3397 420 3503 485 786

217 540 360 601 θεὸς
388 537 732 592 ἐθανάτωσεν
755 553 769 569 ’
794 537 890 593 καὶ
916 539 1238 610 ἀνήγγειλεν
1264 542 1415 613 αὐτῷ
1445 544 1515 598 τὰ
1545 545 1812 615 ὁραθέντα

1920 546 2136 598 minum
2191 559 2288 613 per
2354 553 2404 599 te
2448 558 2638 599 omnes
2690 542 2941 600 inimicos
2995 553 3184 595 meos:
3232 538 3502 605 simulque

220 633 367 701 αὐτῇ
392 630 484 684 διὰ
510 632 611 699 τῆς
642 630 856 692 νυκτός.
892 632 1005 685 Καὶ
1027 633 1176 699 λέγει
1209 634 1349 707 αὐτῇ
1390 637 1419 689 ὁ
1459 636 1771 707 Ἐπιιράνιος
1800 655 1815 670 ο

231 722 303 775 Ἦ
331 721 515 784 πίστις
553 739 649 775 σου
677 724 709 793 ἡ
743 718 923 793 ἀγαθὴ
951 724 1123 777 ταῦτα
1157 725 1336 779 πάντα
1371 744 1453 780 σοι
1484 728 1775 798 ἐπορίσατο
1800 745 1814 761 ο

225 813 351 864 ἐπεὶ
377 813 538 881 ἡμεῖς
558 811 839 882 ἄνθρωποι
870 814 1186 885 ἁμαρτωλοί
1210 818 1397 886 ἐσμεν,
1451 817 1697 889 δεόμενοι
1723 817 1817 872 τοῦ

218 904 415 967 ἐλέους
450 903 681 975 Κυρίου.
724 904 893 959 Τοῦτο
928 908 1168 977 εἰρηκὼς
1196 910 1537 982 ἀνεχώρησε,
1567 913 1662 965 καὶ
1695 930 1819 965 συν-

221 998 366 1067 αντᾷ
408 998 503 1050 τὸν
555 998 830 1067 μακάριον
882 1001 1140 1073 Ἀνδρέαν
1174 1002 1487 1072 ἔμπροσθεν
1537 1005 1646 1058 τῶν
1674 1005 1817 1058 Χαλ-

214 1092 572 1160 κοπρατείων
602 1092 713 1164 (3!)
744 1095 1006 1158 παίζοντα
1034 1098 1129 1150 καὶ
1159 1099 1394 1152 σάσοντα
1428 1099 1561 1167 (5‘2).
1596 1102 1707 1154 Καὶ
1739 1102 1814 1165 ὡς

217 1179 493 1234 ἐθεάσατο
535 1183 628 1235 τὸν
655 1184 997 1253 Ἐπιφάνιον,
1027 1181 1154 1257 ἦλθε
1203 1190 1340 1258 πρὸς
1388 1189 1551 1243 αὐτὸν
1598 1189 1817 1259 μειδιῶν

218 1266 302 1335 τῷ
343 1268 629 1340 προσώπῳ
660 1272 755 1323 καὶ
778 1273 1228 1345 εὐφραινόμενος.
1259 1277 1459 1346 Ἐγγὺς
1495 1278 1551 1331 δὲ
1586 1278 1816 1349 γενόμε-

217 1376 334 1423 νος,
383 1354 562 1426 εἷπεν,
617 1358 772 1427 Εἶδες
815 1366 907 1420 τὸν
936 1368 1215 1439 δραγάτην
1250 1371 1366 1434 πῶς
1410 1372 1674 1442 φυλάσσει
1722 1373 1816 1426 τὸν

222 1450 535 1516 ἀμπελῶνα
579 1453 810 1523 Κυρίου,
853 1456 949 1509 καὶ
998 1459 1115 1520 πῶς
1157 1459 1408 1514 ἐκδιώκει
1434 1461 1534 1525 τὰς
1568 1462 1815 1531 κορώνας

222 1544 323 1595 καὶ
352 1543 480 1602 τοὺς
511 1545 756 1613 κόρακας
784 1565 799 1613 ;
843 1549 1008 1617 Λέγει
1039 1552 1067 1603 ὁ
1098 1550 1417 1620 Ἐπιφάνιος
1451 1570 1467 1585 ·
1535 1554 1818 1624 Ἐθαμϐήτ

220 1634 349 1701 θην,
377 1636 582 1707 Πάτερ,
613 1638 733 1692 λίαν
765 1656 780 1671 ·
812 1641 932 1693 ἀλλ’
961 1638 1109 1705 οἶδας
1155 1644 1385 1713 πυρρῶν
1420 1647 1692 1716 δαιμόνων
1723 1647 1814 1701 τὸν

228 1724 518 1793 καύσωνα,
551 1731 645 1782 καὶ
676 1730 774 1784 ὅσα
796 1732 949 1786 δεινά
977 1751 1069 1803 μοι
1091 1734 1159 1787 τά
1189 1735 1356 1805 θηρία
1391 1738 1484 1790 καὶ
1512 1738 1581 1791 τά
1606 1738 1813 1809 ἑρπετὰ

211 1820 323 1872 σὺν
346 1823 460 1883 τοῖς
485 1821 694 1886 λοιποῖς
720 1825 1057 1891 ἐνεδείξαντο
1089 1844 1103 1893 ;
1150 1824 1210 1879 '0
1243 1829 1514 1898 μακάριος
1560 1829 1661 1900 ἔφη
1686 1848 1699 1858 ’
1731 1830 1812 1883 Τά

1924 638 2158 705 aperuit,
2212 651 2334 705 quae
2380 647 2541 691 nocte
2593 636 2683 691 illa
2714 650 2811 705 per
2851 635 3114 689 visionem
3151 638 3499 699 cognoverat.

1923 730 2022 783 Cui
2070 728 2405 799 Epiphanius
2437 745 2450 780 :
2485 729 2747 784 Praeclara
2780 727 2911 780 fides
2935 734 3027 779 tua
3066 727 3179 778 haec
3213 721 3310 777 tibi
3365 720 3502 773 bona

1925 822 2251 891 apportavit,
2304 834 2403 875 nos
2437 820 2581 874 enim
2608 819 2800 875 miselli
2845 825 3155 885 peccatores
3181 828 3383 870 sumus.
3417 811 3503 865 di-

1920 915 2062 968 vina:
2116 912 2485 967 miserationis
2538 926 2751 979 semper
2808 909 2999 978 indigi.
3051 906 3160 959 Nec
3210 906 3362 971 plura
3408 904 3505 956 ad-

1919 1005 2077 1071 dens,
2111 1004 2252 1057 viam
2295 996 2451 1058 suam
2482 1012 2800 1074 prosecutus
2851 1013 2932 1057 est
2962 1018 2975 1053 :
3005 1013 3237 1069 moxque
3280 995 3500 1050 obvium

1921 1097 2086 1153 habet
2144 1096 2206 1149 Β.
2238 1095 2532 1161 Andream,
2575 1096 2640 1149 ad
2672 1096 2894 1151 aerarias
2932 1094 3177 1149 oﬂleinas
3214 1104 3369 1144 more
3402 1103 3504 1142 suo

1919 1192 2197 1247 ludentem
2251 1203 2305 1246 et
2355 1194 2727 1248 calcitrantem
2760 1205 2774 1244 ι
2808 1188 2899 1256 qui
2934 1197 3003 1241 ut
3043 1186 3346 1239 venientem
3377 1180 3505 1251 Epi-

1920 1286 2178 1355 phanium
2209 1285 2516 1355 conspexit,
2550 1284 2741 1337 leniter
2770 1280 2954 1336 ridens
2997 1278 3339 1349 gestiensque
3369 1274 3505 1327 hmi-

1915 1379 2013 1443 lia,
2080 1393 2309 1449 propere
2354 1377 2612 1442 accurrit,
2670 1391 2731 1431 ac
2782 1389 2966 1445 prope-
3009 1380 3241 1426 astans:
3276 1367 3506 1422 Vidisti-

1919 1487 2007 1537 ne,
2060 1472 2253 1543 inquit,
2311 1470 2594 1541 fugitivum
2655 1468 2825 1530 illum,
2858 1499 2862 1503 ‹
2894 1463 3167 1534 quomodo
3230 1456 3506 1514 custodiat

1917 1564 2131 1618 vineam
2185 1563 2418 1629 Domini,
2470 1559 2747 1631 quomodo
2808 1558 3055 1611 cornices
3098 1563 3261 1619 atque
3314 1562 3509 1603 corvos

1920 1656 2149 1711 arceat?
2197 1656 2506 1724 Respondet
2556 1650 2937 1722 Epiphanius:
2979 1642 3297 1701 Contremui
3341 1640 3508 1693 vehe-

1920 1756 2149 1813 menter,
2202 1748 2275 1800 mi
2322 1745 2484 1801 Pater
2522 1763 2538 1801 :
2576 1759 2765 1798 verum
2815 1741 3034 1796 nostine
3074 1738 3354 1807 igneorum
3399 1731 3508 1785 dm-

1920 1855 2141 1894 monum
2175 1850 2363 1894 contra
2396 1854 2481 1893 me
2509 1844 2762 1892 conatum
2793 1843 2844 1887 et
2866 1830 3219 1903 gravissimas
3240 1825 3502 1880 ferarum.

226 1908 405 1963 πλεέω
456 1911 685 1966 τούτων
711 1916 739 1967 ὁ
783 1915 991 1985 Κύριος
1023 1918 1335 1985 ἠλάττωσεν
1362 1936 1376 1950 '
1414 1921 1595 1973 καίτοι
1646 1923 1694 1972 εί
1739 1921 1816 1991 μὴ

1922 1933 2279 2002 serpentium,
2336 1932 2676 1999 aliorumque
2699 1930 2751 1981 in
2796 1924 3090 1996 perniciem
3136 1934 3310 1974 meam
3348 1912 3505 1970 moli-

218 2001 399 2055 ταῦτα
432 2004 636 2074 συνέϐη
668 2008 943 2074 γενέσθαι,
980 2010 1097 2072 πῶς
1122 2010 1187 2063 ἂν
1213 2012 1399 2083 ηγυνὴ
1428 2013 1491 2066 ὲκ
1515 2013 1624 2065 τῶν
1644 2014 1818 2081 ἀναγ-

220 2094 339 2145 κῶν
375 2095 546 2163 αὐτῆς
572 2097 957 2166 ἀπηλλάσσετο
990 2117 1005 2166 ;
1041 2102 1157 2164 πῶς
1184 2104 1249 2156 ἀν
1277 2106 1332 2156 αί
1364 2106 1599 2175 κορῶναι
1632 2107 1725 2160 καὶ
1748 2108 1817 2161 τὰ

221 2187 453 2239 πετεινὰ
480 2189 1135 2262 ἀπενεκρώθησαν;πῶς
1182 2196 1249 2249 ἂν
1297 2199 1324 2251 ὁ
1370 2198 1563 2267 Αἰθίοψ
1609 2202 1817 2264 ἐκεῖνος

219 2276 707 2349 ἀπεστρεδλοῦτος
763 2286 856 2337 καὶ
915 2287 1004 2338 ἵνα
1055 2287 1331 2361 γινώσκῃς
1380 2291 1533 2345 ποῖόν
1588 2294 1706 2344 ἐστι
1758 2295 1821 2346 τὸ

218 2370 475 2439 ἀλλήλων
500 2373 569 2426 τὰ
603 2375 743 2446 βάρη
778 2378 1092 2447 βαστάζειν.

1917 2023 2132 2078 tiones?
2166 2023 2247 2076 Ad
2272 2025 2385 2076 haec
2419 2030 2642 2077 sanctus
2682 2041 2695 2075 :
2725 2018 2886 2072 Plura
2924 2015 3008 2069 his
3032 2011 3293 2066 Dominus
3319 2006 3503 2071 elisit;

1917 2118 2119 2172 ctenim
2175 2114 2278 2169 nisi
2323 2113 2513 2168 isthmc
2578 2112 2911 2172 evenissent,
2967 2122 3075 2177 quo
3115 2109 3270 2173 pacto
3312 2097 3505 2152 mulier

1926 2208 2254 2274 discrimini,
2294 2207 2346 2261 in
2380 2222 2488 2275 quo
2548 2206 2895 2267 versabatur,
2939 2197 3160 2267 erepta?
3195 2210 3302 2265 quo
3347 2197 3506 2259 parto

1927 2302 2178 2359 cornices
2226 2309 2541 2368 creteraeque
2604 2298 2851 2351 volucres
2904 2291 3146 2347 θοοῖςιοῖ
3180 2301 3288 2358 quo
3346 2290 3506 2355 part0

1927 2393 2176 2463 ASthiOps
2200 2391 2289 2445 ille
2319 2399 2491 2444 tortus
2524 2398 2789 2458 terraeque
2824 2385 3020 2440 aliisus
3075 2379 3298 2435 fuisset?
3348 2375 3506 2429 deni-

218 2467 439 2534 qucilla
467 2480 791 2536 evenerunt,
832 2482 891 2527 ut
922 2486 975 2528 tu
996 2477 1329 2546 experientia
1364 2479 1625 2548 disceres,
1650 2485 1842 2551 quanti
1878 2488 2141 2543 momenti
2171 2501 2258 2542 res
2285 2486 2374 2551 sit,
2408 2485 2635 2540 alterum
2689 2481 2913 2537 alterius
2968 2479 3303 2535 calamitates
3345 2480 3506 2541 atque

216 2573 389 2611 onera
424 2571 664 2627 portare.

298 2652 445 2722 ρλη’.
493 2651 681 2709 Ταῦτα
731 2659 1017 2728 εἰρηκότος
1067 2661 1163 2715 τοῦ
1220 2666 1515 2735 μακαρίου,
1580 2666 1729 2735 λέγει
1792 2670 1821 2721 δ

235 2746 605 2815 Ἐπιφάνιοςσ
658 2751 863 2820 Δέομαί
918 2771 1035 2819 σου,
1099 2757 1223 2811 ἐπεὶ
1265 2760 1443 2812 πάντα
1501 2760 1815 2824 ἐπίστασαι,

220 2840 557 2909 ἀνάγγειλόν
587 2859 679 2911 μοι
704 2844 756 2895 τί
794 2840 864 2914 ἦν
894 2847 925 2914 ἠ
951 2845 1119 2917 ζώνη,
1149 2849 1244 2902 καὶ
1288 2850 1338 2902 τί
1371 2852 1402 2921 ἡ
1431 2851 1691 2920 κανδῆλα,
1724 2852 1817 2905 καὶ

219 2930 273 2980 οἱ
306 2929 572 3000 τέσσαρες
609 2932 806 3001 κόμδοι
832 2935 931 3003 τῆς
955 2935 1152 3004 ζώνης,
1187 2939 1282 2991 καὶ
1328 2939 1390 2992 τὸ
1438 2939 1603 3008 ὕδωρ,
1637 2942 1816 2993 καὶτὸ

221 3020 428 3083 ἔλαιον,
467 3022 644 3075 καὶτὸ
666 3024 1061 3095 ἀπτρότουϐον,
1096 3029 1191 3081 καὶ
1213 3031 1355 3083 διατί
1381 3031 1470 3084 διὰ
1497 3032 1602 3083 τῶν
1637 3032 1815 3085 τοιού-

222 3132 333 3165 των
359 3115 390 3166 δ
417 3115 648 3183 μάταιος
674 3120 897 3171 τοιαῦτα
932 3122 1237 3190 ἐνήργησεν
1282 3126 1361 3187 εἰς
1404 3128 1502 3195 τὴν
1556 3130 1812 3193 γυναῖκα.

1996 2668 2120 2723 I58.
2168 2667 2489 2723 Sermonem
2541 2666 2789 2720 Andreas
2834 2661 3063 2725 ﬁnierat,
3119 2672 3243 2714 cum
3282 2655 3503 2710 ordiens

1925 2761 2268 2831 Epiphanius
2310 2779 2324 2816 :
2357 2761 2466 2816 Oro
2506 2767 2579 2823 te,
2642 2758 2841 2828 inquit,
2878 2755 3137 2826 quoniam
3191 2759 3385 2806 cuncta
3412 2750 3505 2803 tibi

1917 2855 2294 2917 innotuerunt,
2319 2854 2406 2908 die
2451 2853 2606 2915 mihi,
2639 2850 2766 2920 quid
2800 2865 2958 2912 zona,
2990 2846 3121 2917 quid
3148 2842 3503 2914 cllyehnium,

1916 2946 2046 3017 quid
2099 2946 2224 2999 nodi
2270 2948 2321 2998 in
2378 2960 2514 3000 zona
2559 2944 2829 3014 quaterni,
2883 2939 3010 3011 quid
3069 2952 3245 3007 aqua,
3302 2934 3504 2996 oleum,

1915 3038 2124 3108 lampas
2170 3038 2271 3092 sibi
2325 3037 2509 3099 velint,
2552 3048 2665 3091 tum
2706 3036 2893 3094 etiam,
2925 3048 3023 3087 cur
3051 3040 3230 3085 tantos
3283 3034 3503 3097 proplef

1918 3130 2226 3185 istiusmodi
2277 3144 2365 3185 res
2421 3130 2688 3184 adversus
2722 3127 3001 3181 mulierem
3040 3127 3199 3178 istam
3236 3120 3503 3174 tumultus

233 3207 297 3257 ὐ
336 3208 613 3277 μακάριος
643 3204 799 3262 εἶπεν
821 3228 837 3244 ο
883 3214 941 3264 Εἰ
970 3212 1147 3277 Θέλεις
1173 3217 1384 3285 μαθεῖν,
1416 3221 1649 3273 ἄκουσον
1673 3237 1687 3252 ο
1719 3222 1814 3273 καὶ

233 3288 329 3323 [ι-
376 3302 586 3323 ,--_vm
619 3306 664 3323 μ.
894 3309 905 3320 ι
976 3309 986 3323 .
1115 3310 1169 3323 ..
1344 3312 1413 3323 ...ι
1488 3314 1511 3323 η.
1585 3314 1597 3323 .
1775 3313 1787 3323 .

1920 3225 2169 3280 excitarit
2214 3224 2563 3279 daemonium.
2621 3222 2831 3277 Cuisic
2878 3219 3158 3291 respondit
3205 3216 3449 3271 Andreas
3487 3233 3499 3268 :

220 3288 334 3371 ³τάρ
368 3303 445 3365 ὡς
475 3302 586 3354 οὐδ’
616 3306 752 3369 ὅλως
782 3323 863 3359 σοι
883 3309 1177 3379 ἀπέκρυψά
1203 3329 1278 3375 τι,
1304 3312 1425 3365 οὐδὲ
1452 3314 1547 3365 νῦν
1574 3313 1818 3384 ἀποκρύ-

218 3395 331 3462 ψω.
389 3396 552 3457 Ἐθος
588 3396 667 3465 τῷ
722 3397 955 3470 δ;α6όλῳ
1008 3402 1125 3455 ἐστὶ
1182 3403 1400 3474 πρῶτον
1445 3404 1667 3459 διώκειν
1718 3404 1817 3476 τὴν

222 3484 391 3552 χάριν
414 3483 509 3536 τοῦ
535 3484 672 3538 Θεοῦ
702 3487 810 3539 ἀπὸ
842 3490 952 3542 τῶν
982 3491 1310 3561 ἀνθρώπων,
1358 3495 1450 3547 καὶ
1495 3497 1615 3548 τότε
1642 3497 1816 3567 εἰσέρ-

228 3592 388 3643 χεται
414 3578 824 3646 ἀνεμπεδίστως
856 3583 912 3633 έν
937 3584 1086 3655 αὐτῷ
1117 3602 1131 3617 ·
1160 3586 1257 3657 οὐχ
1302 3587 1382 3639 ὅτι
1417 3589 1578 3641 αὑτὸν
1621 3587 1813 3656 φοϐου-

229 3669 373 3740 μένη
415 3671 447 3737 ἡ
482 3670 643 3740 χάρις
692 3673 1103 3743 ἀποδιδράσκει,
1151 3677 1289 3729 ἀλλὰ
1344 3680 1650 3749 μισουμένη
1718 3684 1811 3732 καὶ

222 3762 630 3834 βδελυσσομένη
683 3766 779 3836 τὴν
825 3768 1091 3822 δυσωδίαν
1144 3771 1243 3838 τῆς
1309 3772 1583 3841 ἁμαρτίας
1619 3790 1631 3802 ⁶
1692 3775 1804 3826 ἀλλ’

219 3854 346 3908 οὲδὲ
402 3854 545 3907 κατὰ
608 3857 899 3925 τυραννίδα
943 3859 1216 3931 ἀποφέρει
1264 3863 1343 3924 εἰς
1387 3863 1665 3931 ἁμαρτίαν
1718 3866 1810 3917 τὸν

220 3944 541 4015 ἄνθρωπον,
576 3947 691 3999 ἀλλ’
715 3949 824 4001 ἀπὸ
860 3954 1239 4021 προαιρέσεως
1270 3969 1285 3983 ⁸
1322 3953 1540 4016 κολάζει
1574 3958 1683 4023 γὰρ
1719 3957 1813 4008 καὶ

221 4038 554 4107 γαργαλίζει
577 4056 591 4071 ο
629 4044 723 4093 καὶ
754 4040 898 4094 οὓτω
950 4044 1025 4114 μὴ
1081 4045 1265 4115 φέρων
1292 4048 1495 4111 ἐκεῖνος
1536 4048 1633 4113 τὴν
1655 4048 1818 4119 διελη-

229 4149 336 4196 σιν,
372 4134 747 4204 ἀπερχόμενος
792 4138 1100 4205 ἁμαρτάνει
1134 4139 1270 4208 (55),
1301 4141 1395 4193 καὶ
1425 4142 1538 4211 ἔχει
1591 4142 1815 4210 εὔλογον

220 4229 247 4278 ὀ
278 4227 533 4293 διάϐολος
564 4230 662 4281 ἀπ’
706 4231 881 4301 αὐτῆς
927 4233 1027 4301 τῆς
1074 4232 1276 4300 αἰτίας,
1311 4235 1393 4286 ὅτι
1452 4235 1816 4306 ἱδιοπροαιρέ-

221 4336 333 4376 τως
370 4322 681 4391 ἁμαρτάνει
726 4325 755 4376 δ
805 4324 1096 4395 ἄνθρωπος
1125 4339 1140 4353 ⁸
1170 4326 1259 4379 διὰ
1301 4326 1460 4380 τοῦτο
1516 4327 1812 4396 ἀφίσταται

228 4411 263 4479 ἠ
288 4411 451 4481 χάρις
482 4413 577 4465 τοῦ
610 4416 821 4485 Κυρίου
851 4417 947 4470 ἀπ’
969 4415 1171 4470 ἀὺτοῦ.

1926 3322 1982 3375 Si
2023 3320 2123 3375 ista
2166 3320 2403 3388 penitius
2462 3329 2747 3388 penetrare
2792 3320 2985 3385 cupis,
3034 3328 3195 3367 aures
3273 3310 3503 3380 arrige;

1926 3412 2384 3485 quemadmodum
2444 3412 2586 3465 enim
2640 3410 2775 3464 nihil
2808 3409 3103 3479 quidquam
3152 3420 3330 3459 rerum
3364 3417 3503 3454 mea-

1922 3522 2042 3561 rum
2105 3514 2155 3559 te
2213 3503 2381 3559 celavi
2443 3516 2721 3572 unquam,
2776 3499 2847 3552 ita
2919 3512 3093 3567 neque
3166 3493 3501 3548 committam

1919 3597 2082 3651 modo
2140 3604 2199 3650 ut
2254 3597 2366 3651 lucc
2417 3597 2650 3665 ignores.
2710 3593 2810 3646 Iste
2870 3592 3086 3645 diabolo
3143 3602 3261 3642 mos
3310 3594 3410 3649 est,
3444 3599 3504 3645 ul

1915 3691 2152 3760 primum
2212 3689 2433 3757 quidem
2456 3704 2485 3743 e
2512 3687 2769 3742 cordibus
2818 3685 3097 3739 hominum
3143 3681 3378 3734 divinam
3408 3692 3503 3729 ex-

1915 3782 2078 3852 pellat
2107 3782 2356 3852 gratiam,
2399 3796 2510 3850 quo
2544 3779 2738 3834 deinde
2770 3777 2994 3833 liberius
3040 3776 3129 3829 illa
3171 3774 3288 3841 ipse
3334 3777 3503 3824 occu‘

1918 3886 2046 3944 pet:
2083 3890 2259 3944 neque
2285 3883 2463 3928 tamen
2488 3873 2669 3943 fugam
2698 3871 2821 3926 inde
2843 3868 3078 3940 capessit
3131 3864 3325 3939 gratia,
3358 3864 3500 3932 quml

1923 3966 2034 4019 ullo
2093 3966 2354 4020 daemonis
2408 3965 2602 4019 timore
2652 3962 2980 4033 expellatur,
3030 3959 3121 4014 sed
3185 3956 3328 4024 quod
3375 3953 3503 4007 odio

1922 4058 2139 4126 capitali
2166 4066 2527 4127 prosequatur
2559 4066 2720 4126 atque
2740 4056 3081 4109 abominetur
3112 4049 3501 4118 turpitudinem

1915 4151 2143 4219 peccati.
2169 4149 2353 4219 Neque
2393 4159 2574 4205 tamen
2630 4151 2893 4203 violenter
2932 4147 2985 4200 in
3014 4154 3294 4215 peccatum
3364 4154 3505 4208 pra--

1918 4242 2173 4310 cipitatur
2225 4242 2406 4303 homo,
2445 4241 2535 4295 sed
2560 4250 2749 4310 sponte
2780 4253 2877 4292 sua
2905 4246 2957 4290 et
2992 4241 3268 4289 annuente
3311 4228 3505 4282 vulun-

1918 4344 2028 4389 tate
2062 4334 2353 4399 inducitur,
2384 4334 2652 4387 daemonis
2670 4332 2870 4402 quippe
2891 4327 3215 4383 blandientis
3255 4335 3506 4379 carueru-

1916 4443 2022 4496 quc
2091 4427 2362 4481 titillantis
2409 4427 2759 4479 leutationem
2792 4439 2900 4478 non
2956 4421 3158 4484 ferens,
3202 4417 3381 4473 scelus
3404 4411 3501 4465 ad-

223 4503 627 4574 mittit:atque
681 4507 754 4560 ita
783 4523 852 4565 ex
884 4510 1043 4577 pleno
1098 4526 1371 4567 consensu
1420 4524 1735 4582 peccantem
1760 4530 1989 4589 occupat
2047 4521 2321 4575 hominem
2389 4520 2661 4585 diabolus,
2715 4520 2888 4590 gratia
2947 4533 3039 4586 per
3097 4523 3381 4588 peccatum
3418 4514 3501 4565 el-

226 4599 438 4668 iugata.

298 4695 437 4762 ρλο’.
468 4696 657 4761 Οὕτως
694 4698 788 4751 οὖν
819 4700 1078 4771 ἐποίησεν
1104 4704 1132 4756 δ
1155 4702 1435 4773 ἀλλότριος
1467 4705 1562 4761 καὶ
1585 4708 1653 4761 τὰ
1686 4708 1815 4778 περὶ
1847 4730 1891 4785 ι)

224 4793 321 4859 τῆς
379 4790 681 4857 γυναικὸςο
714 4791 911 4846 έδλεπε
969 4796 1076 4865 γὰρ
1136 4797 1224 4849 ἀεὶ
1275 4797 1446 4868 αὐτὴν
1504 4799 1812 4866 ἀγαπῶσαν

224 4882 511 4953 ὀλοψύχως
543 4883 635 4936 τὸν
677 4884 829 4949 Θεὸν,
873 4885 969 4939 καὶ
1012 4886 1131 4949 πῶς
1164 4887 1337 4958 αὐτὴν
1379 4889 1703 4943 καταϐαλεῖν
1750 4891 1811 4944 οὐ

222 4977 552 5046 δυνάμενος,
594 4978 683 5031 διὰ
713 4978 807 5031 τοῦ
843 4981 1034 5051 ἀνδρὸς
1079 4982 1250 5049 αὐτῆς
1282 4984 1363 5045 είς
1397 4982 1569 5037 ταῦτα
1604 4984 1816 5039 ἐνέπει-

228 5070 861 5142 ρεν,.ίδιοπροαιρέτως
929 5074 1271 5128 ἀπελθοῦσαν
1328 5078 1409 5138 εἰς
1454 5078 1547 5129 τὸν
1611 5078 1813 5132 πλάνον

225 5162 460 5214 ἐκεῖνον.
517 5163 786 5233 Αἰτούσης
822 5167 935 5237 γάρ
970 5166 1143 5236 αὐτῆς
1174 5167 1233 5220 τὸ
1283 5167 1625 5238 καταθύμιον
1664 5169 1817 5238 γενέ-

225 5256 375 5317 σθαι,
438 5257 535 5308 καὶ
590 5258 690 5322 τὴν
738 5258 920 5329 ψυχὴν
972 5261 1144 5329 αὐτῆς
1191 5260 1584 5329 ἀποϐαλέσοαι,
1614 5264 1715 5332 ὅρα
1762 5264 1815 5315 τί

226 5348 377 5400 ποιεῖ
408 5346 548 5415 πρὸς
575 5347 637 5399 τὸ
667 5350 891 5419 ποιῆσαι
920 5350 1020 5423 τὴν
1046 5351 1323 5405 ἀπώλειαν
1367 5356 1462 5423 τῆς
1492 5354 1669 5422 ψυχῆς
1703 5355 1815 5406 αὐσ-

224 5438 352 5505 τῆς,
385 5440 486 5491 καὶ
522 5439 617 5491 τοῦ
650 5446 928 5495 κατοικεῖν
954 5445 1013 5493 ἐν
1046 5444 1185 5515 αὐτῇ
1227 5445 1299 5508 ὡς
1332 5445 1440 5517 ἰδίᾳ
1472 5447 1812 5517 προαιρέσει,

298 5598 417 5669 (5i)
459 5597 967 5674 DeAQhalcnpratiis
991 5604 1105 5674 lege
1140 5603 1429 5669 Cangium.
1463 5605 1555 5659 ιιι».
1589 5621 1653 5665 ιι.
1693 5622 1811 5674 cap.

224 5672 312 5734 l6,
341 5687 498 5723 num.
526 5670 615 5736 22,
640 5682 693 5726 et
722 5673 871 5727 disce
890 5670 1198 5729 Juda'orum
1230 5676 1350 5732 illas
1371 5674 1620 5731 ofﬁcinas
1647 5670 1812 5732 fuisSc

226 5742 371 5795 hami
400 5744 595 5813 procul
629 5743 697 5795 ab
729 5746 957 5800 ecclesia
985 5747 1042 5799 S.
1068 5744 1303 5813 Sophim.

303 5812 414 5879 (δέ)
461 5812 535 5865 Ita
566 5813 690 5884 lego
720 5815 863 5883 quod
894 5815 1029 5871 alias
1057 5812 1157 5884 per,
1186 5816 1579 5871 nominativum
1610 5821 1810 5873 Scribe-

230 5888 409 5947 batur,
473 5882 683 5949 παίζων
728 5882 817 5940 καί
896 5882 1074 5943 adrako
1103 5906 1113 5940 ;
1145 5902 1208 5943 ex
1237 5903 1462 5946 numero
1501 5902 1678 5950 autem
1716 5890 1809 5945 lii

1992 4706 2113 4765 159.
2147 4706 2208 4761 Et
2245 4706 2349 4762 hoc
2399 4706 2561 4761 modo
2586 4721 2709 4760 eum
2745 4706 2973 4761 muliere
2996 4722 3216 4776 quoque
3242 4706 3500 4776 prtedieta

1919 4798 2030 4865 egit
2098 4797 2355 4852 inimicus
2398 4797 2632 4852 datmon.
2714 4798 3166 4853 Animadvertens
3230 4798 3374 4855 enim
3430 4813 3495 4852 ex

1924 4898 2037 4944 toto
2070 4888 2212 4943 illam
2256 4888 2421 4943 corde
2471 4897 2742 4943 amantem
2780 4889 3160 4961 colentemquo
3191 4888 3308 4952 Dei,
3340 4888 3498 4944 aliter

1925 4998 2031 5036 non
2088 4980 2330 5050 possead
2377 4980 2711 5050 peccandum
2757 4983 2995 5044 adduci,
3038 4982 3287 5049 specioso
3318 4983 3497 5035 mariti

1924 5075 2025 5129 sibi
2053 5090 2294 5130 amorem
2332 5074 2661 5129 conciliandi
2696 5076 2850 5130 titulo
2902 5076 3047 5130 illam
3074 5085 3283 5132 tentare
3312 5093 3501 5148 agres-

1924 5185 2018 5223 sus
2045 5177 2153 5234 est,
2192 5186 2313 5223 mox
2355 5186 2453 5226 sua
2484 5178 2677 5240 sponte
2702 5169 2940 5225 venefico
2963 5171 3051 5225 isti
3106 5170 3447 5226 accedentem
3485 5189 3499 5226 :

1924 5279 1952 5316 a
1989 5278 2098 5332 quo
2148 5262 2277 5316 dum
2306 5262 2447 5317 votis
2482 5264 2597 5318 suis
2634 5263 2887 5317 satisﬁeri
2944 5264 3204 5332 postulat,
3255 5262 3498 5332 proiecta

1926 5354 2036 5409 fere
2079 5354 2228 5408 omni
2287 5369 2418 5409 cura
2476 5352 2709 5417 animae,
2777 5353 3094 5419 altendesis,
3143 5352 3272 5422 quid
3312 5352 3503 5407 fecerit

1921 5448 2131 5501 diunon
2170 5456 2230 5500 ut
2288 5449 2484 5501 anima:
2516 5447 2663 5502 illius
2692 5446 2912 5501 all'errrt
2956 5447 3233 5500 interitum
3258 5485 3281 5509 ,ν
3324 5446 3376 5500 in
3410 5461 3500 5501 ca-

1924 5609 2171 5674 suspicor
2195 5610 2383 5662 σάσειν
2413 5607 2538 5676 poni
2570 5623 2665 5676 pro
2689 5609 2989 5662 calcitrare.

1996 5679 2107 5747 (55)
2176 5680 2377 5734 Omitto
2416 5679 2502 5733 hic
2554 5680 2665 5746 illa,
2716 5680 2807 5733 καὶ
2859 5680 3044 5749 φέρειν
3078 5680 3180 5750 τῆς
3224 5679 3499 5750 ὑπομονῆς

1922 5752 2182 5817 γενναίως
2216 5751 2508 5822 ὑπομονήν,
2541 5767 2661 5821 qua:
2702 5751 2752 5805 in
2786 5768 2889 5808 ms.
2922 5751 3056 5807 Mal.
3089 5754 3169 5807 sic
3198 5752 3449 5822 leguntur
3480 5769 3495 5805 ς

1924 5839 2018 5877 ave
2032 5825 2326 5893 πομὸνητος
2352 5820 2445 5874 ὢν.
