4202 6434
774 408 870 469 791

1836 408 2248 468 NICEPIIORI
2294 411 2770 471 PRESBYTERI
2811 412 2920 471 Cl’.

3920 411 4029 471 799

770 518 894 573 est?
935 516 1131 574 Verum
1172 515 1518 587 accingamur
1544 526 1597 572 et
1620 533 1738 581 nos,
1776 519 1956 572 anima
1991 534 2134 583 mea,
2158 518 2224 572 ad
2255 518 2343 572 illa

2460 520 2674 590 μακρὰν
2711 521 2821 589 γὰρ
2869 519 2964 571 καὶ
3015 520 3250 589 ἀπίομεν
3280 520 3511 587 ἐκεῖθεν,
3547 522 3683 575 ὅπου
3730 522 3762 591 ἡ
3812 520 3956 591 τατὴ
3996 525 4029 589 ἠ

768 628 891 681 qua:
918 613 1141 675 instant,
1180 619 1231 664 et
1262 625 1478 666 manum
1510 609 1659 679 operi
1697 609 2084 665 admoveamus
2110 611 2339 665 iterum:

772 718 879 757 non
938 703 1081 756 enim
1140 704 1367 756 multum
1429 710 1676 771 superest
1725 704 2005 771 temporis,
2063 717 2184 756 cum
2219 702 2345 755 iiluc

770 793 1076 848 abeundum
1102 794 1226 856 erit,
1262 793 1350 847 ubi
1386 792 1539 847 cibus
1566 793 1911 863 gratissimus
1932 800 1984 844 et
2015 800 2172 860 potus
2211 790 2344 843 mel-

768 891 815 944 le
839 890 1050 944 dulcior
1074 890 1381 944 invenitur:
1416 899 1605 958 agatur
1632 886 1862 943 stolidus
1906 887 2148 955 corporis
2170 886 2340 940 nostri

685 1051 688 1054 .
766 981 987 1046 asellus,
1053 981 1509 1051 quemadmodum
1563 980 1741 1050 pullus
1789 978 1951 1042 asini,
2007 978 2098 1047 qui
2155 977 2334 1032 Dami-

768 1088 897 1126 num
957 1073 1223 1143 portmit;
1254 1074 1518 1143 eligamus
1547 1087 1772 1141 operum
1813 1079 2122 1125 sanctarum
2178 1084 2337 1124 exer-

2450 611 2702 681 φιλτάτη,
2735 612 2831 665 καὶ
2859 611 2920 663 τδ
2978 611 3121 682 ὕδωρ
3172 612 3233 665 τὸ
3269 615 3593 683 μελίρῤυτον
3620 629 3634 641 ·
3674 613 3900 681 ἄγωμεν
3934 629 4034 664 ταρ-

2451 702 2634 754 πεινὸν
2692 704 3194 772 παραπεφυρμένον
3244 705 3481 774 ὀνάριον,
3511 705 3585 768 ὡς
3621 705 3713 759 τὸν
3765 705 3973 773 Κύριον
4006 706 4033 755 6

2452 794 2669 859 πῶλοςο
2703 795 2804 866 τὴν
2852 797 3231 868 πνευματικὴν
3288 797 3554 867 ἐργασίαν
3618 797 3894 866 ἑλώμεθα,
3960 795 4031 846 ἶν’

2449 886 2579 939 ὅταν
2605 886 2667 939 τὸ
2702 887 2800 957 μὲν
2853 888 3097 953 ἀφίεται,
3125 889 3186 942 τὸ
3219 889 3274 943 δέ
3311 890 3822 959 παραλαμβάνεται,
3866 902 4034 940 κατο-

2452 979 2684 1049 φθῶμεν
2714 983 2793 1044 είς
2827 982 3136 1053 ἀπάντησιν
3180 984 3273 1038 τοῦ
3317 986 3525 1056 Κυρίου
3574 983 3683 1038 ἀπὸ
3711 985 3818 1038 τῶν
3855 984 4034 1049 ἁγίων

2446 1072 2712 1141 ἀγγὲλιιω.

766 1164 978 1225 citium.
1028 1174 1087 1218 ut
1124 1180 1248 1218 cum
1302 1164 1444 1217 aliud
1496 1163 1897 1225 dimittendum,
1954 1160 2099 1215 aliud
2154 1160 2525 1232 recipiendum
2557 1164 2680 1231 erit,
2710 1167 3115 1236 conspiciamur
3168 1185 3198 1223 a
3259 1171 3464 1226 sanctis
3500 1170 3706 1241 angelis
3742 1168 3795 1222 in
3835 1183 4037 1222 occur-

770 1278 889 1315 sum
936 1262 1145 1314 Drmini
1168 1276 1476 1331 properare.

839 1354 964 1408 144.
1001 1354 1180 1408 Finito
1207 1352 1307 1406 hoc
1341 1368 1596 1407 sermone
1630 1352 2151 1407 instituitcursitarc
2171 1350 2353 1407 ctcal-

770 1442 971 1496 citrare
1007 1458 1020 1498 :
1052 1440 1430 1510 quod-quipro
1466 1440 1672 1494 foribus
1734 1441 1849 1493 suis
1887 1441 2104 1511 opiﬁcio
2152 1440 2348 1495 intenti

770 1535 1049 1600 sedebant,
1109 1534 1315 1603 quique
1367 1534 1488 1587 illac
1516 1532 1843 1596 transibant,
1871 1532 2192 1601 conspicati,
2239 1530 2353 1585 cla-

774 1626 1035 1679 mabant:
1096 1623 1222 1695 Liga
1277 1626 1511 1690 asinum,
1575 1624 1676 1695 liga
1723 1626 1980 1686 asinum;
2033 1632 2086 1678 et
2131 1633 2352 1678 sanctus

768 1718 1019 1773 similiter
1052 1718 1319 1772 clamabat.
1353 1735 1366 1769 :
1398 1717 1633 1787 Sepelite
1669 1717 1871 1779 asinos,
1908 1716 2150 1784 scpelite,
2177 1730 2351 1785 quan-

770 1809 1063 1877 doquidem
1116 1808 1349 1863 emortui
1381 1817 1543 1871 sunt;
1594 1819 1644 1860 et
1673 1807 1739 1860 ad
1775 1806 2077 1860 clamantes
2117 1820 2345 1859 conver-

2528 1348 2669 1418 ρμδ’.
2710 1347 2894 1401 Ταῦτα
2930 1348 3191 1419 εἰρηκὼς,
3227 1350 3389 1403 ἔϐαλε
3442 1352 3625 1404 σάσειν
3657 1356 3750 1406 καὶ
3780 1355 4034 1423 τρέχεενο

2452 1440 2502 1493 οἱ
2536 1440 2592 1493 δὲ
2625 1439 2983 1510 καθεζόμενοι
3013 1443 3070 1492 ἐν
3101 1443 3220 1505 ταῖς
3246 1445 3529 1512 ἐργασίαις
3574 1446 3681 1514 πρὸ
3710 1447 3817 1498 τῶν
3853 1448 4036 1517 θυρῶν

2454 1531 2659 1593 αὐτῶν,
2713 1532 2809 1584 καὶ
2845 1534 2893 1584 oi
2935 1533 3287 1598 διοδεύοντες,
3332 1536 3626 1605 βλέποντες
3676 1539 3909 1601 σασοντα
3936 1542 4034 1593 αὖ·

2451 1623 2565 1686 τὸν,
2603 1622 2787 1690 ἔλεγον
2813 1638 2829 1654 ·
2860 1625 3034 1691 Δῆσαι
3067 1625 3159 1676 τὸν
3187 1625 3328 1689 ὄνον,
3357 1626 3516 1696 δῆσαι
3549 1628 3638 1681 τὸν
3680 1630 3822 1683 ὄνον.
3888 1631 3947 1682 Ὀ
3976 1630 4034 1682 δὲ

2459 1712 2729 1781 μακάριος
2784 1712 3006 1780 ἔλεγεν·
3078 1714 3300 1783 Θάψατε
3363 1718 3491 1781 τοὺς
3548 1719 3737 1786 ὅνους,
3802 1721 4034 1790 θαψατε,

2454 1805 2644 1872 ἐπειδὴ
2663 1804 3143 1875 τετελευτήκασιν.
3178 1807 3368 1876 Ἔλεγε
3410 1810 3466 1863 δὲ
3514 1813 3540 1864 ὁ
3571 1813 3717 1875 ὅσιος
3768 1813 3905 1883 πρὸς
3935 1816 4030 1866 αὐ-

771 1913 863 1952 sus
897 1896 1119 1964 :Meus,
1177 1898 1451 1968 inquiebat
1479 1934 1494 1959 ,
1559 1898 1780 1959 asinus,
1831 1896 2045 1950 tametsi
2069 1896 2349 1959 calcitret,

2460 1898 2600 1962 τοὺς,
2630 1898 2824 1967 ὅτιπερ
2872 1896 2932 1952 Ὀ
2974 1901 3104 1968 ἐμὸς
3150 1900 3289 1964 δνος,
3322 1903 3427 1956 κᾶν
3469 1902 3698 1976 λακτίζῃ
3729 1946 3741 1969 ,
3792 1906 4029 1968 εὐσεϐῶς

771 1993 854 2061 pie
907 1991 1076 2058 vivit;
1127 1999 1182 2045 at
1214 2000 1389 2046 vester
1416 1990 1526 2058 jam
1567 2006 1710 2044 nunc
1735 2005 1829 2059 per
1885 1998 2167 2058 peccatum
2204 2004 2352 2042 mor-

770 2094 898 2137 tuus
951 2093 1004 2136 et
1056 2083 1415 2151 putrelactus,
1446 2082 1727 2150 \scpulcro
1759 2081 2070 2134 condendus
2125 2087 2227 2141 est,
2288 2096 2352 2135 ne

771 2174 963 2227 foetore
993 2190 1092 2229 suo
1122 2173 1372 2241 homines
1404 2173 1627 2227 inliciat.

2451 1990 2516 2061 ζῇ
2546 2007 2561 2023 ο
2601 1993 2628 2043 6
2660 1991 2717 2043 δὲ
2747 1991 3015 2062 ὑμέτερος
3042 1994 3140 2063 ἤδη
3172 1993 3433 2063 τέθνηκεν
3501 1996 3605 2048 ὑπὸ
3628 1998 3722 2064 τῆς
3754 1998 4029 2066 ἁμαρτίας

2454 2085 2549 2137 καὶ
2580 2086 2873 2153 σέσηπται,
2913 2090 3007 2140 καὶ
3038 2088 3175 2157 προς
3206 2087 3268 2139 τὸ
3296 2089 3369 2157 μὴ
3397 2090 3580 2141 πνέειν
3623 2090 3735 2161 (56)
3781 2092 3911 2152 τοὺς
3942 2092 4027 2143 ἀν-

2455 2175 2730 2242 θρώπους,
2774 2177 3040 2231 ἐπιδέεται
3074 2178 3273 2247 ταφῆς.

2191 2308 2419 2364 CAPUT
2467 2310 2610 2365 XIX.

776 2434 1101 2504 Epiphanius
1139 2433 1452 2485 tentatiunes
1490 2432 1665 2483 carnis
1720 2441 1928 2499 supcrat
1970 2446 1989 2483 :
2036 2443 2084 2484 cz
2124 2432 2339 2553 digrori
2413 2435 2608 2554 ἱηηᾶιινὶ
2655 2434 2969 2489 horrendum
3020 2438 3245 2490 intuitus
3290 2439 3511 2501 exitum,
3570 2441 3680 2509 ejus
3705 2454 3925 2510 peccata
3966 2444 4029 2497 ab

2232 2517 2392 2554 mrea
2424 2520 2490 2554 an
2534 2514 2597 2554 ιι.

2232 2514 2392 2555 mtrea
2424 2514 2597 2557 audit.

841 2623 967 2678 145.
1004 2621 1239 2689 Contigit
1272 2634 1366 2689 per
1426 2618 1555 2671 illud
1597 2628 1829 2685 tempus,
1863 2618 2211 2687 impudicitia:
2248 2618 2355 2672 da:-

773 2731 987 2772 moncm
1054 2694 1262 2781 erigere
1321 2726 1526 2765 cornua
1582 2720 1769 2764 contra
1827 2710 2234 2780 Epiphaniam,
2299 2720 2355 2764 ct

772 2821 969 2878 magno
1024 2805 1209 2859 lurore
1252 2814 1455 2873 aetum,
1492 2800 1733 2855 libidinis
1777 2802 1824 2855 ei
1863 2801 2011 2856 faces
2058 2800 2354 2869 subjicere.

772 2898 1140 2964 Quamobrem
1200 2895 1545 2948 castissimus
1611 2894 1929 2947 adolescens
1984 2893 2171 2947 dolore
2210 2892 2356 2963 angi,

774 2991 954 3044 :mimo
977 2988 1342 3049 consternari,
1365 3001 1426 3040 ac
1464 2996 1702 3039 metuere
1733 3002 1799 3039 ne
1836 2986 1972 3039 forte
1994 2985 2359 3039 adolescentia

775 3098 873 3136 sua
907 3080 1210 3137 fcedissimo
1239 3079 1437 3134 sordidi
1468 3078 1673 3146 precati
1700 3078 1811 3130 ltth
1857 3077 2355 3131 contaminaretur:

778 3177 902 3228 hinc
956 3185 1008 3229 ct
1060 3173 1285 3242 jejuniis
1342 3171 1645 3239 vigiliisque
1672 3174 1862 3224 crebro
1889 3185 1947 3225 sc
1977 3171 2160 3233 dabat,
2209 3168 2349 3221 divi-

2463 3183 2562 3251 μέν
2615 3184 2706 3234 καὶ
2762 3184 3054 3252 ἐνήστευε,
3114 3183 3208 3236 καὶ
3258 3183 3528 3252 ἡγρύπνει

776 3281 1011 3335 namque
1034 3262 1429 3333 cmnlacrymis
1458 3261 1746 3315 invocabat
1769 3276 1956 3330 opem,
1993 3268 2050 3314 ut
2079 3277 2142 3314 ne
2177 3260 2355 3314 istius-

780 3360 923 3412 modi
976 3358 1172 3410 animte
1232 3370 1341 3409 Suae
1400 3355 1614 3407 ruinam
1652 3352 1976 3406 incurreret.
2027 3350 2141 3406 Non
2173 3360 2351 3404 tamen

774 3452 1040 3505 continuo
1068 3450 1249 3502 minus
1287 3446 1516 3500 infestus
1548 3445 1759 3498 daemon
1809 3442 2039 3507 institit,
2064 3443 2355 3512 ingerendo

776 3559 869 3610 per
908 3542 1091 3595 carnis
1118 3540 1372 3595 stimulos
1422 3536 1654 3607 cogitata
1696 3549 1882 3605 prava,
1920 3535 2119 3604 quibus
2175 3534 2352 3602 ipsum

778 3637 1082 3689 conabatur
1124 3633 1176 3686 in
1246 3630 1489 3685 libidinis
1542 3643 1759 3683 ccenum
1806 3625 2188 3681 miserabiliter
2253 3625 2355 3677 im-

780 3743 1055 3799 mergere,
1112 3720 1165 3780 ct
1238 3724 1554 3793 prmclaram
1625 3722 1821 3775 anima:
1895 3717 2353 3789 pulchritudinem

778 3822 1159 3890 exstinguere;
1191 3818 1318 3872 hinc
1361 3826 1416 3870 et
1450 3817 1836 3885 phantasmata
1868 3813 1916 3866 ci
1954 3813 2101 3865 varia
2132 3811 2359 3880 objicie-

782 3916 871 3967 bat
900 3928 993 3983 per
1034 3911 1296 3981 quietem,
1330 3906 1579 3961 videlicet
1617 3920 1740 3959 cum
1783 3902 2100 3957 ntulferibus
2154 3899 2358 3969 putidis

780 4010 957 4075 ipsum
999 4003 1324 4058 rembabere
1347 4010 1400 4055 et
1428 4010 1648 4069 peccato
1679 3997 2007 4051 consentire.
2038 3994 2101 4047 At
2128 3992 2363 4061 Epipha-

780 4096 927 4157 nius,
970 4094 1183 4162 quotics
1220 4092 1418 4146 talibus
1448 4088 1775 4158 imaginibus
1816 4085 2258 4138 inllammabatur
2292 4081 2358 4135 ad

781 4184 1083 4249 libidinem,
1119 4183 1310 4237 uncias
1335 4190 1444 4235 tres
1472 4179 1602 4234 salis
1628 4179 1973 4242 masticabat,
2017 4186 2207 4248 gustus
2238 4191 2362 4230 sen-

781 4292 901 4329 sum
962 4276 1306 4338 excrucians,
1358 4283 1412 4328 et
1465 4271 1788 4328 salsedincm
1827 4271 2109 4340 aegerrime
2129 4269 2356 4323 ferens:

786 4368 1169 4437 cOgitabatque
1226 4369 1431 4420 interea
1473 4380 1595 4419 cum
1653 4363 1863 4426 timore,
1900 4378 1965 4415 ne
1996 4355 2135 4415 forte
2162 4360 2215 4413 in
2258 4361 2361 4414 isto

785 4461 926 4516 bello
953 4458 1179 4512 inferior
1202 4458 1360 4512 foret.

859 4550 982 4603 Hii.
1045 4547 1182 4601 Tum
1234 4561 1365 4600 vero
1424 4547 1479 4601 in
1532 4546 1738 4600 somnis
1772 4544 2120 4613 conspicuum
2173 4541 2363 4597 habuit
2395 4534 2440 4588 D

787 4645 1013 4697 luxuria:
1064 4642 1384 4705 daemonem,
1427 4639 1760 4693 simillimum
1798 4638 1986 4691 lutosa:
2020 4637 2123 4698 sui,
2177 4649 2363 4690 excre-

792 4736 989 4790 mentis
1043 4734 1297 4788 humanis
1346 4732 1608 4796 oblitum;
1664 4731 2067 4793 stabatautem,
2100 4737 2153 4782 et
2187 4728 2359 4797 gravi-

787 4841 869 4883 ter
899 4828 1175 4897 spirabat;
1214 4826 1287 4878 illi
1315 4840 1441 4879 vero
1470 4840 1532 4879 cx
1577 4824 1828 4893 opposito
1867 4822 2047 4876 stabat
2070 4832 2120 4876 et
2143 4821 2362 4891 juvenis

787 4920 1137 4982 candidatus,
1171 4918 1285 4987 qui,
1320 4917 1463 4985 quod
1500 4932 1664 4970 manu
1698 4916 1918 4971 tenebat
1943 4914 2359 4969 acerbissimum

787 5013 1067 5083 poculum,
1097 5009 1412 5064 verberibus
1441 5009 1689 5078 adigi-bat
1716 5008 2015 5061 daemonem
2037 5008 2211 5073 ipsum
2235 5019 2365 5059 eva-

788 5121 974 5161 cuare.
1038 5105 1257 5159 Daemon
1298 5119 1449 5169 vero,
1500 5103 1676 5171 impos
1704 5102 1788 5155 sui
1819 5117 1927 5170 pra:
1953 5100 2157 5161 lurore,
2195 5098 2365 5151 inter-

794 5199 1018 5269 rogabat
1044 5197 1390 5251 candidatum
1442 5195 1865 5258 adolescentem,
1898 5208 1993 5247 cur
2032 5207 2091 5248 se
2116 5192 2181 5245 ad
2229 5190 2368 5244 hau-

794 5292 1040 5345 riendum
1094 5290 1357 5360 scyphum
1390 5287 1540 5341 illum
1585 5287 1845 5357 adigeret.
1880 5286 1977 5339 Cui
2013 5286 2086 5339 ita
2138 5298 2367 5353 respon-

791 5385 870 5438 dit
913 5384 1003 5438 ille
1041 5401 1054 5437 :
1092 5384 1359 5449 Quoniam
1421 5391 1477 5436 tu
1538 5381 1797 5435 famulum
1850 5379 2065 5433 Domini
2130 5377 2366 5448 Epipha-

795 5478 943 5531 nium
966 5476 1259 5532 salsedinis
1279 5474 1579 5529 acrimonia
1609 5472 1828 5543 coegisti
1846 5471 2159 5526 excruciare
2189 5472 2365 5524 visce—

796 5585 857 5623 ra
919 5585 1035 5633 sua,
1100 5568 1409 5623 examinato
1445 5581 1599 5637 :equa
1659 5564 1881 5634 justitiae
1925 5564 2119 5617 divina.-
2163 5564 2363 5616 trutina

863 5701 975 5769 (56)
1005 5702 1101 5757 Ms.
1157 5704 1358 5758 Malat'.
1392 5702 1555 5765 ὄζειν.

866 5775 999 5833 (57)·
1030 5775 1371 5829 lnscrcbatur
1411 5775 1497 5828 hic
1531 5773 1804 5843 ἐνσοῆναι.

869 5846 977 5915 (.39)
1012 5846 1269 5900 Insertum
1312 5855 1445 5913 crat,
1477 5841 1691 5918 βρὰζων
1737 5845 1831 5920 τὴν
1858 5845 2037 5917 φύσιν.
2089 5841 2240 5908 Quod
2274 5858 2369 5896 au-

2536 2630 2676 2691 ρμε’.
2714 2624 2923 2694 Συνέϐη
2955 2624 3011 2677 δέ
3042 2623 3118 2694 τῷ
3150 2624 3327 2695 καιρῷ
3374 2627 3569 2697 ἐκείνῳ
3604 2630 3804 2699 ἐπᾶραι
3833 2631 4038 2699 θράσος

2455 2715 2482 2765 6
2514 2715 2761 2778 διάϐολος
2821 2715 2963 2769 κατά
3005 2716 3348 2784 Ἐπιφανίου,
3397 2720 3490 2773 καὶ
3533 2720 3778 2783 ἐξέκαιεν
3811 2724 3983 2775 αὐτὸν
4012 2725 4038 2774 ὁ

2460 2810 2559 2877 τῆς
2592 2811 2852 2880 πορνείας
2875 2811 3084 2873 δαίμων
3104 2811 3377 2879 χαλεπῶς,
3405 2814 3636 2884 μεγίστῃ
3665 2816 3829 2884 μανίᾳ
3859 2832 4040 2884 προσ-

2458 2902 2778 2971 φερόμενος.
2852 2905 3069 2957 Ἢνιᾶτο
3111 2900 3203 2958 οὖν
3263 2907 3291 2957 6
3346 2905 3581 2973 τερπνὸς
3640 2906 3878 2970 νεανίας,
3942 2911 4040 2961 καὶ

2458 2995 2699 3065 ἤσχαλλε
2757 2999 3095 3067 πτοούμενος
3136 2997 3209 3066 μὴ
3262 2997 3461 3066 μιανθῇ
3497 2999 3528 3067 ἡ
3561 2997 3791 3067 φιλτάτη
3845 3000 4040 3068 νεότης

2459 3088 2623 3142 αὐτοῦ
2644 3088 2721 3158 τῷ
2754 3088 3001 3159 βορϐόρῳ
3030 3092 3127 3157 τῆς
3162 3090 3480 3157 κοπριπους
3513 3089 3777 3151 δυσωδίας
3805 3107 3818 3121 ·
3863 3090 4042 3142 πολλα

3559 3223 3573 3243 ,
3633 3185 3725 3235 καὶ
3767 3183 3943 3251 δάκρυ
3954 3200 4041 3233 σιν

2460 3273 2780 3325 ἐπεκαλεῖτο
2806 3272 2897 3325 τὸν
2927 3273 3082 3337 Θεὸν,
3125 3274 3201 3341 μὴ
3237 3273 3501 3342 ἐμπεσεῖν
3532 3274 3611 3333 εἰς
3638 3274 3737 3341 τὴν
3776 3274 4043 3340 τοιαύτην

2459 3364 2757 3418 ἀπώλειαν.
2792 3366 2902 3417 Καὶ
2926 3365 3025 3417 οὐκ
3057 3364 3435 3433 ἀπηλλάσσετο
3467 3364 3617 3435 αὐτῷ
3642 3367 3671 3417 6
3703 3367 4042 3435 κατάρατος,

2459 3459 2555 3513 καὶ
2594 3461 2707 3521 τοῖς
2753 3460 3009 3528 πονηροῖς
3047 3456 3330 3526 λογισμοῖς
3359 3458 3445 3510 διὰ
3469 3458 3565 3526 τῆς
3602 3458 3904 3527 πυρώσεως
3939 3460 4043 3527 τῆς

2461 3552 2667 3623 σαρκὸς
2724 3551 3152 3619 ὕπαναγκάζων,
3206 3544 3388 3604 εἷλκεν
3431 3550 3665 3620 οἰκτρῶς
3702 3554 3762 3603 ἐν
3804 3550 3882 3620 τῷ
3940 3552 4043 3618 τῆς

2459 3645 2716 3711 λαγνείας
2746 3644 2859 3716 (57)
2889 3644 3157 3714 βορϐόρῳ,
3189 3643 3280 3697 καὶ
3316 3644 3377 3696 τὸ
3414 3644 3605 3695 τούτου
3641 3642 3871 3712 ψυχικὸν
3907 3643 4044 3695 κάλ⁸

2459 3740 2551 3801 λος
2588 3738 2799 3801 σϐέσαι,
2833 3736 2972 3789 ὥστε
3016 3737 3113 3790 καὶ
3167 3736 3310 3788 κατὰ
3341 3737 3466 3797 τοὺς
3496 3734 3700 3797 ὕπνους
3731 3735 4044 3803 ἐφάνταζεν

2463 3830 2626 3883 αὐτὸν
2653 3828 3067 3899 ἀναμίγνυσθαι
3097 3829 3297 3895 γύναια
3331 3827 3571 3895 δυσώδη,
3615 3828 3706 3880 καὶ
3748 3830 3813 3897 τῇ
3864 3828 4044 3897 ἁμαρ-

2462 3923 2554 3993 τία
2584 3923 2962 3990 συγγίνεσθαι.
3003 3921 3227 3983 Ὁσάκις
3257 3919 3314 3972 δὲ
3362 3919 3694 3986 ἐφαντάζετο
3740 3920 4044 3988 ἀνισταμε-

2463 4033 2551 4079 νος
2597 4016 2744 4085 (58),
2800 4017 2950 4085 τρεῖς
2998 4013 3192 4081 ὀγκίας
3241 4012 3437 4075 ἆλατος
3484 4012 3672 4081 ἡσθιε,
3736 4013 4045 4079 πικραίνων

2465 4109 2566 4173 τὴν
2613 4106 2890 4175 αἴσθησιν,
2930 4107 3025 4158 καὶ
3069 4105 3258 4167 δεινῶς
3306 4106 3503 4173 ἔφερεν
3554 4092 3788 4171 ὑπὸτῆς
3821 4103 4003 4171 ἅλμης
4030 4121 4043 4132 ·

2465 4200 2560 4251 καὶ
2622 4201 2680 4251 ἐν
2751 4198 2926 4267 τούτῳ
3004 4199 3249 4249 κατενόει
3309 4197 3401 4247 τοῦ
3470 4195 3708 4263 πολέμου
3787 4194 4045 4247 ἐλαττού-

2469 4308 2649 4359 μενον.

2542 4542 2695 4607 ρμς’.
2735 4535 2836 4588 Ἰδε
2889 4536 2944 4588 δὲ
2983 4535 3121 4589 κατὰ
3167 4535 3257 4587 τὸν
3284 4535 3383 4605 τῆς
3418 4532 3675 4605 πορνείας
3700 4533 3937 4603 δαίμονα
3972 4534 4047 4596 ὡς

2467 4630 2654 4698 ὅμοιον
2688 4631 2857 4699 χοίρῳ
2905 4628 3396 4699 βεϐορϐορωμένῳ,
3437 4628 3795 4697 κεχρισμένον
3836 4628 4048 4695 ἀνθρω-

2467 4724 2626 4785 πείας
2659 4724 2887 4791 κόπρου,
2940 4722 3149 4775 ἑστῶτα
3176 4722 3272 4774 καὶ
3301 4721 3645 4772 ἀποπνέοντα
3677 4734 3692 4748 ·
3734 4720 3955 4782 νεανίας
3986 4721 4046 4772 δέ

2467 4833 2549 4878 τις
2574 4815 2877 4884 λευχείμων
2898 4814 3175 4884 ἠνάγκαζε
3204 4814 3348 4865 πιεῖν
3382 4828 3396 4843 ο
3430 4814 3458 4864 6
3503 4812 3559 4863 δὲ
3589 4810 3710 4864 οὐδὲ
3748 4813 3840 4864 τὸν
3874 4812 4049 4880 θυμὶν

2467 4907 2700 4975 ἠδύνατο
2728 4909 2938 4975 φέρειν.
2981 4905 3201 4974 Ἠρώτα
3244 4903 3300 4955 δέ
3334 4904 3362 4955 6
3394 4902 3563 4972 μέλας
3596 4904 3685 4953 τὸν
3714 4901 4059 4971 λευχείμονα

2467 4998 2642 5066 λέγων
2678 5013 2692 5027 ·
2730 4995 2899 5060 Λέξον
2934 5013 3022 5064 μοι
3054 4997 3122 5047 δι’
3153 4994 3219 5065 ἣν
3252 4993 3432 5046 αἰτίαν
3466 4993 3672 5061 βιάζεις
3706 5010 3771 5062 με
3812 4998 3957 5045 πιεῖν
3990 4996 4049 5045 τὸ

2470 5092 2724 5161 ποτήριον
2748 5106 2761 5153 ;
2805 5090 2865 5143 Ὀ
2890 5088 2946 5141 δέ
2969 5088 3107 5158 πρὸς
3141 5088 3304 5140 αὐτον
3326 5088 3430 5157 ἔφη
3459 5102 3473 5117 ·
3515 5086 3731 5155 Ἐπειδὴ
3762 5087 3826 5137 σὺ
3855 5086 4048 5155 ἐποίη-

2473 5202 2570 5247 σας
2609 5183 2704 5235 τὸν
2757 5182 2922 5235 παῖδα
2970 5181 3177 5252 Κυρίου
3218 5180 3533 5249 Ἐπιφάνιον
3566 5179 3743 5247 ἅλμην
3785 5178 4051 5247 δριμὺξππ

2473 5279 2597 5331 σθαι
2628 5278 2697 5330 τὰ
2723 5277 2875 5338 ἐντὸς
2901 5274 3089 5338 αὐτοῦ,
3124 5278 3190 5345 τῇ
3226 5271 3597 5341 δικαιοκρισία
3630 5270 3725 5324 τοῦ
3758 5270 3896 5324 Θεοῦ
3920 5272 4045 5323 ἐτι.

2471 5370 2700 5439 ἱζόμενος
2736 5368 2868 5437 περὶ
2913 5368 3132 5433 τούτου,
3186 5365 3340 5426 δίκας
3383 5363 3477 5415 νῦν
3522 5362 3761 5431 ὀφείλεις
3814 5364 4050 5430 εἰσπρα-

2470 5462 2687 5532 χθῆναι.
2717 5456 2853 5513 Εἶπε
2879 5460 2934 5512 δέ
2965 5460 2993 5511 6
3031 5457 3199 5529 μέλας
3225 5470 3241 5486 ⁸
3272 5456 3407 5510 Οὐαί
3434 5473 3545 5526 μοι,
3583 5454 3765 5522 Πάτερ
3788 5455 3884 5507 καὶ
3918 5469 4043 5521 προ⁸

2472 5554 2668 5622 στὰτα,
2702 5554 2784 5606 ὅτι
2816 5552 2986 5605 θέλων
3022 5549 3357 5622 θεραπεῦσαί
3395 5564 3454 5601 σε
3485 5546 3694 5609 τούτοις
3719 5548 3830 5607 τοῖς
3855 5546 4047 5606 δεινοῖς

2473 5708 2576 5750 tem
2624 5695 2880 5751 continuo
2904 5690 3151 5761 sequitur
3200 5691 3346 5761 τρεῖς
3374 5687 3590 5756 ὀγκίας,
3633 5684 3686 5739 in
3732 5682 3916 5737 Mazar
3971 5684 4046 5738 le-

2470 5771 2614 5842 gitur
2644 5767 2789 5836 τρεῖς
2810 5765 3059 5832 οὐγγίας.
