4202 6434
243 332 351 395 793

1418 341 1595 401 VITA
1637 341 1697 401 S.
1744 341 2075 402 ANDHEE
2114 347 2308 408 SALL

3401 359 3501 419 T‘Ji

240 444 651 514 περιπέπτωκα
684 446 697 498 ι
734 448 797 499 Ὢ
834 447 943 517 βία,
982 448 1027 501 ὢ
1059 448 1173 519 βία,
1210 449 1317 502 ἀπὸ
1362 450 1478 515 σοῦ,
1513 450 1823 521 Ναζαρηνὶ,

1931 453 2071 507 tacto
2100 464 2211 522 tuo,
2254 472 2445 525 poenas
2474 461 2711 528 pendere
2752 464 2979 520 meritas
3011 475 3064 521 te
3090 476 3322 534 oportet.
3364 467 3498 521 Tum

238 536 436 591 καθότι
475 539 544 591 τὰ
581 540 731 603 ἐντός
771 558 872 610 μου
912 542 1246 611 διέπρησαςί
1296 541 1482 596 Ταῦτα
1542 542 1818 613 εἰρηκὼς,

235 628 537 699 δεξάμενος
571 633 632 684 τ’)
676 635 958 703 ποτήριον,
1011 634 1103 706 βίᾳ
1149 634 1304 687 ἔπιεν
1348 651 1362 666 ο
1413 636 1507 688 καὶ
1558 634 1823 704 πλησθεὶς

241 723 423 792 θυμοῦ
456 724 550 777 καὶ
598 726 932 796 ἀσυγκρίτου
976 728 1224 798 πικρίας,
1260 728 1598 796 ὀδυνώμενος
1622 727 1830 797 ἀνεχώ-

238 831 435 881 ρησεν.
469 816 742 880 Ἐξυπνος
772 820 827 873 δὲ
863 820 1156 889 γενόμενος
1179 822 1207 875 6
1247 819 1564 887 Ἐπιφάνιος
1591 820 1698 875 ἀπὸ
1728 820 1826 889 τῆς

236 905 511 974 ὀράςεως,
546 909 639 960 καὶ⁵
673 908 962 979 θαυμάσας
986 911 1065 973 εἰς
1095 911 1192 981 τὴν
1217 910 1310 964 τοῦ
1337 910 1473 963 Θεοῦ
1516 910 1825 978 φιλανθρω-

239 998 398 1062 πὶαν,
445 1001 541 1053 καὶ
581 1004 808 1069 ταχεῖαν
842 1002 1149 1070 ἀντίληψιν,
1179 1002 1406 1070 ὲγέλασε
1433 1002 1493 1053 τὸ
1533 1002 1823 1071 πρόσωπον

236 1090 333 1141 τοῦ
370 1094 633 1162 παμπονή
645 1110 739 1162 ρου
768 1093 1047 1162 δαίμονες.

1928 544 2216 599 diabolus:
2251 547 2364 602 lleu
2388 564 2492 611 me,
2526 561 2679 620 pater
2716 554 3077 624 princepsque
3126 556 3349 620 Satana,
3375 558 3499 623 quia

1927 636 2180 692 famulari
2218 641 2313 693 tibt
2345 642 2508 705 volui,
2550 643 2601 697 in
2645 645 2806 700 hasce
2852 648 3190 703 calamitates
3220 648 3382 701 incidi
3414 649 3426 700 ί
3468 668 3502 700 o

1927 726 2055 789 vim,
2096 744 2128 781 ο
2165 730 2475 786 violentiam
2509 742 2695 795 tuam.
2750 735 3057 792 Nazarene!
3116 741 3243 808 quia
3293 739 3502 792 viscera

1924 834 2044 874 mea
2070 821 2307 878 llammis
2359 826 2730 882 combussisti.
2760 829 2889 893 Quae
2918 846 3041 885 cum
3068 831 3315 896 dixisset,
3349 840 3504 883 arrc-i

1924 922 2072 980 ptum
2095 915 2348 982 poculum
2384 918 2646 973 violenter
2665 921 2915 975 exhausit
2937 963 2951 986 ,
2981 923 3323 991 repletnsqne
3357 921 3503 974 furo‘

1927 1017 1986 1054 re
2009 1012 2059 1055 et
2126 1004 2535 1074 incomparabili
2598 1010 2993 1076 amaritudine,
3046 1012 3501 1065 lamentabundus

1929 1110 1987 1148 se
2039 1096 2160 1150 inde
2198 1099 2485 1166 proripuit.
2532 1097 2659 1154 Post
2729 1102 2869 1155 hane
2922 1104 3183 1158 visionem
3234 1102 3505 1171 cvigilans

234 1179 604 1250 Epiphanius,
660 1184 752 1237 Dei
802 1185 1185 1255 benignitatem
1245 1193 1666 1255 promptumque
1691 1184 2299 1252 auxiliutit-admiratus,
2331 1207 2562 1259 nequam
2602 1195 2900 1247 dmmonem
2943 1194 3149 1248 derisit.

314 1272 467 1341 ρμξ.
515 1275 672 1327 Μετὰ
700 1275 756 1329 δέ
787 1293 937 1339 τινας
969 1278 1185 1346 ἡμέρας
1218 1279 1453 1345 συναντᾷ
1487 1276 1635 1344 αὐτῷ
1662 1278 1687 1327 6
1723 1294 1825 1345 μα-

237 1365 437 1431 κάριος
481 1365 738 1431 Ἀνδρέας
774 1366 831 1418 ἔν
874 1384 981 1419 τινι
1036 1367 1257 1438 ὲμὸόλῳ
1290 1368 1396 1421 ἀπὸ
1428 1366 1523 1436 τῆς
1554 1366 1827 1432 συνάξεως

239 1454 614 1524 ὑποστρέφων
640 1471 652 1484 ·
686 1458 781 1510 καὶ
821 1458 1156 1526 θεασάμενος
1195 1460 1376 1521 αὑτὸν,
1406 1458 1822 1525 ὑπομειδιάσας,

235 1546 342 1616 ἔφη
374 1565 387 1579 ·
419 1548 703 1617 Πρόὸατὸν
742 1553 855 1620 εἰμι
891 1553 988 1621 τῆς
1030 1552 1258 1622 λογικῆς
1290 1571 1379 1606 σου
1432 1553 1687 1623 ποίμνης,
1728 1554 1821 1605 καὶ

237 1641 426 1709 Ξιλμην
461 1643 662 1709 ἀγαπῶ
693 1645 787 1696 καὶ
820 1645 984 1697 ἐσθίω
1014 1647 1072 1698 τὸ
1105 1646 1259 1707 ἃλας.
1300 1646 1488 1700 Ταῦτα
1526 1646 1764 1708 ἁκνύσας
1792 1647 1821 1698 6

251 1734 596 1801 Ἐπιφάνιος,
635 1739 886 1806 μεγάλως
921 1739 1233 1808 ἐθαύμασεν
1262 1739 1353 1793 ἐπὶ
1379 1740 1455 1809 τῷ
1481 1741 1705 1811 ῥήματι,
1730 1739 1821 1790 καί

238 1844 410 1895 φησιν
441 1845 455 1857 ·
496 1828 631 1881 Οὐδὲ
669 1829 847 1883 ταῦτά
875 1847 933 1884 σε
960 1830 1140 1891 ἔλαθε,
1174 1831 1301 1900 κύρι
1334 1832 1362 1883 ὁ
1400 1832 1573 1901 μέγας
1600 1847 1616 1897 ;
1659 1829 1820 1883 Ἀλλὰ

235 1921 289 1971 τί
332 1922 417 1973 ὅτι
450 1923 594 1974 οὓτω
630 1938 698 1990 με
740 1922 1035 1986 κατέλιπες
1065 1941 1078 1989 ;
1108 1926 1200 1977 καὶ
1241 1923 1416 1995 [παρὰ
1466 1924 1662 1994 μικρὸν
1699 1926 1820 1976 ὲσα-

232 2012 405 2079 ὶεύθη
440 2016 508 2066 τὰ
541 2014 855 2084 διαδήματά
895 2034 997 2083 μου
1027 2017 1137 2085 (59)
1230 2017 1374 2086 Ἔφη
1429 2019 1456 2069 ὁ
1484 2017 1628 2077 ὅσιος
1656 2031 1668 2045 ·
1712 2014 1821 2067 Καὶ

239 2103 361 2165 πῶς
404 2107 547 2173 φανῇ
580 2104 612 2173 ἢ
650 2104 821 2175 κληθῄ
859 2123 939 2169 τις
971 2107 1332 2176 στρατιώτης,
1364 2106 1458 2158 ἐὰν
1491 2106 1564 2176 μὴ
1593 2108 1705 2167 τοῖς
1732 2120 1823 2155 πο-

234 2190 449 2260 λεμίοις
472 2193 753 2263 ἐφεδρεύει
772 2198 1056 2263 γενναίως,
1079 2199 1175 2249 καὶ
1209 2195 1519 2266 συγκρούει,
1547 2197 1639 2247 καὶ
1672 2188 1818 2263 νικᾷ,

234 2284 332 2335 καὶ
368 2284 723 2354 δοκιμάζεται
757 2302 773 2352 ;
809 2287 931 2350 Πῶς
965 2288 1022 2340 δὲ
1061 2290 1153 2341 καὶ
1185 2286 1486 2358 [γνώσεται
1524 2288 1551 2338 ὀ
1583 2285 1820 2338 ἀντικείο

239 2392 405 2442 μενος
434 2378 596 2441 ποίας
632 2380 812 2449 ἰσχύος
835 2376 903 2445 εἰ,
940 2381 1036 2433 ἐὰν
1077 2382 1150 2451 μὴ
1184 2382 1391 2453 συνάρῃ
1417 2380 1651 2449 πόλεμον
1684 2378 1821 2449 μετὰ

237 2469 332 2522 σοῦ
365 2470 477 2541 {60)
496 2471 540 2543 ],
570 2473 666 2525 ἐὰν
690 2474 763 2545 μή
796 2491 854 2527 σε
888 2474 971 2544 ἴδῃ
995 2474 1337 2544 συμϐαλόντα
1360 2492 1373 2540 ;
1399 2476 1506 2527 Καὶ
1537 2472 1653 2535 πῶς
1678 2472 1822 2543 λήψῃ

237 2562 459 2631 μιτθὸν,
488 2565 561 2633 μὴ
596 2565 894 2634 ὑπομείνας
922 2568 1254 2636 πειρασμὸν,
1281 2570 1376 2619 καὶ
1404 2567 1503 2628 τὰς
1533 2564 1821 2625 ἐπιϐουλὰς

234 2655 347 2706 τῶν
392 2659 679 2725 ματαίων;
721 2658 930 2722 Πάντες
970 2661 1019 2711 οί
1067 2659 1271 2723 ζῶντες
1322 2657 1679 2727 ἀγωνίζονται
1716 2656 1823 2717 ἕως

236 2750 392 2801 ἐστὶν
432 2750 574 2819 ὥρα,
610 2754 703 2806 καὶ
733 2753 838 2816 ἕως
876 2754 992 2805 ἐστὶ
1040 2754 1251 2822 καιρὸς,
1290 2752 1586 2813 θλίϐονται,
1626 2748 1822 2817 πειρά-

236 2844 449 2909 ζονται,
490 2845 577 2897 ἵνα
610 2847 901 2917 σήμερονῆ
940 2846 1132 2917 αὔριον
1159 2847 1251 2899 τὸν
1287 2843 1603 2914 σωματικὸν
1631 2841 1822 2895 τοῦτον

234 2935 609 2998 ἀποθανόντες
659 2937 913 3001 θάνατον,
949 2937 1311 3005 συγκλείσωσί
1362 2954 1413 2988 τι
1462 2934 1667 3001 ἀγαθὸν
1693 2972 1708 2996 ν
1739 2934 1825 2984 ἵνα

234 3026 440 3093 ἓχωειν
476 3028 534 3079 ἐν
583 3030 647 3097 τῇ
683 3029 891 3099 φοϐερᾷ
926 3031 1110 3101 ἡμέρα
1142 3029 1240 3097 τῆς
1276 3028 1530 3099 κρίσεως.
1568 3027 1723 3079 Ὅσοι
1765 3024 1822 3076 δέ
1852 3032 1893 3092 (ζ

235 3121 348 3169 εἰσι
399 3119 610 3187 νεκροὶ,
647 3122 862 3189 τυφλοὶ,
897 3124 1257 3191 ἀνωφέλητοι,
1284 3123 1661 3191 ὲσκοτισμένοι
1687 3120 1824 3172 κατὰ

236 3212 333 3263 τὸν
363 3212 473 3264 ἔσω
503 3213 816 3277 ἄνθρωπον,
869 3208 1017 3267 οὗτοι
1050 3216 1225 3285 ἡδέως
1270 3216 1551 3281 ὺπνοῦσιν,
1582 3213 1823 3283 τρώγον-

237 3319 353 3367 τες,
418 3305 688 3369 πίνοντες,
716 3305 815 3377 τὴν
873 3307 1058 3359 ἄνεσιν
1106 3307 1552 3369 καταδιώκουσιν,
1594 3305 1823 3374 πορνεύ-

235 3412 395 3461 eum,
445 3399 953 3468 γαστριμαργοῦσι,
1006 3401 1380 3471 τραγῳδοῦσι,
1441 3398 1818 3468 κιθαρίζουσι,

241 3487 430 3540 καὶτὰ
455 3488 852 3557 ἐπιθυμήματα
901 3490 1000 3557 τῆς
1037 3490 1240 3560 σαρκὸς
1275 3489 1420 3542 εὑκό)
1436 3506 1509 3551 ως
1559 3488 1818 3557 εἰσπράτ-

238 3595 418 3642 τουσι,
468 3578 603 3630 Θεοῦ
649 3580 722 3649 μὴ
777 3580 1138 3649 μεμνημένοι,
1188 3581 1324 3650 μηδὲ
1386 3580 1640 3651 κρίσεως,
1689 3576 1820 3646 μηᾲὲ

240 3673 695 3736 ἀνταποδόσεως,
773 3676 911 3742 μήτε
990 3673 1271 3743 βασιλείας
1343 3675 1621 3745 οὺρανῶνο
1676 3670 1820 3727 οὗτοι

241 3765 478 3817 πάντοτε
530 3764 609 3834 τῷ
664 3766 896 3831 διαϐόλῳ
933 3768 1282 3836 συνέρχονται
1310 3769 1390 3828 είς
1430 3767 1499 3820 τὰ
1543 3765 1821 3837 θελήματα

237 3858 413 3912 αὑτοῦ
445 3870 459 3887 ⁸
518 3859 771 3921 κάκεῖνος
819 3859 961 3929 ὁρῶν
1012 3860 1243 3929 ματαίαν
1277 3860 1451 3929 χαρὰν
1491 3861 1630 3914 κατὰ
1670 3860 1819 3912 τόνδε

240 3954 333 4003 τὸν
365 3950 575 4020 κόσμον
609 3953 839 4021 παρέχει
867 3952 943 4015 ὡς
973 3952 1126 4015 ίδίοις
1163 3952 1338 4021 φίλοις
1366 3955 1461 4007 καὶ
1494 3955 1815 4023 ὑπηρέταις.

253 4045 401 4099 Ἀλλ’
429 4046 551 4098 aiat
574 4047 639 4114 τῇ
668 4045 844 4114 θλίψει
874 4049 939 4117 τῇ
978 4046 1215 4116 μενούσῃ
1246 4050 1424 4109 αὐτοῖς
1450 4048 1463 4100 !

318 4315 469 4387 ρμη’.
501 4317 572 4369 Σὺ
600 4311 715 4379 οὖν,
746 4314 957 4380 τέκνον,
983 4315 1040 4367 αἱ
1078 4314 1216 4385 βίαι,
1247 4314 1311 4375 ἃς
1339 4313 1537 4381 λέγεις,
1566 4313 1816 4382 γλυκεῖαι

2010 1278 2129 1332 H7.
2174 1280 2430 1337 Postdies
2454 1284 2657 1352 aliquot
2689 1286 2927 1340 occurrit
2960 1283 3261 1353 Epiphanio
3291 1284 3350 1338 Β.
3391 1286 3501 1337 An-

1934 1374 2091 1425 dreas
2151 1373 2203 1425 in
2244 1375 2454 1441 porticu
2480 1379 2737 1443 quadam,
2793 1392 2821 1431 a
2854 1392 3010 1431 sacro
3037 1375 3211 1429 otlicio
3248 1376 3498 1437 rediens;

1930 1478 2166 1533 cumque
2211 1464 2357 1517 illum
2414 1466 2838 1537 vidisset:Ego,
2910 1467 3120 1536 inquit,
3175 1467 3355 1535 gregis
3425 1467 3500 1518 tui

1928 1557 2044 1610 ovis
2101 1570 2244 1619 smn,
2305 1556 2628 1612 salscdinem
2683 1573 2829 1623 amo,
2864 1567 2917 1612 et
2943 1559 3053 1613 sale
3086 1555 3503 1611 vescor.Audiit

1928 1647 2040 1701 haec
2096 1647 2462 1716 Epiphanius,
2499 1660 2550 1704 et
2600 1650 2782 1704 audita
2838 1650 3061 1703 miratus
3103 1650 3494 1701 vehementer:

1919 1738 2108 1805 Neque
2164 1739 2275 1801 illa,
2322 1739 2519 1806 inquit,
2561 1748 2612 1793 te.
2648 1739 2943 1802 latuerunt,
2998 1754 3191 1807 magne.
3240 1738 3502 1791 domine?

1923 1830 2119 1885 Verum
2168 1833 2295 1902 quid
2367 1848 2547 1887 causa:
2583 1831 2703 1896 fuit,
2736 1833 2881 1902 quod
2929 1848 3013 1886 me
3049 1833 3117 1886 ita
3166 1830 3495 1886 deseruisui?

1922 1926 2309 1994 propemodum
2365 1927 2619 1980 commoti
2689 1925 2905 1979 fuerunt
2946 1941 3166 1993 gressus
3235 1924 3362 1978 mei.
3416 1923 3495 1975 Ad

1925 2018 2037 2072 lucc
2073 2019 2145 2072 ita
2179 2018 2417 2072 suaviter
2454 2028 2679 2073 sanctus
2714 2036 2729 2073 :
2762 2018 2971 2073 Etenim
2992 2032 3101 2084 quo
3131 2026 3287 2085 pacto
3333 2030 3500 2083 appa-

1921 2121 2035 2166 reat
2068 2120 2161 2164 aut
2190 2110 2505 2164 nominetur
2537 2111 2734 2177 aliquis
2766 2124 3062 2179 generosus
3105 2108 3280 2172 miles,
3312 2106 3416 2161 nisi
3443 2114 3498 2158 ct

1924 2203 2455 2267 hostibusinsidiari,
2480 2213 2531 2257 et
2562 2204 2775 2257 eosdem
2810 2202 3125 2271 propulsare
3154 2216 3219 2254 ac
3251 2200 3495 2261 vincere,

1922 2311 2087 2365 seque
2124 2298 2337 2349 domum
2365 2296 2499 2349 bello
2522 2297 2750 2364 probare
2794 2294 3036 2348 noverit?
3066 2292 3186 2359 Quo
3212 2300 3369 2361 pacto
3398 2305 3495 2344 ex-

1922 2386 2187 2455 ploratqu
2225 2386 2439 2440 habebit
2494 2387 2858 2450 adversarius,
2897 2392 3101 2455 quanta
3150 2383 3357 2453 polleas
3380 2382 3495 2433 vir-

1923 2486 2057 2544 tute,
2114 2479 2215 2533 nisi
2272 2488 2449 2532 tecum
2500 2479 2659 2532 fuerit
2685 2477 3047 2549 congressus?
3102 2476 3221 2542 Quo
3265 2476 3498 2543 denique

1923 2579 2081 2640 pacto
2139 2572 2438 2625 mercedem
2504 2572 2747 2624 obtinere
2796 2570 3017 2639 poteris,
3071 2570 3117 2622 si
3167 2568 3495 2622 tentationes

1927 2679 2029 2717 non
2088 2663 2433 2724 sustinueris,
2489 2679 2590 2717 nec
2661 2662 2888 2717 insidias
2946 2663 3253 2715 daemonum
3304 2675 3496 2728 exper-

1926 2768 2012 2810 tus
2041 2756 2248 2809 lueris?
2279 2754 2554 2824 Quotquot
2593 2755 2644 2807 in
2676 2753 2877 2807 mundo
2901 2754 3105 2817 vivunt,
3128 2752 3255 2805 dum
3284 2759 3497 2817 tempus

1926 2850 2126 2918 patitur
2181 2857 2410 2910 certant,
2474 2847 2780 2915 aﬂliguntur
2805 2885 2819 2910 ,
2877 2855 3178 2907 tentantur,
3217 2851 3275 2898 ut
3315 2844 3360 2898 si
3397 2842 3495 2894 ho-

1926 2944 2113 2998 dierna
2160 2945 2465 2998 crastinave
2504 2941 2624 2995 luce
2661 2940 2973 2993 humanitus
3038 2936 3293 3006 quiddam
3355 2932 3495 2986 forte

1927 3036 2206 3099 acciderit,
2270 3035 2526 3089 conclusa
2602 3048 2786 3087 secum
2836 3033 2973 3085 bona
3004 3044 3164 3099 opera
3185 3034 3492 3097 evportent,

1928 3146 1993 3184 ne
2012 3128 2143 3183 nihil
2172 3126 2446 3181 inveniant
2480 3126 2531 3178 in
2567 3124 2846 3178 tremendo
2872 3123 3065 3192 judicii
3108 3122 3215 3175 die.
3251 3118 3491 3185 Quicun-

1924 3235 2030 3290 que
2057 3229 2238 3273 autem
2282 3217 2507 3279 mortui,
2534 3216 2684 3279 cocci,
2740 3214 2973 3275 inutiles,
2997 3212 3233 3266 tenebris
3264 3208 3489 3263 involuti

1925 3323 2052 3368 sunt
2095 3311 2270 3382 quoad
2298 3311 2568 3364 hominem
2633 3309 2924 3371 internum,
2949 3307 3021 3361 illi
3058 3305 3294 3359 suaviter
3342 3317 3491 3357 som-

1924 3422 2051 3459 num
2094 3406 2331 3474 capiuut,
2390 3401 2598 3455 deliciis
2649 3401 2699 3453 in
2747 3401 2868 3454 cibo
2910 3410 3144 3467 potuque
3208 3395 3487 3457 fruuntur,

1922 3506 2199 3551 sectantur
2221 3495 2387 3548 otium
2420 3508 2433 3549 :
2472 3490 2839 3559 impudicitire,
2872 3490 3041 3557 gula},
3064 3486 3340 3549 comediis,
3369 3500 3489 3538 mu-

1923 3588 2049 3643 sica:
2073 3601 2290 3654 operam
2330 3583 2497 3646 dant;
2528 3582 2791 3635 desideria
2828 3581 3007 3635 carnis
3039 3587 3284 3648 prompte
3333 3591 3490 3631 exse-

1922 3689 2183 3747 quuntur,
2242 3677 2587 3727 immemores
2638 3670 2748 3735 Dei,
2802 3672 3014 3739 judicii,
3082 3666 3490 3727 retributionis,

1923 3771 2069 3837 regni
2123 3769 2404 3824 caelorum.
2440 3767 2503 3820 lli
2550 3773 2698 3828 sunt,
2741 3764 2832 3833 qui
2882 3762 3098 3815 diabolo
3128 3760 3490 3817 adhmrentes,

1923 3864 2123 3931 ubique
2164 3860 2421 3915 voluntati
2488 3860 2606 3927 ejus
2660 3857 3075 3925 obsequuntur:
3113 3853 3200 3905 ille
3246 3866 3374 3904 vero
3440 3849 3491 3901 id

1922 3955 2088 4023 probe
2138 3968 2491 4022 cognoscens,
2528 3951 2766 4005 vicissim
2805 3950 2986 4001 l'avore
3022 3960 3123 3999 suo
3163 3958 3301 3997 vano
3325 3951 3491 4008 atque

1923 4043 2069 4097 inani
2103 4042 2243 4101 illos.
2277 4052 2528 4110 tauquam
2576 4039 2778 4093 amicos
2806 4036 3141 4102 famulosque
3175 4047 3326 4095 suos,
3356 4044 3492 4099 prm-

1920 4133 2067 4185 venit
2107 4132 2159 4185 in
2184 4133 2284 4184 hoc
2326 4131 2546 4183 mundo.
2585 4127 2780 4181 Verum
2814 4142 2911 4189 vae,
2942 4125 3056 4178 ναιί
3100 4130 3316 4191 propter
3346 4119 3491 4172 cala-

1924 4224 2191 4283 mitatem,
2226 4236 2345 4289 qua:
2378 4222 2605 4273 miseros
2642 4217 2758 4271 illos
2784 4224 2986 4269 manet.

1992 4315 2114 4368 148.
2166 4314 2245 4365 Tu
2291 4314 2473 4380 itaque
2523 4320 2695 4363 macte
2725 4310 2928 4371 animo,
2962 4306 3064 4369 tili;
3123 4302 3396 4365 violentia,
3430 4300 3493 4355 de

243 4412 379 4480 ημῖν
415 4410 763 4478 γενήσονται,
792 4407 888 4460 ἐὰν
926 4407 1308 4477 ὑπομένωμενο
1342 4408 1435 4460 καὶ
1460 4406 1534 4470 ὡς
1573 4408 1817 4473 ἀναγκά-

1924 4424 2026 4478 qua
2056 4408 2309 4476 loqueris,
2333 4405 2572 4474 jucunda
2598 4404 2753 4457 nobis
2786 4403 2911 4467 erit,
2946 4400 2989 4455 si
3029 4400 3291 4469 patienter
3326 4396 3493 4449 Sthli-

242 4504 405 4565 ζεσαι
434 4505 515 4563 είς
542 4502 643 4569 τὴν
682 4500 896 4569 κίνησιν
926 4500 1020 4551 καὶ
1064 4498 1311 4570 πύρωσιν
1340 4498 1439 4565 τῆς
1470 4500 1692 4567 σαρκὸς,
1732 4498 1822 4550 καὶ

240 4598 319 4667 τῷ
338 4596 563 4664 πονηρῷ
578 4594 985 4660 ἀντιτάσσεσαι,
1008 4594 1102 4646 καὶ
1123 4594 1384 4660 γενναίως
1410 4592 1616 4663 φέρεις,
1634 4592 1821 4645 τοσοῦ-

236 4690 323 4742 τοί
352 4704 435 4739 σοι
464 4685 757 4739 πλέκονται
789 4686 1062 4752 στέφανοι,
1111 4684 1204 4737 καὶ
1233 4686 1260 4735 6
1289 4682 1476 4753 μισθός
1523 4700 1614 4735 σου
1645 4681 1820 4748 αὔξει.

242 4783 335 4842 Μὴ
358 4778 453 4833 οὖν
478 4778 763 4847 ὀλιγώρει,
808 4778 1021 4840 τέκνον,
1056 4776 1191 4845 πρὸς
1226 4775 1425 4838 ταῦτα,
1462 4775 1597 4828 ἀλλὰ
1624 4776 1822 4844 καρτέ⁴

246 4892 351 4947 ρει,
391 4874 481 4926 ἵνα
512 4872 639 4942 ἔχῃς
674 4870 869 4939 μισθὸν
894 4870 990 4922 καὶ
1018 4870 1150 4940 γένῃ
1180 4868 1513 4938 κληρονόμος
1545 4868 1643 4938 τῆς
1670 4867 1823 4936 βασι-

241 4969 396 5029 λείας
421 4965 530 5018 τῶν
558 4965 827 5031 οὐρανῶν.
859 4965 1126 5034 Σήμερον,
1164 4961 1355 5031 αὔριον
1385 4963 1413 5014 6
1438 4962 1637 5030 κόσμος
1668 4954 1823 5023 οὗτος

243 5058 593 5128 παρέρχεται
616 5056 748 5107 ὡσεὶ
778 5056 1028 5110 ἐνύπνιον
1052 5054 1487 5126 ὲξεγειρομένου,
1518 5052 1593 5115 ὡς
1618 5054 1821 5113 καπνὶς

241 5150 594 5221 ἀφανίζεται,
643 5151 736 5202 καὶ
793 5151 971 5204 πάντα
1041 5151 1441 5219 παρέρχονται,
1502 5147 1596 5200 καὶ
1663 5146 1823 5216 μόνον

242 5242 607 5312 πλανώμεθα,
639 5242 918 5311 ὑπομονὴν
950 5243 1008 5295 έν
1037 5244 1151 5303 τοῖς
1180 5241 1507 5310 πειρασμοῖς
1542 5237 1660 5309 μηδ’
1687 5239 1822 5301 ὅλως

241 5338 486 5407 ἔχοντες.
535 5334 789 5399 Ακούεις,
808 5334 918 5387 ὅτι(
950 5334 1212 5387 ῐίολλαὶαί
1232 5333 1439 5401 θλίψεις
1458 5333 1565 5384 τῶν
1578 5332 1818 5397 δικαίων,

243 5432 341 5484 καὶ
376 5432 443 5482 ἐκ
471 5428 659 5482 πασῶν
698 5428 878 5481 αὐτῶν
911 5428 1131 5499 ῥύσεται
1157 5427 1397 5489 αὐτοὺςό
1434 5424 1656 5495 Κύριος.
1692 5443 1710 5476 ι
1748 5425 1821 5476 Οὐ

244 5522 489 5591 συνεχῶς
516 5520 761 5589 eamea,
805 5540 823 5573 ο
868 5520 1093 5590 Θλίψεις
1122 5522 1214 5574 καὶ
1247 5518 1431 5574 ὀδύναι
1461 5518 1690 5589 εὗροσάν
1730 5534 1818 5587 με,

316 5700 431 5767 (3'))
459 5698 556 5754 Ms.
589 5699 757 5756 Valic.
801 5699 907 5752 ἰδοὺ
947 5700 1140 5772 βιάσας
1180 5718 1245 5772 με
1285 5704 1311 5754 6
1344 5701 1575 5773 πονηρὸς
1614 5700 1823 5772 δαίμων

248 5775 620 5841 προσήγαγεν.

1928 4500 2242 4563 nuerimus;
2281 4513 2403 4551 cum
2440 4511 2567 4551 vero
2594 4496 2658 4549 ad
2694 4509 2885 4563 pravas
2911 4494 3176 4544 motiones
3204 4486 3493 4556 impelleris

1926 4592 2229 4663 paterisque
2254 4590 2504 4645 stimulos
2541 4588 2743 4648 carnis,
2780 4586 2824 4639 si
2845 4586 3109 4639 restitrris
3143 4582 3352 4635 fortiter
3388 4580 3493 4632 ini-

1924 4686 2063 4739 tnico
2094 4700 2157 4737 ac
2194 4696 2455 4751 generose
2489 4680 2802 4734 toleraveris
2846 4677 3101 4739 insultus,
3148 4673 3365 4728 totidem
3400 4671 3491 4725 tibi

1924 4777 2232 4844 plectuntur
2279 4787 2514 4835 coronm,
2576 4780 2628 4825 et
2661 4768 2894 4823 mercedi
2924 4777 3029 4821 tuan
3057 4765 3306 4819 cumulus
3336 4780 3491 4817 acce-

1923 4870 2011 4920 det
2061 4866 2377 4919 immensus.
2413 4863 2528 4916 Noli
2560 4864 2743 4933 igitur,
2773 4876 2894 4915 cum
2946 4860 3145 4913 talibus
3194 4856 3492 4927 impeteris,

1923 4958 2162 5021 oscitari,
2217 4958 2312 5011 sed
2380 4955 2559 5025 perfer
2600 4953 2945 5023 longanimis,
3002 4961 3058 5005 ut
3118 4951 3349 5019 reposita
3398 4948 3493 5003 ιιυι

1924 5053 2140 5119 prtentia
2172 5050 2524 5118 consequaris
2544 5046 2854 5116 aliquando,
2883 5046 3054 5098 haeres
3074 5043 3224 5111 regni
3251 5041 3492 5095 caelestis

1923 5144 2117 5196 factus.
2186 5141 2376 5194 Serius
2413 5141 2567 5194 ocius
2602 5138 2795 5192 transit
2832 5138 2915 5190 hic
2952 5135 3208 5199 mundus,
3244 5144 3300 5187 ut
3345 5147 3491 5187 som-

1924 5236 2074 5288 nium
2108 5231 2552 5302 expergiscentis,
2580 5229 2857 5283 evanescit
2885 5229 2961 5282 uti
2990 5226 3195 5291 fumus,
3219 5236 3269 5280 et
3298 5235 3491 5280 cuncta

1924 5342 2039 5395 quae
2082 5335 2231 5387 sunt,
2292 5332 2617 5393 praetereunt
2655 5341 2668 5377 :
2707 5338 2804 5377 nos
2860 5331 3035 5375 autem
3074 5336 3179 5375 una
3223 5319 3395 5373 solum
3436 5334 3493 5370 re

1923 5420 2240 5488 dicipimur,
2296 5434 2417 5471 cum
2470 5414 2521 5470 in
2586 5417 2975 5473 tcntationibus
3026 5427 3188 5486 atque
3250 5414 3494 5469 adversis

1925 5513 2233 5583 patientiam
2265 5511 2570 5581 abjicimus.
2620 5511 2883 5566 Audivisti
2913 5526 3053 5581 saepe
3087 5508 3229 5565 istud
3268 5506 3492 5572 Psalnti,

1995 5699 2104 5767 (60)
2137 5697 2234 5751 Ms.
2262 5697 2426 5750 Vatic.
2451 5696 2669 5763 γνώσει,
2697 5695 2789 5749 ἐὰν
2814 5695 2885 5764 μή
2911 5710 2970 5747 σε
2999 5691 3083 5764 ιδῃ
3117 5691 3490 5764 συμϐάλλοντα

1929 5770 2160 5839 πόλεμον
2203 5774 2333 5839 μετὰ
2374 5768 2465 5822 τοὺ
2493 5767 2757 5821 διαὸὀλου.
