4202 6434
690 362 795 422 795

1756 360 2181 420 NllIEl‘llORl
2230 357 2707 418 PRESBYTERI
2745 360 2853 419 ΟΡ.

3868 363 3979 425 7υοῖ

695 496 713 529 ο
760 477 937 529 Multa:
996 475 1374 527 tribulatioues
1432 472 1745 541 iustorum,
1807 480 1861 525 et
1912 487 1976 525 ex
2026 471 2281 525 omnibus

2413 470 2481 521 ιαὶ
2512 470 2568 522 αἱ
2602 470 2815 524 ἐντολαὶ
2847 486 2941 523 σου
2983 471 3179 542 μελέτη
3217 473 3317 542 μου
3343 473 3480 525 εἰσιν
3506 490 3519 536 ;
3550 492 3564 521 ι
3606 472 3717 524 Οῦκ
3745 472 3859 543 ἴδῃς
3891 474 3980 527 ὅτι

687 569 889 635 eripuit
923 581 1017 621 eos
1059 564 1412 620 Dominus“.
1452 584 1470 616 ι
1500 563 1694 619 Nonne
1728 564 1917 633 psaltis
1944 565 2272 619 identidem:

694 675 713 706 ¢
745 655 1053 709 Tribulatio
1078 665 1130 708 et
1164 655 1430 725 angustia:
1461 654 1787 709 invenerunt
1843 670 1952 715 me,
2008 655 2063 707 iu
2122 669 2278 707 man-

692 750 833 804 datis
894 752 1000 804 tuis
1058 750 1361 803 meditabor
1393 749 1479 802 "?
1516 768 1535 801 ο
1567 748 1757 802 Nonne
1780 748 1888 803 scis
1924 748 2217 801 luctatores
2251 761 2280 799 a

691 845 805 898 Deo
852 843 1182 895 cooStitutos
1244 856 1343 895 nos
1402 856 1524 895 esse
1579 842 1631 894 in
1681 840 1874 895 diebus
1934 840 2172 904 nostris,
2226 849 2286 893 ut.

692 937 785 988 ilio
846 944 1119 1002 noctuque
1174 933 1477 1002 vigilantes,
1524 932 1768 1000 praelium
1824 946 1946 985 cum
2000 930 2287 984 daemoniis

692 1023 1142 1080 committamus?
1174 1023 1405 1079 Oremus
1430 1024 1594 1094 igitur
1617 1032 2000 1093 certemusque
2020 1032 2286 1093 praecepta

699 1116 911 1167 Domini
960 1114 1291 1182 adimplere;
1326 1130 1503 1183 neque
1547 1114 1975 1169 erubescendum
2013 1113 2108 1167 tibi
2167 1123 2294 1178 est,

700 1210 770 1260 lili
832 1209 926 1272 mi,
964 1210 1110 1276 quod
1164 1218 1215 1261 te
1248 1208 1532 1277 impugnat
1594 1209 1861 1271 diabolus,
1914 1209 2006 1263 sed
2053 1208 2293 1277 gauden-

699 1301 827 1351 dum
869 1298 1050 1368 potius
1084 1310 1138 1353 et
1182 1300 1592 1364 exsultantium,
1634 1308 1825 1371 utpote
1872 1302 2040 1369 probe
2091 1299 2286 1354 scienti

702 1402 810 1440 non
846 1403 1005 1454 posse
1061 1404 1161 1443 nos
1201 1401 1411 1459 gratum
1470 1390 1580 1444 Deo
1616 1407 1807 1460 panem
1853 1392 1987 1456 lteri,
2040 1392 2148 1445 nisi
2199 1406 2294 1458 per

702 1482 1055 1531 ti-ntationem
1089 1480 1227 1534 belle
1256 1484 1514 1537 subactos
1566 1494 1730 1551 atque
1764 1491 1950 1536 coctos
1980 1499 1995 1536 :
2032 1483 2295 1551 patientia

703 1571 848 1622 enim
876 1572 1035 1626 notis
1080 1575 1383 1627 necessaria
1436 1582 1539 1639 est,
1571 1580 1629 1627 ut
1664 1572 2003 1626 voluntatem
2044 1571 2136 1625 Dei
2176 1587 2298 1641 per-

705 1662 973 1729 licieutes,
1038 1667 1546 1721 immarcescibilcm
1597 1666 1785 1736 gloria:
1831 1680 2092 1721 coronam
2139 1667 2296 1721 aufe-

2384 562 2695 625 πα).αιστάς
2726 564 2878 615 ἔθετο
2912 563 2939 614 6
2973 564 3106 627 θεὸς
3134 566 3232 629 τὰς
3254 566 3473 633 ἡμέρας
3520 565 3699 635 ἡμῶν,
3748 566 3832 617 ἵνα
3871 583 3984 618 πα-

2384 653 2628 721 λαίωμεν
2655 653 2795 719 μετά
2826 653 2934 704 τῶν
2957 653 3247 721 δαιμόνων,
3280 655 3363 706 ἵνα
3391 655 3448 706 ἐν
3474 656 3632 706 νυκτὶ
3666 654 3760 706 καὶ
3794 653 3985 725 ἡμέρᾳ

2385 746 2786 814 γρηγορῶμεν;
2815 746 3272 816 Πῳσευχὼμεθα,
3322 746 3725 815 ἀγωνιζώμεθα
3754 746 3987 815 πληρῶ-

2388 854 2479 891 σαι
2503 838 2595 889 τοῦ
2624 838 2759 890 Θεοῦ
2782 840 2847 891 τὰ
2876 840 3279 907 προστάγματα
3304 855 3315 866 ’
3345 841 3425 902 εις
3450 839 3610 893 τοῦτο
3644 839 3761 904 οὖν,
3788 840 3985 890 τέκνον

2389 946 2519 996 μου,
2561 930 2635 997 μὴ
2669 930 2896 999 ἐρυθρῐα
2920 932 3004 984 ὅτι
3035 930 3264 1001 πολεμεί
3296 948 3354 982 σε
3381 933 3409 982 6
3451 930 3699 991 διάϐολος
3722 947 3735 958 ·
3784 929 3983 997 χαίρω

2395 1022 2451 1074 δὲ
2491 1022 2691 1089 μᾶλλον
2730 1023 2823 1075 καὶ
2857 1022 3116 1091 ἀγάλλου,
3146 1023 3301 1086 εἰδὼς
3336 1025 3418 1077 ὅτι
3450 1023 3545 1075 ἐὰν
3575 1024 3649 1091 μὴ
3686 1022 3987 1091 regem“

2396 1114 2482 1166 διὰ
2515 1115 2621 1165 τῶν
2651 1116 2996 1184 πειρασμῶν,
3022 1116 3141 1185 Θεῷ
3170 1116 3430 1185 ἡδύτατος
3452 1117 3616 1185 ἄρτος
3639 1116 3896 1183 γενέσθαι
3923 1114 3987 1165 οῦ

2398 1204 2679 1272 δυνάμεθα
2701 1223 2714 1234 ·
2756 1205 3033 1275 ὑπομονῆς
3064 1205 3174 1276 γὰρ
3206 1206 3407 1276 ἔχομεν
3436 1206 3625 1275 χρείαν
3678 1205 3787 1276 [ἵνα
3810 1204 3871 1256 τὸ
3900 1205 3991 1255 θέο

2399 1296 2551 1366 λη’μα
2585 1298 2675 1349 τοῦ
2712 1298 2849 1349 Θεοῦ
2897 1302 3247 1368 ποιήσαντες,
3303 1298 3662 1369 κομισώμεθα
3702 1299 3793 1351 τὸν
3842 1298 3994 1367 ἀμαυ

2400 1392 2650 1460 ράντινον
2699 1394 2797 1460 τῆς
2851 1393 3011 1461 δόξης
3056 1392 3370 1465 στέφανον].
3426 1394 3614 1446 Ταῦτα
3665 1392 3907 1463 εἰρηκὼς
3965 1393 3996 1445 6

2398 1485 2547 1544 ὅσιος
2618 1483 2758 1553 πρὸς
2824 1484 2917 1538 τὸν
2997 1486 3360 1553 Ἐπιφάνιον,
3437 1488 3845 1557 εὐχαριστήσας
3915 1485 3997 1555 τῷ

2402 1576 2593 1645 Κυρίῳ
2651 1578 2747 1628 καὶ
2800 1576 2880 1645 τῷ
2919 1576 3087 1646 ὁσίῳ,
3149 1578 3231 1640 εἰς
3299 1578 3399 1647 τὴν
3462 1578 3581 1631 ὁδὸν
3638 1576 3802 1629 αὐτοῦ
3860 1577 3997 1629 ἀνεο

2404 1669 2673 1740 χώρησεν.

707 1773 912 1813 iamus.
965 1759 1113 1812 Talia
1178 1761 1265 1816 ubi
1322 1760 1657 1830 Epiphanius
1698 1776 1727 1814 a
1778 1770 1969 1815 sancto
2029 1758 2175 1813 dicta
2229 1772 2543 1829 exceperat,
2610 1766 2801 1834 gratiis
2873 1763 2980 1820 Deo
3043 1765 3258 1835 ipsique
3305 1766 3622 1835 persolutis,
3657 1769 3799 1821 viam
3838 1780 3997 1819 suam

712 1856 921 1922 relegit.

786 1948 908 2001 “9.
937 1947 1164 2017 Jamque
1196 1948 1412 2003 domum
1441 1965 1594 2004 suam
1625 1951 1903 2020 ingressus
1938 1950 2135 2017 fuerat,
2168 1966 2292 2007 cum

2474 1947 2625 2018 ρμθ’.
2670 1948 2759 2011 Ὠς
2792 1948 2849 2001 δὲ
2884 1948 3033 2001 ἔνδον
3065 1947 3233 2001 αὑτοῦ
3265 1948 3503 2016 ἐγένετο,
3540 1948 3648 2001 ἰδού
3685 1967 3770 2011 τις
3816 1951 3999 2003 νεανί-

708 2054 833 2096 rccc
864 2041 957 2093 tibi
992 2040 1309 2095 adolescens
1370 2042 1567 2111 aliquis
1607 2058 1835 2111 propere
1873 2058 2199 2109 accurrens,
2230 2045 2302 2097 ita

713 2132 891 2200 ipsum
926 2134 1223 2201 alloquitur
1254 2152 1267 2188 :
1303 2133 1531 2189 Domine
1583 2136 1652 2187 mi
1705 2136 1968 2205 Epipliani
2000 2176 2013 2201 ,
2068 2136 2305 2205 perdile-

718 2234 842 2277 ctus
899 2225 993 2278 tibi
1055 2225 1293 2292 ltapliael
1332 2227 1383 2280 in
1439 2228 1815 2297 aegritudinem
1856 2229 2064 2291 incidit,
2118 2227 2305 2297 iubet-

714 2331 821 2384 que
867 2318 1167 2371 renuntiari
1208 2319 1321 2381 tibi,
1357 2330 1415 2374 ut
1442 2335 1498 2375 se
1556 2322 1761 2375 invisas
1794 2338 1807 2375 :
1841 2336 2069 2390 propera
2120 2323 2304 2391 igitur,

716 2411 841 2478 quia
881 2412 954 2462 uti
989 2412 1119 2463 milii
1154 2413 1480 2481 persuadeo,
1507 2417 1853 2483 superstitem
1884 2417 1971 2469 vix
1994 2426 2308 2483 reperturus

716 2518 795 2555 es.
824 2503 1019 2556 Audito
1046 2505 1261 2568 nuntio,
1297 2505 1585 2559 confestim
1621 2506 1875 2574 perfusus
1907 2508 2185 2578 lacrymis,
2219 2523 2307 2561 ro-

717 2595 900 2646 mitcm
933 2610 991 2649 se
1040 2596 1314 2649 nuntianti
1348 2596 1617 2663 adiumit,
1658 2599 1992 2667 domumque
2042 2600 2309 2652 ainiciin-

721 2702 967 2756 gressus,
1020 2704 1186 2756 prope
1259 2689 1457 2743 lectum
1505 2689 2193 2745 consedit.Animadrcrso
2215 2707 2313 2745 au-

719 2788 850 2839 tem,
884 2782 1130 2848 proxime
1186 2781 1363 2849 ipsum
1392 2798 1421 2855 a
1474 2792 1647 2835 morte
1672 2784 1863 2837 abesse
1891 2821 1907 2846 ,
1945 2783 2171 2843 amoris.
2205 2797 2313 2851 quo

719 2874 959 2926 sodalem
1012 2889 1173 2929 suum
1231 2877 1683 2944 prosequebatur,
1736 2877 1921 2944 iaculo
1945 2877 2188 2937 saucius,
2221 2878 2313 2930 diu

720 2966 1066 3035 multumque
1086 2966 1504 3021 decumbentem
1536 2968 1869 3021 lamentatus
1890 2977 1997 3032 est,
2051 2968 2313 3037 quoniam

724 3055 981 3121 diligebat
1036 3056 1292 3111 multum.
1358 3055 1457 3110 Ubi
1513 3073 1638 3110 vero
1677 3058 1956 3125 paululum
2012 3072 2073 3111 se
2106 3058 2316 3112 remisit

724 3147 1019 3215 Epiphauii
1053 3148 1231 3213 dolor,
1290 3151 1453 3218 ccepit
1485 3165 1627 3219 aeger
1664 3150 1903 3202 animam
1955 3164 2115 3217 agere
2153 3161 2319 3218 atquo

726 3239 936 3303 eiulare
966 3248 1071 3291 tam
1104 3240 1433 3294 horrendum
1456 3242 1508 3293 in
1538 3240 1780 3305 modum,
1822 3253 1878 3294 ut
1912 3241 2105 3309 ingens
2128 3244 2314 3294 dome-

724 3334 894 3385 sticos
916 3346 1127 3393 omnes,
1163 3346 1267 3384 non
1296 3330 1459 3385 modo
1492 3330 1874 3400 Epipliauium,
1912 3341 2086 3384 terror
2145 3346 2313 3385 occu-

728 3433 899 3491 pari-t.
930 3425 1303 3492 [interrogante
1339 3435 1519 3477 autem
1578 3425 1699 3489 hoc,
1736 3439 1834 3479 cur
1891 3434 2178 3492 tantopere
2205 3434 2321 3477 tur-

729 3516 987 3581 baretur;
1024 3519 1300 3585 respirans
1325 3518 1726 3586 aliquantulum
1758 3530 1920 3585 atque
1967 3520 2189 3573 intuens
2230 3520 2316 3573 iu-

732 3618 1097 3677 terrogautem
1128 3626 1140 3662 :
1170 3608 1279 3671 lleu
1311 3611 1427 3664 me!
1466 3610 1660 3679 inquit,
1682 3610 2073 3677 iucundissime
2113 3609 2321 3675 amice,

733 3712 927 3754 cuncta
972 3717 1134 3770 opera
1178 3717 1292 3753 mea
1324 3704 1463 3755 b0ua
1497 3703 1769 3755 dat-moues
1796 3704 2158 3771 diripuerunt.
2184 3700 2318 3755 Nam

739 3810 860 3847 cum
886 3793 1022 3847 Μ»τί
1058 3805 1359 3862 prostratus
1386 3795 1655 3863 iacebam,
1680 3796 1783 3848 vidi
1816 3804 1929 3848 tum
1983 3798 2205 3866 angelos
2232 3796 2321 3850 [lci

740 3886 934 3948 bonos,
989 3897 1103 3940 tum
1163 3889 1337 3941 malos
1398 3886 1620 3953 inferni,
1675 3891 1857 3941 omnia
1911 3904 2005 3942 seu
2045 3898 2193 3942 recte
2227 3904 2320 3942 seu

734 3995 1012 4048 perperam
1039 3996 1067 4033 a
1089 3996 1173 4034 me
1197 3990 1344 4047 gesta
1371 3980 1581 4035 biianee
1607 3981 1933 4050 appendere,
1960 3982 2165 4050 iniquis
2184 3996 2321 4048 ope-

734 4074 885 4127 ribus
910 4074 1316 4127 subsidentibus
1347 4084 1398 4127 et
1429 4074 1687 4128 leviorem
1727 4082 1873 4128 recte
1896 4074 2166 4127 laetorum
2208 4074 2325 4127 lan-

735 4182 853 4221 cem
884 4167 936 4220 in
976 4168 1145 4220 altum
1179 4166 1587 4222 extollentibus.
1616 4167 1792 4235 Atque
1833 4167 1957 4222 hinc
1991 4167 2043 4222 in
2078 4168 2323 4221 animum

735 4276 903 4330 cogor
926 4259 1207 4323 inducere,
1230 4259 1431 4311 millam
1463 4258 1515 4311 in
1535 4260 1740 4313 sanctis
1764 4259 2039 4327 iustorum
2076 4260 2322 4312 taberna-

736 4353 873 4405 culis
906 4351 1035 4403 milii
1073 4352 1255 4405 sedem
1288 4365 1501 4411 vacare,
1536 4351 1751 4403 abituro
1781 4352 1832 4403 iu
1893 4351 2142 4406 ﬂammas
2174 4362 2325 4407 exte—

739 4445 931 4497 riores.
974 4442 1091 4495 Vidi
1152 4443 1377 4506 etenim,
1413 4443 1521 4495 vidi
1587 4443 1807 4510 angelos
1854 4455 2076 4502 sanctos
2134 4456 2329 4501 tumsto

741 4536 1015 4604 nobilique
1078 4536 1231 4587 vultu
1287 4535 1413 4588 hinc
1442 4534 1714 4596 recedere,
1761 4536 1975 4589 dicente
2009 4538 2140 4591 milii
2186 4538 2328 4592 inter

738 4626 1103 4683 recedendum
1163 4643 1271 4679 uno
1302 4643 1317 4682 :
1351 4624 1437 4679 Va:
1466 4625 1585 4687 tibi,
1619 4627 1784 4681 miser
1826 4628 2163 4687 adolescens,
2196 4628 2325 4697 quia

741 4721 870 4773 dato
905 4722 969 4773 ad
1017 4720 1306 4773 vivendum
1337 4720 1510 4788 spatio
1542 4718 1745 4773 abusus
1775 4734 1852 4772 es.
1892 4718 1992 4772 Ubi
2047 4719 2206 4773 linem
2241 4722 2325 4773 di-

738 4813 840 4867 etis
871 4812 988 4866 suis
1016 4814 1351 4880 imposuerat
1384 4827 1548 4880 :cgcr,
1571 4810 1799 4865 furentis
1819 4812 2106 4864 adversum
2141 4826 2198 4866 se
2215 4812 2325 4866 da:-

739 4905 916 4961 moois
975 4905 1230 4975 impetum
1263 4905 1453 4970 sensit,
1499 4906 1735 4958 animam
1772 4905 1943 4972 ipsius
1975 4905 2325 4961 vclicmenter

740 4999 1013 5053 turbantis
1085 5013 1146 5051 ac
1223 4998 1666 5063 consternaiitis;
1724 4997 2006 5065 iacuitque
2068 4999 2326 5067 deinceps

742 5090 1001 5143 wlticans
1033 5106 1095 5144 ac
1128 5090 1373 5145 lacerans
1394 5093 1623 5155 vultum,
1650 5098 1704 5144 et
1731 5090 2027 5145 iusolcutes
2058 5091 2323 5158 quosdam

738 5198 1021 5235 Sermones
1060 5181 1313 5237 cﬂuticns

816 5272 938 5326 150.
970 5272 1177 5326 Interea
1208 5272 1564 5342 Epiphanius,
1590 5287 1806 5327 summa
1847 5273 2330 5327 commiseratione

741 5367 939 5420 anima:
965 5366 1111 5420 illius
1147 5375 1342 5428 tactus,
1374 5366 1427 5420 in
1460 5374 1672 5420 secreto
1718 5365 1901 5420 cordis
1935 5364 2179 5419 conclavi
2202 5380 2326 5419 cum

887 5524 1033 5582 Psal.
1066 5540 1260 5591 xxxiii,
1294 5525 1385 5580 ΞΟ.
1460 5526 1504 5557 ’³
1534 5523 1680 5581 Psal.
1706 5538 1893 5590 cxvm,
1920 5524 2046 5579 “5.

819 5682 933 5753 (Gl)
958 5683 1016 5737 lu
1042 5700 1144 5740 ms.
1186 5682 1361 5738 Vatic.
1402 5683 1753 5740 vitiosissime
1774 5685 2042 5753 scriptura
2076 5690 2189 5736 erat
2222 5681 2330 5735 δέει

750 5754 988 5820 κληθείς.

821 5827 934 5897 (6:!)
997 5825 1131 5882 lliuc
1184 5826 1487 5900 incipiendo
1550 5843 1742 5900 magna
1778 5827 1971 5883 lacuna
2020 5837 2100 5883 cst
2133 5826 2184 5884 in
2224 5841 2329 5881 uis.

2410 2058 2538 2107 σκος
2565 2042 2872 2112 προσῆλθεν
2906 2042 3055 2112 αὐτῷ
3083 2043 3257 2109 λέγων
3283 2059 3297 2076 ·
3333 2042 3505 2111 Κύριέ
3540 2061 3641 2110 μου
3691 2043 4008 2110 Ἐπιφάνιε,

2408 2140 2436 2191 6
2489 2137 2777 2205 ἀγαπητός
2830 2153 2926 2189 σου
2966 2136 3217 2206 Ῥαφαὴλ
3257 2140 3315 2190 ἐν
3367 2138 3626 2207 ἀσθενείᾳ
3676 2142 4005 2207 περιέπεσε,

2410 2230 2505 2283 καὶ
2537 2229 2690 2299 δηλοί
2716 2245 2796 2280 σοι
2831 2228 2982 2291 ὅπως
3011 2230 3459 2299 ππραγενόμενος
3491 2232 3761 2303 ἐπισκέψῃ
3798 2234 3965 2285 αὐτόν
3993 2248 4007 2261 ’

2413 2322 2717 2375 σπούδασον
2744 2320 2858 2383 οὖν,
2884 2322 2989 2387 ὅτι,
3017 2321 3092 2383 ὡς
3114 2321 3277 2383 δοκῶ,
3307 2323 3493 2375 οὐκέτι
3517 2323 3688 2394 θεάσῃ
3715 2325 3901 2379 αὐτᾶν.
3946 2326 4006 2375 ὐ

2411 2415 2467 2467 δὲ
2492 2414 2732 2477 ἀκούσας
2756 2413 2950 2478 ταῦτα,
2975 2413 3177 2475 εὐθέως
3204 2414 3509 2482 σύνδακρυς
3536 2417 3773 2482 ἐγένετο,
3796 2419 3891 2469 καὶ
3926 2420 4009 2486 τῷ

2412 2504 2684 2575 δηλάτωρι
2718 2505 3193 2575 ἐπακολουθήσας,
3224 2506 3323 2558 σὺν
3358 2507 3509 2574 αὐτῷ
3555 2508 3828 2579 ἐπορεύθη
3858 2526 3873 2537 ·
3913 2514 4013 2564 καὶ

2414 2596 2587 2649 ἐλθὼν
2644 2596 2875 2666 πλησίον
2916 2597 3081 2649 αὑτοῦ
3137 2594 3431 2663 ἑκαθέσθη,
3482 2599 3579 2649 καὶ
3633 2598 3777 2663 ἔγνω
3842 2601 4014 2652 αὑτὸν

2418 2686 2742 2756 πλησιάζειν
2776 2688 2838 2739 τὸ
2861 2687 3037 2751 τέλος,
3070 2690 3166 2739 καὶ
3199 2688 3278 2757 τῷ
3321 2688 3467 2756 βέλει
3500 2690 3733 2758 τρωθεὶ;
3766 2692 3878 2757 (Gl)
3910 2692 4014 2757 ti;

2416 2778 2665 2847 ἀγάπης,
2698 2771 2767 2848 ἦς
2801 2778 2939 2843 πρὸς
2962 2778 3126 2829 αὐτὸν
3155 2779 3443 2847 ἐκέκτητο,
3493 2780 3587 2832 ἐπὶ
3620 2780 3824 2849 πολλὴν
3857 2780 4016 2850 ὤραν

2417 2871 2637 2943 ἐθρήνει
2691 2872 2877 2937 αὑτὸν,
2929 2872 3119 2941 ἐπειδὴ
3173 2871 3320 2924 πάνυ
3355 2873 3529 2940 ἐφίλει
3585 2874 3769 2925 αὐτόν.
3817 2874 3906 2935 Ὠς
3956 2875 4018 2928 δὲ

2422 2965 2620 3034 μικρὸν
2649 2964 2817 3033 ἀνέθη
2846 2963 2940 3017 τοῦ
2970 2964 3235 3033 ὀδυρμοῦ,
3270 2963 3474 3034 ἦρξατο
3505 2968 3714 3025 ἐκεῖνος
3747 2966 4009 3031 κείμενος

2422 3057 2608 3119 δεινῶς
2644 3058 2887 3126 ἀγωνιᾷν
2933 3058 3027 3108 καὶ
3082 3056 3471 3125 ὀλοφύρεσθαι,
3512 3057 3653 3109 ὥστε
3702 3058 4018 3125 φοϐηθῆναι

2419 3150 2480 3201 οὺ
2518 3149 2678 3217 μόνον
2708 3148 2801 3201 τὸν
2850 3147 3187 3216 Ἑπιφάνιον,
3235 3148 3371 3202 ἀλλὰ
3402 3150 3496 3202 καὶ
3525 3150 3652 3211 τοὺς
3686 3152 3744 3201 ἐν
3767 3152 3832 3217 τῇ
3861 3150 4019 3219 οἰκίᾳ

2423 3240 2591 3293 αὑτοῦ
2638 3240 3017 3308 διαφέρονταςι
3085 3240 3378 3309 Ἐπηρὼτα
3428 3241 3483 3292 δὲ
3524 3241 3686 3293 αὑτὸν
3713 3243 3741 3292 6
3784 3241 4025 3307 Ἐπιφά-

2422 3350 2554 3397 νιος,
2584 3335 2636 3385 τί
2664 3333 2875 3394 παθὼν,
2914 3333 3073 3387 τοῦτο
3122 3334 3478 3404 διεταράχθη.
3515 3336 3731 3404 Μικρὸν
3760 3334 3805 3386 δ’
3837 3336 3917 3386 ἐτι
3960 3340 4024 3387 ἐν

2423 3424 2606 3492 ἑαυτῷ
2652 3426 2967 3494 γενόμενος,
3027 3426 3121 3477 καὶ
3170 3426 3511 3494 θεασάμενος
3543 3432 3636 3479 τὸν
3698 3427 4021 3493 Ἐπιιράνιον

2423 3517 2529 3588 ἔφη
2555 3534 2567 3547 ·
2602 3518 2804 3586 Οῖμοιί
2844 3516 3149 3585 γλυκύτατέ
3194 3535 3296 3586 μου
3346 3518 3567 3587 ἀδελφὲ,
3616 3520 3702 3572 ὅτι
3743 3521 3921 3572 πάντα
3948 3528 4024 3573 τα

2424 3608 2564 3677 ἔργα
2596 3610 2663 3661 τὰ
2701 3608 3054 3677 πνευματικὰ
3102 3609 3471 3678 καθήρπασαν
3500 3610 3551 3661 οἱ
3585 3609 3839 3678 δαίμονες
3871 3628 3886 3642 ·
3920 3629 4024 3662 κα·-

2428 3701 2538 3764 θὼς
2588 3700 2696 3770 γὰρ
2734 3697 3198 3768 καταχθονίζομαι
3244 3701 3321 3767 τῷ
3378 3700 3601 3768 πυρεῖῷ
3658 3700 4021 3769 βαλλόμενος,

2434 3793 2753 3863 ἐθεασάμην
2780 3795 2905 3855 τοὺς
2935 3792 3206 3861 ἀγγέλους
3233 3791 3325 3845 τοῦ
3360 3792 3521 3855 Θεοῦ,
3568 3794 3663 3845 καὶ
3689 3796 3814 3858 τοῦς
3850 3812 4028 3864 ποιη-

2428 3889 2556 3957 ροὺς
2582 3886 2867 3956 δαίμονας,
2904 3886 3026 3939 καθ’
3056 3887 3139 3939 ὅτι
3173 3887 3618 3955 ἐζυγοστάτησαν
3648 3888 3716 3940 τὰ
3766 3889 3896 3955 ἐμοὶ
3924 3905 4025 3941 πε-

2430 3981 2726 4052 πραγμένα
2760 3980 2894 4050 (6'2),
2943 3982 3039 4033 καὶ
3072 3980 3516 4049 ὑπεργοκόντισαν
3558 3980 3665 4032 τῶν
3700 3981 3925 4048 ἀγαθῶν
3955 3984 4027 4034 τὰ

2429 4073 2637 4141 φαῦλα.
2674 4072 2784 4125 Καὶ
2816 4072 3125 4139 πέπεισμαι
3152 4072 3236 4124 ὅτι
3264 4072 3326 4123 οὐ
3369 4072 3444 4141 μὴ
3489 4072 3908 4139 κατασκηνώσει)
3942 4075 4026 4134 εἰς

2426 4166 2527 4228 τὰς
2566 4166 2843 4235 μακαρίας
2876 4164 3080 4233 σκηνὰς
3110 4163 3217 4215 τῶν
3254 4163 3502 4226 δικαίων,
3535 4163 3670 4215 ἀλλὰ
3717 4164 4029 4216 ἀπελεύσο-

2433 4276 2532 4328 μαι
2586 4261 2665 4320 εἰς
2724 4258 2784 4309 τὸ
2811 4256 2919 4329 πῦρ
2976 4257 3038 4309 τὸ
3094 4252 3566 4324 ἐξώτερονέῐδον
3616 4256 3721 4325 γὰρ
3773 4257 3885 4323 ἐγὼ
3940 4258 4029 4310 ὅτι

2430 4351 2770 4419 λυπηθέντες
2794 4351 2844 4402 οἱ
2876 4351 3023 4417 ἅγιοι
3050 4349 3274 4416 ἄγγελοι
3315 4349 3413 4401 ἀπ’
3459 4348 3593 4416 ἐμοῦ
3638 4348 4027 4417 ἀνεχώρησαν,

2436 4446 2494 4496 ἐν
2538 4445 2595 4496 δέ
2645 4442 2726 4512 τῷ
2776 4444 2976 4504 αὐτοὺς
3027 4442 3365 4512 ἐξέρχεσθαι,
3400 4437 3482 4504 εἷς
3527 4441 3587 4505 ἐξ
3613 4444 3794 4495 αὐτῶν
3830 4443 4028 4513 εἴρηκέ

2436 4554 2527 4607 μοι
2549 4554 2560 4565 ·
2594 4536 2729 4589 Οὐαί
2759 4552 2843 4587 σοι
2872 4536 2883 4587 !
2915 4534 3165 4598 ταπεινὲ,
3216 4536 3301 4587 ὅτι
3348 4534 3537 4596 κακῶς
3563 4536 3785 4603 ἐχρήσω
3817 4536 3893 4604 τῷ
3925 4536 4030 4605 βίῳ

2357 4671 2407 4729 D
2436 4648 2551 4683 σου.
2605 4629 2693 4691 Ὠς
2723 4626 2974 4680 δὲταῦτα
3000 4628 3214 4697 εἴρηκε,
3266 4628 3520 4697 ἐμμανὴς
3561 4629 3857 4697 γενόμενος
3897 4633 4028 4681 κατ’

2436 4726 2605 4779 αὐτοῦ
2636 4727 2664 4778 6
2688 4725 2958 4787 διάϐολος,
2990 4726 3318 4793 ἐνεποίησεν
3348 4724 3407 4773 ἐν
3430 4724 3545 4783 τοῖς
3572 4722 3827 4787 ὲγκάτοις
3855 4721 4027 4774 αὑτοῦ

2436 4816 2667 4887 θόρυϐον
2732 4816 2904 4869 πολὺν
2974 4816 3070 4867 καὶ
3132 4816 3373 4884 τάραχον

2433 4909 2626 4962 λωόὦν
2666 4910 2763 4962 καὶ
2800 4908 3275 4979 σπαραττόμενος,
3312 4908 3409 4961 καὶ
3430 4905 3655 4976 ἀπρεπῆ
3683 4920 3806 4955 τινα
3843 4904 4028 4975 ληρω-

2433 5002 2524 5054 δού
2532 5020 2716 5072 μενος.

3425 4829 3439 4844 ·
3481 4812 3576 4864 καὶ
3642 4807 3710 4880 ἦν
3768 4811 4030 4879 κείμενος

2513 5268 2611 5342 ρν’.
2661 5269 2720 5322 Ὀ
2759 5271 2815 5323 δὲ
2848 5270 3168 5339 Ἐπιφάνιος
3204 5269 3574 5340 συμπαθήσας
3604 5268 3746 5334 ἄγαν
3779 5271 3847 5338 τῇ
3876 5268 4024 5337 ψυχῇ

2436 5363 2627 5431 αὐτοῦ,
2681 5363 3068 5433 καθεζόμενος,
3122 5362 3289 5435 εὐχὴν
3347 5363 3486 5432 μετά
3529 5361 3787 5431 δακρᾶων
3839 5363 3899 5413 ἐν
3950 5360 4027 5429 τῷ

2431 5685 2695 5743 Mazarin.
2732 5701 2851 5754 quae
2899 5684 3217 5754 producitur
3249 5697 3423 5753 usque
3472 5681 3537 5737 ad
3572 5681 3687 5737 haec
3718 5682 3887 5735 verba
3923 5694 4023 5734 na-

2434 5758 2566 5813 uicri
2604 5758 2723 5823 ιδι,
2761 5757 3094 5822 Ἐπίσταμαι
3120 5757 3249 5829 γάρ.
