  <div class='ocr_page' id='page_1' title='image "/cluster/home/n/w/nwhite01/storage/ocr_20150623/111/nnc1.0046979743/402.png"; bbox 0 0 4202 6434; ppageno 0'>
   <div class='ocr_carea' id='block_1_1' title="bbox 215 431 318 490">
    <p class='ocr_par' dir='ltr' id='par_1_1' title="bbox 215 431 318 490">
     <span class='ocr_line' id='line_1_1' title="bbox 215 431 318 490; baseline 0.01 -1"><span class='ocrx_word' id='word_1_1' title='bbox 215 431 318 490; x_wconf 76' lang='grc' dir='ltr'><strong>79Ὶ</strong></span> 
     </span>
    </p>
   </div>
   <div class='ocr_carea' id='block_1_2' title="bbox 1396 429 2271 490">
    <p class='ocr_par' dir='ltr' id='par_1_2' title="bbox 1396 429 2271 490">
     <span class='ocr_line' id='line_1_2' title="bbox 1396 429 2271 490; baseline -0.007 -1"><span class='ocrx_word' id='word_1_2' title='bbox 1396 429 1569 489; x_wconf 67' lang='grc' dir='ltr'><strong>ῊΤᾹ</strong></span> <span class='ocrx_word' id='word_1_3' title='bbox 1617 431 1677 489; x_wconf 88' lang='lat' dir='ltr'><strong>S.</strong></span> <span class='ocrx_word' id='word_1_4' title='bbox 1721 429 2050 489; x_wconf 55' lang='lat' dir='ltr'><strong>ANDREAE</strong></span> <span class='ocrx_word' id='word_1_5' title='bbox 2086 430 2271 490; x_wconf 64' lang='lat' dir='ltr'><strong>SAL].</strong></span> 
     </span>
    </p>
   </div>
   <div class='ocr_carea' id='block_1_3' title="bbox 3361 425 3466 485">
    <p class='ocr_par' dir='ltr' id='par_1_3' title="bbox 3361 425 3466 485">
     <span class='ocr_line' id='line_1_3' title="bbox 3361 425 3466 485; baseline -0.01 -1"><span class='ocrx_word' id='word_1_6' title='bbox 3361 425 3466 485; x_wconf 68' lang='lat'><strong>793</strong></span> 
     </span>
    </p>
   </div>
   <div class='ocr_carea' id='block_1_4' title="bbox 222 539 1820 616">
    <p class='ocr_par' dir='ltr' id='par_1_4' title="bbox 222 539 1794 614">
     <span class='ocr_line' id='line_1_4' title="bbox 222 539 1794 614; baseline 0.002 -20"><span class='ocrx_word' id='word_1_7' title='bbox 222 540 465 611; x_wconf 76' lang='grc' dir='ltr'>κρυπτῷ</span> <span class='ocrx_word' id='word_1_8' title='bbox 489 539 705 611; x_wconf 79' lang='grc' dir='ltr'>ταμείῳ</span> <span class='ocrx_word' id='word_1_9' title='bbox 734 540 874 611; x_wconf 70' lang='grc' dir='ltr'>ὑπὲρ</span> <span class='ocrx_word' id='word_1_10' title='bbox 896 540 1065 594; x_wconf 79' lang='grc' dir='ltr'>αὐτοῦ</span> <span class='ocrx_word' id='word_1_11' title='bbox 1091 542 1165 608; x_wconf 84' lang='grc' dir='ltr'>τῷ</span> <span class='ocrx_word' id='word_1_12' title='bbox 1195 541 1387 611; x_wconf 83' lang='grc' dir='ltr'>Κυρίῳ</span> <span class='ocrx_word' id='word_1_13' title='bbox 1414 545 1794 614; x_wconf 79' lang='grc' dir='ltr'>προσφερόμε-</span> 
     </span>
    </p>
   </div>
   <div class='ocr_carea' id='block_1_5' title="bbox 1924 539 3470 616">
    <p class='ocr_par' dir='ltr' id='par_1_5' title="bbox 1924 539 3470 616">
     <span class='ocr_line' id='line_1_5' title="bbox 1924 539 3470 616; baseline -0.006 -18"><span class='ocrx_word' id='word_1_14' title='bbox 1924 546 2156 616; x_wconf 74' lang='lat' dir='ltr'><strong>:tcrymis</strong></span> <span class='ocrx_word' id='word_1_15' title='bbox 2181 543 2437 599; x_wconf 73' lang='lat' dir='ltr'><strong>offerebat</strong></span> <span class='ocrx_word' id='word_1_16' title='bbox 2479 556 2665 612; x_wconf 87' lang='lat' dir='ltr'><strong>preces</strong></span> <span class='ocrx_word' id='word_1_17' title='bbox 2687 554 2814 595; x_wconf 78' lang='lat' dir='ltr'><strong>tuas</strong></span> <span class='ocrx_word' id='word_1_18' title='bbox 2847 539 3101 602; x_wconf 88' lang='lat' dir='ltr'><strong>Domino,</strong></span> <span class='ocrx_word' id='word_1_19' title='bbox 3159 539 3470 605; x_wconf 66' lang='lat' dir='ltr'><strong>supplicans</strong></span> 
     </span>
    </p>
   </div>
   <div class='ocr_carea' id='block_1_6' title="bbox 218 630 1795 703">
    <p class='ocr_par' dir='ltr' id='par_1_6' title="bbox 218 630 1795 703">
     <span class='ocr_line' id='line_1_6' title="bbox 218 630 1795 703; baseline -0.001 -18"><span class='ocrx_word' id='word_1_20' title='bbox 218 649 334 694; x_wconf 83' lang='grc' dir='ltr'>νος,</span> <span class='ocrx_word' id='word_1_21' title='bbox 376 634 525 693; x_wconf 71' lang='grc' dir='ltr'>ὅπως</span> <span class='ocrx_word' id='word_1_22' title='bbox 566 631 669 684; x_wconf 69' lang='grc' dir='ltr'>κᾶν</span> <span class='ocrx_word' id='word_1_23' title='bbox 717 630 813 683; x_wconf 83' lang='grc' dir='ltr'><strong>τοῦ</strong></span> <span class='ocrx_word' id='word_1_24' title='bbox 869 632 1481 702; x_wconf 82' lang='grc' dir='ltr'>παραδειγματισθῆναι</span> <span class='ocrx_word' id='word_1_25' title='bbox 1533 634 1681 702; x_wconf 78' lang='grc' dir='ltr'>αὐτῷ</span> <span class='ocrx_word' id='word_1_26' title='bbox 1718 633 1795 703; x_wconf 84' lang='grc' dir='ltr'>μὴ</span> 
     </span>
    </p>
   </div>
   <div class='ocr_carea' id='block_1_7' title="bbox 221 724 1798 796">
    <p class='ocr_par' dir='ltr' id='par_1_7' title="bbox 221 724 1798 796">
     <span class='ocr_line' id='line_1_7' title="bbox 221 724 1798 796; baseline 0 -19"><span class='ocrx_word' id='word_1_27' title='bbox 221 726 454 792; x_wconf 78' lang='grc' dir='ltr'>γένηται</span> <span class='ocrx_word' id='word_1_28' title='bbox 484 724 689 792; x_wconf 75' lang='grc' dir='ltr'>ἔφοδος.</span> <span class='ocrx_word' id='word_1_29' title='bbox 733 726 792 777; x_wconf 91' lang='lat' dir='ltr'><strong>&#39;O</strong></span> <span class='ocrx_word' id='word_1_30' title='bbox 818 724 874 777; x_wconf 84' lang='grc' dir='ltr'>δὲ</span> <span class='ocrx_word' id='word_1_31' title='bbox 919 726 1164 789; x_wconf 82' lang='grc' dir='ltr'><strong>Σατανᾶς</strong></span> <span class='ocrx_word' id='word_1_32' title='bbox 1214 730 1351 794; x_wconf 86' lang='grc' dir='ltr'>μετὰ</span> <span class='ocrx_word' id='word_1_33' title='bbox 1393 727 1501 779; x_wconf 88' lang='grc' dir='ltr'><strong>τῶν</strong></span> <span class='ocrx_word' id='word_1_34' title='bbox 1529 727 1798 796; x_wconf 75' lang='grc' dir='ltr'><strong>δαιμόνων</strong></span> 
     </span>
    </p>
   </div>
   <div class='ocr_carea' id='block_1_8' title="bbox 222 812 1799 883">
    <p class='ocr_par' dir='ltr' id='par_1_8' title="bbox 222 812 1799 883">
     <span class='ocr_line' id='line_1_8' title="bbox 222 812 1799 883; baseline 0.002 -18"><span class='ocrx_word' id='word_1_35' title='bbox 222 812 394 865; x_wconf 76' lang='grc' dir='ltr'>αὑτοῦ</span> <span class='ocrx_word' id='word_1_36' title='bbox 457 815 638 865; x_wconf 79' lang='grc' dir='ltr'>ἐκεῖσε</span> <span class='ocrx_word' id='word_1_37' title='bbox 692 813 1042 881; x_wconf 70' lang='grc' dir='ltr'>ἐφεδρεύων,</span> <span class='ocrx_word' id='word_1_38' title='bbox 1091 816 1293 883; x_wconf 81' lang='grc' dir='ltr'><strong>συνῆκε</strong></span> <span class='ocrx_word' id='word_1_39' title='bbox 1336 815 1428 868; x_wconf 73' lang='grc' dir='ltr'>τὸν</span> <span class='ocrx_word' id='word_1_40' title='bbox 1482 816 1799 882; x_wconf 74' lang='grc' dir='ltr'>Ἐπιιράνιον</span> 
     </span>
    </p>
   </div>
   <div class='ocr_carea' id='block_1_9' title="bbox 220 901 1801 981">
    <p class='ocr_par' dir='ltr' id='par_1_9' title="bbox 220 901 1801 981">
     <span class='ocr_line' id='line_1_9' title="bbox 220 901 1801 981; baseline 0.003 -28"><span class='ocrx_word' id='word_1_41' title='bbox 220 901 664 981; x_wconf 69' lang='grc' dir='ltr'>προσευχόμενον</span> <span class='ocrx_word' id='word_1_42' title='bbox 686 918 701 932; x_wconf 91' lang='grc'><strong>·</strong></span> <span class='ocrx_word' id='word_1_43' title='bbox 736 902 934 971; x_wconf 86' lang='grc' dir='ltr'>θράσος</span> <span class='ocrx_word' id='word_1_44' title='bbox 962 903 1193 973; x_wconf 69' lang='grc' dir='ltr'>φοϐερὸν</span> <span class='ocrx_word' id='word_1_45' title='bbox 1234 906 1263 955; x_wconf 88' lang='lat'><strong>6</strong></span> <span class='ocrx_word' id='word_1_46' title='bbox 1296 907 1679 975; x_wconf 83' lang='grc' dir='ltr'>κακομήχανος</span> <span class='ocrx_word' id='word_1_47' title='bbox 1710 922 1801 958; x_wconf 90' lang='grc' dir='ltr'>κε-</span> 
     </span>
    </p>
   </div>
   <div class='ocr_carea' id='block_1_10' title="bbox 221 993 1800 1065">
    <p class='ocr_par' dir='ltr' id='par_1_10' title="bbox 221 993 1800 1065">
     <span class='ocr_line' id='line_1_10' title="bbox 221 993 1800 1065; baseline 0.002 -19"><span class='ocrx_word' id='word_1_48' title='bbox 221 1013 328 1062; x_wconf 69' lang='grc' dir='ltr'><strong>κτη</strong></span> <span class='ocrx_word' id='word_1_49' title='bbox 342 996 527 1064; x_wconf 82' lang='grc' dir='ltr'>μένος,</span> <span class='ocrx_word' id='word_1_50' title='bbox 554 993 641 1046; x_wconf 75' lang='grc' dir='ltr'>διὰ</span> <span class='ocrx_word' id='word_1_51' title='bbox 665 996 724 1047; x_wconf 81' lang='grc' dir='ltr'>τὸ</span> <span class='ocrx_word' id='word_1_52' title='bbox 754 995 854 1065; x_wconf 71' lang='grc' dir='ltr'>ἤδη</span> <span class='ocrx_word' id='word_1_53' title='bbox 881 997 970 1048; x_wconf 76' lang='grc' dir='ltr'><strong>τὸν</strong></span> <span class='ocrx_word' id='word_1_54' title='bbox 998 996 1325 1049; x_wconf 75' lang='grc' dir='ltr'><strong>ἀσθενοῦντα</strong></span> <span class='ocrx_word' id='word_1_55' title='bbox 1358 997 1607 1050; x_wconf 78' lang='grc' dir='ltr'><strong>ὑπαίτιον</strong></span> <span class='ocrx_word' id='word_1_56' title='bbox 1639 996 1800 1050; x_wconf 74' lang='grc' dir='ltr'>αὑτὸν</span> 
     </span>
    </p>
   </div>
   <div class='ocr_carea' id='block_1_11' title="bbox 222 1086 1803 1158">
    <p class='ocr_par' dir='ltr' id='par_1_11' title="bbox 222 1086 1803 1158">
     <span class='ocr_line' id='line_1_11' title="bbox 222 1086 1803 1158; baseline 0.003 -21"><span class='ocrx_word' id='word_1_57' title='bbox 222 1086 530 1154; x_wconf 57' lang='grc' dir='ltr'>πεξηνέναι</span> <span class='ocrx_word' id='word_1_58' title='bbox 562 1103 578 1118; x_wconf 76' lang='grc' dir='ltr'><strong><em>ο</em></strong></span> <span class='ocrx_word' id='word_1_59' title='bbox 632 1087 727 1139; x_wconf 75' lang='grc' dir='ltr'>καὶ</span> <span class='ocrx_word' id='word_1_60' title='bbox 782 1087 1149 1140; x_wconf 72' lang='grc' dir='ltr'>ἐϐουλεύσατο</span> <span class='ocrx_word' id='word_1_61' title='bbox 1206 1089 1649 1158; x_wconf 75' lang='grc' dir='ltr'><strong>κατακρημνίσαι</strong></span> <span class='ocrx_word' id='word_1_62' title='bbox 1712 1087 1803 1142; x_wconf 68' lang='grc' dir='ltr'><strong>τὸν</strong></span> 
     </span>
    </p>
   </div>
   <div class='ocr_carea' id='block_1_12' title="bbox 234 1173 1803 1250">
    <p class='ocr_par' dir='ltr' id='par_1_12' title="bbox 234 1173 1803 1250">
     <span class='ocr_line' id='line_1_12' title="bbox 234 1173 1803 1250; baseline 0 -19"><span class='ocrx_word' id='word_1_63' title='bbox 234 1179 562 1243; x_wconf 79' lang='grc' dir='ltr'>Ἐπιφάνιον</span> <span class='ocrx_word' id='word_1_64' title='bbox 596 1180 655 1232; x_wconf 80' lang='grc' dir='ltr'>ὲν</span> <span class='ocrx_word' id='word_1_65' title='bbox 700 1173 745 1246; x_wconf 79' lang='grc' dir='ltr'>ᾧ</span> <span class='ocrx_word' id='word_1_66' title='bbox 788 1179 1083 1242; x_wconf 74' lang='grc' dir='ltr'><strong>ἐκαθέζετο</strong></span> <span class='ocrx_word' id='word_1_67' title='bbox 1113 1180 1309 1249; x_wconf 77' lang='grc' dir='ltr'>θρόνῳ.</span> <span class='ocrx_word' id='word_1_68' title='bbox 1344 1182 1404 1232; x_wconf 75' lang='grc' dir='ltr'>ὲν</span> <span class='ocrx_word' id='word_1_69' title='bbox 1427 1180 1504 1250; x_wconf 79' lang='grc' dir='ltr'>τῷ</span> <span class='ocrx_word' id='word_1_70' title='bbox 1536 1180 1803 1248; x_wconf 81' lang='grc' dir='ltr'>σύνεγγυς</span> 
     </span>
    </p>
   </div>
   <div class='ocr_carea' id='block_1_13' title="bbox 221 1269 1804 1342">
    <p class='ocr_par' dir='ltr' id='par_1_13' title="bbox 221 1269 1804 1342">
     <span class='ocr_line' id='line_1_13' title="bbox 221 1269 1804 1342; baseline 0 -19"><span class='ocrx_word' id='word_1_71' title='bbox 221 1272 340 1323; x_wconf 72' lang='grc' dir='ltr'>ὖντι</span> <span class='ocrx_word' id='word_1_72' title='bbox 374 1272 739 1342; x_wconf 68' lang='grc' dir='ltr'>καταρράκτῃ</span> <span class='ocrx_word' id='word_1_73' title='bbox 759 1269 851 1323; x_wconf 82' lang='grc' dir='ltr'><strong>τοῦ</strong></span> <span class='ocrx_word' id='word_1_74' title='bbox 876 1272 1199 1341; x_wconf 76' lang='grc' dir='ltr'><strong>οἰκήματος.</strong></span> <span class='ocrx_word' id='word_1_75' title='bbox 1232 1270 1400 1332; x_wconf 80' lang='grc' dir='ltr'>Γνοὺς</span> <span class='ocrx_word' id='word_1_76' title='bbox 1429 1271 1485 1323; x_wconf 83' lang='grc' dir='ltr'>δὲ</span> <span class='ocrx_word' id='word_1_77' title='bbox 1528 1271 1606 1341; x_wconf 80' lang='grc' dir='ltr'>τῷ</span> <span class='ocrx_word' id='word_1_78' title='bbox 1638 1271 1804 1323; x_wconf 86' lang='grc' dir='ltr'>πνεύ-</span> 
     </span>
    </p>
   </div>
   <div class='ocr_carea' id='block_1_14' title="bbox 224 1363 1804 1435">
    <p class='ocr_par' dir='ltr' id='par_1_14' title="bbox 224 1363 1804 1435">
     <span class='ocr_line' id='line_1_14' title="bbox 224 1363 1804 1435; baseline 0.003 -24"><span class='ocrx_word' id='word_1_79' title='bbox 224 1379 359 1429; x_wconf 68' lang='grc' dir='ltr'>ματι</span> <span class='ocrx_word' id='word_1_80' title='bbox 384 1363 412 1413; x_wconf 89' lang='lat'><strong>6</strong></span> <span class='ocrx_word' id='word_1_81' title='bbox 445 1364 593 1425; x_wconf 81' lang='grc' dir='ltr'>παῖς,</span> <span class='ocrx_word' id='word_1_82' title='bbox 624 1363 833 1431; x_wconf 84' lang='grc' dir='ltr'>ταχέως</span> <span class='ocrx_word' id='word_1_83' title='bbox 858 1363 1095 1424; x_wconf 75' lang='grc' dir='ltr'>ἀναστὰς</span> <span class='ocrx_word' id='word_1_84' title='bbox 1117 1364 1452 1435; x_wconf 78' lang='grc' dir='ltr'>ἀπρονόητον</span> <span class='ocrx_word' id='word_1_85' title='bbox 1483 1365 1582 1434; x_wconf 82' lang='grc' dir='ltr'>τὴν</span> <span class='ocrx_word' id='word_1_86' title='bbox 1608 1363 1804 1433; x_wconf 82' lang='grc' dir='ltr'>βουλὴν</span> 
     </span>
    </p>
   </div>
   <div class='ocr_carea' id='block_1_15' title="bbox 228 1453 1802 1526">
    <p class='ocr_par' dir='ltr' id='par_1_15' title="bbox 228 1453 1802 1526">
     <span class='ocr_line' id='line_1_15' title="bbox 228 1453 1802 1526; baseline 0.002 -20"><span class='ocrx_word' id='word_1_87' title='bbox 228 1453 404 1506; x_wconf 74' lang='grc' dir='ltr'>αὐτοῦ</span> <span class='ocrx_word' id='word_1_88' title='bbox 451 1454 724 1524; x_wconf 84' lang='grc' dir='ltr'>ἐποίησεν.</span> <span class='ocrx_word' id='word_1_89' title='bbox 788 1453 1101 1524; x_wconf 79' lang='grc' dir='ltr'>Ἀποτυχὼν</span> <span class='ocrx_word' id='word_1_90' title='bbox 1155 1455 1211 1506; x_wconf 88' lang='grc' dir='ltr'>δὲ</span> <span class='ocrx_word' id='word_1_91' title='bbox 1265 1457 1291 1508; x_wconf 89' lang='lat'><strong>6</strong></span> <span class='ocrx_word' id='word_1_92' title='bbox 1339 1456 1661 1526; x_wconf 68' lang='grc' dir='ltr'>παμμίαρτς</span> <span class='ocrx_word' id='word_1_93' title='bbox 1706 1456 1802 1509; x_wconf 73' lang='grc' dir='ltr'><strong>τοῦ</strong></span> 
     </span>
    </p>
   </div>
   <div class='ocr_carea' id='block_1_16' title="bbox 226 1545 1805 1617">
    <p class='ocr_par' dir='ltr' id='par_1_16' title="bbox 226 1545 1805 1617">
     <span class='ocr_line' id='line_1_16' title="bbox 226 1545 1805 1617; baseline 0.003 -21"><span class='ocrx_word' id='word_1_94' title='bbox 226 1545 440 1597; x_wconf 79' lang='grc' dir='ltr'><strong>σκοποῦ</strong></span> <span class='ocrx_word' id='word_1_95' title='bbox 472 1546 663 1609; x_wconf 74' lang='grc' dir='ltr'>αὑτοῦ,</span> <span class='ocrx_word' id='word_1_96' title='bbox 706 1546 906 1615; x_wconf 71' lang='grc' dir='ltr'>ἤρξατο</span> <span class='ocrx_word' id='word_1_97' title='bbox 950 1547 1112 1601; x_wconf 80' lang='grc' dir='ltr'>πάλιν</span> <span class='ocrx_word' id='word_1_98' title='bbox 1140 1547 1232 1600; x_wconf 92' lang='grc' dir='ltr'><strong>τοῦ</strong></span> <span class='ocrx_word' id='word_1_99' title='bbox 1282 1548 1805 1617; x_wconf 79' lang='grc' dir='ltr'>παραδειγματίζειν</span> 
     </span>
    </p>
   </div>
   <div class='ocr_carea' id='block_1_17' title="bbox 220 1636 1805 1708">
    <p class='ocr_par' dir='ltr' id='par_1_17' title="bbox 220 1636 1805 1708">
     <span class='ocr_line' id='line_1_17' title="bbox 220 1636 1805 1708; baseline 0.003 -22"><span class='ocrx_word' id='word_1_100' title='bbox 220 1638 316 1686; x_wconf 63' lang='grc' dir='ltr'>τὸν</span> <span class='ocrx_word' id='word_1_101' title='bbox 343 1637 583 1688; x_wconf 80' lang='grc' dir='ltr'>ἐλεεινὸν</span> <span class='ocrx_word' id='word_1_102' title='bbox 616 1638 825 1688; x_wconf 77' lang='grc' dir='ltr'>ἐκεῖνον</span> <span class='ocrx_word' id='word_1_103' title='bbox 852 1652 867 1666; x_wconf 91' lang='grc'><strong>·</strong></span> <span class='ocrx_word' id='word_1_104' title='bbox 910 1638 1003 1690; x_wconf 78' lang='grc' dir='ltr'><strong>καὶ</strong></span> <span class='ocrx_word' id='word_1_105' title='bbox 1036 1636 1240 1700; x_wconf 78' lang='grc' dir='ltr'>εὐθέως</span> <span class='ocrx_word' id='word_1_106' title='bbox 1290 1639 1563 1707; x_wconf 82' lang='grc' dir='ltr'>κείμενος,</span> <span class='ocrx_word' id='word_1_107' title='bbox 1604 1639 1805 1708; x_wconf 65' lang='grc' dir='ltr'>ἤρξατο</span> 
     </span>
    </p>
   </div>
   <div class='ocr_carea' id='block_1_18' title="bbox 228 1724 1805 1803">
    <p class='ocr_par' dir='ltr' id='par_1_18' title="bbox 228 1724 1805 1803">
     <span class='ocr_line' id='line_1_18' title="bbox 228 1724 1805 1803; baseline 0.003 -24"><span class='ocrx_word' id='word_1_108' title='bbox 228 1728 435 1780; x_wconf 81' lang='grc' dir='ltr'>τίλλειν</span> <span class='ocrx_word' id='word_1_109' title='bbox 474 1724 569 1783; x_wconf 57' lang='grc' dir='ltr'>’τὸν</span> <span class='ocrx_word' id='word_1_110' title='bbox 621 1729 815 1782; x_wconf 70' lang='grc' dir='ltr'>ἑαυτοῦ</span> <span class='ocrx_word' id='word_1_111' title='bbox 857 1729 1114 1797; x_wconf 79' lang='grc' dir='ltr'>πώγωνα,</span> <span class='ocrx_word' id='word_1_112' title='bbox 1143 1731 1237 1783; x_wconf 74' lang='grc' dir='ltr'>καὶ</span> <span class='ocrx_word' id='word_1_113' title='bbox 1280 1732 1573 1800; x_wconf 79' lang='grc' dir='ltr'>μετέπειτα</span> <span class='ocrx_word' id='word_1_114' title='bbox 1614 1732 1805 1803; x_wconf 85' lang='grc' dir='ltr'>ῶσπερ</span> 
     </span>
    </p>
   </div>
   <div class='ocr_carea' id='block_1_19' title="bbox 229 1821 1806 1893">
    <p class='ocr_par' dir='ltr' id='par_1_19' title="bbox 229 1821 1806 1893">
     <span class='ocr_line' id='line_1_19' title="bbox 229 1821 1806 1893; baseline 0.003 -21"><span class='ocrx_word' id='word_1_115' title='bbox 229 1821 465 1885; x_wconf 60' lang='grc' dir='ltr'>αἱξίδιον</span> <span class='ocrx_word' id='word_1_116' title='bbox 496 1822 779 1885; x_wconf 78' lang='grc' dir='ltr'>φωνάζων,</span> <span class='ocrx_word' id='word_1_117' title='bbox 821 1823 913 1875; x_wconf 76' lang='grc' dir='ltr'>καὶ</span> <span class='ocrx_word' id='word_1_118' title='bbox 943 1823 1106 1875; x_wconf 86' lang='grc' dir='ltr'>πάλιν</span> <span class='ocrx_word' id='word_1_119' title='bbox 1140 1824 1240 1893; x_wconf 77' lang='grc' dir='ltr'>τὴν</span> <span class='ocrx_word' id='word_1_120' title='bbox 1283 1823 1536 1890; x_wconf 85' lang='grc' dir='ltr'>γλῶσσαν</span> <span class='ocrx_word' id='word_1_121' title='bbox 1576 1826 1677 1889; x_wconf 78' lang='grc' dir='ltr'><strong>ἔξω</strong></span> <span class='ocrx_word' id='word_1_122' title='bbox 1716 1827 1806 1878; x_wconf 85' lang='grc' dir='ltr'><strong>ὲκ-</strong></span> 
     </span>
    </p>
   </div>
   <div class='ocr_carea' id='block_1_20' title="bbox 228 1913 1807 1986">
    <p class='ocr_par' dir='ltr' id='par_1_20' title="bbox 228 1913 1807 1986">
     <span class='ocr_line' id='line_1_20' title="bbox 228 1913 1807 1986; baseline 0.004 -23"><span class='ocrx_word' id='word_1_123' title='bbox 228 1913 448 1965; x_wconf 60' lang='grc' dir='ltr'>εέλλων</span> <span class='ocrx_word' id='word_1_124' title='bbox 480 1913 827 1982; x_wconf 77' lang='grc' dir='ltr'>ἐσεληνίαζεν</span> <span class='ocrx_word' id='word_1_125' title='bbox 849 1915 1121 1981; x_wconf 76' lang='grc' dir='ltr'>ἀςέμνως,</span> <span class='ocrx_word' id='word_1_126' title='bbox 1156 1917 1250 1969; x_wconf 82' lang='grc' dir='ltr'>καὶ</span> <span class='ocrx_word' id='word_1_127' title='bbox 1275 1915 1433 1969; x_wconf 79' lang='grc' dir='ltr'>πάλιν</span> <span class='ocrx_word' id='word_1_128' title='bbox 1456 1916 1643 1986; x_wconf 82' lang='grc' dir='ltr'>ῶσπερ</span> <span class='ocrx_word' id='word_1_129' title='bbox 1660 1918 1807 1971; x_wconf 84' lang='grc' dir='ltr'>κύων</span> 
     </span>
    </p>
   </div>
   <div class='ocr_carea' id='block_1_21' title="bbox 232 2004 1808 2077">
    <p class='ocr_par' dir='ltr' id='par_1_21' title="bbox 232 2004 1808 2077">
     <span class='ocr_line' id='line_1_21' title="bbox 232 2004 1808 2077; baseline 0.005 -23"><span class='ocrx_word' id='word_1_130' title='bbox 232 2006 492 2071; x_wconf 64' lang='grc' dir='ltr'>ποιμνίου</span> <span class='ocrx_word' id='word_1_131' title='bbox 558 2006 768 2074; x_wconf 79' lang='grc' dir='ltr'>βαρέως</span> <span class='ocrx_word' id='word_1_132' title='bbox 821 2004 1034 2073; x_wconf 79' lang='grc' dir='ltr'>βαΰζων</span> <span class='ocrx_word' id='word_1_133' title='bbox 1083 2009 1164 2069; x_wconf 83' lang='grc' dir='ltr'><strong>εἰς</strong></span> <span class='ocrx_word' id='word_1_134' title='bbox 1220 2008 1348 2070; x_wconf 76' lang='grc' dir='ltr'>τοὺς</span> <span class='ocrx_word' id='word_1_135' title='bbox 1413 2010 1808 2077; x_wconf 72' lang='grc' dir='ltr'><strong>παρεστῶτας,</strong></span> 
     </span>
    </p>
   </div>
   <div class='ocr_carea' id='block_1_22' title="bbox 227 2095 1812 2169">
    <p class='ocr_par' dir='ltr' id='par_1_22' title="bbox 227 2095 1812 2169">
     <span class='ocr_line' id='line_1_22' title="bbox 227 2095 1812 2169; baseline 0.004 -24"><span class='ocrx_word' id='word_1_136' title='bbox 227 2095 374 2146; x_wconf 89' lang='grc' dir='ltr'>ῶστε</span> <span class='ocrx_word' id='word_1_137' title='bbox 413 2096 717 2165; x_wconf 72' lang='grc' dir='ltr'>φοϐηθῆναι</span> <span class='ocrx_word' id='word_1_138' title='bbox 755 2097 917 2163; x_wconf 69' lang='grc' dir='ltr'>φόϐον</span> <span class='ocrx_word' id='word_1_139' title='bbox 951 2098 1126 2166; x_wconf 77' lang='grc' dir='ltr'>μέγαν</span> <span class='ocrx_word' id='word_1_140' title='bbox 1163 2099 1373 2160; x_wconf 79' lang='grc' dir='ltr'>πάντας</span> <span class='ocrx_word' id='word_1_141' title='bbox 1405 2101 1529 2161; x_wconf 75' lang='grc' dir='ltr'>τοὺς</span> <span class='ocrx_word' id='word_1_142' title='bbox 1569 2100 1812 2169; x_wconf 81' lang='grc' dir='ltr'>ὁρῶντας</span> 
     </span>
    </p>
   </div>
   <div class='ocr_carea' id='block_1_23' title="bbox 226 2188 1813 2264">
    <p class='ocr_par' dir='ltr' id='par_1_23' title="bbox 226 2188 1813 2264">
     <span class='ocr_line' id='line_1_23' title="bbox 226 2188 1813 2264; baseline 0.005 -27"><span class='ocrx_word' id='word_1_143' title='bbox 226 2189 321 2238; x_wconf 64' lang='grc' dir='ltr'>τὸν</span> <span class='ocrx_word' id='word_1_144' title='bbox 386 2188 585 2241; x_wconf 78' lang='grc' dir='ltr'>ἑαυτοῦ</span> <span class='ocrx_word' id='word_1_145' title='bbox 635 2189 904 2258; x_wconf 76' lang='grc' dir='ltr'>βαΰζοντα</span> <span class='ocrx_word' id='word_1_146' title='bbox 945 2190 1197 2259; x_wconf 87' lang='grc' dir='ltr'>δαίμονα.</span> <span class='ocrx_word' id='word_1_147' title='bbox 1238 2192 1300 2243; x_wconf 76' lang='lat' dir='ltr'><strong>Oi</strong></span> <span class='ocrx_word' id='word_1_148' title='bbox 1345 2191 1401 2243; x_wconf 84' lang='grc' dir='ltr'>δὲ</span> <span class='ocrx_word' id='word_1_149' title='bbox 1444 2192 1621 2243; x_wconf 77' lang='grc' dir='ltr'>ἐκεῖσε</span> <span class='ocrx_word' id='word_1_150' title='bbox 1657 2194 1813 2264; x_wconf 78' lang='grc' dir='ltr'>εὑρε-</span> 
     </span>
    </p>
   </div>
   <div class='ocr_carea' id='block_1_24' title="bbox 228 2280 1813 2352">
    <p class='ocr_par' dir='ltr' id='par_1_24' title="bbox 228 2280 1813 2352">
     <span class='ocr_line' id='line_1_24' title="bbox 228 2280 1813 2352; baseline 0.006 -21"><span class='ocrx_word' id='word_1_151' title='bbox 228 2280 419 2344; x_wconf 75' lang='grc' dir='ltr'>θέντες</span> <span class='ocrx_word' id='word_1_152' title='bbox 469 2280 695 2351; x_wconf 75' lang='grc' dir='ltr'>ἠρώτων</span> <span class='ocrx_word' id='word_1_153' title='bbox 760 2284 852 2335; x_wconf 74' lang='grc' dir='ltr'><strong>τὸν</strong></span> <span class='ocrx_word' id='word_1_154' title='bbox 920 2284 1255 2352; x_wconf 82' lang='grc' dir='ltr'>Ἐπιιράνιον.</span> <span class='ocrx_word' id='word_1_155' title='bbox 1305 2285 1468 2338; x_wconf 83' lang='grc' dir='ltr'>πόθεν</span> <span class='ocrx_word' id='word_1_156' title='bbox 1529 2288 1606 2349; x_wconf 76' lang='grc' dir='ltr'><strong>είς</strong></span> <span class='ocrx_word' id='word_1_157' title='bbox 1652 2288 1813 2340; x_wconf 67' lang='grc' dir='ltr'>αὐτὸν</span> 
     </span>
    </p>
   </div>
   <div class='ocr_carea' id='block_1_25' title="bbox 230 2377 1811 2447">
    <p class='ocr_par' dir='ltr' id='par_1_25' title="bbox 230 2377 1811 2447">
     <span class='ocr_line' id='line_1_25' title="bbox 230 2377 1811 2447; baseline 0.006 -19"><span class='ocrx_word' id='word_1_158' title='bbox 230 2377 493 2447; x_wconf 83' lang='grc' dir='ltr'>τοιαύτην</span> <span class='ocrx_word' id='word_1_159' title='bbox 534 2377 783 2441; x_wconf 80' lang='grc' dir='ltr'>ἐξουσίαν</span> <span class='ocrx_word' id='word_1_160' title='bbox 822 2379 1017 2431; x_wconf 81' lang='grc' dir='ltr'>ἐλαϐεν</span> <span class='ocrx_word' id='word_1_161' title='bbox 1060 2381 1087 2432; x_wconf 98' lang='lat'><strong>6</strong></span> <span class='ocrx_word' id='word_1_162' title='bbox 1132 2380 1401 2445; x_wconf 76' lang='grc' dir='ltr'>διάϐολος,</span> <span class='ocrx_word' id='word_1_163' title='bbox 1454 2382 1539 2434; x_wconf 82' lang='grc' dir='ltr'>ἵνα</span> <span class='ocrx_word' id='word_1_164' title='bbox 1586 2386 1811 2437; x_wconf 79' lang='grc' dir='ltr'>τοιαῦτα</span> 
     </span>
    </p>
   </div>
   <div class='ocr_carea' id='block_1_26' title="bbox 231 2468 1807 2544">
    <p class='ocr_par' dir='ltr' id='par_1_26' title="bbox 231 2468 1807 2544">
     <span class='ocr_line' id='line_1_26' title="bbox 231 2468 1807 2544; baseline 0.005 -25"><span class='ocrx_word' id='word_1_165' title='bbox 231 2468 473 2539; x_wconf 77' lang='grc' dir='ltr'>πράττῃ.</span> <span class='ocrx_word' id='word_1_166' title='bbox 523 2469 580 2520; x_wconf 85' lang='lat'><strong>&#39;0</strong></span> <span class='ocrx_word' id='word_1_167' title='bbox 622 2470 677 2522; x_wconf 82' lang='grc' dir='ltr'>δὲ</span> <span class='ocrx_word' id='word_1_168' title='bbox 724 2468 843 2523; x_wconf 82' lang='grc' dir='ltr'>εἷπε</span> <span class='ocrx_word' id='word_1_169' title='bbox 894 2472 1026 2541; x_wconf 70' lang='grc' dir='ltr'>πρὸς</span> <span class='ocrx_word' id='word_1_170' title='bbox 1081 2472 1321 2535; x_wconf 73' lang='grc' dir='ltr'>αὐτούς·</span> <span class='ocrx_word' id='word_1_171' title='bbox 1381 2473 1626 2541; x_wconf 81' lang='grc' dir='ltr'>’Λδελφοί</span> <span class='ocrx_word' id='word_1_172' title='bbox 1684 2492 1807 2544; x_wconf 90' lang='grc' dir='ltr'>μου,</span> 
     </span>
    </p>
   </div>
   <div class='ocr_carea' id='block_1_27' title="bbox 230 2558 1815 2635">
    <p class='ocr_par' dir='ltr' id='par_1_27' title="bbox 230 2558 1815 2635">
     <span class='ocr_line' id='line_1_27' title="bbox 230 2558 1815 2635; baseline 0.003 -23"><span class='ocrx_word' id='word_1_173' title='bbox 230 2563 344 2628; x_wconf 79' lang='grc' dir='ltr'><strong>ἐγὼ</strong></span> <span class='ocrx_word' id='word_1_174' title='bbox 388 2564 470 2623; x_wconf 85' lang='grc' dir='ltr'><strong>είς</strong></span> <span class='ocrx_word' id='word_1_175' title='bbox 508 2558 673 2614; x_wconf 86' lang='grc' dir='ltr'>τοῦτο</span> <span class='ocrx_word' id='word_1_176' title='bbox 711 2563 861 2616; x_wconf 71' lang='grc' dir='ltr'>οὐδὲν</span> <span class='ocrx_word' id='word_1_177' title='bbox 905 2565 1211 2632; x_wconf 80' lang='grc' dir='ltr'>ἐπίσταμαι</span> <span class='ocrx_word' id='word_1_178' title='bbox 1277 2564 1644 2633; x_wconf 69' lang='grc' dir='ltr'>φθέγξασθαι*</span> <span class='ocrx_word' id='word_1_179' title='bbox 1677 2567 1815 2635; x_wconf 81' lang='grc' dir='ltr'>πλὴν</span> 
     </span>
    </p>
   </div>
   <div class='ocr_carea' id='block_1_28' title="bbox 232 2652 1813 2729">
    <p class='ocr_par' dir='ltr' id='par_1_28' title="bbox 232 2652 1813 2729">
     <span class='ocr_line' id='line_1_28' title="bbox 232 2652 1813 2729; baseline -0.007 -7"><span class='ocrx_word' id='word_1_180' title='bbox 232 2652 594 2721; x_wconf 66' lang='grc' dir='ltr'>στοχάζομαι.</span> <span class='ocrx_word' id='word_1_181' title='bbox 630 2655 711 2705; x_wconf 81' lang='grc' dir='ltr'><strong>δτι</strong></span> <span class='ocrx_word' id='word_1_182' title='bbox 743 2653 967 2723; x_wconf 65' lang='grc' dir='ltr'>μεγάλῳ</span> <span class='ocrx_word' id='word_1_183' title='bbox 994 2654 1400 2727; x_wconf 79' lang='grc' dir='ltr'>παραπτώματι</span> <span class='ocrx_word' id='word_1_184' title='bbox 1431 2653 1496 2729; x_wconf 80' lang='grc' dir='ltr'>ἦν</span> <span class='ocrx_word' id='word_1_185' title='bbox 1528 2677 1813 2728; x_wconf 80' lang='grc' dir='ltr'>συμπεπο-</span> 
     </span>
    </p>
   </div>
   <div class='ocr_carea' id='block_1_29' title="bbox 229 2744 1815 2821">
    <p class='ocr_par' dir='ltr' id='par_1_29' title="bbox 229 2744 1815 2821">
     <span class='ocr_line' id='line_1_29' title="bbox 229 2744 1815 2821; baseline 0.004 -24"><span class='ocrx_word' id='word_1_186' title='bbox 229 2746 513 2813; x_wconf 78' lang='grc' dir='ltr'>δισμένος,</span> <span class='ocrx_word' id='word_1_187' title='bbox 545 2744 637 2797; x_wconf 71' lang='grc' dir='ltr'>καὶ</span> <span class='ocrx_word' id='word_1_188' title='bbox 658 2745 769 2797; x_wconf 78' lang='grc' dir='ltr'>οὐδ’</span> <span class='ocrx_word' id='word_1_189' title='bbox 807 2746 940 2808; x_wconf 82' lang='grc' dir='ltr'>ὅλως</span> <span class='ocrx_word' id='word_1_190' title='bbox 972 2748 1184 2816; x_wconf 78' lang='grc' dir='ltr'><strong>ἀπέστη</strong></span> <span class='ocrx_word' id='word_1_191' title='bbox 1222 2749 1282 2812; x_wconf 75' lang='grc' dir='ltr'><strong>ἐξ</strong></span> <span class='ocrx_word' id='word_1_192' title='bbox 1309 2750 1473 2802; x_wconf 78' lang='grc' dir='ltr'>αὑτοῦ</span> <span class='ocrx_word' id='word_1_193' title='bbox 1521 2751 1683 2821; x_wconf 81' lang='grc' dir='ltr'>μέχρι</span> <span class='ocrx_word' id='word_1_194' title='bbox 1716 2752 1815 2820; x_wconf 80' lang='grc' dir='ltr'>τῆς</span> 
     </span>
    </p>
   </div>
   <div class='ocr_carea' id='block_1_30' title="bbox 229 2838 1817 2913">
    <p class='ocr_par' dir='ltr' id='par_1_30' title="bbox 229 2838 1817 2913">
     <span class='ocr_line' id='line_1_30' title="bbox 229 2838 1817 2913; baseline 0.006 -24"><span class='ocrx_word' id='word_1_195' title='bbox 229 2838 431 2903; x_wconf 86' lang='grc' dir='ltr'>δεῦρο,</span> <span class='ocrx_word' id='word_1_196' title='bbox 490 2838 522 2907; x_wconf 81' lang='grc' dir='ltr'>ἢ</span> <span class='ocrx_word' id='word_1_197' title='bbox 585 2839 685 2891; x_wconf 71' lang='grc' dir='ltr'>οὐκ</span> <span class='ocrx_word' id='word_1_198' title='bbox 752 2839 1090 2908; x_wconf 67' lang='grc' dir='ltr'>ἐξήγθίειλεν,</span> <span class='ocrx_word' id='word_1_199' title='bbox 1150 2842 1182 2911; x_wconf 83' lang='grc' dir='ltr'><strong>ἥ</strong></span> <span class='ocrx_word' id='word_1_200' title='bbox 1244 2844 1305 2895; x_wconf 83' lang='grc' dir='ltr'>οὐ</span> <span class='ocrx_word' id='word_1_201' title='bbox 1353 2846 1690 2913; x_wconf 77' lang='grc' dir='ltr'>μετενόησε·</span> <span class='ocrx_word' id='word_1_202' title='bbox 1728 2848 1817 2899; x_wconf 75' lang='grc' dir='ltr'>διὰ</span> 
     </span>
    </p>
   </div>
   <div class='ocr_carea' id='block_1_31' title="bbox 233 2929 1817 3003">
    <p class='ocr_par' dir='ltr' id='par_1_31' title="bbox 233 2929 1817 3003">
     <span class='ocr_line' id='line_1_31' title="bbox 233 2929 1817 3003; baseline 0.006 -23"><span class='ocrx_word' id='word_1_203' title='bbox 233 2929 393 2981; x_wconf 81' lang='grc' dir='ltr'>τοῦτο</span> <span class='ocrx_word' id='word_1_204' title='bbox 450 2930 579 2991; x_wconf 69' lang='grc' dir='ltr'>τοὺς</span> <span class='ocrx_word' id='word_1_205' title='bbox 636 2930 1043 2999; x_wconf 83' lang='grc' dir='ltr'>ἀμετανοήτους</span> <span class='ocrx_word' id='word_1_206' title='bbox 1099 2931 1431 3003; x_wconf 86' lang='grc' dir='ltr'>κληρονομεῖ</span> <span class='ocrx_word' id='word_1_207' title='bbox 1473 2936 1500 2985; x_wconf 92' lang='lat'><strong>6</strong></span> <span class='ocrx_word' id='word_1_208' title='bbox 1553 2936 1817 2998; x_wconf 78' lang='grc' dir='ltr'>διάϐολος.</span> 
     </span>
    </p>
   </div>
   <div class='ocr_carea' id='block_1_32' title="bbox 246 3013 1819 3095">
    <p class='ocr_par' dir='ltr' id='par_1_32' title="bbox 246 3013 1819 3095">
     <span class='ocr_line' id='line_1_32' title="bbox 246 3013 1819 3095; baseline 0.006 -25"><span class='ocrx_word' id='word_1_209' title='bbox 246 3019 336 3070; x_wconf 82' lang='grc' dir='ltr'>Ἐν</span> <span class='ocrx_word' id='word_1_210' title='bbox 377 3020 445 3088; x_wconf 79' lang='grc' dir='ltr'>τῇ</span> <span class='ocrx_word' id='word_1_211' title='bbox 483 3017 708 3090; x_wconf 81' lang='grc' dir='ltr'>τοιαύτῃ</span> <span class='ocrx_word' id='word_1_212' title='bbox 741 3013 834 3072; x_wconf 77' lang='grc' dir='ltr'>οὖν</span> <span class='ocrx_word' id='word_1_213' title='bbox 869 3020 1115 3083; x_wconf 77' lang='grc' dir='ltr'>ἐξετάσει</span> <span class='ocrx_word' id='word_1_214' title='bbox 1144 3024 1348 3085; x_wconf 80' lang='grc' dir='ltr'>ἐκεῖνος</span> <span class='ocrx_word' id='word_1_215' title='bbox 1378 3025 1469 3077; x_wconf 75' lang='grc' dir='ltr'>τὸν</span> <span class='ocrx_word' id='word_1_216' title='bbox 1519 3026 1633 3095; x_wconf 74' lang='grc' dir='ltr'>βίον</span> <span class='ocrx_word' id='word_1_217' title='bbox 1661 3029 1819 3080; x_wconf 83' lang='grc' dir='ltr'>κατέ-</span> 
     </span>
    </p>
   </div>
   <div class='ocr_carea' id='block_1_33' title="bbox 236 3122 421 3162">
    <p class='ocr_par' dir='ltr' id='par_1_33' title="bbox 236 3122 421 3162">
     <span class='ocr_line' id='line_1_33' title="bbox 236 3122 421 3162; baseline 0.016 -3"><span class='ocrx_word' id='word_1_218' title='bbox 236 3122 299 3159; x_wconf 70' lang='lat' dir='ltr'><strong>A&#39;J</strong></span> <span class='ocrx_word' id='word_1_219' title='bbox 312 3126 421 3162; x_wconf 77' lang='grc' dir='ltr'>σεν.</span> 
     </span>
    </p>
   </div>
   <div class='ocr_carea' id='block_1_34' title="bbox 314 3181 1890 3278">
    <p class='ocr_par' dir='ltr' id='par_1_34' title="bbox 314 3181 1890 3278">
     <span class='ocr_line' id='line_1_34' title="bbox 314 3181 1890 3278; baseline 0.009 -27"><span class='ocrx_word' id='word_1_220' title='bbox 314 3207 453 3268; x_wconf 85' lang='grc' dir='ltr'>ρνα’.</span> <span class='ocrx_word' id='word_1_221' title='bbox 495 3202 593 3255; x_wconf 84' lang='grc' dir='ltr'><strong>Ἐν</strong></span> <span class='ocrx_word' id='word_1_222' title='bbox 640 3204 736 3270; x_wconf 81' lang='grc' dir='ltr'><strong>μιᾷ</strong></span> <span class='ocrx_word' id='word_1_223' title='bbox 778 3200 870 3254; x_wconf 81' lang='grc' dir='ltr'>οὖν</span> <span class='ocrx_word' id='word_1_224' title='bbox 904 3181 1086 3273; x_wconf 75' lang='grc' dir='ltr'>ἡμέρα</span> <span class='ocrx_word' id='word_1_225' title='bbox 1133 3206 1389 3276; x_wconf 74' lang='grc' dir='ltr'>εὑρηκὼς</span> <span class='ocrx_word' id='word_1_226' title='bbox 1420 3209 1448 3259; x_wconf 90' lang='lat'><strong>6</strong></span> <span class='ocrx_word' id='word_1_227' title='bbox 1500 3209 1816 3278; x_wconf 67' lang='lat' dir='ltr'><strong>&#39;Emcpdwoc</strong></span> <span class='ocrx_word' id='word_1_228' title='bbox 1850 3218 1890 3271; x_wconf 82' lang='lat' dir='ltr'><strong><em>C</em></strong></span> 
     </span>
    </p>
   </div>
   <div class='ocr_carea' id='block_1_35' title="bbox 236 3291 1820 3365">
    <p class='ocr_par' dir='ltr' id='par_1_35' title="bbox 236 3291 1820 3365">
     <span class='ocr_line' id='line_1_35' title="bbox 236 3291 1820 3365; baseline 0.006 -23"><span class='ocrx_word' id='word_1_229' title='bbox 236 3291 330 3343; x_wconf 69' lang='grc' dir='ltr'><strong>τὸν</strong></span> <span class='ocrx_word' id='word_1_230' title='bbox 383 3291 655 3360; x_wconf 82' lang='grc' dir='ltr'>μακάριον</span> <span class='ocrx_word' id='word_1_231' title='bbox 715 3291 992 3360; x_wconf 82' lang='grc' dir='ltr'>Ἀνδρέαν,</span> <span class='ocrx_word' id='word_1_232' title='bbox 1036 3293 1335 3363; x_wconf 89' lang='grc' dir='ltr'>διηγήσατο</span> <span class='ocrx_word' id='word_1_233' title='bbox 1380 3297 1527 3365; x_wconf 83' lang='grc' dir='ltr'>αὐτῷ</span> <span class='ocrx_word' id='word_1_234' title='bbox 1579 3298 1820 3363; x_wconf 76' lang='grc' dir='ltr'>ἅπαντα,</span> 
     </span>
    </p>
   </div>
   <div class='ocr_carea' id='block_1_36' title="bbox 241 3381 1821 3453">
    <p class='ocr_par' dir='ltr' id='par_1_36' title="bbox 241 3381 1821 3453">
     <span class='ocr_line' id='line_1_36' title="bbox 241 3381 1821 3453; baseline 0.006 -19"><span class='ocrx_word' id='word_1_235' title='bbox 241 3382 340 3434; x_wconf 75' lang='grc' dir='ltr'>καὶ</span> <span class='ocrx_word' id='word_1_236' title='bbox 369 3381 670 3449; x_wconf 79' lang='grc' dir='ltr'>παρεκάλει</span> <span class='ocrx_word' id='word_1_237' title='bbox 710 3382 922 3449; x_wconf 76' lang='grc' dir='ltr'>μαθεῖν,</span> <span class='ocrx_word' id='word_1_238' title='bbox 962 3382 1030 3435; x_wconf 87' lang='grc' dir='ltr'>δι’</span> <span class='ocrx_word' id='word_1_239' title='bbox 1061 3384 1127 3453; x_wconf 78' lang='grc' dir='ltr'>ῆν</span> <span class='ocrx_word' id='word_1_240' title='bbox 1149 3387 1328 3438; x_wconf 76' lang='grc' dir='ltr'>αἰτίαν</span> <span class='ocrx_word' id='word_1_241' title='bbox 1358 3383 1511 3449; x_wconf 75' lang='grc' dir='ltr'>οὗτος</span> <span class='ocrx_word' id='word_1_242' title='bbox 1562 3391 1589 3441; x_wconf 90' lang='lat'><strong>6</strong></span> <span class='ocrx_word' id='word_1_243' title='bbox 1632 3407 1821 3444; x_wconf 80' lang='grc' dir='ltr'>ταπει-</span> 
     </span>
    </p>
   </div>
   <div class='ocr_carea' id='block_1_37' title="bbox 240 3473 1821 3555">
    <p class='ocr_par' dir='ltr' id='par_1_37' title="bbox 240 3473 1821 3555">
     <span class='ocr_line' id='line_1_37' title="bbox 240 3473 1821 3555; baseline 0.007 -32"><span class='ocrx_word' id='word_1_244' title='bbox 240 3475 331 3531; x_wconf 68' lang='grc' dir='ltr'>νὸς</span> <span class='ocrx_word' id='word_1_245' title='bbox 366 3473 619 3541; x_wconf 76' lang='grc' dir='ltr'>καθάπερ</span> <span class='ocrx_word' id='word_1_246' title='bbox 644 3473 789 3525; x_wconf 84' lang='grc' dir='ltr'>κύων</span> <span class='ocrx_word' id='word_1_247' title='bbox 815 3473 1063 3527; x_wconf 78' lang='grc' dir='ltr'>ὑλακτῶν</span> <span class='ocrx_word' id='word_1_248' title='bbox 1094 3478 1501 3544; x_wconf 81' lang='grc' dir='ltr'>τετελεύτηκεν.</span> <span class='ocrx_word' id='word_1_249' title='bbox 1520 3481 1821 3555; x_wconf 75' lang='grc' dir='ltr'>Ἀπεκρίθη</span> 
     </span>
    </p>
   </div>
   <div class='ocr_carea' id='block_1_38' title="bbox 233 3554 1822 3640">
    <p class='ocr_par' dir='ltr' id='par_1_38' title="bbox 233 3554 1822 3640">
     <span class='ocr_line' id='line_1_38' title="bbox 233 3554 1822 3640; baseline 0.006 -23"><span class='ocrx_word' id='word_1_250' title='bbox 233 3568 263 3617; x_wconf 82' lang='lat'><strong>6</strong></span> <span class='ocrx_word' id='word_1_251' title='bbox 289 3566 434 3625; x_wconf 78' lang='grc' dir='ltr'>ὅσιος</span> <span class='ocrx_word' id='word_1_252' title='bbox 479 3565 617 3634; x_wconf 70' lang='grc' dir='ltr'>πρὶς</span> <span class='ocrx_word' id='word_1_253' title='bbox 647 3566 810 3618; x_wconf 65' lang='grc' dir='ltr'>αὐτὸν</span> <span class='ocrx_word' id='word_1_254' title='bbox 841 3567 935 3617; x_wconf 82' lang='grc' dir='ltr'><strong>καὶ</strong></span> <span class='ocrx_word' id='word_1_255' title='bbox 988 3566 1132 3633; x_wconf 81' lang='grc' dir='ltr'>λέγει</span> <span class='ocrx_word' id='word_1_256' title='bbox 1161 3585 1173 3598; x_wconf 92' lang='grc'><strong>·</strong></span> <span class='ocrx_word' id='word_1_257' title='bbox 1218 3569 1458 3633; x_wconf 85' lang='grc' dir='ltr'>Ἐκεῖνος</span> <span class='ocrx_word' id='word_1_258' title='bbox 1491 3554 1698 3640; x_wconf 50' lang='grc' dir='ltr'>ό⁶φίλος</span> <span class='ocrx_word' id='word_1_259' title='bbox 1732 3554 1822 3627; x_wconf 85' lang='grc' dir='ltr'><strong>σου</strong></span> 
     </span>
    </p>
   </div>
   <div class='ocr_carea' id='block_1_39' title="bbox 242 3653 1823 3736">
    <p class='ocr_par' dir='ltr' id='par_1_39' title="bbox 242 3653 1823 3736">
     <span class='ocr_line' id='line_1_39' title="bbox 242 3653 1823 3736; baseline 0.006 -27"><span class='ocrx_word' id='word_1_260' title='bbox 242 3658 433 3727; x_wconf 72' lang='grc' dir='ltr'>μοιχὸς</span> <span class='ocrx_word' id='word_1_261' title='bbox 484 3653 553 3727; x_wconf 77' lang='grc' dir='ltr'>ἦν</span> <span class='ocrx_word' id='word_1_262' title='bbox 596 3661 684 3709; x_wconf 75' lang='grc' dir='ltr'>καὶ</span> <span class='ocrx_word' id='word_1_263' title='bbox 729 3659 1070 3727; x_wconf 80' lang='grc' dir='ltr'>μνησίκακος</span> <span class='ocrx_word' id='word_1_264' title='bbox 1101 3659 1421 3729; x_wconf 69' lang='grc' dir='ltr'>ἄνθρωπος’</span> <span class='ocrx_word' id='word_1_265' title='bbox 1460 3664 1561 3716; x_wconf 80' lang='grc' dir='ltr'>ἐῶν</span> <span class='ocrx_word' id='word_1_266' title='bbox 1589 3668 1699 3736; x_wconf 73' lang='grc' dir='ltr'><strong>γὰρ</strong></span> <span class='ocrx_word' id='word_1_267' title='bbox 1724 3667 1823 3736; x_wconf 79' lang='grc' dir='ltr'>τὴν</span> 
     </span>
    </p>
   </div>
   <div class='ocr_carea' id='block_1_40' title="bbox 245 3749 1822 3820">
    <p class='ocr_par' dir='ltr' id='par_1_40' title="bbox 245 3749 1822 3820">
     <span class='ocr_line' id='line_1_40' title="bbox 245 3749 1822 3820; baseline 0.005 -18"><span class='ocrx_word' id='word_1_268' title='bbox 245 3749 446 3803; x_wconf 72' lang='grc' dir='ltr'>ἑαυτοῦ</span> <span class='ocrx_word' id='word_1_269' title='bbox 478 3749 729 3818; x_wconf 72' lang='grc' dir='ltr'>σύμϐιον,</span> <span class='ocrx_word' id='word_1_270' title='bbox 766 3752 835 3820; x_wconf 77' lang='grc' dir='ltr'><strong>τῇ</strong></span> <span class='ocrx_word' id='word_1_271' title='bbox 890 3750 1231 3818; x_wconf 77' lang='grc' dir='ltr'>θεραπαινέδι</span> <span class='ocrx_word' id='word_1_272' title='bbox 1262 3754 1428 3805; x_wconf 82' lang='grc' dir='ltr'>αὑτοῦ</span> <span class='ocrx_word' id='word_1_273' title='bbox 1461 3755 1633 3819; x_wconf 82' lang='grc' dir='ltr'>ἀδεῶς</span> <span class='ocrx_word' id='word_1_274' title='bbox 1668 3774 1822 3810; x_wconf 84' lang='grc' dir='ltr'>συνε-</span> 
     </span>
    </p>
   </div>
   <div class='ocr_carea' id='block_1_41' title="bbox 244 3842 1823 3920">
    <p class='ocr_par' dir='ltr' id='par_1_41' title="bbox 244 3842 1823 3920">
     <span class='ocr_line' id='line_1_41' title="bbox 244 3842 1823 3920; baseline 0.006 -26"><span class='ocrx_word' id='word_1_275' title='bbox 244 3844 511 3910; x_wconf 78' lang='grc' dir='ltr'>μίγνυτο’</span> <span class='ocrx_word' id='word_1_276' title='bbox 554 3842 797 3904; x_wconf 84' lang='grc' dir='ltr'>διάκονός</span> <span class='ocrx_word' id='word_1_277' title='bbox 832 3859 889 3895; x_wconf 82' lang='grc' dir='ltr'><strong>τε</strong></span> <span class='ocrx_word' id='word_1_278' title='bbox 925 3844 1305 3913; x_wconf 72' lang='grc' dir='ltr'>χρηματίζων,</span> <span class='ocrx_word' id='word_1_279' title='bbox 1339 3846 1438 3898; x_wconf 86' lang='grc' dir='ltr'><strong>ούκ</strong></span> <span class='ocrx_word' id='word_1_280' title='bbox 1466 3847 1687 3917; x_wconf 77' lang='grc' dir='ltr'>ἔφριττε</span> <span class='ocrx_word' id='word_1_281' title='bbox 1723 3850 1823 3920; x_wconf 80' lang='grc' dir='ltr'>τὴν</span> 
     </span>
    </p>
   </div>
   <div class='ocr_carea' id='block_1_42' title="bbox 242 3934 1818 4007">
    <p class='ocr_par' dir='ltr' id='par_1_42' title="bbox 242 3934 1818 4007">
     <span class='ocr_line' id='line_1_42' title="bbox 242 3934 1818 4007; baseline 0.004 -22"><span class='ocrx_word' id='word_1_282' title='bbox 242 3935 487 4003; x_wconf 67' lang='grc' dir='ltr'>φοϐεράν</span> <span class='ocrx_word' id='word_1_283' title='bbox 520 3934 752 4003; x_wconf 85' lang='grc' dir='ltr'>δύναμιν</span> <span class='ocrx_word' id='word_1_284' title='bbox 803 3935 904 4004; x_wconf 80' lang='grc' dir='ltr'>τῆς</span> <span class='ocrx_word' id='word_1_285' title='bbox 951 3936 1252 4004; x_wconf 81' lang='grc' dir='ltr'>ἀπροσίτου</span> <span class='ocrx_word' id='word_1_286' title='bbox 1286 3936 1539 4007; x_wconf 80' lang='grc' dir='ltr'>θεότητος</span> <span class='ocrx_word' id='word_1_287' title='bbox 1568 3942 1593 3992; x_wconf 90' lang='grc' dir='ltr'>ὁ</span> <span class='ocrx_word' id='word_1_288' title='bbox 1626 3942 1818 3994; x_wconf 83' lang='grc' dir='ltr'>ταλαί-</span> 
     </span>
    </p>
   </div>
   <div class='ocr_carea' id='block_1_43' title="bbox 245 4028 1824 4104">
    <p class='ocr_par' dir='ltr' id='par_1_43' title="bbox 245 4028 1824 4104">
     <span class='ocr_line' id='line_1_43' title="bbox 245 4028 1824 4104; baseline 0.004 -25"><span class='ocrx_word' id='word_1_289' title='bbox 245 4045 434 4098; x_wconf 78' lang='grc' dir='ltr'>πωρος</span> <span class='ocrx_word' id='word_1_290' title='bbox 467 4045 480 4056; x_wconf 90' lang='grc'><strong>·</strong></span> <span class='ocrx_word' id='word_1_291' title='bbox 514 4028 609 4080; x_wconf 74' lang='grc' dir='ltr'><strong>καὶ</strong></span> <span class='ocrx_word' id='word_1_292' title='bbox 653 4028 807 4089; x_wconf 72' lang='grc' dir='ltr'>εἰδὼς</span> <span class='ocrx_word' id='word_1_293' title='bbox 840 4028 1004 4080; x_wconf 77' lang='grc' dir='ltr'>αὑτὸν</span> <span class='ocrx_word' id='word_1_294' title='bbox 1035 4031 1356 4101; x_wconf 77' lang='grc' dir='ltr'>ἁμαρτωλὸν</span> <span class='ocrx_word' id='word_1_295' title='bbox 1388 4032 1484 4101; x_wconf 86' lang='grc' dir='ltr'><strong>ούχ</strong></span> <span class='ocrx_word' id='word_1_296' title='bbox 1528 4032 1824 4104; x_wconf 74' lang='grc' dir='ltr'>ἡσύχαζεν,</span> 
     </span>
    </p>
   </div>
   <div class='ocr_carea' id='block_1_44' title="bbox 240 4120 1823 4191">
    <p class='ocr_par' dir='ltr' id='par_1_44' title="bbox 240 4120 1823 4191">
     <span class='ocr_line' id='line_1_44' title="bbox 240 4120 1823 4191; baseline 0.002 -17"><span class='ocrx_word' id='word_1_297' title='bbox 240 4122 378 4174; x_wconf 81' lang='grc' dir='ltr'>ἀλλὰ</span> <span class='ocrx_word' id='word_1_298' title='bbox 408 4120 701 4190; x_wconf 77' lang='grc' dir='ltr'>μοιχεύων,</span> <span class='ocrx_word' id='word_1_299' title='bbox 731 4120 916 4189; x_wconf 79' lang='grc' dir='ltr'>φορῶν</span> <span class='ocrx_word' id='word_1_300' title='bbox 943 4120 1002 4172; x_wconf 82' lang='grc' dir='ltr'>τὸ</span> <span class='ocrx_word' id='word_1_301' title='bbox 1033 4121 1295 4190; x_wconf 74' lang='grc' dir='ltr'>φελὼνιον</span> <span class='ocrx_word' id='word_1_302' title='bbox 1326 4123 1491 4175; x_wconf 79' lang='grc' dir='ltr'>αὑτοῦ</span> <span class='ocrx_word' id='word_1_303' title='bbox 1525 4126 1823 4191; x_wconf 80' lang='grc' dir='ltr'>ίεράτευεν,</span> 
     </span>
    </p>
   </div>
   <div class='ocr_carea' id='block_1_45' title="bbox 243 4212 1827 4281">
    <p class='ocr_par' dir='ltr' id='par_1_45' title="bbox 243 4212 1827 4281">
     <span class='ocr_line' id='line_1_45' title="bbox 243 4212 1827 4281; baseline 0.003 -15"><span class='ocrx_word' id='word_1_304' title='bbox 243 4212 608 4281; x_wconf 65' lang='grc' dir='ltr'>καταφρονῶν</span> <span class='ocrx_word' id='word_1_305' title='bbox 646 4212 757 4265; x_wconf 89' lang='grc' dir='ltr'><strong>τῶν</strong></span> <span class='ocrx_word' id='word_1_306' title='bbox 805 4212 1089 4275; x_wconf 73' lang='grc' dir='ltr'>ζωοποιῶν</span> <span class='ocrx_word' id='word_1_307' title='bbox 1139 4215 1365 4268; x_wconf 78' lang='grc' dir='ltr'>ἐκείνων</span> <span class='ocrx_word' id='word_1_308' title='bbox 1416 4218 1511 4269; x_wconf 69' lang='grc' dir='ltr'>καὶ</span> <span class='ocrx_word' id='word_1_309' title='bbox 1541 4217 1827 4271; x_wconf 78' lang='grc' dir='ltr'>ἀθανάτων</span> 
     </span>
    </p>
   </div>
   <div class='ocr_carea' id='block_1_46' title="bbox 248 4303 1828 4381">
    <p class='ocr_par' dir='ltr' id='par_1_46' title="bbox 248 4303 1828 4381">
     <span class='ocr_line' id='line_1_46' title="bbox 248 4303 1828 4381; baseline 0.004 -25"><span class='ocrx_word' id='word_1_310' title='bbox 248 4303 572 4374; x_wconf 84' lang='grc' dir='ltr'>μυστηρίων</span> <span class='ocrx_word' id='word_1_311' title='bbox 599 4321 612 4334; x_wconf 81' lang='grc'><em>’</em></span> <span class='ocrx_word' id='word_1_312' title='bbox 659 4306 754 4356; x_wconf 84' lang='grc' dir='ltr'><strong>καί</strong></span> <span class='ocrx_word' id='word_1_313' title='bbox 801 4303 1022 4368; x_wconf 76' lang='grc' dir='ltr'>εἴκαζεν</span> <span class='ocrx_word' id='word_1_314' title='bbox 1058 4305 1139 4359; x_wconf 82' lang='grc' dir='ltr'>ὅτι</span> <span class='ocrx_word' id='word_1_315' title='bbox 1171 4306 1354 4360; x_wconf 82' lang='grc' dir='ltr'>λαθεῖν</span> <span class='ocrx_word' id='word_1_316' title='bbox 1396 4307 1509 4378; x_wconf 79' lang='grc' dir='ltr'>ἔχει</span> <span class='ocrx_word' id='word_1_317' title='bbox 1538 4310 1723 4381; x_wconf 79' lang='grc' dir='ltr'>Κυρίῳ</span> <span class='ocrx_word' id='word_1_318' title='bbox 1751 4311 1828 4380; x_wconf 84' lang='grc' dir='ltr'>τῷ</span> 
     </span>
    </p>
   </div>
   <div class='ocr_carea' id='block_1_47' title="bbox 241 4396 1831 4471">
    <p class='ocr_par' dir='ltr' id='par_1_47' title="bbox 241 4396 1831 4471">
     <span class='ocr_line' id='line_1_47' title="bbox 241 4396 1831 4471; baseline 0.003 -22"><span class='ocrx_word' id='word_1_319' title='bbox 241 4398 365 4466; x_wconf 72' lang='grc' dir='ltr'>θεῷ</span> <span class='ocrx_word' id='word_1_320' title='bbox 413 4396 593 4466; x_wconf 79' lang='grc' dir='ltr'>ἡμῶν.</span> <span class='ocrx_word' id='word_1_321' title='bbox 658 4397 857 4465; x_wconf 81' lang='grc' dir='ltr'>Ἰερεὺς</span> <span class='ocrx_word' id='word_1_322' title='bbox 888 4398 999 4467; x_wconf 82' lang='grc' dir='ltr'>γάρ</span> <span class='ocrx_word' id='word_1_323' title='bbox 1034 4398 1250 4467; x_wconf 63' lang='grc' dir='ltr'>πόρνος.</span> <span class='ocrx_word' id='word_1_324' title='bbox 1303 4401 1396 4452; x_wconf 76' lang='grc' dir='ltr'>καὶ</span> <span class='ocrx_word' id='word_1_325' title='bbox 1425 4400 1671 4463; x_wconf 78' lang='grc' dir='ltr'>διάκονος</span> <span class='ocrx_word' id='word_1_326' title='bbox 1711 4419 1831 4471; x_wconf 90' lang='grc' dir='ltr'>μοι-</span> 
     </span>
    </p>
   </div>
   <div class='ocr_carea' id='block_1_48' title="bbox 244 4491 1828 4567">
    <p class='ocr_par' dir='ltr' id='par_1_48' title="bbox 244 4491 1828 4567">
     <span class='ocr_line' id='line_1_48' title="bbox 244 4491 1828 4567; baseline 0.002 -23"><span class='ocrx_word' id='word_1_327' title='bbox 244 4493 340 4563; x_wconf 83' lang='grc' dir='ltr'><strong>χός</strong></span> <span class='ocrx_word' id='word_1_328' title='bbox 394 4509 454 4543; x_wconf 87' lang='grc' dir='ltr'><strong>τε</strong></span> <span class='ocrx_word' id='word_1_329' title='bbox 508 4491 728 4560; x_wconf 82' lang='grc' dir='ltr'>πόρνος,</span> <span class='ocrx_word' id='word_1_330' title='bbox 780 4492 1179 4563; x_wconf 83' lang='grc' dir='ltr'>ἑπικατάρατοι</span> <span class='ocrx_word' id='word_1_331' title='bbox 1235 4494 1449 4548; x_wconf 84' lang='grc' dir='ltr'>ἔσονται</span> <span class='ocrx_word' id='word_1_332' title='bbox 1508 4497 1696 4567; x_wconf 80' lang='grc' dir='ltr'>Κυρίῳ</span> <span class='ocrx_word' id='word_1_333' title='bbox 1750 4496 1828 4567; x_wconf 83' lang='grc' dir='ltr'>τῷ</span> 
     </span>
    </p>
   </div>
   <div class='ocr_carea' id='block_1_49' title="bbox 244 4570 1903 4657">
    <p class='ocr_par' dir='ltr' id='par_1_49' title="bbox 244 4570 1903 4657">
     <span class='ocr_line' id='line_1_49' title="bbox 244 4570 1903 4657; baseline 0.003 -21"><span class='ocrx_word' id='word_1_334' title='bbox 244 4585 367 4653; x_wconf 83' lang='grc' dir='ltr'><strong>Θεῷ</strong></span> <span class='ocrx_word' id='word_1_335' title='bbox 402 4598 417 4613; x_wconf 77' lang='grc'><em>’</em></span> <span class='ocrx_word' id='word_1_336' title='bbox 466 4584 602 4635; x_wconf 77' lang='grc' dir='ltr'>πολὺ</span> <span class='ocrx_word' id='word_1_337' title='bbox 648 4584 757 4652; x_wconf 74' lang='grc' dir='ltr'>γὰρ</span> <span class='ocrx_word' id='word_1_338' title='bbox 799 4582 1003 4649; x_wconf 64' lang='grc' dir='ltr'>ὀφείλει</span> <span class='ocrx_word' id='word_1_339' title='bbox 1048 4582 1290 4652; x_wconf 69' lang='grc' dir='ltr'>καθαρὸς</span> <span class='ocrx_word' id='word_1_340' title='bbox 1333 4582 1474 4639; x_wconf 84' lang='grc' dir='ltr'>εἶναι</span> <span class='ocrx_word' id='word_1_341' title='bbox 1511 4589 1538 4639; x_wconf 91' lang='lat'><strong>6</strong></span> <span class='ocrx_word' id='word_1_342' title='bbox 1573 4587 1650 4657; x_wconf 85' lang='grc' dir='ltr'>τῷ</span> <span class='ocrx_word' id='word_1_343' title='bbox 1686 4588 1825 4657; x_wconf 82' lang='grc' dir='ltr'>ἁγίῳ</span> <span class='ocrx_word' id='word_1_344' title='bbox 1861 4570 1903 4624; x_wconf 81' lang='grc' dir='ltr'>Ῑ)</span> 
     </span>
    </p>
   </div>
   <div class='ocr_carea' id='block_1_50' title="bbox 246 4674 1827 4748">
    <p class='ocr_par' dir='ltr' id='par_1_50' title="bbox 246 4674 1827 4748">
     <span class='ocr_line' id='line_1_50' title="bbox 246 4674 1827 4748; baseline 0.003 -21"><span class='ocrx_word' id='word_1_345' title='bbox 246 4675 627 4743; x_wconf 71' lang='grc' dir='ltr'>θυσιαστηρίῳ</span> <span class='ocrx_word' id='word_1_346' title='bbox 669 4676 1103 4743; x_wconf 84' lang='grc' dir='ltr'>παριστάμενος.</span> <span class='ocrx_word' id='word_1_347' title='bbox 1146 4677 1216 4728; x_wconf 74' lang='grc' dir='ltr'>Σὺ</span> <span class='ocrx_word' id='word_1_348' title='bbox 1248 4678 1357 4748; x_wconf 70' lang='grc' dir='ltr'>γάρ</span> <span class='ocrx_word' id='word_1_349' title='bbox 1403 4674 1571 4744; x_wconf 77' lang='grc' dir='ltr'>οἶδας,</span> <span class='ocrx_word' id='word_1_350' title='bbox 1616 4681 1827 4747; x_wconf 81' lang='grc' dir='ltr'>τέκνον,</span> 
     </span>
    </p>
   </div>
   <div class='ocr_carea' id='block_1_51' title="bbox 245 4766 1832 4841">
    <p class='ocr_par' dir='ltr' id='par_1_51' title="bbox 245 4766 1832 4841">
     <span class='ocr_line' id='line_1_51' title="bbox 245 4766 1832 4841; baseline 0.001 -20"><span class='ocrx_word' id='word_1_351' title='bbox 245 4770 328 4821; x_wconf 81' lang='grc' dir='ltr'>ὅτι</span> <span class='ocrx_word' id='word_1_352' title='bbox 368 4767 397 4817; x_wconf 91' lang='lat'><strong>6</strong></span> <span class='ocrx_word' id='word_1_353' title='bbox 433 4766 565 4826; x_wconf 81' lang='grc' dir='ltr'>Θεὸς</span> <span class='ocrx_word' id='word_1_354' title='bbox 618 4768 898 4837; x_wconf 73' lang='grc' dir='ltr'>ῥυπαροὺς</span> <span class='ocrx_word' id='word_1_355' title='bbox 947 4767 1224 4837; x_wconf 78' lang='grc' dir='ltr'>ὑπηρέτας</span> <span class='ocrx_word' id='word_1_356' title='bbox 1282 4769 1343 4821; x_wconf 83' lang='grc' dir='ltr'><strong>ού</strong></span> <span class='ocrx_word' id='word_1_357' title='bbox 1399 4770 1640 4840; x_wconf 74' lang='grc' dir='ltr'>χρῄζει·</span> <span class='ocrx_word' id='word_1_358' title='bbox 1681 4773 1832 4841; x_wconf 85' lang='grc' dir='ltr'>μισεῖ</span> 
     </span>
    </p>
   </div>
   <div class='ocr_carea' id='block_1_52' title="bbox 244 4856 1826 4929">
    <p class='ocr_par' dir='ltr' id='par_1_52' title="bbox 244 4856 1826 4929">
     <span class='ocr_line' id='line_1_52' title="bbox 244 4856 1826 4929; baseline 0.003 -19"><span class='ocrx_word' id='word_1_359' title='bbox 244 4863 359 4928; x_wconf 69' lang='grc' dir='ltr'><strong>γὰρ</strong></span> <span class='ocrx_word' id='word_1_360' title='bbox 409 4860 603 4925; x_wconf 73' lang='grc' dir='ltr'>γενεὰν</span> <span class='ocrx_word' id='word_1_361' title='bbox 646 4856 927 4928; x_wconf 80' lang='grc' dir='ltr'>μοιχαλίδα</span> <span class='ocrx_word' id='word_1_362' title='bbox 974 4861 1068 4912; x_wconf 77' lang='grc' dir='ltr'>καὶ</span> <span class='ocrx_word' id='word_1_363' title='bbox 1119 4860 1466 4929; x_wconf 87' lang='grc' dir='ltr'>ἀμαρτωλόν.</span> <span class='ocrx_word' id='word_1_364' title='bbox 1530 4861 1826 4924; x_wconf 76' lang='grc' dir='ltr'>Εὶκάζουσί</span> 
     </span>
    </p>
   </div>
   <div class='ocr_carea' id='block_1_53' title="bbox 245 4949 1829 5024">
    <p class='ocr_par' dir='ltr' id='par_1_53' title="bbox 245 4949 1829 5024">
     <span class='ocr_line' id='line_1_53' title="bbox 245 4949 1829 5024; baseline 0.002 -20"><span class='ocrx_word' id='word_1_365' title='bbox 245 4967 394 5012; x_wconf 80' lang='grc' dir='ltr'>τινες</span> <span class='ocrx_word' id='word_1_366' title='bbox 444 4949 553 5002; x_wconf 87' lang='grc' dir='ltr'><strong>τῶν</strong></span> <span class='ocrx_word' id='word_1_367' title='bbox 598 4950 925 5021; x_wconf 82' lang='grc' dir='ltr'>ἀνθρώπων,</span> <span class='ocrx_word' id='word_1_368' title='bbox 956 4952 1038 5003; x_wconf 79' lang='grc' dir='ltr'>ὅτι</span> <span class='ocrx_word' id='word_1_369' title='bbox 1079 4951 1247 5021; x_wconf 80' lang='grc' dir='ltr'>μῦθός</span> <span class='ocrx_word' id='word_1_370' title='bbox 1278 4954 1395 5006; x_wconf 71' lang='grc' dir='ltr'>ἐστι</span> <span class='ocrx_word' id='word_1_371' title='bbox 1438 4953 1506 5005; x_wconf 67' lang='grc' dir='ltr'>τὰ</span> <span class='ocrx_word' id='word_1_372' title='bbox 1533 4955 1641 5006; x_wconf 82' lang='grc' dir='ltr'><strong>τῶν</strong></span> <span class='ocrx_word' id='word_1_373' title='bbox 1689 4956 1829 5024; x_wconf 80' lang='grc' dir='ltr'>Χρι-</span> 
     </span>
    </p>
   </div>
   <div class='ocr_carea' id='block_1_54' title="bbox 248 5044 1834 5118">
    <p class='ocr_par' dir='ltr' id='par_1_54' title="bbox 248 5044 1834 5118">
     <span class='ocr_line' id='line_1_54' title="bbox 248 5044 1834 5118; baseline 0.002 -21"><span class='ocrx_word' id='word_1_374' title='bbox 248 5046 487 5098; x_wconf 85' lang='grc' dir='ltr'>στιανῶν</span> <span class='ocrx_word' id='word_1_375' title='bbox 537 5044 917 5114; x_wconf 82' lang='grc' dir='ltr'>διαγγέλματα</span> <span class='ocrx_word' id='word_1_376' title='bbox 950 5062 965 5079; x_wconf 80' lang='grc' dir='ltr'><strong>ο</strong></span> <span class='ocrx_word' id='word_1_377' title='bbox 1017 5046 1139 5099; x_wconf 80' lang='grc' dir='ltr'>ὅθεν</span> <span class='ocrx_word' id='word_1_378' title='bbox 1172 5048 1316 5111; x_wconf 80' lang='grc' dir='ltr'>τινὲς</span> <span class='ocrx_word' id='word_1_379' title='bbox 1357 5048 1453 5101; x_wconf 70' lang='grc' dir='ltr'>καὶ</span> <span class='ocrx_word' id='word_1_380' title='bbox 1484 5048 1677 5118; x_wconf 80' lang='grc' dir='ltr'>ἀηδίαν</span> <span class='ocrx_word' id='word_1_381' title='bbox 1703 5066 1834 5117; x_wconf 79' lang='grc' dir='ltr'>φαν-</span> 
     </span>
    </p>
   </div>
   <div class='ocr_carea' id='block_1_55' title="bbox 248 5136 1833 5211">
    <p class='ocr_par' dir='ltr' id='par_1_55' title="bbox 248 5136 1833 5211">
     <span class='ocr_line' id='line_1_55' title="bbox 248 5136 1833 5211; baseline 0.001 -20"><span class='ocrx_word' id='word_1_382' title='bbox 248 5140 536 5201; x_wconf 74' lang='grc' dir='ltr'>τάζονται,</span> <span class='ocrx_word' id='word_1_383' title='bbox 568 5136 737 5199; x_wconf 87' lang='grc' dir='ltr'>λίθοις</span> <span class='ocrx_word' id='word_1_384' title='bbox 772 5137 957 5207; x_wconf 86' lang='grc' dir='ltr'>βυθοίς</span> <span class='ocrx_word' id='word_1_385' title='bbox 982 5140 1419 5211; x_wconf 79' lang='grc' dir='ltr'>ἀμαυρούμενοι,</span> <span class='ocrx_word' id='word_1_386' title='bbox 1466 5142 1557 5194; x_wconf 76' lang='grc' dir='ltr'>καὶ</span> <span class='ocrx_word' id='word_1_387' title='bbox 1583 5141 1833 5194; x_wconf 79' lang='grc' dir='ltr'>ἐντεῦθεν</span> 
     </span>
    </p>
   </div>
   <div class='ocr_carea' id='block_1_56' title="bbox 246 5228 1833 5301">
    <p class='ocr_par' dir='ltr' id='par_1_56' title="bbox 246 5228 1833 5301">
     <span class='ocr_line' id='line_1_56' title="bbox 246 5228 1833 5301; baseline 0.001 -17"><span class='ocrx_word' id='word_1_388' title='bbox 246 5231 425 5293; x_wconf 80' lang='grc' dir='ltr'>ἀδεῶς</span> <span class='ocrx_word' id='word_1_389' title='bbox 457 5228 671 5282; x_wconf 83' lang='grc' dir='ltr'>ποιοῦσι</span> <span class='ocrx_word' id='word_1_390' title='bbox 719 5229 787 5283; x_wconf 75' lang='grc' dir='ltr'><strong>τὰ</strong></span> <span class='ocrx_word' id='word_1_391' title='bbox 822 5230 1143 5301; x_wconf 84' lang='grc' dir='ltr'>καταθύμια</span> <span class='ocrx_word' id='word_1_392' title='bbox 1167 5247 1182 5261; x_wconf 86' lang='grc'><em>’</em></span> <span class='ocrx_word' id='word_1_393' title='bbox 1212 5233 1304 5285; x_wconf 75' lang='grc' dir='ltr'>καὶ</span> <span class='ocrx_word' id='word_1_394' title='bbox 1334 5234 1432 5287; x_wconf 81' lang='grc' dir='ltr'>οὐκ</span> <span class='ocrx_word' id='word_1_395' title='bbox 1467 5233 1641 5286; x_wconf 71' lang='grc' dir='ltr'>οἴδασι</span> <span class='ocrx_word' id='word_1_396' title='bbox 1682 5234 1833 5296; x_wconf 84' lang='grc' dir='ltr'>ποῖός</span> 
     </span>
    </p>
   </div>
   <div class='ocr_carea' id='block_1_57' title="bbox 246 5320 1831 5394">
    <p class='ocr_par' dir='ltr' id='par_1_57' title="bbox 246 5320 1831 5394">
     <span class='ocr_line' id='line_1_57' title="bbox 246 5320 1831 5394; baseline 0.003 -21"><span class='ocrx_word' id='word_1_397' title='bbox 246 5324 400 5373; x_wconf 80' lang='grc' dir='ltr'>ἐστιν</span> <span class='ocrx_word' id='word_1_398' title='bbox 457 5321 487 5372; x_wconf 91' lang='lat'><strong>6</strong></span> <span class='ocrx_word' id='word_1_399' title='bbox 539 5320 756 5390; x_wconf 87' lang='grc' dir='ltr'>δράκων</span> <span class='ocrx_word' id='word_1_400' title='bbox 801 5321 994 5391; x_wconf 77' lang='grc' dir='ltr'>ἄγριος</span> <span class='ocrx_word' id='word_1_401' title='bbox 1042 5323 1138 5376; x_wconf 68' lang='grc' dir='ltr'>καὶ</span> <span class='ocrx_word' id='word_1_402' title='bbox 1189 5326 1406 5394; x_wconf 84' lang='grc' dir='ltr'>πικρὸς,</span> <span class='ocrx_word' id='word_1_403' title='bbox 1440 5326 1467 5377; x_wconf 84' lang='lat'><strong>6</strong></span> <span class='ocrx_word' id='word_1_404' title='bbox 1498 5323 1592 5376; x_wconf 86' lang='grc' dir='ltr'><strong>τοῦ</strong></span> <span class='ocrx_word' id='word_1_405' title='bbox 1623 5324 1831 5392; x_wconf 79' lang='grc' dir='ltr'>κόσμου</span> 
     </span>
    </p>
   </div>
   <div class='ocr_carea' id='block_1_58' title="bbox 248 5415 1832 5484">
    <p class='ocr_par' dir='ltr' id='par_1_58' title="bbox 248 5415 1832 5484">
     <span class='ocr_line' id='line_1_58' title="bbox 248 5415 1832 5484; baseline 0.001 -17"><span class='ocrx_word' id='word_1_406' title='bbox 248 5418 467 5483; x_wconf 79' lang='grc' dir='ltr'>ἄρχων,</span> <span class='ocrx_word' id='word_1_407' title='bbox 519 5415 687 5483; x_wconf 75' lang='grc' dir='ltr'>φημὶ,</span> <span class='ocrx_word' id='word_1_408' title='bbox 741 5416 768 5467; x_wconf 87' lang='grc' dir='ltr'>ὁ</span> <span class='ocrx_word' id='word_1_409' title='bbox 815 5415 1279 5484; x_wconf 84' lang='grc' dir='ltr'>ἀποστελλόμενος</span> <span class='ocrx_word' id='word_1_410' title='bbox 1331 5417 1409 5479; x_wconf 86' lang='grc' dir='ltr'><strong>είς</strong></span> <span class='ocrx_word' id='word_1_411' title='bbox 1444 5417 1563 5480; x_wconf 83' lang='grc' dir='ltr'>ἐνὸς</span> <span class='ocrx_word' id='word_1_412' title='bbox 1602 5416 1832 5469; x_wconf 80' lang='grc' dir='ltr'>ἑκάστου</span> 
     </span>
    </p>
   </div>
   <div class='ocr_carea' id='block_1_59' title="bbox 250 5509 1834 5580">
    <p class='ocr_par' dir='ltr' id='par_1_59' title="bbox 250 5509 1834 5580">
     <span class='ocr_line' id='line_1_59' title="bbox 250 5509 1834 5580; baseline 0.001 -19"><span class='ocrx_word' id='word_1_413' title='bbox 250 5509 485 5561; x_wconf 67' lang='grc' dir='ltr'>θάνατον</span> <span class='ocrx_word' id='word_1_414' title='bbox 539 5509 632 5561; x_wconf 81' lang='grc' dir='ltr'><strong>τοῦ</strong></span> <span class='ocrx_word' id='word_1_415' title='bbox 686 5510 916 5580; x_wconf 78' lang='grc' dir='ltr'>ἑρευνᾷν</span> <span class='ocrx_word' id='word_1_416' title='bbox 965 5510 1033 5562; x_wconf 80' lang='grc' dir='ltr'><strong>τά</strong></span> <span class='ocrx_word' id='word_1_417' title='bbox 1080 5513 1291 5580; x_wconf 61' lang='grc' dir='ltr'>ποιηρά</span> <span class='ocrx_word' id='word_1_418' title='bbox 1339 5510 1497 5578; x_wconf 71' lang='grc' dir='ltr'>ἔργα,</span> <span class='ocrx_word' id='word_1_419' title='bbox 1542 5512 1634 5563; x_wconf 73' lang='grc' dir='ltr'>καὶ</span> <span class='ocrx_word' id='word_1_420' title='bbox 1679 5511 1834 5580; x_wconf 78' lang='grc' dir='ltr'>δίκην</span> 
     </span>
    </p>
   </div>
   <div class='ocr_carea' id='block_1_60' title="bbox 246 5601 1834 5672">
    <p class='ocr_par' dir='ltr' id='par_1_60' title="bbox 246 5601 1834 5672">
     <span class='ocr_line' id='line_1_60' title="bbox 246 5601 1834 5672; baseline 0.003 -20"><span class='ocrx_word' id='word_1_421' title='bbox 246 5601 557 5671; x_wconf 77' lang='grc' dir='ltr'>λαμϐάνειν</span> <span class='ocrx_word' id='word_1_422' title='bbox 604 5603 745 5672; x_wconf 82' lang='grc' dir='ltr'><strong>μετά</strong></span> <span class='ocrx_word' id='word_1_423' title='bbox 798 5602 907 5656; x_wconf 84' lang='grc' dir='ltr'><strong>τῶν</strong></span> <span class='ocrx_word' id='word_1_424' title='bbox 961 5604 1209 5672; x_wconf 78' lang='grc' dir='ltr'>ἀγγέλων</span> <span class='ocrx_word' id='word_1_425' title='bbox 1255 5603 1347 5655; x_wconf 81' lang='grc' dir='ltr'><strong>τοῦ</strong></span> <span class='ocrx_word' id='word_1_426' title='bbox 1396 5603 1532 5656; x_wconf 83' lang='grc' dir='ltr'>Θεοῦ</span> <span class='ocrx_word' id='word_1_427' title='bbox 1565 5603 1695 5672; x_wconf 78' lang='grc' dir='ltr'>περὶ</span> <span class='ocrx_word' id='word_1_428' title='bbox 1725 5604 1834 5656; x_wconf 83' lang='grc' dir='ltr'><strong>τῶν</strong></span> 
     </span>
    </p>
   </div>
   <div class='ocr_carea' id='block_1_61' title="bbox 249 5691 1833 5768">
    <p class='ocr_par' dir='ltr' id='par_1_61' title="bbox 249 5691 1833 5768">
     <span class='ocr_line' id='line_1_61' title="bbox 249 5691 1833 5768; baseline -0.008 -20"><span class='ocrx_word' id='word_1_429' title='bbox 249 5693 701 5764; x_wconf 75' lang='grc' dir='ltr'>ἁμαρτησάντων</span> <span class='ocrx_word' id='word_1_430' title='bbox 747 5691 955 5763; x_wconf 75' lang='grc' dir='ltr'>ψυχῶν,</span> <span class='ocrx_word' id='word_1_431' title='bbox 998 5695 1100 5749; x_wconf 81' lang='grc' dir='ltr'><strong>ποῦ</strong></span> <span class='ocrx_word' id='word_1_432' title='bbox 1140 5696 1171 5765; x_wconf 75' lang='grc' dir='ltr'>ἦ</span> <span class='ocrx_word' id='word_1_433' title='bbox 1205 5696 1320 5758; x_wconf 81' lang='grc' dir='ltr'><strong>πῶς</strong></span> <span class='ocrx_word' id='word_1_434' title='bbox 1349 5695 1487 5768; x_wconf 69' lang='grc' dir='ltr'>εὕρῃ</span> <span class='ocrx_word' id='word_1_435' title='bbox 1533 5696 1630 5763; x_wconf 62' lang='grc' dir='ltr'>τὴν</span> <span class='ocrx_word' id='word_1_436' title='bbox 1655 5696 1833 5766; x_wconf 58' lang='grc' dir='ltr'>ψυχὴν</span> 
     </span>
    </p>
   </div>
   <div class='ocr_carea' id='block_1_62' title="bbox 250 5787 1837 5862">
    <p class='ocr_par' dir='ltr' id='par_1_62' title="bbox 250 5787 1837 5862">
     <span class='ocr_line' id='line_1_62' title="bbox 250 5787 1837 5862; baseline -0.018 -21"><span class='ocrx_word' id='word_1_437' title='bbox 250 5792 351 5857; x_wconf 71' lang='grc' dir='ltr'>τὴν</span> <span class='ocrx_word' id='word_1_438' title='bbox 406 5789 471 5841; x_wconf 74' lang='grc' dir='ltr'>τὸ</span> <span class='ocrx_word' id='word_1_439' title='bbox 532 5790 723 5852; x_wconf 77' lang='grc' dir='ltr'>σκότος</span> <span class='ocrx_word' id='word_1_440' title='bbox 775 5789 1164 5858; x_wconf 51' lang='lat' dir='ltr'><strong>aquatum»,</strong></span> <span class='ocrx_word' id='word_1_441' title='bbox 1229 5789 1375 5851; x_wconf 77' lang='grc' dir='ltr'>ὅπως</span> <span class='ocrx_word' id='word_1_442' title='bbox 1448 5787 1837 5862; x_wconf 55' lang='grc' dir='ltr'><strong>κληρονομήσῃ</strong></span> 
     </span>
    </p>
   </div>
   <div class='ocr_carea' id='block_1_63' title="bbox 254 5899 448 5951">
    <p class='ocr_par' dir='ltr' id='par_1_63' title="bbox 254 5899 448 5951">
     <span class='ocr_line' id='line_1_63' title="bbox 254 5899 448 5951; baseline 0.005 -16"><span class='ocrx_word' id='word_1_443' title='bbox 254 5899 448 5951; x_wconf 80' lang='grc' dir='ltr'>αυτην.</span> 
     </span>
    </p>
   </div>
   <div class='ocr_carea' id='block_1_64' title="bbox 1901 630 3469 705">
    <p class='ocr_par' dir='ltr' id='par_1_64' title="bbox 1901 630 3469 705">
     <span class='ocr_line' id='line_1_64' title="bbox 1901 630 3469 705; baseline -0.004 -19"><span class='ocrx_word' id='word_1_444' title='bbox 1901 652 1996 705; x_wconf 80' lang='lat' dir='ltr'><strong>pro</strong></span> <span class='ocrx_word' id='word_1_445' title='bbox 2026 638 2223 698; x_wconf 89' lang='lat' dir='ltr'><strong>amico,</strong></span> <span class='ocrx_word' id='word_1_446' title='bbox 2263 643 2322 688; x_wconf 92' lang='lat' dir='ltr'><strong>ut</strong></span> <span class='ocrx_word' id='word_1_447' title='bbox 2344 650 2411 688; x_wconf 92' lang='lat' dir='ltr'><strong>ne</strong></span> <span class='ocrx_word' id='word_1_448' title='bbox 2442 635 2807 687; x_wconf 84' lang='lat' dir='ltr'><strong>incesseretur</strong></span> <span class='ocrx_word' id='word_1_449' title='bbox 2840 630 3306 701; x_wconf 77' lang='lat' dir='ltr'><strong>castigareturque</strong></span> <span class='ocrx_word' id='word_1_450' title='bbox 3362 637 3469 682; x_wconf 85' lang='lat' dir='ltr'><strong>tam</strong></span> 
     </span>
    </p>
   </div>
   <div class='ocr_carea' id='block_1_65' title="bbox 1900 721 3473 783">
    <p class='ocr_par' dir='ltr' id='par_1_65' title="bbox 1900 721 3473 783">
     <span class='ocr_line' id='line_1_65' title="bbox 1900 721 3473 783; baseline -0.008 -1"><span class='ocrx_word' id='word_1_451' title='bbox 1900 730 2208 783; x_wconf 74' lang='lat' dir='ltr'><strong>immaniter</strong></span> <span class='ocrx_word' id='word_1_452' title='bbox 2242 741 2272 780; x_wconf 87' lang='lat' dir='ltr'><strong>a</strong></span> <span class='ocrx_word' id='word_1_453' title='bbox 2308 724 2596 778; x_wconf 68' lang='lat' dir='ltr'><strong>dmmonio.</strong></span> <span class='ocrx_word' id='word_1_454' title='bbox 2648 725 2716 777; x_wconf 78' lang='lat' dir='ltr'><strong>At</strong></span> <span class='ocrx_word' id='word_1_455' title='bbox 2747 737 2875 775; x_wconf 79' lang='lat' dir='ltr'><strong>vero</strong></span> <span class='ocrx_word' id='word_1_456' title='bbox 2934 723 3020 774; x_wconf 86' lang='lat' dir='ltr'><strong>ubi</strong></span> <span class='ocrx_word' id='word_1_457' title='bbox 3052 721 3309 783; x_wconf 85' lang='lat' dir='ltr'><strong>Satanas,</strong></span> <span class='ocrx_word' id='word_1_458' title='bbox 3346 736 3473 773; x_wconf 87' lang='lat' dir='ltr'><strong>cum</strong></span> 
     </span>
    </p>
   </div>
   <div class='ocr_carea' id='block_1_66' title="bbox 1903 813 3473 890">
    <p class='ocr_par' dir='ltr' id='par_1_66' title="bbox 1903 813 3473 890">
     <span class='ocr_line' id='line_1_66' title="bbox 1903 813 3473 890; baseline -0.008 -15"><span class='ocrx_word' id='word_1_459' title='bbox 1903 822 2105 890; x_wconf 89' lang='lat' dir='ltr'><strong>reliqua</strong></span> <span class='ocrx_word' id='word_1_460' title='bbox 2162 821 2467 873; x_wconf 69' lang='lat' dir='ltr'><strong>daemonum</strong></span> <span class='ocrx_word' id='word_1_461' title='bbox 2526 816 2702 881; x_wconf 89' lang='lat' dir='ltr'><strong>turba,</strong></span> <span class='ocrx_word' id='word_1_462' title='bbox 2736 816 2789 868; x_wconf 89' lang='lat' dir='ltr'><strong>in</strong></span> <span class='ocrx_word' id='word_1_463' title='bbox 2838 816 3019 867; x_wconf 80' lang='lat' dir='ltr'><strong>outnia</strong></span> <span class='ocrx_word' id='word_1_464' title='bbox 3067 813 3255 868; x_wconf 86' lang='lat' dir='ltr'><strong>sedulo</strong></span> <span class='ocrx_word' id='word_1_465' title='bbox 3298 826 3473 866; x_wconf 83' lang='lat' dir='ltr'><strong>tun-n-</strong></span> 
     </span>
    </p>
   </div>
   <div class='ocr_carea' id='block_1_67' title="bbox 1904 902 3470 981">
    <p class='ocr_par' dir='ltr' id='par_1_67' title="bbox 1904 902 3470 981">
     <span class='ocr_line' id='line_1_67' title="bbox 1904 902 3470 981; baseline -0.008 -16"><span class='ocrx_word' id='word_1_466' title='bbox 1904 915 2035 981; x_wconf 59' lang='lat' dir='ltr'><strong>tus,‘</strong></span> <span class='ocrx_word' id='word_1_467' title='bbox 2062 909 2419 978; x_wconf 73' lang='lat' dir='ltr'><strong>deprehendit</strong></span> <span class='ocrx_word' id='word_1_468' title='bbox 2455 914 2698 960; x_wconf 90' lang='lat' dir='ltr'><strong>orantem</strong></span> <span class='ocrx_word' id='word_1_469' title='bbox 2728 904 3087 974; x_wconf 85' lang='lat' dir='ltr'><strong>Epiphanium</strong></span> <span class='ocrx_word' id='word_1_470' title='bbox 3150 906 3287 971; x_wconf 69' lang='lat' dir='ltr'><strong>(erat</strong></span> <span class='ocrx_word' id='word_1_471' title='bbox 3327 902 3470 954; x_wconf 80' lang='lat' dir='ltr'><strong>enim</strong></span> 
     </span>
    </p>
   </div>
   <div class='ocr_carea' id='block_1_68' title="bbox 1902 996 3473 1064">
    <p class='ocr_par' dir='ltr' id='par_1_68' title="bbox 1902 996 3473 1064">
     <span class='ocr_line' id='line_1_68' title="bbox 1902 996 3473 1064; baseline -0.007 -7"><span class='ocrx_word' id='word_1_472' title='bbox 1902 1003 2029 1057; x_wconf 90' lang='lat' dir='ltr'><strong>mali</strong></span> <span class='ocrx_word' id='word_1_473' title='bbox 2066 1000 2406 1055; x_wconf 90' lang='lat' dir='ltr'><strong>machinator</strong></span> <span class='ocrx_word' id='word_1_474' title='bbox 2438 999 2761 1053; x_wconf 84' lang='lat' dir='ltr'><strong>insolentior</strong></span> <span class='ocrx_word' id='word_1_475' title='bbox 2791 998 3178 1064; x_wconf 87' lang='lat' dir='ltr'><strong>audaciorque,</strong></span> <span class='ocrx_word' id='word_1_476' title='bbox 3229 996 3373 1064; x_wconf 87' lang='lat' dir='ltr'><strong>quod</strong></span> <span class='ocrx_word' id='word_1_477' title='bbox 3399 996 3473 1047; x_wconf 87' lang='lat' dir='ltr'><strong>illi</strong></span> 
     </span>
    </p>
   </div>
   <div class='ocr_carea' id='block_1_69' title="bbox 1899 1087 3475 1165">
    <p class='ocr_par' dir='ltr' id='par_1_69' title="bbox 1899 1087 3475 1165">
     <span class='ocr_line' id='line_1_69' title="bbox 1899 1087 3475 1165; baseline -0.006 -18"><span class='ocrx_word' id='word_1_478' title='bbox 1899 1096 2009 1165; x_wconf 87' lang='lat' dir='ltr'><strong>jam</strong></span> <span class='ocrx_word' id='word_1_479' title='bbox 2071 1109 2217 1147; x_wconf 87' lang='lat' dir='ltr'><strong>nunc</strong></span> <span class='ocrx_word' id='word_1_480' title='bbox 2270 1092 2610 1161; x_wconf 85' lang='lat' dir='ltr'><strong>adjudieatus</strong></span> <span class='ocrx_word' id='word_1_481' title='bbox 2652 1089 2920 1143; x_wconf 77' lang='lat' dir='ltr'><strong>videretur</strong></span> <span class='ocrx_word' id='word_1_482' title='bbox 2977 1090 3141 1157; x_wconf 65' lang='lat' dir='ltr'><strong>aager)</strong></span> <span class='ocrx_word' id='word_1_483' title='bbox 3184 1087 3475 1141; x_wconf 79' lang='lat' dir='ltr'><strong>consilium</strong></span> 
     </span>
    </p>
   </div>
   <div class='ocr_carea' id='block_1_70' title="bbox 1906 1177 3479 1257">
    <p class='ocr_par' dir='ltr' id='par_1_70' title="bbox 1906 1177 3479 1257">
     <span class='ocr_line' id='line_1_70' title="bbox 1906 1177 3479 1257; baseline -0.009 -17"><span class='ocrx_word' id='word_1_484' title='bbox 1906 1187 2025 1240; x_wconf 90' lang='lat' dir='ltr'><strong>iniit</strong></span> <span class='ocrx_word' id='word_1_485' title='bbox 2054 1183 2421 1257; x_wconf 63' lang='lat' dir='ltr'><strong>prtecipitandi</strong></span> <span class='ocrx_word' id='word_1_486' title='bbox 2458 1182 2601 1250; x_wconf 89' lang='lat' dir='ltr'><strong>pium</strong></span> <span class='ocrx_word' id='word_1_487' title='bbox 2629 1180 3029 1235; x_wconf 83' lang='lat' dir='ltr'><strong>adolescentem</strong></span> <span class='ocrx_word' id='word_1_488' title='bbox 3060 1194 3185 1233; x_wconf 90' lang='lat' dir='ltr'><strong>cum</strong></span> <span class='ocrx_word' id='word_1_489' title='bbox 3219 1177 3347 1232; x_wconf 86' lang='lat' dir='ltr'><strong>sede</strong></span> <span class='ocrx_word' id='word_1_490' title='bbox 3380 1191 3479 1230; x_wconf 89' lang='lat' dir='ltr'><strong>sua</strong></span> 
     </span>
    </p>
   </div>
   <div class='ocr_carea' id='block_1_71' title="bbox 1905 1269 3482 1348">
    <p class='ocr_par' dir='ltr' id='par_1_71' title="bbox 1905 1269 3482 1348">
     <span class='ocr_line' id='line_1_71' title="bbox 1905 1269 3482 1348; baseline -0.009 -14"><span class='ocrx_word' id='word_1_491' title='bbox 1905 1280 1957 1334; x_wconf 88' lang='lat' dir='ltr'><strong>in</strong></span> <span class='ocrx_word' id='word_1_492' title='bbox 1986 1279 2339 1348; x_wconf 84' lang='lat' dir='ltr'><strong>propinquam</strong></span> <span class='ocrx_word' id='word_1_493' title='bbox 2394 1274 2575 1329; x_wconf 88' lang='lat' dir='ltr'><strong>domui</strong></span> <span class='ocrx_word' id='word_1_494' title='bbox 2615 1281 2966 1327; x_wconf 81' lang='lat' dir='ltr'><strong>cataractam.</strong></span> <span class='ocrx_word' id='word_1_495' title='bbox 3016 1270 3212 1324; x_wconf 76' lang='lat' dir='ltr'><strong>Verum</strong></span> <span class='ocrx_word' id='word_1_496' title='bbox 3249 1269 3482 1337; x_wconf 87' lang='lat' dir='ltr'><strong>Epipha-</strong></span> 
     </span>
    </p>
   </div>
   <div class='ocr_carea' id='block_1_72' title="bbox 1908 1361 3479 1438">
    <p class='ocr_par' dir='ltr' id='par_1_72' title="bbox 1908 1361 3479 1438">
     <span class='ocr_line' id='line_1_72' title="bbox 1908 1361 3479 1438; baseline -0.008 -14"><span class='ocrx_word' id='word_1_497' title='bbox 1908 1372 2050 1432; x_wconf 84' lang='lat' dir='ltr'><strong>nius,</strong></span> <span class='ocrx_word' id='word_1_498' title='bbox 2109 1368 2438 1438; x_wconf 67' lang='lat' dir='ltr'><strong>praecoguito</strong></span> <span class='ocrx_word' id='word_1_499' title='bbox 2460 1364 2849 1419; x_wconf 83' lang='lat' dir='ltr'><strong>macltiuatoris</strong></span> <span class='ocrx_word' id='word_1_500' title='bbox 2883 1362 3135 1424; x_wconf 89' lang='lat' dir='ltr'><strong>consilio,</strong></span> <span class='ocrx_word' id='word_1_501' title='bbox 3194 1361 3479 1416; x_wconf 85' lang='lat' dir='ltr'><strong>confestim</strong></span> 
     </span>
    </p>
   </div>
   <div class='ocr_carea' id='block_1_73' title="bbox 1908 1451 3485 1531">
    <p class='ocr_par' dir='ltr' id='par_1_73' title="bbox 1908 1451 3485 1531">
     <span class='ocr_line' id='line_1_73' title="bbox 1908 1451 3485 1531; baseline -0.008 -15"><span class='ocrx_word' id='word_1_502' title='bbox 1908 1461 2178 1531; x_wconf 78' lang='lat' dir='ltr'><strong>surgendo</strong></span> <span class='ocrx_word' id='word_1_503' title='bbox 2221 1459 2434 1513; x_wconf 91' lang='lat' dir='ltr'><strong>irritum</strong></span> <span class='ocrx_word' id='word_1_504' title='bbox 2488 1466 2650 1524; x_wconf 88' lang='lat' dir='ltr'><strong>atque</strong></span> <span class='ocrx_word' id='word_1_505' title='bbox 2681 1455 2842 1507; x_wconf 86' lang='lat' dir='ltr'><strong>inane</strong></span> <span class='ocrx_word' id='word_1_506' title='bbox 2874 1454 3005 1506; x_wconf 88' lang='lat' dir='ltr'><strong>illttd</strong></span> <span class='ocrx_word' id='word_1_507' title='bbox 3039 1452 3187 1506; x_wconf 84' lang='lat' dir='ltr'><strong>fecit.</strong></span> <span class='ocrx_word' id='word_1_508' title='bbox 3235 1451 3485 1518; x_wconf 84' lang='lat' dir='ltr'><strong>Dejectus</strong></span> 
     </span>
    </p>
   </div>
   <div class='ocr_carea' id='block_1_74' title="bbox 1910 1544 3488 1622">
    <p class='ocr_par' dir='ltr' id='par_1_74' title="bbox 1910 1544 3488 1622">
     <span class='ocr_line' id='line_1_74' title="bbox 1910 1544 3488 1622; baseline -0.008 -15"><span class='ocrx_word' id='word_1_509' title='bbox 1910 1556 2089 1622; x_wconf 83' lang='lat' dir='ltr'><strong>itaque</strong></span> <span class='ocrx_word' id='word_1_510' title='bbox 2120 1566 2214 1621; x_wconf 87' lang='lat' dir='ltr'><strong>spe</strong></span> <span class='ocrx_word' id='word_1_511' title='bbox 2246 1565 2343 1604; x_wconf 91' lang='lat' dir='ltr'><strong>sua</strong></span> <span class='ocrx_word' id='word_1_512' title='bbox 2372 1560 2425 1602; x_wconf 85' lang='lat' dir='ltr'><strong>et</strong></span> <span class='ocrx_word' id='word_1_513' title='bbox 2462 1550 2673 1603; x_wconf 89' lang='lat' dir='ltr'><strong>intento</strong></span> <span class='ocrx_word' id='word_1_514' title='bbox 2707 1546 3076 1614; x_wconf 89' lang='lat' dir='ltr'><strong>nequissimus</strong></span> <span class='ocrx_word' id='word_1_515' title='bbox 3107 1544 3342 1602; x_wconf 69' lang='lat' dir='ltr'><strong>daemon.</strong></span> <span class='ocrx_word' id='word_1_516' title='bbox 3367 1558 3488 1596; x_wconf 86' lang='lat' dir='ltr'><strong>rur—</strong></span> 
     </span>
    </p>
   </div>
   <div class='ocr_carea' id='block_1_75' title="bbox 1911 1635 3486 1711">
    <p class='ocr_par' dir='ltr' id='par_1_75' title="bbox 1911 1635 3486 1711">
     <span class='ocr_line' id='line_1_75' title="bbox 1911 1635 3486 1711; baseline -0.008 -13"><span class='ocrx_word' id='word_1_517' title='bbox 1911 1660 2029 1698; x_wconf 89' lang='lat' dir='ltr'><strong>sum</strong></span> <span class='ocrx_word' id='word_1_518' title='bbox 2058 1659 2123 1697; x_wconf 73' lang='lat' dir='ltr'><strong>se.</strong></span> <span class='ocrx_word' id='word_1_519' title='bbox 2153 1646 2216 1697; x_wconf 90' lang='lat' dir='ltr'><strong>ad</strong></span> <span class='ocrx_word' id='word_1_520' title='bbox 2246 1656 2449 1711; x_wconf 69' lang='lat' dir='ltr'><strong>mgrnm</strong></span> <span class='ocrx_word' id='word_1_521' title='bbox 2499 1639 2861 1693; x_wconf 81' lang='lat' dir='ltr'><strong>divcxandum</strong></span> <span class='ocrx_word' id='word_1_522' title='bbox 2890 1636 3155 1691; x_wconf 86' lang='lat' dir='ltr'><strong>convertit</strong></span> <span class='ocrx_word' id='word_1_523' title='bbox 3184 1653 3195 1687; x_wconf 91' lang='lat'><strong>:</strong></span> <span class='ocrx_word' id='word_1_524' title='bbox 3222 1635 3315 1703; x_wconf 88' lang='lat' dir='ltr'><strong>qui</strong></span> <span class='ocrx_word' id='word_1_525' title='bbox 3363 1649 3486 1689; x_wconf 77' lang='lat' dir='ltr'><strong>mox</strong></span> 
     </span>
    </p>
   </div>
   <div class='ocr_carea' id='block_1_76' title="bbox 1912 1730 3493 1793">
    <p class='ocr_par' dir='ltr' id='par_1_76' title="bbox 1912 1730 3493 1793">
     <span class='ocr_line' id='line_1_76' title="bbox 1912 1730 3493 1793; baseline -0.008 -2"><span class='ocrx_word' id='word_1_526' title='bbox 1912 1737 2140 1791; x_wconf 89' lang='lat' dir='ltr'><strong>evellere</strong></span> <span class='ocrx_word' id='word_1_527' title='bbox 2185 1734 2288 1789; x_wconf 86' lang='lat' dir='ltr'><strong>sibi</strong></span> <span class='ocrx_word' id='word_1_528' title='bbox 2343 1731 2589 1793; x_wconf 85' lang='lat' dir='ltr'><strong>barbam,</strong></span> <span class='ocrx_word' id='word_1_529' title='bbox 2627 1740 2737 1783; x_wconf 85' lang='lat' dir='ltr'><strong>tum</strong></span> <span class='ocrx_word' id='word_1_530' title='bbox 2764 1730 3002 1784; x_wconf 83' lang='lat' dir='ltr'><strong>clamore</strong></span> <span class='ocrx_word' id='word_1_531' title='bbox 3042 1744 3144 1783; x_wconf 75' lang='lat' dir='ltr'><strong>suo</strong></span> <span class='ocrx_word' id='word_1_532' title='bbox 3183 1742 3367 1781; x_wconf 85' lang='lat' dir='ltr'><strong>vocem</strong></span> <span class='ocrx_word' id='word_1_533' title='bbox 3401 1742 3493 1779; x_wconf 82' lang='lat' dir='ltr'><strong>ca-</strong></span> 
     </span>
    </p>
   </div>
   <div class='ocr_carea' id='block_1_77' title="bbox 1917 1818 3493 1899">
    <p class='ocr_par' dir='ltr' id='par_1_77' title="bbox 1917 1818 3493 1899">
     <span class='ocr_line' id='line_1_77' title="bbox 1917 1818 3493 1899; baseline -0.006 -18"><span class='ocrx_word' id='word_1_534' title='bbox 1917 1845 2130 1899; x_wconf 85' lang='lat' dir='ltr'><strong>prarum</strong></span> <span class='ocrx_word' id='word_1_535' title='bbox 2192 1826 2414 1889; x_wconf 89' lang='lat' dir='ltr'><strong>imitari,</strong></span> <span class='ocrx_word' id='word_1_536' title='bbox 2474 1826 2608 1877; x_wconf 87' lang='lat' dir='ltr'><strong>alias</strong></span> <span class='ocrx_word' id='word_1_537' title='bbox 2645 1830 2855 1875; x_wconf 80' lang='lat' dir='ltr'><strong>exserta</strong></span> <span class='ocrx_word' id='word_1_538' title='bbox 2891 1822 3121 1889; x_wconf 85' lang='lat' dir='ltr'><strong>turpiter</strong></span> <span class='ocrx_word' id='word_1_539' title='bbox 3156 1835 3221 1873; x_wconf 84' lang='lat' dir='ltr'><strong>ex</strong></span> <span class='ocrx_word' id='word_1_540' title='bbox 3260 1834 3355 1873; x_wconf 90' lang='lat' dir='ltr'><strong>ore</strong></span> <span class='ocrx_word' id='word_1_541' title='bbox 3389 1818 3493 1871; x_wconf 86' lang='lat' dir='ltr'><strong>litt-</strong></span> 
     </span>
    </p>
   </div>
   <div class='ocr_carea' id='block_1_78' title="bbox 1917 1911 3495 1989">
    <p class='ocr_par' dir='ltr' id='par_1_78' title="bbox 1917 1911 3495 1989">
     <span class='ocr_line' id='line_1_78' title="bbox 1917 1911 3495 1989; baseline -0.01 -14"><span class='ocrx_word' id='word_1_542' title='bbox 1917 1939 2019 1989; x_wconf 63' lang='lat' dir='ltr'><strong>eua</strong></span> <span class='ocrx_word' id='word_1_543' title='bbox 2051 1921 2347 1973; x_wconf 79' lang='lat' dir='ltr'><strong>Iunatieum</strong></span> <span class='ocrx_word' id='word_1_544' title='bbox 2406 1931 2581 1983; x_wconf 80' lang='lat' dir='ltr'><strong>agere,</strong></span> <span class='ocrx_word' id='word_1_545' title='bbox 2605 1914 2738 1967; x_wconf 89' lang='lat' dir='ltr'><strong>alias</strong></span> <span class='ocrx_word' id='word_1_546' title='bbox 2775 1913 3008 1980; x_wconf 87' lang='lat' dir='ltr'><strong>denique</strong></span> <span class='ocrx_word' id='word_1_547' title='bbox 3046 1915 3219 1964; x_wconf 87' lang='lat' dir='ltr'><strong>instar</strong></span> <span class='ocrx_word' id='word_1_548' title='bbox 3263 1911 3495 1976; x_wconf 83' lang='lat' dir='ltr'><strong>pastori—</strong></span> 
     </span>
    </p>
   </div>
   <div class='ocr_carea' id='block_1_79' title="bbox 1916 2000 3492 2064">
    <p class='ocr_par' dir='ltr' id='par_1_79' title="bbox 1916 2000 3492 2064">
     <span class='ocr_line' id='line_1_79' title="bbox 1916 2000 3492 2064; baseline -0.008 0"><span class='ocrx_word' id='word_1_549' title='bbox 1916 2012 1971 2064; x_wconf 92' lang='lat' dir='ltr'><strong>tii</strong></span> <span class='ocrx_word' id='word_1_550' title='bbox 2021 2010 2175 2064; x_wconf 84' lang='lat' dir='ltr'><strong>canis</strong></span> <span class='ocrx_word' id='word_1_551' title='bbox 2231 2017 2336 2061; x_wconf 90' lang='lat' dir='ltr'><strong>tam</strong></span> <span class='ocrx_word' id='word_1_552' title='bbox 2387 2005 2609 2059; x_wconf 90' lang='lat' dir='ltr'><strong>terribili</strong></span> <span class='ocrx_word' id='word_1_553' title='bbox 2649 2004 2701 2057; x_wconf 92' lang='lat' dir='ltr'><strong>in</strong></span> <span class='ocrx_word' id='word_1_554' title='bbox 2739 2012 2980 2057; x_wconf 87' lang='lat' dir='ltr'><strong>astantes</strong></span> <span class='ocrx_word' id='word_1_555' title='bbox 3035 2002 3232 2055; x_wconf 84' lang='lat' dir='ltr'><strong>latratu</strong></span> <span class='ocrx_word' id='word_1_556' title='bbox 3289 2000 3492 2061; x_wconf 87' lang='lat' dir='ltr'><strong>furere,</strong></span> 
     </span>
    </p>
   </div>
   <div class='ocr_carea' id='block_1_80' title="bbox 1916 2092 3495 2170">
    <p class='ocr_par' dir='ltr' id='par_1_80' title="bbox 1916 2092 3495 2170">
     <span class='ocr_line' id='line_1_80' title="bbox 1916 2092 3495 2170; baseline -0.009 -13"><span class='ocrx_word' id='word_1_557' title='bbox 1916 2113 1975 2157; x_wconf 89' lang='lat' dir='ltr'><strong>ut</strong></span> <span class='ocrx_word' id='word_1_558' title='bbox 2009 2116 2205 2170; x_wconf 84' lang='lat' dir='ltr'><strong>magno</strong></span> <span class='ocrx_word' id='word_1_559' title='bbox 2231 2115 2420 2153; x_wconf 88' lang='lat' dir='ltr'><strong>omnes</strong></span> <span class='ocrx_word' id='word_1_560' title='bbox 2453 2098 2855 2164; x_wconf 88' lang='lat' dir='ltr'><strong>corripereulur</strong></span> <span class='ocrx_word' id='word_1_561' title='bbox 2907 2104 3077 2159; x_wconf 87' lang='lat' dir='ltr'><strong>metu,</strong></span> <span class='ocrx_word' id='word_1_562' title='bbox 3112 2094 3358 2146; x_wconf 85' lang='lat' dir='ltr'><strong>videntes</strong></span> <span class='ocrx_word' id='word_1_563' title='bbox 3383 2092 3495 2144; x_wconf 67' lang='grc' dir='ltr'>«ιω-</span> 
     </span>
    </p>
   </div>
   <div class='ocr_carea' id='block_1_81' title="bbox 1915 2187 3498 2263">
    <p class='ocr_par' dir='ltr' id='par_1_81' title="bbox 1915 2187 3498 2263">
     <span class='ocr_line' id='line_1_81' title="bbox 1915 2187 3498 2263; baseline -0.009 -14"><span class='ocrx_word' id='word_1_564' title='bbox 1915 2210 2129 2249; x_wconf 87' lang='lat' dir='ltr'><strong>monem</strong></span> <span class='ocrx_word' id='word_1_565' title='bbox 2157 2209 2252 2263; x_wconf 86' lang='lat' dir='ltr'><strong>per</strong></span> <span class='ocrx_word' id='word_1_566' title='bbox 2284 2208 2344 2247; x_wconf 92' lang='lat' dir='ltr'><strong>os</strong></span> <span class='ocrx_word' id='word_1_567' title='bbox 2378 2191 2737 2245; x_wconf 78' lang='lat' dir='ltr'><strong>adolescentis</strong></span> <span class='ocrx_word' id='word_1_568' title='bbox 2786 2189 2985 2242; x_wconf 91' lang='lat' dir='ltr'><strong>latrare</strong></span> <span class='ocrx_word' id='word_1_569' title='bbox 3018 2207 3029 2241; x_wconf 90' lang='lat'>:</span> <span class='ocrx_word' id='word_1_570' title='bbox 3062 2187 3498 2256; x_wconf 71' lang='lat' dir='ltr'><strong>percunctabatu-</strong></span> 
     </span>
    </p>
   </div>
   <div class='ocr_carea' id='block_1_82' title="bbox 1915 2274 3500 2352">
    <p class='ocr_par' dir='ltr' id='par_1_82' title="bbox 1915 2274 3500 2352">
     <span class='ocr_line' id='line_1_82' title="bbox 1915 2274 3500 2352; baseline -0.012 -10"><span class='ocrx_word' id='word_1_571' title='bbox 1915 2299 2001 2342; x_wconf 90' lang='lat' dir='ltr'><strong>tur</strong></span> <span class='ocrx_word' id='word_1_572' title='bbox 2041 2296 2221 2340; x_wconf 83' lang='lat' dir='ltr'><strong>autem</strong></span> <span class='ocrx_word' id='word_1_573' title='bbox 2252 2300 2314 2337; x_wconf 81' lang='lat' dir='ltr'><strong>ex</strong></span> <span class='ocrx_word' id='word_1_574' title='bbox 2364 2281 2691 2352; x_wconf 80' lang='lat' dir='ltr'><strong>Epiphanio,</strong></span> <span class='ocrx_word' id='word_1_575' title='bbox 2720 2282 2860 2334; x_wconf 87' lang='lat' dir='ltr'><strong>unde</strong></span> <span class='ocrx_word' id='word_1_576' title='bbox 2893 2287 3101 2331; x_wconf 86' lang='lat' dir='ltr'><strong>tantum</strong></span> <span class='ocrx_word' id='word_1_577' title='bbox 3169 2277 3352 2329; x_wconf 64' lang='lat' dir='ltr'><strong>liceret</strong></span> <span class='ocrx_word' id='word_1_578' title='bbox 3382 2274 3500 2326; x_wconf 85' lang='lat' dir='ltr'><strong>dia-</strong></span> 
     </span>
    </p>
   </div>
   <div class='ocr_carea' id='block_1_83' title="bbox 1919 2367 3496 2443">
    <p class='ocr_par' dir='ltr' id='par_1_83' title="bbox 1919 2367 3496 2443">
     <span class='ocr_line' id='line_1_83' title="bbox 1919 2367 3496 2443; baseline -0.009 -11"><span class='ocrx_word' id='word_1_579' title='bbox 1919 2379 2062 2443; x_wconf 87' lang='lat' dir='ltr'><strong>bolo,</strong></span> <span class='ocrx_word' id='word_1_580' title='bbox 2098 2386 2205 2431; x_wconf 87' lang='lat' dir='ltr'><strong>taut</strong></span> <span class='ocrx_word' id='word_1_581' title='bbox 2241 2376 2499 2429; x_wconf 73' lang='lat' dir='ltr'><strong>terribilia</strong></span> <span class='ocrx_word' id='word_1_582' title='bbox 2556 2372 2818 2441; x_wconf 85' lang='lat' dir='ltr'><strong>patranti.</strong></span> <span class='ocrx_word' id='word_1_583' title='bbox 2858 2370 3067 2435; x_wconf 79' lang='lat' dir='ltr'><strong>Quibus</strong></span> <span class='ocrx_word' id='word_1_584' title='bbox 3130 2367 3496 2436; x_wconf 76' lang='lat' dir='ltr'><strong>Epiphanius:</strong></span> 
     </span>
    </p>
   </div>
   <div class='ocr_carea' id='block_1_84' title="bbox 1917 2460 3501 2537">
    <p class='ocr_par' dir='ltr' id='par_1_84' title="bbox 1917 2460 3501 2537">
     <span class='ocr_line' id='line_1_84' title="bbox 1917 2460 3501 2537; baseline -0.009 -13"><span class='ocrx_word' id='word_1_585' title='bbox 1917 2470 2115 2525; x_wconf 88' lang='lat' dir='ltr'><strong>Nescio</strong></span> <span class='ocrx_word' id='word_1_586' title='bbox 2162 2468 2435 2537; x_wconf 74' lang='lat' dir='ltr'><strong>equidem,</strong></span> <span class='ocrx_word' id='word_1_587' title='bbox 2494 2465 2691 2518; x_wconf 79' lang='lat' dir='ltr'><strong>fratres</strong></span> <span class='ocrx_word' id='word_1_588' title='bbox 2740 2463 2882 2525; x_wconf 91' lang='lat' dir='ltr'><strong>mei,</strong></span> <span class='ocrx_word' id='word_1_589' title='bbox 2938 2460 3068 2530; x_wconf 84' lang='lat' dir='ltr'><strong>quid</strong></span> <span class='ocrx_word' id='word_1_590' title='bbox 3118 2461 3181 2513; x_wconf 89' lang='lat' dir='ltr'><strong>ad</strong></span> <span class='ocrx_word' id='word_1_591' title='bbox 3242 2463 3354 2511; x_wconf 78' lang='lat' dir='ltr'><strong>haec</strong></span> <span class='ocrx_word' id='word_1_592' title='bbox 3410 2472 3501 2510; x_wconf 90' lang='lat' dir='ltr'><strong>re-</strong></span> 
     </span>
    </p>
   </div>
   <div class='ocr_carea' id='block_1_85' title="bbox 1919 2552 3497 2632">
    <p class='ocr_par' dir='ltr' id='par_1_85' title="bbox 1919 2552 3497 2632">
     <span class='ocr_line' id='line_1_85' title="bbox 1919 2552 3497 2632; baseline -0.01 -14"><span class='ocrx_word' id='word_1_593' title='bbox 1919 2563 2102 2632; x_wconf 84' lang='lat' dir='ltr'><strong>sponsi</strong></span> <span class='ocrx_word' id='word_1_594' title='bbox 2124 2563 2243 2615; x_wconf 87' lang='lat' dir='ltr'><strong>dem</strong></span> <span class='ocrx_word' id='word_1_595' title='bbox 2272 2576 2284 2623; x_wconf 89' lang='lat'><strong>;</strong></span> <span class='ocrx_word' id='word_1_596' title='bbox 2313 2560 2417 2612; x_wconf 89' lang='lat' dir='ltr'><strong>nisi</strong></span> <span class='ocrx_word' id='word_1_597' title='bbox 2443 2558 2585 2627; x_wconf 88' lang='lat' dir='ltr'><strong>quod</strong></span> <span class='ocrx_word' id='word_1_598' title='bbox 2617 2555 2973 2613; x_wconf 70' lang='lat' dir='ltr'><strong>exsistimem,</strong></span> <span class='ocrx_word' id='word_1_599' title='bbox 3002 2554 3183 2622; x_wconf 78' lang='lat' dir='ltr'><strong>gravis</strong></span> <span class='ocrx_word' id='word_1_600' title='bbox 3214 2552 3497 2618; x_wconf 83' lang='lat' dir='ltr'><strong>cujusdam</strong></span> 
     </span>
    </p>
   </div>
   <div class='ocr_carea' id='block_1_86' title="bbox 1919 2642 3503 2719">
    <p class='ocr_par' dir='ltr' id='par_1_86' title="bbox 1919 2642 3503 2719">
     <span class='ocr_line' id='line_1_86' title="bbox 1919 2642 3503 2719; baseline -0.011 -10"><span class='ocrx_word' id='word_1_601' title='bbox 1919 2654 2144 2709; x_wconf 87' lang='lat' dir='ltr'><strong>sceleris</strong></span> <span class='ocrx_word' id='word_1_602' title='bbox 2179 2652 2358 2719; x_wconf 91' lang='lat' dir='ltr'><strong>ipsum</strong></span> <span class='ocrx_word' id='word_1_603' title='bbox 2392 2648 2727 2703; x_wconf 88' lang='lat' dir='ltr'><strong>conscientia</strong></span> <span class='ocrx_word' id='word_1_604' title='bbox 2761 2645 2956 2704; x_wconf 87' lang='lat' dir='ltr'><strong>teneri,</strong></span> <span class='ocrx_word' id='word_1_605' title='bbox 2980 2643 3123 2711; x_wconf 90' lang='lat' dir='ltr'><strong>quod</strong></span> <span class='ocrx_word' id='word_1_606' title='bbox 3152 2642 3204 2695; x_wconf 91' lang='lat' dir='ltr'><strong>in</strong></span> <span class='ocrx_word' id='word_1_607' title='bbox 3240 2642 3382 2694; x_wconf 87' lang='lat' dir='ltr'><strong>hunc</strong></span> <span class='ocrx_word' id='word_1_608' title='bbox 3411 2656 3503 2693; x_wconf 81' lang='lat' dir='ltr'><strong>us-</strong></span> 
     </span>
    </p>
   </div>
   <div class='ocr_carea' id='block_1_87' title="bbox 1918 2732 3501 2813">
    <p class='ocr_par' dir='ltr' id='par_1_87' title="bbox 1918 2732 3501 2813">
     <span class='ocr_line' id='line_1_87' title="bbox 1918 2732 3501 2813; baseline -0.008 -16"><span class='ocrx_word' id='word_1_609' title='bbox 1918 2761 2025 2813; x_wconf 88' lang='lat' dir='ltr'><strong>que</strong></span> <span class='ocrx_word' id='word_1_610' title='bbox 2060 2745 2197 2798; x_wconf 89' lang='lat' dir='ltr'><strong>dicm</strong></span> <span class='ocrx_word' id='word_1_611' title='bbox 2234 2740 2523 2795; x_wconf 86' lang='lat' dir='ltr'><strong>identidem</strong></span> <span class='ocrx_word' id='word_1_612' title='bbox 2554 2737 2849 2791; x_wconf 85' lang='lat' dir='ltr'><strong>admissum</strong></span> <span class='ocrx_word' id='word_1_613' title='bbox 2905 2748 3004 2788; x_wconf 90' lang='lat' dir='ltr'><strong>nec</strong></span> <span class='ocrx_word' id='word_1_614' title='bbox 3055 2732 3363 2787; x_wconf 67' lang='lat' dir='ltr'><strong>contitt-ndo</strong></span> <span class='ocrx_word' id='word_1_615' title='bbox 3401 2746 3501 2784; x_wconf 76' lang='lat' dir='ltr'><strong>nec</strong></span> 
     </span>
    </p>
   </div>
   <div class='ocr_carea' id='block_1_88' title="bbox 1921 2822 3504 2907">
    <p class='ocr_par' dir='ltr' id='par_1_88' title="bbox 1921 2822 3504 2907">
     <span class='ocr_line' id='line_1_88' title="bbox 1921 2822 3504 2907; baseline -0.013 -15"><span class='ocrx_word' id='word_1_616' title='bbox 1921 2836 2233 2907; x_wconf 74' lang='lat' dir='ltr'><strong>paenitendo</strong></span> <span class='ocrx_word' id='word_1_617' title='bbox 2299 2832 2526 2897; x_wconf 75' lang='lat' dir='ltr'><strong>delevit;</strong></span> <span class='ocrx_word' id='word_1_618' title='bbox 2585 2844 2649 2882; x_wconf 92' lang='lat' dir='ltr'><strong>ac</strong></span> <span class='ocrx_word' id='word_1_619' title='bbox 2684 2837 2989 2896; x_wconf 85' lang='lat' dir='ltr'><strong>propterea,</strong></span> <span class='ocrx_word' id='word_1_620' title='bbox 3022 2826 3097 2879; x_wconf 90' lang='lat' dir='ltr'><strong>uti</strong></span> <span class='ocrx_word' id='word_1_621' title='bbox 3161 2822 3504 2891; x_wconf 63' lang='lat' dir='ltr'><strong>impaeniten-</strong></span> 
     </span>
    </p>
   </div>
   <div class='ocr_carea' id='block_1_89' title="bbox 1923 2913 3506 2992">
    <p class='ocr_par' dir='ltr' id='par_1_89' title="bbox 1923 2913 3506 2992">
     <span class='ocr_line' id='line_1_89' title="bbox 1923 2913 3506 2992; baseline -0.01 -10"><span class='ocrx_word' id='word_1_622' title='bbox 1923 2940 2002 2984; x_wconf 89' lang='lat' dir='ltr'><strong>tes</strong></span> <span class='ocrx_word' id='word_1_623' title='bbox 2062 2928 2256 2990; x_wconf 88' lang='lat' dir='ltr'><strong>solent,</strong></span> <span class='ocrx_word' id='word_1_624' title='bbox 2288 2925 2342 2977; x_wconf 90' lang='lat' dir='ltr'><strong>in</strong></span> <span class='ocrx_word' id='word_1_625' title='bbox 2385 2922 2646 2992; x_wconf 64' lang='lat' dir='ltr'><strong>daemonis</strong></span> <span class='ocrx_word' id='word_1_626' title='bbox 2679 2920 2895 2973; x_wconf 88' lang='lat' dir='ltr'><strong>transiit</strong></span> <span class='ocrx_word' id='word_1_627' title='bbox 2944 2927 3286 2986; x_wconf 78' lang='lat' dir='ltr'><strong>petcstatem.</strong></span> <span class='ocrx_word' id='word_1_628' title='bbox 3339 2913 3506 2983; x_wconf 67' lang='lat' dir='ltr'><strong>A‘lger</strong></span> 
     </span>
    </p>
   </div>
   <div class='ocr_carea' id='block_1_90' title="bbox 1922 3006 3503 3074">
    <p class='ocr_par' dir='ltr' id='par_1_90' title="bbox 1922 3006 3503 3074">
     <span class='ocr_line' id='line_1_90' title="bbox 1922 3006 3503 3074; baseline -0.009 0"><span class='ocrx_word' id='word_1_629' title='bbox 1922 3030 2099 3074; x_wconf 90' lang='lat' dir='ltr'><strong>autem</strong></span> <span class='ocrx_word' id='word_1_630' title='bbox 2146 3018 2282 3072; x_wconf 86' lang='lat' dir='ltr'><strong>tales</strong></span> <span class='ocrx_word' id='word_1_631' title='bbox 2339 3016 2481 3069; x_wconf 82' lang='lat' dir='ltr'><strong>inter</strong></span> <span class='ocrx_word' id='word_1_632' title='bbox 2542 3013 2816 3068; x_wconf 85' lang='lat' dir='ltr'><strong>cruciatus</strong></span> <span class='ocrx_word' id='word_1_633' title='bbox 2874 3026 2935 3065; x_wconf 83' lang='lat' dir='ltr'><strong>ac</strong></span> <span class='ocrx_word' id='word_1_634' title='bbox 2971 3018 3239 3064; x_wconf 87' lang='lat' dir='ltr'><strong>tormenta</strong></span> <span class='ocrx_word' id='word_1_635' title='bbox 3287 3006 3503 3062; x_wconf 80' lang='lat' dir='ltr'><strong>vivendi</strong></span> 
     </span>
    </p>
   </div>
   <div class='ocr_carea' id='block_1_91' title="bbox 1925 3110 2273 3166">
    <p class='ocr_par' dir='ltr' id='par_1_91' title="bbox 1925 3110 2273 3166">
     <span class='ocr_line' id='line_1_91' title="bbox 1925 3110 2273 3166; baseline -0.011 0"><span class='ocrx_word' id='word_1_636' title='bbox 1925 3113 2084 3166; x_wconf 86' lang='lat' dir='ltr'><strong>finem</strong></span> <span class='ocrx_word' id='word_1_637' title='bbox 2124 3110 2273 3163; x_wconf 87' lang='lat' dir='ltr'><strong>fecit.</strong></span> 
     </span>
    </p>
   </div>
   <div class='ocr_carea' id='block_1_92' title="bbox 1997 3194 3507 3271">
    <p class='ocr_par' dir='ltr' id='par_1_92' title="bbox 1997 3194 3507 3271">
     <span class='ocr_line' id='line_1_92' title="bbox 1997 3194 3507 3271; baseline -0.007 -14"><span class='ocrx_word' id='word_1_638' title='bbox 1997 3205 2123 3257; x_wconf 76' lang='grc'><strong>151.</strong></span> <span class='ocrx_word' id='word_1_639' title='bbox 2195 3200 2533 3271; x_wconf 85' lang='lat' dir='ltr'><strong>Epiphanius</strong></span> <span class='ocrx_word' id='word_1_640' title='bbox 2594 3199 2874 3268; x_wconf 83' lang='lat' dir='ltr'><strong>aliquanto</strong></span> <span class='ocrx_word' id='word_1_641' title='bbox 2910 3205 3031 3265; x_wconf 87' lang='lat' dir='ltr'><strong>post</strong></span> <span class='ocrx_word' id='word_1_642' title='bbox 3081 3196 3295 3249; x_wconf 83' lang='lat' dir='ltr'><strong>obviam</strong></span> <span class='ocrx_word' id='word_1_643' title='bbox 3331 3194 3507 3247; x_wconf 81' lang='lat' dir='ltr'><strong>factus</strong></span> 
     </span>
    </p>
   </div>
   <div class='ocr_carea' id='block_1_93' title="bbox 1930 3286 3507 3357">
    <p class='ocr_par' dir='ltr' id='par_1_93' title="bbox 1930 3286 3507 3357">
     <span class='ocr_line' id='line_1_93' title="bbox 1930 3286 3507 3357; baseline -0.009 -6"><span class='ocrx_word' id='word_1_644' title='bbox 1930 3297 1989 3350; x_wconf 86' lang='grc' dir='ltr'><strong>Β.</strong></span> <span class='ocrx_word' id='word_1_645' title='bbox 2040 3296 2290 3357; x_wconf 83' lang='lat' dir='ltr'><strong>Andreae,</strong></span> <span class='ocrx_word' id='word_1_646' title='bbox 2316 3292 2569 3347; x_wconf 68' lang='lat' dir='ltr'><strong>&#39;narravit</strong></span> <span class='ocrx_word' id='word_1_647' title='bbox 2603 3291 2652 3345; x_wconf 90' lang='lat' dir='ltr'><strong>ei</strong></span> <span class='ocrx_word' id='word_1_648' title='bbox 2681 3294 2876 3345; x_wconf 87' lang='lat' dir='ltr'><strong>seriem</strong></span> <span class='ocrx_word' id='word_1_649' title='bbox 2914 3290 3084 3342; x_wconf 85' lang='lat' dir='ltr'><strong>totius</strong></span> <span class='ocrx_word' id='word_1_650' title='bbox 3126 3288 3236 3349; x_wconf 89' lang='lat' dir='ltr'><strong>rei,</strong></span> <span class='ocrx_word' id='word_1_651' title='bbox 3280 3286 3507 3353; x_wconf 80' lang='lat' dir='ltr'><strong>cupidus</strong></span> 
     </span>
    </p>
   </div>
   <div class='ocr_carea' id='block_1_94' title="bbox 1927 3377 3509 3452">
    <p class='ocr_par' dir='ltr' id='par_1_94' title="bbox 1927 3377 3509 3452">
     <span class='ocr_line' id='line_1_94' title="bbox 1927 3377 3509 3452; baseline -0.009 -8"><span class='ocrx_word' id='word_1_652' title='bbox 1927 3406 1993 3445; x_wconf 79' lang='lat' dir='ltr'><strong>ex</strong></span> <span class='ocrx_word' id='word_1_653' title='bbox 2025 3389 2120 3443; x_wconf 91' lang='lat' dir='ltr'><strong>illo</strong></span> <span class='ocrx_word' id='word_1_654' title='bbox 2149 3387 2358 3441; x_wconf 89' lang='lat' dir='ltr'><strong>discere</strong></span> <span class='ocrx_word' id='word_1_655' title='bbox 2410 3384 2761 3452; x_wconf 88' lang='lat' dir='ltr'><strong>quamobrem</strong></span> <span class='ocrx_word' id='word_1_656' title='bbox 2822 3380 3007 3434; x_wconf 79' lang='lat' dir='ltr'><strong>infelix</strong></span> <span class='ocrx_word' id='word_1_657' title='bbox 3052 3381 3153 3433; x_wconf 91' lang='lat' dir='ltr'><strong>iste</strong></span> <span class='ocrx_word' id='word_1_658' title='bbox 3195 3377 3509 3431; x_wconf 81' lang='lat' dir='ltr'><strong>adolescens</strong></span> 
     </span>
    </p>
   </div>
   <div class='ocr_carea' id='block_1_95' title="bbox 1927 3466 3509 3534">
    <p class='ocr_par' dir='ltr' id='par_1_95' title="bbox 1927 3466 3509 3534">
     <span class='ocr_line' id='line_1_95' title="bbox 1927 3466 3509 3534; baseline -0.009 -1"><span class='ocrx_word' id='word_1_659' title='bbox 1927 3480 2180 3534; x_wconf 88' lang='lat' dir='ltr'><strong>latrando</strong></span> <span class='ocrx_word' id='word_1_660' title='bbox 2238 3476 2289 3529; x_wconf 91' lang='lat' dir='ltr'><strong>in</strong></span> <span class='ocrx_word' id='word_1_661' title='bbox 2330 3474 2551 3528; x_wconf 88' lang='lat' dir='ltr'><strong>modum</strong></span> <span class='ocrx_word' id='word_1_662' title='bbox 2580 3474 2731 3526; x_wconf 87' lang='lat' dir='ltr'><strong>canis</strong></span> <span class='ocrx_word' id='word_1_663' title='bbox 2786 3486 2816 3524; x_wconf 91' lang='lat' dir='ltr'><strong>e</strong></span> <span class='ocrx_word' id='word_1_664' title='bbox 2850 3473 2986 3523; x_wconf 84' lang='lat' dir='ltr'><strong>vivis</strong></span> <span class='ocrx_word' id='word_1_665' title='bbox 3012 3470 3259 3523; x_wconf 82' lang='lat' dir='ltr'><strong>abiisset.</strong></span> <span class='ocrx_word' id='word_1_666' title='bbox 3292 3466 3390 3519; x_wconf 87' lang='lat' dir='ltr'><strong>Cui</strong></span> <span class='ocrx_word' id='word_1_667' title='bbox 3436 3468 3509 3519; x_wconf 87' lang='lat' dir='ltr'><strong>ita</strong></span> 
     </span>
    </p>
   </div>
   <div class='ocr_carea' id='block_1_96' title="bbox 1928 3558 3509 3628">
    <p class='ocr_par' dir='ltr' id='par_1_96' title="bbox 1928 3558 3509 3628">
     <span class='ocr_line' id='line_1_96' title="bbox 1928 3558 3509 3628; baseline -0.012 0"><span class='ocrx_word' id='word_1_668' title='bbox 1928 3582 2148 3628; x_wconf 87' lang='lat' dir='ltr'><strong>sanctus</strong></span> <span class='ocrx_word' id='word_1_669' title='bbox 2184 3587 2197 3623; x_wconf 91' lang='lat'>:</span> <span class='ocrx_word' id='word_1_670' title='bbox 2249 3567 2522 3620; x_wconf 83' lang='lat' dir='ltr'><strong>Tunsiste</strong></span> <span class='ocrx_word' id='word_1_671' title='bbox 2547 3564 2768 3624; x_wconf 88' lang='lat' dir='ltr'><strong>sodalis,</strong></span> <span class='ocrx_word' id='word_1_672' title='bbox 2815 3564 3062 3616; x_wconf 62' lang='lat' dir='ltr'><strong>moechus</strong></span> <span class='ocrx_word' id='word_1_673' title='bbox 3088 3569 3143 3615; x_wconf 87' lang='lat' dir='ltr'><strong>et</strong></span> <span class='ocrx_word' id='word_1_674' title='bbox 3185 3558 3509 3626; x_wconf 88' lang='lat' dir='ltr'><strong>injuriarum</strong></span> 
     </span>
    </p>
   </div>
   <div class='ocr_carea' id='block_1_97' title="bbox 1928 3653 3508 3733">
    <p class='ocr_par' dir='ltr' id='par_1_97' title="bbox 1928 3653 3508 3733">
     <span class='ocr_line' id='line_1_97' title="bbox 1928 3653 3508 3733; baseline -0.011 -16"><span class='ocrx_word' id='word_1_675' title='bbox 1928 3664 2195 3733; x_wconf 89' lang='lat' dir='ltr'><strong>imprimis</strong></span> <span class='ocrx_word' id='word_1_676' title='bbox 2228 3675 2434 3713; x_wconf 86' lang='lat' dir='ltr'><strong>memor</strong></span> <span class='ocrx_word' id='word_1_677' title='bbox 2486 3659 2604 3711; x_wconf 82' lang='lat' dir='ltr'><strong>fuit.</strong></span> <span class='ocrx_word' id='word_1_678' title='bbox 2662 3656 2771 3709; x_wconf 89' lang='lat' dir='ltr'><strong>Sua</strong></span> <span class='ocrx_word' id='word_1_679' title='bbox 2817 3669 3049 3723; x_wconf 82' lang='lat' dir='ltr'><strong>namque</strong></span> <span class='ocrx_word' id='word_1_680' title='bbox 3083 3653 3314 3722; x_wconf 77' lang='lat' dir='ltr'><strong>conjuge</strong></span> <span class='ocrx_word' id='word_1_681' title='bbox 3348 3666 3508 3717; x_wconf 88' lang='lat' dir='ltr'><strong>repu-</strong></span> 
     </span>
    </p>
   </div>
   <div class='ocr_carea' id='block_1_98' title="bbox 1929 3744 3506 3816">
    <p class='ocr_par' dir='ltr' id='par_1_98' title="bbox 1929 3744 3506 3816">
     <span class='ocr_line' id='line_1_98' title="bbox 1929 3744 3506 3816; baseline -0.011 -6"><span class='ocrx_word' id='word_1_682' title='bbox 1929 3757 2097 3816; x_wconf 87' lang='lat' dir='ltr'><strong>diata.</strong></span> <span class='ocrx_word' id='word_1_683' title='bbox 2136 3769 2261 3809; x_wconf 92' lang='lat' dir='ltr'><strong>cum</strong></span> <span class='ocrx_word' id='word_1_684' title='bbox 2298 3752 2553 3805; x_wconf 87' lang='lat' dir='ltr'><strong>ancillula</strong></span> <span class='ocrx_word' id='word_1_685' title='bbox 2586 3765 2680 3804; x_wconf 86' lang='lat' dir='ltr'><strong>sua</strong></span> <span class='ocrx_word' id='word_1_686' title='bbox 2745 3763 2838 3816; x_wconf 89' lang='lat' dir='ltr'><strong>per</strong></span> <span class='ocrx_word' id='word_1_687' title='bbox 2870 3761 3145 3799; x_wconf 88' lang='lat' dir='ltr'><strong>summum</strong></span> <span class='ocrx_word' id='word_1_688' title='bbox 3189 3744 3367 3798; x_wconf 86' lang='lat' dir='ltr'><strong>scelus</strong></span> <span class='ocrx_word' id='word_1_689' title='bbox 3398 3758 3506 3795; x_wconf 89' lang='lat' dir='ltr'><strong>rem</strong></span> 
     </span>
    </p>
   </div>
   <div class='ocr_carea' id='block_1_99' title="bbox 1933 3839 3508 3912">
    <p class='ocr_par' dir='ltr' id='par_1_99' title="bbox 1933 3839 3508 3912">
     <span class='ocr_line' id='line_1_99' title="bbox 1933 3839 3508 3912; baseline -0.011 -10"><span class='ocrx_word' id='word_1_690' title='bbox 1933 3847 2158 3911; x_wconf 87' lang='lat' dir='ltr'><strong>habuit;</strong></span> <span class='ocrx_word' id='word_1_691' title='bbox 2193 3858 2424 3912; x_wconf 88' lang='lat' dir='ltr'><strong>cumque</strong></span> <span class='ocrx_word' id='word_1_692' title='bbox 2470 3841 2685 3895; x_wconf 90' lang='lat' dir='ltr'><strong>diaconi</strong></span> <span class='ocrx_word' id='word_1_693' title='bbox 2729 3839 3041 3905; x_wconf 79' lang='lat' dir='ltr'><strong>fungeretur</strong></span> <span class='ocrx_word' id='word_1_694' title='bbox 3097 3849 3341 3897; x_wconf 89' lang='lat' dir='ltr'><strong>munere,</strong></span> <span class='ocrx_word' id='word_1_695' title='bbox 3400 3846 3508 3885; x_wconf 84' lang='lat' dir='ltr'><strong>non</strong></span> 
     </span>
    </p>
   </div>
   <div class='ocr_carea' id='block_1_100' title="bbox 1930 3926 3512 3994">
    <p class='ocr_par' dir='ltr' id='par_1_100' title="bbox 1930 3926 3512 3994">
     <span class='ocr_line' id='line_1_100' title="bbox 1930 3926 3512 3994; baseline -0.013 0"><span class='ocrx_word' id='word_1_696' title='bbox 1930 3939 2213 3994; x_wconf 80' lang='lat' dir='ltr'><strong>exhorruit</strong></span> <span class='ocrx_word' id='word_1_697' title='bbox 2276 3934 2609 3990; x_wconf 82' lang='lat' dir='ltr'><strong>tremendam</strong></span> <span class='ocrx_word' id='word_1_698' title='bbox 2644 3929 3039 3985; x_wconf 88' lang='lat' dir='ltr'><strong>inaccessibilis</strong></span> <span class='ocrx_word' id='word_1_699' title='bbox 3075 3926 3296 3979; x_wconf 74' lang='lat' dir='ltr'><strong>Deitatis</strong></span> <span class='ocrx_word' id='word_1_700' title='bbox 3323 3933 3512 3992; x_wconf 72' lang='lat' dir='ltr'><strong>poten-</strong></span> 
     </span>
    </p>
   </div>
   <div class='ocr_carea' id='block_1_101' title="bbox 1930 4017 3508 4094">
    <p class='ocr_par' dir='ltr' id='par_1_101' title="bbox 1930 4017 3508 4094">
     <span class='ocr_line' id='line_1_101' title="bbox 1930 4017 3508 4094; baseline -0.014 -9"><span class='ocrx_word' id='word_1_701' title='bbox 1930 4035 2058 4085; x_wconf 87' lang='lat' dir='ltr'><strong>tiam</strong></span> <span class='ocrx_word' id='word_1_702' title='bbox 2124 4029 2329 4090; x_wconf 80' lang='lat' dir='ltr'><strong>infelix,</strong></span> <span class='ocrx_word' id='word_1_703' title='bbox 2383 4028 2474 4081; x_wconf 90' lang='lat' dir='ltr'><strong>sed</strong></span> <span class='ocrx_word' id='word_1_704' title='bbox 2522 4022 2761 4094; x_wconf 84' lang='lat' dir='ltr'><strong>peccatis</strong></span> <span class='ocrx_word' id='word_1_705' title='bbox 2824 4021 3023 4088; x_wconf 86' lang='lat' dir='ltr'><strong>quibus</strong></span> <span class='ocrx_word' id='word_1_706' title='bbox 3068 4032 3125 4071; x_wconf 89' lang='lat' dir='ltr'><strong>se</strong></span> <span class='ocrx_word' id='word_1_707' title='bbox 3194 4017 3508 4069; x_wconf 84' lang='lat' dir='ltr'><strong>immersunt</strong></span> 
     </span>
    </p>
   </div>
   <div class='ocr_carea' id='block_1_102' title="bbox 1929 4114 3509 4190">
    <p class='ocr_par' dir='ltr' id='par_1_102' title="bbox 1929 4114 3509 4190">
     <span class='ocr_line' id='line_1_102' title="bbox 1929 4114 3509 4190; baseline -0.011 -14"><span class='ocrx_word' id='word_1_708' title='bbox 1929 4123 2141 4190; x_wconf 86' lang='lat' dir='ltr'><strong>penitus</strong></span> <span class='ocrx_word' id='word_1_709' title='bbox 2170 4135 2277 4174; x_wconf 85' lang='lat' dir='ltr'><strong>non</strong></span> <span class='ocrx_word' id='word_1_710' title='bbox 2306 4120 2611 4184; x_wconf 69' lang='lat' dir='ltr'><strong>ignorabat,</strong></span> <span class='ocrx_word' id='word_1_711' title='bbox 2646 4125 2869 4183; x_wconf 73' lang='lat' dir='ltr'><strong>peccata</strong></span> <span class='ocrx_word' id='word_1_712' title='bbox 2912 4114 3109 4167; x_wconf 79' lang='lat' dir='ltr'><strong>addere</strong></span> <span class='ocrx_word' id='word_1_713' title='bbox 3141 4126 3246 4164; x_wconf 88' lang='lat' dir='ltr'><strong>non</strong></span> <span class='ocrx_word' id='word_1_714' title='bbox 3289 4120 3509 4163; x_wconf 86' lang='lat' dir='ltr'><strong>cessans</strong></span> 
     </span>
    </p>
   </div>
   <div class='ocr_carea' id='block_1_103' title="bbox 1930 4203 3508 4283">
    <p class='ocr_par' dir='ltr' id='par_1_103' title="bbox 1930 4203 3508 4283">
     <span class='ocr_line' id='line_1_103' title="bbox 1930 4203 3508 4283; baseline -0.011 -15"><span class='ocrx_word' id='word_1_715' title='bbox 1930 4226 2091 4283; x_wconf 85' lang='lat' dir='ltr'><strong>atque</strong></span> <span class='ocrx_word' id='word_1_716' title='bbox 2145 4212 2428 4266; x_wconf 67' lang='lat' dir='ltr'><strong>adulteriis</strong></span> <span class='ocrx_word' id='word_1_717' title='bbox 2476 4210 2682 4263; x_wconf 90' lang='lat' dir='ltr'><strong>crebris</strong></span> <span class='ocrx_word' id='word_1_718' title='bbox 2708 4223 2765 4262; x_wconf 90' lang='lat' dir='ltr'><strong>se</strong></span> <span class='ocrx_word' id='word_1_719' title='bbox 2824 4207 3070 4276; x_wconf 90' lang='lat' dir='ltr'><strong>pollnens</strong></span> <span class='ocrx_word' id='word_1_720' title='bbox 3093 4242 3107 4266; x_wconf 91' lang='lat'><strong>,</strong></span> <span class='ocrx_word' id='word_1_721' title='bbox 3140 4203 3325 4256; x_wconf 88' lang='lat' dir='ltr'><strong>induto</strong></span> <span class='ocrx_word' id='word_1_722' title='bbox 3352 4216 3508 4255; x_wconf 84' lang='lat' dir='ltr'><strong>sacro</strong></span> 
     </span>
    </p>
   </div>
   <div class='ocr_carea' id='block_1_104' title="bbox 1931 4298 3511 4378">
    <p class='ocr_par' dir='ltr' id='par_1_104' title="bbox 1931 4298 3511 4378">
     <span class='ocr_line' id='line_1_104' title="bbox 1931 4298 3511 4378; baseline -0.009 -17"><span class='ocrx_word' id='word_1_723' title='bbox 1931 4308 2096 4378; x_wconf 90' lang='lat' dir='ltr'><strong>pallio</strong></span> <span class='ocrx_word' id='word_1_724' title='bbox 2144 4305 2388 4359; x_wconf 86' lang='lat' dir='ltr'><strong>divinum</strong></span> <span class='ocrx_word' id='word_1_725' title='bbox 2425 4318 2625 4357; x_wconf 87' lang='lat' dir='ltr'><strong>munus</strong></span> <span class='ocrx_word' id='word_1_726' title='bbox 2662 4302 2868 4365; x_wconf 84' lang='lat' dir='ltr'><strong>obibat,</strong></span> <span class='ocrx_word' id='word_1_727' title='bbox 2900 4299 3045 4353; x_wconf 90' lang='lat' dir='ltr'><strong>nulla</strong></span> <span class='ocrx_word' id='word_1_728' title='bbox 3075 4298 3511 4349; x_wconf 84' lang='lat' dir='ltr'><strong>viviticorumat-</strong></span> 
     </span>
    </p>
   </div>
   <div class='ocr_carea' id='block_1_105' title="bbox 1933 4390 3510 4469">
    <p class='ocr_par' dir='ltr' id='par_1_105' title="bbox 1933 4390 3510 4469">
     <span class='ocr_line' id='line_1_105' title="bbox 1933 4390 3510 4469; baseline -0.008 -18"><span class='ocrx_word' id='word_1_729' title='bbox 1933 4414 2039 4469; x_wconf 90' lang='lat' dir='ltr'><strong>que</strong></span> <span class='ocrx_word' id='word_1_730' title='bbox 2094 4396 2482 4450; x_wconf 86' lang='lat' dir='ltr'><strong>immortalium</strong></span> <span class='ocrx_word' id='word_1_731' title='bbox 2535 4394 2917 4464; x_wconf 83' lang='lat' dir='ltr'><strong>mysteriorum</strong></span> <span class='ocrx_word' id='word_1_732' title='bbox 3000 4400 3299 4443; x_wconf 77' lang='lat' dir='ltr'><strong>retereutta</strong></span> <span class='ocrx_word' id='word_1_733' title='bbox 3332 4404 3345 4440; x_wconf 87' lang='lat'>:</span> <span class='ocrx_word' id='word_1_734' title='bbox 3379 4390 3510 4455; x_wconf 85' lang='lat' dir='ltr'><strong>quin</strong></span> 
     </span>
    </p>
   </div>
   <div class='ocr_carea' id='block_1_106' title="bbox 1932 4481 3508 4558">
    <p class='ocr_par' dir='ltr' id='par_1_106' title="bbox 1932 4481 3508 4558">
     <span class='ocr_line' id='line_1_106' title="bbox 1932 4481 3508 4558; baseline -0.009 -15"><span class='ocrx_word' id='word_1_735' title='bbox 1932 4490 2094 4544; x_wconf 87' lang='lat' dir='ltr'><strong>etiam</strong></span> <span class='ocrx_word' id='word_1_736' title='bbox 2126 4487 2474 4558; x_wconf 87' lang='lat' dir='ltr'><strong>opinabatur,</strong></span> <span class='ocrx_word' id='word_1_737' title='bbox 2511 4486 2648 4539; x_wconf 92' lang='lat' dir='ltr'><strong>clam</strong></span> <span class='ocrx_word' id='word_1_738' title='bbox 2686 4484 2791 4537; x_wconf 83' lang='lat' dir='ltr'><strong>Deo</strong></span> <span class='ocrx_word' id='word_1_739' title='bbox 2824 4498 2887 4537; x_wconf 89' lang='lat' dir='ltr'><strong>ac</strong></span> <span class='ocrx_word' id='word_1_740' title='bbox 2928 4481 3157 4535; x_wconf 91' lang='lat' dir='ltr'><strong>Domino</strong></span> <span class='ocrx_word' id='word_1_741' title='bbox 3189 4492 3376 4532; x_wconf 86' lang='lat' dir='ltr'><strong>nostro</strong></span> <span class='ocrx_word' id='word_1_742' title='bbox 3411 4493 3508 4532; x_wconf 86' lang='lat' dir='ltr'><strong>sua</strong></span> 
     </span>
    </p>
   </div>
   <div class='ocr_carea' id='block_1_107' title="bbox 1934 4573 3513 4645">
    <p class='ocr_par' dir='ltr' id='par_1_107' title="bbox 1934 4573 3513 4645">
     <span class='ocr_line' id='line_1_107' title="bbox 1934 4573 3513 4645; baseline -0.009 -8"><span class='ocrx_word' id='word_1_743' title='bbox 1934 4582 2160 4638; x_wconf 87' lang='lat' dir='ltr'><strong>crimina</strong></span> <span class='ocrx_word' id='word_1_744' title='bbox 2218 4596 2358 4634; x_wconf 89' lang='lat' dir='ltr'><strong>csse.</strong></span> <span class='ocrx_word' id='word_1_745' title='bbox 2421 4578 2686 4631; x_wconf 79' lang='lat' dir='ltr'><strong>Sacerdos</strong></span> <span class='ocrx_word' id='word_1_746' title='bbox 2734 4577 2934 4645; x_wconf 83' lang='lat' dir='ltr'><strong>quippe</strong></span> <span class='ocrx_word' id='word_1_747' title='bbox 2973 4582 3261 4633; x_wconf 88' lang='lat' dir='ltr'><strong>scortator,</strong></span> <span class='ocrx_word' id='word_1_748' title='bbox 3322 4573 3513 4625; x_wconf 77' lang='lat' dir='ltr'><strong>etdia-</strong></span> 
     </span>
    </p>
   </div>
   <div class='ocr_carea' id='block_1_108' title="bbox 1941 4657 3511 4739">
    <p class='ocr_par' dir='ltr' id='par_1_108' title="bbox 1941 4657 3511 4739">
     <span class='ocr_line' id='line_1_108' title="bbox 1941 4657 3511 4739; baseline -0.01 -12"><span class='ocrx_word' id='word_1_749' title='bbox 1941 4689 2113 4727; x_wconf 84' lang='lat' dir='ltr'><strong>conus</strong></span> <span class='ocrx_word' id='word_1_750' title='bbox 2174 4672 2384 4725; x_wconf 88' lang='lat' dir='ltr'><strong>adulter</strong></span> <span class='ocrx_word' id='word_1_751' title='bbox 2443 4680 2605 4739; x_wconf 86' lang='lat' dir='ltr'><strong>atque</strong></span> <span class='ocrx_word' id='word_1_752' title='bbox 2640 4669 2984 4729; x_wconf 78' lang='lat' dir='ltr'><strong>fornicarius,</strong></span> <span class='ocrx_word' id='word_1_753' title='bbox 3040 4665 3312 4718; x_wconf 89' lang='lat' dir='ltr'><strong>maledicti</strong></span> <span class='ocrx_word' id='word_1_754' title='bbox 3349 4657 3511 4716; x_wconf 72' lang='lat' dir='ltr'><strong>erunl</strong></span> 
     </span>
    </p>
   </div>
   <div class='ocr_carea' id='block_1_109' title="bbox 1934 4760 3515 4830">
    <p class='ocr_par' dir='ltr' id='par_1_109' title="bbox 1934 4760 3515 4830">
     <span class='ocr_line' id='line_1_109' title="bbox 1934 4760 3515 4830; baseline -0.008 -13"><span class='ocrx_word' id='word_1_755' title='bbox 1934 4764 2163 4817; x_wconf 83' lang='lat' dir='ltr'><strong>Domino</strong></span> <span class='ocrx_word' id='word_1_756' title='bbox 2197 4764 2303 4817; x_wconf 86' lang='lat' dir='ltr'><strong>Deo</strong></span> <span class='ocrx_word' id='word_1_757' title='bbox 2337 4779 2351 4827; x_wconf 83' lang='lat'><strong>;</strong></span> <span class='ocrx_word' id='word_1_758' title='bbox 2385 4771 2597 4830; x_wconf 87' lang='lat' dir='ltr'><strong>oportet</strong></span> <span class='ocrx_word' id='word_1_759' title='bbox 2634 4761 2777 4814; x_wconf 88' lang='lat' dir='ltr'><strong>enim</strong></span> <span class='ocrx_word' id='word_1_760' title='bbox 2817 4760 2937 4812; x_wconf 76' lang='lat' dir='ltr'><strong>vitre</strong></span> <span class='ocrx_word' id='word_1_761' title='bbox 2972 4760 3243 4825; x_wconf 76' lang='lat' dir='ltr'><strong>integrum</strong></span> <span class='ocrx_word' id='word_1_762' title='bbox 3296 4771 3515 4821; x_wconf 84' lang='lat' dir='ltr'><strong>purum-</strong></span> 
     </span>
    </p>
   </div>
   <div class='ocr_carea' id='block_1_110' title="bbox 1933 4845 3510 4923">
    <p class='ocr_par' dir='ltr' id='par_1_110' title="bbox 1933 4845 3510 4923">
     <span class='ocr_line' id='line_1_110' title="bbox 1933 4845 3510 4923; baseline -0.01 -15"><span class='ocrx_word' id='word_1_763' title='bbox 1933 4870 2037 4923; x_wconf 90' lang='lat' dir='ltr'><strong>que</strong></span> <span class='ocrx_word' id='word_1_764' title='bbox 2064 4869 2206 4920; x_wconf 79' lang='lat' dir='ltr'><strong>esse,</strong></span> <span class='ocrx_word' id='word_1_765' title='bbox 2232 4855 2323 4922; x_wconf 89' lang='lat' dir='ltr'><strong>qui</strong></span> <span class='ocrx_word' id='word_1_766' title='bbox 2348 4854 2518 4907; x_wconf 86' lang='lat' dir='ltr'><strong>sacris</strong></span> <span class='ocrx_word' id='word_1_767' title='bbox 2539 4852 2805 4905; x_wconf 85' lang='lat' dir='ltr'><strong>altaribus</strong></span> <span class='ocrx_word' id='word_1_768' title='bbox 2836 4858 3035 4903; x_wconf 84' lang='lat' dir='ltr'><strong>aSIant.</strong></span> <span class='ocrx_word' id='word_1_769' title='bbox 3088 4848 3237 4901; x_wconf 84' lang='lat' dir='ltr'><strong>Nosti</strong></span> <span class='ocrx_word' id='word_1_770' title='bbox 3288 4845 3510 4915; x_wconf 73' lang='lat' dir='ltr'><strong>quippe,</strong></span> 
     </span>
    </p>
   </div>
   <div class='ocr_carea' id='block_1_111' title="bbox 1934 4934 3509 5012">
    <p class='ocr_par' dir='ltr' id='par_1_111' title="bbox 1934 4934 3509 5012">
     <span class='ocr_line' id='line_1_111' title="bbox 1934 4934 3509 5012; baseline -0.009 -12"><span class='ocrx_word' id='word_1_771' title='bbox 1934 4946 2029 5009; x_wconf 85' lang='lat' dir='ltr'><strong>fili,</strong></span> <span class='ocrx_word' id='word_1_772' title='bbox 2081 4946 2467 5012; x_wconf 87' lang='lat' dir='ltr'><strong>coinquinatos</strong></span> <span class='ocrx_word' id='word_1_773' title='bbox 2532 4940 3021 5011; x_wconf 75' lang='lat' dir='ltr'><strong>peccatisordibus</strong></span> <span class='ocrx_word' id='word_1_774' title='bbox 3061 4934 3509 5001; x_wconf 71' lang='lat' dir='ltr'><strong>ministrosrejiri</strong></span> 
     </span>
    </p>
   </div>
   <div class='ocr_carea' id='block_1_112' title="bbox 1934 5027 3514 5106">
    <p class='ocr_par' dir='ltr' id='par_1_112' title="bbox 1934 5027 3514 5106">
     <span class='ocr_line' id='line_1_112' title="bbox 1934 5027 3514 5106; baseline -0.011 -11"><span class='ocrx_word' id='word_1_775' title='bbox 1934 5057 1963 5095; x_wconf 86' lang='lat' dir='ltr'><strong>a</strong></span> <span class='ocrx_word' id='word_1_776' title='bbox 2022 5038 2151 5101; x_wconf 80' lang='lat' dir='ltr'><strong>Deo,</strong></span> <span class='ocrx_word' id='word_1_777' title='bbox 2225 5047 2410 5106; x_wconf 89' lang='lat' dir='ltr'><strong>utpote</strong></span> <span class='ocrx_word' id='word_1_778' title='bbox 2463 5036 2768 5104; x_wconf 87' lang='lat' dir='ltr'><strong>progeniem</strong></span> <span class='ocrx_word' id='word_1_779' title='bbox 2815 5032 3114 5085; x_wconf 88' lang='lat' dir='ltr'><strong>adulteram</strong></span> <span class='ocrx_word' id='word_1_780' title='bbox 3167 5038 3219 5082; x_wconf 90' lang='lat' dir='ltr'><strong>et</strong></span> <span class='ocrx_word' id='word_1_781' title='bbox 3257 5027 3514 5097; x_wconf 81' lang='lat' dir='ltr'><strong>peccatri-</strong></span> 
     </span>
    </p>
   </div>
   <div class='ocr_carea' id='block_1_113' title="bbox 1934 5118 3509 5200">
    <p class='ocr_par' dir='ltr' id='par_1_113' title="bbox 1934 5118 3509 5200">
     <span class='ocr_line' id='line_1_113' title="bbox 1934 5118 3509 5200; baseline -0.01 -12"><span class='ocrx_word' id='word_1_782' title='bbox 1934 5150 2049 5189; x_wconf 89' lang='lat' dir='ltr'><strong>cem</strong></span> <span class='ocrx_word' id='word_1_783' title='bbox 2108 5132 2234 5186; x_wconf 89' lang='lat' dir='ltr'><strong>odio</strong></span> <span class='ocrx_word' id='word_1_784' title='bbox 2282 5130 2497 5200; x_wconf 88' lang='lat' dir='ltr'><strong>capitali</strong></span> <span class='ocrx_word' id='word_1_785' title='bbox 2558 5136 2937 5197; x_wconf 86' lang='lat' dir='ltr'><strong>prosequente.</strong></span> <span class='ocrx_word' id='word_1_786' title='bbox 2999 5122 3138 5178; x_wconf 89' lang='lat' dir='ltr'><strong>Sunt</strong></span> <span class='ocrx_word' id='word_1_787' title='bbox 3170 5133 3371 5183; x_wconf 89' lang='lat' dir='ltr'><strong>tamen,</strong></span> <span class='ocrx_word' id='word_1_788' title='bbox 3421 5118 3509 5187; x_wconf 75' lang='lat' dir='ltr'><strong>qui</strong></span> 
     </span>
    </p>
   </div>
   <div class='ocr_carea' id='block_1_114' title="bbox 1935 5216 3514 5299">
    <p class='ocr_par' dir='ltr' id='par_1_114' title="bbox 1935 5216 3514 5299">
     <span class='ocr_line' id='line_1_114' title="bbox 1935 5216 3514 5299; baseline -0.011 -16"><span class='ocrx_word' id='word_1_789' title='bbox 1935 5232 2225 5299; x_wconf 80' lang='lat' dir='ltr'><strong>opinantur</strong></span> <span class='ocrx_word' id='word_1_790' title='bbox 2260 5240 2413 5279; x_wconf 83' lang='lat' dir='ltr'><strong>sacra</strong></span> <span class='ocrx_word' id='word_1_791' title='bbox 2473 5222 2907 5277; x_wconf 86' lang='lat' dir='ltr'><strong>Christianorum</strong></span> <span class='ocrx_word' id='word_1_792' title='bbox 2974 5217 3262 5285; x_wconf 84' lang='lat' dir='ltr'><strong>Evangelia</strong></span> <span class='ocrx_word' id='word_1_793' title='bbox 3309 5216 3514 5268; x_wconf 83' lang='lat' dir='ltr'><strong>fabula-</strong></span> 
     </span>
    </p>
   </div>
   <div class='ocr_carea' id='block_1_115' title="bbox 1936 5306 3515 5381">
    <p class='ocr_par' dir='ltr' id='par_1_115' title="bbox 1936 5306 3515 5381">
     <span class='ocr_line' id='line_1_115' title="bbox 1936 5306 3515 5381; baseline -0.011 -4"><span class='ocrx_word' id='word_1_794' title='bbox 1936 5338 2054 5377; x_wconf 88' lang='lat' dir='ltr'><strong>rum</strong></span> <span class='ocrx_word' id='word_1_795' title='bbox 2090 5320 2209 5374; x_wconf 90' lang='lat' dir='ltr'><strong>loco</strong></span> <span class='ocrx_word' id='word_1_796' title='bbox 2228 5317 2473 5373; x_wconf 85' lang='lat' dir='ltr'><strong>habenda</strong></span> <span class='ocrx_word' id='word_1_797' title='bbox 2510 5332 2524 5381; x_wconf 86' lang='lat'><strong>;</strong></span> <span class='ocrx_word' id='word_1_798' title='bbox 2567 5316 2710 5369; x_wconf 91' lang='lat' dir='ltr'><strong>unde</strong></span> <span class='ocrx_word' id='word_1_799' title='bbox 2739 5322 2793 5368; x_wconf 91' lang='lat' dir='ltr'><strong>et</strong></span> <span class='ocrx_word' id='word_1_800' title='bbox 2819 5311 3053 5365; x_wconf 89' lang='lat' dir='ltr'><strong>morosis</strong></span> <span class='ocrx_word' id='word_1_801' title='bbox 3096 5306 3515 5377; x_wconf 80' lang='lat' dir='ltr'><strong>cogitationibus</strong></span> 
     </span>
    </p>
   </div>
   <div class='ocr_carea' id='block_1_116' title="bbox 1938 5401 3516 5481">
    <p class='ocr_par' dir='ltr' id='par_1_116' title="bbox 1938 5401 3516 5481">
     <span class='ocr_line' id='line_1_116' title="bbox 1938 5401 3516 5481; baseline -0.011 -14"><span class='ocrx_word' id='word_1_802' title='bbox 1938 5414 2151 5476; x_wconf 90' lang='lat' dir='ltr'><strong>intenti,</strong></span> <span class='ocrx_word' id='word_1_803' title='bbox 2203 5411 2355 5481; x_wconf 86' lang='lat' dir='ltr'><strong>quasi</strong></span> <span class='ocrx_word' id='word_1_804' title='bbox 2385 5411 2743 5463; x_wconf 87' lang='lat' dir='ltr'><strong>subterraneo</strong></span> <span class='ocrx_word' id='word_1_805' title='bbox 2769 5405 3000 5459; x_wconf 70' lang='lat' dir='ltr'><strong>aedificio</strong></span> <span class='ocrx_word' id='word_1_806' title='bbox 3028 5404 3322 5462; x_wconf 85' lang='lat' dir='ltr'><strong>latitarent,</strong></span> <span class='ocrx_word' id='word_1_807' title='bbox 3367 5401 3516 5467; x_wconf 83' lang='lat' dir='ltr'><strong>posi-</strong></span> 
     </span>
    </p>
   </div>
   <div class='ocr_carea' id='block_1_117' title="bbox 1938 5495 3512 5568">
    <p class='ocr_par' dir='ltr' id='par_1_117' title="bbox 1938 5495 3512 5568">
     <span class='ocr_line' id='line_1_117' title="bbox 1938 5495 3512 5568; baseline -0.01 -8"><span class='ocrx_word' id='word_1_808' title='bbox 1938 5516 1990 5560; x_wconf 90' lang='lat' dir='ltr'><strong>ta</strong></span> <span class='ocrx_word' id='word_1_809' title='bbox 2053 5505 2377 5560; x_wconf 84' lang='lat' dir='ltr'><strong>verecundia</strong></span> <span class='ocrx_word' id='word_1_810' title='bbox 2433 5519 2496 5558; x_wconf 84' lang='lat' dir='ltr'><strong>ac</strong></span> <span class='ocrx_word' id='word_1_811' title='bbox 2551 5503 2783 5564; x_wconf 84' lang='lat' dir='ltr'><strong>timore,</strong></span> <span class='ocrx_word' id='word_1_812' title='bbox 2835 5500 2996 5568; x_wconf 83' lang='lat' dir='ltr'><strong>genio</strong></span> <span class='ocrx_word' id='word_1_813' title='bbox 3047 5513 3144 5550; x_wconf 86' lang='lat' dir='ltr'><strong>suo</strong></span> <span class='ocrx_word' id='word_1_814' title='bbox 3200 5495 3512 5561; x_wconf 69' lang='lat' dir='ltr'><strong>indulgent;</strong></span> 
     </span>
    </p>
   </div>
   <div class='ocr_carea' id='block_1_118' title="bbox 1941 5584 3516 5667">
    <p class='ocr_par' dir='ltr' id='par_1_118' title="bbox 1941 5584 3516 5667">
     <span class='ocr_line' id='line_1_118' title="bbox 1941 5584 3516 5667; baseline -0.009 -16"><span class='ocrx_word' id='word_1_815' title='bbox 1941 5596 2110 5667; x_wconf 73' lang='lat' dir='ltr'><strong>ignari</strong></span> <span class='ocrx_word' id='word_1_816' title='bbox 2140 5594 2404 5665; x_wconf 83' lang='lat' dir='ltr'><strong>profecto,</strong></span> <span class='ocrx_word' id='word_1_817' title='bbox 2430 5600 2666 5663; x_wconf 88' lang='lat' dir='ltr'><strong>quantus</strong></span> <span class='ocrx_word' id='word_1_818' title='bbox 2702 5591 2772 5645; x_wconf 88' lang='lat' dir='ltr'><strong>sit</strong></span> <span class='ocrx_word' id='word_1_819' title='bbox 2810 5604 3082 5659; x_wconf 87' lang='lat' dir='ltr'><strong>quamque</strong></span> <span class='ocrx_word' id='word_1_820' title='bbox 3123 5587 3273 5640; x_wconf 88' lang='lat' dir='ltr'><strong>ferus</strong></span> <span class='ocrx_word' id='word_1_821' title='bbox 3307 5594 3359 5639; x_wconf 91' lang='lat' dir='ltr'><strong>et</strong></span> <span class='ocrx_word' id='word_1_822' title='bbox 3385 5584 3516 5637; x_wconf 86' lang='lat' dir='ltr'><strong>infe-</strong></span> 
     </span>
    </p>
   </div>
   <div class='ocr_carea' id='block_1_119' title="bbox 1940 5678 3513 5756">
    <p class='ocr_par' dir='ltr' id='par_1_119' title="bbox 1940 5678 3513 5756">
     <span class='ocr_line' id='line_1_119' title="bbox 1940 5678 3513 5756; baseline -0.01 -11"><span class='ocrx_word' id='word_1_823' title='bbox 1940 5704 2056 5746; x_wconf 78' lang='lat' dir='ltr'><strong>stus</strong></span> <span class='ocrx_word' id='word_1_824' title='bbox 2109 5692 2317 5753; x_wconf 89' lang='lat' dir='ltr'><strong>draco,</strong></span> <span class='ocrx_word' id='word_1_825' title='bbox 2378 5687 2668 5756; x_wconf 89' lang='lat' dir='ltr'><strong>princeps,</strong></span> <span class='ocrx_word' id='word_1_826' title='bbox 2726 5684 2979 5752; x_wconf 87' lang='lat' dir='ltr'><strong>inquam,</strong></span> <span class='ocrx_word' id='word_1_827' title='bbox 3056 5680 3241 5734; x_wconf 85' lang='lat' dir='ltr'><strong>mundi</strong></span> <span class='ocrx_word' id='word_1_828' title='bbox 3313 5678 3513 5745; x_wconf 90' lang='lat' dir='ltr'><strong>hujus,</strong></span> 
     </span>
    </p>
   </div>
   <div class='ocr_carea' id='block_1_120' title="bbox 1941 5775 3514 5852">
    <p class='ocr_par' dir='ltr' id='par_1_120' title="bbox 1941 5775 3514 5852">
     <span class='ocr_line' id='line_1_120' title="bbox 1941 5775 3514 5852; baseline -0.008 -17"><span class='ocrx_word' id='word_1_829' title='bbox 1941 5785 2030 5852; x_wconf 87' lang='lat' dir='ltr'><strong>qui</strong></span> <span class='ocrx_word' id='word_1_830' title='bbox 2083 5784 2313 5838; x_wconf 88' lang='lat' dir='ltr'><strong>mittitur</strong></span> <span class='ocrx_word' id='word_1_831' title='bbox 2373 5781 2438 5834; x_wconf 88' lang='lat' dir='ltr'><strong>ad</strong></span> <span class='ocrx_word' id='word_1_832' title='bbox 2468 5792 2913 5850; x_wconf 76' lang='lat' dir='ltr'><strong>llllllllqut‘lllqllc</strong></span> <span class='ocrx_word' id='word_1_833' title='bbox 2981 5775 3401 5835; x_wconf 88' lang='lat' dir='ltr'><strong>moribundum,</strong></span> <span class='ocrx_word' id='word_1_834' title='bbox 3457 5781 3514 5823; x_wconf 90' lang='lat' dir='ltr'><strong>ut</strong></span> 
     </span>
    </p>
   </div>
   <div class='ocr_carea' id='block_1_121' title="bbox 1942 5864 3514 5945">
    <p class='ocr_par' dir='ltr' id='par_1_121' title="bbox 1942 5864 3514 5945">
     <span class='ocr_line' id='line_1_121' title="bbox 1942 5864 3514 5945; baseline -0.01 -14"><span class='ocrx_word' id='word_1_835' title='bbox 1942 5879 2195 5933; x_wconf 55' lang='lat' dir='ltr'><strong>discutiat</strong></span> <span class='ocrx_word' id='word_1_836' title='bbox 2221 5875 2403 5945; x_wconf 78' lang='lat' dir='ltr'><strong>iniqua</strong></span> <span class='ocrx_word' id='word_1_837' title='bbox 2437 5890 2595 5945; x_wconf 69' lang='lat' dir='ltr'><strong>&quot;lelil</strong></span> <span class='ocrx_word' id='word_1_838' title='bbox 2621 5883 2668 5927; x_wconf 86' lang='lat' dir='ltr'><strong>et</strong></span> <span class='ocrx_word' id='word_1_839' title='bbox 2702 5873 2794 5927; x_wconf 83' lang='lat' dir='ltr'><strong>lttc</strong></span> <span class='ocrx_word' id='word_1_840' title='bbox 2820 5870 3107 5927; x_wconf 85' lang='lat' dir='ltr'><strong>contendat</strong></span> <span class='ocrx_word' id='word_1_841' title='bbox 3157 5884 3277 5923; x_wconf 78' lang='lat' dir='ltr'><strong>cum</strong></span> <span class='ocrx_word' id='word_1_842' title='bbox 3312 5864 3514 5921; x_wconf 70' lang='lat' dir='ltr'><strong>sanctis</strong></span> 
     </span>
    </p>
   </div>
  </div>
