4202 6434
684 368 789 427 795
1751 368 1797 425 Ν
1814 365 2176 424 lCEPllORl
2226 364 2306 422 ΡΗ

2411 365 2702 424 iBY'I‘ERl
2739 366 2849 425 ΟΡ.
3864 369 3975 431 79θῖ

689 501 708 534 ι
755 483 932 535 Multa:
990 480 1370 533 tribulatioucs
1427 478 1739 547 iustorum,
1802 486 1856 531 et
1906 493 1970 531 ex
2021 477 2275 530 omnibus

2411 476 2475 528 αἱ
2506 476 2562 529 αξ
2596 475 2809 530 ὲντολαί
2842 492 2935 529 σου
2978 477 3175 548 μελέτη
3212 478 3313 548 μού
3338 480 3475 531 εἰσιν
3501 497 3513 543 ;
3544 498 3559 528 ι
3601 478 3711 530 Οὐκ
3740 479 3855 550 ἴδῃς
3887 480 3977 532 ὅτι

682 574 884 640 eripuit
918 586 1012 626 eos
1054 570 1321 625 Dominus
1342 572 1407 625 ".
1448 589 1465 622 ι
1496 569 1689 625 Nonne
1722 570 1911 639 psallis
1938 570 2266 625 identidem:

2411 568 2690 631 εαλαιστας
2720 570 2873 621 ἔθετο
2906 570 2934 621 6
2968 570 3100 634 Θεὸς
3129 572 3227 634 τὰς
3249 572 3468 640 ἡμέρας
3514 572 3694 640 ἡμῶν,
3743 573 3828 624 ἵνα
3867 589 3981 625 πα-

689 680 707 711 ι
740 660 1047 714 Tribulutio
1073 671 1125 713 et
1159 660 1425 731 angustia:
1456 659 1781 715 invenerunt
1838 676 1947 721 me,
2003 660 2057 713 iu
2115 674 2272 712 man-

2413 660 2623 727 αίωμεν
2650 660 2789 725 μετά
2820 658 2929 710 τῶν
2952 660 3242 728 δαιμόνων,
3274 660 3357 712 ἵνα
3385 662 3443 712 ἐν
3469 662 3627 712 νυκτὶ
3662 661 3755 713 καὶ
3789 659 3982 731 ἡμέρα

687 756 828 809 datis
889 757 995 808 tnis
1053 756 1357 808 lin-ditabor
1388 754 1475 808 “2
1511 774 1529 806 ι
1562 754 1752 808 Nonne
1774 754 1882 809 scis
1918 754 2211 807 luctatores
2245 768 2275 805 a

2411 752 2781 820 λρηγορῶμεη
2810 752 3267 822 Πῳσευχὼμεθα,
3316 752 3719 821 ἀγωνιζώμεθα
3749 753 3983 821 πληρῶ-

686 850 800 903 Deo
847 848 1176 900 constitutos
1239 862 1339 902 nos
1397 862 1519 901 esse
1574 848 1626 900 in
1676 847 1868 901 diebus
1928 846 2166 911 nostris,
2220 855 2280 900 ιιι

688 942 779 993 diu
840 950 1114 1007 noctuque
1169 939 1472 1008 vigilantes,
1519 937 1762 1006 praelium
1818 952 1940 991 eum
1994 936 2281 991 daemoniis

688 1029 1137 1085 committamus?
1169 1028 1399 1084 Oremus
1424 1030 1588 1099 igitur
1611 1038 1994 1099 certemusque
2015 1039 2281 1098 praecepta

694 1121 907 1173 Domini
954 1119 1286 1188 adimplere;
1321 1135 1498 1188 neque
1542 1120 1970 1175 erubescendum
2008 1119 2101 1173 tibi
2161 1129 2288 1185 est,

695 1215 765 1265 lili
828 1214 921 1278 mi,
959 1215 1105 1282 quod
1159 1223 1210 1267 te
1244 1214 1527 1282 impugnat
1588 1214 1855 1276 diabolus,
1909 1215 2000 1269 sed
2048 1214 2287 1283 gauden-

694 1306 822 1356 dum
864 1304 1045 1373 potius
1078 1315 1133 1358 et
1177 1306 1587 1369 exsultandum,
1629 1314 1819 1376 utpote
1866 1307 2035 1374 probe
2086 1305 2280 1360 scienti

697 1406 805 1445 non
840 1408 999 1459 posse
1056 1409 1156 1449 nos
1196 1406 1407 1464 gratum
1465 1395 1574 1449 Deo
1610 1412 1801 1465 panem
1848 1398 1981 1461 tieri,
2035 1398 2142 1451 nisi
2193 1413 2289 1465 per

697 1487 1050 1537 tc-ntationem
1084 1485 1221 1539 belle
1251 1490 1509 1543 subactos
1560 1500 1725 1557 atque
1758 1497 1945 1542 coctos
1974 1505 1989 1542 :
2027 1489 2289 1557 patientia

698 1576 843 1627 enim
870 1577 1030 1631 nolis
1076 1580 1377 1633 necessaria
1431 1588 1534 1645 est,
1565 1586 1623 1633 ut
1659 1578 1998 1632 voluntatem
2038 1577 2131 1631 Dei
2169 1593 2293 1647 per-

700 1667 968 1734 ticientes,
1033 1672 1541 1727 immarcescibilem
1591 1671 1779 1742 gloria:
1825 1686 2087 1726 coronam
2133 1673 2291 1727 aufe-

2382 861 2473 897 σαι
2497 843 2589 896 τοῦ
2618 844 2754 896 Θεοῦ
2776 847 2842 897 τὰ
2870 848 3274 914 προστάγματα
3298 862 3309 872 ·
3339 848 3419 909 είς
3445 845 3605 899 τοῦτο
3639 846 3755 912 οὖν,
3782 845 3980 897 τέκνον

2383 952 2513 1003 μου,
2556 936 2629 1004 μὴ
2662 936 2890 1006 ἐρυθρία
2915 939 2999 990 ὅτι
3029 937 3259 1007 πολεμεί
3291 955 3348 989 σε
3375 940 3403 989 ό
3446 936 3694 998 διάϐολος
3717 954 3729 964 ·
3778 936 3979 1004 χαίρςυ

2390 1028 2446 1080 δὲ
2485 1028 2686 1096 μᾶλλον
2724 1030 2818 1082 καὶ
2851 1029 3111 1097 ἀγάλλου,
3141 1029 3297 1093 εἰδὼς
3330 1031 3412 1083 ὄτι
3444 1030 3539 1081 ὲάν
3569 1030 3643 1098 μὴ
3681 1029 3983 1097 ἐψηθῶμεν

2390 1121 2477 1172 διὰ
2510 1121 2616 1171 τῶν
2646 1122 2991 1190 πειρασμῶν,
3017 1122 3135 1191 Θεῷ
3164 1123 3425 1191 ἡδύτατος
3447 1123 3610 1192 ἄρτος
3634 1122 3889 1189 γενέσθαι
3917 1120 3983 1172 οὗ

2393 1210 2673 1279 δυνάμεθα
2695 1229 2709 1241 ⁸
2750 1212 3028 1282 ὑπομονῆς
3058 1212 3169 1283 γὰρ
3201 1212 3401 1283 ἔχομεν
3430 1213 3619 1281 χρείαν
3671 1211 3781 1283 [ἵνα
3804 1211 3865 1263 τὸ
3894 1212 3987 1262 05'-

2393 1302 2545 1372 λημα
2578 1304 2669 1356 τοῦ
2707 1304 2843 1356 Θεοῦ
2891 1309 3241 1375 ποιήσαντες,
3297 1306 3657 1376 κομισώμεθα
3696 1306 3788 1357 τὸν
3836 1305 3989 1373 ἀμα-

2394 1399 2644 1467 ράντινον
2694 1401 2791 1467 τῆς
2845 1400 3005 1468 δόξης
3050 1399 3364 1471 στέφανον].
3421 1400 3607 1453 Ταῦτα
3658 1399 3901 1469 εἰρηκὼς
3959 1400 3991 1451 ὁ

2393 1491 2541 1551 ὅσιος
2612 1490 2753 1559 πρὸς
2818 1491 2911 1544 τὸν
2991 1492 3355 1560 Ἐπιφάνιον,
3431 1494 3839 1563 εὐχαριστήσας
3908 1492 3992 1561 τῷ

2396 1582 2587 1651 Κυρίῳ
2646 1584 2741 1634 καὶ
2794 1582 2874 1652 τῷ
2913 1583 3081 1653 ὁσίῳ,
3143 1584 3225 1646 είς
3293 1584 3394 1655 τὴν
3457 1584 3575 1638 ὁδὸν
3632 1583 3796 1636 αὑτοῦ
3854 1583 3992 1635 ἀνε-

2398 1674 2667 1746 χώρησεν.

702 1778 907 1817 minus.
959 1763 1107 1817 Talia
1172 1766 1261 1821 ubi
1316 1765 1651 1835 Epiphanius
1692 1781 1721 1820 a
1772 1776 1963 1821 sancto
2024 1764 2169 1819 dicta
2224 1778 2536 1836 exceperat,
2604 1772 2795 1840 gratiis
2866 1770 2974 1826 Deo
3037 1771 3251 1842 ipsique
3298 1773 3616 1841 persolutis,
3651 1775 3793 1827 viam
3830 1787 3991 1826 Suam

707 1861 916 1927 relegit.

780 1953 902 2007 “9.
931 1952 1158 2021 Jamque
1191 1953 1407 2008 dormim
1436 1970 1588 2009 suam
1619 1956 1898 2025 ingressus
1932 1956 2129 2023 fuerat,
2162 1972 2286 2013 cum
2324 1964 2364 2019 Β

701 2059 827 2101 rece
858 2046 951 2098 tibi
986 2045 1303 2101 adolescens
1364 2048 1561 2116 aliquis
1601 2063 1830 2116 propere
1868 2064 2193 2115 accurrens,
2224 2050 2297 2103 ita

707 2137 885 2205 ipsum
921 2138 1217 2207 alloquitur
1248 2157 1262 2193 :
1298 2138 1526 2194 Domine
1578 2141 1647 2193 mi
1699 2141 1963 2210 Epiphani
1994 2182 2007 2206 ,
2062 2142 2299 2211 perdile-

712 2238 836 2282 etus
893 2230 987 2283 tibi
1049 2230 1288 2297 ltaphael
1326 2232 1377 2285 in
1434 2233 1810 2301 aegritudinem
1849 2234 2058 2297 incidit,
2112 2232 2299 2302 jubet-

708 2336 815 2388 que
861 2323 1162 2376 renuntiari
1202 2324 1315 2386 tibi,
1351 2335 1409 2378 ut
1436 2340 1493 2379 se
1550 2327 1756 2380 invisas
1788 2343 1802 2379 :
1835 2342 2063 2395 prepcra
2114 2328 2298 2396 igitur,

709 2415 836 2482 quia
875 2416 948 2467 uti
984 2416 1114 2468 mihi
1148 2418 1475 2485 persuadeo,
1501 2421 1847 2488 Superstitem
1879 2423 1965 2474 vix
1988 2432 2302 2488 reperturus

709 2522 789 2560 es.
817 2508 1013 2560 Audito
1040 2510 1255 2572 nuntio,
1291 2510 1579 2565 confestim
1616 2512 1869 2579 perfusus
1902 2513 2179 2583 lacrymis,
2213 2528 2302 2566 ro-

711 2599 895 2651 milem
927 2615 985 2654 se
1035 2601 1309 2654 nuntianti
1343 2601 1612 2667 adjumit,
1652 2604 1986 2671 domumque
2037 2604 2303 2657 amieiin-

714 2707 961 2761 gressus,
1014 2708 1180 2761 prope
1253 2694 1451 2748 lectum
1500 2695 1763 2749 consedit.
1792 2696 2187 2750 Animadversa
2208 2712 2307 2750 au-

712 2793 844 2844 tem,
877 2787 1124 2853 proxime
1179 2786 1357 2854 ipsqu
1386 2803 1415 2860 ξι
1469 2798 1641 2840 morte
1666 2789 1858 2841 abesse
1885 2826 1901 2850 ,
1938 2788 2165 2849 amoris.
2198 2802 2308 2856 quo

712 2879 953 2931 sodalem
1006 2895 1166 2934 suum
1225 2882 1677 2949 prosequebatur,
1730 2882 1915 2949 jaeulo
1939 2881 2182 2943 saucius,
2215 2884 2306 2935 diu

713 2970 1060 3039 multumque
1081 2972 1498 3026 decumbentem
1530 2973 1863 3027 lamentatus
1884 2981 1990 3038 est,
2044 2974 2307 3042 quoniam

717 3060 975 3127 diligebat
1030 3062 1286 3116 multum.
1352 3061 1451 3115 L'bi
1507 3078 1632 3116 vero
1671 3062 1950 3130 paululum
2006 3077 2067 3116 se
2100 3064 2310 3117 remisit

718 3152 1013 3219 Epiphanii
1047 3153 1224 3218 dolor,
1283 3156 1447 3223 etrapit
1479 3170 1621 3224 agger
1658 3155 1898 3208 animam
1948 3169 2108 3223 agere
2147 3166 2313 3224 atquo

720 3244 929 3308 ejnlare
960 3253 1065 3296 tam
1097 3245 1426 3299 horrendum
1450 3247 1501 3299 in
1532 3245 1774 3310 modum,
1816 3258 1872 3300 ut
1906 3246 2098 3314 ingens
2122 3249 2308 3300 dome-

717 3338 887 3390 sticos
909 3351 1121 3398 omnes,
1157 3351 1261 3389 non
1289 3335 1453 3390 modo
1487 3335 1868 3406 Epiphanium,
1906 3346 2080 3389 terror
2139 3352 2307 3391 occu-

720 3438 892 3496 paret.
923 3430 1297 3497 interrogante
1332 3440 1513 3483 autem
1571 3430 1693 3495 hoc,
1729 3445 1828 3485 cur
1885 3439 2173 3498 tantopere
2199 3439 2314 3483 tur-

723 3521 981 3586 baretur;
1018 3524 1294 3590 respirans
1318 3523 1720 3591 aliquantulum
1751 3535 1913 3591 atque
1961 3525 2183 3579 intuens
2224 3526 2310 3579 in-

724 3622 1091 3681 terrogantem
1121 3631 1134 3667 :
1163 3613 1272 3676 lleu
1305 3616 1422 3669 me!
1460 3615 1654 3685 inquit,
1675 3616 2067 3682 jucundissime
2107 3615 2313 3681 amice,

726 3716 921 3759 cuncta
966 3722 1128 3775 opera
1172 3722 1286 3759 mea
1317 3708 1457 3760 bona
1491 3708 1763 3761 dat-mones
1790 3710 2151 3776 diripuerunt.
2178 3706 2312 3761 Nam

732 3815 854 3852 cum
879 3798 1015 3851 febri
1050 3810 1352 3868 prostratus
1380 3801 1649 3869 jaceham,
1673 3802 1777 3853 vidi
1810 3809 1923 3853 tum
1977 3803 2199 3871 angelos
2226 3802 2315 3856 l‘ci

734 3892 927 3953 bonos,
982 3902 1096 3945 tum
1156 3895 1330 3947 malos
1392 3892 1613 3958 inferni,
1669 3896 1851 3946 omnia
1905 3909 1999 3947 seu
2039 3904 2186 3947 recte
2220 3909 2313 3947 seu

728 4000 1005 4054 perperam
1032 4001 1060 4039 a
1083 4002 1166 4039 me
1190 3995 1337 4053 gesta
1364 3986 1574 4041 biiance
1601 3986 1926 4055 appendere,
1954 3987 2159 4056 iniquis
2178 4001 2313 4054 ope-

726 4079 878 4132 ribus
903 4079 1309 4133 subsidentibus
1340 4090 1391 4133 et
1422 4080 1680 4133 leviorem
1721 4087 1867 4133 recte
1890 4080 2159 4133 laetorum
2201 4080 2317 4133 lan-

728 4188 846 4226 cem
876 4173 930 4225 in
970 4173 1138 4225 altum
1172 4172 1580 4227 extollentibus.
1609 4173 1786 4240 Atque
1827 4172 1951 4227 hinc
1985 4173 2037 4227 in
2072 4174 2316 4227 animum

728 4280 896 4335 cogor
918 4264 1200 4328 inducere,
1222 4264 1424 4317 nullam
1457 4264 1507 4317 in
1528 4264 1734 4318 sanctis
1758 4264 2033 4332 justorum
2070 4265 2315 4318 taberna-

729 4357 867 4411 culis
900 4357 1028 4409 mihi
1066 4357 1248 4410 sedem
1281 4371 1494 4417 vacare,
1529 4356 1744 4409 abituro
1774 4357 1826 4409 iu
1887 4356 2135 4411 ﬂammas
2167 4368 2317 4412 exte—

732 4450 924 4502 riores.
967 4448 1083 4501 Vidi
1144 4448 1369 4511 etenim,
1405 4448 1514 4501 vidi
1580 4448 1801 4515 angelos
1848 4459 2069 4507 sanctos
2127 4461 2322 4506 mmsto

734 4541 1007 4609 lie-bilique
1070 4542 1223 4593 vultu
1280 4541 1405 4594 hinc
1434 4540 1708 4601 recedere,
1754 4541 1969 4594 dicente
2002 4543 2133 4596 mihi
2179 4543 2321 4597 inter

732 4632 1095 4687 recedendum
1156 4648 1264 4685 uno
1295 4648 1310 4687 :
1344 4630 1429 4685 ναι
1458 4631 1578 4693 tibi,
1612 4632 1777 4685 miser
1820 4633 2157 4693 adolescens,
2190 4634 2318 4702 quia

734 4726 863 4778 dato
898 4726 962 4779 ad
1010 4726 1299 4778 vivendum
1330 4724 1504 4793 spatio
1534 4724 1737 4779 abusus
1768 4740 1845 4778 es.
1884 4724 1985 4778 Ubi
2040 4724 2199 4779 ﬁnem
2234 4726 2318 4779 di-

730 4818 833 4872 ctis
864 4818 980 4871 suis
1009 4819 1345 4885 imposuerat
1377 4832 1541 4885 :eger,
1563 4815 1791 4870 furentis
1812 4817 2098 4870 adversum
2133 4832 2190 4871 se
2208 4818 2319 4871 dae-

731 4911 909 4965 moois
968 4910 1223 4980 impetum
1256 4910 1446 4975 sensit,
1492 4910 1727 4963 animam
1764 4911 1935 4978 ipsius
1968 4910 2319 4966 vehementer

733 5003 1005 5058 turbantis
1077 5018 1139 5057 ac
1216 5004 1659 5068 consternanlis;
1716 5003 1999 5071 jacnitquc
2060 5004 2319 5072 deinceps

734 5095 994 5149 \‘t-llicans
1025 5111 1088 5149 ac
1120 5095 1365 5151 lacerans
1387 5098 1616 5161 vultum,
1643 5104 1697 5150 et
1724 5095 2019 5151 insolentes
2051 5097 2315 5163 quosdam

731 5203 1014 5240 Sermones
1053 5186 1305 5242 eﬂuliens

808 5276 931 5331 150.
963 5277 1170 5331 Interea
1200 5278 1557 5347 Epiphanius,
1583 5293 1798 5333 summa
1839 5278 2323 5332 commiseratione

734 5371 932 5425 animae
958 5371 1103 5425 illius
1139 5381 1335 5434 lactus,
1366 5372 1420 5426 in
1452 5380 1665 5426 secreto
1710 5371 1893 5425 cordis
1927 5370 2171 5425 conclavi
2195 5386 2319 5425 eum

880 5529 1025 5588 Psal.
1058 5545 1251 5596 xxxm,
1286 5531 1377 5586 20.
1452 5532 1497 5563 "
1526 5529 1673 5586 Psal.
1698 5543 1885 5596 cum,
1913 5530 2039 5585 μδ.

810 5688 925 5758 (6|)
949 5689 1006 5743 lu
1033 5706 1135 5747 rus.
1178 5688 1353 5745 Vatic.
1393 5689 1745 5745 vitiosissime
1766 5690 2034 5759 scriptura
2068 5696 2182 5742 erat
2214 5687 2322 5741 δέει

742 5761 979 5826 κληθείς.

814 5834 925 5902 (6:!)
988 5831 1122 5888 llinc
1175 5832 1478 5907 incipiendo
1542 5848 1734 5906 utagna
1770 5832 1963 5889 lacuna.
2012 5843 2092 5889 est
2125 5832 2177 5890 in
2216 5847 2321 5887 ms.

2349 4677 2399 4735 D

2468 1953 2618 2024 ρμθ’.
2664 1954 2753 2017 Ὦς
2786 1954 2843 2007 δὲ
2878 1954 3027 2007 ἔνδον
3059 1953 3226 2007 αὑτοῦ
3258 1955 3497 2022 ἐγένετο,
3533 1954 3642 2008 ἰδού
3678 1973 3763 2018 τις
3809 1958 3994 2010 νεανί-

2404 2064 2532 2112 σκος
2558 2048 2866 2118 προσῆλθεν
2900 2048 3049 2118 αὐτῷ
3077 2049 3251 2115 λέγων
3277 2066 3292 2082 ν
3327 2048 3499 2118 Κύρεέ
3533 2068 3635 2117 μου
3684 2050 4001 2117 Tacebis,

2402 2146 2431 2197 ὁ
2484 2144 2771 2211 ἀγαπητός
2824 2159 2920 2195 σου
2959 2143 3211 2212 Ῥαφαὴλ
3251 2146 3310 2197 ἐν
3361 2144 3621 2213 ἀσθενείᾳ
3670 2148 3999 2213 περιέπεσε,

2403 2235 2499 2288 καὶ
2531 2235 2684 2304 δηλοῖ
2710 2251 2790 2286 σοι
2824 2234 2975 2297 ὅπως
3004 2236 3453 2305 πῖραγενόμενος
3485 2239 3756 2308 ἐπισκέψῃ
3792 2240 3958 2292 αὐτόν
3988 2256 4001 2267 ·

2408 2327 2711 2380 σπούδασον
2738 2325 2852 2389 οὖν,
2878 2328 2982 2393 ὅτι,
3010 2327 3086 2389 ὡς
3108 2327 3270 2389 δοκῶ.
3301 2329 3487 2381 οὐκέτι
3512 2328 3682 2400 θεάσῃ
3708 2331 3894 2384 αὐτόν.
3938 2332 4000 2382 't)

2405 2421 2461 2472 δὲ
2486 2419 2726 2483 ἀκούσας
2749 2419 2944 2484 ταῦτα,
2969 2420 3170 2481 εὐθέως
3198 2420 3503 2489 σύνδακρυς
3530 2423 3767 2488 ἐγένετο,
3791 2425 3885 2476 καὶ
3920 2426 4001 2493 τῷ

2406 2510 2677 2579 δηλὲιτωρι
2712 2511 3186 2581 ἐπακολουθήσας,
3218 2513 3316 2564 σὺν
3351 2513 3503 2581 αὐτῴ
3548 2514 3822 2585 ἐπορεύθη
3852 2532 3867 2545 ο
3907 2520 4003 2570 καί

2408 2601 2580 2654 ἐλθὼν
2638 2602 2869 2671 πλησίον
2910 2603 3075 2655 αὑτοῦ
3130 2601 3425 2670 ἑκαθέσοη,
3476 2605 3573 2655 καὶ
3627 2604 3772 2669 ἔγνω
3836 2608 4005 2658 αὑτὸν

2411 2692 2736 2761 πλησιάζειν
2769 2693 2832 2745 τὸ
2855 2693 3031 2756 τέλος,
3064 2696 3159 2746 καὶ
3193 2694 3271 2763 τῷ
3315 2694 3461 2762 βέλει
3494 2696 3727 2765 τρωθεὶς
3760 2699 3872 2763 (61)
3905 2698 4009 2764 τὶς

2410 2782 2659 2853 ἀγάπης,
2692 2777 2760 2853 ἦς
2794 2784 2933 2849 πρὸς
2956 2784 3120 2836 αὑτὸν
3148 2785 3437 2854 ἐκέκτητο,
3486 2786 3580 2839 ἐπὶ
3614 2786 3818 2855 mit):in
3851 2786 4011 2856 ὥραν

2410 2876 2631 2948 ἐθρήνει
2684 2878 2871 2943 αὑτὸν,
2922 2878 3113 2947 ἐπειδὴ
3166 2877 3314 2930 πάνυ
3348 2880 3523 2946 ἐφίλει
3579 2880 3763 2932 αὐτόν.
3811 2881 3901 2941 Ὠς
3950 2882 4013 2934 δὲ

2416 2970 2614 3040 μικρὸν
2643 2970 2810 3039 ἀνέθη
2840 2969 2934 3023 τοῦ
2964 2970 3228 3039 ὀδυρμοῦ,
3264 2970 3468 3041 ἤρξατο
3499 2974 3709 3032 ἐκεῖνος
3741 2974 4003 3038 κείμενος

2415 3062 2602 3125 δεινῶς
2638 3063 2881 3132 ἀγωνιᾷν
2927 3064 3022 3114 καὶ
3075 3062 3464 3131 ὀλοφύρεσθαι,
3505 3063 3647 3115 ὥστε
3695 3064 4012 3131 φοϐηθῆναι

2413 3155 2475 3207 σὺ
2512 3154 2672 3222 μόνον
2702 3154 2795 3206 τὸν
2845 3153 3181 3223 Ἐπιφάνιον,
3228 3154 3364 3207 ἀλλὰ
3395 3156 3490 3208 καὶ
3518 3156 3645 3217 τοὺς
3680 3158 3737 3207 ὲν
3760 3159 3825 3223 τῇ
3856 3156 4014 3224 οἰκία

2416 3245 2584 3298 αὑτοῦ
2632 3246 3010 3314 διαφέρονταςι
3079 3246 3371 3315 Ἐπηρώτα
3422 3247 3476 3298 δὲ
3516 3247 3679 3299 αὑτὸν
3707 3249 3735 3299 ὁ
3777 3247 4018 3313 Ἐπιφά-

2415 3356 2547 3402 νιος,
2578 3341 2630 3391 τί
2658 3338 2869 3399 παθὼν,
2908 3338 3067 3393 τοῦτο
3116 3339 3471 3411 διεταράχθη.
3508 3342 3724 3409 Μικρὸν
3753 3341 3798 3393 δ’
3830 3342 3911 3393 ἔτι
3954 3346 4017 3393 ἐν

2416 3430 2599 3498 ἑαυτῷ
2646 3432 2961 3499 γενόμενος,
3021 3431 3114 3483 καὶ
3164 3432 3504 3499 θεασάμενος
3536 3438 3629 3485 τὸν
3690 3434 4014 3499 Ἐπιφάνιον

2416 3522 2523 3594 εῆεη
2548 3539 2561 3553 ο
2596 3523 2798 3592 υἵμοιι
2838 3522 3142 3591 γλυκύτατέ
3187 3541 3289 3593 μου
3340 3524 3560 3593 ἀδελιρὲ,
3608 3526 3695 3578 ὅτι
3736 3527 3915 3578 πάντα
3942 3535 4017 3579 τα

2418 3614 2557 3683 ἔργα
2589 3616 2657 3667 τὰ
2694 3614 3047 3683 πνευματικὰ
3096 3615 3465 3684 καθήρπασαν
3494 3616 3544 3667 οἱ
3578 3615 3833 3683 δαίμονες
3864 3634 3881 3649 ο
3914 3636 4017 3670 κα·-

2422 3707 2531 3771 θὼς
2581 3706 2690 3777 γὰρ
2727 3703 3191 3774 καταχθονίζομαι
3237 3707 3315 3773 τῷ
3372 3706 3593 3774 πυρεῖῷ
3651 3706 4014 3775 βαλλόμενος,

2426 3799 2746 3868 ἐθεασάμην
2774 3800 2898 3862 τοὺς
2929 3798 3199 3867 ἀγγέλους
3226 3798 3318 3850 τοῦ
3353 3798 3514 3861 Θεοῦ,
3561 3801 3655 3851 καὶ
3681 3802 3808 3864 τοὺς
3844 3818 4020 3871 ποιη-

2421 3895 2549 3963 ροὺς
2575 3892 2860 3962 δαίμονας,
2896 3892 3019 3945 καθ’
3049 3894 3132 3945 ὅτι
3167 3892 3610 3961 ἐζυγοστάτησαν
3641 3894 3709 3945 τὰ
3760 3895 3889 3961 ἐμοὶ
3916 3912 4018 3947 πε-

2422 3987 2719 4058 πραγμένα
2753 3986 2887 4057 (6:2),
2936 3988 3033 4039 καὶ
3065 3987 3509 4055 ὑπερηκόντισαν
3550 3987 3657 4038 τῶν
3693 3986 3919 4054 ἀγαθῶν
3948 3990 4020 4041 τὰ

2422 4079 2629 4147 φαῦλα.
2666 4078 2777 4131 Καὶ
2809 4078 3118 4145 πέπεισμαι
3146 4078 3229 4130 ὅτι
3257 4078 3319 4129 οὐ
3362 4078 3437 4147 μὴ
3482 4078 3901 4145 κατασκηιώσω
3935 4081 4019 4140 ei;

2419 4172 2519 4234 τὰς
2559 4172 2837 4241 μακαρίας
2868 4170 3073 4240 σκηνὰς
3103 4169 3211 4221 τῶν
3246 4169 3495 4232 δικαίων,
3528 4169 3663 4221 ἀλλὰ
3709 4170 4021 4222 ἀπελεύσο-

2425 4282 2526 4334 μαι
2579 4266 2658 4327 εἰς
2716 4264 2777 4315 τὸ
2804 4263 2912 4335 πῦρ
2968 4263 3030 4315 τὸ
3087 4261 3387 4330 ἐξώτερον·
3418 4258 3558 4314 εἶδον
3608 4262 3714 4331 γὰρ
3765 4263 3878 4330 ἐγὼ
3932 4264 4021 4315 δτι

2422 4356 2762 4425 λυπηθέντες
2787 4357 2837 4408 ol
2869 4357 3016 4423 ἅγιοι
3042 4355 3266 4422 ἄγγελοι
3308 4355 3405 4406 ἀπ’
3452 4354 3586 4423 ἐμοῦ
3631 4354 4019 4424 ἀνεχώρησαν,

2429 4451 2487 4501 ἐν
2530 4451 2588 4501 δὲ
2638 4448 2718 4518 τῷ
2769 4450 2969 4509 αὐτοὺς
3019 4448 3358 4518 ἔξέρχεσθαι,
3392 4443 3474 4511 εἷς
3520 4447 3580 4511 ἐξ
3606 4450 3786 4501 αὐτῶν
3822 4449 4020 4519 εἴρηκέ

2429 4560 2519 4613 μοι
2542 4560 2553 4570 ·
2587 4541 2722 4594 Οὐαί
2752 4558 2837 4593 σοι
2864 4542 2876 4593 ι
2908 4540 3158 4605 ταπεινὲ,
3208 4541 3293 4592 ὅτι
3340 4541 3529 4602 κακῶς
3555 4542 3777 4609 ἐχρήσω
3809 4542 3885 4610 τῷ
3917 4543 4023 4611 βίῳ

2428 4653 2544 4688 σου.
2597 4634 2686 4697 Ὠς
2715 4632 2967 4687 δὲταῦτα
2992 4634 3206 4703 εἴρηκε,
3258 4634 3513 4703 ἐμμανὴς
3554 4635 3849 4703 γενόμενος
3888 4639 4020 4686 κατ’

2428 4732 2597 4785 αὑτοῦ
2628 4732 2656 4783 ὁ
2680 4731 2950 4793 διὰὃολος,
2982 4732 3310 4799 ἐνεποίησεν
3340 4730 3399 4779 ὲν
3423 4730 3537 4789 τοῖς
3565 4728 3819 4793 ἐγκάτοις
3846 4727 4020 4780 αὑτοῦ

2428 4822 2659 4893 θόρυϐον
2726 4821 2895 4874 πολὺν
2966 4822 3063 4873 καὶ
3125 4822 3365 4890 τάραχον
3417 4835 3432 4849 ο
3474 4818 3569 4870 καὶ
3635 4812 3702 4886 ἦν
3760 4817 4022 4885 κείμενος

2426 4915 2619 4968 λωόὦν
2659 4915 2756 4967 καὶ
2792 4913 3268 4985 σπαραττόμενος,
3305 4914 3400 4967 καὶ
3422 4911 3647 4982 ἀπρεπῆ
3675 4926 3797 4961 τινα
3834 4910 4022 4981 ληρωο

2426 5008 2516 5059 ὁού
2525 5025 2709 5078 μενος.

2506 5273 2604 5348 ρν’.
2654 5274 2712 5328 Ὀ
2751 5277 2808 5329 δὲ
2841 5277 3160 5345 Ἐπιφάνιος
3196 5274 3565 5345 συμπαθήσας
3596 5274 3738 5341 ἄγαν
3771 5276 3838 5343 τῇ
3866 5273 4017 5343 ψυχῇ

2429 5369 2619 5437 αὐτοῦ,
2673 5369 3061 5439 καθεζόμενος,
3113 5368 3281 5442 εὐχὴν
3339 5369 3478 5438 μετὰ
3522 5367 3779 5437 δακρὺων
3830 5369 3889 5419 ὲν
3942 5366 4021 5435 τῷ

2424 5691 2687 5749 Mazarin.
2724 5707 2843 5759 qua!
2891 5690 3209 5760 producitur
3241 5704 3415 5759 usque
3464 5687 3529 5743 ad
3564 5687 3679 5743 haec
3710 5687 3876 5741 verba
3911 5700 4015 5739 na-

2426 5764 2558 5818 meri
2596 5764 2715 5829 liii,
2753 5764 3086 5827 Ἐπίσταμαι
3111 5763 3241 5835 γάρ.
