4202 6434
781 392 891 453 799

1845 383 2263 443 NICEPHORI
2306 383 2776 446 PRESBYTER!
2816 385 2924 444 ΟΡ.

3915 385 4031 448 800

787 506 881 557 Dei
912 502 1117 572 angelis
1145 501 1323 572 quoad
1355 498 1571 553 animas
1622 499 1983 567 peccatriecs:
2013 492 2345 553 adducturus
2383 498 2570 567 utique
2640 498 2695 551 in
2734 496 2969 550 medium
3025 492 3116 548 ubi
3174 501 3225 547 et
3272 491 3553 562 quomodo
3591 492 3857 548 invenerit
3903 494 4019 545 ani-

784 610 925 649 mam
969 594 1220 649 tenebras
1275 592 1518 647 studiose
1560 600 1852 657 sectatum,
1903 608 2010 660 quo
2033 607 2152 645 eam
2204 607 2315 647 sua:
2353 591 2586 646 vindicet
2616 589 2889 659 potestati.

866 685 975 739 152.
1003 682 1221 737 Plurimi
1271 682 1433 752 igitur
1462 697 1585 735 cutn
1612 682 1811 749 gaudio
1860 690 2190 747 scortantur,
2223 683 2338 749 plu-
2368 683 2416 740 Δ

2517 679 2647 749 ρν6’.
2697 679 2887 732 Πολλοὶ
2935 672 3030 731 οὗν
3087 676 3226 746 μετὰ
3284 677 3463 746 χαρᾶς
3515 674 3866 745 πορνεύουσι,
3924 678 4027 728 καὶ

782 776 905 830 rimi
963 775 1121 828 donis
1161 775 1584 842 muneribusque
1621 775 1829 843 c0piam
1873 773 2211 827 adulterandi
2242 772 2346 826 sibi

785 879 1133 937 comparant,
1160 867 1352 921 animm
1378 880 1490 920 sum
1536 865 1892 920 substantiam
1922 864 2299 919 exhaurientes
2330 882 2345 917 :

706 1004 707 1007 η
782 968 836 1011 rt
879 973 1148 1024 nunquam
1196 957 1339 1012 serio
1388 957 1653 1018 recolunt,
1711 955 1870 1024 quale
1919 956 2019 1009 sibi
2063 966 2184 1024 post
2207 971 2354 1009 mor-

786 1058 892 1099 tem
942 1046 1271 1110 incendium,
1331 1054 1533 1114 quanta
1563 1045 1864 1110 tribulatio,
1890 1055 2127 1115 quantus
2171 1045 2351 1109 dolor,

781 1139 1105 1203 amaritudo,
1164 1138 1380 1200 horror.
1432 1138 1688 1192 contritio
1749 1148 2022 1192 maneant.
2079 1138 2346 1206 Denique,

785 1230 1051 1297 propitius
1083 1236 1222 1289 esto,
1280 1227 1522 1282 Domino.
1554 1228 1687 1293 Quis
1726 1228 1870 1281 enim
1910 1228 1999 1281 illa
2031 1237 2194 1295 queat
2224 1243 2351 1282 nar-

784 1319 991 1371 ratione
1021 1318 1295 1385 prosequi,
1332 1318 1397 1370 atl
1420 1333 1652 1386 quorum
1678 1318 1991 1372 mcmOriam
2017 1318 2191 1387 angeli
2216 1334 2352 1387 quo-

783 1422 888 1475 que
942 1409 1043 1475 ipsi
1068 1424 1173 1475 prie
1206 1410 1429 1463 horrore
1474 1410 1937 1465 contremiscunt?
1966 1408 2114 1465 Talis
2151 1412 2350 1480 quippe

783 1498 924 1565 ignis
976 1498 1120 1551 iilins
1165 1499 1218 1551 in
1265 1500 1633 1555 comburendo
1666 1500 1748 1554 vis
1785 1509 1889 1563 est,
1922 1508 1979 1553 ut
2024 1500 2192 1567 ipsam
2218 1515 2354 1567 quo-

779 1608 886 1661 que
923 1592 1170 1659 corporis
1227 1603 1497 1659 expertem
1530 1599 1804 1655 naturam,
1852 1591 2151 1660 angelicam
2202 1590 2347 1652 dico,

780 1697 884 1751 qua
921 1682 1144 1752 spiritus
1174 1682 1309 1737 celo
1336 1681 1607 1735 deturbati
1636 1690 1931 1747 constant,
1957 1681 2268 1736 terribiliter
2297 1690 2353 1735 ct

788 1773 958 1841 rigide
992 1774 1246 1843 pervadat
1296 1774 1692 1842 excrucietque.
1742 1771 1912 1827 Porro
1934 1773 2103 1827 sodali
2135 1773 2222 1825 isti
2257 1780 2349 1825 tuo

784 1864 985 1918 infelici
1015 1865 1322 1933 neutiquam
1348 1864 1649 1918 sufﬁciebat
1678 1879 1819 1917 uxor
1856 1877 1977 1925 sua,
2020 1862 2113 1916 sed
2162 1872 2215 1917 et
2248 1878 2348 1916 an-

781 1957 919 2008 cilia:
945 1956 1086 2022 turpi
1116 1965 1309 2023 captus
1370 1969 1573 2019 amore,
1605 1954 1784 2009 scelus
1820 1955 2145 2008 diabolicum
2174 1955 2349 2009 admi-

779 2046 869 2107 sit,
922 2046 1184 2100 etanimre
1222 2060 1335 2100 sua:
1362 2047 1541 2100 debita
1575 2047 1641 2099 ad
1693 2058 1917 2101 mortem
1948 2063 2120 2116 usque
2180 2047 2351 2115 magis

779 2146 831 2189 et
880 2136 1051 2205 magis
1074 2136 1388 2191 cumulavit.
1428 2135 1585 2191 Venit
1632 2137 1844 2192 tandem
1877 2153 2163 2206 supremus
2224 2138 2347 2192 vita:

789 2226 947 2290 dies,
998 2226 1171 2279 adfuit
1217 2226 1384 2281 draco
1460 2228 1775 2292 infernalis,
1820 2229 2043 2283 adfuere
2104 2231 2275 2284 sancti
2316 2244 2347 2282 e

783 2316 923 2369 coalo
962 2317 1166 2386 angeli;
1199 2315 1453 2373 universa
1508 2319 1742 2373 hominis
1800 2328 1916 2373 acta
1960 2318 2166 2387 judicio
2231 2319 2343 2375 acri

778 2408 1191 2473 discusserunt;
1216 2412 1611 2479 eomperientes
1642 2427 1770 2467 vero
1788 2413 2023 2465 animam
2047 2414 2167 2482 ejus
2195 2414 2347 2467 omni

780 2516 844 2552 ex
893 2510 1044 2566 parte
1109 2503 1387 2570 pollutam,
1445 2504 1708 2571 putidam,
1764 2504 2072 2570 fauentem,
2108 2515 2347 2559 stercore

779 2599 831 2641 vt
856 2591 1114 2658 sulphure
1145 2593 1390 2655 oblitam,
1420 2594 1544 2648 inde
1574 2595 1858 2655 abierunt;
1890 2596 2131 2664 rapiente
2160 2596 2343 2650 misel-

777 2679 882 2729 lam
924 2679 1160 2742 diabolo,
1216 2689 1268 2733 et
1318 2695 1415 2748 pro
1445 2682 1593 2735 Iibitu
1644 2698 1744 2737 suo
1785 2684 2088 2738 divcxante.
2149 2684 2341 2738 Sacer-

783 2768 886 2823 dos
928 2770 1071 2822 cnim
1129 2772 1370 2825 Studiose
1417 2773 1705 2831 admodum
1741 2775 2020 2844 invigilare
2058 2775 2236 2835 debet.
2272 2790 2341 2830 nc

782 2869 1003 2929 peccato
1070 2864 1500 2917 commaculatus
1538 2864 1591 2915 in
1648 2864 1933 2919 ecclesiam
1960 2866 2334 2935 ingrediatur:

777 2965 902 3003 nam
971 2960 1176 3005 tantum
1215 2952 1367 3006 abest
1408 2962 1464 3006 ιιι
1524 2953 1600 3006 sic
1657 2954 1914 3021 prodesse
1938 2955 2107 3023 possit
2150 2955 2336 3019 alicui,

2461 772 2598 842 μετὰ
2646 771 2836 841 δώρων
2887 770 2981 823 καὶ
3025 768 3584 837 ξενίωνομοιχεύουσι,
3628 770 3723 821 καὶ
3774 770 4025 836 κατασή-

2456 881 2620 918 πουσι
2655 866 2754 934 τὴν
2776 864 2875 931 τῆς
2928 863 3106 931 ψυχῆς
3137 861 3351 925 οὐσίαν,
3384 862 3478 914 καὶ
3512 860 3610 913 οὐκ
3640 862 3813 913 οἴδασι
3865 863 4024 921 ποῖος

2456 956 2785 1026 ἐμπρησμὸς
2806 953 2899 1007 τοῦ
2924 953 3154 1005 θανάτου
3186 954 3281 1005 καὶ
3312 951 3491 1019 ολίψις
3517 952 3611 1003 καὶ
3639 950 3796 1019 ὀδύνη
3823 950 4025 1012 αύτοίις

2452 1047 2762 1116 περιμένει,
2790 1047 2884 1098 καὶ
2916 1045 3134 1113 πικρία,
3166 1045 3260 1096 xui
3288 1042 3482 1112 φρίκη,
3518 1043 3611 1095 καὶ
3656 1043 4024 1111 συντριμμὸς.

2452 1136 2605 1190 Μετὰ
2638 1134 2695 1187 δὲ
2732 1134 2924 1196 ταῦτα,
2966 1134 3161 1203 Κύριε,
3193 1134 3396 1198 φεῖσαι.
3430 1131 3527 1193 Τίς
3558 1131 3663 1201 γὰρ
3712 1132 3897 1182 ἐκεῖνα
3935 1129 4021 1181 δύο

2453 1245 2611 1281 ναται
2654 1225 3023 1294 διηγήσασθαι
3058 1226 3201 1293 ειπερ
3237 1225 3330 1277 xui.
3369 1226 3417 1277 οἱ
3459 1223 3680 1292 ἄγγελοι
3713 1222 4026 1285 ἐννοοῦντες

2453 1320 2737 1388 φρίττουσι
2770 1317 2864 1369 καὶ
2892 1317 3155 1385 τρέμουσι
3180 1335 3194 1382 ;
3226 1316 3482 1369 Τοιοῦτον
3525 1316 3635 1385 γάρ
3664 1316 3777 1367 ἐστι
3825 1315 3886 1366 τὸ
3912 1315 4026 1383 πῦρ

2450 1411 2650 1469 έκεῖνο,
2702 1408 2824 1461 καθ’
2868 1408 2896 1459 ὃ
2932 1424 2985 1458 τι
3025 1408 3120 1459 xui.
3156 1406 3322 1474 αὐτῆς
3349 1406 3446 1473 τῆς
3483 1408 3778 1475 ἀσωμάτου
3807 1405 4025 1472 φύσεως

2450 1500 2682 1553 ἅπτεται
2735 1497 2983 1567 φοϐερῶς
3026 1496 3122 1548 καὶ
3168 1497 3461 1565 ἀποτόμως
3489 1534 3503 1550 .
3552 1496 3651 1565 τῆς
3693 1497 4020 1564 ἁγγελικῆς,

2450 1590 2612 1657 λέγω,
2645 1589 2677 1659 ἣ
2712 1589 3027 1658 παραπέσῃ,
3053 1586 3113 1651 ἐξ
3142 1582 3208 1657 ἦς
3235 1589 3328 1639 καὶ
3354 1589 3402 1639 οἱ
3423 1587 3696 1655 δαίμονες.
3724 1588 3838 1638 Ούκ
3861 1572 4024 1655 ἤρκει

2450 1680 2560 1747 γὰρ
2603 1676 2752 1747 αύτῷ
2795 1679 2829 1746 ἠ
2864 1677 3089 1744 σύμὸιος
3121 1674 3309 1738 αὑτοῦ,
3339 1676 3407 1745 ἢν
3455 1672 3645 1744 εἶχενὸ
3684 1674 3979 1738 navatam»;
4005 1690 4024 1707 ·

2451 1772 2589 1824 ἀλλὰ
2618 1770 2712 1824 καὶ
2740 1770 2835 1839 τῆς
2859 1770 3049 1838 δούλης
3076 1769 3342 1837 ἐγλίχετο.
3364 1766 3461 1836 τὴν
3492 1769 3758 1836 αίσχύνην
3781 1767 3875 1820 τοῦ
3904 1768 4023 1820 δια-

2450 1862 2607 1915 ϐόλου
2636 1862 3022 1933 ἐργαζόμενος,
3042 1859 3410 1913 ἀπεστοίὸασε
3439 1859 3507 1911 τὰ
3542 1859 3678 1928 χρέη
3714 1859 3811 1927 τῆς
3841 1858 4024 1926 ψυχῆς

2452 1958 2618 2012 αὑτοῦ
2666 1958 2828 2027 μέχρι
2868 1956 3077 2017 τέλους.
3105 1949 3278 2006 *ιιλοε
3331 1954 3391 2006 τὸ
3420 1952 3593 2015 τέλος,
3621 1948 3784 2021 ἦλθεν
3820 1954 3851 2005 ὁ
3885 1952 4022 2021 δρά-

2452 2066 2587 2112 κων,
2639 2044 2805 2117 ἦλθον
2848 2047 2943 2099 καὶ
2978 2046 3027 2097 οἱ
3062 2046 3208 2113 ἆγιοι
3248 2044 3495 2111 ἄγγελοι,
3542 2044 3900 2113 ἐψηλάφησαν
3955 2045 4023 2095 τὶ

2453 2142 2575 2193 κατ’
2612 2138 2794 2204 αὑτὸν,
2830 2138 2924 2191 καὶ
2953 2138 3206 2206 εὑρόντες
3233 2135 3330 2205 τὴν
3365 2135 3603 2203 ἐλεεινὴν
3632 2133 3799 2188 αὐτοῦ
3839 2133 4023 2203 ψυχὴν

2454 2230 2840 2301 μεμιασμένην
2872 2231 2965 2283 καὶ
3008 2230 3289 2298 σήπιυσαν
3318 2228 3427 2297 (65)
3466 2227 3557 2279 καὶ
3583 2228 3894 2290 ἀπάξουσαν
3930 2229 4023 2278 καὶ

2450 2322 2793 2392 ἠλειμμένην
2818 2322 3023 2390 κόπρον
3043 2320 3141 2375 xu“.
3160 2320 3425 2389 θειάφιον,
3450 2322 3541 2372 καὶ
3562 2320 4022 2387 ἀπεστράφησαν,

2450 2413 2547 2465 καὶ
2579 2412 2934 2465 ἐπεσπάσατο
2968 2413 3139 2481 αὐτὴν
3165 2412 3191 2460 ὁ
3224 2411 3486 2475 διαὸολος,
3515 2411 3609 2464 xui.
3630 2411 3703 2473 ὠς
3736 2412 4025 2479 ἠγάπησεν

2450 2505 2951 2573 παρεόειγμὰτισεν
2996 2503 3181 2556 αὐτόν.
3243 2501 3444 2571 Ἰερεὺς
3484 2501 3594 2571 γὰρ
3636 2502 3839 2570 πολλὴν
3874 2502 4025 2571 ἔχειν

2450 2598 2735 2667 ἀκρίϐειαν
2759 2596 2990 2664 ὀφείλει,
3023 2596 3168 2653 ὅπως
3200 2593 3273 2664 μὴ
3314 2594 3629 2662 ἐφάμαρτος
3660 2593 3983 2662 εἰσέρχεται
4008 2609 4021 2620 ·

2449 2689 2508 2742 ού
2537 2689 2697 2755 μόνον
2716 2688 2870 2741 οὐδὲν
2889 2687 3107 2756 ὠφελεῖ,
3130 2687 3266 2738 ἀλλὰ
3293 2686 3601 2738 τούναντίον
3626 2686 3716 2737 καὶ
3740 2684 4024 2753 ἁμαρτίας

2450 2777 2769 2846 προσθήκην
2796 2777 3011 2845 δέχεται
3048 2790 3061 2803 ⁸
3099 2774 3167 2827 δι’
3198 2775 3363 2827 αὑτὸν
3395 2776 3502 2844 γὰρ
3551 2777 3667 2827 ἐκεῖ
3700 2775 3759 2827 τὸ
3797 2774 4026 2838 Πνεῦμα

2446 2868 2508 2920 τδ
2543 2869 2700 2933 ἇγιον
2723 2868 2783 2919 ού
2810 2867 3162 2936 κατέρχεται.
3207 2867 3301 2919 καὶ
3333 2864 3686 2935 ὑστεροῦνται
3726 2866 3773 2918 oi
3836 2867 4024 2917 ἐκεῖσε

2444 2957 2775 3027 συνηγμένοι
2805 2957 2901 3027 τῆς
2932 2957 3022 3009 τοῦ
3051 2958 3209 3025 ἁγίου
3242 2958 3554 3026 Πνεύματος
3589 2958 3826 3025 χάριτος.

778 3053 833 3093 ιιι
886 3054 1073 3098 contra
1130 3054 1404 3114 peccatum
1477 3062 1637 3101 suum
1700 3049 2011 3115 adaugent:
2074 3050 2187 3116 ipse
2248 3052 2393 3103 enim
2459 3052 2511 3105 in
2572 3068 2735 3106 causa
2786 3052 2909 3115 erit,
2957 3052 3253 3121 quominus
3300 3053 3420 3107 istic
3472 3054 3641 3121 gratia
3703 3049 3877 3105 sancti
3900 3048 4029 3118 Spi-

776 3136 913 3192 ritus
969 3139 1292 3205 dcscendat,
1320 3141 1519 3210 quique
1568 3142 1877 3211 congregati
1919 3152 2047 3195 sunt
2091 3143 2176 3197 illa
2224 3144 2603 3212 privabnntur.

2196 3255 2422 3309 CAPUT
2452 3256 2571 3311 XX.

1078 3373 1149 3427 De
1185 3374 1362 3427 anima
1387 3384 1435 3429 et
1459 3376 1523 3429 de
1548 3374 1729 3429 mundi
1747 3378 2011 3430 creatione
2032 3375 2283 3446 rebusque
2313 3377 2501 3429 divinis
2528 3374 2883 3443 Epiphaniam
2918 3374 3212 3428 sublimiter
3240 3369 3390 3429 docet
3444 3376 3704 3431 Andreas.

847 3508 972 3561 155.
1004 3506 1162 3570 Cum,
1187 3524 1306 3577 qua:
1335 3508 1445 3579 jam
1481 3520 1697 3565 narrata
1726 3519 1874 3574 sunt,
1920 3510 2182 3565 edocebat
2216 3510 2337 3579 Epi-
2369 3516 2414 3574 (ζ

776 3600 1031 3666 phaniutn
1084 3602 1348 3666 Andreas,
1380 3613 1494 3656 erat
1526 3603 1849 3656 matutinum
1908 3602 2203 3657 Dominicze
2233 3603 2338 3655 diei

777 3690 1397 3759 tempus;transiitque
1456 3691 1711 3761 princeps
1793 3692 2009 3761 quidam
2082 3693 2338 3760 palatium

778 3794 991 3847 versus,
1017 3785 1108 3851 qui
1139 3784 1378 3838 libidinis
1396 3783 1607 3836 flamma
1637 3799 1957 3849 succensus,
1992 3786 2338 3854 cupiditatem

776 3890 928 3927 suam
990 3891 1113 3929 cum
1172 3877 1418 3939 muliere,
1448 3892 1610 3945 quam
1654 3877 1953 3945 deperibat,
2013 3877 2336 3946 expleverat.

779 3966 1109 4020 'i‘endentcm
1164 3968 1344 4036 itaque
1374 3969 1522 4021 illum
1550 3970 1616 4021 ad
1668 3969 2194 4038 palatium,jamque
2234 3984 2340 4022 non

778 4059 965 4125 procul
993 4074 1021 4111 a
1054 4074 1111 4113 se
1139 4060 1428 4113 distantem
1470 4061 1700 4115 intuitus
1746 4060 1805 4115 B.
1835 4062 2101 4126 Andreas,
2143 4077 2342 4130 cogno-

782 4148 857 4197 vit
888 4161 1007 4214 qua:
1055 4148 1123 4199 ab
1150 4148 1266 4216 ipso
1324 4150 1412 4203 die
1438 4151 1540 4203 ista
1576 4160 1784 4219 patrata
1819 4160 2000 4205 essent
2053 4152 2294 4220 dixitque
2324 4170 2337 4205 :

783 4237 858 4288 iin
890 4237 1159 4289 hominem
1206 4238 1479 4305 insanum,
1511 4242 1862 4308 quisanctam
1898 4243 2057 4296 modo
2127 4242 2339 4297 Domini

784 4327 924 4380 diem
978 4329 1263 4396 profanare
1284 4346 1391 4382 non
1439 4330 1660 4395 veritus,
1694 4332 1803 4384 adit
1845 4333 2125 4400 palatium,
2163 4334 2338 4400 ipsum

786 4432 1001 4487 quoque
1075 4421 1474 4488 inquinaturus.
1543 4422 1609 4476 Ut
1672 4423 1783 4478 haec
1852 4426 2024 4479 audiit
2092 4426 2341 4496 princeps

786 4512 892 4573 ille.
953 4512 1296 4566 vehementer
1343 4515 1652 4582 obstupuit;
1717 4517 2006 4572 subridens
2046 4528 2224 4573 tamen
2256 4522 2338 4573 via

776 4618 875 4656 sua
932 4607 1183 4673 porrexit.
1226 4605 1423 4659 Drinde
1456 4621 1580 4658 vero
1604 4607 1790 4661 isthmc
1814 4609 2003 4663 amicis
2038 4611 2151 4664 suis
2185 4626 2343 4665 enar-

781 4710 926 4757 tans,
960 4696 1081 4749 aliis
1112 4697 1523 4752 admirationem
1571 4701 1793 4767 peperit,
1829 4705 1965 4769 apud
2014 4704 2148 4757 alios
2183 4706 2337 4757 fidem

777 4802 884 4838 non
939 4787 1162 4848 invenit,
1218 4788 1286 4839 ab
1330 4788 1450 4841 aliis
1494 4789 1729 4858 denique
1786 4792 1836 4843 id
1888 4792 2132 4861 responsi
2194 4794 2335 4853 tulit,

2521 3514 2658 3577 ρνγ’.
2692 3508 2878 3560 Ταῦτα
2904 3507 2997 3560 τοῦ
3047 3509 3257 3562 δικαίου
3302 3510 3551 3578 λέγοντος
3592 3511 3729 3580 μετᾶ
3781 3514 4025 3583 Ἐπιφα-

2442 3600 2577 3663 νίου,
2633 3599 2888 3668 Κυριακὴ
2938 3595 3006 3668 ἦν
3054 3600 3218 3668 πριιτ,
3282 3602 3375 3652 καί
3416 3619 3503 3663 τις
3554 3603 3737 3670 ἄρχων
3776 3604 4022 3657 διέΰαινε

2444 3693 2578 3761 πρὸς
2620 3690 2901 3744 παλάτιον.
2945 3686 3107 3753 Οὗτος
3168 3692 3596 3761 παρενοχληϐεἶς
3648 3696 3727 3756 είς
3766 3696 3868 3765 τὴν
3917 3699 4024 3763 τῆς

2444 3784 2651 3853 σαρκὸς
2683 3782 2950 3851 πύρωσιν,
2999 3784 3078 3845 εἰς
3109 3782 3404 3852 ἐπτουμίαν
3431 3785 3528 3853 τῆς
3559 3788 3837 3851 γυναικὸς,
3882 3788 4013 3839 ὅθεν

2442 3876 2537 3928 καὶ
2566 3877 2881 3943 συνεγένετο
2916 3876 3032 3943 μετ’
3060 3876 3248 3944 αὐτῆς.
3296 3876 3381 3938 Ὠς
3413 3876 3466 3928 δὲ
3500 3879 3808 3948 προήρχετο
3836 3882 3915 3941 εἰς
3960 3882 4022 3932 τι

2443 3967 2724 4031 παλάτιον,
2752 3967 2847 4019 καὶ
2890 3967 3118 4036 πλησίον
3157 3966 3251 4018 τοῦ
3292 3966 3504 4019 δικαίου
3539 3969 3777 4035 ἐγένετο,
3814 3969 4022 4039 βλέψας

2442 4061 2520 4123 εἰς
2561 4060 2722 4113 αὐτὸν
2752 4062 2779 4112 ὀ
2812 4060 3101 4129 μακάριος,
3139 4060 3280 4126 ἔγνω
3322 4059 3383 4112 τὸ
3414 4062 3541 4113 κατ’
3574 4061 3736 4114 αὑτὸν
3772 4064 3837 4131 τῇ
3883 4064 4022 4134 ἁγία

2441 4151 2692 4220 κυριακῇ
2725 4147 3182 4220 διαπραξάμενον,
3216 4153 3308 4203 καί
3351 4169 3481 4219 φησι
3508 4152 3642 4220 πρὸς
3669 4154 3829 4205 αὐτόν
3852 4172 3864 4181 ·
3908 4156 4019 4208 Ἰδε

2440 4242 2468 4293 ὁ
2499 4241 2712 4312 ἔξηχος,
2742 4242 2799 4305 ὃς
2829 4242 3017 4311 ἐμίανε
3042 4244 3140 4310 τὴν
3174 4243 3337 4310 ἁγίαν
3366 4244 3672 4313 Κυριακὴν,
3706 4247 3799 4296 καὶ
3842 4247 4024 4315 ἀπέρ-

2443 4350 2593 4402 χεται
2613 4335 2800 4401 μιᾶναι
2828 4334 2999 4387 καὶτὸ
3023 4334 3300 4389 παλατιον.
3333 4333 3567 4397 Ἐκεῖνος
3593 4336 3647 4387 δὲ
3671 4335 3742 4397 ὡς
3759 4338 3892 4405 ἧκον
3905 4356 4019 4401 τεν,

2444 4425 2786 4494 κατεπὶάγη·
2814 4426 3088 4493 μεγάλως,
3130 4426 3226 4476 xui.
3274 4425 3667 4494 ὑπομειδιάσας
3707 4426 4013 4496 παρῆλθεν.

2442 4516 2748 4583 Διηγήσατο
2781 4514 2837 4567 δὲ
2887 4515 3044 4566 τοῦτο
3086 4516 3198 4575 τοῖς
3234 4514 3406 4583 φίλοις
3440 4514 3629 4577 αὐτοῦ,
3676 4518 3769 4568 καὶ
3820 4519 3867 4568 οἱ
3917 4520 4022 4587 μὲν

2446 4605 2779 4676 ἐθαύμαζον,
2822 4607 2872 4658 o!
2905 4606 2960 4658 δὲ
2987 4606 3273 4675 ἠπίστουν,
3304 4608 3352 4659 οί
3383 4607 3439 4658 δὲ
3468 4607 3651 4674 ἔλεγον
3681 4609 3786 4659 ἀπ’»
3816 4609 4015 4678 δλιμόο

2443 4716 2549 4751 νων
2587 4698 2764 4766 λέγειν
2794 4699 2955 4750 αὐτὸν
2988 4696 3177 4749 ταῦτα.
3214 4697 3274 4749 Ὀ
3322 4697 3377 4750 δὲ
3421 4699 3737 4765 Ἑπιφάνιος
3767 4698 4016 4769 ἐθαύμα-

2445 4808 2535 4842 σεν
2571 4792 2664 4843 ἐπὶ
2697 4793 2760 4859 τῇ
2798 4788 3106 4857 προγνώσει
3159 4789 3251 4842 τοῦ
3306 4780 3517 4842 δικαίου
3566 4790 3778 4859 ἀνδρός.
3844 4790 3907 4843 Ὀ
3963 4794 4017 4844 δὲ

778 4882 1038 4935 instinctu
1099 4880 1403 4934 daemonum
1480 4883 1749 4937 Andream
1792 4886 1921 4939 talia
2002 4888 2339 4943 enuntiassc.
2374 4861 2413 4914 θ

2447 4883 2715 4952 μακάριος
2746 4882 2894 4949 λέγει
2933 4882 3071 4951 πρὸς
3101 4882 3265 4935 αὐτόν
3293 4897 3307 4912 °
3363 4881 3551 4951 Ταύτῃ
3582 4884 3647 4951 τῇ
3680 4883 3836 4933 νυκτὶ
3876 4878 4017 4935 εἶδον

778 4974 946 5026 Porro
996 4988 1119 5026 cum
1170 4974 1456 5027 miraretur
1485 4974 1837 5044 Epiphanius,
1879 4980 2018 5031 unde.
2052 4990 2145 5032 attt
2197 4996 2337 5051 quo-

778 5063 938 5114 modo
989 5062 1092 5116 ista
1132 5065 1479 5131 cognovisset
1507 5067 1587 5119 vir
1626 5079 1868 5129 Sanctus.
1899 5070 1977 5123 sie
2024 5070 2333 5138 loquentem

776 5151 965 5205 audire
998 5154 1193 5207 meruit
1227 5169 1242 5205 :
1274 5154 1386 5209 Hac
1417 5156 1530 5225 ipsa
1561 5169 1718 5212 nocte
1754 5160 2033 5213 mulierem
2060 5164 2335 5227 conspexi,

779 5246 927 5313 regio
980 5247 1126 5299 cultu
1186 5263 1517 5318 coronaque,
1546 5252 1852 5322 margaritis
1895 5268 1958 5306 ac
1998 5256 2226 5322 gemmis
2259 5254 2340 5307 tti-

778 5338 975 5390 stincta
1009 5338 1305 5407 insignem,
1335 5356 1477 5410 quat,
1520 5358 1677 5411 quem
1719 5344 1879 5397 modo
1927 5354 2337 5412 przetereuntein

782 5427 1050 5492 vidimus,
1108 5442 1410 5499 magnatem
1486 5434 1648 5487 veluti
1717 5434 1769 5488 in
1833 5434 1923 5503 jus
1971 5438 2338 5505 protrahens:

777 5517 893 5584 Qua
980 5520 1175 5583 fronte,
1251 5523 1544 5591 inquiebat,
1577 5525 1910 5581 Dotuinicam
1978 5546 2342 5599 conspurcare

773 5626 943 5666 ausus
972 5626 1053 5678 es,
1078 5613 1259 5669 infelix
1288 5616 1310 5669 .’
1341 5632 1468 5671 num
1507 5618 1800 5675 hebdomas
1824 5622 2031 5692 integra
2066 5622 2342 5693 explenda:

2436 4977 2669 5042 γυναῖκα
2730 4973 3068 5043 βασίλισσαν,
3128 4974 3399 5042 φοροῦσαν
3452 4974 3671 5043 στέμμα
3734 4974 4016 5040 βασιλικὲν

2438 5065 2792 5136 μαργαρῶδες
2817 5065 3020 5118 καὶ-διὰ
3046 5065 3231 5131 λίθων,
3257 5066 3351 5117 καὶ
3376 5064 3738 5133 δικαζομένην
3766 5064 3842 5134 τῷ
3871 5084 4017 5135 παρ-

2446 5157 2653 5210 ελθόντι
2696 5157 2917 5227 ἄρχοντι
2953 5174 2968 5189 ·
3028 5156 3172 5211 Πῶς.
3216 5156 3403 5226 φησιν,
3446 5156 3755 5225 ἐτόλμησας
3821 5159 4016 5225 μιᾶναι

2438 5256 2535 5324 τὴν
2561 5256 2866 5325 Κυριακὴν,
2902 5255 3087 5320 ﬂius;
3122 5255 3183 5307 ού
3231 5257 3385 5324 κορεί
3433 5253 3501 5307 δι’
3542 5253 3669 5321 ὅλης
3718 5252 4017 5321 έὸδομάδος

2438 5346 2749 5414 ἁκορέστως
2788 5346 3038 5397 ὑλακτεῖν
3074 5346 3152 5407 είς
3188 5345 3287 5413 τὴν
3326 5344 3628 5413 ὲπιιξυμίαν
3681 5359 3774 5393 σου
3804 5381 3820 5403 ,
3877 5342 4015 5393 ea}:

2441 5439 2531 5489 καὶ
2552 5436 2647 5506 τὴν
2671 5437 2883 5508 ἡμέραν
2907 5454 3007 5505 μου
3025 5438 3123 5507 τὴν
3142 5436 3303 5503 ἁγίαν
3324 5435 3721 5505 ἀπροσκέπτως
3750 5435 4014 5501 εἰσπρατσ

2438 5548 2585 5595 τεις;
2615 5532 2709 5584 M‘z
2740 5532 2831 5583 τὸν
2865 5531 3103 5599 νυμφίον
3124 5547 3225 5598 μου
3256 5529 3510 5599 Χριστὸν,
3552 5530 3601 5581 εἰ
3630 5528 4013 5593 δευτερώσεις,

2440 5616 2503 5676 ού
2554 5625 2841 5695 τριτώσεις
2875 5623 2887 5675 ι
2921 5622 3091 5675 Τοῦτο
3143 5621 3371 5675 εἰποῦσα
3417 5623 3627 5691 ἀπέστη
3676 5622 3772 5674 ἀπ’
3818 5619 4011 5673 αὐτοῦ.

851 5790 961 5861 (ῦῦ)
1014 5791 1086 5848 lta
1144 5798 1393 5863 correxi,
1450 5814 1545 5868 pro
1606 5801 1951 5865 σεσιπῶσαν,
2013 5802 2084 5857 uti
2168 5801 2479 5857 habebatur.
