4202 6434
143 424 253 488 809

1319 410 1498 474 VITA
1539 412 1599 472 S.
1642 408 1970 469 ANDRE/E
2010 409 2201 470 SALI.

3272 407 3374 471 810

143 535 200 589 δὲ
238 535 376 598 Θεδς
407 528 667 593 πολλάκις
695 527 807 590 τοῖς
839 524 1113 587 ικλεκτοῖς
1137 520 1324 586 αὑτοῦ,
1362 520 1712 593 σχηματίζων

1828 519 1975 574 sicuti
2017 527 2118 582 est,
2180 527 2238 573 ut
2276 518 2510 588 qualiter
2561 533 2620 572 se
2647 519 2840 573 habeat
2885 519 3005 587 ejus
3029 517 3224 584 forma,
3261 537 3385 579 nar.

143 627 360 686 ἑαυτὸν,
393 623 470 686 ὡς
499 625 532 692 ἡ
561 621 787 688 δύναμις
814 616 1040 670 ἀπαιτεῖ
1069 613 1180 668 τῶν
1220 611 1559 683 βουλομένων
1588 613 1716 665 ἰδεῖν

151 719 334 774 ιὺτόν.
397 713 715 781 Ἐπιφάνιος
773 706 966 764 εἶπενε
1017 707 1142 770 Πῶς
1193 706 1344 760 ἐστιν
1399 708 1429 760 ὁ
1483 706 1718 776 Χριστὸς

147 809 280 870 Θεὸς
320 809 417 862 καὶ
442 805 754 873 ἄνθρωπος,
783 801 842 854 ἐν
867 819 925 854 τε
955 800 1174 869 θεότητι
1205 801 1307 853 κάν
1335 798 1717 870 ἀνθρωπότητι

149 901 493 969 κεκτημένος
541 894 873 956 ὑπόστασιν;
900 885 981 953 εἷς
1032 891 1089 944 δὲ
1133 890 1295 944 πάλιν
1341 889 1470 952 Υἱὸς
1506 888 1720 950 διπλαῖς

154 992 270 1050 ταῖς
321 988 524 1057 φύσεσι
570 981 1079 1054 προσαγορεύεται;
1126 982 1184 1035 '0
1211 983 1398 1043 ὐσιος
1428 980 1530 1047 ἔφη
1555 996 1567 1010 ο
1601 997 1620 1031 ι
1662 981 1719 1032 '0

148 1082 323 1146 Λόγος
366 1074 463 1128 τοῦ
511 1075 670 1136 Θεοῦ,
715 1071 900 1134 καθὼς
930 1071 1034 1142 ἔφη
1097 1073 1349 1134 Ἰωάννης
1379 1071 1405 1122 ό
1437 1068 1718 1136 Θεολόγος,

153 1171 289 1240 σὰρξ
324 1169 565 1236 ἐγένετο,
599 1163 691 1217 καλ⁵
725 1163 1037 1234 ἐσκήνωσεν
1067 1165 1124 1216 έν
1152 1163 1336 1230 ﬁniit,»
1362 1161 1461 1213 οὑκ
1501 1161 1725 1212 ἀλλοιω-

149 1259 265 1319 θεὶς
315 1256 410 1309 τοῦ
464 1252 602 1308 εἶναι
642 1252 796 1317 Θεὸς,
839 1252 1020 1320 ἄπαγε
1057 1268 1070 1282 ·
1105 1249 1221 1303 ἀλλ’
1266 1248 1341 1301 ὣν
1389 1249 1522 1311 Θεὸς
1568 1243 1726 1309 οὑτος

150 1350 324 1417 Λόγος
378 1349 475 1401 καλ⁸
519 1346 808 1416 ἄνθρωπος
844 1347 901 1398 ὲν
935 1343 1165 1413 ἀληθεία
1198 1342 1434 1409 ἐγένετο,
1475 1339 1725 1410 βροτείαν

150 1441 294 1509 ἔχων
325 1438 491 1507 φύσιν
532 1439 626 1491 καὶ
657 1437 898 1506 θέλησιν,
930 1435 1027 1502 μία
1058 1452 1118 1487 τε
1152 1431 1218 1506 ἦν
1251 1437 1283 1504 ή
1314 1434 1420 1486 τῶν
1450 1431 1726 1501 ἑκατέρων

151 1532 480 1594 ὑπόστασις,
510 1530 605 1583 δύο
629 1546 686 1581 τε
729 1527 932 1587 οὑσίαι,
963 1527 1022 1579 ’ἐν
1060 1543 1122 1579 τε
1161 1525 1450 1595 πρόσωπον
1485 1526 1578 1594 τῆς
1611 1523 1729 1576 θεός

149 1638 314 1690 τητςς
345 1639 358 1651 ·
402 1622 591 1690 ἐπειδὴ
635 1623 700 1673 ὲκ
743 1619 838 1672 τοῦ
878 1618 1063 1671 θεῖκοῦ
1096 1619 1270 1685 Λόγου
1302 1616 1500 1683 ἐπάγει
1544 1621 1602 1668 τὸ
1629 1616 1728 1682 τῆς

151 1712 580 1784 άνθρωπότητος
628 1710 796 1764 αὑτοῦ
838 1712 1136 1780 σεϐάσμιον
1188 1711 1502 1780 πρόσωπον.
1545 1702 1641 1770 Εἲς
1675 1707 1730 1761 δὲ

153 1802 278 1864 Υἱὸς
335 1801 688 1870 ὀνομάζεται,
742 1801 930 1853 καθότι
990 1801 1056 1851 ὲκ
1117 1798 1245 1865 μιᾶς
1292 1797 1642 1858 ὑποστάσεως
1697 1798 1729 1866 ἡ

149 1892 516 1961 ἀνθρωπότης
568 1890 730 1943 αὑτοῦ
799 1891 894 1943 καὶ
952 1890 984 1957 ἡ
1034 1887 1223 1957 θεότης
1277 1887 1730 1957 χρηματίζουσιν.

151 1982 429 2052 Καθάπερ
474 1982 737 2044 πολλάκις
763 1980 859 2032 καὶ
900 1981 933 2051 ἡ
981 1979 1162 2048 ἁπαλὴ
1199 1979 1357 2046 φύσις
1399 1978 1493 2031 τοῦ
1542 1978 1732 2041 ὓδατος

150 2074 439 2142 πεπηγυῖα
480 2071 577 2124 δύο
626 2072 1000 2140 προσηγορίας
1032 2065 1266 2139 [δέχεται
1300 2066 1455 2138 (69)].
1493 2067 1600 2119 Καὶ
1623 2066 1732 2136 γὰρ

149 2164 240 2215 ὅτε
273 2163 425 2214 ἐστὶν
459 2161 603 2230 ὕδωρ
634 2161 852 2226 ἰδιάζον,
887 2161 1018 2229 μίαν
1043 2159 1154 2230 ἔχει
1185 2157 1579 2229 ιιτροιινηγορίαν⁸
1603 2159 1732 2210 ὅταν

151 2252 207 2305 δὲ
261 2254 344 2315 είς
381 2253 554 2318 πάγος
607 2251 929 2318 κατενεχθῇ,
971 2251 1057 2301 ἐπ’
1119 2251 1385 2317 ἀνάγκαις
1430 2251 1528 2301 καὶ
1566 2248 1732 2316 ἄλλην

155 2341 541 2412 προσηγορίαν
591 2338 1002 2410 προσλαμϐάνει
1050 2336 1144 2392 τοῦ
1193 2338 1475 2392 καλεῖσθαι
1535 2336 1729 2404 πάγος.

154 2436 358 2488 Λοιπδν
394 2433 623 2505 τοιούτῳ
652 2435 840 2503 τρόπῳ
873 2433 966 2485 καὶ
1013 2434 1041 2484 ὀ
1081 2431 1211 2494 Θεὸς
1249 2432 1422 2498 Λόγος
1448 2447 1459 2460 '
1504 2429 1610 2492 ’ἐως
1645 2430 1733 2481 ὅτε

153 2528 253 2577 οὑκ
277 2526 598 2595 ἐσαρκὼθη,
637 2525 802 2594 ἤκουε
833 2523 964 2585 Θεὸς
1003 2523 1164 2594 μόνον
1197 2538 1213 2554 ο
1249 2523 1386 2592 μετὰ
1413 2522 1470 2574 δὲ
1512 2521 1572 2572 τὸ
1605 2537 1734 2590 σαρ-

160 2618 435 2683 κωθῆναι,
477 2619 572 2669 καὶ
605 2616 736 2678 Θεὸς
790 2616 819 2668 ὁ
871 2614 1065 2682 Λόγος,
1120 2615 1213 2666 καὶ
1274 2613 1402 2675 Υἱὸς
1448 2610 1737 2680 ἀνθρώπου

156 2707 566 2774 ὀνομαζόμενος
611 2703 713 2775 [εἷς
771 2707 900 2767 Υίδς
937 2707 1002 2757 ἐκ
1043 2705 1134 2756 δύο
1162 2703 1379 2771 φύσεων
1408 2701 1520 2773 (70)

156 2812 261 2850 non
321 2796 460 2862 fuit,
509 2796 715 2849 audivit
780 2795 1120 2848 solummodo
1195 2795 1336 2849 Deus
1395 2810 1411 2846 :

1823 625 1942 664 rare
1971 611 2142 679 possit
2174 628 2187 664 :
2226 611 2316 664 sed
2340 611 2557 678 quando
2578 611 2765 666 electis
2802 613 2916 666 suis
2960 623 3203 682 apparet,
3241 617 3384 683 quod

1821 701 1878 755 lit
1925 702 2271 764 creberrime,
2304 714 2578 772 assumpta
2639 707 2810 758 l'orma
2855 707 2980 773 alia,
3014 717 3390 770 accommodat

1820 807 1942 846 sese
1992 791 2345 847 imbecillitati
2385 793 2805 850 desiderantium
2858 810 3130 866 aspectum
3202 819 3386 859 suum.

1822 883 2107 949 Quomodo
2145 894 2345 950 autem,
2393 886 2687 956 interrogat
2727 889 3086 958 Epiphanius,
3141 894 3388 950 Christus

1824 974 1986 1027 simul
2024 974 2163 1026 Deus
2193 984 2275 1028 est
2303 975 2486 1042 homo,
2519 978 2569 1030 in
2598 979 2794 1034 deitate
2819 998 2948 1038 vero
2978 994 3030 1037 et
3058 987 3393 1044 humanitate

1823 1065 2096 1130 quomodo
2126 1065 2482 1120 substantiam
2518 1069 2712 1124 habet?
2739 1072 3023 1137 Quomodo
3049 1079 3232 1134 itidem
3255 1097 3393 1136 unus

1825 1154 2089 1209 duntaxat
2135 1172 2256 1210 cum
2295 1158 2363 1211 sit
2391 1158 2583 1223 Filius,
2611 1171 2858 1216 naturam
2909 1166 3106 1223 habere
3125 1171 3391 1238 duplicem

1827 1249 2122 1302 asseritur?
2147 1250 2275 1314 Quae
2305 1253 2374 1304 ita
2402 1253 2562 1306 Solvit
2591 1267 2814 1309 sanctus
2831 1256 3074 1312 Andreas
3103 1278 3117 1313 :
3160 1262 3394 1319 Verbum

1826 1339 2090 1405 divinum,
2138 1344 2212 1395 uti
2243 1343 2479 1411 loquitur
2511 1356 2731 1400 sanctus
2758 1345 2998 1404 Joannes
3053 1349 3393 1423 Theologus.

1831 1446 1957 1484 caro
1983 1430 2183 1484 factum
2221 1443 2301 1485 est
2329 1441 2379 1486 et
2424 1434 2684 1490 habitavit
2710 1437 2760 1490 in
2794 1439 2952 1493 nobis
2979 1441 3044 1506 “,
3070 1458 3172 1496 non
3199 1448 3399 1500 amissa

1828 1519 2048 1584 deitate,
2088 1520 2236 1573 nullo
2267 1523 2468 1587 modo;
2496 1515 2591 1577 sed
2621 1525 2708 1578 illa
2743 1538 2947 1585 retenta
2996 1531 3134 1585 idem
3169 1532 3397 1588 Verbum

1831 1627 1955 1665 vere
1983 1611 2144 1664 homo
2186 1611 2384 1666 factum
2415 1623 2518 1679 est,
2550 1619 2765 1670 mortali
2817 1632 3091 1691 assumpta
3124 1635 3175 1679 et
3207 1638 3398 1683 natura

1831 1709 1884 1754 et
1913 1700 2185 1755 voluntate
2211 1719 2224 1767 ;
2254 1703 2537 1772 utriusque
2554 1715 2732 1760 autem
2760 1723 2866 1763 una
2884 1721 2998 1764 erat
3025 1715 3396 1782 subsistentia,

1833 1792 2148 1847 substantia:
2190 1794 2350 1860 binae,
2398 1812 2501 1849 una
2555 1796 2778 1854 Deitatis
2824 1816 3054 1870 persona
3098 1811 3402 1876 :quoniam

1833 1901 1895 1939 ex
1920 1882 2097 1939 Verbo
2128 1885 2310 1938 divino
2345 1889 2589 1954 provenit
2621 1897 2920 1948 veneranda
2960 1912 3187 1966 persona
3219 1903 3406 1967 huma-

1838 1976 2022 2028 nitatis
2056 1976 2202 2031 illius
2231 1994 2245 2030 :
2277 1987 2618 2047 nuncupatur
2673 1992 2849 2037 autem
2892 1985 3060 2042 Filius
3089 2006 3250 2056 unus,
3284 2011 3406 2060 prn-

1833 2078 2018 2137 pterea
2069 2071 2213 2137 quod
2257 2070 2308 2122 in
2346 2086 2450 2124 una
2483 2071 2830 2128 subsistentia
2869 2078 3175 2134 humanitas
3203 2085 3403 2138 divini-

1832 2171 2024 2231 tasque
2049 2161 2371 2216 consistant.
2405 2160 2496 2216 Sic
2523 2179 2623 2216 non
2655 2180 2778 2220 raro
2800 2167 2961 2222 ﬂuida
2986 2186 3139 2240 aqua:
3186 2187 3403 2243 natura,

1833 2253 1884 2305 in
1951 2252 2174 2320 glaciem
2232 2252 2442 2316 durata,
2484 2251 2755 2321 duplicem
2814 2260 3405 2327 accipitnomenclatu-

1840 2358 1988 2409 iam;
2029 2359 2151 2397 nam
2184 2358 2306 2397 eum
2335 2357 2475 2412 aqua
2505 2343 2818 2414 simpliciter
2840 2358 2958 2414 est,
3007 2356 3169 2409 unico
3213 2358 3406 2412 dunta-

1841 2445 1930 2489 xat.
1985 2437 2280 2504 appellatur
2333 2437 2582 2502 nomine;
2607 2453 2730 2491 cum
2767 2455 2895 2494 vero
2936 2441 3104 2511 ipsam
3131 2449 3246 2515 gelu
3278 2466 3408 2504 con-

1840 2528 2056 2598 glaciat,
2104 2543 2325 2582 necesse
2375 2532 2598 2585 omnino
2632 2543 2714 2586 est
2756 2545 2809 2588 et
2845 2537 3006 2592 aliam
3037 2541 3275 2608 proferre
3309 2559 3408 2597 no-

1847 2617 2288 2681 menclationem,
2333 2627 2387 2672 et
2446 2620 2670 2688 glaciem
2720 2638 2932 2680 vocare.
3001 2629 3200 2684 Eodem
3254 2635 3411 2700 plane

1847 2706 2010 2760 modo
2033 2723 2089 2760 se
2128 2706 2264 2762 Deus
2291 2707 2524 2764 Verbum
2562 2712 2761 2780 habet;
2803 2717 3039 2786 quandiu
3075 2721 3412 2778 incarnatnm

1484 2803 1767 2862 postquam
1810 2810 1936 2850 vero
1986 2797 2325 2852 incarnatqu
2385 2800 2504 2868 fuit,
2559 2813 2612 2858 et
2671 2804 2814 2861 Deus
2885 2807 3114 2866 Verbum
3161 2826 3214 2869 et
3245 2815 3415 2873 qus

157 2888 397 2942 hominis
459 2887 715 2956 appellari
761 2888 974 2954 cmpit:
1025 2901 1163 2938 unus
1223 2883 1394 2938 Filius
1436 2899 1498 2938 ex
1557 2884 1769 2940 duabus
1812 2891 2046 2943 naturis.

232 2977 368 3049 956'.
419 2979 731 3046 Ἐπιφάνιος
787 2972 978 3029 εἶπεν·
1031 2975 1090 3028 '0
1128 2974 1358 3045 οὐρανὸς
1395 2976 1422 3026 ὁ
1467 2973 1740 3044 ὁρώμενος

162 3075 351 3125 ἐπάνω
414 3071 582 3125 αὑτοῦ
617 3070 670 3121 τί
713 3070 827 3138 ἔχει
868 3068 1274 3134 ὲπιστεγάζον;
1326 3068 1386 3119 Ὀ
1423 3067 1610 3127 Ὅσιος
1659 3063 1739 3119 εἷ-

1921 2981 2042 3034 16‘2.
2096 2982 2187 3036 Die
2233 2998 2416 3052 porro,
2475 2987 2551 3040 ait
2585 2989 2939 3058 Epiphanius.
2998 2999 3193 3052 cmlum
3249 3003 3412 3068 istud,

1847 3073 1993 3140 quod
2052 3077 2221 3128 oeulis
2257 3079 2527 3130 intuemur
2559 3084 2778 3151 nostris,
2806 3088 2934 3153 quid
2986 3091 3202 3145 tandem
3254 3094 3412 3148 habet

163 3177 260 3210 επεν
287 3177 300 3187 ·
342 3160 560 3227 Ὠσπερ
583 3157 837 3209 ὑποκάτω
871 3156 939 3208 τὰ
977 3158 1113 3225 νέφη
1140 3157 1326 3208 τοῦτον
1359 3156 1740 3218 καλύπτουσιν,

1848 3177 1958 3230 quo
1987 3181 2218 3232 superne
2251 3169 2494 3235 tegatur?
2544 3171 2605 3224 Lt
2631 3187 2854 3229 sanctus
2882 3177 3125 3234 Andreas
3166 3199 3179 3236 :
3219 3183 3415 3250 Quem-

163 3254 308 3304 οῦτω
347 3252 441 3304 καὶ
488 3252 676 3303 ἐπάνω
703 3255 768 3321 τῇ
810 3252 950 3320 φορᾷ
992 3252 1102 3302 τῶν
1146 3251 1352 3304 ὑδάτων
1397 3253 1742 3318 ἑστὲγασται.

163 3345 329 3410 Λέγει
359 3345 465 3412 γάρ
492 3345 519 3395 ὁ
549 3344 710 3396 Δαυῖδ
739 3359 752 3371 ·
777 3361 796 3395 ι
844 3345 904 3395 '0
926 3345 1202 3407 στεγάζων
1231 3347 1289 3396 ἐν
1312 3345 1466 3398 ῦδασι
1496 3347 1562 3397 τὰ
1585 3346 1747 3414 ὑπερο

166 3434 244 3501 ᾦα
280 3433 450 3486 αὑτοῦ
502 3434 668 3501 (ῖΙ).›
713 3433 1026 3498 Ἐπιφάνιος
1058 3431 1248 3484 εἶπεν·
1282 3433 1427 3501 ’Λρα
1467 3435 1621 3485 πόσοι
1663 3435 1749 3484 οὑ-

171 3524 328 3588 ρα-ίοὶ
359 3522 609 3574 δοκοῦσιν
640 3516 781 3575 εἶναι
804 3537 817 3551 °
863 3516 948 3582 ἐἷς
983 3522 1124 3573 κατὰ
1171 3523 1266 3573 τὸν
1297 3522 1555 3590 Μινῦσῆν,
1592 3523 1624 3591 ἢ
1655 3523 1746 3573 καὶ

167 3613 365 3675 ἄλλοις
422 3613 480 3664 '0
534 3612 719 3674 Ὅσιος
773 3607 966 3664 εἶπεν
1006 3611 1065 3664 '0
1117 3612 1219 3674 μὲν
1258 3613 1496 3682 Μωῡσῆς
1533 3615 1642 3675 τοῖς
1690 3615 1747 3664 ἐν

170 3704 295 3771 σκιᾷ
326 3705 424 3753 καὶ
445 3700 521 3771 τῷ
551 3700 729 3770 λύχνῳ
773 3701 1222 3770 προσηλωμένοις
1263 3701 1542 3763 Ἰουδαίοις
1572 3701 1747 3754 ταῦτα

169 3795 375 3861 ἔλεγεν,
408 3793 492 3844 ὅτι
541 3810 558 3839 ι
598 3794 656 3843 ὲν
692 3794 834 3860 ἀρχῇ
877 3791 1135 3859 ἐποίησεν
1181 3793 1208 3842 ό
1237 3791 1366 3853 Θεὸς
1407 3792 1497 3844 τὸν
1523 3793 1748 3863 οὐρανὸν

167 3886 498 3954 φαινόμενον
525 3884 622 3936 καὶ
650 3885 747 3954 τὴν
775 3887 900 3953 γῆν,
926 3901 944 3934 ι
970 3884 1067 3936 ἕνα
1104 3883 1333 3953 οὑρανδν
1356 3884 1652 3952 σημαίνων.
1688 3885 1746 3938 Ὀ

166 3980 226 4030 δὲ
259 3977 539 4046 μακάριος
573 3974 810 4040 Παῦλος,
839 3978 932 4028 καὶ
958 3977 1139 4037 ἀὑτὸς
1192 3974 1488 4044 νομοθέτης
1527 3974 1602 4029 ὢν
1649 3977 1748 4046 τῆς

167 4069 292 4131 νέας
324 4070 570 4138 χάριτος,
599 4067 867 4137 ὲκέκραγε
902 4065 1097 4134 λέγων’
1126 4065 1186 4119 '0
1228 4066 1360 4128 Θεὸς
1396 4061 1537 4118 οἶδεν
1566 4068 1748 4135 ἁρπα-

166 4159 335 4226 γέντα
383 4157 486 4209 τὸν·
520 4156 767 4209 τοιοῦτον
807 4157 1097 4227 ἄνθρωπον
1136 4157 1237 4243 ξως
1266 4157 1453 4226 τρίτου
1494 4155 1748 4226 ούρανοῦ.

180 4255 423 4316 Ἐκεῖνος
465 4253 614 4320 λέγει
654 4253 752 4306 ἕνα
782 4258 875 4307 τὸν
900 4255 1128 4324 οὐρανὸν
1167 4254 1259 4306 τὸν
1292 4252 1570 4324 ὁρώμενον
1594 4267 1608 4282 ’
1639 4253 1667 4304 ὁ
1695 4251 1750 4303 δὲ

185 4346 512 4406 ’Δπόστολος
545 4346 642 4397 καὶ
675 4346 766 4398 τὸν
795 4344 1074 4416 ὁρώμενον
1107 4347 1201 4398 καὶ
1226 4347 1352 4409 τοὺς
1379 4345 1452 4415 μὴ
1482 4345 1750 4414 βλεπομέ-

172 4453 319 4496 vom.
370 4435 492 4505 Χρὴ
523 4434 617 4486 οὑν
649 4436 925 4487 πιστεύειν
955 4437 1035 4504 τῷ
1060 4438 1165 4503 νέῳ
1199 4437 1469 4507 νομοθέτῃ
1498 4453 1511 4466 ο
1555 4437 1618 4488 τὰ
1644 4439 1750 4504 γὰρ

1850 3253 2138 3309 admodum
2189 3270 2392 3326 partem
2444 3265 2568 3316 cmii
2597 3265 2905 3321 inferiorem
2939 3285 3077 3339 saepe
3107 3282 3417 3345 conspectui

1849 3356 2037 3399 nostro
2091 3351 2330 3417 eripiunt
2388 3354 2560 3408 nubes
2585 3395 2600 3420 ,
2639 3357 2708 3410 ita
2773 3368 2826 3413 et
2858 3376 2982 3429 pars
3017 3366 3131 3432 ejus
3174 3373 3422 3436 superior

1849 3437 2014 3490 multa
2052 3455 2317 3509 aquarum
2371 3446 2420 3498 \‘i
2454 3448 2662 3502 obtecta
2723 3463 2838 3518 est;
2890 3465 3117 3511 testante
3160 3464 3415 3528 propheta

1850 3529 2012 3585 David
2048 3551 2062 3586 :
2103 3552 2122 3584 ‹
2156 3533 2258 3598 Qui
2297 3537 2430 3606 tegis
2484 3541 2638 3608 aquis
2667 3547 2942 3611 superiora
2972 3548 3090 3615 ejus
3123 3551 3188 3604 ".
3230 3571 3247 3601 ι
3289 3555 3417 3622 Epi-

1848 3622 2083 3691 phanius
2113 3639 2327 3679 rursum
2361 3645 2375 3682 :
2417 3626 2559 3694 Quot
2612 3636 2779 3687 crelos
2829 3653 2948 3690 esse
2977 3648 3153 3707 putas,
3185 3659 3420 3698 unumne

1852 3725 1974 3764 cum
2007 3711 2208 3782 Moyse,
2236 3731 2305 3770 an
2333 3727 2386 3771 et
2414 3721 2592 3787 plures
2614 3724 2635 3774 ἱ)
2659 3725 2738 3778 Ad
2764 3743 2881 3795 qua:
2913 3727 3144 3787 Sanctus
3170 3750 3184 3786 :
3211 3734 3419 3805 Moyses

1851 3801 2066 3869 quidem
2097 3803 2320 3871 Judzeis,
2363 3809 2417 3863 in
2451 3812 2769 3880 ignorantiae
2817 3820 3044 3889 caligine
3079 3829 3419 3883 versantibus

1854 3893 2242 3964 minimamque
2318 3900 2384 3952 ad
2455 3903 2627 3956 lucem
2716 3911 3158 3981 crecutientihus,
3234 3917 3418 3972 isthmc

1852 3983 2048 4036 cecinit
2081 4003 2094 4038 ε
2125 4004 2143 4036 ι
2181 3986 2235 4039 In
2269 3989 2532 4060 principio
2564 3996 2765 4049 creavit
2788 3996 2926 4053 Deus
2976 4004 3173 4056 coelum
3211 4005 3420 4061 visibile

1851 4081 1906 4124 et
1957 4082 2174 4138 terram,
2219 4094 2238 4128 ι
2273 4080 2468 4132 coelum
2504 4098 2670 4137 unum
2702 4086 3030 4155 signiﬁcans.
3063 4090 3257 4146 Beatus
3291 4110 3419 4149 vero

1854 4161 2072 4230 Paulus,
2136 4169 2227 4235 qui
2283 4178 2336 4222 et
2377 4171 2490 4239 ipse
2521 4173 2574 4226 in
2601 4176 2712 4243 lege
2751 4194 2886 4231 nova
2916 4182 3100 4248 gratiae
3142 4184 3420 4253 legislator

1854 4253 1972 4322 fuit,
2027 4259 2163 4314 elata
2217 4276 2348 4315 voce
2404 4264 2478 4318 ita
2524 4267 2846 4322 exclamavit
2880 4288 2892 4322 :
2926 4271 3067 4326 Deus
3109 4275 3258 4328 nevit
3321 4276 3421 4328 hu-

1856 4349 2053 4403 miuem
2073 4352 2337 4420 ejusmodi
2358 4369 2566 4424 raptum
2585 4375 2757 4428 usque
2787 4363 2850 4414 ad
2878 4363 3095 4417 tertimn
3125 4367 3320 4420 malum
3351 4368 3416 4422 “.

1855 4439 1946 4492 Ille
1993 4441 2058 4494 de
2105 4448 2244 4498 coelo
2298 4461 2407 4499 uno
2466 4450 2608 4516 quod
2667 4452 2840 4506 oculis
2898 4463 3083 4522 patet,
3142 4458 3418 4526 loquitur;

173 4529 274 4597 τῆς
305 4528 434 4588 νέας
466 4526 689 4596 χάριτος
723 4526 1099 4596 πληροφορίας
1125 4527 1408 4596 ἀνάμεστα
1443 4529 1538 4579 καί
1569 4527 1740 4594 πάσης

1856 4529 2148 4598 Apostolus
2206 4544 2410 4598 autem,
2455 4548 2508 4590 ct
2569 4539 2700 4593 illud
2729 4551 2782 4594 et
2822 4543 2955 4597 alios
2993 4545 3210 4615 iusaper
3232 4550 3421 4613 cmlos,

172 4619 434 4685 ἀληθείας
461 4621 554 4672 καὶ
585 4620 940 4688 σεμνότητος.

178 4710 337 4762 ﬁdem
399 4709 695 4761 habeamus
767 4708 1056 4762 recentiori
1148 4707 1329 4776 potius
1405 4705 1766 4775 legislatori:

175 4800 410 4858 subnixa
435 4800 562 4863 sint,
594 4813 714 4868 qua:
741 4798 856 4868 lege
886 4815 1024 4852 nova
1061 4801 1610 4868 camprehenduntur.

246 4892 386 4965 951'.
452 4893 770 4960 Ἐπιφάνιος
819 4892 923 4962 ἔφη
958 4908 970 4920 ·
1015 4892 1104 4943 Ἐν
1146 4891 1224 4959 τῷ
1279 4891 1492 4960 οὐρανῷ
1533 4891 1639 4942 εἰσι
1687 4892 1754 4943 τὰ

177 4987 340 5056 νοερὰ
367 4984 488 5038 θεῖα
521 4984 932 5052 στρατεύματα,
965 4985 1058 5036 καί
1087 4985 1277 5036 ἐπάνω
1320 4984 1532 5037 τούτων
1564 4986 1591 5036 ὁ
1622 4983 1752 5047 Θεός

175 5080 330 5135 ἐστιν
359 5096 374 5110 ο
413 5079 673 5143 ὑπεράνω
707 5076 764 5128 δὲ
791 5075 884 5128 τοῦ
915 5075 1052 5128 Θεοῦ
1080 5078 1134 5128 τί
1169 5078 1319 5128 ἐστιν
1354 5093 1370 5139 ;
1420 5076 1752 5144 ἀπάγγειλόν

177 5189 294 5242 μοι,
323 5167 650 5240 παρακαλῶ.
690 5169 749 5219 '0
793 5169 976 5230 Ὄσιος
1014 5167 1198 5234 λέγει’
1249 5167 1342 5221 Μὰ
1391 5167 1480 5220 τὸν
1521 5167 1752 5237 Ἰησοῦν,

185 5263 361 5332 ξψηλὰ
395 5262 491 5313 καὶ
519 5263 695 5328 ἄνομα
730 5260 910 5326 λέγεις
941 5261 1158 5329 ἐρωτῶν
1187 5259 1200 5310 l
1234 5257 1372 5328 πλὴν
1403 5259 1515 5328 ἐρῶ
1547 5276 1627 5311 σοι
1659 5263 1753 5312 καὶ

243 5445 292 5478 ³⁵
317 5443 479 5500 Joan.
520 5460 577 5510 I,
626 5444 710 5498 Η.
785 5446 830 5477 ’⁸
861 5443 1004 5499 Psal.
1048 5460 1166 5510 CIII,
1210 5447 1264 5502 5.

243 5626 358 5697 (69)
384 5626 546 5699 Addit
579 5642 682 5699 ms.
715 5624 892 5699 Yatic.
926 5627 958 5694 ἦ
992 5626 1394 5699 λογισθήσεται.

245 5699 358 5766 r70)
396 5698 597 5751 Ibidem
623 5697 863 5785 legitur):
895 5697 1212 5753 πλουτοῦσα
1227 5701 1300 5761 ὼς
1333 5699 1623 5768 ήένδειξις.
1699 5766 1724 5785 ν

248 5766 360 5839 (71)
396 5767 648 5822 Pluribus
673 5770 786 5820 hac
819 5767 1022 5822 dictum
1051 5785 1177 5835 ms.,
1207 5775 1298 5827 sed
1327 5766 1609 5829 obscurius
1637 5766 1748 5839 ;εἷς

506 5860 777 5924 Parma.
819 5864 933 5926 Gn.
973 5863 1136 5927 CXI.

1858 4621 1949 4690 qui
1999 4639 2105 4677 non
2164 4625 2434 4694 videntur,
2483 4632 2678 4684 asserit
2726 4649 2866 4688 esse.
2926 4635 3028 4688 Par
3081 4638 3260 4708 itaque
3305 4647 3420 4705 est,

1828 4726 1949 4764 cum
2040 4717 2396 4783 certitudine,
2473 4722 2738 4788 νιςῖὶωιο,
2803 4728 3123 4782 auctoritate
3229 4729 3421 4798 majori

1929 4890 2048 4945 165.
2111 4892 2205 4945 llic
2265 4892 2600 4964 Epiphanius
2649 4917 2664 4954 :
2711 4900 2764 4955 ln
2810 4902 2969 4969 coelo,
3031 4907 3240 4977 inquit,
3296 4913 3424 4964 sunt

1861 4985 2258 5040 rationabilium
2289 4989 2583 5056 spirituum
2611 4994 2902 5062 exercitus,
2934 5013 3070 5066 quos
3099 5017 3260 5070 super
3282 5001 3416 5056 “Cl”

1855 5075 1973 5142 ipse
2030 5080 2230 5131 eminet
2266 5096 2280 5132 :
2314 5079 2365 5132 id
2409 5084 2586 5152 capio.
2649 5083 2843 5141 Verum
2897 5105 3058 5158 supra
3105 5093 3270 5146 Deum
3293 5095 3403 5163 qui!

1857 5169 2072 5224 tandem
2135 5174 2400 5241 reperitur
2424 5176 2445 5227 τ
2468 5176 2543 5241 id,
2595 5180 2788 5233 amabo
2813 5188 2886 5244 te,
2919 5197 3063 5237 nunc
3089 5184 3321 5239 declara.
3360 5187 3408 5243 Et

1857 5265 2099 5321 Andreas
2131 5284 2144 5321 :
2174 5265 2274 5321 Per
2337 5265 2548 5336 Jesum,
2597 5272 2692 5337 ait,
2729 5274 2989 5331 sublimes
3025 5285 3080 5332 tu
3122 5278 3336 5348 quidem
3370 5295 3425 5338 et

1343 5449 1389 5479 '°
1429 5447 1472 5502 Il
1501 5449 1630 5504 Cor.
1669 5463 1768 5519 xu,
1797 5454 1853 5506 ‘2.

1857 5633 1983 5714 Tib;
2029 5632 2124 5714 τοῦ
2163 5634 2300 5714 Θεοῦ
2334 5637 2438 5714 ,διὰ
2479 5640 2538 5692 τὸ
2584 5642 2870 5709 μοναδικὸν
2918 5645 3038 5707 ταῖς
3106 5642 3422 5714 ἐπαλλήλοις

1861 5705 2070 5768 οὖσῖαις
2105 5703 2164 5759 ’ἐν
2184 5707 2567 5764 ἐνυπόστατο

2967 5875 3042 5942 26
