4202 6434
804 424 896 486 811
1866 420 2283 479 NICEPHURI
2327 422 2795 483 PRESBYTERI
2836 424 2942 483 ΟΡ.

3938 434 4035 493 8ίὲ

795 546 1134 604 portentosas
1163 537 1317 604 ponis
1341 534 1667 602 quaastiones
1699 535 1711 586 !
1744 531 2127 586 Verumtamen
2175 543 2227 586 et
2258 533 2376 589 illas

2485 536 2634 588 αὑτό.
2673 535 2888 589 Ἐποὶνω
2915 538 3130 588 πάντων
3162 537 3270 587 τῶν
3301 535 3499 605 νοερῶν
3524 536 3803 603 δυνάμεώι
3831 541 3982 594 ἐστιν
4016 548 4037 595 6

794 628 891 681 tibi
933 628 1230 696 explicatas
1259 626 1419 678 dabo.
1454 625 1766 678 Sublimiori
1819 625 2033 677 cunctis
2078 625 2370 677 virtutilms

794 719 1147 787 intelligentia
1205 716 1447 785 praeditis
1494 716 1615 769 loco
1666 714 1865 767 residet
1915 714 2076 778 Deus,
2116 717 2268 785 cujus
2303 717 2368 769 ad

797 810 1073 863 dexteram
1100 806 1352 861 Christus
1373 807 1630 859 Dominus
1662 804 2031 858 admirabilrm
2090 808 2369 873 thronum,

793 900 962 951 instar
990 897 1220 968 fulguris
1252 899 1582 959 rutilantem,
1610 905 1841 964 occupat
1877 915 1889 949 :
1921 913 1984 951 ex
2028 897 2145 966 ipso
2184 907 2362 951 autem

790 1003 898 1044 tarn
948 992 1294 1044 vehementes
1346 988 1645 1057 procedunt
1672 989 1894 1043 luminis
1944 989 2079 1042 radii
2127 998 2184 1042 ut
2212 990 2374 1042 cade-

789 1092 903 1136 stes
931 1083 1217 1149 spirituum
1254 1080 1475 1133 ordines
1503 1080 1958 1149 perstringuntur.
1990 1080 2161 1149 Supra
2196 1078 2363 1133 Deum

789 1175 1040 1242 t-opiosus
1101 1187 1213 1238 aer,
1244 1172 1503 1225 electrqu
1534 1173 1714 1240 specie
1756 1188 1876 1235 sua,
1913 1173 2148 1225 candore
2180 1172 2357 1227 nivem

793 1271 1057 1328 reterens,
1112 1264 1164 1316 in
1189 1264 1420 1317 sublime
1448 1264 1787 1319 extenditur:
1818 1262 1909 1316 sed
1958 1263 2051 1315 illo
2083 1264 2368 1318 sublimior

790 1354 933 1407 Deus
976 1374 987 1406 ι
1038 1364 1092 1409 et
1155 1371 1344 1408 rursus
1398 1355 1449 1407 in
1499 1353 1843 1406 altitudinem
1924 1352 2244 1407 immensam
2318 1361 2372 1407 et

789 1447 1172 1508 latitudinem,
1240 1446 1426 1514 pelago
1484 1445 1790 1499 vastissimo
1852 1460 2069 1513 parem,
2130 1460 2223 1498 aer
2278 1444 2367 1498 ille

790 1541 1146 1603 ditiunditur;
1201 1538 1293 1591 sed
1316 1548 1369 1591 et
1396 1537 1482 1591 hic
1515 1538 1717 1606 ubique
1764 1535 1929 1590 Deus.
1966 1536 2255 1602 Cteterum,
2290 1537 2365 1590 illi

790 1629 883 1689 mi,
943 1641 1326 1695 quamcunque
1376 1625 1427 1677 in
1460 1634 1668 1694 partetn
1709 1624 2007 1678 altitudinis
2052 1626 2210 1679 istius
2233 1641 2367 1679 con-

788 1721 983 1789 jec-eris
1043 1720 1258 1783 oculos,
1320 1717 1526 1770 nullum
1594 1732 1823 1785 usquam
1878 1716 2021 1769 aeris
2075 1717 2363 1768 terminum

788 1814 1118 1882 assequeris,
1146 1812 1225 1864 uti
1260 1826 1355 1863 nec
1392 1811 1561 1878 ipsius
1596 1807 1919 1860 Divinitatis.
1952 1808 2196 1876 Abyssus
2222 1808 2363 1860 enim

2480 626 2631 689 Θεὸς,
2671 625 2764 677 καὶ
2802 627 2865 678 ἐκ
2919 624 3107 692 δεξιῶν
3135 625 3298 678 αὑτοῦ
3346 626 3581 695 κάθηται
3614 629 3643 680 6
3674 628 3905 695 Χριστὸς
3952 637 4034 686 Eni

2481 717 2670 786 θρόνου
2700 715 2954 784 φοϐεροῦ,
2996 716 3071 777 ὡς
3105 714 3361 784 ἀστραπὴ
3397 718 3826 786 χρηματίζοντος
3853 737 3867 751 ’
3901 721 4027 773 ἁπο-

2480 808 2621 877 φορὰ
2643 808 2697 859 δὲ
2729 806 2935 875 φοϐερὰ
2960 805 3194 877 φοϐεροῦ
3226 806 3405 874 φωτὸς
3429 808 3524 861 ἀπ’
3559 808 3720 862 αὑτοῦ
3748 811 4012 882 ὲκπορεύε

2476 916 2567 951 ται
2598 898 2933 968 διαστρέφων
2975 899 3043 950 τὰ
3085 898 3312 969 οὐράνια
3350 898 3628 967 τάγματα.
3670 899 3953 970 ’Υπερὼω
3988 906 4032 957 δὲ

2475 990 2570 1042 τοῦ
2614 990 2750 1043 Θεοῦ
2802 992 2950 1041 ἐστιν
2984 989 3092 1059 ἀὴρ
3122 989 3311 1060 ὥσπερ
3341 990 3623 1060 ἢλεκτρος,
3669 993 3856 1055 λευκὸς
3905 996 4033 1047 (basi

2476 1079 2628 1150 χιὼν,
2653 1081 2748 1133 καὶ
2781 1081 2940 1143 αὑτὸς
2962 1079 3163 1146 ὑπάγει
3201 1082 3279 1143 είς
3306 1081 3440 1149 ὕψος
3470 1081 3809 1152 ἀπλήρωτον,
3834 1088 3929 1140 καὶ
3957 1091 4024 1140 ἐπ

2477 1170 2625 1240 αὑτῷ
2655 1175 2688 1241 ἠ
2716 1171 2938 1241 Θεότης,
2972 1170 3066 1223 καὶ
3103 1169 3267 1222 πάλιν
3303 1171 3501 1238 ὑπάγει
3532 1174 3609 1233 εἰς
3652 1172 3784 1240 ὕψος
3812 1176 4032 1245 φοϐερὺι

2476 1262 2572 1314 καὶ
2615 1260 2816 1330 ἀχανὲς
2864 1260 3100 1328 πέλαγος
3149 1262 3176 1312 6
3214 1259 3317 1328 ἀὴρ
3350 1261 3577 1328 ἐκεῖνος,
3614 1264 3706 1315 καὶ
3744 1266 3802 1316 ἐν
3832 1266 3981 1334 αὑτῷ
4006 1269 4035 1327 ἡ

2476 1352 2696 1421 Θεότης.
2739 1351 2965 1415 Λοιπὸν,
3018 1352 3229 1413 τέκνον,
3286 1349 3561 1421 πλήρωμα
3602 1355 3703 1406 οὐκ
3755 1354 3900 1408 ἔστιν
3948 1357 4036 1409 τοί

2474 1443 2644 1512 ὕψους
2679 1443 2911 1507 ἐκείνου,
2948 1445 3051 1496 κᾶν
3082 1446 3233 1499 ἔνθεν
3281 1447 3396 1518 ἴδῃς
3430 1446 3461 1515 ἢ
3501 1446 3713 1499 ἐκεῖθεν
3759 1448 3818 1499 τδ
3864 1449 3997 1502 αὑτό
4024 1467 4037 1482 ’

2470 1534 2648 1600 ἄκραν
2696 1534 2804 1603 γάρ
2848 1551 2977 1587 ποτε
3019 1537 3116 1603 οὐχ
3160 1538 3414 1607 εὑρήσεις
3458 1536 3552 1589 τοῦ
3592 1537 3752 1605 ἀέρος
3791 1541 3886 1591 καὶ
3935 1541 4033 1607 τῆς

2468 1623 2704 1693 ἀοράτου
2738 1624 2989 1694 θεότητος
3009 1642 3024 1656 ·
3057 1625 3292 1680 ἄϐυσσον
3323 1628 3433 1697 (7‘2)
3462 1627 3799 1680 ἐπικαλεῖται
3822 1631 3919 1700 τὴν
3945 1633 4039 1699 τῆς

2480 1715 2745 1786 Θεότητος
2776 1717 3015 1786 φοϐερὰν
3044 1718 3233 1771 οὐσίαν
3259 1735 3319 1769 τε
3345 1722 3438 1772 καὶ
3477 1722 3762 1791 ἀστραπὴν
3790 1725 3883 1774 καὶ
3910 1726 4041 1774 ὲτταυ

2470 1807 2740 1877 πόρόητον
2767 1806 3022 1876 θεότητα.
3075 1808 3401 1877 Ἐπιφὰνιος
3427 1809 3574 1876 λέγει
3599 1823 3617 1842 ⁸
3661 1812 3829 1863 Πόθεν
3868 1811 4041 1865 ταῦτα

789 1910 1045 1977 abyssum
1111 1903 1347 1965 iuret-at,
1379 1898 1993 1953 videlicetadmirabilis
2034 1897 2283 1953 essentia:
2309 1912 2371 1951 ac

2475 1896 2561 1947 ἐπ’
2589 1897 2844 1965 εὑθύτητι
2875 1898 3015 1950 οὑτω
3049 1897 3336 1965 γινώσκεις
3367 1899 3460 1950 καὶ
3482 1897 3679 1967 λέγεις,
3714 1900 3786 1961 ὡς
3809 1896 4041 1953 πάντοτε

788 1999 1013 2068 fulgoris
1038 1995 1323 2055 Deitatetu,
1349 1993 1500 2046 nulla
1524 1993 1765 2045 oratione
1794 1992 2189 2060 explicandam.
2214 1988 2366 2043 Talia

787 2097 1094 2159 loquentem
1130 2086 1357 2140 miratus
1386 2084 1719 2153 Epiphanius
1754 2098 1769 2135 :
1800 2082 1949 2135 Unde
1999 2083 2113 2147 tibi,
2171 2083 2362 2151 inquit,

788 2195 965 2231 rerum
1029 2180 1256 2231 istarum
1308 2187 1415 2227 tam
1454 2184 1700 2243 prompta
1735 2173 1924 2226 notitia
1950 2182 2002 2225 et
2049 2173 2360 2240 explicatio,

788 2273 942 2341 quasi
994 2286 1206 2338 semper
1253 2268 1306 2320 in
1334 2268 1399 2320 iis
1431 2265 1831 2335 cognoscendis
1870 2273 2120 2318 versatus
2169 2265 2363 2319 esses?

2473 1989 2611 2040 αὑτὶι
2640 1989 3003 2059 ἐπιστάμενος
3042 2006 3056 2053 ;
3107 1990 3168 2042 '0
3204 1991 3391 2053 Ὀσιος
3449 1990 3723 2060 ἀπεκρίθη
3749 2010 3761 2024 ⁸
3796 1985 3979 2062 ’ῼτινι
4020 1995 4045 2045 ό

2475 2082 2605 2143 Θεὸς
2636 2083 2758 2143 τοὺς
2790 2081 3011 2149 νοεροὺς
3036 2081 3232 2145 αὐτοὺς
3261 2083 3573 2152 ὀφθαλμοὺς
3595 2083 3937 2151 ἀποκαλύψει
3954 2086 4045 2136 καὶ

2475 2174 2725 2239 φωτίσει,
2762 2175 2935 2226 πολλὰ
2974 2175 3164 2244 βλέπει
3197 2176 3290 2226 καὶ
3332 2177 3454 2244 ὁρᾷ,
3502 2175 3648 2243 ἅπερ
3693 2179 3786 2229 καὶ
3832 2176 4048 2243 βλέπων

2471 2265 2748 2327 ἐξίσταται
2792 2266 2925 2336 (75).

787 2359 1017 2429 iieponit
1051 2360 1133 2410 vir
1176 2366 1401 2411 sanctus
1430 2370 1442 2405 :
1472 2355 1609 2407 Cum
1642 2353 1829 2407 oculos
1855 2354 2050 2407 mentis
2075 2353 2359 2407 interiores
2398 2355 2671 2422 aperuerit
2714 2364 2877 2423 atque
2917 2354 3303 2409 illuminaverit
3343 2356 3579 2424 cuipiam
3623 2355 3786 2419 Deus,
3812 2355 4047 2423 plurima

787 2451 871 2503 tlle
928 2463 980 2503 ct
1038 2448 1180 2501 videt
1228 2455 1280 2499 et
1309 2443 1610 2512 cognoscit,
1644 2451 1696 2495 et
1748 2442 2128 2510 cognoscendo
2165 2443 2518 2510 obstupescit.

2184 2554 2413 2613 CAPUT
2460 2557 2601 2611 XXI.

1363 2674 1551 2728 Varias
1578 2672 1881 2741 Scripturas
1914 2683 2216 2741 natumque
2257 2673 2597 2741 plurnomena
2619 2679 2847 2744 explicat
2887 2677 3184 2747 Epiphanio
3215 2682 3474 2734 Andreas.

856 2798 979 2853 164.
1008 2797 1145 2851 Ilinc
1180 2794 1245 2847 ad
1277 2792 1383 2846 alia
1410 2791 1699 2845 deﬂectens
1723 2789 2056 2858 Epiphanius
2081 2805 2098 2842 :
2121 2790 2247 2855 Qui,
2275 2793 2367 2853 ait,

787 2894 928 2947 istud
959 2888 1342 2958 explicandum
1373 2880 1479 2948 est,
1506 2886 1649 2952 quod
1667 2884 1798 2937 dicit
1824 2881 2085 2936 Dominus
2112 2901 2123 2936 :
2150 2881 2366 2946 «Orate,

789 2996 849 3039 ιιι
881 2999 988 3039 non
1040 2982 1129 3035 ﬁat
1169 2980 1291 3047 fuga
1330 2988 1506 3031 vestra
1544 2979 1594 3029 in
1645 2977 1825 3030 hieme
1854 2976 1933 3028 vel
1982 2974 2221 3028 Sabbalo
2244 2974 2356 3025 πῖθι

787 3077 1093 3142 Quoniam,
1149 3072 1326 3138 inquit
1380 3068 1665 3129 Andreas,
1719 3065 2224 3134 perspieaeissimus
2271 3063 2362 3116 Dei

787 3168 1008 3226 oculus,
1043 3163 1135 3232 qui
1171 3171 1279 3213 tam
1313 3160 1415 3213 sub
1443 3166 1720 3225 aspectqu
1754 3156 2026 3219 cadentia,
2061 3170 2220 3223 quam
2254 3171 2361 3208 non

2549 2794 2676 2862 ρξδ’.
2732 2795 3047 2863 Ἐπιφάνιος
3101 2796 3251 2863 λέγει
3278 2810 3293 2826 ⁸
3334 2798 3467 2850 Τίνα
3511 2799 3663 2851 λύσιν
3705 2801 3820 2871 ἔχει
3852 2805 3915 2855 τὸ
3948 2808 4055 2858 ὑπὸ

2471 2886 2566 2937 τοὺ
2606 2886 2814 2954 Κυρίου
2848 2887 3139 2955 εἰρημένον
3170 2904 3184 2919 ⁸
3219 2908 3238 2940 ι
3272 2888 3535 2958 Εὔχεσθε,
3571 2892 3656 2944 ἵνα
3706 2894 3779 2963 μὴ
3832 2899 3863 2965 ἡ
3900 2900 4053 2967 φυγὴ

2469 2976 2621 3044 ὑμῶν
2648 2977 2874 3046 γένηται
2907 2978 3197 3046 χειμῶνος,
3234 2980 3370 3050 μηδὲ
3394 2983 3725 3053 Σαϐϐάτῳμ
3765 2987 3824 3038 '0
3854 2990 4053 3055 Ἀγιος

2466 3062 2620 3119 εἶπεν
2653 3084 2668 3098 ⁸
2722 3068 2941 3139 Ἐπειδὴ
2973 3070 3086 3140 εἵδῃ
3134 3072 3162 3123 6
3216 3072 3390 3140 μέγας
3431 3072 3707 3143 ὀφθαλμὸς
3750 3078 3777 3128 6
3812 3081 4054 3144 προϊδὼν

2464 3158 2532 3211 τὰ
2564 3159 2737 3228 ὁρατὰ
2766 3160 2860 3213 καὶ
2888 3161 2956 3212 τὰ
2982 3161 3191 3229 ἀόρατα
3222 3162 3297 3222 ὡς
3329 3162 3707 3233 προγνώστης,
3743 3168 3824 3218 ὅτι
3858 3170 4058 3235 μέλλει

788 3258 1081 3318 cadentia,
1136 3254 1340 3307 dudum
1400 3262 1527 3303 ante
1585 3248 1870 3317 cognoscit
1920 3262 1983 3300 ac
2043 3248 2356 3315 prospicit,

2480 3247 2839 3319 Ἰερουσαλὴμ
2870 3250 3361 3319 παραδίδοσθαιείς
3396 3257 3583 3323 χεῖρας
3610 3256 3718 3307 τῶν
3758 3258 4055 3325 Ῥωμαίων

787 3348 914 3401 illud
946 3360 1163 3415 quoque
1210 3341 1573 3412 providebat,
1619 3337 1737 3392 fore
1791 3346 1851 3391 ut
1895 3337 2195 3391 Jerusalem
2250 3347 2359 3390 tra-

787 3440 1004 3491 deretur
1034 3437 1086 3487 in
1132 3446 1327 3485 manus
1374 3429 1745 3483 Romanorum
1774 3466 1789 3491 ,
1829 3428 1900 3481 ob
1928 3427 2358 3480 incredulitatem

787 3548 937 3587 suam
983 3528 1228 3582 funditus
1280 3524 1613 3585 evertenda;
1666 3522 1794 3575 hinc
1845 3521 1988 3575 istud
2042 3506 2357 3573 vaticinium

788 3622 1031 3690 protulit.
1088 3619 1223 3671 Nam
1272 3616 1316 3670 si
1374 3615 1501 3684 fuga
1550 3613 1603 3666 in
1646 3611 1941 3665 Sabbatum
1987 3618 2081 3664 aut
2127 3612 2357 3664 hiemem

787 3714 1107 3775 incidisset,
1173 3722 1325 3763 more
1379 3722 1480 3760 suo
1534 3704 1773 3773 jacentes
1820 3718 1915 3771 per
1966 3702 2260 3756 Sabbatum
2308 3701 2359 3754 in

788 3805 1026 3876 grabatis
1054 3801 1257 3867 Jud;ei,
1304 3799 1447 3851 unde
1478 3811 1577 3850 nec
1620 3810 1839 3864 surgere
1871 3795 1999 3862 ipsis
2039 3807 2139 3846 nec
2176 3792 2360 3862 fugam

793 3910 1079 3967 capessere
1112 3894 1193 3947 Ias
1224 3901 1342 3956 est,
1379 3891 1617 3944 hostium
1650 3903 1845 3941 tnanus
1877 3886 2194 3953 neutiquam
2233 3900 2362 3939 eva-

794 3998 920 4050 dere
952 3990 1256 4062 potuissent
1286 4005 1300 4040 :
1328 4002 1395 4041 ne
1420 3993 1601 4038 autem
1634 3983 1685 4035 in
1719 3982 1949 4035 hiemem
1982 3979 2107 4049 fuga
2132 3979 2357 4044 incidat,

793 4090 933 4150 ideo,
978 4093 1183 4148 putem,
1216 4092 1377 4132 orare
1402 4076 1577 4145 jubet,
1613 4074 1755 4143 quod
1788 4072 1985 4140 frigore
2024 4079 2151 4123 tunc
2181 4071 2359 4123 omnia

792 4178 1003 4245 rigeant
1047 4183 1099 4227 et
1129 4179 1340 4224 montes
1388 4170 1521 4221 invii
1565 4167 1714 4220 sint:
1749 4167 1888 4233 quod
1925 4162 1971 4216 si
2002 4162 2166 4215 etiam
2208 4164 2360 4230 fuge-

792 4271 924 4330 rint,
972 4264 1182 4317 nullum
1221 4260 1313 4313 ubi
1347 4260 1553 4311 lateant
1601 4268 1877 4309 recessum
1918 4253 2189 4305 inventuri
2232 4254 2362 4318 sint,

793 4357 1118 4427 prohibente
1197 4351 1250 4402 id
1310 4348 1485 4401 hieme
1569 4345 1622 4397 itt
1680 4343 1953 4396 montibus
2012 4341 2364 4396 inclementer

795 4452 1070 4503 s:eviente.
1121 4442 1310 4494 Exitus
1354 4448 1534 4491 autem
1582 4434 1989 4503 prmdictionem
2024 4430 2225 4486 Christi
2275 4448 2365 4487 ve-

792 4557 908 4595 ram
939 4538 1103 4591 l'uisse
1135 4532 1407 4586 cumulate
1451 4528 1583 4581 satis
1610 4525 2015 4593 comprobavit;
2044 4523 2189 4592 quod
2215 4525 2359 4576 enim

2468 3343 2550 3403 εἰς
2608 3343 2834 3412 ἄπειρον
2895 3343 3173 3412 έξάλειῲιν
3226 3344 3312 3396 διὰ
3382 3346 3481 3413 τὴν
3539 3349 3798 3400 ἀπιστίαν
3840 3350 4055 3415 αὐτῶν,

2468 3433 2803 3503 προείρηκεν
2853 3434 3039 3497 αὑτοῖς
3062 3435 3236 3488 ταῦτα
3268 3452 3282 3467 ο
3322 3437 3404 3489 ὅτι
3441 3438 3538 3488 ἐὰν
3576 3439 3803 3506 γένηται
3837 3443 3868 3509 ἡ
3903 3445 4056 3511 φυγὴ

2469 3525 2648 3579 αὑτῶν
2681 3528 2738 3576 ἐν
2763 3525 3050 3595 Σαϐϐάτῳ,
3074 3527 3214 3579 κατὰ
3244 3526 3303 3579 τὸ
3324 3527 3443 3590 ἔθος
3468 3529 3645 3581 αὐτῶν
3680 3532 3735 3581 ἐν
3762 3534 3875 3592 τοῖς
3907 3533 4057 3583 Σάις-

2476 3611 2634 3661 ϐασιν
2680 3610 2771 3662 ἐπὶ
2812 3612 3086 3679 κράϐατον
3117 3613 3379 3681 κείμενοι,
3432 3618 3526 3666 καὶ
3570 3618 3873 3683 ἀναστῆναι
3928 3638 4054 3682 πως

2472 3700 2548 3770 μὴ
2574 3698 2790 3768 ἔχοντες
2826 3702 2919 3753 καὶ
2951 3704 3162 3769 φυγεῖν,
3214 3704 3382 3772 ἄρδην
3415 3707 3784 3774 ἐμπεσοῦνται
3815 3712 3895 3771 είς
3930 3714 4053 3777 1;?-

2473 3807 2567 3860 ρας
2596 3793 2703 3843 τῶν
2743 3794 2953 3861 ἐχθρῶν
2984 3811 2997 3824 ·
3032 3798 3089 3846 ἐν
3128 3795 3205 3865 τῷ
3236 3797 3291 3850 δὲ
3341 3799 3592 3869 χειμῶνι,
3635 3796 3809 3867 οἶμαι,
3862 3803 3953 3853 διὰ
3990 3804 4054 3853 τὸ

2470 3884 2639 3951 κρύος
2681 3887 2772 3936 καὶ
2793 3885 2880 3936 διὰ
2918 3886 2978 3936 τὸ
3002 3886 3201 3939 ἄϐατον
3226 3889 3332 3940 τῶν
3362 3890 3552 3957 ὀρέων,
3599 3891 3680 3941 ὅτι
3721 3892 3768 3941 εί
3805 3893 3901 3943 καὶ
3946 3896 4057 3961 9:6-

2468 3992 2632 4045 γωσι,
2671 3976 2775 4029 ποῦ
2814 3976 2994 4047 ἔχουσι
3029 3979 3323 4048 κρυϐῆναι,
3352 3980 3477 4048 βίας
3507 3981 3675 4049 οὔσης
3707 3982 3911 4050 πολλῆς
3951 3985 4054 4035 τοῦ

2469 4069 2736 4138 χειμῶνος
2787 4072 2844 4121 ἐν
2892 4073 3007 4134 τοῖς
3063 4072 3285 4142 ϐρεσινς
3323 4073 3395 4124 Τὸ
3432 4073 3487 4123 δὲ
3523 4072 3722 4141 ἀληθὲς
3766 4075 4050 4142 ἡνοίξατο,

2476 4160 2659 4223 καθὼς
2690 4163 2873 4225 αὐτοῖς
2904 4163 3296 4233 προφητεύσας
3334 4165 3655 4232 ἀπεφήνατο
3682 4179 3698 4195 ⁶
3726 4160 3848 4216 εἷπε
3910 4167 4052 4236 γὰρ,

2470 4250 2550 4301 ὅτι
2595 4253 2773 4315 Aiaci;
2798 4251 2894 4302 ἐπὶ
2920 4253 3091 4305 λίθον
3113 4252 3323 4305 ἐνθάδε
3344 4255 3456 4318 οὐχ
3489 4252 3904 4319 εὑρεθήσεται,
3954 4260 4055 4307 καὶ

2471 4344 2691 4409 ἐγένετο
2722 4344 2915 4406 οὕτως.
2945 4346 3101 4397 Μετά
3129 4363 3280 4406 τινας
3314 4345 3423 4412 γὰρ
3462 4347 3689 4413 καιροὺς
3732 4346 3907 4398 ἐλθὼν
3940 4348 4054 4398 ἀπὸ

2482 4430 2699 4502 Ῥώμης
2720 4431 3152 4508 [Οὑεσπασιινὺς
3176 4436 3273 4487 καὶ
3300 4436 3457 4497 Τίτος
3474 4436 3499 4485 ό
3520 4433 3710 4487 τούτου
3738 4436 3848 4497 υίὸς
3878 4437 4049 4508 (74)],

2471 4524 2611 4575 κατᾶ
2650 4526 2709 4575 τὸ
2737 4524 2891 4593 ῥῆμα
2922 4525 3125 4593 Κυρίου
3158 4526 3330 4577 πάντα
3370 4525 3552 4587 αὐτοῖς
3582 4526 3650 4575 τὰ
3678 4525 3827 4575 δεινὰ
3855 4526 4056 4576 ἐπετέ-

792 4634 1039 4691 dixerat,
1086 4625 1322 4693 lapidem
1356 4634 1517 4689 super
1546 4617 1777 4687 lapidem
1805 4614 1928 4669 istic
1956 4628 2062 4666 non
2091 4616 2364 4683 reperien-

2470 4614 2644 4678 λεσεν,
2674 4616 2775 4667 ὅσα
2812 4615 2996 4676 αὐτοῖς
3024 4618 3051 4666 ὀ
3075 4617 3421 4686 Δημιουργὸς
3461 4614 3897 4685 προεκηρύξατο.

792 4729 921 4777 tium
956 4761 969 4783 ,
1031 4721 1105 4772 ila
1166 4716 1337 4786 patuit
1379 4721 1577 4768 eventu
1633 4730 1648 4767 ι

1706 4713 1867 4767 annis
1917 4712 2182 4780 siquidem
2241 4722 2362 4780 post
2403 4711 2646 4780 aliquot,
2708 4713 3002 4769 adveniens
3052 4712 3229 4766 Roma
3294 4710 3661 4781 Vespasianus
3751 4727 3876 4767 eum
3932 4712 4053 4765 ﬁlio

792 4818 915 4869 'l‘tto
942 4854 955 4874 ,
1010 4810 1263 4864 universa
1290 4846 1303 4870 ,
1354 4820 1476 4872 quae
1516 4802 1843 4856 vaticinatus
1893 4812 2011 4857 erat
2062 4802 2358 4867 Dominus,
2399 4804 2538 4856 mala
2574 4818 2737 4871 super
2762 4818 2856 4858 eos
2894 4803 3127 4857 induxit.

868 4903 1000 4956 105.
1047 4900 1204 4953 Aliud
1259 4898 1450 4950 iterum
1497 4893 1837 4964 Epiphanius
1877 4909 1891 4946 :
1933 4894 2070 4958 Quid
2106 4894 2208 4947 sibi
2251 4894 2363 4946 vult

797 4996 927 5050 illud
973 4992 1305 5060 PrOphetzn:
1356 5005 1374 5036 ι
1416 4986 1538 5039 Dies
1590 4985 1696 5039 diei
1747 4993 1958 5038 eructat
2000 4984 2260 5047 verbum,
2310 4994 2364 5037 et

802 5104 909 5141 nox
965 5086 1111 5138 nocti
1169 5080 1457 5134 annuntiat
1510 5078 1886 5132 seientiam’”
1920 5076 1995 5128 ’ἓν
2054 5076 2368 5146 Βρδιιυηύιξι

799 5178 1046 5233 Andreas
1078 5193 1092 5229 :
1134 5175 1235 5227 Adi
1266 5171 1560 5226 Jordanem
1587 5210 1601 5234 ,
1652 5176 1967 5237 reperturus
2002 5168 2186 5238 utique
2217 5186 2366 5239 qum-

802 5271 891 5325 siti
927 5268 1000 5321 tui
1044 5266 1392 5321 solutionem.
1442 5261 1564 5314 Dies
1595 5262 1737 5312 enim
1770 5257 1927 5312 Pater
1955 5268 2075 5321 est,
2126 5261 2369 5314 testimo-

806 5364 954 5417 nitnn
1007 5358 1297 5428 perhibetis
1361 5352 1527 5416 Filio;
1587 5350 2043 5419 quemadmodum
2096 5360 2148 5405 et
2203 5350 2372 5408 Filius

880 5496 923 5527 ³⁷
958 5493 1146 5547 Matth.
1174 5504 1318 5552 ntv,
1356 5485 1445 5539 ΞΟ.
1521 5485 1590 5515 ³⁷⁸
1628 5483 1773 5538 Psal.
1805 5485 2045 5569 XVIII,.5.

878 5608 987 5679 (τε)
1040 5599 1556 5679 ibident_atiditur:
1601 5599 1913 5670 ’Δπόκρισιν
1955 5600 2011 5652 δὲ
2071 5600 2232 5654 πάλιν
2272 5600 2363 5653 διὰ

805 5667 905 5752 τὴν
934 5667 1192 5752 ἐςίτίβασιν⁷
1203 5667 1399 5752 διρόύς.

881 5750 991 5820 (75)
1017 5742 1325 5820 _Pv_ls.__Va_tic.
1359 5739 1639 5820 interji'eit.
1660 5739 1921 5809 05606111:
1956 5755 2060 5820 non
2087 5742 2263 5811 capio.

880 5810 992 5891 (Ἡ)
1014 5813 1292 5871 llis.Vatic.
1314 5827 1406 5881 per
1422 5810 1809 5881 turpissimam,
1828 5812 2134 5870 socordiam
2156 5810 2364 5881 vocem,

2544 4894 2672 4964 ρξε’.
2743 4894 3063 4963 Ἐπι-ράνιος
3109 4888 3265 4945 εἶπεν
3291 4908 3305 4923 ·
3341 4893 3407 4947 Τί
3452 4888 3608 4943 εἶπεν
3648 4890 3677 4941 6
3720 4892 4048 4962 Προφήτης»

2470 5007 2489 5037 ι
2532 4987 2744 5057 Ἡμέρα
2783 4990 2851 5056 τῇ
2898 4988 3082 5057 ἡμέρᾳ
3112 4986 3400 5056 ερεύγεται
3425 4983 3598 5054 ῥῆμα,
3633 4986 3727 5035 καὶ
3759 4983 3858 5045 νὺξ
3885 4987 4051 5036 νυκτὶ

2470 5079 2799 5145 ἀναγγέλλει
2830 5079 3030 5145 γνῶσιν
3055 5096 3070 5144 ;
3103 5097 3120 5129 ι
3144 5079 3202 5129 '0
3220 5076 3498 5146 Μακάριος
3524 5076 3655 5143 ἔφη’
3683 5076 3949 5141 Ἕγγισον
3971 5078 4053 5144 τῷ

2481 5173 2741 5243 Ἰορδάνῃ,
2768 5175 2859 5225 καὶ
2901 5174 3157 5242 εὑρήσεις
3184 5172 3241 5223 τὸ
3262 5169 3619 5239 ζητούμενον.
3652 5165 3905 5239 [Ἡμέρα
3938 5175 4051 5239 γὰρ

2470 5265 2497 5313 ὁ
2546 5263 2732 5333 Πατὴρ
2786 5263 3080 5333 μαρτυρῶν
3130 5262 3209 5333 τῷ
3255 5260 3370 5330 Υίῴ
3418 5258 3579 5330 (75)]
3614 5258 3800 5321 καθὼς
3854 5261 3972 5327 φῶς
4028 5266 4051 5312 ἑ

2476 5352 2598 5414 Υἱὸς
2625 5354 2651 5403 ὁ
2684 5352 3076 5422 βαπτιζόμενος
3104 5369 3116 5381 ·
3154 5353 3302 5422 ῥῆμα
3344 5350 3407 5402 τὸ
3452 5350 3509 5401 ἐν
3562 5348 3734 5418 μέσῳ,
3772 5348 3833 5399 τὸ
3890 5348 4050 5414 ἅγιον,

2470 5614 2537 5653 an
2580 5599 3015 5655 exerrationem?
3057 5598 3289 5654 habebat
3353 5596 3646 5668 Ἀντίοχος.
3688 5597 3918 5652 Rectius
3940 5613 4049 5652 ms.

2471 5670 2666 5881 33:52.
2716 5739 2860 5797 Idem
2903 5740 3013 5796 :Ei
3066 5740 3165 5811 μὲν
3214 5739 3323 5809 γὰρ
3362 5736 3544 5802 καθὼς
3592 5734 3709 5807 φῶς
3771 5739 3801 5791 ὁ
3859 5737 4043 5807 “atq;

2493 5846 2505 5881 ι
2558 5853 2577 5862 -
2656 5853 2670 5868 .

2493 5846 2670 5882 ιιιειηι
