4202 6434
202 423 307 486 817

1359 421 1534 481 VITA
1575 424 1637 481 S.
1678 422 2003 481 ΑΝΟΒΕΕ
2043 424 2237 485 SAU.

3315 428 3423 493 818

204 530 474 604 αίριτικοὶ
505 528 855 592 νοθεύσαντες
882 528 1247 598 ίδογμάτισαν
1312 530 1574 582 ἀλλόκοτα
1639 529 1653 597 ῐ
1683 532 1773 582 καὶ
1802 536 1845 590 Α

1772 536 1845 590 Α
1879 532 2170 584 admodu.n
2224 534 2336 587 inec
2405 542 2582 586 autem
2624 533 2901 599 splendide
2944 534 3167 589 mentita
3194 574 3208 598 ,
3260 538 3339 590 sic
3377 548 3431 589 et

204 622 315 693 χρὴ
344 620 518 675 ταῦτα
552 622 727 675 πάντα
747 622 1067 692 Χριστιανὸν
1097 621 1171 690 μὴ
1196 620 1773 690 παραδέχεσθαισὸιι.

216 713 408 775 ἹΙλίας
434 712 528 766 οῦν
558 715 635 772 είς
664 712 927 781 οὐρανοὺς
960 714 1057 764 οὐκ
1090 711 1277 776 ἀνέϐη,
1306 710 1379 780 μὴ
1402 713 1627 779 γένοιτο,
1656 712 1776 764 οὔτε

204 802 301 855 ktl
337 804 586 873 ἅρματος
616 802 942 866 καθέζεται·
973 804 1133 873 χάριν
1162 803 1218 855 δὲ
1250 802 1359 874 ἔχει
1387 806 1477 856 ἐπὶ
1507 804 1596 857 τὸν
1628 804 1778 855 ὑετὸν

206 892 305 945 τοῦ
350 892 687 961 παρακαλεῖν
722 892 813 944 τὸν
858 892 1016 956 Θεὸν,
1051 894 1198 955 ὅπως
1242 895 1299 945 ὲν
1345 893 1521 963 καιρῷ
1568 892 1778 963 ἀνύδρῳ

207 983 391 1035 Sir?th
423 986 486 1053 τῇ
518 986 585 1052 γῇ
616 982 787 1035 ὑετόν·
816 984 935 1035 ἐπεὶ
966 1002 983 1034 ι
1019 985 1207 1047 Οὐδεὶς
1228 984 1562 1053 ἀναόέὸηκεν
1586 987 1662 1045 εἰς
1690 985 1778 1037 τὸν

206 1058 454 1143 οῦρανξν,
479 1078 525 1126 εί
560 1075 634 1144 μὴ
663 1076 691 1127 6
723 1078 786 1129 ἐκ
811 1076 903 1128 τοῦ
936 1077 1166 1145 οὐρανοῦ
1194 1078 1455 1139 καταϐὰς,
1488 1078 1514 1127 ὁ
1542 1076 1667 1138 Υίὸς
1685 1076 1775 1129 τοῦ

207 1165 519 1234 ἀνθρώπου,
572 1167 600 1217 6
648 1165 724 1218 ὢν
763 1167 819 1219 ὲν
866 1167 944 1237 τῷ
973 1169 1205 1238 οὐρανῷ.
1232 1188 1250 1219 ι
1287 1162 1454 1229 Οῦτος
1498 1168 1553 1220 δὲ
1608 1169 1672 1237 ζῇ
1720 1172 1775 1221 ἐν

211 1257 382 1323 σαρκὶ
416 1257 510 1308 καὶ
542 1256 689 1309 ἔστιν
718 1256 810 1309 ἐπὶ
847 1259 972 1328 γῆς,
1010 1260 1110 1311 κᾶν
1139 1259 1314 1321 οὐδείς
1349 1262 1496 1313 ἐστιν
1522 1263 1549 1311 ὁ
1582 1260 1777 1329 γνωρί-

208 1345 321 1408 ζων
353 1348 536 1399 αὐτόν.
569 1350 643 1417 Ζῇ
676 1348 729 1400 δὲ
759 1350 957 1420 Ἑνὼχ,
992 1354 1085 1404 καὶ
1115 1354 1174 1404 ὲν
1216 1352 1365 1422 μέσῳ
1400 1353 1609 1405 πολλῶν
1642 1359 1773 1405 ἀνα-

208 1439 531 1507 στρέφεται.
569 1441 661 1492 καὶ
697 1442 871 1504 οὐδείς
913 1445 1057 1495 ἐστιν
1085 1446 1113 1495 6
1142 1443 1424 1510 γινώσκων
1472 1446 1652 1499 αὐτόν.
1701 1448 1774 1515 Ζῇ

208 1529 264 1580 δὲ
295 1530 389 1579 aut
422 1530 449 1579 6
488 1530 893 1601 Εὐαγγελιστὴς
936 1533 1211 1602 Ἰωάννης,
1264 1538 1354 1588 καὶ
1394 1535 1540 1589 ἐστιν
1574 1539 1652 1595 εἰς
1687 1539 1776 1587 τὸν

208 1617 439 1687 κόσμον,
466 1620 653 1687 ὥσπερ
692 1621 1039 1690 μαργαρίτης
1079 1624 1137 1674 ἐν
1167 1625 1317 1693 μέσῳ
1352 1624 1614 1693 βορϐόρου
1646 1626 1777 1693 ἀφε-

209 1710 350 1773 θεὶς,
384 1710 479 1763 τοῦ
511 1707 652 1763 εἶναι
685 1713 741 1763 ἐν
771 1716 932 1783 σαρκὶ
970 1716 1060 1767 ἐπὶ
1084 1716 1179 1782 τῆς
1210 1716 1330 1783 γῆς,
1364 1716 1774 1787 ἀντιπρόσωπος

214 1805 401 1874 Ἰησοῦ
437 1805 672 1875 Χριστοῦ
725 1808 818 1860 τοῦ
853 1808 1235 1871 ἐξιλάσκεσθαι
1280 1810 1433 1878 ἡμῶν
1463 1810 1559 1873 τὰς
1591 1813 1773 1879 ἀμαρ-

1881 625 1979 677 ista
2018 640 2045 675 a
2096 626 2323 678 veritate
2361 625 2695 678 alienissima
2744 635 2909 690 sunt,
2957 636 3011 680 et
3050 627 3120 681 ab
3162 626 3435 681 haereticis

1879 714 2184 783 prodigiose
2254 716 2549 768 adulterata
2620 725 2785 781 atque
2848 719 3123 782 conticta,
3188 717 3435 783 adeoque

1877 804 2187 859 Christiano
2236 806 2459 860 cuilibet
2512 808 2825 876 neutiquam
2877 807 3228 861 admittenda.
3282 809 3437 862 Absit.

1878 897 2063 964 igitur,
2098 906 2191 949 aut
2223 896 2275 949 in
2304 898 2471 951 caelos
2498 899 2793 962 invectum,
2844 907 2936 952 aut
2966 898 3018 952 in
3054 913 3215 951 curru
3244 900 3435 952 etiam-

1879 1002 2006 1040 num
2055 986 2240 1040 sedere
2291 986 2459 1039 Etiam
2490 1028 2505 1051 ,
2557 990 2801 1042 dicamus
2856 1005 2870 1040 :
2924 988 2973 1041 id
3035 987 3436 1045 verius.istltac

1877 1075 2017 1143 apud
2052 1072 2217 1128 Deum
2255 1076 2489 1146 gaudere
2528 1080 2897 1144 prierogativa.
2926 1089 2979 1131 ut
3014 1089 3254 1146 tempore
3281 1078 3437 1131 siet-i-

1880 1166 2004 1218 tatis
2047 1174 2243 1217 terram
2290 1164 2493 1217 aridam
2531 1165 2708 1233 pluvia
2753 1165 3087 1231 impertiatur
3138 1184 3151 1219 :
3200 1183 3217 1215 ι
3266 1164 3437 1217 Nemo

1878 1254 2078 1321 quippe
2125 1254 2175 1305 in
2221 1254 2417 1307 emtum
2452 1255 2719 1317 ascendit,
2768 1254 2869 1306 nisi
2905 1254 2995 1320 qui
3046 1255 3322 1308 descendit
3369 1256 3437 1308 de

1878 1343 2034 1407 coelo,
2093 1340 2262 1397 Filius
2314 1344 2569 1408 hominis,
2618 1344 2709 1414 qui
2763 1343 2927 1397 estin
2966 1345 3102 1396 rmlo
3128 1345 3193 1396 ³³.
3235 1363 3252 1394 ι
3292 1344 3437 1399 Elias

1880 1447 2029 1493 vero,
2087 1431 2306 1487 indutus
2352 1448 2591 1496 carnem,
2652 1434 2779 1485 vivit
2826 1434 3092 1498 interra;
3146 1450 3304 1487 nemo
3335 1445 3437 1493 est.

1878 1523 1970 1591 qui
2002 1522 2175 1591 ipsum
2216 1526 2530 1593 cognoscit:
2566 1524 2693 1578 \ivit
2725 1534 2776 1577 et
2809 1524 3012 1587 Enocli,
3054 1535 3107 1578 et
3148 1524 3437 1577 tnultorum

1880 1623 2129 1668 versatur
2176 1618 2228 1668 in
2278 1618 2476 1680 medio,
2508 1632 2815 1685 quanquam
2878 1617 3131 1671 omnibus
3186 1619 3435 1685 ignotus:

1880 1706 2007 1760 vivit
2034 1705 2266 1774 denique
2296 1705 2459 1759 etiam
2502 1704 2741 1759 .loannes
2768 1706 3092 1773 evangelista
3130 1707 3180 1758 in
3216 1705 3438 1765 mundo.

1877 1796 2038 1850 sicuti
2067 1796 2355 1864 margarita
2385 1794 2436 1847 in
2469 1794 2645 1847 medio
2676 1795 2809 1858 luto,
2834 1796 2911 1849 sic
2940 1805 2995 1849 ut
3028 1811 3132 1847 non
3164 1806 3438 1863 appareat.

212 1896 353 1957 τίας,
388 1898 481 1946 καὶ
509 1896 601 1949 τοῦ
629 1897 997 1965 ἀποστρέφειν
1023 1902 1121 1968 τὴν
1169 1901 1381 1953 δικαίαν
1413 1902 1581 1971 ὀργὴν
1613 1900 1777 1954 αὑτοῦ
1810 1869 1851 1926 Β

1810 1869 2133 1951 Blatitans,
2198 1900 2256 1940 ut
2306 1888 2358 1939 in
2419 1902 2583 1939 carne
2633 1896 2754 1940 ante
2808 1886 2995 1941 faciem
3053 1886 3181 1941 Jesu
3237 1886 3439 1949 Christi

211 1982 310 2053 τὴν
340 1986 457 2037 καθ’
482 1988 656 2055 ἡμῶν,
691 1988 926 2057 ὁπηνίκα
950 1990 1227 2062 πληθυνθῇ
1252 1993 1317 2045 τὰ
1342 1992 1497 2062 ἡμῶν
1524 1993 1779 2063 πλημμε-

209 2076 430 2143 λήματα
451 2076 541 2129 τοῦ
567 2078 864 2150 ἀπαλεῖψαι
887 2081 1027 2150 ἡμᾶς
1060 2080 1145 2134 διὰ
1174 2082 1273 2145 τὰς
1302 2083 1576 2154 ἁμαρτίας
1600 2086 1779 2153 ἡμῶν.

209 2167 406 2219 Πολλοὶ
441 2163 537 2221 οῦν
577 2170 683 2221 τῶν
726 2170 950 2223 δικαίων
981 2172 1278 2227 ἐθεάσαντο
1321 2175 1503 2238 αὐτὸν,
1536 2175 1653 2228 ἀλλ’
1683 2176 1781 2229 οὐκ

209 2259 571 2329 ἱφανέρωσαν
606 2261 768 2314 αὑτὸν
801 2263 889 2315 διὰ
921 2264 981 2315 τὸ
1003 2264 1231 2318 ἄπιστον
1255 2267 1348 2319 καὶ
1373 2266 1666 2335 περίεργον
1683 2266 1783 2334 τῆς

209 2350 565 2419 ἀνθρωπίνης
611 2351 916 2416 ἀσθενείας.
947 2353 1109 2406 Ὀθεν
1145 2356 1195 2407 0i
1240 2358 1388 2425 τρεῖς
1436 2352 1581 2407 οὗτοι
1643 2356 1781 2419 ζῶσι

215 2444 387 2515 μέχρι
426 2444 522 2513 τῆς
556 2445 889 2511 συντελείας,
924 2448 1017 2501 καὶ
1043 2448 1161 2500 τότε
1206 2449 1345 2516 μετὰ
1384 2447 1475 2501 τοῦ
1518 2449 1783 2517 Ἀντιχρί-

210 2550 340 2585 στου
375 2534 759 2598 παλαίσαντες,
795 2537 1112 2609 νικήσουσιν
1165 2539 1346 2603 αὑτὸν,
1385 2541 1476 2591 καὶ
1510 2538 1650 2589 οὕτω
1693 2538 1782 2589 τὸν

210 2622 304 2675 τοῦ
344 2625 648 2693 μαρτυρίου
680 2628 944 2695 στέφανον
973 2628 1327 2696 ἀναϐήσονται
1358 2633 1504 2699 παρά
1546 2630 1780 2699 Χριστοῦ

211 2714 311 2768 τοῦ
354 2715 489 2769 Θεοῦ

286 3003 384 3065 po’.
421 2994 607 3047 Ταῦτα
640 2995 738 3064 μὲν
764 2993 955 3057 οὕτως.
988 2994 1119 3062 Περὶ
1154 2994 1209 3047 δὲ
1234 2994 1327 3048 τοῦ
1358 2996 1531 3050 καέειν
1559 2999 1784 3070 δράκον-

212 3104 280 3140 τα
307 3089 341 3155 ἡ
384 3086 664 3156 ἀστραπὴ,
700 3086 799 3137 οῦκ
828 3085 1177 3153 ἀμφιϐάλλω,
1210 3086 1408 3155 ἀληθὲς
1445 3091 1554 3157 γάρ
1593 3092 1739 3141 ἐστιν
1766 3105 1779 3118 ’

1883 1980 2200 2049 deprecetur
2234 1992 2332 2047 pro
2390 1978 2623 2046 peccatis
2674 1978 2911 2043 nostris,
2962 1979 3271 2046 iustamque
3322 1978 3442 2046 ejus

1884 2070 2146 2126 adversus
2198 2084 2297 2123 nos
2355 2070 2694 2124 iracundiam
2749 2078 2996 2134 avertat,
3045 2070 3262 2138 quando
3295 2070 3439 2122 deli-

1882 2173 2089 2218 ctorum
2116 2174 2426 2217 nostrorum
2460 2164 2725 2231 completo
2766 2178 2993 2215 numero
3035 2163 3312 2216 deleturus
3348 2175 3445 2214 nos

1884 2256 1936 2307 in
1973 2263 2171 2308 terram
2216 2253 2416 2307 veniet.
2455 2253 2601 2305 Multi
2635 2253 2852 2319 quidem
2887 2262 3200 2306 sanctorum
3244 2252 3442 2305 intueri

1886 2344 2035 2396 illum
2074 2353 2425 2407 meruerunt,
2465 2344 2556 2399 sed
2591 2344 2707 2396 aliis
2740 2354 2959 2413 propter
2988 2343 3316 2395 infirmitatis
3348 2342 3445 2395 ltu-

1887 2452 2057 2491 mante
2112 2438 2545 2492 incredulitatem
2590 2436 3072 2503 curiositatemque
3120 2449 3226 2488 non
3272 2436 3445 2487 mani-

1885 2532 2171 2585 festaruut.
2246 2531 2418 2598 Atque
2494 2528 2546 2582 lii
2612 2538 2721 2583 tres
2791 2528 2856 2579 ad
2917 2526 3444 2581 censnmmzttioncm

1884 2624 2065 2678 smculi
2099 2623 2328 2676 vivendo
2363 2621 2669 2689 pertingent
2696 2660 2709 2682 ,
2762 2604 2977 2689 quando
3030 2620 3270 2687 pra-lium
3320 2634 3443 2672 eum

1884 2713 2219 2766 Anticltristo
2297 2710 2737 2771 committentes,
2791 2709 3014 2762 vit-toria
3064 2708 3328 2776 petituri,
3384 2725 3447 2762 ac

1887 2804 2120 2874 gloriosa
2165 2802 2407 2874 martyrii
2460 2815 2657 2855 corona
2714 2815 2743 2854 a
2794 2800 3012 2855 Christo
3066 2800 3293 2853 Domino
3344 2802 3441 2854 do-

1889 2897 2049 2950 nandi
2087 2908 2230 2950 sunt.

1962 2988 2081 3041 170.
2118 2989 2289 3056 Atque
2322 2987 2409 3041 illa
2439 2987 2655 3056 quidem
2682 2985 2754 3040 ita
2789 3001 2846 3042 se
2874 2987 3101 3051 habent,
3152 2985 3226 3040 uti
3261 2985 3446 3039 hacte-

1888 3095 1991 3132 nus
2042 3079 2327 3133 diximus:
2374 3079 2553 3147 quoad
2588 3078 2876 3133 draconem
2933 3093 3099 3141 vero,
3154 3078 3294 3146 quod
3338 3078 3445 3130 ful-

211 3178 330 3230 ἀλλ’
364 3178 465 3246 οὐχ
498 3181 525 3231 6
557 3180 709 3244 ἅγιος
749 3176 935 3241 Ἠλίας
987 3180 1316 3248 ἀστράπτων
1371 3182 1536 3245 ἐστιν,
1590 3180 1707 3234 ἀλλ’
1757 3182 1784 3233 6
1815 3215 1855 3270 Ο

1781 3206 1855 3270 .C
1892 3172 2034 3224 mine
2086 3171 2222 3224 ictus
2273 3170 2402 3224 dare
2454 3185 2643 3240 poenas
2696 3179 2954 3241 cogatur,
3007 3171 3187 3224 nullus
3217 3169 3440 3233 dubito;

212 3273 448 3340 ἄγγελος
490 3273 720 3342 Κυρίου,
755 3274 782 3325 6
812 3274 891 3334 είς
935 3272 1095 3324 τοῦτο
1153 3274 1503 3342 τεταγμένος.
1558 3276 1783 3344 Δράκων

214 3364 270 3415 δὲ
309 3362 523 3415 ἐκεῖθεν
557 3363 768 3431 γίνεται
796 3378 808 3391 ·
847 3363 1042 3432 θεωρεί
1062 3363 1312 3431 ὀδαίμων
1339 3365 1462 3425 τοὺς
1484 3365 1655 3433 ὄφεις,
1689 3367 1783 3417 καὶ

216 3455 322 3523 lsi;
356 3449 469 3505 οἷον
499 3453 703 3521 ἀρέσθη
730 3454 839 3520 (79)
870 3452 907 3521 ],
940 3453 1073 3505 ὅπου
1106 3454 1275 3516 ἐστὶν,
1315 3455 1640 3523 εἰσέρχεται,
1691 3456 1784 3508 καὶ

213 3544 425 3609 γίνεται
457 3543 734 3611 σύμφυτος
762 3541 925 3594 αὑτοῦ
961 3543 1055 3594 καὶ
1086 3541 1484 3611 συνανάτροφος
1513 3545 1607 3595 καὶ
1650 3560 1782 3611 συγ-

216 3635 529 3701 καχοεργος
559 3650 572 3662 ·
608 3634 705 3684 καὶ
739 3633 1123 3697 προϐαίνοντος
1153 3632 1245 3684 τοῦ
1281 3634 1494 3703 καιροῦ,
1542 3636 1784 3704 ἀπεργά-

216 3725 373 3788 ζεται
397 3730 422 3773 ὴ
450 3725 659 3793 δαίμων
687 3725 776 3776 τὸν
812 3723 935 3791 ὅφιν
969 3725 1282 3792 φαντασμὸν
1308 3727 1480 3794 μέγαν
1510 3729 1600 3779 καὶ
1626 3730 1786 3796 φοϐε-

220 3819 315 3885 ρὸν
350 3817 446 3867 καὶ
477 3816 703 3883 θρασὺν,
738 3816 829 3867 καὶ
861 3817 1030 3867 κακὸν
1064 3816 1291 3885 σφόδρα,
1330 3818 1421 3869 καὶ
1462 3820 1522 3869 οὐ
1557 3822 1786 3889 χωρίζε-

214 3926 307 3960 ται
333 3905 501 3959 αὑτοῦ
536 3906 595 3957 τὸ
627 3906 869 3972 σύνολον,
906 3906 1042 3958 ἀλλὰ
1078 3908 1230 3976 μένει
1264 3911 1321 3960 ἐν
1351 3910 1500 3979 αὐτῷ
1532 3911 1787 3979 βλάπτων

220 3995 500 4067 μεγάλως.
539 3994 828 4049 Ἐντεῦθεν
857 3998 885 4048 6
911 3998 1033 4065 ὄφις
1071 3999 1277 4063 γίνεται
1312 3999 1551 4067 δράκων,
1597 4000 1785 4071 θηρίον

217 4090 419 4156 πικρὶν
474 4086 567 4137 καὶ
624 4085 984 4150 ἐξωλέστατον
1039 4087 1153 4157 [καὶ
1209 4088 1319 4141 ἐστι
1372 4090 1468 4158 μὲν
1512 4091 1605 4144 καὶ
1656 4092 1787 4145 αὐτὸ

216 4177 345 4230 καθ’
372 4176 536 4227 ἑαυτὸ
585 4176 755 4229 κακὸν
786 4176 947 4249 (80)],
984 4178 1099 4230 ἀλλ’
1135 4178 1375 4232 ἐνδύεται
1422 4181 1513 4233 καὶ
1555 4182 1645 4234 τὸν
1675 4182 1787 4236 διὰ-

222 4266 408 4329 6ολον,
434 4266 763 4334 καὶγίνεται
791 4268 1011 4321 διπλοῦν
1056 4270 1116 4323 τὸ
1166 4272 1333 4323 κακὸν
1384 4272 1525 4324 κατὰ
1573 4274 1665 4326 τὸν
1707 4275 1789 4324 λέ-

216 4373 388 4422 γοντα
422 4372 437 4386 ο
471 4350 642 4423 Εὗρεν
680 4358 707 4407 6
744 4358 990 4418 Σατανᾶς
1036 4358 1128 4409 τὸν
1170 4358 1433 4415 διάϐολον.
1487 4362 1652 4415 Ὅταν
1693 4360 1787 4416 οῦν

215 4447 477 4516 διανοηθῇ
513 4448 540 4498 6
572 4446 844 4514 διάὄολος,
877 4453 905 4502 6
951 4448 1008 4499 ιν
1052 4447 1129 4517 τῷ
1159 4447 1300 4516 ὄφει,
1335 4450 1571 4515 ἐξελθεῖν
1600 4457 1663 4507 ὲκ
1692 4454 1791 4507 τοῦ

1888 3272 1971 3317 est
2012 3263 2153 3315 enim
2190 3263 2403 3316 veritati
2452 3277 2749 3317 consonum
2804 3280 2819 3318 :
2882 3270 3117 3317 attamen
3169 3278 3271 3316 non
3330 3261 3440 3314 Elia

1888 3352 2201 3408 moderante
2237 3363 2290 3406 et
2333 3355 2609 3423 jaculanle
2660 3354 2919 3419 fulmina,
2964 3355 3056 3408 sed
3108 3354 3297 3422 angelo
3342 3353 3443 3403 Do-

1890 3446 2022 3499 mini
2057 3446 2122 3499 ad
2166 3447 2267 3500 ltoc
2299 3446 2600 3513 designato.
2628 3446 2763 3499 Audi
2810 3461 2941 3499 vero
2988 3445 3242 3499 draconis
3284 3446 3446 3513 origi-

1889 3551 2032 3590 nem.
2063 3536 2382 3603 Conspectis
2410 3536 2618 3591 daemon
2655 3537 3018 3605 serpentibus,
3065 3550 3445 3605 quemcunque

1886 3630 2001 3683 vult
2034 3628 2369 3697 ingreditur,
2425 3644 2550 3683 cum
2599 3630 2799 3698 illoque
2838 3630 2999 3683 unius
3044 3629 3445 3699 quodammodo

1888 3732 2092 3777 natura
2124 3710 2202 3785 fit,
2244 3739 2365 3777 eum
2404 3724 2495 3777 illo
2546 3724 2804 3776 malitiam
2851 3738 3005 3776 suam
3039 3724 3442 3777 communicat:

1892 3812 2214 3880 procedente
2246 3820 2427 3865 autem
2466 3820 2709 3879 tempore
2732 3849 2747 3875 ,
2783 3820 3052 3881 spectrum
3085 3812 3209 3865 inde
3250 3810 3450 3865 format

1889 3905 2253 3962 immensum,
2305 3903 2567 3966 terribile,
2614 3902 2786 3955 audax
2851 3913 3012 3969 atque
3074 3902 3448 3967 vaferrimum,

1888 4007 1915 4045 a
1960 4006 2067 4061 quo
2117 4008 2212 4045 nec
2258 3995 2324 4046 ad
2377 3993 2543 4045 latum
2580 4008 2812 4061 unguem
2860 3993 3143 4047 discedens
3192 4003 3450 4048 constans

1890 4084 2065 4136 incola
2098 4124 2112 4147 ,
2172 4086 2278 4137 late
2337 4084 2643 4138 vastitatem
2689 4098 2752 4138 ac
2802 4083 3058 4139 damnmu
3114 4084 3445 4138 circumfert.

1890 4171 2028 4226 Hinc
2067 4176 2284 4227 tandem
2331 4190 2551 4244 serpens
2596 4176 2683 4229 ille
2720 4176 2777 4228 lit
2814 4176 2978 4231 draco
3008 4215 3022 4239 ,
3077 4176 3187 4230 fera
3232 4178 3451 4229 immitis

1888 4277 1943 4318 et
1978 4265 2215 4318 maxime
2252 4266 2576 4333 perniciosa,
2616 4282 2735 4334 quze
2775 4266 2989 4334 quidem
3036 4282 3102 4319 ex
3146 4267 3305 4320 insita
3346 4268 3459 4320 εὶιιί-

1890 4368 2081 4407 natura
2140 4356 2273 4408 satis
2310 4354 2508 4417 noxia,
2567 4370 2659 4423 per
2704 4356 3092 4410 inltabitantem
3147 4355 3448 4411 daemonem

1890 4448 2052 4516 duplo
2100 4448 2420 4501 malitiosior
2473 4447 2568 4510 fit,
2620 4464 2688 4501 ex
2724 4458 2904 4503 mente
2941 4450 3105 4513 illius,
3157 4451 3246 4519 qui
3280 4450 3449 4504 dicit:

215 4537 430 4607 φωλεοῦ
471 4538 637 4590 αὑτοῦ
668 4537 761 4591 τοῦ
791 4538 1012 4609 βλάψαι,
1045 4542 1076 4612 ἢ
1131 4542 1393 4596 ἀπολέσαι
1442 4544 1784 4613 ἀνθρώπους,
1821 4534 1859 4589 ί)

1821 4534 1859 4589 D
1892 4534 2109 4603 Reperit
2158 4535 2389 4589 Satanas
2430 4536 2727 4592 diabolum.
2779 4538 3006 4603 Quando
3058 4540 3221 4609 igitur
3278 4542 3448 4593 visum

215 4628 422 4699 θεωρεῖ
449 4630 475 4681 6
503 4629 633 4691 Θεὸς
666 4630 893 4696 ἄνωθεν,
927 4633 1019 4684 καὶ
1072 4634 1146 4702 μὴ
1184 4633 1350 4686 θέλων
1405 4636 1655 4701 γενέσθαι
1690 4652 1785 4689 κα-

216 4723 341 4783 κὸν,
371 4720 519 4771 νεύει
570 4720 648 4790 τῷ
690 4722 905 4791 ἀγγέλῳ
952 4724 1049 4792 τῆς
1106 4725 1412 4795 ἀστραπῆς,
1445 4726 1537 4778 καὶ
1586 4726 1786 4789 εὐθέως

217 4812 454 4879 ἄρχεται
488 4810 630 4864 κατὰ
658 4811 750 4863 τοῦ
771 4814 1065 4882 δράκοντος
1097 4815 1344 4886 βροντᾷν,
1396 4816 1487 4868 καὶ
1524 4816 1786 4870 ἀποστέλ-

216 4903 302 4954 λει
332 4904 425 4955 τὸν
449 4904 659 4971 σίφωνα
690 4904 786 4972 τῆς
817 4905 1129 4975 ἀστραπῆς,
1172 4907 1266 4960 καὶ
1290 4907 1573 4960 κατακαίει
1601 4907 1783 4961 αὐτόν.

229 4996 291 5047 '0
330 4994 385 5047 6t
416 4992 683 5057 διάϐολος,
716 4995 745 5047 6
781 4995 839 5047 ὲν
864 4995 941 5064 τῷ
974 4996 1096 5064 ὄφει
1147 4997 1653 5069 ὐπερασπιζὸμενος
1686 5000 1787 5051 αὖ·

212 5086 330 5148 τὸν,
385 5085 535 5153 αίρει
589 5086 753 5139 αὐτὸν
781 5087 839 5138 ἐν
876 5087 953 5155 τῷ
980 5088 1125 5157 ἀέρι,
1162 5089 1257 5141 καὶ
1296 5090 1485 5157 φεύγει
1536 5090 1644 5143 ἀπὸ
1687 5089 1781 5142 τοῦ

213 5173 453 5245 φοϐεροῦ
490 5175 655 5245 φόϐου
688 5177 783 5230 καὶ
831 5180 1036 5248 τρόμου
1087 5180 1185 5249 τῆς
1211 5180 1519 5250 ἀστραπῆς.
1564 5182 1784 5247 Φεῦγων

213 5269 269 5322 δὲ
318 5269 649 5336 ἀγωνίζεται
677 5272 757 5332 είς
788 5270 1075 5341 ἄνθρωπον
1099 5268 1608 5345 ἀποκρεμασθῆναι,
1638 5276 1784 5337 ὅπως

212 5363 240 5414 6
272 5362 412 5424 Θεὸς
453 5361 768 5431 φειδόμενος
797 5360 891 5414 τοῦ
923 5363 1233 5434 ἀνθρώπου,
1270 5364 1442 5435 ἀφεθῇ
1482 5368 1731 5431 κάκεῖνος
1767 5383 1780 5397 ο

283 5556 329 5588 ³²
367 5551 530 5608 Joan.
559 5568 638 5615 ιιι,
679 5555 757 5607 l5.

285 5717 400 5787 (78)
442 5715 541 5795 Ms.
606 5715 780 5795 Yatic.
842 5720 926 5795 ξ’να
971 5719 1281 5795 ἐπίστασαι,
1318 5760 1353 5795 ,_
1384 5724 1477 5775 ναὶ
1533 5724 1634 5795 γρὴ
1685 5723 1783 5785 πᾶς

214 5788 544 5852 Χριστιανὸς
574 5787 679 5842 τῶν
718 5790 972 5843 τοιούτων
988 5791 1442 5860 ἀποστρέφεσθαι.

1891 4638 1973 4681 est
1996 4628 2251 4688 datmoni,
2284 4638 2587 4696 serpentem
2623 4630 2897 4694 incolenti,
2932 4632 3145 4699 prodire
3173 4648 3201 4685 e
3234 4632 3452 4685 latebris

1893 4718 2027 4781 suis,
2084 4719 2393 4772 hominibus
2450 4720 2677 4774 nocendi
2728 4736 2791 4775 ac
2847 4722 3122 4775 interitum
3185 4721 3447 4776 inferendi

1892 4826 2090 4875 causa;
2135 4812 2186 4865 id
2234 4810 2543 4880 speculatus
2592 4814 2824 4883 desuper
2864 4814 3043 4879 Deus,
3092 4830 3200 4868 non
3243 4816 3450 4883 patiens

1892 4901 1955 4954 ad
2007 4902 2211 4955 exitum
2250 4901 2473 4970 perduci
2525 4902 2728 4957 nefaria
2782 4904 3170 4959 machinatoris
3202 4906 3449 4971 consilia,

1891 4993 2079 5063 angelo
2121 4994 2333 5047 fulmini
2366 4994 2653 5062 prazlecto,
2684 5011 2745 5050 ea
2779 4996 2957 5049 Statim
2986 4997 3171 5049 divino
3201 5006 3327 5050 nutu
3367 4997 3451 5049 in-

1892 5087 2077 5140 dicat:
2120 5086 2166 5140 is
2198 5094 2381 5141 autem
2422 5088 2683 5141 continuo
2728 5097 2918 5142 contra
2964 5088 3256 5143 draconem
3309 5090 3451 5143 ciere

1895 5182 2151 5243 tonitrua,
2186 5181 2433 5233 emittere
2470 5181 2711 5234 fulminis
2741 5182 3049 5250 siphonem,
3104 5189 3156 5235 et
3197 5182 3344 5236 omni
3387 5197 3449 5235 ex

1895 5282 2044 5341 parte
2070 5272 2303 5324 llatumis
2332 5271 2507 5339 ipsunt
2544 5273 2821 5327 infestare.
2852 5271 2986 5326 Tum
3023 5288 3148 5326 vero
3177 5272 3451 5335 diabolus,

1894 5364 2160 5433 serpentis
2192 5363 2392 5423 incola.
2424 5362 2790 5420 imminentem
2826 5366 3193 5420 calamitatem
3225 5364 3451 5434 propul-

1968 5721 2075 5787 l79)
2118 5721 2340 5781 ibidem,
2374 5721 2504 5773 ὅπου
2545 5720 2707 5774 iet-5v.

1967 5792 2077 5862 ςδθ)
2120 5791 2338 5856 lbidcm,
2376 5791 2471 5843 ιὺκ
2499 5792 2553 5845 ἐν
2589 5809 2660 5860 τῳ
2694 5790 2955 5859 ὺπάργιιν
2989 5787 3132 5857 αὺτῴ
3166 5787 3343 5843 κακόν.
