4202 6434
219 426 327 491 821

1401 432 1579 492 νιΤΑ
1620 433 1682 492 S.
1721 435 2053 496 ANDREIE
2092 438 2284 499 SALI.

3358 434 3462 497 822

215 535 290 591 τὸ
314 536 395 603 δὲ,
430 536 674 608 «nam;
690 536 1088 609 κιράσματος,ι
1111 540 1206 609 ὅλη
1235 540 1268 610 ἠ
1300 539 1599 608 Θεότης,τδ
1619 542 1789 610 γλυκὺ

1893 543 2065 601 Filius
2090 548 2368 611 hominis;
2429 549 2546 617 ipso
2599 549 2857 604 dicente:
2898 566 2916 599 ι
2948 546 3127 607 Pater.
3169 546 3221 599 in
3274 561 3460 600 manus

214 629 498 698 κέρασμα,
539 630 601 681 τὸ
648 630 943 698 εὐφραῖνον
966 630 1065 693 τὰς
1100 630 1331 700 καρδίας
1356 632 1515 702 ἡμῶν
1543 632 1653 686 τῶν
1699 650 1792 686 πι-

217 720 529 772 στευόντων
569 721 650 784 εἰς
688 720 855 776 αὐτὸν
883 737 895 752 ’
924 720 1138 791 πλήρης
1169 722 1278 792 γὰρ
1305 723 1571 796 Θεότητος
1617 724 1792 793 ἀκράο

214 826 337 875 του,
371 811 540 881 ἤγουν
566 811 755 865 ἀδόλου
793 813 827 883 ἡ
859 811 1218 885 ἀνθρωπότης
1242 812 1432 868 αὑτοῦ.

292 1098 429 1160 per.
455 1093 529 1146 τὸ
549 1092 625 1153 δὲ,
663 1111 682 1144 ι
702 1093 956 1148 Ἔκλινεν
980 1096 1042 1150 ὲκ
1087 1095 1279 1149 τούτου
1305 1098 1386 1161 εἰς
1414 1096 1624 1164 τοῦτο,ι
1665 1093 1796 1169 ἦλθε

215 1182 527 1249 σαρκωθεὶς
566 1186 646 1247 εἰς
700 1184 763 1237 τὺ
800 1184 953 1250 ἔθνος
992 1186 1102 1239 τῶν
1144 1187 1435 1252 Ἰουδαίων,
1469 1188 1558 1243 ἵνα
1587 1188 1674 1243 διὰ
1702 1190 1800 1260 τῆς

217 1273 701 1347 ὲναυθρωπήσεως
746 1278 911 1332 αὐτοῦ
954 1279 1203 1363 γνωρίσῃ
1236 1280 1335 1351 τὴν
1366 1280 1517 1334 ἔνδον
1560 1283 1798 1354 ἄκρατον

216 1368 458 1437 θεότητα
510 1368 603 1440 Ιδι⁹
625 1366 693 1443 ἦς
742 1353 985 1443 ἐποίησε*
1005 1375 1208 1443 σημεῖα
1244 1373 1339 1427 καὶ
1366 1375 1569 1445 τέρατα
1596 1353 1816 1447 ἐμπροί

223 1460 357 1511 σθεν
382 1461 567 1515 αὑτῶν
599 1478 613 1492 ⁶
649 1465 851 1517 ἐκεῖνοι
877 1464 935 1517 δὶ
974 1465 1156 1536 φθόνῳ
1188 1464 1532 1536 βαλλόμενοι,
1572 1466 1756 1535 ἔλεγον
1781 1484 1797 1499 ·

231 1548 331 1601 Ἐκ
362 1551 600 1619 μαγείας
632 1546 783 1606 ποιεῖ
811 1556 948 1609 αὑτά
982 1555 1095 1625 (84)
1210 1552 1346 1609 Εἶτα
1396 1557 1521 1609 ίδὼν
1552 1560 1577 1610 6
1614 1559 1800 1630 Πατὴρ

218 1639 303 1692 δτι
336 1642 628 1695 ἀπιστοῦσι
658 1645 736 1715 τῷ
769 1649 1051 1714 μονογενεί
1074 1647 1243 1706 αὐτοῦ
1271 1647 1407 1717 Υἱῷ,
1437 1649 1532 1701 καὶ
1561 1635 1641 1723 ὅτι
1676 1650 1802 1703 ἐθα-

221 1729 480 1782 νάτωσαν
504 1731 698 1784 αὐτόν·
731 1733 893 1796 αὐτὸς
924 1737 951 1788 6
982 1736 1040 1787 ἐν
1064 1739 1126 1805 τῇ
1152 1737 1297 1807 χειρὶ
1334 1735 1501 1789 αὐτοῦ
1528 1738 1589 1789 τὸ
1620 1739 1801 1808 ποτή-

1895 649 2020 695 tuas
2049 645 2372 699 commendo
2401 645 2651 713 spiritum
2698 658 2877 697 meum
2909 644 2974 697 ".
3021 661 3039 692 ι
3079 640 3232 708 Quod
3282 649 3460 693 autem

1893 730 2095 786 dicitur
2122 749 2137 786 :
2175 731 2353 786 «Calix
2381 735 2574 804 plenus
2598 734 2825 799 misto,»
2866 732 3106 801 intellige
3131 739 3297 807 totam
3336 728 3461 783 Dei--

1895 831 2104 887 tatem,
2156 840 2279 894 qua:
2324 841 2491 880 suave
2544 826 2765 897 mistum
2820 836 2951 888 εει,
2993 823 3135 893 quod
3194 822 3463 877 exhilarat

1895 914 2364 970 corda-hominum
2405 916 2458 969 in
2491 915 2668 970 Deum
2694 914 3030 971 credentium
3068 932 3082 968 :
3118 914 3273 982 plena
3309 928 3464 965 nam-

1896 1023 2003 1077 que
2037 1022 2199 1061 merae
2227 1023 2291 1064 ac
2324 1009 2592 1078 simplicis
2626 1008 2849 1064 Deitatis
2874 990 3184 1063 humanitas
3210 1006 3331 1073 ejus
3358 1013 3460 1058 est.

1972 1098 2093 1152 l73.
2143 1098 2297 1164 Quod
2346 1101 2544 1155 deinde
2588 1100 2936 1168 subjungitur
2991 1117 3005 1153 :
3059 1094 3459 1151 «Inclinavitex

1898 1189 2003 1243 hoc
2040 1190 2097 1245 in
2148 1190 2324 1254 hnc,»
2365 1195 2437 1245 ita
2472 1200 2633 1265 sonat
2680 1209 2694 1245 :
2730 1190 2891 1246 Venit
2916 1206 3010 1261 per
3032 1188 3463 1243 incarnationem

1901 1280 1966 1335 ad
1997 1291 2208 1349 gentem
2237 1280 2517 1338 Judaicam
2542 1323 2557 1350 ,
2588 1291 2649 1337 ut
2678 1282 2757 1338 sic
2794 1282 3051 1336 latentem
3077 1281 3225 1333 intus
3260 1292 3464 1332 meram

1900 1372 2265 1439 divinitatem,
2307 1390 2404 1444 per
2433 1376 2880 1453 quam‘patrahat
2915 1376 3067 1442 signa
3104 1387 3166 1427 ac
3200 1371 3465 1440 prodigia,

1901 1479 2084 1520 coram
2129 1466 2264 1536 ipsis
2308 1478 2494 1523 notam
2524 1468 2747 1523 faceret.
2783 1469 2854 1522 At
2888 1468 3006 1531 illi,
3041 1465 3242 1521 invidia
3272 1464 3469 1516 stium-

1902 1555 2022 1623 lati,
2049 1557 2149 1611 arti
2174 1562 2400 1627 magica:
2430 1559 2553 1627 haec
2576 1558 2921 1613 attribuenda
2952 1557 3224 1611 dicebant.
3277 1553 3469 1608 Postea

1905 1657 2030 1697 eum
2062 1626 2527 1715 animadverteret
2548 1626 2740 1722 Pater,
2774 1647 2827 1701 in
2856 1646 3174 1701 inﬁdelitate
3200 1644 3319 1698 illos
3351 1656 3462 1711 per-

1907 1735 2102 1791 sistere
2124 1777 2138 1799 ,
2185 1738 2435 1793 nolentes
2464 1740 2574 1795 ullo
2599 1740 2759 1794 modo
2790 1738 2949 1814 ﬁdem
2981 1737 3239 1792 adhibere
3281 1733 3472 1804 unige-

225 1836 343 1887 ριον
375 1822 622 1887 κρατῶν,
653 1823 822 1893 ἦγουν
852 1825 951 1894 τὴν
978 1828 1139 1897 χάριν
1168 1826 1356 1892 αὐτοῦ,
1386 1829 1448 1880 ὲκ
1490 1828 1585 1881 τοῦ
1617 1828 1803 1892 ἔθνους

1908 1826 2022 1880 nito
2049 1826 2185 1881 Filio
2213 1844 2336 1895 suo,
2366 1829 2475 1883 imo
2503 1839 2559 1885 et
2590 1838 2818 1886 mortem
2855 1831 2903 1885 ei
2939 1827 3284 1883 machinatos
3312 1840 3433 1881 esse
3457 1841 3470 1889 ;

220 1911 335 1963 τῶν
398 1913 672 1967 Ἰουδαίων
743 1911 890 1987 ἦρε,
945 1921 1039 1971 καὶ
1116 1920 1408 1989 Ῥωμαίοις
1466 1922 1801 1991 παρέδωκεν.

226 2004 412 2073 «Πλὴν
467 2006 496 2055 6
541 2006 770 2075 τρυγίας
828 2006 1020 2078 [ἤγουν
1075 2009 1136 2063 τὸ
1188 2008 1415 2081 ἔσχατον
1465 2014 1564 2083 τῆς
1613 2011 1803 2084 ὀργῆς]

222 2093 393 2147 αὑτοῦ
422 2095 521 2147 οὐκ
550 2094 908 2170 ὲξεκενώθη.»
944 2099 1164 2155 Ἐκλινε
1198 2104 1257 2156 τὸ
1282 2104 1612 2173 Εὑαγγέλιον
1643 2105 1808 2159 αὐτοῦ

223 2185 290 2236 ἐκ
337 2184 447 2236 τῶν
511 2183 782 2239 Ἰουδαίων
817 2189 897 2250 εἰς
946 2190 1013 2241 τὰ
1065 2188 1377 2261 ῦεοφόρητα
1422 2186 1574 2261 ἔθνη,
1608 2191 1809 2261 ὁμοίιος

223 2278 354 2337 τοὺς
380 2278 718 2341 ἀποστόλους
748 2280 842 2333 καὶ
866 2280 927 2333 τὸ
959 2283 1228 2349 πανάγιον
1251 2283 1479 2353 Πνεῦμα
1508 2301 1521 2315 ο
1548 2286 1642 2338 καὶ
1665 2286 1808 2338 ᾶπα-

231 2381 335 2418 σαν
362 2366 464 2436 τὴν
493 2368 651 2437 χάριν
678 2369 772 2422 καὶ
805 2369 1007 2438 γνῶσιν
1042 2372 1150 2424 τῶν
1179 2372 1556 2428 θεοπνεύστων
1579 2373 1811 2444 Γραφῶν

228 2458 504 2510 ἐκένωσεν
532 2461 613 2523 εἰς
651 2462 816 2530 ἡμᾶς.
862 2463 1007 2535 Πλὴν
1038 2467 1065 2517 6
1095 2466 1327 2537 τρυγίας
1354 2466 1523 2521 αὐτοῦ
1558 2468 1659 2521 οὐκ
1698 2468 1812 2533 ἐξε-

230 2550 493 2621 λιμνώθη*
527 2551 719 2622 ὥσπερ
767 2556 798 2625 ή
853 2559 1056 2625 τρυγία
1112 2542 1206 2611 τοῦ
1252 2560 1396 2612 οίνου
1431 2560 1488 2612 ἐν
1540 2560 1681 2629 πίθρ
1714 2560 1812 2612 οὐκ

227 2644 576 2710 ἐκκενοῦται,
605 2646 749 2700 οὓτω
774 2648 836 2700 τὸ
869 2650 1106 2718 γράμμα
1138 2652 1199 2703 τὸ
1231 2652 1461 2720 νομικὸν
1523 2653 1813 2723 ἁνευέργη-

228 2732 323 2785 τόν
356 2735 475 2785 ἐστι
535 2737 629 2787 καὶ
663 2736 1035 2807 ἀνωφέλητον.
1071 2740 1283 2810 Τρυγῐα
1318 2742 1427 2811 γὰρ
1460 2744 1492 2810 ἠ
1530 2742 1686 2804 ἐλπὶς
1704 2744 1813 2795 τῶν

243 2825 517 2879 Ἰουδαίων
542 2826 688 2879 ἐστίν
716 2843 732 2859 ·
765 2828 844 2881 ἑτι
868 2829 976 2898 γὰρ
1000 2831 1147 2901 πάσῃ
1185 2834 1250 2901 τῇ
1271 2835 1341 2902 γῇ
1369 2832 1813 2901 οκορπισθέντες,

233 2919 488 2971 πίνουσ.ν
518 2922 576 2972 ὲν
603 2921 672 2991 τῇ
697 2922 899 2993 τρυγξᾳ
928 2922 1026 2996 τὴν
1053 2924 1708 2995 πλανην,προσδοκῶντες
1724 2926 1814 2979 τὸν

233 3008 356 3063 ’Δντ
368 3011 421 3081 ίχ
428 3027 632 3081 pta-10v.

312 3291 439 3363 ροδ⁹.
492 3294 815 3362 Ἐπιφάνιος
838 3294 987 3362 λέγει
1012 3310 1025 3325 ο
1053 3294 1189 3349 Εἱπέ
1218 3312 1335 3365 μοι,
1358 3296 1680 3367 παρακαλῶ,
1718 3315 1811 3350 τιο-

238 3386 733 3457 ταπὴνὲρμηνείαν
754 3386 975 3459 βεϐαίαν
992 3385 1105 3456 ἔχει
1133 3386 1227 3439 καὶ
1258 3386 1441 3453 τοῦτο,
1469 3406 1487 3439 ι
1520 3387 1814 3458 Κτηνάδης

239 3477 511 3547 έγενήθην
544 3478 694 3547 παρὰ
724 3478 825 3538 σοὶ,
847 3477 1001 3544 κάγὼ
1029 3477 1117 3529 διὰ
1152 3477 1353 3539 παντὸς
1386 3477 1525 3545 μετά
1549 3494 1678 3544 σούς
1713 3497 1731 3529 ι
1752 3479 1812 3530 '0

240 3570 535 3638 Μακάριος
563 3565 720 3621 εἶπεν
746 3585 762 3599 ·
804 3569 895 3620 Ἐκ
938 3567 1234 3637 προσώπου
1271 3568 1363 3620 τοῦ
1395 3568 1633 3638 Χριστοῦ
1667 3570 1817 3636 λέγει

234 3662 265 3713 6
294 3661 611 3729 Προφήτης,
654 3659 741 3711 διὰ
772 3660 832 3711 τὸ
874 3660 1128 3727 γενέσθαι
1160 3660 1443 3729 ἄνθρωπον
1470 3660 1563 3714 τὸν
1584 3662 1680 3715 σὺν
1712 3664 1839 3729 Πατ

234 3754 327 3819 τρὶ
349 3753 479 3803 δντι
508 3753 677 3804 ἁῖδιον
697 3752 872 3819 Λόγον
908 3752 1002 3805 καὶ
1029 3752 1159 3806 Θεόν
1184 3767 1200 3783 ⁸
1236 3752 1522 3823 ἄνθρωπος
1554 3755 1666 3825 γὰρ
1696 3756 1817 3809 ὀνο-

238 3845 477 3915 μάζεται
512 3845 707 3911 κτῆνος
738 3843 875 3896 Θεοῦ
909 3843 1149 3912 λογικόν.
1191 3844 1345 3897 Ἐπεὶ
1370 3845 1462 3899 οῦν
1500 3849 1528 3900 ὁ
1563 3847 1689 3909 Υἱὸς
1723 3846 1816 3900 τοῦ

236 3936 379 3988 Θεοῦ
428 3937 647 4003 ἐγένετο
698 3936 991 4007 ἄνθρωπος
1049 3936 1294 4004 τέλειος,
1341 3937 1490 4006 λέγει
1538 3941 1676 4009 πρὸς
1726 3939 1819 3991 τὸν

239 4034 485 4100 Πατέρα,
505 4031 565 4083 ΕΞ
598 4030 694 4084 καὶ
722 4031 1031 4102 ἄνθρωπος,
1051 4033 1239 4103 φησὶν,
1265 4032 1531 4102 ἐγενήθην
1566 4032 1715 4102 παρὰ
1735 4033 1821 4086 σοὶ

240 4127 334 4179 ἐπ’
363 4128 612 4194 ἐσχάτων
656 4124 766 4179 τῶν
801 4124 1026 4194 ἡμερῶν
1067 4124 1305 4190 τούτων,
1349 4122 1485 4177 ἀλλὰ
1510 4125 1575 4193 τῇ
1604 4123 1821 4193 Θεότητί

240 4220 363 4287 ειμι
410 4216 703 4277 διαπαντὸς
744 4216 884 4283 μετᾶ
922 4214 1037 4267 σοῦ.
1089 4214 1408 4284 Ἐπιφάνιος
1456 4210 1653 4291 εἶπεν*
1684 4216 1820 4269 Τίνα

238 4310 540 4380 ἑρμηνείαν
570 4309 683 4377 ἔχει
701 4308 761 4360 τὸ
795 4306 959 4377 ῥηθὲν
991 4307 1092 4359 ὑπὸ
1113 4306 1207 4360 τοῦ
1240 4307 1448 4377 Κυρίου
1475 4348 1491 4374 ,
1517 4325 1535 4358 ι
1563 4307 1655 4379 Μὴ
1690 4307 1822 4377 βατ-

239 4400 582 4467 τολογήσητε
631 4399 692 4451 ὲν
718 4382 841 4459 ⁸ταῖς·
890 4399 1222 4468 προσευχαῖς
1256 4398 1430 4467 ὑμῶν,
1479 4398 1688 4463 ἀλλ’ὡς
1711 4399 1823 4453 66t-

238 4482 685 4560 δάχῡητε,ὀῦτω
724 4489 1145 4559 προσεύχεσθεςι
1194 4489 1253 4543 ’0
1283 4490 1569 4561 Μακάριος
1622 4491 1771 4561 λέγει
1804 4510 1819 4525 ο

241 4585 575 4651 Βαττολογία
602 4585 767 4649 ἐστὶν,
793 4584 920 4637 ὅταν
939 4600 1025 4646 τις
1056 4584 1228 4647 ἑστὼς
1258 4586 1315 4637 ὲν
1349 4588 1415 4656 τῇ
1448 4590 1726 4658 προσευχῇ
1756 4588 1820 4641 ού

239 4678 414 4743 λέγει’
446 4677 642 4745 Κύριε,
681 4677 953 4746 ἥμαρτον,
987 4675 1348 4746 συγχώρησόν
1387 4695 1500 4745 μοι,
1530 4679 1621 4731 καὶ
1670 4679 1823 4750 ἐλέη-

246 4770 342 4822 σόν
393 4786 483 4837 με,
541 4768 637 4821 καὶ
686 4768 757 4820 τὰ
803 4769 1018 4831 τούτοις
1066 4768 1272 4837 ὃμοια·
1302 4768 1421 4822 ἀλλ’
1451 4770 1573 4823 ἀντὶ
1614 4770 1821 4824 τούτων

244 4860 398 4927 λέγει
440 4858 519 4928 τῷ
563 4857 715 4928 Θεῷ’
755 4858 948 4928 Κύριε,
980 4860 1319 4931 μερίμνησόν
1365 4878 1458 4931 μοι
1483 4863 1682 4939 φαγεῖν
1725 4862 1821 4916 καὶ

168 5016 171 5019 λ
245 4955 397 5005 πιεῖν
433 4951 527 5003 καὶ
574 4949 847 5014 πλουτεῖν,
902 4952 991 5003 ἵνα
1048 4953 1330 5022 χαίρωμαι
1391 4956 1471 5015 εἰς
1525 4952 1676 5006 τόνδε
1727 4953 1818 5007 τὸν

244 5044 476 5112 κόσμον,
513 5044 838 5112 σωματικῶς
867 5043 1153 5097 ἀπολαύων
1180 5043 1280 5111 τῆς
1306 5044 1570 5114 σαρκινῆς
1603 5044 1816 5115 ἡδονῆς.

243 5135 420 5189 Τοῦτό
457 5138 575 5188 ὲστι
610 5135 955 5204 βαττολογία,
988 5138 1082 5188 καὶ
1110 5134 1181 5189 τὰ
1204 5134 1413 5199 τούτοις
1444 5138 1625 5205 ὅμοια.
1667 5136 1725 5190 Ὀ
1758 5136 1816 5189 δὲ

242 5226 378 5288 Θεὸς
424 5226 526 5278 οὐκ
582 5225 774 5295 ἀγαπᾷ
804 5224 977 5287 οὕτως
1008 5226 1155 5295 ἡμᾶς
1191 5226 1595 5295 προσεύχεσθαι
1626 5267 1641 5292 ,
1683 5226 1819 5278 ἀλλὰ

242 5320 431 5387 ζητεῖν
483 5318 703 5386 πρῶτον
750 5317 849 5387 τὴν
898 5315 1177 5384 βασιλείαν
1226 5317 1321 5391 τοῦ
1367 5316 1525 5385 Θεοῦ,
1576 5317 1673 5371 καὶ
1715 5318 1818 5389 τὴν

240 5410 601 5477 δικαιοσύνην
638 5407 828 5474 αὐτοῦ,
855 5410 949 5460 καὶ
974 5408 1147 5461 ταῦτα
1172 5411 1350 5464 πάντα
1383 5408 1819 5477 προστεθέτεται

243 5505 275 5571 ἡ
284 5505 399 5570 ςιίν.

1909 1930 2072 1984 quem
2128 1932 2291 1971 manu
2330 1920 2549 1973 tenebat
2601 1920 2824 1987 calicem
2852 1960 2866 1987 ,
2904 1920 3158 1989 gratiam,
3224 1918 3471 1985 inquam,

1910 2020 2084 2071 suam,
2113 2022 2145 2062 a
2163 2010 2324 2079 gente
2346 2008 2570 2066 Judaica
2596 2011 2863 2075 ablatam,
2892 2008 3247 2064 transtulitad
3277 2006 3473 2059 Roma-

1910 2110 2032 2152 nos.
2063 2116 2081 2149 ι
2110 2098 2502 2155 Verumtamen
2526 2100 2683 2168 faex,»
2709 2101 2824 2156 sive
2850 2109 3156 2155 extremum
3192 2099 3284 2152 irae
3309 2097 3474 2159 illius.

1916 2204 2053 2243 «non
2078 2199 2158 2243 est
2183 2191 2888 2261 exinanitaervangelinm
2921 2189 3139 2259 quidem
3182 2202 3366 2271 suum,
3399 2187 3476 2239 uti

1910 2291 1964 2336 et
2004 2283 2295 2353 apostolos
2346 2293 2400 2338 et
2451 2284 2711 2355 Spiritum
2760 2295 3009 2339 sanctmu
3070 2298 3100 2336 a
3151 2278 3354 2335 Iudaeis
3410 2280 3475 2332 ad

1913 2383 2101 2442 gentes
2127 2414 2142 2439 ,
2189 2375 2281 2428 illa
2310 2374 2562 2444 accipere
2596 2384 2817 2445 paratas
2843 2417 2857 2442 ,
2902 2373 3099 2430 deferri
3124 2372 3331 2465 lvoluit;
3362 2386 3478 2426 om-

1916 2481 2149 2534 nemque
2176 2470 2405 2535 gratiam
2439 2475 2491 2521 et
2520 2468 2905 2537 inSpiratarum
2936 2462 3196 2521 divinitus
3232 2462 3479 2533 Scriptu-

1917 2572 2097 2611 rarum
2136 2558 2546 2629 intelligentiam
2575 2561 2629 2614 in
2680 2576 2778 2616 nos
2820 2560 3058 2615 etfudit:
3105 2568 3479 2613 verumtamen

1915 2649 2017 2706 faex
2063 2651 2182 2721 ejus
2225 2667 2332 2706 non
2378 2661 2461 2708 est
2490 2653 2787 2708 exinanita.
2820 2652 3289 2728 Quemadmodum
3332 2652 3479 2703 enim

1916 2742 2037 2797 fzex-
2068 2760 2187 2813 quae
2221 2744 2286 2815 in
2334 2745 2472 2800 cado
2521 2754 2604 2799 est
2654 2760 2763 2799 non
2797 2746 3148 2811 exhauritur,
3184 2744 3260 2799 sic
3311 2743 3479 2813 legale

1917 2835 2139 2889 verbum
2168 2836 2356 2913 i‘nutile
2384 2838 2520 2907 ipsis
2545 2847 2597 2892 et
2628 2838 2871 2893 inefﬁcax
2905 2847 3108 2893 manet.
3137 2838 3258 2892 Faex
3284 2838 3479 2907 quippe

1916 2942 2040 2995 spes
2096 2936 2181 3006 est
2229 2925 2542 2983 Iudaeorum
2602 2950 2616 2985 :
2669 2946 2794 2985 nam
2833 2933 2887 2985 in
2931 2919 3217 3001 praesentia
3265 2947 3479 3001 quoque

1917 3033 2012 3087 per
2039 3019 2225 3072 orbem
2259 3021 2571 3075 universum
2606 3022 2880 3091 dispersi,
2921 3040 2983 3077 ex
3030 3021 3161 3077 nece
3202 3024 3289 3077 illa
3325 3039 3479 3098 erro-

1920 3126 2032 3164 rem
2089 3112 2347 3167 hanriunt
2392 3100 2817 3182 crassissimum,
2864 3132 2973 3186 quo
3009 3119 3293 3171 adventum
3326 3118 3478 3171 Anti-

1836 3200 1880 3261 C
1914 3203 2102 3256 christi
2141 3205 2299 3259 an.\ie
2334 3217 2673 3276 exspectant.

1992 3293 2114 3349 174.
2174 3295 2309 3360 Quis
2367 3307 2579 3361 autem,
2633 3298 2830 3367 quarrit
2889 3312 3053 3367 porro
3100 3298 3477 3368 Epiphanius,

1919 3383 2076 3437 istius
2129 3386 2227 3438 loci
2282 3387 2561 3454 genuinus
2593 3401 2789 3441 sensus
2834 3396 2963 3441 est:
3005 3407 3025 3440 ι
3068 3385 3133 3441 Ut
3180 3388 3477 3453 iumentum

1920 3475 2091 3530 factus
2129 3493 2248 3531 sum
2300 3479 2440 3546 apud
2480 3486 2566 3541 te,
2616 3487 2670 3533 et
2715 3493 2814 3546 ego
2859 3493 3074 3547 semper
3120 3487 3296 3533 tecum
3332 3480 3418 3530 “2'
3458 3498 3477 3531 ι

1920 3569 2170 3624 Persona:
2214 3569 2455 3635 Christi,
2505 3570 2580 3624 ait
2614 3581 2837 3627 sanctus
2868 3571 3112 3627 Andreas
3139 3608 3155 3636 ,
3213 3572 3335 3626 istic
3380 3573 3483 3626 loci

1922 3663 2252 3716 mentionem
2299 3662 2432 3717 facit
2473 3664 2739 3735 Propheta
2771 3683 2784 3719 :
2815 3666 2942 3735 quia
2984 3680 3179 3733 nempe
3224 3665 3344 3727 ille,
3391 3668 3484 3734 qui

1922 3756 2285 3822 sempiternus
2325 3772 2448 3810 eum
2488 3756 2646 3812 Patre
2680 3757 2822 3812 Deus
2863 3757 3219 3828 divinumque
3250 3756 3484 3812 Verbum

1920 3854 2035 3909 est,
2075 3847 2369 3901 humanam
2421 3849 2595 3901 induit
2643 3843 2893 3903 n'aturam
2942 3850 3165 3916 :jhomo
3220 3850 3485 3918 siquidem

1916 3935 2227 4004 jumentmn
2266 3936 2381 4001 Dei,
2415 3938 2620 3991 ratione
2651 3938 2959 4008 praeditum,
2993 3938 3313 4007 appellatur.
3350 3940 3487 3992 Cum

1922 4028 2090 4098 igitur
2141 4028 2311 4083 Filius
2362 4028 2456 4112 Dei
2508 4029 2781 4099 perfectus
2831 4030 2994 4083 homo
3044 4031 3217 4084 tactus
3256 4031 3363 4091 sit,
3413 4030 3487 4084 ita

1922 4121 2322 4189 quodammodo
2359 4120 2573 4175 Patrem
2606 4122 2902 4191 alloquitur
2954 4140 2967 4175 :
3020 4120 3261 4175 Tametsi
3307 4130 3489 4176 extre-

1924 4211 2028 4266 mis
2063 4212 2213 4293 hisce
2252 4213 2586 4281 temporibus
2629 4213 2792 4267 homo
2827 4213 3001 4267 factus
3040 4228 3159 4265 sum
3192 4227 3374 4266 coram
3414 4222 3486 4273 te.

1925 4304 2282 4359 nihilominus
2313 4306 2524 4359 ratione
2552 4305 2849 4358 divinitatis
2882 4319 3095 4372 semper
3124 4313 3301 4357 tecum
3341 4320 3484 4359 sum.

1923 4396 2125 4451 lterum
2166 4396 2552 4466 Epiphanius:
2597 4398 2701 4461 Qui
2752 4396 3013 4465 explicas,
3067 4396 3282 4465 inquit,
3327 4397 3487 4450 istam

1926 4486 2139 4541 Domini
2172 4488 2495 4541 sententiam
2544 4504 2558 4541 :
2601 4506 2619 4537 ι
2662 4487 2892 4542 Orantes
2935 4494 3114 4541 autem
3152 4482 3316 4541 nolite
3351 4488 3488 4539 mul-

1924 4587 2035 4632 tum
2068 4580 2245 4648 loqui;
2296 4580 2390 4634 sed
2425 4580 2499 4633 uti
2535 4579 2679 4633 docti
2709 4580 2863 4641 estis,
2898 4578 2974 4632 ita
3005 4588 3156 4632 orate
3187 4578 3274 4631 ’7?
3301 4596 3316 4626 ι
3352 4579 3489 4630 Mul-

1921 4671 2207 4740 tiloquium
2267 4682 2392 4739 est,
2450 4672 2663 4741 reponit
2718 4670 3003 4733 Andreas,
3056 4685 3180 4723 cum
3238 4669 3361 4737 quis
3420 4670 3487 4723 ad

1922 4763 2190 4817 orandum
2225 4757 2443 4832 paratus
2469 4802 2483 4827 ,
2542 4777 2648 4815 non
2681 4762 2813 4815 dicit
2850 4780 2862 4814 :
2911 4760 3134 4815 Domine
3160 4801 3174 4826 ,
3225 4760 3441 4829 peccavi
3470 4778 3484 4822 ;

1891 4853 2134 4911 .dimitte
2162 4854 2355 4908 delicta
2390 4867 2539 4917 mea,
2592 4862 2645 4907 et
2683 4853 2945 4907 miserere
2987 4851 3131 4916 mei,
3177 4860 3338 4920 atque
3382 4851 3485 4902 alia

1924 4945 2011 4999 his
2039 4945 2277 5010 similia;
2312 4944 2405 4998 sed
2440 4953 2630 5000 contra
2680 4944 2761 4999 sic
2792 4943 2959 4997 Deum
2997 4943 3332 5010 alloquitur:
3379 4940 3487 4993 Do-

1925 5038 2105 5103 mine,
2157 5053 2344 5093 curam
2394 5052 2517 5108 gere
2544 5023 2700 5103 .mei,
2750 5046 2808 5090 ut
2850 5037 3011 5099 cibo,
3062 5044 3234 5103 potu,
3285 5033 3487 5087 divitiis

1925 5129 2218 5193 abundem,
2251 5139 2308 5184 ut
2340 5130 2507 5183 vitam
2551 5129 2605 5182 in
2639 5129 2739 5182 hoc
2770 5128 2975 5206 mundo
3012 5128 3130 5180 laete
3166 5122 3483 5192 transigam,

1927 5234 1983 5278 ut
2034 5223 2219 5276 carnis
2272 5220 2640 5287 voluptatibus
2690 5220 2926 5276 alllnam.
2991 5217 3094 5273 Ista
3146 5227 3201 5269 et
3254 5217 3485 5269 istorum

1926 5315 2123 5369 similia
2157 5313 2562 5384 multiioquium
2596 5324 2742 5369 sunt.
2771 5314 2915 5367 Deus
2950 5327 3077 5364 sane
3112 5324 3219 5363 nun
3250 5308 3356 5361 isto
3385 5320 3487 5358 nos

1928 5406 2089 5459 modo
2118 5408 2402 5460 instituere
2430 5406 2729 5459 orationem
2760 5403 2895 5467 vult,
2923 5403 3016 5457 sed
3054 5400 3286 5469 primum
3318 5395 3484 5465 quievi

1929 5513 2149 5567 regnum
2189 5498 2280 5552 Dei
2313 5507 2364 5552 et
2405 5497 2670 5568 justitiam
2703 5497 2846 5566 ejus,
2880 5504 2935 5551 et
2981 5497 3093 5550 haec
3137 5491 3321 5546 omnia
3351 5487 3489 5556 adji-

1922 5592 2135 5644 cieutur
2170 5591 2347 5645 nobis.

316 5683 364 5717 ³⁸
404 5679 543 5735 Luc.
578 5693 735 5744 um,
769 5682 858 5736 46.
936 5679 980 5711 ³⁸
1022 5680 1165 5734 Psal.
1197 5693 1371 5745 Lxxtt,
1398 5679 1486 5733 25.
1566 5681 1609 5711 ³⁷
1654 5680 1843 5737 Matth.
1870 5699 1944 5747 vr,
1973 5685 2023 5738 7.

316 5808 431 5875 (31)
476 5805 672 5859 Ιιρτιιιιι
708 5818 813 5876 mSg
847 5800 1045 5876 Valla,
1092 5802 1291 5876 ἐκεῖνοι
1340 5800 1690 5876 ἠπίστησαν,
1735 5802 1955 5875 ἐποίησε
1992 5808 2191 5876 σημεῖα
2263 5806 2353 5858 καὶ
2385 5805 2587 5873 τέρατα
2657 5800 2968 5872 ὲμπροσθεν
3038 5797 3253 5852 αὐτῶν⁵
3284 5797 3486 5850 ἐκεῖνος

249 5872 519 5933 ὑπέλιαόον
550 5878 611 5929 ἐκ
650 5873 881 5943 μαγείας
915 5872 1075 5929 αὑτὸν
1104 5873 1278 5929 ταῦτα
1318 5873 1697 5941 πεποιηκέναι.
