4202 6434
724 433 828 493 827

1767 434 1819 493 Ν
1826 433 2190 495 iCEPHORI
2228 437 2702 500 PRESBYTER!
2741 439 2850 500 ΟΡ.

3872 438 3981 501 823

724 542 852 598 Jesu
886 544 1095 599 salvum
1130 558 1216 600 me
1250 545 1356 612 fac,
1385 555 1439 620 et
1489 547 1541 600 in
1585 556 1775 601 sancto
1812 546 2016 616 Spiritu
2052 559 2148 603 tuo
2191 549 2335 613 lar-,

2439 554 2577 607 ὦσον
2610 571 2698 622 με,
2738 556 2833 608 καὶ
2862 553 2940 626 τῷ
2973 555 3250 623 Πνεύματί
3300 571 3394 607 σου
3418 552 3497 623 τῷ
3540 551 3680 623 ἀγίῳ
3708 551 3983 621 διάκρισίν

724 636 839 703 gire
892 635 1022 688 mihi
1065 636 1477 691 discretionem.
1531 637 1804 693 Discretio
1860 654 2098 710 namque
2148 656 2305 695 com-

723 737 993 781 monstrat
1022 728 1225 782 homini
1259 743 1476 783 omnem
1513 730 1658 784 viam
1698 735 1895 785 bonam
1920 776 1933 799 ,
1967 749 2068 788 nec
2098 734 2305 803 patitur

724 818 901 887 ipsum
939 834 969 873 a
1019 829 1166 874 recto
1210 820 1311 874 via:
1360 823 1582 877 tramite
1627 822 1900 876 aberrare.
1960 822 2057 878 Illa
2105 824 2308 894 princi-

720 925 843 978 pem
891 911 1034 965 inter
1061 921 1291 965 ca-teras
1333 913 1567 967 virtutes
1618 914 1799 968 locum
1833 916 2073 983 obtinet;
2122 927 2308 987 utpote

723 1016 787 1054 ex
819 1018 922 1070 qua
978 1004 1260 1069 charitas,
1312 1020 1377 1058 ex
1424 1007 1696 1060 charitate
1750 1022 1882 1062 vero
1930 1010 2305 1065 misericordia

726 1098 991 1149 nasi-itur.
1068 1096 1163 1148 Illa
1220 1097 1453 1165 denique.
1502 1114 1665 1152 omne
1719 1115 1857 1168 opus
1916 1101 2117 1155 bonum
2185 1118 2309 1171 pro-

726 1186 895 1251 ducit,
927 1204 990 1241 ac
1023 1190 1292 1259 inprimis
1324 1189 1542 1258 quidem
1577 1189 1962 1259 benignitatem
1992 1208 2117 1262 erga
2148 1196 2307 1261 alios,

724 1290 839 1333 tum
876 1283 1219 1336 aversiouem
1254 1298 1316 1335 ac
1347 1284 1772 1338 detestationem
1798 1286 2087 1353 scelerum,
2130 1287 2313 1340 humi-

726 1374 936 1427 litatcm
972 1388 1191 1443 quoque
1237 1389 1369 1429 suos
1419 1376 1789 1441 exaltantem,
1840 1390 2028 1444 pacem
2077 1376 2311 1445 denique

727 1477 779 1520 et
842 1466 1345 1519 mansuetudinem.
1402 1464 1494 1518 Illa
1550 1467 1667 1534 ipsa
1740 1466 2001 1519 discretio
2077 1464 2311 1533 Spiritus

729 1558 901 1614 sancti
939 1559 1096 1627 quasi
1153 1574 1308 1613 mens
1340 1567 1456 1623 est;
1492 1573 1612 1627 qua:
1647 1574 1772 1613 cum
1810 1560 1977 1614 semel
2021 1560 2075 1614 in
2124 1561 2309 1614 animo

730 1650 971 1702 heminis
1020 1660 1258 1715 recepta.
1301 1650 1425 1704 istic
1451 1651 1555 1703 sibi
1589 1652 1771 1704 sedem
1803 1650 2040 1718 delegit,
2071 1651 2314 1720 suavis-

730 1743 868 1796 sime
901 1742 1062 1796 afficit
1109 1742 1398 1799 facultates
1432 1744 1580 1797 illius
1611 1742 1943 1811 Spirituales.
1975 1742 2114 1807 Quid
2154 1757 2317 1804 porro

729 1842 812 1887 cst
846 1835 1104 1888 discretio
1145 1836 1279 1888 illa?
1318 1834 1639 1888 attendesis.
1676 1832 1945 1900 Expendit
1970 1847 2125 1902 aequa
2161 1832 2315 1885 lance

732 1927 1029 1996 cogitatum
1088 1943 1251 1981 omne

734 2029 789 2072 et
826 2019 1063 2073 residere
1096 2019 1148 2072 in
1195 2021 1379 2073 animo
1420 2026 1473 2071 et
1503 2017 1837 2073 exsecutioni
1890 2016 2138 2070 mandari
2186 2030 2313 2085 per-

2409 663 2500 713 μοι
2523 644 2785 715 δώρησαι.
2821 646 2885 698 Ἦ
2912 645 3020 715 γὰρ
3048 644 3319 715 διάκρισις
3345 643 3578 697 δεικνύει
3601 642 3681 711 τῷ
3710 640 3984 712 ἀνθρώπῳ

2408 739 2589 790 πᾶσαν
2620 736 2737 788 ὁδὸν
2775 736 3007 806 ἀγαθὴν,
3047 739 3141 790 καὶ
3186 738 3285 790 οὐκ
3310 738 3376 808 ἑᾷ
3416 736 3579 789 αὐτὸν
3611 736 3669 788 ὲν
3697 734 3803 805 ὁδῷ
3848 735 3985 787 ὑπο.

2408 827 2792 890 σκελίξεσθαι·
2848 828 3122 900 πρωτεύει
3172 828 3281 899 γὰρ
3336 828 3556 881 πάντων
3615 828 3725 881 τῶν
3773 826 3986 896 ἀρετῶν

2408 920 2582 990 αὕτη·
2614 923 2677 973 ὲκ
2704 920 2906 991 ταύτης
2946 920 3056 991 γὰρ
3082 922 3341 986 γεννᾶται
3382 920 3417 987 ἡ
3454 919 3667 989 ἀγάπη,
3710 919 3773 970 ὲκ
3799 917 3857 970 δὲ
3888 917 3987 985 τῆς

2410 1014 2628 1083 ἀγάπης
2677 997 2726 1083 ήλ
2760 1013 3140 1083 ἐλεημοσύνη·
3174 1013 3314 1065 ὥστε
3363 1013 3397 1081 ἠ
3446 1011 3718 1078 διάκρισις
3766 1005 3985 1075 φυτεύει

2411 1108 2594 1158 πᾶσαν
2647 1105 3035 1176 ἁγαθοεργίαν,
3066 1105 3373 1174 προχέουσα
3402 1102 3617 1172 πρῶτον
3642 1098 3858 1169 καρπὸν
3891 1098 3990 1166 τὴν

2412 1197 2680 1263 εὐποιίαν,
2735 1196 2927 1251 ἔπειτα
2973 1198 3070 1266 τὴν
3119 1196 3380 1260 ἀκακίαν,
3424 1196 3522 1247 καὶ
3571 1190 3670 1262 τὴν
3731 1188 3990 1259 ὑψοποιδν

2410 1291 2759 1353 ταπείνωσιν,
2788 1290 2889 1358 τὴν
2918 1289 3162 1358 εἰρήνην,
3195 1288 3289 1357 τὴν
3327 1286 3632 1357 πραότητα.
3674 1284 3739 1336 Ἦ
3778 1282 3993 1351 διάκρι-

2414 1400 2497 1445 σις
2526 1380 2639 1449 γὰρ
2685 1379 2809 1440 νοῦς
2874 1380 2988 1431 ἐστι
3018 1377 3110 1431 τοῦ
3162 1377 3317 1445 ἁγίου
3352 1375 3693 1445 Πνεύματος,
3726 1372 3820 1425 καὶ
3864 1372 3993 1424 ὅταν

2414 1471 2639 1541 χωρηθῇ
2667 1470 2743 1532 είς
2771 1470 3009 1523 διάνοιαν
3036 1468 3326 1539 ἀνθρώπου
3356 1466 3448 1519 τοῦ
3484 1467 3688 1535 μένειν,
3718 1463 3996 1533 ὴδυτὲρως

2414 1560 2583 1614 αὐτοῦ
2617 1562 2765 1614 ποιεῖ
2802 1562 2912 1619 τοῖς
2956 1559 3340 1629 αἰσθητηρίοις
3382 1560 3494 1621 τοῖς
3528 1558 3738 1627 νοητοῖς
3785 1556 3999 1629 διακεεί⁴

2418 1652 2562 1706 σθαι.
2626 1651 2691 1705 Τί
2739 1652 2796 1705 δέ
2846 1652 2960 1703 ἐστι
3012 1651 3323 1720 διάκριτις;
3374 1648 3670 1720 [ἄκουσον⁸
3714 1645 3997 1714 Διάκριτίς

2418 1740 2591 1814 ἐστιν]
2620 1745 2651 1812 ὴ
2694 1743 2838 1796 ἁπαν
2878 1743 3055 1813 νόημα
3090 1741 3523 1809 ζυγοστατοῦσα,
3557 1740 3653 1792 καὶ
3690 1738 3813 1790 ὅσον
3848 1737 4000 1803 ὑγιὲς

2419 1834 2574 1907 εὕρῃ,
2606 1835 2821 1887 δίδωσιν
2849 1836 3096 1904 κατέχειν
3125 1834 3224 1904 τὴν
3255 1834 3493 1887 διάνοιαν
3518 1832 3612 1884 καὶ
3644 1831 3816 1883 ποιεῖν
3836 1844 3852 1860 ο
3878 1829 4003 1880 ὅσον

1313 1944 1325 1979 :
1387 1926 1643 1995 quodque
1711 1927 1932 1980 salubre
2020 1925 2309 1994 comperit,

2439 1898 2721 1993 ῑὲοαθρὺν,
2756 1898 3013 1991 ἐκτρέπει
3052 1924 3149 1991 τῆς
3182 1898 3428 1984 ⁷διανοίας
3474 1920 3569 1974 καὶ
3605 1917 3896 1987 σφενδόνης
3926 1917 4006 1969 δί’

2422 2031 2526 2084 κην
2564 2016 2782 2084 μακρὰν
2814 2014 3167 2085 ἀπορρίπτει.

735 2113 944 2167 mittit:
976 2115 1124 2185 quod
1171 2130 1302 2169 vero
1353 2116 1579 2169 noxium
1638 2113 1994 2184 putidumque
2029 2121 2112 2167 est
2141 2150 2157 2175 ,
2214 2111 2440 2183 expellit
2501 2126 2569 2165 ex
2597 2112 2821 2178 animo,
2862 2120 2916 2165 et
2989 2121 3247 2179 tanquam
3329 2109 3495 2165 fumla
3559 2111 3768 2180 jactum
3812 2104 4005 2178 procul

734 2210 964 2266 ontulit.

809 2308 932 2363 181.
992 2306 1332 2377 Epiphanius
1390 2317 1570 2362 atttem
1632 2308 1971 2378 interrogare
2028 2313 2305 2378 pergens:

739 2397 914 2462 Quid,
972 2396 1190 2464 inquit,
1242 2406 1466 2452 sanctus
1510 2397 1714 2453 Paulus
1744 2406 2017 2453 assertqu
2056 2398 2172 2453 vult
2222 2412 2317 2467 per

740 2487 872 2541 illud
918 2505 932 2542 :
988 2505 1005 2538 ι
1064 2486 1236 2541 Omne
1289 2497 1566 2555 peccatum
1598 2498 1749 2543 extra
1800 2503 1998 2557 corpus
2052 2500 2183 2553 est;
2226 2487 2319 2556 qui

740 2588 922 2633 autem
973 2579 1278 2633 fornicatur
1301 2619 1317 2644 ,
1364 2581 1419 2633 in
1452 2595 1653 2649 corpus
1684 2596 1840 2633 suum
1874 2590 2062 2649 peccat
2080 2579 2167 2631 “?
2203 2598 2222 2631 ι
2256 2578 2326 2632 Et

743 2673 1077 2740 respondens
1122 2674 1366 2727 Andreas
1404 2691 1414 2726 :
1449 2671 1622 2726 Omne
1686 2673 1831 2727 aliud
1865 2684 2146 2741 peccatum
2178 2712 2191 2734 ,
2228 2671 2326 2736 ait,

743 2764 798 2817 iu
828 2766 1010 2818 anima
1053 2774 1338 2827 versatur,
1384 2776 1611 2835 excepta
1656 2766 2062 2828 fornicatione,
2112 2780 2234 2833 qua:
2265 2762 2331 2818 ad

743 2870 948 2924 corpus
980 2858 1174 2909 attinet
1210 2874 1222 2910 :
1274 2874 1340 2911 ex
1371 2857 1540 2925 latere
1572 2858 1715 2910 enim
1751 2858 1942 2911 Adami
1980 2856 2212 2910 formata
2243 2862 2324 2909 est

746 2950 964 3016 mulier,
1013 2961 1069 3004 ut
1100 2955 1207 3004 duo
1244 2967 1412 3004 unum
1457 2964 1659 3019 corpus
1706 2948 1905 3004 forent.
1942 2949 2115 3004 Omne
2164 2948 2326 3016 igitur

748 3051 1029 3110 pet-catum
1060 3052 1213 3096 extra
1250 3056 1451 3110 corpus
1485 3054 1564 3096 est
1599 3057 1617 3094 :
1658 3057 1777 3103 seu,
1811 3042 1889 3095 uti
1931 3041 2043 3109 jam
2078 3039 2323 3102 memini,

750 3152 858 3187 non
895 3149 1143 3202 corpore,
1177 3136 1271 3189 sed
1318 3137 1537 3200 anima,
1593 3136 1688 3187 sed
1727 3144 1908 3189 mente
1934 3173 1949 3196 ,
1991 3134 2083 3187 sed
2134 3132 2326 3200 spiritu

2507 2307 2657 2373 ρπα’.
2702 2300 3019 2367 Ἐπιφάνιος
3042 2295 3195 2352 εἶπεν
3214 2314 3227 2328 ·
3262 2300 3327 2352 Τί
3354 2299 3501 2366 λέγει
3540 2301 3567 2353 6
3596 2299 3749 2366 ἆγιος
3771 2299 4013 2363 Παῦλος,

2426 2396 2511 2449 ὅτι
2552 2414 2571 2446 t
2613 2395 2769 2447 Πᾶσα
2811 2393 3052 2463 ἁμαρτία
3083 2392 3238 2454 ὲκτδς
3268 2391 3360 2444 τοῦ
3386 2392 3634 2461 σώματός
3664 2394 3809 2444 ἔστιν
3829 2408 3843 2422 ·
3898 2395 3925 2444 6
3954 2393 4015 2445 δὲ

2432 2488 2713 2558 πορνεύων
2753 2489 2835 2549 εἰς
2864 2489 2924 2540 τδ
2971 2486 3103 2539 ἴδιον
3136 2487 3297 2556 σῶμα
3343 2488 3680 2556 ἁμαρτάνεις
3722 2506 3740 2538 ι
3781 2486 3929 2555 ἐφη
3989 2489 4019 2539 ὀ

2434 2583 2639 2640 Ὀσιος’
2673 2579 2829 2632 Πᾶσα
2861 2579 2991 2648 ἄλλη
3020 2579 3264 2648 ἁμαρτία
3293 2578 3498 2647 ψυχική
3531 2581 3702 2631 ἐστιν’
3730 2580 3762 2648 ἡ
3790 2578 3845 2630 δὲ
3874 2596 4023 2648 πορ-

2428 2672 2546 2725 νεία
2610 2670 2898 2738 σωματική
2964 2670 3148 2720 ἐστιν’
3209 2670 3271 2720 ἐκ
3325 2669 3430 2739 γὰρ
3474 2669 3573 2737 τῆς
3628 2669 3871 2736 πλευρᾶς
3919 2669 4019 2721 τοῦ

2444 2756 2622 2826 Ἀδὰμ
2659 2755 2984 2826 ᾠκοδομήθη
3016 2757 3049 2825 ἡ
3086 2756 3246 2826 γυνὴ,
3278 2756 3418 2810 ὥστε
3448 2758 3497 2809 οἱ
3526 2757 3618 2809 δύο
3654 2758 3713 2809 ἓν
3746 2758 3906 2827 σῶμά
3941 2762 4024 2812 εἰ-

2434 2865 2538 2903 σιν.
2580 2849 2735 2901 Πᾶσα
2785 2846 2877 2899 οὖν
2917 2849 3159 2918 ἁμαρτία
3213 2849 3369 2911 ἐκτὸς
3427 2848 3519 2901 τοῦ
3576 2850 3830 2916 σώματος
3877 2854 4022 2911 ἐστι.

2431 2930 2708 2992 τουτέστιν
2754 2938 2815 2990 ού
2873 2938 2950 3008 τῷ
3010 2938 3226 3009 σώματι
3277 2939 3530 3009 πράττει,
3582 2939 3718 2992 ἀλλά
3748 2944 3814 3010 τῇ
3846 2940 4024 3009 ψυχῇ,

2434 3030 2527 3081 καὶ
2559 3029 2635 3096 τῷ
2664 3027 2765 3089 νοῒ,
2803 3030 2898 3081 καὶ
2929 3027 3005 3097 τῷ
3037 3027 3329 3097 πνεύματι,
3359 3028 3434 3089 ὡς
3466 3029 3735 3103 προέφην.
3772 3030 3883 3081 Καὶ
3912 3029 4026 3096 γὰρ

2437 3118 2501 3169 ἐκ
2535 3116 2803 3186 στόματος
2846 3116 2943 3185 τὴν
2974 3116 3170 3186 ἡδονὴν
3220 3117 3527 3186 καρποῦται
3559 3120 3586 3169 6
3629 3118 3894 3185 ψεύστης,
3930 3119 3961 3186 ἣ
4000 3120 4030 3169 6

750 3229 1134 3281 committitur.
1176 3227 1387 3281 Etenim
1435 3236 1490 3280 et
1543 3228 1810 3290 mendax,
1862 3237 1917 3281 et
1965 3226 2238 3295 prrjurus,
2282 3231 2335 3278 ct

2440 3208 2722 3277 ἐπίορκος,
2757 3207 2789 3276 ἦ
2824 3210 2852 3261 6
2906 3208 3226 3270 κατάλαλος,
3257 3207 3289 3277 ἢ
3327 3208 3355 3259 6
3410 3207 3607 3275 ἑτέραν
3643 3206 3765 3258 τινὰ
3796 3207 4029 3275 ἀνομίαν

753 3319 911 3373 fama:
955 3320 1143 3373 aliena}
1170 3319 1260 3387 qui
1309 3318 1565 3383 detrahit,
1620 3329 1713 3372 aut
1749 3318 1891 3371 aliud
1928 3318 2204 3386 quidpiam
2239 3330 2334 3382 pa-

755 3419 860 3461 trat
902 3410 1127 3463 sceleris
1154 3448 1168 3473 ,
1222 3424 1288 3462 ex
1335 3408 1516 3461 verbis
1566 3409 1683 3463 suis
1729 3409 1966 3477 aliquam
2005 3408 2149 3476 capit
2183 3408 2337 3459 volu-

756 3509 954 3568 ptatem
999 3516 1010 3549 :
1067 3498 1217 3550 solus
1274 3497 1568 3550 fornicator
1620 3512 1850 3565 corpore
1900 3511 2003 3550 suo
2055 3504 2334 3564 peccatum

757 3588 990 3658 perficit.
1025 3587 1499 3653 Quemadmodum
1540 3600 1719 3641 autem
1767 3603 1882 3649 sus,
1910 3588 2003 3656 qui
2056 3588 2335 3640 volutatur

758 3686 810 3736 iu
853 3697 1046 3745 emno,
1097 3697 1205 3735 non
1238 3681 1559 3749 coinquinat
1590 3680 1825 3734 interius
1872 3693 2091 3732 carnem
2134 3692 2288 3731 suam
2314 3717 2330 3743 ,

755 3773 850 3825 sed
882 3772 1120 3825 exterius
1162 3771 1427 3824 duntaxat
1476 3770 1666 3840 pellem
1723 3771 1978 3823 sordibus
2036 3784 2100 3821 ac
2150 3767 2343 3822 foetore

761 3863 936 3919 inficit
966 3883 978 3918 :
1013 3864 1087 3918 ita
1126 3872 1183 3917 et
1227 3864 1576 3928 fornicator,
1622 3864 1716 3933 qui
1759 3864 1814 3917 in
1856 3862 2128 3916 cubilibus
2177 3870 2342 3927 atque

756 3956 1124 4026 .impudicitiis
1169 3965 1431 4025 perpetuo
1463 3966 1752 4021 versatur,
1801 3969 2003 4023 corpus
2047 3954 2249 4021 pariter
2295 3960 2350 4003 et

760 4048 1006 4103 animam
1040 4047 1183 4102 foede
1219 4049 1623 4103 commaculat:
1657 4048 1848 4116 sicque
1888 4044 2172 4099 diemouiis
2204 4044 2346 4096 iuvi-

759 4141 1016 4194 sibilihus
1052 4140 1347 4194 ludibrium
1384 4155 1448 4195 ac
1486 4141 1629 4195 risus
1680 4141 1757 4193 fit.
1814 4140 2082 4193 Cancrum
2119 4137 2341 4205 quando

768 4231 827 4283 in
879 4246 1078 4298 corpus
1112 4246 1272 4285 suum
1323 4239 1547 4299 peccat,
1601 4228 1922 4284 non'suum
1972 4226 2352 4282 tantummodo

771 4336 976 4391 corpus
1005 4362 1020 4387 ,
1068 4323 1162 4375 sed
1216 4323 1466 4375 mulieris
1495 4322 1659 4375 etiam
1698 4336 1935 4389 quacum
1980 4327 2204 4389 peccat,
2242 4328 2358 4372 tur-

772 4412 912 4479 piter
967 4420 1317 4480 conspurcat.
1385 4412 1516 4467 Viro
1559 4413 1651 4482 qui
1718 4426 1986 4475 uxorem,
2038 4420 2093 4463 et
2142 4410 2358 4464 mulieri

772 4518 896 4572 quae
924 4505 1183 4557 maritum
1218 4503 1464 4568 habent,
1508 4504 1784 4573 proprium
1831 4516 2033 4571 corpus
2074 4516 2183 4555 non
2228 4511 2356 4554 est:

2441 3299 2809 3370 ἐργαζόμενος
2832 3315 2845 3328 θ
2886 3298 3046 3370 μόνον
3078 3298 3133 3350 δὲ
3173 3300 3200 3349 6
3233 3297 3513 3366 πορνεύων
3546 3296 3627 3367 τῷ
3663 3298 3776 3366 ἰδίῳ
3809 3297 4030 3366 σώματι

2439 3390 2682 3443 συντελεῖ
2726 3390 2825 3459 τὴν
2873 3388 3173 3459 ἁμαρτίαν.
3214 3389 3421 3457 Ὠσπερ
3471 3391 3497 3441 6
3538 3390 3895 3457 χοῖρος,ὂταν
3934 3406 4035 3440 ιιι)⁴

2439 3482 2594 3551 λισοῇ
2631 3485 2687 3534 ἐν
2723 3481 2984 3551 βορϐόρῳ,
3018 3480 3079 3533 ού
3107 3481 3174 3532 τὰ
3203 3480 3349 3532 ἔνδον
3395 3480 3561 3534 αὐτοῦ
3594 3481 3835 3549 μολύνει,
3891 3480 4034 3532 ἁλλά

2439 3575 2537 3643 τὴν
2576 3573 2680 3637 ἔξω
2703 3573 2868 3625 αὐτοῦ
2904 3574 3083 3626 πᾶσαν
3117 3573 3277 3642 δορὰν
3306 3574 3599 3641 σικχαντὴν
3627 3573 3722 3625 καὶ
3755 3570 4033 3641 βρωμώὃη

2444 3666 2817 3736 ἀπεργάζεται
2845 3682 2858 3694 ’
2895 3664 3038 3718 οὕτω
3115 3665 3209 3717 καὶ
3254 3667 3281 3717 ὁ
3326 3664 3629 3733 πορνεύων,
3678 3665 3886 3725 κοίταις
3938 3667 4040 3716 καὶ

2443 3759 2751 3825 ἀσελγείαις
2785 3757 2973 3810 ἑαυτὸν
3033 3756 3407 3827 ἀναμιγνύων,
3438 3756 3731 3824 σικχαντὸν
3772 3755 3940 3807 αὑτοῦ
3974 3756 4040 3807 16

2449 3851 2608 3919 σῶμα
2668 3852 2762 3902 καὶ
2804 3849 2902 3920 τὴν
2960 3849 3138 3919 ψυχὴν
3196 3848 3666 3917 ἀπεργαζόμενος,
3718 3841 3875 3907 οὗτος
3940 3864 4043 3898 πο⁹

2452 3945 2666 4014 ρεύεται
2722 3944 2929 4011 γέλοιον
2980 3944 3090 4005 τοῖς
3138 3943 3393 4012 ἁοράτοις
3438 3941 3689 4011 δαίμοσιν
3738 3940 4042 4008 ἀναφαινό-

2454 4053 2632 4105 μενος.
2672 4034 2871 4087 Λοιπὸν
2915 4034 2994 4095 είς
3029 4033 3092 4084 16
3129 4032 3258 4085 ἴδιον
3300 4032 3461 4101 σῶμα
3508 4030 3839 4099 ἁμαρτάνει,
3883 4029 4045 4097 μιαίο

2450 4144 2555 4198 νων
2605 4127 2739 4179 αὑτό
2762 4143 2776 4156 ο
2810 4127 2910 4178 οὐκ
2940 4125 3074 4178 αὐτὸ
3104 4124 3159 4177 δὲ
3209 4127 3391 4193 μόνον,
3443 4123 3579 4176 ἀλλά
3606 4138 3670 4188 γε
3725 4120 3820 4173 καὶ
3850 4120 3915 4171 16
3942 4121 4045 4188 τῆς

2452 4219 2712 4288 γυναικὶς
2756 4220 2838 4281 είς
2870 4218 2899 4269 ὃ
2932 4217 3348 4304 περιπλέκεται.
3397 4215 3560 4284 ’Δνὴρ
3589 4216 3823 4280 γυναῖκα
3874 4212 4046 4281 ἔχων,

2415 4314 2420 4321 ’
2455 4313 2549 4365 καὶ
2579 4316 2718 4381 γυνὴ
2746 4312 2974 4379 νόμιμον
3002 4311 3171 4381 ἄνδρα
3206 4308 3425 4379 ἔχουσα,
3474 4311 3573 4361 οὐκ
3604 4307 3785 4376 ἔχουσι
3812 4307 3881 4357 τὰ
3915 4307 4049 4358 ἑαυ-

2456 4406 2565 4458 τῶν
2592 4406 2820 4475 σώματα
2847 4406 2954 4458 ῐδια
2974 4419 2990 4432 ⁶
3016 4404 3112 4457 τοῦ
3140 4403 3333 4473 ἀνδρὸς
3359 4402 3466 4473 γὰρ
3492 4402 3553 4455 16
3582 4399 3743 4471 σῶμά
3801 4400 3920 4451 ἐστι
3945 4400 4052 4467 τῆς

2460 4494 2715 4561 γυναικὸς
2744 4492 2930 4558 αὑτοῦ,
2973 4494 3068 4544 καὶ
3112 4492 3215 4558 τῆς
3271 4491 3531 4557 γυναικός
3566 4493 3679 4543 ἐστι
3714 4488 3810 4542 τοῦ
3850 4490 4053 4556 ἀνδρὸς

774 4595 874 4648 viri
902 4596 1103 4665 quippe
1134 4610 1337 4664 corpus
1370 4595 1599 4651 arbitrio
1636 4596 1828 4649 uxoris
1863 4594 2083 4658 subest;
2114 4592 2335 4646 et-simb

2454 4584 2641 4652 αὐτῆς,
2690 4583 2829 4635 ὥστε
2859 4581 3043 4635 οὐκέτι
3101 4583 3209 4636 εἰσὶ
3275 4581 3391 4646 δύο,
3422 4581 3557 4634 ἀλλὰ
3590 4579 3728 4649 σὰρξ
3754 4580 3870 4649 μία.
3922 4579 4053 4631 Ἐὰν

770 4686 904 4741 liter
940 4685 1191 4739 mulieris
1218 4700 1419 4756 corpus
1453 4686 1505 4739 in
1535 4695 1802 4756 potestate
1834 4684 2012 4738 mariti
2039 4692 2140 4747 est,
2160 4694 2215 4737 ut
2246 4700 2353 4737 non

777 4777 1020 4847 amplius
1063 4776 1172 4830 duo
1212 4776 1359 4841 sint,
1413 4777 1505 4831 sed
1540 4792 1647 4831 una
1679 4792 1829 4831 caro.
1860 4775 1915 4830 Si
1953 4774 2146 4828 mulier
2174 4776 2357 4843 itaque

777 4866 1102 4928 fornicatur,
1136 4867 1190 4920 in
1225 4881 1426 4936 corpus
1460 4866 1641 4925 mariti
1673 4875 1862 4935 peccat
1892 4884 1905 4919 :
1943 4865 1988 4919 si
2024 4879 2153 4919 vero
2187 4863 2359 4918 mari-

778 4968 909 5023 tus,
947 4968 1133 5028 peccat
1173 4959 1228 5012 in
1272 4974 1473 5028 corpus
1512 4975 1715 5024 suum,
1747 4958 1893 5028 quod
1940 4966 2026 5013 est
2067 4973 2240 5023 uxor;
2284 4957 2364 5011 sic

777 5058 838 5105 et
868 5051 1007 5103 alter
1055 5050 1109 5104 in
1162 5051 1387 5105 alterius
1430 5060 1659 5121 peccant
1701 5066 1951 5117 corpora,
1996 5047 2215 5119 quando
2254 5063 2364 5101 non

782 5157 846 5197 se
879 5142 1053 5211 ipsos,
1099 5144 1195 5197 sed
1243 5144 1453 5197 alienos
1500 5145 1791 5208 adamant;
1834 5152 2021 5211 utpote
2066 5142 2159 5210 qui
2205 5141 2367 5194 ambo

785 5235 1090 5290 maritalem
1129 5244 1306 5289 torum
1354 5237 1502 5305 turpi
1583 5235 1791 5305 ﬂagitio
1834 5236 2220 5289 dehonestaut.
2251 5233 2368 5286 llac

786 5326 956 5395 igitur
995 5326 1063 5381 de
1106 5343 1274 5382 causa
1303 5367 1321 5394 ,
1376 5348 1394 5381 ι
1428 5329 1603 5384 Omne
1638 5338 1920 5400 peccatum
1959 5338 2113 5383 extra
2167 5342 2369 5396 corpus

787 5426 872 5470 est
917 5435 931 5471 :
983 5418 1077 5488 qui
1126 5430 1305 5475 autem
1351 5421 1677 5488 fornicatur,
1709 5422 1763 5476 iu
1807 5436 2006 5491 corpus
2052 5436 2212 5475 suum
2245 5435 2369 5489 pec-

787 5517 912 5570 cat;
956 5527 976 5561 ι
1032 5524 1097 5564 ac
1146 5511 1414 5568 sordescit
1460 5528 1659 5583 corpus
1704 5514 1865 5583 ejus,
1916 5514 2089 5568 instar
2137 5514 2253 5566 suis
2315 5512 2370 5567 in

788 5606 1035 5655 stercore
1066 5602 1295 5659 volutati
1321 5645 1337 5671 ,
1381 5615 1436 5659 et
1468 5607 1651 5661 anima
1688 5608 1861 5661 instar
1888 5604 2150 5661 daemonis
2181 5603 2372 5659 ftetere

790 5693 982 5763 incipit
1016 5712 1031 5750 :
1076 5710 1316 5768 cumque
1367 5710 1561 5754 czetera
1598 5709 1824 5769 peccata
1876 5697 2116 5754 tenebris
2148 5695 2375 5769 quibus-

2463 4673 2557 4730 οὖν
2592 4678 2623 4739 ἡ
2656 4675 2796 4745 γυνὴ
2822 4664 3118 4745 τέορνεύσῃ,
3151 4674 3227 4735 είς
3260 4672 3319 4725 16
3344 4672 3503 4740 σῶμα
3527 4671 3622 4723 τοῦ
3656 4670 3847 4739 ἀνδρὸς
3871 4671 4055 4739 ἁμαρ-

2465 4769 2654 4822 τάνει·
2692 4768 2788 4819 ἐὰν
2816 4767 2875 4820 δὲ
2912 4769 2939 4819 ὁ
2973 4766 3112 4837 ἀνὴρ
3149 4765 3471 4834 ἁμαρτήσῃ,
3503 4764 3582 4825 εἰς
3620 4762 3682 4815 16
3721 4763 3851 4814 ἴδιον
3887 4762 4053 4831 σῶμα

2464 4861 2565 4930 τῆς
2603 4859 2865 4926 γυναικὸς
2901 4858 3244 4928 ἁμαρτάνει·
3280 4855 3452 4919 οὕτως
3484 4855 3577 4908 οὖν
3620 4858 3699 4917 εἰς
3734 4854 3803 4906 τὰ
3837 4853 4055 4905 ἑαυτῶν

2469 4951 2702 5021 σώματα
2727 4952 3156 5023 ἁμαρτάνουσιν,
3175 4950 3412 5020 ὁπηνίκα
3436 4949 3534 5019 οὐχ
3555 4947 3761 5001 ἑαυτῶν
3792 4946 4053 5017 ἐρῶνται,

2468 5043 2605 5097 ἀλλά
2635 5043 2741 5097 τῶν
2769 5042 3088 5110 ἀλλοτρίων,
3121 5042 3197 5105 ὡς
3223 5041 3523 5112 ἀμφότεροι
3556 5040 3656 5109 τὴν
3700 5038 3836 5091 ἰδίαν
3864 5038 4055 5107 κοίτην

2472 5139 2797 5208 μιαίνοντες.
2836 5136 2938 5190 Διὰ
2969 5137 3129 5189 τοῦτο
3162 5138 3274 5206 γὰρ
3319 5137 3467 5189 πᾶσα
3498 5132 3738 5204 ἁμαρτία
3764 5132 3923 5193 ἐκτὸς
3960 5130 4055 5182 τοῦ

2471 5227 2725 5301 σῶματός
2778 5231 2967 5282 ἐστιν*
3002 5230 3031 5281 6
3074 5229 3132 5281 δὲ
3186 5228 3465 5296 πορνεύων
3494 5227 3573 5289 εἰς
3602 5225 3663 5279 16
3716 5225 3849 5277 ἴδιον
3893 5222 4058 5292 σῶμα

2469 5324 2798 5395 ἁμαρτάνει,
2849 5322 3039 5393 ὥσπερ
3070 5324 3251 5391 χοῖρος
3298 5322 3356 5372 ὲν
3386 5321 3580 5390 κόπρῳ
3613 5314 4060 5383 κυλινδούμενος,

2476 5418 2569 5469 καὶ
2596 5416 2807 5485 γίνεται
2852 5413 3020 5468 αὐτοῦ
3073 5414 3136 5465 τὸ
3169 5412 3331 5481 σῶμα
3364 5408 3674 5480 σικχαντδν,
3700 5408 3797 5460 καὶ
3819 5405 4055 5475 ὸζομένη

2475 5509 2622 5579 ψυχὴ
2683 5508 2870 5571 αὑτοῦ,
2914 5507 3105 5575 ὥσπερ
3135 5505 3391 5574 δαίμονος
3410 5520 3423 5534 υ
3451 5504 3546 5555 καὶ
3576 5502 3727 5554 πᾶσα
3755 5499 3856 5569 μὲν
3882 5500 4066 5568 ἁμαρ·

2478 5602 2568 5653 τία
2601 5600 2791 5663 δεινῶς
2821 5598 2919 5670 τὴν
2945 5598 3125 5669 ψυχὴν
3175 5595 3411 5665 ζοφώδη,
3449 5594 3483 5663 ἡ
3516 5592 3585 5657 δὲ,
3616 5590 3846 5662 πορνεία
3883 5588 4061 5645 δυσῶ-

2476 5694 2564 5756 δες
2590 5693 2683 5745 καὶ
2721 5692 2947 5761 αἰσχρὸν
2970 5690 3032 5741 16
3059 5688 3224 5759 σῶμα
3247 5685 3644 5758 ἀπεργάζεται.

788 5783 916 5839 dam
965 5784 1252 5842 involvunt
1290 5792 1573 5861 animam,
1611 5792 1903 5849 fornicatio
1951 5792 2175 5863 insuper
2222 5801 2376 5861 turpe
2417 5786 2775 5857 luendumque
2812 5784 2965 5840 efficit
3014 5796 3230 5852 corpus.

877 5876 920 5909 δ’
958 5876 976 5930 l
1011 5878 1138 5935 Cor.
1175 5895 1263 5945 vt.
1301 5882 1388 5939 18.
