4202 6434
801 440 898 503 831

1850 437 2267 501 NICEPHORI
2313 439 2787 502 PRESBYTER!
2824 439 2931 502 CP.

3916 440 4027 503 832

802 564 925 602 nam
980 548 1194 604 Christo
1255 549 1474 614 meo“,
1539 568 1556 599 ι
1608 548 2023 618 explicationem
2077 548 2419 635 lla‘gitanteA

2459 566 2569 618 γει·
2605 550 2784 619 Κέρας
2817 551 2914 619 μὲν
2948 548 2975 600 6
3002 546 3132 610 Θεὸς
3158 547 3454 613 licvit:th
3483 547 3561 617 τῷ
3591 544 3787 609 Δαυτδ,
3822 546 4028 615 πρόδη-

800 638 1103 709 Epiphanio
1123 680 1137 702 ,
1172 640 1614 720 hangsubjunxit
1648 641 1837 693 beatus
1863 641 2105 694 Andreas
2131 658 2143 693 :
2167 638 2349 692 Cornu

798 731 1015 799 quidem
1046 731 1324 784 suscitavit
1360 732 1497 784 Deus
1532 729 1746 795 Davidi,
1792 744 1984 799 nempe
2004 768 2019 793 ,
2049 739 2107 783 ut
2136 732 2348 798 perspi-

796 835 959 874 cuum
1004 830 1113 884 est,
1161 820 1433 876 Christum
1484 836 1548 872 ex
1589 820 1903 876 beatissima
1952 821 2191 891 Virgine.
2246 821 2351 874 Lu—

2458 641 2546 692 λον
2583 642 2643 692 ἐκ
2676 641 2772 708 τῆς
2816 641 2973 707 ἁγίας
3007 639 3287 709 Παρθένου
3326 639 3416 692 τὸν
3458 637 3727 708 Χριστόν
3756 637 3948 707 λύχνον
3976 638 4033 689 δὲ

2462 732 2755 802 ἡτοίμασεν
2786 735 2814 784 6
2856 732 3043 803 Πατὴρ
3074 730 3180 783 τῶν
3215 731 3515 799 οἰκτιρμῶν
3548 729 3623 798 τῷ
3664 727 3888 797 Χριστῷ
3933 729 4029 779 καὶ

2458 822 2571 890 Υίῷ
2600 821 2786 886 αὐτοῦ,
2819 822 2909 874 τὸν
2948 823 3215 891 μακάριον
3272 820 3524 891 Ἰωάννην
3552 821 3641 872 τὸν
3695 818 4007 888 Πρόδρομον

801 927 1015 967 cernam
1052 929 1182 969 vero
1225 912 1434 983 paravit
1465 910 1622 967 Pater
1664 912 2167 967 misericordiarum
2221 910 2437 965 Christo
2468 912 2609 967 Filio
2676 929 2811 977 suo,
2880 913 3131 967 videlicet
3197 914 3413 967 beatum
3456 910 3811 966 Prodromum
3859 906 4031 961 JOan-

796 1018 941 1059 nem.

868 1098 988 1150 185.
1044 1096 1283 1167 Denique
1330 1110 1484 1169 rogat
1534 1098 1869 1169 Epiphanius
1918 1103 2082 1153 istius
2121 1099 2349 1153 solutio-

798 1200 915 1236 nem
944 1186 1219 1240 sententia:
1249 1206 1263 1241 :
1303 1207 1320 1239 r
1354 1187 1742 1241 Testimonium
1793 1185 2003 1240 Domini
2047 1189 2200 1242 lidele
2221 1227 2235 1251 ,
2264 1205 2347 1242 sa-

798 1276 1053 1341 pientiam
1103 1281 1365 1343 prtestan's
1401 1277 1639 1346 parvulis
1664 1278 1728 1329 ".
1770 1296 1789 1329 ι
1820 1277 2075 1347 lllamque
2116 1280 2167 1331 in
2208 1260 2351 1333 hunc

799 1366 1016 1419 modum
1041 1367 1187 1420 dedit
1215 1370 1457 1421 Andreas
1479 1385 1494 1421 :
1516 1367 1752 1437 Spiritus
1781 1380 2000 1423 sanctus
2031 1370 2097 1424 de
2128 1370 2353 1423 Domino

794 1452 924 1507 Iesu
980 1454 1199 1508 Christo
1251 1458 1620 1510 testimonium
1680 1458 1967 1526 perhibet,
2015 1463 2087 1514 ita
2142 1475 2355 1513 asseve—

800 1553 952 1598 rante
988 1546 1104 1612 ipso
1144 1544 1372 1599 Domino
1406 1548 1686 1616 discipulis
1732 1549 1848 1601 suis
1883 1566 1895 1600 :
1936 1568 1954 1599 ι
1992 1548 2125 1601 Cum
2171 1560 2350 1601 autem

802 1636 1003 1689 venerit
1036 1635 1373 1703 Paracletns,
1402 1655 1561 1708 quem
1601 1655 1699 1707 ego
1735 1640 1945 1692 mittam
1978 1640 2133 1694 vobis
2170 1656 2199 1693 a
2248 1639 2356 1693 Pa-

798 1735 877 1779 tre
900 1766 914 1789 ,
950 1728 1213 1797 Spiritum
1250 1732 1493 1784 veritatis
1518 1770 1532 1793 ,
1581 1746 1740 1799 quem
1774 1732 2010 1785 mundus
2045 1748 2149 1784 non
2181 1740 2353 1800 potest

798 1820 1213 1887 accipere,quia
1250 1835 1354 1873 non
1387 1821 1525 1873 videt
1547 1836 1690 1885 eum,
1720 1822 1809 1874 ille
1836 1823 2201 1875 testimonium
2234 1839 2354 1890 per-

800 1910 1001 1963 liibebit
1042 1911 1106 1963 de
1148 1926 1231 1963 uie
1250 1911 1315 1964 “.
1369 1930 1386 1961 ι
1451 1912 1601 1966 Unde
1647 1913 1925 1980 perspicue
1969 1921 2151 1983 patet,
2204 1916 2348 1983 quod
2386 1892 2419 1943 θ

797 2002 928 2063 dixi,
961 2000 1325 2055 testimonium
1369 2002 1577 2055 Domini
1620 2001 1881 2069 Spiritum
1916 2012 2162 2055 sanctum
2206 2019 2348 2056 esse.

798 2090 938 2143 Idem
977 2090 1511 2155 bellissimcindicat,
1540 2092 1680 2160 quod
1719 2092 1770 2142 in
1811 2089 2048 2144 lorilane
2076 2102 2350 2159 peractum

792 2193 875 2234 cst
908 2185 1219 2251 mysterium
1250 2200 1263 2235 :
1292 2184 1414 2236 istic
1440 2184 1581 2235 enim
1611 2220 1625 2246 ,
1676 2182 1753 2235 uti
1794 2191 1847 2235 et
1878 2184 1930 2235 in
1981 2194 2162 2237 monte
2207 2184 2351 2239 Tha-

797 2274 961 2325 bureo
987 2313 1000 2335 ,
1037 2274 1173 2326 idetn
1205 2283 1427 2327 sanctus
1462 2274 1695 2343 Spiritus
1725 2277 2094 2330 testimonium
2121 2278 2187 2331 de
2218 2278 2354 2333 Filio

793 2361 949 2415 dixit.
1002 2361 1273 2427 Quoniam
1307 2363 1489 2433 itaque
1536 2365 1905 2418 testimonium
1944 2366 2153 2420 Domini
2192 2384 2356 2423 voca-

792 2464 878 2506 tur
908 2454 1142 2522 Spiritus
1194 2469 1415 2509 sanetus
1443 2496 1457 2520 ,
1516 2456 1699 2509 licebit
1745 2461 2092 2525 parvulorum
2135 2462 2355 2515 nomine

796 2546 1069 2611 apostolos
1100 2544 1399 2613 intelligere
1445 2564 1457 2599 :
1505 2548 1597 2615 qui
1636 2546 1787 2615 prius
1826 2564 1988 2616 quam
2022 2550 2196 2601 sancti
2232 2552 2354 2618 Spi-

790 2633 926 2685 ritus
965 2633 1133 2701 gratia
1161 2634 1500 2687 corroborati
1547 2647 1763 2699 essent,
1818 2647 1999 2688 ruente
2049 2652 2111 2689 ac
2156 2638 2357 2692 virtute

792 2724 999 2791 parvuli
1062 2734 1253 2785 erant,
1319 2734 1501 2792 utpote
1556 2726 1847 2778 admodum
1898 2726 2223 2794 imperfecti.
2288 2729 2359 2782 At

792 2828 921 2867 vero
974 2829 1097 2866 cum
1148 2824 1268 2883 post
1323 2816 1622 2883 gloriosum
1684 2815 1897 2869 Domini
1966 2832 2252 2871 ascensum
2301 2819 2357 2872 in

795 2907 1079 2959 cu-uaculo
1124 2907 1470 2960 considerent
1515 2907 1768 2976 apostoli,
1806 2908 2139 2961 descendens
2187 2908 2356 2961 Para-

792 2997 966 3049 cletus
1004 2996 1241 3065 Spiritus
1292 2998 1525 3051 reddidit
1571 2998 1855 3063 homines,
1904 2999 2110 3067 pridem
2176 2999 2359 3054 ill:lte-

792 3097 939 3138 ratos
995 3100 1058 3139 ac
1088 3089 1409 3153 piscatores,
1437 3089 1691 3142 omnibus
1726 3089 2012 3142 rhetorica:
2042 3102 2201 3158 atque
2228 3092 2359 3144 alia-

2526 1094 2663 1165 ρπε’.
2682 1096 2993 1162 Ἐπιφάνιος
3016 1091 3167 1147 εἶπεν
3188 1111 3203 1127 ο
3230 1095 3359 1147 Τίνα
3388 1094 3540 1147 λύσιν
3572 1094 3701 1162 ἔχει,
3742 1114 3759 1144 ι
3797 1097 3862 1148 Ἦ
3888 1113 4031 1167 μαρ,

2453 1187 2611 1255 τυρεα
2662 1188 2865 1255 Κυρίου
2899 1187 3082 1256 πιστὴ,
3109 1187 3399 1255 σοφίζουσα
3450 1189 3651 1258 νήπιας
3685 1206 3703 1238 ι
3743 1188 3801 1240 Ὀ
3837 1190 4028 1255 Ἀγιος

2461 1279 2594 1346 ἐᾳηο
2627 1277 2701 1328 Τὸ
2731 1277 2953 1344 Πνεῦμα
2985 1277 3046 1328 τὸ
3076 1275 3230 1343 ἆγε-όν
3274 1279 3389 1328 ἐστι
3433 1276 3495 1329 τὸ
3543 1276 3853 1345 μαρτυροῦν
3900 1280 4028 1345 περὶ

2460 1370 2552 1421 τοῦ
2600 1368 2806 1435 Κυρίου
2850 1367 3024 1437 Ἰησοῦ
3070 1366 3338 1436 Χριστοῦ·
3391 1368 3552 1429 αὐτὸς
3604 1369 3713 1432 γὰρ
3743 1370 3769 1420 6
3821 1367 4028 1436 Κύριος

2462 1459 2608 1525 λέγει
2642 1460 2751 1519 τοῖς
2790 1457 3058 1527 μαθηταῖς
3089 1456 3496 1510 αὐτοῦ·ι”οταν
3526 1457 3583 1508 δὲ
3620 1457 3747 1526 ἔλθῃ
3778 1459 3805 1509 6
3843 1456 4031 1525 Παρὰ-

2460 1549 2675 1615 κλητος,
2716 1550 2772 1602 ὃν
2802 1548 2908 1615 ἐγὼ
2951 1548 3149 1616 πέμψω
3180 1551 3309 1617 ὑμῖν
3347 1550 3494 1617 παρὰ
3527 1548 3618 1600 τοῦ
3656 1546 3864 1615 Πατρός
3898 1564 4027 1616 μου,

2458 1642 2517 1691 τὸ
2541 1640 2761 1709 Πνεῦμα
2786 1640 2881 1708 τῆς
2919 1639 3191 1707 ἀληθείας,
3223 1640 3251 1691 6
3296 1640 3324 1690 6
3356 1640 3556 1707 κόσμος
3588 1639 3647 1689 οὐ
3679 1624 3911 1689 δύναται
3931 1640 4027 1691 λα-

2461 1732 2593 1791 ϐεῖν,
2630 1731 2712 1782 ὅτι
2749 1731 2809 1781 οὐ
2851 1730 3049 1798 θεωρεῖ
3081 1730 3230 1790 αὐτὸ,
3266 1730 3470 1791 ἐκεῖνος
3519 1732 3856 1800 μαρτυρήσει
3897 1732 4030 1798 περὶ

2458 1823 2612 1893 ἐμοῦ.
2651 1840 2675 1874 δ
2701 1823 2951 1892 ᾼηλονότι
2984 1825 3017 1891 ἡ
3047 1821 3318 1892 μαρτυρία
3352 1823 3555 1891 Κυρίου
3605 1824 3665 1874 τὺ
3716 1823 3936 1891 Πνεῦμα
3969 1823 4030 1874 τὸ

2458 1916 2609 1983 ἅγιόν
2650 1918 2814 1967 ἐστιν.
2848 1914 2920 1965 Τὸ
2948 1914 3079 1965 αὐτὸ
3107 1914 3292 1982 ἐνόησε
3322 1914 3499 1965 καὶτὸ
3525 1915 3581 1965 ὲν
3626 1913 3860 1981 Ἰορδανη
3922 1931 4029 1981 μυ-

2458 2009 2709 2076 στήριονο
2750 2008 2863 2057 ἐκεῖ
2888 2005 2995 2073 γὰρ
3027 2007 3055 2057 6
3100 2006 3453 2074 Παράκλητος
3483 2004 3574 2056 τὸν
3626 2004 3751 2056 Υἱὺν
3788 2004 4031 2071 ἐμαρτύ-

2456 2115 2638 2167 ρησεν,
2699 2097 2957 2159 ὡσαύτως
3015 2099 3106 2149 καὶ
3163 2098 3219 2148 ὲν
3267 2097 3345 2167 τῷ
3391 2096 3672 2165 Θαεωρὲῳ.
3733 2096 3885 2147 Ἐπεὶ
3936 2090 4035 2146 οὖν

2455 2188 2728 2257 μαρτυρία
2779 2188 2982 2255 Κυρίου
3012 2190 3072 2239 τὸ
3106 2187 3325 2256 Πνεῦμα
3375 2187 3434 2239 τὸ
3479 2188 3632 2253 ἆγιον
3673 2187 4031 2253 ὀνομάζεται,

2454 2278 2629 2341 ἔξεστι
2660 2278 2848 2346 νοῆσαι
2901 2279 3070 2346 νήπια
3110 2280 3234 2339 τοὺς
3269 2278 3620 2339 ams-.219»;
3669 2279 3863 2338 οἵτινες
3924 2276 4034 2342 πρὸ

2454 2367 2545 2419 τοῦ
2578 2367 2910 2431 δέξασθαιτδ
2940 2367 3161 2435 Πνεῦμα
3206 2368 3265 2418 τὸ
3307 2364 3460 2433 ἆγιον
3522 2370 3701 2435 νήπιοι
3747 2370 3865 2426 ταῖς
3898 2383 4037 2434 φρε-

2457 2461 2540 2510 σὶν
2589 2461 2905 2527 ἐτύγχανον,
2960 2458 3049 2510 διὰ
3090 2461 3150 2511 τδ
3196 2458 3404 2520 ἀτελεῖς
3452 2457 3675 2519 τούτους
3732 2457 4033 2525 ὑπάρχειν.

2460 2551 2583 2601 Ὀτε
2612 2548 2704 2602 οὖν
2745 2553 2799 2601 ἐν
2828 2550 2903 2619 τῷ
2935 2548 3170 2619 ὑπερῴῳ
3200 2549 3335 2617 μετὰ
3379 2550 3479 2617 τὴν
3529 2550 3793 2617 σωτήριον
3823 2548 4036 2612 civim-

2455 2642 2547 2710 ψιν
2594 2642 2909 2704 ἐκαθέζοντο
2972 2641 3022 2692 οἱ
3066 2640 3371 2702 ἀπόστολοι,
3422 2641 3515 2689 καὶ
3558 2639 3832 2690 κατελθὼν
3861 2640 3889 2689 6
3920 2640 4038 2689 Πα-

2461 2735 2765 2800 ρακλητος,
2835 2736 2958 2793 τοὺς
3018 2730 3206 2801 πρώην
3257 2730 3652 2800 ἀγραμμάτους
3712 2730 3807 2781 καὶ
3863 2730 4039 2790 ἁλιεῖς

2460 2824 2801 2893 ὑπάρχοντας
2869 2823 3209 2891 σοφωτέρους
3254 2823 3493 2892 ρητόρων
3520 2822 3613 2873 καὶ
3645 2821 3900 2872 ἁπάντων
3924 2820 4041 2871 τῶν

2458 2914 2517 2964 ἐν
2559 2914 2815 2981 φρονήσει
2864 2912 3290 2979 θαυμαζομένων
3343 2910 3638 2973 ἀπέδειξεν,
3700 2909 3850 2959 οὐδὲν
3900 2924 4043 2976 παρ»

2460 3004 2639 3056 αὐτῶν
2673 3006 2750 3063 εἰς
2788 3002 3128 3071 ἀντιμισθίαν
3156 3000 3465 3068 δεξάμενος,
3500 2999 3531 3067 ἢ
3579 2999 3757 3049 πίστιν
3804 2999 4042 3064 εἱλικρι-

2459 3094 2722 3162 νεστάτην
2754 3096 2845 3145 καὶ
2877 3092 3058 3145 πόθον.
3086 3092 3316 3143 Δύναται
3348 3091 3403 3143 δὲ
3436 3092 3463 3141 ὁ
3487 3090 3641 3155 λόγος
3667 3092 3743 3151 εἰς
3766 3089 3836 3141 τὰ
3862 3090 4043 3156 νήπια

795 3192 915 3230 rum
967 3180 1164 3233 artium
1218 3182 1441 3234 scientia
1485 3198 1647 3249 quam
1693 3182 2163 3236 excellentissimis
2200 3183 2419 3277 longec

2461 3186 2640 3235 ἐκεῖνα
2678 3182 3066 3251 ἀνα-ξέρεσοαι,
3106 3182 3248 3249 ἅπερ
3286 3180 3420 3247 μετᾶ
3474 3178 3641 3248 βαῒων
3684 3179 4041 3239 ὑπαντῶντα,

795 3268 1185 3337 sapientiores,
1219 3271 1363 3323 nulla
1390 3287 1488 3339 pro
1520 3273 1644 3325 dato
1674 3287 1899 3326 munere
1923 3272 2172 3325 mercede
2203 3289 2350 3328 rece~

795 3372 905 3427 pta,
947 3372 1141 3428 praeter
1183 3361 1601 3415 sincerissimam
1647 3364 1806 3416 lldem
1851 3373 2013 3431 atque
2050 3364 2233 3431 gloria:
2266 3366 2349 3418 di-

796 3452 935 3503 vinae
987 3452 1335 3505 desiderium.
1384 3452 1568 3507 Potest
1609 3469 1827 3522 quoque
1884 3455 2024 3507 dicta
2085 3456 2353 3507 sententia

797 3541 984 3594 referri
1015 3547 1077 3595 ad
1116 3544 1365 3611 parvulos
1398 3544 1530 3597 istos
1554 3582 1570 3609 ,
1605 3544 1697 3611 qui
1733 3542 1898 3597 ramis
1933 3545 2231 3611 palmarum
2271 3546 2357 3597 in-

2456 3274 2547 3324 τὺν
2578 3272 2778 3340 Κύριον
2822 3271 3099 3339 εὐφήμουν
3138 3270 3232 3320 καὶ
3264 3268 3509 3331 ἐδόξαζον
3536 3286 3548 3299 ·
3585 3270 3677 3320 καὶ
3722 3271 3831 3336 γὰρ
3861 3271 3909 3319 οἱ
3946 3285 4041 3319 σο-

2462 3365 2552 3432 φοὶ
2599 3364 2691 3414 καὶ
2724 3364 2771 3413 οἱ
2815 3364 3160 3430 γραμματεῖς
3206 3362 3266 3410 οὗ
3316 3362 3551 3427 συνῆκαν
3602 3361 3824 3428 ποιῆσαι
3852 3359 4041 3422 τοῦτο,

2463 3452 2572 3504 τῶν
2603 3451 3026 3519 ἑλαχιστοτάτων
3082 3450 3289 3518 νηπίων
3331 3448 3434 3499 ὑπὸ
3476 3448 3569 3500 τοῦ
3601 3450 3755 3515 ἁγίου
3786 3448 4042 3516 Πνεῦμα-

2463 3560 2553 3605 τος
2584 3541 2960 3609 σοφισθέντων.

795 3637 985 3688 structi
1021 3645 1364 3691 occurrentes
1416 3636 1680 3702 Domino,
1750 3636 1935 3691 multis
1981 3638 2133 3690 illum
2177 3638 2468 3707 praeconiis
2525 3638 2814 3691 laudarunt
2868 3646 3031 3705 atque
3095 3638 3407 3691 estulerunt
3435 3656 3447 3689 :
3480 3650 3578 3691 nec
3604 3637 3747 3689 enim
3776 3635 4044 3703 sapienti-

797 3728 901 3781 bus
942 3731 1119 3797 populi
1165 3745 1229 3783 ac
1277 3730 1469 3784 scribis
1511 3730 1641 3783 illud
1700 3731 1889 3801 agendi
1939 3729 2170 3788 facultas
2216 3732 2357 3801 fuit,
2436 3735 2583 3804 quod
2628 3734 2716 3788 isti
2789 3732 2991 3787 nullius
3054 3733 3427 3789 testimationis
3483 3734 3737 3802 parvuli,

800 3836 987 3876 sancto
1017 3823 1213 3888 edocti,
1246 3824 1478 3893 gloriose
1509 3825 1716 3893 Operati
1745 3835 1893 3879 sunt.

874 3950 992 4003 186.
1061 3948 1191 4001 Tam
1248 3948 1454 4017 prolixo
1508 3949 1561 4002 iu
1614 3952 1838 4002 multam
1900 3958 2111 4004 uectem
2161 3949 2361 4005 detenti

798 4038 1066 4105 col'oqnio
1101 4037 1342 4093 Andreas
1371 4049 1531 4109 atque
1561 4038 1893 4109 Epiphanius
1922 4081 1935 4104 ,
1980 4040 2192 4093 tandem
2225 4041 2359 4094 alter

798 4135 865 4187 ab
894 4135 1061 4186 altero
1096 4133 1467 4185 discesserunt
1501 4149 1514 4186 :
1559 4140 1611 4186 et
1646 4133 1979 4201 Epiphanius
2012 4132 2229 4202 quidem
2264 4132 2363 4185 do-

802 4240 947 4278 tnum
997 4238 1055 4277 se
1109 4238 1261 4277 suam
1310 4222 1576 4287 contulit,
1637 4223 1917 4278 admirans
1971 4238 2093 4278 eum
2140 4233 2362 4289 stupore

801 4316 967 4366 animi
1008 4314 1324 4382 sapientiam
1374 4322 1537 4381 atque
1571 4314 2020 4381 intelligentiam,
2071 4328 2193 4383 qua:
2230 4328 2359 4382 pro-

799 4412 1041 4459 cesserat
1096 4418 1159 4456 ex
1208 4416 1301 4456 ore
1357 4401 1497 4456 beati
1549 4402 1691 4466 viri;
1734 4413 1893 4471 atque
1949 4404 2020 4456 ita
2080 4403 2360 4470 reputabat

3830 3729 4041 3799 Spiritu

2543 3945 2698 4017 ρπς¹.
2734 3944 2920 3999 Ταῦτα
2952 3943 3045 3999 τοῦ
3096 3944 3365 4014 μακαρίου
3406 3942 3650 4013 Ἀνδρέου
3707 3945 3848 4011 μετὰ
3892 3948 4045 4000 Ἐπι-

2466 4041 2656 4109 φανίου
2706 4039 3082 4109 ὁμιλήσαντος,
3136 4036 3371 4104 ἑσπέρας
3420 4036 3519 4105 ἤδη
3577 4035 3800 4104 βαθείας
3846 4038 4041 4105 οῦσης,

2462 4131 2554 4198 ἀρ’
2584 4132 2789 4181 ἑαυτῶν
2826 4132 3213 4198 ἀνεχώρησανο
3252 4129 3343 4179 καὶ
3381 4130 3409 4179 6
3457 4130 3555 4195 μὲν
3599 4128 3919 4197 Ἐπιφάνιος
3961 4133 4043 4191 εἰς

2462 4222 2552 4273 τδν
2583 4217 2729 4273 οἶκον
2758 4220 2925 4273 αὐτοῦ
2960 4218 3252 4288 ἐπορεύθη,
3283 4222 3519 4288 φρίττων
3570 4220 3662 4271 καὶ
3698 4217 4046 4287 ξενιζόμενος

2461 4312 2560 4379 τὴν
2591 4311 2779 4377 σοφίαν
2812 4310 2906 4362 καὶ
2946 4310 3045 4379 τὴν
3085 4309 3298 4360 σύνεσιν
3336 4308 3434 4376 τὴν
3466 4307 3786 4373 ἐξελθοῦσαν
3819 4311 3904 4372 ιέχ
3932 4308 4045 4360 τῶν

2460 4402 2682 4473 χειλέων
2715 4400 2806 4453 τοῦ
2835 4400 3120 4469 Μακαρίου
3148 4414 3162 4429 ’
3196 4398 3344 4466 ἔλεγε
3374 4400 3479 4469 γὰρ
3514 4400 3593 4451 ὃτι
3629 4399 3747 4451 Ἐπ’
3774 4398 4043 4464 ἀληθείας

801 4513 987 4552 secum
1021 4512 1084 4551 ac
1113 4497 1468 4565 loquebatur,
1504 4497 1618 4550 ﬁeri
1656 4496 1805 4550 nullo
1848 4497 2004 4549 modo
2054 4511 2214 4564 posse
2240 4536 2255 4560 ,
2300 4505 2357 4549 ut
2392 4536 2419 4591 Ε

2459 4491 2633 4553 οὐδεὶς
2679 4489 2899 4542 δύναται
2954 4488 3121 4540 ταῦτα
3164 4485 3334 4547 οὕτως
3380 4487 3439 4537 ἐν
3469 4485 3722 4552 εὖθύτητι
3756 4484 3963 4547 λαλεῖν,
3998 4486 4046 4535 εί

2511 4577 2819 4591 ...,..
3007 4573 4043 4591 ..-,..._,,c,,....,

798 4589 922 4658 quis
963 4598 1067 4641 tam
1102 4590 1318 4640 demere
1361 4603 1425 4641 ac
1453 4595 1813 4655 congruenter
1862 4601 2001 4640 vera:
2035 4586 2197 4653 ﬁdei,
2249 4595 2354 4640 tam

799 4684 1048 4735 abstrusa
1089 4681 1140 4733 in
1192 4680 1424 4734 medium
1478 4680 1758 4749 proferat,
1814 4681 1918 4735 nisi
1961 4680 2211 4750 praesenti
2260 4694 2361 4749 ope

802 4773 894 4826 Dei
926 4772 1167 4841 adjutus.
1200 4771 1399 4826 Beatus
1441 4787 1569 4825 vero
1603 4771 1849 4827 Andreas
1888 4782 2207 4827 consuetum
2252 4772 2358 4825 sibi

802 4881 1009 4920 ntorem
1048 4865 1300 4919 obtinens
1324 4900 1338 4926 ,
1379 4863 1892 4927 exercitationibus,
1946 4880 2084 4935 quas
2124 4873 2363 4934 tempore

799 4967 1069 5013 nocturno
1096 4956 1250 5011 obire
1282 4955 1514 5021 solebat,
1544 4970 1663 5011 sese
1693 4957 1947 5011 accinxit.

2465 4577 2604 4651 μὴῇ
2658 4581 2685 4631 ὀ
2731 4580 2859 4641 Θεὸς
2906 4578 3020 4646 μετ’
3063 4576 3268 4630 αὐτοῦ’
3321 4575 3349 4625 6
3390 4574 3445 4625 δὲ
3476 4573 3743 4643 μακάριος
3784 4574 4046 4637 ’Δνδρὲας

2464 4672 2624 4725 πάλιν
2654 4673 2793 4723 κατὰ
2825 4670 2886 4722 τὸ
2941 4667 3170 4736 σύνηθες
3218 4668 3275 4718 ὲν
3321 4667 3432 4727 τοῖς
3475 4664 3574 4733 τῆς
3603 4664 3794 4726 νυκτὸς
3829 4666 4046 4731 ἀγῶσιν

2464 4762 2833 4834 ὲπησχολείτο,
2866 4761 2933 4813 τὰ
2963 4759 3023 4824 ἐξ
3055 4759 3208 4821 ἔθους
3240 4755 3623 4828 ἐργαζόμενος,

2188 5096 2414 5153 CAPUT
2459 5096 2649 5151 XXIII.

870 5234 1226 5302 lmpnrissimi
1256 5237 1545 5306 peccatoris
1570 5252 1706 5288 utor:
1742 5234 1927 5303 infelix
1952 5244 2360 5354 prmuomltrata
2387 5233 2610 5372 Audit-ca.-
2628 5251 2645 5298 ;
2677 5243 2725 5286 et
2768 5232 2924 5301 hujus
2951 5230 3143 5284 eximia
3179 5242 3303 5298 erga
3333 5226 3573 5280 inimicos
3602 5224 3837 5278 charitas
3869 5226 3975 5292 pice

2118 5321 2200 5356 mu
2230 5321 2323 5357 κη
2356 5320 2494 5356 munt
2524 5313 2715 5357 calata.

2118 5313 2323 5357 mulieri
2356 5313 2715 5357 mrmileslata.

878 5446 998 5501 I87.
1041 5447 1395 5503 Beatissimus
1450 5450 1631 5518 itaque
1677 5450 1956 5513 Andreas.
2021 5450 2211 5504 ludens
2262 5450 2363 5501 ali-

800 5540 1025 5608 quando
1059 5555 1207 5594 more
1241 5540 1473 5595 hominis
1517 5558 1621 5594 non
1665 5544 1796 5596 satis
1831 5542 1912 5597 sui
1954 5543 2216 5610 compotis
2241 5580 2255 5601 ,
2312 5542 2362 5593 in

800 5630 1172 5685 nitibulatione
1206 5633 1447 5701 porticus
1469 5636 1715 5702 publicae,
1746 5650 1865 5705 qua:
1887 5634 2183 5703 appellatur
2216 5632 2365 5686 Mau-

879 5832 919 5863 ³⁸
960 5832 1101 5888 l'sal.
1127 5850 1302 5895 I.\.\\I,
1347 5834 1425 5889 l7.
1504 5834 1544 5866 ³⁷
1582 5832 1725 5889 Psal.
1762 5846 1925 5898 xvttl,
1959 5830 2010 5886 8-

2546 5444 2685 5514 ρπζκ
2730 5446 2818 5497 Ἐν
2851 5444 2947 5513 μιᾷ
2978 5438 3070 5495 οὖν
3094 5440 3199 5493 τῶν
3237 5436 3456 5508 ἡμερῶν
3481 5436 3571 5489 τοῦ
3601 5436 4042 5499 Μακαριωτάτου

2475 5536 2755 5600 παίζοντος
2784 5538 2839 5586 ὲν
2862 5534 2939 5602 τῷ
2970 5532 3255 5602 περιπάτῳ
3282 5530 3373 5583 τοῦ
3404 5528 3660 5597 δημοσίου
3692 5525 3927 5594 ὲμεόλου
3952 5523 4043 5577 τοῦ

2475 5628 2768 5698 λεγομένου
2819 5623 3159 5697 Μαυριανοῦ,
3204 5623 3357 5692 ἔτυχε
3432 5619 3524 5673 τοῦ
3575 5616 3827 5687 γενέσθαι
3879 5615 4043 5669 αὑτὸν

2090 5831 2130 5861 ³·
2170 5826 2331 5883 Joan.
2358 5843 2445 5893 xv,
2480 5826 2567 5893 26;
2605 5840 2714 5893 XIV,
2755 5825 2827 5879 l7.
