4202 6434
765 417 872 482 839

1804 408 2229 470 NICEPHORI
2267 408 2738 472 PRESBYTER!
2777 412 2885 472 (ΞΡ.

3894 428 3997 491 840

769 530 997 584 alterum
1043 524 1170 579 huic
1211 522 1441 579 similem
1485 539 1646 593 super
1686 531 1882 577 terram
1918 524 1971 577 in
2024 532 2285 579 aeternum
2318 544 2329 578 :
2361 530 2407 588 Α

2361 530 2407 588 Α
2436 523 2622 594 ἐγείρῃ
2657 528 2734 588 εἰς
2778 527 2869 579 τὸν
2922 525 3090 578 αἰῶνα
3118 527 3274 581 ἄλλον
3320 528 3559 581 τοιοῦτον
3600 532 3691 582 ἐπὶ
3720 531 3815 600 τῆς
3852 536 3957 601 γῆς
3982 540 3994 555 '

767 632 927 675 nemo
957 631 1194 685 unquam
1232 614 1374 678 fuit,
1420 616 1512 683 qui
1554 624 1702 667 tanto
1744 614 1953 669 adussit
1982 616 2164 668 dolore
2206 630 2327 666 cor-

768 711 833 763 da
866 717 1048 761 nostra
1075 748 1089 770 ,
1139 716 1343 775 quanto
1386 706 1473 757 hic
1501 706 1745 767 otiosus;
1780 705 1873 773 qui
1920 706 2119 759 domini
2153 707 2233 757 sui
2268 720 2327 757 se

768 802 1012 856 servituti
1057 802 1359 855 subduceris
1382 837 1395 861 ,
1432 800 1655 851 stultum
1689 800 2029 864 simulando,
2065 798 2323 850 mundum

777 890 963 946 tlludit.

840 985 963 1037 193.
1002 982 1175 1051 Atque
1214 984 1327 1034 lucc
1377 980 1453 1033 illi
1499 980 1739 1048 quidem.
1774 979 1963 1031 Mulier
1993 991 2118 1029 vero
2159 976 2211 1029 in
2263 978 2325 1030 il-

766 1074 890 1138 lus,
939 1078 1028 1142 qui
1066 1073 1342 1126 credebant
1378 1072 1645 1124 Andream
1671 1111 1685 1134 ,
1725 1071 1953 1133 intuita,
1994 1070 2329 1123 animadver-

771 1167 913 1218 tebat
942 1165 1137 1226 simul,
1171 1164 1313 1217 istud
1344 1179 1528 1216 eorum
1565 1162 1743 1214 scelus
1775 1177 1804 1214 a
1837 1161 2190 1215 tenebricosis
2224 1162 2328 1213 illis

767 1255 1039 1317 adnotari,
1066 1256 1369 1309 dicentibus
1400 1270 1414 1305 :
1472 1252 1673 1305 Saltem
1711 1253 1886 1306 isthoc
1917 1252 2077 1306 solari
2110 1268 2207 1304 nos
2234 1268 2327 1318 po-

770 1348 1189 1414 testjudicium,
1227 1345 1484 1410 quoniam
1519 1354 1705 1397 contra
1732 1345 1821 1408 jns
1864 1343 2054 1410 fasque
2095 1343 2147 1393 in
2181 1342 2326 1393 illum

768 1437 1087 1490 verberibus
1116 1436 1365 1497 saeviunt,
1393 1438 1674 1487 επξνὶθιιιοε
1703 1449 1827 1486 vero
1861 1449 1967 1487 non
1994 1436 2093 1485 levi
2122 1448 2178 1486 se
2212 1448 2325 1487 sce-

768 1526 880 1579 lere
920 1525 1265 1593 obstringunt
1302 1542 1314 1576 :
1360 1539 1423 1577 ex
1478 1524 1579 1576 hoc
1619 1524 1764 1576 enim
1819 1524 1994 1591 capite
2040 1521 2327 1575 accusandi

769 1617 990 1669 omnino
1029 1630 1058 1667 a
1093 1616 1247 1669 nobis
1275 1623 1402 1667 sunt
1452 1616 1502 1666 in
1537 1615 1667 1666 hora
1706 1614 1894 1665 mortis
1919 1652 1932 1675 ,
1966 1613 2105 1680 quod
2139 1612 2332 1678 injuste

767 1708 999 1760 electum
1048 1705 1139 1759 Dei
1199 1716 1623 1775 percusserunt;
1668 1718 1766 1755 nec
1798 1714 1882 1756 est
1921 1704 2061 1769 quod
2103 1704 2328 1753 salutem

769 1808 1007 1868 sperent.
1058 1798 1298 1851 Audiens
1342 1807 1521 1848 autem
1580 1796 1691 1847 haec
1743 1794 2004 1845 divinitus
2052 1791 2327 1853 Andreas,

2428 614 2597 669 οὐδεὶς
2623 614 2732 683 γάρ
2782 617 3119 669 κατέκαυσεν
3145 618 3301 687 ἡμῶν
3330 619 3427 681 τὰς
3476 620 3724 687 καρδίας,
3751 622 3826 681 ὠς
3862 624 3997 674 ἀκα-

2432 706 2605 776 μάτης
2633 700 2785 768 οὗτος
2813 722 2827 736 ·
2882 709 2956 777 μὴ
2997 707 3315 778 βουλόμενος
3358 711 3465 781 γὰρ
3495 710 3721 780 κάμνειν
3764 714 3833 764 τὰ
3863 712 3999 783 ἔργα

2426 798 2518 848 τοῦ
2574 798 2762 867 κυρίου
2794 798 2986 860 αὑτοῦ,
3044 800 3222 870 μωρὸν
3258 801 3451 853 ἑαυτὸν
3498 805 3996 871 προφασισάμενος,

2428 887 2611 950 παίζει
2636 890 2726 941 τὸν
2762 889 2991 959 κόσμον.

2498 984 2643 1046 ρπγ¹.
2676 979 2863 1033 Ταῦτα
2909 980 3006 1049 μὲν
3064 982 3235 1045 οὕτως
3277 983 3458 1051 ἔλεγον
3479 1000 3492 1013 ·
3526 985 3670 1055 ἐώρα
3699 987 3753 1039 δὲ
3795 986 3827 1053 ἡ
3858 987 3999 1055 γυνὴ

2431 1068 2555 1129 τοὺς
2586 1068 2887 1133 τύπτοντας
2916 1072 3004 1124 τὸν
3033 1072 3269 1137 Δίκαιον,
3317 1078 3398 1128 ὄτι
3427 1076 3775 1143 ὲσημειοῦντο
3805 1080 3855 1131 οἱ
3905 1078 3999 1140 ζου

2433 1159 2625 1226 φώδεις
2674 1163 2891 1226 ἐκεῖνοι,
2944 1164 3036 1214 καὶ
3087 1164 3308 1231 ἑλεγονο
3346 1168 3463 1218 Κᾶν
3507 1165 3662 1216 τοῦτο
3708 1168 3767 1217 τὸ
3823 1169 4000 1236 κρίμα

2429 1250 2639 1320 ἔχωμεν
2668 1252 2746 1313 είς
2794 1255 3167 1321 παραμυθίαν,
3197 1254 3279 1305 ὅτι
3310 1254 3508 1317 ἀδίκως
3538 1256 3695 1308 αὑτὸν
3737 1250 3881 1308 οὗτοι
3914 1258 4000 1307 τό.

2431 1356 2651 1401 πτοντες
2678 1341 2882 1410 ἔχουσιν
2905 1342 3194 1412 ἁμαρτίαν’
3212 1344 3424 1405 πάντως
3448 1346 3552 1415 γὰρ
3578 1348 3769 1405 αὐτοὺς
3792 1347 3894 1414 τῆς
3914 1365 4001 1399 το.

2432 1432 2630 1500 σαύτης
2652 1434 2971 1501 προτάσεως
3005 1435 3436 1503 καταδικάζομεν
3470 1437 3665 1499 αὐτοὺς
3698 1441 3753 1489 ἐν
3781 1442 3847 1507 τῇ
3877 1438 4001 1508 ὥρα

2430 1519 2521 1571 τοῦ
2547 1519 2779 1573 θανάτου
2814 1523 3015 1587 αὐτῶν,
3045 1526 3125 1575 ὅτι
3168 1523 3420 1577 ἐκλεκτὸν
3452 1525 3546 1577 τοῦ
3580 1525 3714 1577 Θεοῦ
3768 1528 4002 1579 ἔτυπτον

2432 1610 2650 1672 ἀδίκως,
2676 1611 2770 1662 καὶ
2801 1612 2901 1663 οὐκ
2959 1612 3074 1664 ἔστι
3110 1615 3357 1683 σωτηρία
3404 1617 3460 1667 ὲν
3487 1616 3714 1676 τούτοις.
3760 1618 4002 1670 ’Δκοὺων

2434 1700 2489 1753 δὲ
2518 1701 2689 1755 ταῦτα
2715 1705 2740 1754 ὁ
2783 1703 3066 1771 Μακάριος
3106 1704 3377 1772 πνεύματι
3409 1706 3557 1776 Θείῳ,
3589 1706 3690 1779 [ἐνὶ
3725 1706 3867 1776 λόγῳ
3902 1710 4003 1769 τὰς

2433 1794 2765 1862 πανουργίας
2791 1795 2969 1847 αὐτῶν
3005 1796 3123 1847 ἔλυε
3186 1795 3333 1868 (95)]
3365 1802 3458 1848 καὶ
3501 1799 3782 1861 ἐδικάζετο
3816 1800 4004 1861 αὺτοῖς

769 1892 935 1944 Verbo
978 1890 1138 1941 unico
1170 1902 1384 1940 omnem
1430 1902 1618 1939 eorum
1664 1884 2080 1937 fraudulentiam
2131 1881 2329 1939 elusit,
2365 1884 2405 1935 Β

2365 1884 2405 1935 Β
2434 1883 2609 1951 λέγων
2632 1900 2645 1912 ·
2672 1887 2787 1937 Οὐκ
2818 1886 2963 1939 ἐστιν
2989 1888 3117 1957 ὑμῖν
3148 1888 3500 1957 σημειοῦσθαι
3530 1890 3724 1941 ταῦτα·
3755 1888 3865 1957 ἐγὼ
3893 1892 4005 1958 γὰρ

767 1991 931 2048 atque
970 1982 1037 2033 ita
1066 1996 1187 2032 cum
1224 1978 1357 2047 ipsis
1388 1977 1749 2047 expostulavit
1784 1992 1795 2026 :
1831 1974 1943 2025 Non
1974 1982 2057 2026 est
2094 1981 2328 2025 vestrum

768 2072 949 2126 isthoc
998 2072 1318 2126 caedentium
1357 2086 1441 2123 me
1476 2071 1677 2122 factum
1712 2066 2015 2129 adnotare;
2063 2080 2161 2133 ego
2188 2063 2329 2118 enim

769 2166 952 2234 rogavi
1005 2165 1287 2216 Dominum
1325 2177 1502 2215 meum
1551 2160 1966 2221 admirabilem,
2012 2166 2070 2209 ut
2114 2171 2180 2209 ne
2230 2164 2336 2208 sta-

770 2267 886 2312 tuat
933 2257 1039 2309 illis
1084 2264 1361 2323 peccatum
1405 2253 1550 2321 quod
1592 2268 1676 2304 me
1722 2252 2041 2312 verberant;
2090 2257 2143 2299 et
2176 2245 2335 2312 igno-

766 2348 945 2403 rantia
985 2362 1173 2400 eorum
1205 2385 1221 2409 ,
1264 2346 1317 2397 in
1358 2360 1515 2413 quem
1572 2343 1797 2395 saeviant
1848 2354 1956 2391 non
2002 2350 2336 2406 cognoscem-

770 2442 943 2504 tium,
991 2440 1169 2491 locum
1224 2436 1391 2488 venia:
1434 2433 1667 2501 reliquit.

846 2532 967 2585 194.
998 2528 1107 2581 llos
1136 2527 1235 2580 viri
1270 2525 1445 2580 sancti
1486 2525 1550 2576 ad
1595 2521 1933 2576 tenebricosa
1963 2517 2229 2573 dmmonia
2258 2516 2338 2569 in-

772 2624 995 2679 stitutos
1027 2633 1311 2673 sermones
1340 2631 1459 2669 cum
1490 2613 1819 2683 percepisset
1843 2611 2094 2679 prmdicla
2121 2608 2335 2665 mulier,

771 2713 999 2769 sublatis
1049 2712 1103 2765 in
1141 2709 1305 2762 altum
1338 2706 1549 2769 oculis,
1618 2702 1790 2756 cernit
1833 2709 2039 2769 portam
2074 2698 2194 2753 caeli
2240 2697 2335 2749 ad-

772 2804 994 2874 aperiri,
1044 2800 1369 2867 turbamque
1393 2797 1518 2850 illac
1561 2793 2057 2863 pulcherrimarum
2091 2788 2340 2842 hirundi-

772 2911 902 2949 num
935 2892 1171 2951 cﬂundi,
1220 2904 1447 2957 quarum
1482 2886 1717 2938 medium
1752 2882 1967 2936 tenebat
2008 2882 2183 2933 locum
2214 2893 2339 2946 pcr-

774 2998 967 3054 magna
1003 2990 1055 3033 et
1102 2980 1222 3032 nive
1257 2977 1538 3031 candidior
1585 2972 1841 3027 columba
1877 2989 1890 3023 :
1934 2985 2052 3039 quae
2087 2984 2209 3021 cum
2259 2967 2340 3019 hi-

771 3073 1097 3130 rundinibus
1150 3071 1216 3123 ad
1266 3070 1481 3123 beatum
1535 3066 1808 3120 Andream
1861 3064 2140 3123 delabens,
2185 3060 2339 3112 olivae

772 3180 980 3219 ramum
1002 3202 1016 3227 ,
1054 3161 1233 3215 aureis
1260 3159 1528 3225 insignem
1564 3155 1789 3208 ﬂoribus
1809 3195 1823 3219 ,
1859 3152 2108 3220 portabat
2135 3165 2258 3212 ore;
2288 3159 2340 3201 et

772 3256 1057 3321 alloquens
1094 3252 1270 3317 ipsum
1308 3261 1459 3299 more
1490 3244 1770 3297 hominum
1807 3257 1822 3294 :
1856 3241 2074 3307 Accipe,
2109 3238 2340 3303 dicebat,

778 3348 921 3399 hunc
960 3345 1091 3396 olea:
1123 3353 1331 3393 ramum
1362 3376 1376 3400 ,
1408 3350 1567 3404 quem
1602 3334 1696 3386 tibi
1726 3332 2068 3399 omnipotens
2103 3327 2261 3380 Pater
2290 3334 2341 3377 et

780 3434 1036 3487 Dominus
1067 3428 1303 3483 Sabaoth
1337 3427 1609 3495 specimen
1644 3421 1878 3492 paradisi
1904 3420 1988 3474 sui
2022 3418 2204 3480 mittil,
2234 3430 2339 3469 non

778 3525 882 3578 alia
931 3522 997 3576 de
1032 3535 1196 3575 causa
1219 3560 1234 3584 ,
1278 3533 1439 3585 quam
1469 3516 1614 3584 quod
1649 3514 1958 3567 misericors
1989 3517 2043 3564 et
2079 3506 2342 3572 benignus

779 3617 877 3679 sis,
906 3611 1361 3682 quemadmodum
1391 3618 1443 3661 et
1495 3608 1608 3675 ipse
1642 3616 1766 3658 est:
1803 3618 1929 3657 ecce
1974 3602 2136 3669 igitur
2174 3599 2342 3665 magis

782 3712 1062 3774 niaglsque
1098 3704 1148 3755 in
1190 3701 1303 3754 dies
1337 3710 1386 3753 Ie
1428 3696 1746 3769 gloriﬁcabit
1788 3693 2070 3755 Dominus,
2119 3699 2173 3743 et
2200 3690 2347 3742 exal-

779 3801 979 3855 tabitur
1011 3810 1205 3850 nomen
1235 3793 1351 3858 ejus
1379 3801 1627 3845 sanctum
1672 3790 1727 3841 in
1772 3796 1822 3840 te
1848 3826 1862 3849 ,
1894 3786 2018 3853 quia
2056 3780 2342 3852 iudicasti,

781 3889 916 3942 nulli
962 3888 1083 3939 illos
1133 3895 1354 3953 peccato
1393 3881 1659 3934 obnoxios
1684 3892 1839 3941 esse,
1885 3875 1978 3943 qui
2013 3874 2346 3927 verberando

780 3978 1019 4048 quotidie
1049 3977 1114 4031 de
1146 3986 1195 4031 te
1226 3976 1461 4044 pessime
1491 3978 1784 4024 merentur.
1816 3966 1909 4019 llis
1940 3966 2099 4019 dictis
2124 3964 2347 4015 Andrcre

780 4071 944 4140 capiti
978 4068 1175 4121 insedit
1204 4066 1475 4128 columba,
1518 4073 1627 4117 tota
1660 4062 1842 4115 colore
1868 4068 2124 4126 argenteo
2155 4057 2344 4119 nitida,

783 4172 1008 4229 excepto
1038 4160 1225 4222 dorso,
1259 4156 1398 4225 quod
1430 4154 1549 4208 auri
1580 4153 1788 4219 fulgore
1819 4150 2175 4211 coruscabat;
2207 4149 2346 4201 oculi

784 4269 911 4306 vero
956 4262 1012 4305 ut
1045 4266 1268 4320 gemmae
1300 4248 1547 4317 pretiosa:
1590 4243 1919 4307 rutilabant;
1966 4240 2130 4311 pedes
2171 4241 2351 4293 colore

787 4358 1060 4412 purpureo
1092 4344 1243 4393 thcti
1290 4348 1472 4401 erant;
1504 4342 1667 4403 caput
1698 4346 1858 4386 cruce
1883 4330 2045 4383 ﬂorea
2090 4329 2347 4396 insignie-

791 4435 981 4498 batur;
1039 4433 1090 4484 in
1152 4430 1384 4483 circuitu
1440 4429 1677 4493 denique
1727 4422 2048 4477 hirundines
2103 4422 2350 4475 modula-

789 4526 985 4579 bantur
1021 4532 1285 4577 concentu
1319 4518 1491 4571 vario.

865 4615 989 4668 195.
1021 4612 1118 4666 llic
1159 4611 1436 4665 enimvero
1476 4604 1754 4674 obstupuit
1783 4604 2129 4657 vehementer
2162 4600 2353 4653 devota

794 4708 883 4760 illa
933 4705 1147 4769 mulier,
1197 4702 1524 4766 tandemque
1562 4713 1589 4749 a
1638 4696 1945 4764 spectaculo
1974 4693 2076 4747 sibi
2112 4691 2353 4757 reddita,

795 4799 928 4854 nihil
958 4811 1145 4851 eorum
1174 4808 1293 4862 qua:
1325 4792 1534 4845 viderat
1576 4788 1750 4858 potuit
1798 4800 2053 4841 enarrare
2080 4784 2199 4837 aliis
2222 4822 2237 4847 ,
2273 4796 2359 4835 se-

797 4905 1027 4960 cumque
1068 4888 1137 4940 ita
1171 4882 1512 4939 solummodo
1556 4879 1879 4948 loquebatur
1911 4896 1926 4933 :
1961 4876 2102 4930 Deus
2133 4876 2359 4927 immor-

800 4982 919 5037 talis
942 5019 957 5043 ,
991 4989 1122 5049 quot
1154 4978 1368 5031 bonitas
1405 4986 1495 5027 tua
1536 4974 1590 5026 in
1623 4973 1780 5025 terris
1810 4968 2133 5032 luminaria,
2181 4966 2358 5019 homi-

799 5089 918 5138 nes,
956 5074 1200 5140 inquam,
1239 5066 1523 5120 sanctitate
1559 5062 1909 5131 conspicuos,
1943 5061 2138 5121 habet,
2169 5070 2360 5127 quam-

797 5168 880 5219 vis
922 5162 1121 5234 passim
1172 5157 1338 5228 ignoti
1379 5155 1617 5209 lateantl
1661 5152 1727 5206 Et
1778 5159 1971 5205 conata
2014 5150 2211 5217 Sit-pius
2247 5146 2360 5199 visa

798 5272 897 5314 sna
941 5253 1343 5308 communicare
1394 5263 1517 5301 cum
1562 5246 1720 5310 aliis,
1766 5258 2033 5312 exponere
2079 5239 2358 5309 nequivit,

800 5358 997 5402 vrtute
1024 5347 1255 5413 quadam
1298 5341 1511 5393 occulta
1554 5336 1879 5406 prohibente
1913 5372 1927 5396 ,
1972 5341 2027 5385 et
2056 5329 2365 5399 trepidatio-

800 5456 922 5493 nem
957 5436 1271 5505 injiciente:
1304 5432 1449 5486 unde
1480 5430 1754 5495 deinceps,
1784 5424 1971 5480 volens
2003 5424 2212 5486 nolens,
2252 5435 2361 5473 rem

804 5532 1162 5586 admiratione
1207 5525 1585 5594 dignissimam
1633 5518 1907 5574 involvere
1959 5515 2173 5571 silentio
2210 5527 2363 5567 com-

877 5726 987 5795 (95)
1028 5724 1127 5779 Ms.
1175 5722 1383 5795 ⁸ναῖε..
1444 5720 1838 5795 ξλυενῂαὐτῶν
1888 5718 1955 5774 τὰ
2005 5717 2365 5790 σημειώματα

804 5790 1027 5863 δυνάμει
1064 5793 1198 5849 Θεοῦ
1234 5794 1470 5863 κραταιᾷ
1502 5790 1822 5863 φερόμενος.

2435 1976 2788 2047 παρεκάλεσα
2819 1977 2895 2048 τῷ
2946 1978 3163 2048 φοϐερῷ
3202 1980 3444 2050 Δεσπότῃ
3503 1996 3603 2048 μου
3634 1981 3708 2048 μὴ
3750 1982 4004 2045 ἡγεῖσθαι

2436 2070 2617 2132 αὐτοῖς
2669 2072 2748 2133 είς
2797 2071 3072 2140 ἁμαρτίαν
3119 2070 3307 2124 τούτου
3360 2073 3521 2124 ἕνεκα
3574 2072 3712 2141 ὑπὲρ
3758 2072 3877 2123 ὅσον
3938 2091 4005 2139 με

2433 2161 2750 2226 τύπτουσιν,
2783 2162 2876 2214 καὶ
2908 2162 2940 2231 ή
2969 2160 3160 2228 άγνοια
3203 2163 3364 2215 τόπον
3396 2162 3572 2225 αὐτοῖς
3606 2162 3896 2230 ἀπολογίας
3927 2162 4008 2214 δί-

2433 2251 2591 2304 δωσιν

2511 2532 2644 2597 {.Lﬁ'.
2691 2531 2774 2594 Ὠς
2827 2530 2922 2585 οὖν
2964 2533 3135 2586 ταῦτα
3190 2535 3419 2603 ἤκουσεν
3467 2535 3501 2604 ή
3538 2533 3673 2603 γυνὴ
3712 2534 4009 2602 ὁμιλοῦντα

2440 2622 2576 2687 μετα
2615 2623 2723 2682 τοῖς
2758 2625 3050 2682 σκοτεινοῖς
3081 2623 3332 2687 ἐκείνοις,
3359 2624 3462 2691 ὁρᾷ
3488 2626 3566 2684 εἰς
3592 2624 3745 2691 ὕψος,
3778 2628 3867 2676 καὶ
3900 2626 4008 2677 ἰδοῦ

2436 2714 2621 2780 ὥσπερ
2658 2713 2800 2782 mihi
2850 2715 3126 2781 ἀνεῳγυῖα
3168 2713 3261 2764 τοῦ
3317 2711 3569 2782 οὐρανοῦ,
3605 2714 3697 2765 καὶ
3734 2715 3792 2777 ἐξ
3838 2718 4012 2777 atri;

2439 2802 2595 2868 ἐξιὼν
2625 2803 2829 2868 πλῆθος
2876 2804 3160 2872 χελιδόνων
3210 2803 3479 2872 τερπνῶν,
3525 2803 3692 2870 μέσον
3734 2805 3789 2856 δὲ
3825 2807 4010 2857 αὲτιῖιῑι

2440 2893 2734 2962 περιστερᾶ
2762 2892 2834 2951 ὡς
2862 2893 3012 2961 χιὼν,
3051 2893 3257 2960 μεγάλη
3292 2893 3517 2961 σφόδρα,
3548 2894 3640 2944 καὶ
3673 2895 3866 2963 κατῄει
3896 2894 4009 2960 ἅμα

2436 2986 2553 3044 ταῖς
2609 2983 2871 3050 χελιδόσιν
2926 2982 3019 3033 ἐπὶ
3071 2986 3160 3034 τὸν
3214 2982 3523 3051 Μακάριον,
3566 2985 3775 3051 κάρφος
3826 2985 4011 3046 ἐλαίας

2439 3074 2664 3143 χρυσίου
2702 3073 2910 3125 στίλϐον
2957 3072 3299 3142 βαστάζουσα
3338 3076 3395 3124 ὲν
3439 3073 3515 3141 τῷ
3556 3075 3779 3141 στόματι
3817 3076 4007 3142 αὐτῆς,

2364 3204 2409 3265 C
2440 3166 2533 3217 καὶ
2565 3165 2916 3235 ἀνθρωπίνως
2962 3165 3318 3233 διαλεγομένη
3350 3164 3425 3231 τῷ
3459 3165 3733 3234 Μακαρίῳ
3778 3166 3876 3217 καὶ
3926 3167 4011 3217 λέ-

2443 3273 2613 3323 γουσα
2634 3262 2647 3273 ⁹
2681 3256 2838 3320 Δέξαι
2888 3256 3044 3307 τοῦτο
3072 3256 3130 3307 τὸ
3176 3260 3408 3324 κάρφος,
3440 3257 3521 3307 ὅτι
3555 3260 3581 3309 ὁ
3612 3259 4015 3327 παντοκράτωρ

2445 3346 2630 3414 Πατὴρ
2678 3349 2770 3398 καὶ
2808 3345 3006 3414 Κύριος
3043 3344 3265 3397 Σαϐαώο
3302 3365 3382 3398 σοι
3433 3350 3498 3398 ἐκ
3546 3347 3639 3399 τοῦ
3678 3348 4019 3417 παραδείσου

2442 3436 2727 3490 ἀπέστειλε
2756 3435 3063 3507 γνώρισμα,
3096 3436 3183 3487 διὰ
3205 3438 3263 3486 τὸ
3296 3431 3436 3488 εἷναί
3467 3454 3524 3488 σε
3555 3436 3881 3505 οἰκτίρμονα
3926 3439 4021 3487 καὶ

2445 3528 2844 3594 φιλάνθρωπον,
2892 3526 2951 3577 ὃν
2999 3527 3197 3595 τρόπον
3252 3525 3553 3594 οίκτίρμων
3614 3528 3704 3577 καὶ
3766 3528 4021 3592 ἐλεήμων

2445 3617 2651 3674 ἐκεῖνος
2698 3615 3073 3680 καθέστηκενο
3118 3614 3226 3665 ἰδοὺ
3269 3618 3378 3683 γὰρ
3418 3616 3631 3677 δοξάσει
3666 3632 3723 3666 σε
3756 3616 3785 3666 ὁ
3815 3616 4022 3684 Κύριος

2445 3706 2523 3758 ἔτι
2555 3707 2647 3757 καὶ
2678 3704 2780 3769 ἔτι,
2820 3706 2912 3757 καὶ
2951 3705 3301 3774 ὑψωθήσεται
3337 3706 3397 3756 τὸ
3444 3706 3613 3774 ὄνομα
3644 3708 3703 3757 τὸ
3739 3706 3897 3772 ἆγιον
3927 3706 4023 3757 αὖ-

2444 3797 2537 3849 τοῧ
2573 3798 2663 3847 ἐπὶ
2700 3797 2807 3859 σοὶ,
2832 3794 2946 3848 ἀνθ’
2978 3790 3052 3848 ὧν
3082 3797 3144 3848 σὺ
3180 3796 3401 3865 ἔκρινας
3430 3796 3525 3848 τοῦ
3556 3797 3630 3865 μὴ
3656 3796 3802 3864 ἔχειν
3843 3799 4020 3865 ἁμαρ-

2446 3889 2567 3939 τίαν
2600 3887 2725 3948 τοὺς
2750 3884 3096 3953 καθεκάστην
3128 3903 3185 3937 σε
3208 3887 3531 3948 τύπτοντας.
3556 3888 3740 3937 Ταῦτα
3764 3888 4025 3956 είρτικυῐα

2447 3978 2714 4047 ἐκαθέσθη
2753 3977 2846 4029 ἐπὶ
2894 3977 2991 4046 τὴν
3036 3976 3277 4047 κεφαλὴν
3322 3977 3509 4041 αὑτοῦ,
3545 3978 3637 4029 καὶ
3667 3972 3735 4047 ἦν
3782 3980 3877 4046 ὅλη
3925 3997 4025 4030 πε-

2451 4069 2901 4140 ριηργυρωμένη,
2945 4068 3035 4120 καὶ
3066 4069 3133 4121 τά
3162 4069 3474 4137 μετάφρενα
3520 4068 3692 4136 αὐτῆς
3732 4071 3790 4120 ἐν
3821 4070 4027 4137 χλωρό-

2450 4178 2571 4228 τητι
2608 4161 2831 4228 χρυσίου
2852 4175 2865 4190 ·
2904 4161 2953 4210 οἱ
2991 4159 3045 4211 δὲ
3074 4160 3339 4227 ὀφθαλμοὶ
3372 4159 3541 4227 αὐτῆς
3574 4160 3647 4220 ὡς
3680 4164 4026 4228 μαργαρῖται

2451 4253 2659 4318 τίμιοι·
2689 4251 2736 4301 οἱ
2785 4249 2841 4301 δὲ
2886 4250 3043 4311 πόδες
3090 4250 3259 4317 αὐτῆς
3293 4250 3537 4318 ὑπῆρχον
3588 4249 3735 4318 βασῇ
3768 4251 4028 4321 βασιλικῇ

2454 4341 2808 4411 βεδαμμένοι,
2838 4340 2932 4392 καὶ
2967 4340 3200 4408 σταυρὸν
3226 4340 3333 4393 ἀπὸ
3358 4341 3566 4392 ἀνθέων
3595 4344 3686 4392 ἐπὶ
3727 4342 3828 4409 τὴν
3860 4360 4026 4407 κεφα-

2452 4432 2547 4498 λὴν
2580 4430 2774 4496 αὐτῆς·
2814 4432 2905 4481 καὶ
2934 4424 3000 4497 ἦν
3046 4430 3229 4498 κύκλῳ
3259 4430 3427 4498 αὐτῆς
3475 4430 3639 4492 πολὺς
3684 4430 3791 4481 τῶν
3825 4433 4005 4499 χελιδὸ

2384 4536 2428 4590 ι)
2457 4538 2561 4573 νων
2599 4519 2945 4587 κελαδίσμός.

2532 4616 2663 4681 ριιεκ
2697 4610 2884 4663 Ταῦτα
2933 4611 3116 4681 ὁρῶσα
3156 4612 3186 4679 ἡ
3245 4610 3380 4679 γυνὴ
3415 4610 3595 4679 ἐκείνη
3651 4613 3683 4679 ἠ
3744 4612 4030 4681 θεοσεϐὴς,

2456 4703 2819 4773 ἐξεπλήσσετο
2850 4703 3053 4769 σφόδρα
3076 4716 3089 4731 ⁸
3124 4703 3179 4752 ὲν
3214 4703 3383 4771 ἑαυτῇ
3411 4702 3465 4753 δὲ
3495 4702 3761 4770 γενομένη
3792 4703 3902 4753 ἀπὸ
3931 4704 4031 4769 τῆς

2458 4795 2582 4855 Θέας
2618 4793 2851 4863 ἐκείνης,
2908 4792 3093 4843 οὐκέτι
3124 4792 3363 4861 ἠδυνήθη
3402 4795 3577 4844 εἰπεῖν
3609 4810 3739 4853 τινι,
3784 4794 3947 4861 μόνον
3974 4795 4029 4844 δὲ

2458 4884 2580 4938 καθ’
2610 4884 2809 4954 ἑαυτὴν
2852 4883 3008 4950 ἔλεγε
3042 4882 3185 4952 (94)·
3224 4881 3417 4946 Βαὸαὶ,
3449 4884 3545 4952 τῆς
3589 4884 3679 4933 τοῦ
3725 4882 3861 4933 Θεοῦ
3893 4886 4032 4949 ἀταο

2460 4977 2706 5045 Οότητος,
2747 4975 2894 5037 οἴους
2931 4975 3222 5043 φωστῆρας
3273 4974 3384 5043 εχει
3430 4977 3523 5025 ἐπὶ
3552 4974 3677 5044 γῆς,
3727 4976 3821 5025 καὶ
3853 4976 4032 5037 οὐδεὶς

2460 5071 2658 5132 αὐτοὺς
2696 5068 3024 5120 ὲπίσταταιί
3066 5067 3331 5131 Πολλάκις
3363 5062 3455 5119 οὖν
3494 5066 3769 5135 ἠϐουλήθη
3804 5068 3873 5118 τα
3898 5070 4034 5134 ὁρα-

2462 5160 2622 5214 eam
2677 5162 2815 5229 αὐτῇ
2866 5176 2975 5211 τισι
3006 5158 3393 5228 διηγήσασθαι,
3424 5158 3519 5209 καὶ
3569 5159 3915 5227 παραχρῆμά
3951 5174 4035 5226 τις

2461 5255 2691 5321 δύναμις
2722 5253 2959 5303 ἐκώλυεν
2988 5252 3178 5315 αὐτὴν,
3209 5253 3288 5311 εἰς
3317 5250 3518 5319 τρόμον
3546 5250 3779 5314 ἄγουσα,
3814 5252 3910 5301 καὶ
3932 5250 4026 5299 λοι-

2466 5346 2567 5396 πον
2609 5346 2813 5396 ἑκοῦσα
2851 5346 2946 5395 καὶ
2980 5342 3187 5395 ἄκουσα
3208 5342 3270 5394 τὸ
3300 5341 3483 5409 Θαῦμα
3506 5339 3838 5407 ἀπὲκρυὸεν.
3869 5339 4035 5391 Ὀθεε.

2466 5438 2524 5487 ὲν
2558 5436 2656 5503 μιᾷ
2709 5435 2945 5502 συναντᾷ
2998 5434 3136 5501 αὐτῇ
3185 5434 3214 5485 ὁ
3266 5432 3479 5493 Δίκαιος
3525 5432 3617 5483 καὶ
3654 5431 3802 5496 λέγει
3853 5431 4035 5498 αὐτῇ·

2466 5527 2706 5579 Ψύλαττέ
2752 5541 2855 5595 μου
2901 5524 2961 5575 τὸ
2997 5525 3298 5593 μυστήριον
3331 5526 3386 5575 ὲν
3422 5524 3498 5589 τῷ
3550 5522 3709 5582 τέως,
3752 5520 4037 5590 Βαρϐάρα,

2546 5724 2654 5793 (91)
2682 5721 2882 5781 lbidcm
2911 5722 2989 5777 sic
3012 5719 3205 5790 legitur
3231 5736 3245 5774 :
3273 5718 3367 5772 καὶ
3402 5715 3815 5788 ἐκπληττομένη
3836 5715 4016 5785 ἔλεγε.
