4202 6434
218 471 319 534 841

1373 468 1546 529 νιΤΑ
1589 470 1646 525 ὃ.
1684 467 2011 525 ,ΑΝἯΒΕΛΞ
2052 468 2241 525 SAM.

3335 470 3442 531 812

219 584 385 638 τοῦτο
415 583 523 653 γὰρ
569 581 736 650 δνομα
789 583 953 649 αὐτῇ,
1001 579 1095 632 καὶ
1134 579 1325 649 μηδενὶ
1364 576 1495 628 αὐτὸ
1539 577 1785 645 ἐξείπῃς,
1813 580 1858 638 Α

1783 580 1858 638 ,Α
1889 581 2039 646 pulsa
2105 579 2227 632 fuit.
2280 579 2414 632 Cum
2470 589 2647 633 autem
2706 579 2779 631 illi
2830 581 2911 631 vir
2960 589 3183 633 sanctus
3232 581 3442 632 obviam

220 677 331 737 ἕως
354 676 419 728 οῦ
448 673 879 741 διελεύσομαιτὲν
907 676 1057 741 τόπῳ
1094 670 1299 739 σκηνῆς
1322 668 1644 738 θαυμαστῆς
1684 669 1787 729 ἓως

220 766 321 819 τοῦ
349 766 499 817 οἴκου
548 764 643 816 τοῦ
690 762 847 816 Θεοῦ.
898 764 961 815 Ἥ
987 764 1041 815 δὲ
1077 760 1214 829 πρὸς
1248 760 1407 813 αὑτὸν
1456 755 1607 811 εἶπεν
1632 772 1646 786 ⁸
1677 758 1789 808 Κα-

221 856 340 916 κῶς
370 855 432 905 ού
462 853 602 907 θέλω
629 871 645 885 ο
676 856 725 906 εί
765 853 821 907 δὲ
854 853 945 907 καὶ
1006 851 1216 919 θελήσω
1248 852 1352 903 τινὶ
1403 846 1791 918 διηγήσασθαι,

220 948 285 999 ού
318 944 575 1015 δύναμαι,
600 946 749 1014 τίμιε
790 936 1013 1014 φωστὴρ
1046 944 1140 995 καὶ
1172 942 1394 995 ἑκλεκτὲ
1423 940 1624 1008 Κυρίου
1656 955 1790 991 παν-

221 1035 510 1105 θαύμαστε
532 1050 549 1066 ⁶
583 1036 861 1103 κωλύομαι
896 1035 1003 1102 γὰρ
1034 1034 1250 1102 ἀοράτῳ
1277 1032 1529 1098 δυνάμει,
1555 1031 1648 1081 καὶ
1676 1031 1787 1082 εἱσ-

223 1126 451 1195 ἐρχεται
507 1128 707 1195 τρόμος
758 1128 837 1189 εἰς
900 1127 968 1178 τὰ
1021 1120 1168 1180 ὀστῖ
1194 1144 1321 1194 μου,
1372 1123 1468 1175 καὶ
1517 1123 1571 1175 ἐν
1604 1124 1727 1191 ἐμοὶ
1757 1123 1790 1190 ὴ

225 1216 386 1284 ἰσχύς
422 1235 527 1287 μου
557 1219 909 1288 ταράττεται.

1892 672 2067 724 factus
2094 678 2239 723 esset
2271 671 2560 737 aliquando
2597 688 2610 722 :
2647 670 2790 724 Cave
2829 672 2942 732 sis,
2985 671 3094 733 ait,
3132 685 3163 722 ο
3214 671 3443 723 ltarbara

1895 760 1984 827 (id
2014 758 2157 810 eniut
2196 758 2405 811 mulieri
2447 773 2639 811 nomen
2673 761 2847 828 erat),
2893 775 2959 812 ne
2996 761 3082 812 cui
3116 774 3238 827 qua:
3270 761 3446 812 vidisti

1889 849 2149 919 mysteria
2188 850 2412 909 reveles.
2446 849 2619 902 dnnec
2655 864 2948 917 pervenero
2984 850 3036 903 in
3072 851 3246 903 locum
3278 853 3451 903 taber-

1896 939 2073 993 naculi
2132 939 2468 992 admirabilis
2503 977 2518 998 ι
2574 955 2745 1006 usque
2789 941 2854 993 ad
2903 943 3123 994 dotnum
3176 940 3290 993 Dei.
3350 941 3449 996 Cui

1896 1030 2135 1084 vicissim
2166 1029 2401 1081 Barbara
2440 1045 2454 1081 :
2497 1028 2636 1082 Malo
2669 1046 2786 1083 meo
2811 1034 2998 1086 edocta
3028 1041 3297 1086 secretum
3338 1048 3455 1086 ser-

1899 1136 2001 1181 vn,
2041 1124 2121 1173 vir
2165 1121 2490 1182 veneramle,
2543 1121 2649 1174 Deo
2687 1122 2887 1183 electe.
2933 1134 2987 1176 et
3024 1140 3188 1192 supra
3234 1123 3455 1177 modum

1900 1212 2282 1265 admirabilis:
2319 1213 2462 1281 quod
2508 1215 2554 1267 si
2607 1214 2767 1267 etiam
2817 1214 2984 1267 lilridn
3027 1216 3096 1267 sit
3136 1216 3412 1268 re'velandi
3440 1257 3454 1275 ,

229 1309 468 1377 facultas
513 1324 618 1362 non
649 1309 834 1375 adest;
873 1310 1160 1380 prohibeor
1184 1307 1328 1362 enim
1361 1309 1408 1360 vi
1476 1308 1708 1376 quadam
1747 1305 2027 1368 invisibili,
2084 1316 2316 1359 tremore
2372 1307 2602 1374 quodam
2663 1308 2849 1359 iutinta
2878 1322 2999 1361 ossa
3027 1321 3143 1361 mea
3166 1310 3455 1367 subeunte,

220 1402 545 1469 viribusque
572 1401 819 1470 corporis
854 1399 1251 1456 deﬁcientibua

1616 1515 1843 1569 CAPUT
1880 1514 2060 1568 XXIV.

224 1632 556 1704 Epiphanius
587 1652 620 1688 a
678 1635 963 1689 terttntione
998 1635 1169 1689 carnis
1220 1633 1471 1688 liberatus
1501 1652 1519 1687 :
1558 1636 1668 1688 visa
1711 1635 1935 1699 Deiparn
1984 1646 2255 1703 protegens
2306 1635 2601 1703 populum:
2652 1638 2845 1702 impuri
2893 1637 3119 1693 hominis
3170 1640 3460 1708 hypocrisis

1727 1717 1940 1759 retecta.
2214 1728 2219 1732 ’

298 1820 453 1893 ρος-Ἄ
485 1821 708 1882 Τούτοις
738 1825 849 1884 τοῖς
879 1820 1189 1891 τεραστίοις
1208 1818 1304 1872 τοῦ
1336 1819 1635 1888 θαυμασίου
1671 1822 1791 1872 ’Δν-
1820 1826 1864 1881 Β

221 1915 385 1981 ὁρίου
432 1911 865 1979 δ·.αττρέποντος,
931 1909 1132 1979 συνὲὀη
1194 1911 1500 1979 Ἐπιφανίῳ
1564 1910 1797 1978 πόλεμος

225 2001 465 2069 χαλεπὸς
507 2001 606 2069 τῆς
651 2002 905 2071 πορνείας
926 2014 941 2029 ⁸
969 2000 1241 2072 φθονήσας
1272 2002 1378 2069 γάρ
1429 2001 1582 2070 αὑτῷ
1613 2001 1641 2053 ὁ
1674 2002 1797 2053 ἐπι-

226 2094 538 2162 κατάρατος
594 2092 864 2154 Σατανᾶς,
915 2093 1314 2163 ἑκατόνταρχον
1367 2091 1597 2162 δαίμονα
1657 2093 1789 2144 ἀπέ-

225 2184 442 2237 στειλεν
487 2181 658 2252 αὐτῷ,
708 2184 857 2246 ὅπως
899 2187 968 2254 τῇ
1006 2184 1149 2255 λύπῃ
1179 2183 1438 2253 ἀφανίσῃ,
1504 2183 1594 2235 καὶ
1626 2181 1797 2252 ἐξάρῃ

224 2280 290 2331 ἐπὶ
348 2275 453 2346 γῆς
485 2275 543 2327 τὸ
597 2275 948 2344 μνημόσυνον
995 2276 1185 2328 αὐτοῦ.
1226 2277 1285 2326 'U
1335 2270 1429 2326 οὖν
1472 2274 1793 2338 Ἐπιφάνιος

224 2371 371 2439 ἄγαν
426 2366 719 2438 διδαχθεὶς,
747 2364 929 2432 ἀηδῶς
978 2359 1121 2432 εἶχε,
1164 2362 1377 2432 πικρῶς
1427 2362 1803 2431 συνεχόμενος,

226 2463 323 2513 καὶ
352 2464 405 2513 τί
434 2462 633 2529 δρᾶσαι
662 2459 739 2528 μὴ
769 2458 932 2529 ἔχων,
983 2456 1071 2509 διὰ
1107 2456 1167 2508 τὸ
1207 2456 1329 2509 λίαν
1356 2455 1605 2507 ἐπελθεῖν
1654 2453 1802 2522 αύτῴ

225 2554 326 2603 καὶ
369 2551 786 2620 συνταράσσειν,
820 2548 1192 2617 ἀναζητήσας,
1223 2542 1351 2617 εὗρε
1400 2548 1490 2599 τὸν
1528 2548 1802 2615 μακάριον

240 2644 502 2712 Ἀνδρέαν
530 2660 546 2675 ο
594 2644 688 2695 καὶ
718 2642 935 2695 ἅπαντα
963 2638 1112 2708 αύτῷ
1155 2638 1515 2706 ἀναθέμενος,
1558 2638 1805 2707 παρεκά-

225 2738 311 2787 λει
347 2735 736 2802 ἀπαλλαγῆναι
770 2734 870 2799 τῆς
900 2732 1106 2801 πικρᾶς
1140 2730 1452 2800 τυραννίδος
1479 2728 1576 2782 τοῦ
1620 2729 1804 2781 διαῦό-

228 2829 347 2891 λου,
400 2827 495 2880 καὶ
528 2825 604 2896 μὴ
637 2824 921 2886 παντελῶς
963 2823 1345 2892 παροραθῆναι
1385 2822 1479 2875 τοῦ
1518 2820 1593 2890 μὴ
1628 2820 1805 2873 εἰσελ-

230 2920 348 2972 θεῖν
418 2920 499 2981 είς
551 2917 904 2987 πειρασμόν·
962 2915 1154 2976 δεινῶς
1201 2915 1310 2983 γὰρ
1354 2912 1509 2981 ἔλεγε
1574 2914 1806 2983 πάσχειν

229 3012 341 3063 άπὸ
372 3008 473 3076 τῆς
498 3007 593 3060 τοῦ
625 3007 880 3078 δαίμονος
905 3004 1239 3076 προσσολῆς.

1965 1820 2089 1875 196.
2136 1821 2269 1873 Dum
2312 1822 2511 1875 talibus
2562 1822 2792 1889 aliisque
2824 1822 3088 1893 prodigiis
3125 1810 3463 1877 admirabilis

1900 1910 2127 1965 Andreae
2168 1911 2340 1963 virtus
2394 1911 2564 1980 magis
2605 1912 2658 1963 in
2712 1912 2828 1965 dies
2880 1913 3249 1981 Splendescit,
3301 1928 3464 1982 grave

1904 2001 2103 2055 bellum
2150 2001 2449 2070 Epiphanio
2496 2012 2701 2056 motum
2750 2002 2851 2057 iuit
2877 2003 2945 2056 ab
2983 2004 3364 2073 intemperanti
3408 2005 3465 2058 li-

1903 2094 2105 2148 bidine.
2144 2093 2461 2149 Illaledictus
2508 2109 2743 2164 namque
2787 2095 3054 2159 Satanas,
3099 2095 3316 2150 invidia:
3363 2098 3465 2149 sti-

1902 2186 2063 2238 tuulis
2108 2196 2297 2248 actus,
2348 2185 2637 2252 quemdam
2677 2200 2707 2239 e
2747 2185 3090 2239 daemonibus
3123 2186 3238 2239 suis
3271 2197 3465 2241 centu-

1904 2276 2111 2329 riouem
2147 2277 2407 2330 adversus
2446 2275 2843 2330 adolescentem
2879 2278 3142 2339 immittit.
3173 2286 3232 2331 ut
3267 2278 3465 2333 immo-

1899 2368 2021 2423 dica
2054 2371 2175 2437 ejus
2208 2368 2447 2421 animum
2496 2368 2719 2421 tristitia
2770 2367 2927 2421 laedat
2961 2369 3389 2438 memoriamque
3436 2386 3466 2424 e

1900 2460 2060 2513 terris
2095 2458 2327 2514 auferat.
2368 2459 2542 2526 Hujus
2573 2459 2736 2527 igitur
2761 2471 3021 2530 expertus
3049 2461 3304 2529 impetum
3341 2460 3468 2530 Epi.

1900 2552 2173 2627 plranius,
2218 2551 2476 2605 mmstitia
2507 2562 2560 2604 et
2606 2552 2771 2605 animi
2809 2553 3168 2607 amaritudine
3210 2552 3463 2607 conﬁcie-

1908 2650 2101 2707 batur;
2138 2657 2371 2712 eumqne
2399 2642 2533 2696 nihil
2562 2656 2748 2697 contra
2781 2644 2985 2698 validas
3017 2644 3220 2698 inimici
3244 2660 3466 2713 aggres-

1907 2734 2090 2788 sioues
2120 2744 2172 2786 et
2204 2734 2643 2788 terriculamenta
2681 2734 2903 2788 traheret
2944 2734 3216 2803 prmsidii,
3267 2734 3468 2803 reperit

1910 2824 2156 2887 tandem,
2215 2834 2501 2893 postquam
2553 2825 2644 2877 diu
2695 2826 3013 2893 quiesisset,
3052 2826 3110 2877 Β.
3157 2824 3467 2891 Andream;

1908 2929 2069 2982 quem
2115 2926 2204 2977 ct,
2241 2926 2428 2982 aperto
2464 2915 2615 2982 prius
2655 2915 2851 2969 animae
2882 2917 3052 2971 totius
3090 2924 3234 2969 statu
3259 2954 3274 2977 ,
3311 2929 3466 2983 Opem

1910 3001 2149 3072 ﬂagitat;
2192 3004 2442 3058 videlicet
2482 3013 2540 3057 ut
2567 3006 2758 3059 acerba
2786 3006 3050 3059 diemouis
3080 3006 3368 3076 tyrannide
3401 3004 3467 3058 li-

232 3102 496 3164 beratus.
544 3117 649 3155 non
686 3103 1064 3157 succumberet
1098 3098 1415 3163 tentationi;
1458 3112 1592 3152 neve
1625 3096 1926 3166 despiceret
1993 3110 2052 3150 se
2082 3106 2416 3165 precantem,
2468 3107 2521 3152 et
2585 3098 2939 3168 gravissimos
3003 3101 3205 3155 diaboli
3236 3102 3468 3157 insultus

235 3196 624 3251 Sustinentem.

311 3286 453 3353 ριιζν.
489 3286 551 3336 '0
577 3285 634 3337 δὲ
677 3282 985 3350 Μακάριος,
1012 3282 1181 3342 ὅντως
1226 3282 1284 3331 ἐν
1331 3279 1559 3350 ἀληθείᾳ
1591 3280 1719 3345 ἡδύς
1746 3296 1805 3331 τε
1833 3287 1875 3342 c

235 3380 329 3430 καὶ
356 3374 832 3444 συμπαθέστατος,
878 3372 1157 3439 οἰκτείρας
1204 3369 1387 3433 αὑτὸν,
1416 3369 1490 3430 ὡς
1540 3368 1633 3421 ἅτε
1670 3370 1804 3433 γνή-

236 3489 354 3523 σιον
384 3473 597 3529 τέκνον,
632 3466 783 3534 λέγει
812 3466 950 3535 πρὸς
980 3464 1145 3516 αὐτόν
1173 3479 1187 3491 ·
1215 3464 1419 3515 Τέκνον
1446 3462 1804 3528 γλυκύτατον,

226 3564 471 3631 ἷπαρσις
519 3561 653 3628 ἡμῖν
692 3558 930 3623 ἐγένετο,
978 3556 1073 3608 καὶ
1100 3554 1185 3607 διὰ
1224 3552 1378 3605 τοῦτο
1410 3553 1651 3621 ἀπελύθη
1688 3553 1808 3605 καθ’

236 3652 395 3720 ἡμῶν
425 3651 453 3701 ὁ
474 3649 710 3716 δράκων,
740 3647 884 3706 ὅπως
922 3642 1241 3711 γνωσόμεθα
1274 3643 1373 3709 τὴν
1410 3641 1618 3694 ἑαυτῶν
1654 3642 1806 3692 sint.

233 3746 389 3793 λειαν
415 3755 429 3769 ⁸
462 3743 555 3790 καὶ
599 3737 679 3788 ὅτι
723 3736 876 3786 οὐδέν
922 3735 1068 3785 ἐστιν
1106 3735 1140 3799 ἡ
1171 3733 1319 3797 ἰσχὺς
1349 3729 1505 3799 ἡμῶν
1546 3730 1681 3800 πρὸς
1714 3727 1811 3797 τὴν

237 3830 507 3899 πονηρίαν
534 3826 627 3879 τοῦ
658 3827 894 3886 Σατανᾶ,
928 3823 1063 3875 ἀλλὰ
1088 3822 1148 3873 τὸ
1170 3822 1275 3874 πᾶν
1298 3820 1393 3873 τοῦ
1420 3819 1649 3888 φοϐεροῦ
1674 3819 1809 3871 Θεοῦ

240 3925 412 3982 ἐστιν,
454 3920 561 3970 εἴτε
591 3918 735 3983 νίκη,
799 3916 907 3966 εἴτε
953 3911 1162 3978 ἀνδρία,
1212 3912 1320 3962 εἴτε
1370 3910 1669 3978 προσευχὴ,
1698 3909 1809 3960 εἴτε

240 4011 487 4082 νηστεία,
524 4010 631 4061 εἴτε
661 4008 845 4075 ἕτερον
883 4003 1078 4071 εὑρεθῇ
1122 4003 1179 4053 ἐν
1210 4003 1361 4071 ἡμῖν,
1396 4002 1573 4053 πάντα
1611 3999 1810 4067 δωρεαὶ

239 4107 517 4173 πεςξύκασι
557 4099 668 4171 [τοῦ
703 4096 907 4166 ἀγαθοῦ
934 4095 1068 4149 Θεοῦ
1099 4096 1229 4164 ἡμῖν
1253 4111 1266 4124 ·
1306 4094 1464 4155 αὐτὸς
1496 4092 1605 4162 γάρ
1635 4087 1808 4156 εἶπεν,

243 4202 326 4252 ὅτι
350 4198 554 4248 «Ἀνευ
570 4190 703 4261 ἐμοῦ
727 4189 955 4243 δύνασθε
972 4189 1144 4239 ποιεῖν
1160 4185 1337 4238 οὐδέν·
1354 4204 1373 4234 r
1404 4185 1591 4237 καὶότι
1614 4201 1632 4233 ι
1658 4185 1810 4236 Πᾶσα

237 4288 555 4354 διέαιοσύνη
587 4280 872 4350 ἀνθρώπου
912 4280 987 4342 ὡς
1027 4279 1196 4347 ῥάκος
1224 4275 1643 4345 άποκαθημὲνης
1676 4275 1811 4335 ἐνώ-

245 4399 368 4434 πιον
395 4378 601 4445 Κυρίου
621 4375 730 4441 (95)
746 4372 814 4442 r].
838 4370 952 4423 Νῦν
977 4369 1090 4432 οῦν,
1112 4368 1298 4420 τέκνον
1325 4383 1450 4436 μου,
1473 4366 1581 4432 ἐγὼ
1600 4365 1811 4418 διατάτ-

242 4468 408 4539 τομαί
437 4484 541 4524 σοι,
577 4463 672 4515 καὶ
699 4464 732 4529 ὴ
776 4460 991 4528 ὑπακοή
1029 4474 1129 4527 μου
1160 4456 1319 4526 ἔργον
1369 4456 1592 4508 ἀνύσει·
1628 4456 1814 4523 αὔριον

245 4562 356 4627 γὰρ
385 4551 741 4624 πορευθῶμεν
780 4551 838 4599 ὲν
872 4547 949 4614 τῷ
981 4546 1093 4615 ναῷ
1130 4547 1286 4612 ἁγίου
1333 4546 1605 4614 μάρτυρος
1650 4545 1815 4597 ’Λάαν

1981 3277 2104 3333 197.
2142 3277 2389 3332 Andreas
2434 3286 2612 3331 autem
2638 3316 2653 3335 .
2695 3293 2818 3332 vere
2863 3279 3072 3339 beatus.
3123 3297 3245 3337 vere
3284 3286 3467 3341 suavis

1910 3376 1963 3420 et
1995 3367 2327 3426 misericors.
2365 3366 2725 3436 Epiphanium
2747 3408 2762 3432 ,
2803 3385 2910 3423 nou
2944 3387 3101 3425 secus
3132 3388 3291 3440 quam
3340 3390 3465 3442 pro-

1913 3460 2087 3526 priqu
2119 3459 2285 3513 lilium
2320 3461 2631 3521 miseratus.
2664 3461 2736 3514 ita
2766 3462 3054 3529 alloquitur
3083 3481 3096 3516 :
3130 3464 3467 3521 Clrarissime

1913 3548 2027 3607 tili,
2091 3559 2375 3617 propterea
2433 3550 2575 3617 quod
2624 3552 2805 3607 animo
2859 3552 2984 3606 elati
3021 3551 3244 3618 fuimus,
3291 3560 3469 3626 erupit

1911 3648 2096 3691 contra
2156 3655 2255 3693 nos
2294 3642 2459 3693 draco
2498 3640 2773 3695 infernalis
2825 3651 2883 3695 ut
2922 3645 3132 3713 cognita
3175 3648 3468 3714 exiguitate

1914 3741 2098 3781 nostra
2127 3769 2141 3792 ,
2194 3729 2587 3792 conﬁteantur,
2636 3732 2809 3787 nullas
2850 3748 2969 3786 esse
3020 3735 3162 3788 vii-es
3209 3746 3463 3801 nostras,

1912 3819 1959 3873 si
2001 3834 2124 3873 cum
2180 3818 2511 3889 nequissimo
2541 3818 2741 3874 Sataua
2780 3821 3193 3891 depugnandum
3230 3826 3334 3887 sit,
3371 3829 3469 3881 sed

1911 3911 2095 3965 omnia
2129 3911 2433 3965 admirabili
2492 3911 2599 3965 De‘o
2634 3922 2818 3967 nostro
2876 3924 3095 3983 accepta
3150 3915 3339 3970 referri
3370 3919 3469 3971 de-

1912 4003 2073 4066 bere;
2109 4004 2221 4058 sive
2252 4003 2396 4057 enim
2425 4004 2705 4059 vincamus
2742 4006 2952 4060 hostem
2975 4044 2990 4067 .
3026 4021 3118 4061 seu
3151 4009 3470 4064 resistamus

1915 4090 2162 4155 viriliter,
2192 4106 2288 4145 seu
2319 4092 2681 4157 orationibus,
2714 4093 2959 4162 jejuuiis,
3000 4096 3185 4150 aliisve
3214 4097 3318 4165 piis
3344 4113 3473 4168 ope-

1915 4181 2066 4235 ribus
2094 4196 2377 4247 vacentus,
2418 4183 2600 4236 omnia
2634 4183 3006 4253 benignissimi
3039 4185 3129 4239 Dei
3158 4190 3325 4242 nostri
3358 4206 3476 4243 mu-

1916 4286 2019 4323 nus
2069 4281 2215 4325 sunt.
2249 4272 2364 4340 Ipse
2386 4274 2530 4326 enim
2556 4273 2729 4328 dicit:
2758 4294 2776 4325 ι
2812 4275 2941 4329 Sine
2989 4292 3074 4330 me
3118 4278 3251 4332 nihil
3320 4293 3476 4350 pote-

1916 4362 2016 4414 stis
2045 4360 2219 4416 l'acere
2245 4362 2326 4425 ";
2360 4381 2379 4414 r
2411 4373 2484 4426 et,
2511 4382 2528 4415 ι
2550 4362 2738 4418 Omnis
2765 4364 2968 4433 iustitia
2997 4365 3233 4422 hominis
3254 4378 3312 4422 ut
3338 4385 3473 4438 patr-

1918 4466 2022 4502 nus
2049 4460 2393 4505 menstruam:
2416 4468 2599 4507 coram
2635 4454 2863 4509 Domino
2891 4466 2972 4510 est
2991 4457 3059 4510 ⁸⁰.
3086 4475 3106 4508 r
3128 4455 3473 4528 Nuncigitur,

1920 4541 1989 4594 liti
2025 4542 2095 4593 mi
2122 4581 2137 4604 ,
2191 4542 2451 4612 praecipio
2490 4544 2620 4607 tibi,
2652 4553 2706 4599 et
2743 4546 3047 4599 obedientia
3081 4558 3169 4601 tua
3224 4549 3472 4603 eth-ctum

246 4615 368 4700 ἑίὲυ
396 4615 570 4710 ἐν’τῴ
618 4615 977 4706 ’ίίπτασκάλῳ
1003 4636 1140 4707 (96),
1175 4636 1351 4688 ἐκεῖσε
1382 4635 1491 4702 γὰρ
1520 4634 1809 4700 ἐλεύσομαι
1845 4615 1892 4675 υ

1845 4615 2085 4696 Ddabit,
2146 4644 2202 4686 ut
2244 4637 2362 4688 lucc
2406 4637 2642 4689 crastina
2683 4636 2749 4689 ad
2796 4653 3006 4691 sacram
3059 4641 3233 4693 sancti
3291 4642 3472 4696 Acacii

244 4737 405 4805 κάγὼ
463 4732 735 4800 πνεύματι
783 4729 916 4799 πρὸς
964 4728 1144 4789 αὑτὸν,
1186 4728 1279 4778 καὶ
1308 4724 1492 4777 λοιπὸν
1515 4723 1810 4793 ἀμφότεροι

241 4822 624 4897 δεηθησόμεοει
673 4820 809 4890 μετά
849 4817 1060 4886 πικρῶν
1091 4815 1358 4885 δακρύων,
1394 4817 1538 4876 ὅπως
1573 4814 1810 4883 συντύχῃ

245 4920 374 4986 περὶ
412 4917 604 4966 τούτου
651 4911 729 4981 τῷ
764 4906 1128 4977 φιλανθρώπῳ
1172 4908 1265 4957 καὶ
1317 4905 1507 4975 ἀγαθῷ
1551 4906 1813 4976 Δεσπὸτῃ.

246 5007 357 5059 Καὶ
380 4999 495 5055 οἶδα
518 5004 599 5053 ὅτι
632 5002 731 5052 οὐκ
770 4998 1029 5065 ἁποτύχει
1053 4996 1080 5047 ὁ
1118 4996 1538 5063 μεγαλομάρτυς
1566 4995 1696 5066 πρὸς
1726 4997 1817 5047 τὸν

248 5099 453 5165 Κύριον
483 5093 569 5145 διά
619 5092 716 5161 τὴν
750 5089 1004 5158 γενναίαν
1038 5086 1265 5157 ἄθλησιν
1299 5089 1394 5140 καὶ
1432 5087 1520 5140 διά
1551 5088 1611 5140 τὸ
1640 5089 1817 5156 τίμιον

246 5181 409 5254 αἷμα,
439 5184 469 5235 ὃ
511 5183 649 5251 ὑπὲρ
677 5184 775 5249 τῆς
821 5180 1043 5247 ἀγάπης
1086 5176 1251 5230 αὐτοῦ
1291 5179 1580 5248 προθύμως
1616 5177 1813 5246 ἐξέχεε,

248 5282 337 5329 και
365 5275 575 5341 γίνεται
603 5270 756 5342 ἡμῶν
782 5270 841 5322 τὸ
864 5268 1197 5339 καταθύμιον
1223 5270 1354 5340 παρ’
1382 5269 1547 5321 αὑτοῦ
1574 5272 1666 5323 καὶ
1690 5270 1816 5321 ἁνα-

319 5450 369 5483 ⁶⁹
401 5449 563 5505 Joau.
594 5463 681 5515 xv,
714 5449 766 5503 5.
841 5448 888 5480 "
929 5446 1030 5501 Isa.
1060 5462 1207 5512 utv,
1234 5446 1291 5502 6.

320 5606 438 5674 (95)
481 5603 581 5658 Ms.
611 5603 933 5668 Vatic.,zai.
966 5606 1000 5673 ἡ
1040 5602 1321 5674 προθυμία
1337 5601 1528 5674 Δῂμῷν.

320 5669 431 5743 (96)
473 5675 681 5729 Colitur
734 5686 955 5729 sanctus
988 5669 1233 5743 'Aracius
1273 5673 1299 5720 7
1331 5669 1458 5724 Maii
1507 5687 1536 5725 a
1581 5670 1804 5730 Graecis.

251 5760 276 5797 ι
310 5742 517 5799 Latinis
544 5749 574 5799 8
612 5744 733 5798 Maii
768 5762 781 5795 :
818 5745 883 5796 de
915 5746 1073 5809 cujus
1103 5743 1154 5793 in
1190 5742 1289 5794 ista
1318 5742 1548 5795 ecclesia
1579 5758 1808 5809 corpore

256 5820 371 5868 vide
410 5830 530 5885 quae
583 5820 647 5868 ad
689 5816 829 5865 hunc
877 5816 1016 5866 diem
1070 5812 1344 5873 diximus,
1403 5823 1453 5864 rt
1508 5810 1809 5879 Caugium,

572 5916 835 5971 PATROL.
883 5911 998 5967 (in.
1047 5905 1205 5967 C.\'l.

1922 4724 2171 4793 martyris
2200 4725 2369 4779 :edem
2405 4727 2458 4780 in
2485 4726 2802 4795 lleptascalo
2826 4744 3043 4799 pergas,
3076 4745 3184 4798 quo
3209 4742 3263 4785 et
3289 4748 3387 4801 ego
3418 4735 3471 4787 in

1918 4813 2109 4880 spiritu
2137 4815 2372 4878 veniam,
2400 4816 2931 4886 supplicabimusque
2957 4819 3117 4871 ambo
3148 4835 3272 4874 cum.
3301 4822 3477 4891 lacry-

1916 4904 2021 4957 mis
2051 4912 2240 4958 sancto
2272 4908 2537 4974 martyri,
2580 4917 2639 4959 ut
2673 4908 2816 4975 quod
2865 4925 2893 4961 a
2949 4924 3034 4963 me
3086 4911 3224 4979 petis
3272 4912 3473 4965 beneli-

1915 4996 2057 5046 cinnr
2085 5034 2100 5058 ,
2153 4992 2267 5061 ipse
2298 4995 2392 5048 tibi
2445 4996 2513 5049 ab
2545 4996 2747 5063 optimo
2777 4998 3053 5064 nostrique
3094 4999 3473 5054 amantissimo

1914 5086 2143 5139 Domino
2174 5095 2558 5156 consequatur.
2590 5087 2819 5141 Constat
2845 5103 2971 5142 vero
3005 5089 3132 5142 mihi
3158 5129 3175 5154 ,
3216 5106 3469 5158 maguum

1914 5178 2059 5232 hunc
2114 5186 2401 5245 martyrem
2457 5178 2722 5245 repulsam
2781 5194 2885 5231 non
2946 5180 3083 5234 ferre
3119 5195 3148 5233 a
3202 5182 3466 5243 Domino.

1915 5268 2040 5337 quia
2061 5280 2320 5336 generoso
2337 5268 2635 5321 certamine
2656 5270 2949 5336 pretiosum
2972 5272 3288 5340 sanguiqu
3310 5288 3467 5327 suum

1909 5600 2005 5654 lib.
2039 5615 2114 5663 tv,
2144 5614 2264 5672 cap.
2297 5600 2351 5672 6,
2393 5615 2447 5672 ιι.
2479 5598 2535 5654 2.
2572 5602 2930 5672 lleptasralou
2962 5618 3123 5669 vero,
3162 5604 3297 5659 alias
3339 5620 3470 5661 voce

1910 5683 2164 5744 corrupta
2192 5669 2514 5744 Paschalmr,
2543 5669 2666 5727 erat
2698 5675 2751 5727 iu
2788 5688 2818 5725 τι
2850 5673 2998 5727 urbis
3033 5674 3288 5744 ltegioue,
3317 5675 3470 5743 juxta

1913 5740 2134 5803 Navale,
2167 5740 2239 5790 uti
2281 5740 2451 5794 babes
2485 5744 2573 5794 lib.
2613 5759 2650 5806 ι,
2679 5758 2729 5798 c.
2763 5744 2851 5805 Π,
2880 5760 3029 5796 num.
3065 5747 3115 5799 τε.

2962 5908 3029 5964 Ξῖ
