4202 6434
753 393 859 453 855

757 598 1056 662 Orientem,
1102 602 1478 656 humiliaturus
1519 606 1656 659 filios
1700 609 1842 676 Agar
1876 610 2034 674 (l2):
2081 625 2312 663 succen-

758 688 896 741 sebit
929 705 1160 757 namque
1201 692 1307 745 illis
1350 692 1608 748 Dominus
1646 696 1723 748 ira
1753 698 2057 757 vehementi
2096 711 2313 768 propter

756 776 1119 845 blasphemias
1150 789 1203 832 et
1238 778 1446 835 fruetus
1475 798 1613 850 quos
1651 784 1959 851 proferent,
2005 788 2314 841 acerbiores

758 864 1160 939 Sodomitarum
1193 879 1247 923 et
1280 870 1787 941 Gomorrlneorum;
1840 888 1891 931 et
1920 879 2156 934 stimulis
2193 882 2315 950 qui-

756 957 985 1011 busdam
1023 962 1306 1015 suscitaliit
1336 978 1513 1032 regem
1548 964 1939 1035 Romanorum,
1972 973 2186 1039 penitus
2216 989 2312 1027 ex—

759 1046 1003 1101 cisurum
1046 1058 1255 1118 gentem
1294 1050 1548 1123 impiam,
1584 1064 1638 1108 et
1680 1056 1821 1111 tilios
1858 1075 2043 1112 eorum
2082 1062 2315 1115 abolitu-

761 1153 881 1191 rirm
918 1141 1058 1201 igni;
1095 1140 1197 1209 ipsi
1229 1156 1356 1196 vero
1387 1144 1566 1197 traditi
1594 1144 1646 1197 in
1686 1161 1880 1200 manus
1918 1149 2070 1218 ejus,
2113 1152 2314 1206 violen-

761 1229 985 1282 tissimis
1019 1230 1252 1286 flammis
1282 1233 1655 1289 absumentur.
1690 1235 1901 1308 Illyrico
1938 1251 2115 1294 autem
2159 1245 2315 1295 resti-

759 1330 874 1374 tuto
904 1321 1132 1391 imperio
1161 1325 1423 1387 Romano,
1452 1337 1504 1380 et
1526 1326 1755 1397 Egypto
1779 1343 2095 1398 apportante
2117 1334 2314 1390 tributa

759 1427 892 1477 sua,
936 1423 1095 1482 ponet
1129 1430 1216 1467 rex
1247 1416 1385 1469 idem
1417 1431 1579 1484 super
1629 1434 1773 1472 mare
1811 1420 2089 1475 dexteram
2134 1439 2313 1487 suam.

758 1511 811 1555 et
860 1503 1102 1557 nationes
1146 1503 1311 1557 flavas
1356 1506 1735 1561 mansuefaeiet
1762 1548 1778 1571 ,
1814 1522 1867 1564 et
1915 1512 2164 1569 inimicos
2212 1516 2315 1570 sub

760 1594 1010 1647 manibus
1040 1595 1158 1649 suis
1199 1596 1504 1649 humiliabit
1536 1613 1550 1650 :
1588 1608 1638 1651 et
1672 1599 1886 1654 durabit
1936 1602 2219 1670 imperium
2252 1606 2316 1659 il-

760 1687 862 1737 lius
920 1701 1093 1742 annos
1128 1688 1344 1755 triginta
1391 1689 1548 1743 duos.
1604 1690 1931 1744 Duodecimo
1962 1704 2139 1747 autem
2171 1711 2314 1749 anno

760 1777 906 1843 regni
936 1792 1129 1829 census
1160 1788 1212 1830 et
1248 1793 1469 1832 munera
1503 1779 1646 1833 nulla
1692 1782 1945 1849 accipiet,
1988 1784 2079 1838 ‘sed
2113 1787 2315 1839 excita-

1806 410 1853 468 N
1867 410 2223 470 [CEPUORI
2267 413 2735 477 PRESBYTER!
2769 419 2876 479 (ΖΡ.

825 506 953 559 210.
1009 507 1137 563 Post
1196 511 1306 565 luce
1354 523 1632 567 convertet
1686 530 1777 568 rex
1820 516 2012 571 faciem
2054 534 2206 571 suam
2243 518 2309 572 ad
2341 527 2384 580 Α

3869 416 3978 479 85ίῖ

2487 540 2538 575 σι
2559 564 2572 578 .
2608 530 2715 578 λαὶ
2741 527 2878 595 μετά
2900 523 3075 577 ταῦτα
3102 527 3263 579 δώσει
3293 526 3352 578 τὸ
3382 525 3669 596 πρόσωπον
3691 524 3857 578 αὐτοῦ
3890 527 3987 579 ἐπὶ

2425 616 2732 677 Ἀνατολάς.
2762 617 2857 670 καὶ
2890 617 3218 671 ταπεινώσει
3249 619 3375 679 τοὺς
3402 617 3552 678 υἱοὺς
3592 617 3759 684 ’Δγάρ
3786 633 3801 647 ⁸
3831 617 3988 685 ὀργι-

2414 706 2668 774 σθήτεται
2702 708 2809 774 γὰρ
2837 709 2864 759 6
2897 708 3098 778 Κύριος
3126 708 3213 759 διὰ
3246 708 3343 776 τήν
3387 708 3733 777 βλασφημίαν
3772 707 3982 767 αὐτῶν,

2414 797 2505 848 καὶ
2532 797 2618 848 διά
2646 797 2706 849 τὸ
2732 794 2871 850 εἶναι
2900 798 2993 850 τὸν
3042 798 3253 868 καρπὸν
3299 799 3479 851 αὐτῶν
3513 799 3674 867 χολήν
3704 799 3982 868 Σοδόμων.

2414 888 2507 939 καὶ
2540 888 2760 954 πικρίας
2798 889 3086 959 Γομόρρων
3108 903 3123 919 ⁸
3153 889 3248 941 καὶ
3285 888 3371 941 διὰ
3404 889 3563 941 τοῦτο
3609 889 3771 953 νύξας
3800 891 3989 957 ἐγερεῖ

2413 978 2755 1047 τὸνβασιλέα
2797 979 3081 1046 Ῥωμαίων
3113 979 3201 1033 ἐπ’
3250 981 3482 1042 αὐτοὺς,
3534 982 3627 1031 καὶ
3671 980 3987 1049 ἐξοὶοθρεὺ-

2416 1083 2497 1119 σει
2526 1066 2743 1130 αὐτοὺς,
2776 1069 2871 1120 καὶ
2895 1070 2961 1120 τὰ
2986 1069 3151 1121 τέκνα
3182 1070 3362 1123 αὐτῶν
3391 1071 3525 1137 πυρὶ
3553 1070 3821 1123 ἀναλώσει
3840 1086 3856 1101 ⁸
3891 1072 3987 1124 καὶ

2414 1159 2565 1210 αὐτοὶ
2590 1160 2638 1210 oi
2666 1161 3088 1230 παραδεδομένοι
3135 1162 3213 1222 είς
3242 1160 3341 1222 τάς
3365 1162 3548 1230 χεῖρας
3575 1161 3739 1214 αὐτοῦ
3762 1162 3988 1232 ἐμπρη-

2417 1248 2539 1318 σμῷ
2570 1248 2858 1320 βιαιοτάτῳ
2907 1252 3375 1320 παραδοθήσονται
3407 1269 3420 1282 ⁸
3460 1253 3554 1303 καὶ
3598 1253 3989 1305 ἀποκαταστα-

2417 1339 2638 1405 θήσεται
2674 1341 2833 1393 πάλιν
2861 1343 2922 1395 τὸ
2959 1343 3253 1412 Ἰλλυρικὸν
3276 1346 3340 1411 τῇ
3372 1343 3617 1413 βασιλείᾳ
3654 1344 3985 1413 Ῥωμαίων·

2417 1430 2630 1499 κομίσει
2662 1432 2718 1484 δὲ
2766 1434 2923 1502 καὶή
2977 1436 3252 1502 Αἴγυπτος
3296 1434 3363 1487 τὰ
3414 1436 3595 1488 πάκτα
3643 1437 3813 1505 αὐτῆς
3845 1436 3987 1505 (l3).

2419 1521 2529 1572 Καὶ
2561 1522 2714 1591 θήσει
2758 1523 2855 1593 τὴν
2884 1526 3042 1593 χεῖρα
3073 1524 3235 1577 αὑτοῦ
3283 1526 3381 1592 τήν
3423 1524 3599 1589 δεξιὰν
3629 1526 3721 1579 ἐπὶ
3762 1526 3862 1594 τὴν
3889 1528 3990 1580 θά-

2417 1610 2642 1677 λασσαν,
2672 1616 2765 1667 καὶ
2795 1616 3070 1683 ήμερώσει
3103 1616 3168 1668 τά
3201 1616 3369 1681 ξανθὰ
3402 1617 3556 1684 γένη,
3586 1619 3681 1669 καὶ
3714 1617 3989 1669 ταπεινώ-

2416 1714 2497 1750 σει
2517 1699 2643 1761 τοὺς
2669 1701 2894 1770 ἐχθροὺς
2924 1702 3026 1754 ὑπὸ
3049 1703 3145 1764 τὰς
3171 1705 3357 1771 χεῖρας
3388 1702 3573 1767 αὑτοῦ,
3597 1704 3689 1755 καὶ
3712 1705 3772 1755 τὸ
3801 1704 3985 1772 σκῆπ-

2416 1805 2544 1858 τρον
2577 1790 2741 1843 αὐτοῦ
2773 1793 2925 1844 ἔσται
2957 1793 3249 1862 τριάκοντα
3290 1793 3383 1846 δύο
3431 1792 3524 1862 ἔτη
3552 1810 3566 1822 ⁸
3595 1794 3673 1862 τῷ
3698 1793 3991 1862 δωδεκάτῳ

758 1866 832 1918 hit
873 1881 1056 1919 sacras
1097 1867 1274 1930 ades,
1309 1878 1361 1921 ct
1394 1870 1580 1922 altaria
1629 1871 1901 1926 confraCta
1951 1877 2314 1941 restaurabit;

2419 1880 2527 1932 ἔτει
2559 1882 2655 1951 τῆς
2701 1882 2973 1945 βασιλείας
3004 1883 3171 1936 αὑτοῦ
3206 1883 3401 1953 κῆνσον
3434 1884 3527 1937 καὶ
3562 1884 3767 1952 δόματα
3792 1886 3853 1935 οὐ
3883 1885 3989 1953 λή-

757 1957 939 2008 nnllus
971 1968 1098 2010 tunc
1133 1959 1486 2012 tribunalium
1526 1977 1655 2013 usus
1684 1962 1802 2023 erit,
1836 1979 1957 2016 cum
1998 1967 2088 2033 qui
2122 1965 2347 2019 inferat'

757 2056 850 2098 aut
903 2047 1141 2117 patiatur
1198 2049 1449 2118 injuriam
1494 2066 1651 2103 nemo
1710 2050 1925 2107 futurus
1980 2055 2052 2109 sit
2112 2073 2126 2111 :
2180 2058 2317 2110 tilias

753 2139 953 2207 quippe
1009 2140 1286 2193 hominum
1339 2146 1532 2195 timore
1580 2144 1663 2195 sui
1720 2143 1921 2212 injecto
1962 2150 2028 2198 ad
2087 2149 2314 2201 meliora

755 2232 961 2299 qna-vis
989 2232 1245 2298 impellet,
1269 2240 1320 2284 et
1347 2242 1647 2299 magnates,
1674 2237 1764 2302 qui
1790 2245 1977 2289 contra
2004 2238 2096 2303 jus
2128 2240 2316 2307 fasque

754 2331 920 2392 agunt
949 2326 1153 2388 omnia,
1186 2324 1501 2378 humiliatos
1531 2326 1864 2394 adjudicabit
1899 2330 2077 2384 morti.

823 2510 948 2564 211.
994 2510 1188 2565 iisdem
1234 2526 1392 2578 porro
1441 2512 1811 2579 temporibus,
1862 2530 1985 2584 rege
2012 2516 2105 2571 illo
2147 2520 2317 2585 impe-

756 2612 940 2664 rante,
972 2602 1233 2670 quidquid
1273 2604 1431 2656 modo
1465 2603 1581 2656 auri
1612 2604 1804 2671 quovis
1837 2605 1888 2658 in
1924 2608 2042 2661 loco
2082 2609 2318 2663 abscon-

754 2695 922 2746 ditum
956 2694 1118 2755 latet,
1150 2694 1334 2749 divino
1363 2704 1491 2749 nutu
1516 2706 1768 2761 eruetur;
1803 2706 1856 2751 et
1890 2707 2145 2769 tauquam
2183 2717 2313 2755 ven-

757 2782 953 2835 tilabro
982 2783 1327 2851 dispergetur
1355 2797 1450 2851 per
1479 2797 1669 2839 omnes
1700 2784 1821 2852 ejus
1850 2788 2096 2841 subditos
2128 2807 2141 2842 :
2177 2790 2315 2844 unde

754 2885 809 2925 et
840 2874 1263 2927 cumulabuntur
1298 2874 1502 2929 divitiis
1550 2885 1829 2943 maguates
1868 2877 1982 2941 eius
2008 2919 2022 2941 ,
2058 2879 2191 2947 ipsis
2234 2895 2314 2933 re-

754 2965 914 3030 gibus
969 2964 1125 3031 quasi
1174 2963 1346 3017 nihilo
1397 2963 1685 3018 inferiores
1734 2964 1934 3031 futuri;
1985 2976 2039 3019 et
2085 2969 2176 3036 qui
2210 2984 2317 3036 pne

758 3056 936 3122 inopia
973 3065 1180 3109 tantum
1214 3069 1318 3108 non
1346 3056 1616 3123 peribant,
1662 3058 1723 3108 ad
1752 3057 2057 3127 principum
2087 3060 2313 3128 gloriam

754 3157 916 3215 atque
945 3147 1274 3215 opulentiam
1306 3148 1680 3201 elevahuntur.
1713 3147 1872 3201 Zelus
1907 3151 2149 3218 ejusdem
2177 3152 2317 3221 regis

757 3238 1180 3292 ardentissimus
1224 3237 1365 3300 erit,
1410 3252 1517 3305 quo
1570 3236 1784 3290 .ludams
1834 3239 2031 3306 ubique
2075 3241 2313 3308 gentium

759 3340 1133 3398 persequetur,
1179 3340 1233 3383 et
1303 3331 1353 3382 in
1398 3339 1508 3382 tota
1535 3328 1631 3381 hac
1670 3330 1803 3383 urbe
1847 3331 2025 3384 nullus
2056 3331 2322 3385 lsmaelita

760 3424 1064 3475 invenit-tur
1098 3439 1112 3476 :
1164 3422 1406 3474 eannlem
1445 3435 1659 3490 quoque
1689 3431 1840 3474 tanto
1874 3424 1956 3475 sui
1999 3424 2193 3478 timore
2223 3425 2321 3477 iiii-

759 3514 946 3582 plebit,
1000 3524 1057 3566 ut
1093 3527 1270 3572 nemo,
1315 3513 1407 3579 qui
1451 3512 1597 3581 lyrae,
1646 3514 1906 3575 citharae,
1956 3516 2319 3578 commiliaeve,

760 3617 853 3659 aut
882 3605 1034 3660 alteri
1068 3607 1240 3659 cuivis
1281 3606 1356 3659 rei
1387 3606 1564 3659 minus
1593 3606 1802 3659 ilecorze
1831 3621 2050 3675 operam
2088 3610 2199 3669 det,
2232 3624 2316 3662 re-

762 3698 1050 3768 periendus
1081 3698 1151 3751 sit
1182 3716 1194 3750 :
1225 3706 1489 3766 quotquot
1521 3697 1665 3751 enim
1695 3698 1892 3753 talibus
1922 3698 2122 3751 addicti
2156 3711 2282 3754 sunt
2302 3740 2317 3760 .

760 3794 886 3845 odio
914 3798 1269 3860 prosequetur
1296 3790 1513 3856 capitali
1539 3798 1593 3844 et
1614 3790 1793 3858 ejiciet
1822 3806 1887 3844 ex
1920 3792 2051 3845 urbe
2082 3790 2318 3845 Domini.

764 3882 916 3937 Tunc
944 3897 1070 3936 vero
1112 3882 1369 3952 gaudium
1405 3880 1602 3949 ubique
1630 3891 1685 3933 et
1714 3882 2004 3935 exsultatio
2031 3882 2319 3946 videbitur,

764 3984 877 4028 tum
924 3974 1077 4043 copia
1126 3988 1307 4027 rerum
1358 3972 1600 4027 omnium
1647 3974 1881 4026 maxima
1937 3983 2042 4028 tam
2095 3988 2123 4025 a
2180 3981 2322 4027 terra

2418 1972 2599 2040 ψεται,
2649 1973 2764 2027 ἀλλ’
2794 1976 3084 2045 ἀναστήσει
3123 1977 3283 2038 ναοὺς
3328 1977 3537 2043 ἁγίους,
3571 1977 3663 2028 καὶ
3710 1977 3989 2029 ἀνοικοδο-

2421 2065 2583 2132 μήσει
2627 2066 3061 2133 συντετριμμένα
3091 2066 3472 2133 θυσιαστήρια,
3509 2068 3599 2117 καὶ
3626 2066 3749 2133 δίκη
3799 2068 3988 2119 οὐκετι

2417 2152 2591 2213 ἔσται,
2614 2152 2735 2204 οὐδὲ
2764 2154 2792 2203 6
2814 2153 3037 2217 ἀδικῶν,
3069 2153 3191 2206 οὔτε
3213 2156 3239 2206 6
3264 2153 3618 2222 ἀδικούμενος
3647 2169 3661 2183 ⁸
3688 2153 3849 2219 φόὸον
3876 2155 3989 2221 γὰρ

2417 2246 2636 2313 ποιήσει
2682 2249 2794 2306 τοῖς
2850 2245 2986 2307 υἱοῖς
3033 2246 3139 2297 τῶν
3183 2244 3488 2315 ἀνθρώπων
3525 2248 3840 2313 σωῳρονείν,
3889 2247 3990 2298 xui.

2414 2337 2540 2397 τοὺς
2593 2336 3040 2406 παρανομοῦντας
3091 2356 3198 2391 των
3246 2338 3586 2405 μεγιστάνων
3634 2338 3987 2401 ταπεινώσει,

2416 2431 2507 2483 καὶ
2537 2429 2747 2496 θανάτῳ
2776 2428 3112 2499 παραδώσει.

2486 2518 2607 2574 σια’.
2650 2521 2737 2573 Ἑν
2767 2524 2877 2582 τοῖς
2906 2524 3116 2590 καιροῖς
3148 2522 3254 2589 γὰρ
3281 2520 3507 2583 ἐκείνοις
3540 2520 3646 2581 πᾶς
3686 2519 3902 2591 χρυσὸς,
3929 2520 3990 2581 ὃς

2416 2616 2561 2664 ἐστιν
2596 2613 2653 2664 ἐν
2702 2612 2999 2681 οίῳδήποτε
3031 2612 3180 2681 τόπῳ
3212 2612 3607 2679 κρυπτόμενος,
3634 2611 3813 2663 νεύσει
3848 2610 3991 2663 Θεοῦ

2415 2701 2934 2770 ἀποκαλυφθήσεται
2973 2704 3038 2771 τῇ
3085 2702 3333 2770 βασιλεία
3363 2701 3527 2753 αὑτοῦ
3556 2700 3673 2772 [καὶ
3706 2702 3858 2770 πτύῳ
3890 2702 3995 2753 αὖ·

2414 2795 2507 2845 τὸν
2543 2794 2825 2862 σκορπίσει
2868 2792 3019 2863 πάσῃ
3058 2795 3125 2861 τῇ
3161 2792 3405 2861 πολιτείᾳ
3442 2790 3655 2862 αὑτοῦ],
3697 2792 3789 2844 καὶ
3824 2793 3995 2844 πλου-

2414 2887 2641 2953 τήσουσι
2695 2884 2896 2945 πάντες
2950 2883 3002 2934 οἱ
3043 2884 3364 2952 μεγιστᾶνες
3411 2882 3600 2948 αὑτοῦ,
3639 2885 3731 2934 καὶ
3771 2882 3992 2936 ἔσονται

2413 2974 2487 3037 ὡς
2524 2973 2783 3043 βασιλεῖς,
2814 2974 2905 3025 καὶ
2930 2974 2979 3024 oi
3009 2974 3238 3041 πένητες
3275 2973 3485 3024 ἔσονται
3516 2972 3589 3034 ὡς
3623 2974 3670 3024 οἱ
3702 2973 3991 3041 ἄρχοντες.

2417 3066 2525 3118 Καὶ
2574 3066 2722 3117 ἔσται
2755 3065 2903 3131 αὐτῴ
2949 3064 3107 3133 ζῆλος
3157 3068 3350 3131 μέγας,
3399 3064 3493 3116 καὶ
3534 3064 3660 3125 τοὺς
3704 3064 3995 3126 Ἰουδαίους

2418 3154 2758 3219 καταδιώξει,
2791 3158 2883 3207 καὶ
2926 3155 2985 3206 ὲν
3013 3158 3078 3223 τῇ
3110 3155 3263 3205 πόλει
3303 3154 3474 3223 ταύτῃ
3517 3152 3863 3222 Ἰσμαήλίτής
3890 3154 3993 3222 οὐχ

2424 3248 2813 3315 εὑρεθήσεται⁸
2850 3248 2946 3300 καὶ
2995 3247 3156 3309 αὐτὸς
3202 3246 3430 3313 φοϐήσει
3463 3244 3709 3313 μεγάλως
3762 3245 3860 3313 τήν
3890 3247 3993 3297 πό·

2424 3337 2526 3396 λιν,
2564 3335 2656 3388 καὶ
2683 3336 2782 3387 οὐκ
2808 3335 2957 3387 ἔσται
2990 3335 3019 3386 6
3050 3335 3304 3403 λυρίζων,
3334 3334 3367 3401 ἢ
3396 3332 3710 3401 κιθαρίζων,
3735 3332 3767 3401 ἢ
3797 3334 3825 3383 ό
3861 3348 3991 3397 τρα-

2424 3428 2634 3497 γῳδῶν,
2666 3428 2700 3496 ἦ
2731 3444 2814 3489 τις
2844 3426 3069 3495 αἰσχρὸν
3097 3428 3325 3494 πρᾶγμα
3357 3424 3716 3493 ἐργαζόμενος
3737 3439 3750 3451 ·
3782 3423 3995 3484 πάντας

2428 3519 2535 3587 γὰρ
2565 3518 2689 3577 τοὺς
2740 3515 3013 3576 τοιούτους
3075 3515 3316 3583 μισήσει.
3372 3515 3463 3565 iui.
3508 3512 3875 3582 ἐξολιιθρεύςει
3925 3514 3993 3564 ὲκ

2428 3608 2630 3669 πόλεως
2655 3608 2727 3659 Κ.
2744 3607 2879 3676 ρίου.
2910 3607 3017 3658 Καὶ
3042 3607 3192 3658 ἔσται
3219 3606 3385 3675 πολλὴ
3405 3606 3547 3674 χαρὰ
3574 3608 3689 3657 τότε
3720 3606 3809 3655 καὶ
3825 3603 3997 3669 ἀγαλ.

2425 3700 2623 3761 λίασις,
2652 3700 2744 3751 καὶ
2766 3698 2945 3766 ἀγαθᾶ
2976 3699 3084 3750 ἀπὸ
3130 3698 3227 3765 τῆς
3263 3697 3361 3766 γῆς
3400 3700 3494 3749 καὶ
3532 3698 3638 3751 ἀπ),
3671 3696 3767 3765 τῆς
3796 3696 3999 3749 θαλάσ-

2430 3808 2528 3858 σης
2560 3790 2809 3842 ἀνατελεί
2835 3788 3084 3849 πλούσια,
3114 3790 3206 3840 καὶ
3253 3788 3402 3839 ἔσται
3428 3788 3486 3839 ὗν
3513 3788 3708 3857 τρόπον
3732 3785 3873 3857 ἦσαν
3904 3789 3997 3840 ἐπὶ

2427 3881 2520 3933 τοῦ
2570 3880 2687 3934 Νῶε
2743 3882 2800 3933 ἐν
2851 3881 3153 3950 ἀμεριμνίᾳ
3212 3880 3629 3950 εὐφραινόμενοι
3684 3879 3878 3949 μέχρις
3934 3874 3999 3932 οὗ

2428 3968 2589 4043 ἦλθεν
2622 3972 2650 4024 6
2679 3972 3082 4041 κατακλυσμός.

762 4084 925 4137 quam
979 4067 1113 4120 mari
1172 4067 1472 4130 exorietur,
1540 4074 1669 4120 tunc
1720 4066 1956 4135 denique
2017 4065 2322 4121 referentur
2394 4076 2638 4134 tempora
2717 4065 2980 4129 Noetica,
3032 4066 3247 4121 ouaudo
3295 4064 3549 4119 vivebant
3599 4064 3716 4118 sine
3763 4077 3895 4117 cura
3941 4069 4001 4113 et

764 4165 1083 4221 laetabantur
1110 4164 1289 4219 cuncti
1312 4204 1326 4228 ,
1355 4163 1527 4217 donec
1554 4163 1927 4232 superveniret
1964 4163 2249 4216 diluvium.

834 4258 959 4311 212.
996 4258 1131 4310 Cum
1174 4258 1453 4311 transierit
1486 4268 1755 4326 sceptrum
1784 4258 1932 4325 regni
1964 4258 2139 4323 istius,
2171 4257 2326 4318 inju-

765 4349 891 4402 nnis
940 4349 1041 4399 erit
1088 4347 1412 4415 principium
1472 4347 1739 4401 dolorum.
1789 4347 1942 4401 Tunc
1988 4348 2129 4400 enim
2185 4350 2325 4402 filius

764 4438 1065 4507 iniquitatis
1107 4438 1484 4500 suscitabitur,
1530 4439 1619 4507 qui
1652 4438 2027 4492 dominaturus
2058 4449 2136 4491 cst
2166 4440 2217 4491 in
2250 4439 2325 4492 ci-

2504 4252 2625 4323 σιβ¹.
2657 4252 3026 4323 Παρελθόντος
3068 4250 3123 4302 δὲ
3151 4250 3244 4302 τοῦ
3284 4251 3563 4320 σκήπτρου
3595 4249 3830 4309 ἐκείνου,
3863 4249 4003 4301 ἀνα-

2434 4345 2721 4411 στήσονται
2770 4343 2934 4411 ἀρχαὶ
2986 4341 3185 4392 όδυνῶν
3236 4342 3367 4394 Τότε
3417 4341 3778 4407 ἀναστήσεται
3809 4340 3837 4390 6
3882 4340 4001 4401 υίὸς

2432 4438 2530 4503 τῆς
2560 4434 2813 4502 ἀνομίας,
2858 4434 2951 4485 καὶ
2981 4432 3290 4501 βασιλεύσει
3334 4433 3393 4483 ὲν
3433 4434 3498 4501 τῇ
3543 4431 3690 4483 πόλει
3722 4430 3821 4499 ἔτη
3872 4432 4002 4500 τρία

766 4532 930 4582 vitate
964 4529 1062 4581 hac
1088 4543 1261 4582 annos
1295 4537 1405 4582 tres
1433 4543 1555 4581 eum
1594 4529 1846 4582 dimidio:
1892 4538 2204 4597 tantamque
2246 4529 2329 4582 in-

2433 4525 2623 4595 ήμισυ,
2656 4513 2992 4591 καίποιήσει
3019 4524 3247 4590 ἀνομίαν
3274 4521 3549 4588 γενέσθαι,
3574 4522 3660 4573 οἵα
3684 4520 3745 4572 οὐ
3776 4522 4004 4587 γέγονεν

769 4620 1016 4674 tioducet
1070 4619 1282 4672 vivendi
1339 4620 1662 4683 licentiam,
1724 4631 1922 4689 quanta
1981 4620 2049 4673 ab
2105 4619 2328 4673 exordio

769 4709 956 4763 mundi
989 4707 1171 4762 audita
1198 4725 1303 4763 non
1339 4708 1439 4763 ftiit
1468 4724 1567 4765 nec
1596 4709 1849 4764 audietur
1878 4709 2167 4775 deiueeps;
2202 4709 2324 4761 talia

769 4802 966 4869 quippe
1003 4801 1264 4854 doctrina:
1302 4816 1414 4855 sum
1457 4801 1653 4870 placita
1691 4801 2060 4869 pronuntiabit
2108 4818 2121 4854 :
2173 4800 2327 4854 Pater

772 4890 926 4952 filim,
963 4892 1102 4947 filius
1129 4892 1329 4955 matri,
1373 4891 1539 4945 frater
1581 4893 1753 4945 sorori
1786 4891 2245 4954 commiscentor;
2282 4891 2326 4943 si

766 4983 891 5050 quis
933 4983 1288 5044 recusaverit.
1320 4990 1490 5035 morte
1539 4982 1775 5051 punitor.
1833 4980 1900 5034 At
1943 4983 1988 5036 is
2035 4997 2159 5035 cum
2208 4996 2330 5050 pro-

839 5138 953 5206 (12)
1012 5135 1125 5192 lloc
1168 5136 1384 5190 nomine
1433 5152 1539 5190 non
1595 5137 1770 5190 solum
1826 5135 2159 5189 Sarracenos
2198 5133 2329 5201 (qui

770 5210 989 5277 preprie
1031 5222 1096 5277 es
1135 5207 1406 5277 Arabibus
1430 5246 1447 5271 ,
1483 5208 1716 5274 posteris
1753 5206 1967 5277 ⁸Ιιςιιιιιιξι
1997 5243 2012 5267 ,
2061 5208 2327 5272 procreati

767 5275 1027 5331 dicuntur
1060 5276 1153 5329 filii
1186 5275 1372 5344 Agar),
1407 5279 1500 5329 so-d
1531 5291 1720 5329 omnes
1750 5275 2177 5334 Maliometauos.
2200 5288 2334 5344 piae-

768 5350 954 5399 sertiui
990 5344 1197 5399 Turcos
1237 5342 1513 5412 intelligo;
1554 5346 1676 5397 licet
1719 5346 1770 5397 hi
1818 5345 2103 5397 videantur
2136 5358 2165 5394 e
2196 5342 2328 5410 Ssy-

770 5416 880 5469 thia
930 5416 1191 5483 originem
1237 5415 1448 5467 trahere
1480 5432 1495 5464 :
1530 5414 1809 5467 Mahomed
1854 5416 2021 5473 enim,
2060 5413 2219 5479 cujus
2258 5416 2332 5483 le-

769 5501 885 5553 gem
922 5482 1276 5552 profitentur,
1326 5484 1606 5551 Agarenus
1657 5487 1775 5535 fuit.
1833 5484 1965 5546 Quae
2010 5491 2188 5533 autem
2246 5482 2332 5533 hic

769 5557 1019 5607 dicuntur
1058 5554 1123 5605 de
1157 5554 1524 5605 Romanorum
1568 5567 1688 5620 rege
1714 5592 1726 5613 ,
1760 5553 2038 5619 Agaienos
2068 5555 2329 5620 extetmi-

768 5635 1008 5684 naturo,
1053 5622 1304 5677 videntur
1354 5632 1604 5687 exparte
1634 5619 1893 5690 compleri
1951 5623 2002 5674 in
2060 5619 2329 5687 Leopoldo

761 5694 1047 5762 Augusto;
1107 5694 1192 5743 eui
1229 5706 1418 5744 omnes
1457 5692 1580 5743 boui
1633 5700 1855 5759 optant,
1909 5703 1963 5740 ut
2016 5700 2327 5755 recuperata

768 5761 882 5829 ipsa
935 5762 1099 5813 etiam
1148 5761 1644 5827 Constantinopoli,
1697 5772 1857 5828 atque
1906 5762 2115 5826 Europa
2156 5770 2263 5811 tota
2297 5775 2326 5810 a

770 5834 1026 5885 sordibus
1080 5832 1452 5885 Mahometicis
1500 5843 1801 5900 iepmgata,
1866 5829 2149 5901 Ᾰίεννιυιιι
2188 5844 2326 5889 quo--

2433 4618 2526 4669 ἀπ’
2559 4616 2733 4684 ἀρχῆς
2781 4614 3005 4683 κόσμου.
3046 4612 3165 4664 οὐδὲ
3213 4612 3288 4679 μή
3334 4613 3663 4679 γενήσεται⁸
3713 4610 4003 4674 καθεσθεὶς

2433 4708 2540 4775 γὰρ
2565 4706 2876 4773 δογματίσει
2897 4702 3139 4766 τοιαῦτα,
3169 4702 3315 4761 ὅπως
3338 4700 3591 4768 μίγνυται
3620 4699 3802 4769 πατὴρ
3832 4700 4003 4766 θυγα-

2433 4798 2542 4867 τρὶ,
2585 4798 2677 4849 καὶ
2713 4797 2825 4857 υίὸς
2856 4796 3045 4865 μητρὶ,
3084 4793 3177 4844 καὶ
3208 4792 3431 4861 ἀδελφὸς
3461 4791 3661 4861 ἀδελφῇ
3688 4807 3704 4822 ⁸
3736 4792 3783 4842 εἰ
3814 4790 3873 4843 δὲ
3905 4791 4003 4860 μὴ,

2434 4892 2462 4940 6
2506 4888 2775 4957 ἀνταίρων
2816 4886 3028 4954 θανάτῳ
3065 4884 3404 4939 ἀποθανέτω.
3436 4884 3544 4937 Καὶ
3571 4885 3600 4935 6
3626 4880 3870 4943 τοιοῦτος
3904 4884 4006 4934 σὺν

2436 4980 2513 5050 τῷ
2559 4979 2855 5049 Προδρόμῳ
2896 4977 3116 5049 Ἰωάννῃ
3164 4975 3638 5045 κατασταθήσεται
3673 4974 3785 5043 (Η)
3832 4976 3892 5025 ἐν
3935 4975 4004 5042 τῇ

2430 5150 2533 5202 que
2564 5142 2619 5187 et
2663 5134 2882 5195 Asiam,
2928 5132 3191 5187 hactenus
3236 5147 3264 5183 a
3311 5128 3506 5184 Turcis
3549 5130 3815 5202 insessam
3845 5169 3861 5192 ,
3897 5129 4001 5182 sibi

2434 5201 2595 5256 faciat
2640 5204 3002 5255 tributariam.
3047 5202 3241 5260 Certe.
3273 5202 3574 5253 Secundum
3626 5201 3846 5251 oracula
3889 5201 4001 5261 illa,

2432 5290 2551 5338 qua:
2582 5275 2681 5325 sub
2714 5270 2911 5324 Leonis
2987 5271 3179 5339 Magni
3201 5272 3418 5323 nomine
3454 5285 3650 5323 excusa
3707 5270 4001 5328 habentur.

2433 5337 3091 5408 Constautinopolitannni
3140 5337 3442 5391 Turcoruiu
3493 5339 3817 5406 imperium.
3852 5340 3999 5402 quod

2439 5414 2490 5463 in
2526 5411 2828 5463 Mahomete
2862 5411 3035 5477 primo
3066 5410 3249 5475 cmpit,
3289 5408 3449 5461 linem
3494 5418 3744 5474 Speratur
3778 5409 4000 5458 habitu-

2437 5497 2558 5533 rum
2598 5482 2648 5531 in
2695 5491 2892 5547 quarto
2935 5479 3097 5540 hujus
3135 5479 3415 5547 nominis.

2509 5551 2619 5617 (I5)
2664 5544 2874 5607 ιιακτα,
2906 5566 3009 5599 non
3041 5557 3247 5599 tantum
3279 5564 3342 5598 ex
3374 5545 3576 5597 Latinae
3607 5544 3840 5617 originis
3872 5561 4001 5612 pro-

2439 5615 2665 5686 prietate
2700 5620 2955 5669 dicuntur
2987 5619 3216 5685 μειλίνη,
3256 5618 3347 5668 sed
3380 5617 3540 5667 etiam
3577 5615 3774 5686 tributa
3800 5632 3865 5665 ex
3901 5620 4002 5667 ler-

2436 5682 2562 5741 ilere
2604 5690 2824 5751 debita;
2862 5682 3001 5739 unde
3064 5689 3205 5753 apud
3247 5686 3545 5738 Meursium
3595 5686 3648 5736 in
3696 5682 4003 5745 Glossario,

2438 5760 2737 5809 πακτιὼται
2767 5796 2780 5817 ,
2832 5757 3116 5807 tributarii.

2508 5828 2619 5895 (Η)
2657 5826 2710 5879 lit
2746 5841 2972 5894 utroque
3005 5842 3106 5879 nis.
3135 5837 3215 5879 est
3252 5824 3708 5893 κατατσγήσεται.
