4202 6434
778 444 884 512 87'.

1843 437 2261 499 NlCEl‘ilORI
2302 437 2777 498 PRESBYTERI
2822 438 2927 498 CP.

3930 430 4039 492 872

778 560 921 616 Filio
966 556 1101 627 (42).
1137 553 1370 622 denique
1418 552 1727 606 nolentibus
1768 552 1821 606 in
1875 567 1934 606 se
1982 551 2204 606 credere
2234 566 2356 604 om-

2474 548 2550 601 τοῦ
2599 549 2693 601 καὶ
2731 547 2826 601 τοῦ
2874 545 3147 601 Δεσπότου
3195 544 3433 618 Χριστοῦ
3495 543 3729 612 πόλεμος
3782 541 4037 611 φοϐερὸς,

785 654 967 703 uilius.
1029 648 1185 701 Tune
1232 646 1376 699 inter
1430 645 1606 711 ipsum
1659 652 1714 697 et
1765 643 2051 696 Dominum
2106 652 2351 695 nostrum

779 742 965 794 Jesum
1007 738 1291 791 Christum
1329 739 1431 789 erit
1476 734 1675 787 bellum
1709 733 1986 799 terribile;
2018 742 2072 787 et
2097 732 2355 800 quoniam

781 832 1016 899 denique
1070 829 1245 898 palam
1307 828 1397 879 ﬁet
1460 826 1637 893 ipsum
1689 823 1915 876 immani
1970 824 2149 879 furore
2206 821 2356 889 rapi,

783 908 1032 992 «(Eloque
1075 936 1134 975 se
1174 932 1488 988 opponere,
1541 915 1772 969 fulmina
1806 914 2072 969 eliciendo
2098 953 2113 978 ,
2165 912 2359 966 ciendo

783 1018 1020 1067 tonitrua
1048 1054 1060 1076 ,
1122 1020 1443 1077 tantumque
1491 1007 1759 1077 fragorem
1801 1006 2071 1070 faciendo,
2116 1013 2176 1057 ut
2203 1013 2355 1067 quot-

783 1117 916 1176 quot
966 1104 1213 1157 incolunt
1266 1115 1531 1155 terrarum
1568 1100 1752 1151 urbem
1798 1097 2113 1149 universum
2151 1094 2363 1163 percul-

783 1213 947 1253 surus
980 1195 1299 1249 terribiliter
1328 1204 1380 1246 et
1414 1190 1829 1246 exanituatnrus
1872 1187 1965 1240 sit.
1994 1185 2197 1255 Ecquis
2247 1195 2360 1238 ltlm

783 1290 1045 1358 temporis
1074 1302 1182 1340 non
1223 1282 1611 1339 contremiscet
1636 1321 1654 1343 ,
1704 1280 1827 1348 quis
1858 1295 1964 1332 non
1997 1278 2249 1345 pavebit,
2289 1276 2361 1329 liti

786 1380 895 1431 mi?
920 1379 1093 1441 Beati,
1117 1378 1209 1445 qui
1238 1385 1368 1428 tunc
1398 1374 1451 1425 in
1484 1371 1715 1425 Domino
1742 1381 1931 1425 nostro
1957 1368 2086 1422 Jcsu
2119 1369 2361 1431 Christo,

780 1487 911 1525 vero
947 1473 1053 1524 Deo
1080 1510 1094 1533 ,
1142 1482 1249 1521 non
1286 1464 1845 1520 seamlalizabuntur!
1890 1462 2031 1514 beati
2059 1500 2074 1521 .
2128 1461 2221 1530 qui
2255 1476 2362 1513 non

787 1563 1193 1631 separabantur
1214 1574 1242 1609 a
1276 1566 1478 1631 sani-ta:
1509 1554 1747 1623 Virginis
1772 1552 1955 1606 Mariae
1990 1550 2161 1604 Filio!
2197 1550 2363 1614 beati,

786 1654 880 1719 qui
911 1651 1115 1702 amoris
1143 1649 1317 1717 ipsius
1340 1660 1504 1699 causa
1534 1652 1763 1715 mortem
1792 1641 2041 1701 obibunt,
2069 1642 2360 1691 draconem

787 1746 968 1812 ipsum
997 1740 1319 1795 inferualem
1349 1750 1403 1794 et
1432 1752 1650 1792 errores
1683 1735 1801 1801 ejus
1834 1733 1888 1786 in
1915 1732 2111 1785 faciem
2138 1744 2366 1799 arguere

786 1835 922 1889 nihil
955 1836 1144 1888 veriti!
1180 1834 1322 1887 beati
1363 1833 1598 1899 denique
1646 1843 1834 1881 omnes
1871 1825 1962 1895 qui
2003 1834 2189 1878 contra
2215 1839 2369 1878 eum-

785 1931 907 1982 dem
941 1928 1169 1981 viriliter
1222 1924 1647 1993 depugnabant,
1700 1920 1927 1989 ejusque
1964 1918 2367 1987 immanitatem

788 2034 1043 2089 generose
1076 2014 1510 2086 reprehendent;
1544 2016 1619 2068 illi
1663 2031 1853 2083 nempe
1886 2011 2177 2067 luminaria
2214 2025 2364 2079 qua:-

788 2115 911 2164 ilaut
944 2121 1123 2175 terrae,
1159 2111 1233 2162 illi
1268 2110 1474 2179 pugiles
1497 2108 1702 2171 deteri,
1744 2108 1815 2159 illi
1851 2108 2083 2158 uniones
2116 2102 2362 2171 pretiosi.

788 2204 860 2258 illi
907 2220 1101 2257 suaves
1126 2245 1141 2268 ,
1183 2203 1435 2268 jucunda:
1491 2215 1553 2253 ac
1593 2200 1750 2251 melle
1807 2199 2081 2250 dulciores
2114 2195 2353 2248 animat:

2461 641 2599 693 ὲπάν
2631 639 2818 711 γνώσῃ
2866 639 2975 711 πρὸ
3021 638 3210 699 τέλους
3245 638 3446 706 μανίαν
3503 634 3682 704 δεινὴν
3735 635 3906 704 ἔχειν,
3944 635 4040 685 καὶ

2462 732 2601 802 πρὸς
2631 730 2859 800 οὐρανὸν
2885 728 3273 800 ἀντιπράξεται
3299 728 3648 793 ἀστράπτων,
3675 727 3769 778 καὶ
3796 725 4039 796 βροντῶν

2459 826 2555 877 καὶ
2600 822 2838 880 κτύπους
2870 822 3061 881 ποιῶν,
3094 822 3233 875 ὥστε
3259 819 3337 891 τῷ
3365 820 3480 890 ἤχῳ
3514 821 3610 889 τῆς
3644 818 3771 889 βοῆς
3813 818 3917 883 τὴν
3946 816 4043 870 ὑπ’

2464 916 2696 985 οὐρανὸν
2726 913 2946 982 Emicat
2976 913 3072 964 καί⁵
3098 912 3481 982 περιηγεῖσθαι
3511 911 3777 981 φοϐερῶς.
3818 908 3935 961 Καὶ
3958 910 4040 971 τίς

2460 1003 2581 1053 τότε
2615 1004 2677 1055 οὐ
2722 1001 3132 1071 θαμὸηθήσεται
3162 1002 3256 1055 καὶ
3284 1000 3498 1071 πτήξει,
3524 1000 3715 1051 τέκνον
3761 998 4041 1067 γλυκύταο

2460 1111 2553 1146 τον
2579 1110 2596 1160 ;
2627 1095 2905 1162 Μακάριοι
2960 1092 3081 1145 τότε
3133 1093 3331 1154 οἰτινες
3369 1093 3430 1145 οὐ
3485 1091 4039 1161 σκανδαλισθήσονται

2465 1184 2522 1236 ὲν
2548 1182 2624 1251 τῷ
2650 1183 2894 1253 Δεσπὸτῃ
2918 1182 3071 1252 ἡμῶν
3101 1180 3323 1250 Χριστῷ
3345 1182 3425 1249 τῷ
3453 1179 3691 1249 ἀληθινῷ
3714 1179 3834 1249 θεῷ
3862 1180 4042 1250 ἡμῶν.

2469 1276 2749 1345 Μακάριοι
2820 1277 2941 1327 τότε
3002 1277 3197 1338 οἵτινες
3287 1274 3388 1326 οὐκ
3458 1274 3904 1343 ἀποσχοινίσουσι
3955 1275 4048 1327 τὸν

2466 1369 2795 1439 γεννηθέντα
2822 1368 2886 1419 ὲκ
2917 1368 3016 1435 τῆς
3056 1368 3219 1433 ἁγίας
3251 1365 3528 1436 Παρθένου
3580 1367 3820 1438 Μαρίας.
3854 1366 4052 1419 Μακά-

2472 1480 2579 1533 ριοι
2608 1461 2803 1521 οἵτινες
2847 1458 2935 1511 διὰ
2964 1458 3063 1527 τὴν
3106 1459 3331 1527 ἀγάπην
3362 1455 3524 1511 αὐτοῦ
3572 1456 3927 1517 ἀποθανοῦσι,
3951 1457 4054 1507 καὶ

2467 1554 2747 1623 ἐλέγξουσι
2795 1552 2937 1605 κατά
3003 1551 3298 1619 πρόσωπον
3350 1552 3442 1602 τὸν
3488 1548 3757 1618 δράκοντα
3801 1551 3896 1602 καὶ
3953 1549 4056 1616 τὴν

2469 1647 2634 1699 αὑτοῦ
2666 1645 3063 1711 ἀποπλάνησιν.
3095 1642 3373 1711 Μακάριοι
3399 1641 3513 1692 ὅσοι
3537 1640 3676 1693 κατὰ
3704 1638 3796 1693 τοῦ
3823 1640 4055 1707 δράκον-

2466 1754 2556 1799 τος
2605 1736 3087 1805 ἀνδρυνθήσονται,
3146 1733 3241 1786 καὶ
3266 1732 3527 1799 γενναίως
3558 1734 3625 1784 τὰ
3675 1732 3825 1785 δεινά
3884 1732 4054 1782 αὐτοῦ

2471 1826 2819 1899 ἐλέγξουσιν·
2871 1826 2921 1877 οἱ
2978 1824 3286 1892 φωστῆρες,
3327 1824 3377 1875 οί
3433 1823 3646 1891 ὡραῖοι,
3698 1824 3749 1875 οἱ
3801 1825 4055 1891 φίλτατοι

2481 1919 2837 1990 μαργαρῖται,
2868 1917 2924 1968 αἱ
2967 1914 3226 1990 »γλυκεῖαι
3272 1914 3513 1983 καρδίαι,
3555 1915 3648 1968 καὶ
3696 1916 3935 1982 τερπναὶ
3961 1914 4058 1964 καὶ

2480 1988 2818 2082 μελίρρυτοι,
2851 2009 2946 2061 καὶ
2966 1988 3089 2059 ’ὅσοι
3122 2008 3202 2069 εἰς
3242 2007 3460 2075 Πατέρα
3488 2008 3582 2059 καὶ
3612 2006 3741 2059 Υίὸν
3770 2012 3863 2058 καὶ
3897 2008 4059 2071 ἆγιον

2475 2103 2718 2171 Πνεῦμα,
2754 2103 2832 2163 είς
2883 2102 2983 2170 τὴν
3022 2100 3185 2166 ἀγίαν
3231 2100 3327 2153 καὶ
3377 2098 3662 2168 ὀμοούσιον
3714 2099 3928 2165 Τριάδα
3956 2099 4058 2167 τὴν

2469 2190 2753 2256 ζωοποιδν,
2786 2189 3175 2242 πιστεύσωσιν.

790 2300 864 2351 uti
904 2309 957 2350 et
1000 2310 1189 2348 omnes
1227 2295 1317 2363 qui
1370 2299 1420 2345 in
1467 2293 1684 2345 l’atrem
1713 2302 1766 2345 et
1797 2290 1994 2343 Filium
2039 2300 2091 2342 et
2122 2296 2370 2342 sanetum
2415 2285 2703 2355 Spiritum,
2733 2290 2973 2338 sanctam
3037 2290 3092 2335 et
3153 2282 3669 2336 consubstantialem
3705 2282 4058 2347 Trinitatem,

788 2406 919 2459 quae
958 2389 1121 2441 vitam
1162 2388 1355 2440 tribuit
1380 2386 1655 2448 omnibus,
1688 2382 1948 2438 credituri
1976 2390 2121 2437 sunt.

857 2486 984 2540 228.
1023 2483 1258 2536 Sedebat
1299 2482 1489 2535 beatus
1523 2479 1768 2532 Andreas
1800 2493 1922 2531 cum
1956 2477 2145 2529 isthazc
2179 2475 2367 2539 loque-

792 2588 993 2631 retur:
1048 2572 1386 2642 Epiphanius
1446 2585 1572 2623 vero
1620 2569 1884 2630 audiens,
1941 2580 2062 2635 qua:
2110 2572 2366 2617 eventura

791 2677 946 2721 erant
988 2668 1243 2719 universo
1282 2662 1486 2714 mundo
1527 2698 1542 2723 ,
1588 2660 1833 2727 plorabat
1863 2673 1925 2711 ac
1957 2656 2193 2726 graviter
2224 2654 2370 2721 iugc-

794 2762 1095 2819 niiscebat,
1135 2758 1213 2811 uti
1265 2756 1467 2821 sa‘pius
1502 2756 1707 2806 dictum
1737 2760 1839 2815 est,
1879 2750 2046 2803 multa
2084 2747 2374 2800 commisc-

795 2853 1005 2905 ratione
1036 2858 1234 2903 tactus.
1270 2848 1473 2912 Deinde
1506 2847 1586 2897 sic
1628 2842 1897 2895 Andream
1923 2838 2122 2893 affatur
2157 2855 2170 2890 :
2210 2835 2372 2889 Edis-

796 2958 938 3007 sere,
961 2957 1168 3013 quazso,
1208 2940 1338 2993 mihi
1363 2979 1378 3005 ,
1411 2937 1604 2991 amabo
1635 2946 1706 2995 te,
1731 2949 1839 3002 quo
1878 2943 2034 3002 pacto
2056 2932 2367 2983 universum

798 3049 970 3103 genus
1028 3034 1328 3085 humanum
1379 3046 1407 3083 e
1459 3028 1618 3083 terris
1678 3025 2015 3086 tollendum,
2075 3030 2241 3089 atque
2298 3018 2369 3071 ita

798 3126 994 3179 deinde
1049 3133 1486 3177 resurrecturum
1541 3121 1634 3174 sit.
1695 3119 1794 3172 Cui
1853 3118 2087 3169 Sanctus
2136 3130 2150 3165 :
2224 3111 2375 3163 Alios

2539 2463 2677 2534 σκη’.
2698 2461 2885 2517 Ταῦτα
2906 2463 2997 2515 τοῦ
3031 2462 3300 2532 μακαρίου
3340 2462 3704 2532 καθεζομένου
3745 2468 3838 2517 καὶ
3861 2466 4059 2534 λέγον-

2466 2575 2577 2620 τος,
2628 2555 2947 2623 Ἐπιιρανίου
2978 2554 3034 2606 δὲ
3078 2553 3368 2615 ἀκούοντος
3397 2554 3465 2605 τά
3511 2556 3771 2621 μέλλοντα
3801 2561 4064 2623 γενέσθαι

2470 2649 2607 2700 κατᾶ
2631 2648 2728 2717 τὴν
2759 2645 3104 2715 οἰκουμένην,
3139 2646 3357 2714 ἐθρήνει
3387 2646 3449 2696 ὲκ
3486 2645 3693 2714 βαθέων
3710 2652 4062 2719 στεναγμῶν,

2473 2743 2654 2805 καθώς
2674 2741 2931 2802 πολλάκις
2952 2740 3185 2809 εἴρηται,
3200 2740 3341 2807 ἄγαν
3356 2741 3641 2811 συμπαθὴς
3663 2744 4062 2812 ἐχρημάτιζεν.

2480 2832 2612 2884 Εἶτα
2661 2832 2809 2899 λέγει
2857 2831 2990 2898 προς
3048 2831 3138 2883 τὸν
3172 2831 3351 2882 ὅσιον·
3395 2834 3595 2899 Δέομαί
3627 2850 3741 2894 σου,
3788 2838 3912 2887 εἰπέ
3947 2855 4065 2904 μοι,

2481 2925 2596 2987 πῶς
2645 2925 2829 2992 μέλλει
2858 2922 2966 2975 ἀπὸ
2994 2922 3093 2990 τῆς
3135 2926 3238 2992 γῆς
3273 2922 3671 2992 ἀπαλειφθῆναι
3706 2926 3736 2993 ή
3767 2927 4065 2990 ἀνθρωπό-

2480 3032 2602 3082 της,
2636 3014 2732 3065 καὶ
2758 3013 2899 3065 οὕτω
2926 3013 3180 3078 γενέσθαι
3228 3015 3261 3082 ἡ
3304 3014 3629 3078 ἀνάστασιςς
3661 3018 3806 3084 Ἔφη
3838 3020 4063 3083 ὀὸσιοςο

2482 3107 2618 3167 Ἰοῦς
2650 3105 2749 3174 μὲν
2772 3106 2840 3158 τά
2868 3104 3089 3173 μυσαρά
3113 3104 3237 3173 ἔθνη
3266 3106 3490 3174 ἥκουσιν
3518 3108 3821 3170 ἀναλῶσαι,
3849 3111 3977 3173 τοὺς
4003 3115 4062 3165 δὲ

796 3217 1013 3285 quidem
1079 3216 1361 3278 nefandae,
1407 3228 1547 3282 quos
1603 3211 1759 3273 dixi,
1802 3217 1989 3278 gentes
2048 3203 2368 3265 conficient;

2480 3200 2535 3249 ἑν
2567 3200 2677 3259 τοῖς
2714 3196 3069 3257 πυκνοτάτοις
3093 3196 3277 3258 τόποις
3307 3197 3395 3247 καὶ
3420 3197 3678 3265 πολέμοις
3710 3199 4068 3254 θανατώσου-

798 3311 937 3361 alios
972 3309 1024 3360 in
1058 3308 1313 3361 obscuris
1354 3307 1487 3359 locis
1528 3316 1581 3357 et
1612 3304 1769 3357 bellis
1802 3299 2071 3353 necabunt
2104 3313 2118 3349 :
2152 3306 2377 3349 caeteros

802 3401 1002 3454 tlhristi
1037 3401 1220 3454 ﬁdeles
1246 3398 1503 3452 mactabit
1525 3395 1901 3449 Autichristus
1929 3410 1942 3444 :
1978 3391 2031 3443 in
2062 3388 2222 3452 hujus
2250 3398 2377 3437 vero

801 3496 1037 3549 asseclas
1076 3504 1131 3546 et
1175 3506 1471 3547 sectatores
1520 3488 1773 3541 immittet
1825 3483 2090 3537 Dominus
2121 3478 2376 3532 animalia

804 3588 1037 3641 volantia
1064 3627 1081 3652 ,
1123 3587 1188 3639 de
1222 3586 1421 3649 quibus
1466 3579 1761 3637 Ezechiel.
1804 3576 2062 3629 habentia
2100 3573 2153 3626 in
2190 3570 2378 3624 caudis

805 3682 920 3733 suis
950 3682 1109 3733 boum
1142 3676 1394 3730 stimulos
1423 3686 1628 3725 veneno
1657 3670 1884 3722 infectos
1919 3666 2065 3735 (43):
2094 3680 2123 3716 a
2156 3664 2375 3730 quibus,

803 3781 1072 3840 quotquot
1134 3770 1371 3821 salutare
1429 3774 1481 3817 et
1544 3778 1727 3815 verum
1782 3761 1984 3811 Christi
2043 3758 2257 3825 signum
2326 3753 2376 3804 iu

806 3864 1076 3917 frontibus
1129 3861 1243 3912 suis
1294 3874 1400 3910 non
1458 3856 1783 3913 habuerint,
1833 3850 2015 3919 puni-ti
2069 3858 2381 3912 venenoque

805 3955 1030 4015 infecti,
1077 3949 1427 4007 acerbissima
1483 3961 1613 4000 nece
1663 3944 1937 4013 peribunt.
1990 3938 2144 4005 Quod
2197 3938 2241 3990 si
2288 3935 2378 4003 qui

805 4049 969 4099 etiam
1020 4054 1357 4101 sanctorum,
1391 4036 1725 4089 Anticlnisto
1755 4031 2047 4101 praeteriti,
2094 4029 2145 4080 iu
2188 4027 2380 4081 solitu-

810 4138 1029 4190 dinibus
1063 4133 1264 4187 inventi
1311 4129 1553 4189 fuerint,
1604 4125 1678 4177 illi
1723 4139 1911 4177 omnes
1942 4120 2109 4173 divini
2144 4116 2380 4185 Spiritus

811 4233 1008 4281 virtute
1032 4227 1087 4281 in
1119 4232 1366 4279 sanctam
1390 4218 1664 4273 civitatem
1698 4216 1830 4267 Sion
1864 4211 2335 4281 congregabuutur
2362 4223 2378 4259 :

810 4334 861 4374 «τι
892 4322 943 4372 hi
972 4327 1130 4381 sunt,
1163 4314 1256 4384 qui
1297 4316 1351 4366 in
1384 4315 1593 4365 beatam
1631 4304 2087 4360 immortalitatem
2122 4299 2381 4353 transcri-

814 4417 1021 4464 bettlnr.
1851 4392 1859 4401 ι

880 4502 1009 4554 229.
1051 4497 1422 4551 Antichristus
1470 4509 1599 4545 vero
1627 4491 1736 4559 jam
1776 4503 2067 4557 percussus
2092 4528 2105 4549 ,
2146 4500 2380 4553 eumque

812 4595 1097 4648 thetnunits
1127 4591 1241 4643 suis
1270 4586 1700 4655 comprehensus
1724 4622 1738 4642 ,
1784 4592 1837 4632 et
1865 4580 1933 4632 ab
1966 4578 2151 4644 ignitis
2182 4577 2390 4645 angelis

816 4690 871 4738 in
914 4680 1129 4735 vincula
1166 4678 1577 4742 custodiamque
1615 4682 1839 4738 raptus,
1877 4674 1942 4720 ad
1975 4665 2120 4718 Judii
2140 4667 2183 4717 is
2223 4665 2389 4717 divini

816 4773 1053 4827 tribunal
1088 4768 1455 4839 protrahetur,
1485 4774 1540 4816 et
1584 4762 1916 4820 animarum,
1949 4772 2087 4825 quas
2122 4759 2172 4807 in
2206 4756 2389 4822 perni-

816 4867 952 4921 ciem
987 4861 1238 4931 impulit,
1273 4856 1536 4911 rationem
1566 4850 1950 4920 postulabitur.
1980 4845 2135 4899 Tune
2177 4856 2231 4899 et
2261 4846 2388 4897 tuba

816 4961 1062 5025 clanget,
1098 4962 1152 5006 et
1203 4947 1405 5003 mortui
1453 4954 1734 5013 resurgent
1786 4940 2085 5008 incorrupti
2129 4955 2143 4990 :
2199 4936 2390 4990 deinde

820 5050 936 5113 illi,
971 5047 1063 5116 qui
1101 5046 1283 5097 vivunt
1309 5079 1324 5103 .
1378 5050 1435 5094 ut
1468 5038 1708 5105 loquitur
1759 5032 1820 5088 Ι).
1852 5032 2053 5085 Paulus
2074 5031 2117 5061 "
2141 5072 2155 5095 ,
2185 5030 2387 5097 quique

822 5145 874 5196 in
911 5141 1200 5192 adventum
1232 5133 1438 5187 Domini
1488 5128 1660 5184 relicti
1708 5136 1874 5190 sunt,
1925 5124 1979 5177 in
2033 5125 2140 5175 ictu
2172 5121 2312 5173 oeuli
2356 5134 2385 5171 a

820 5231 1172 5299 corruptione
1199 5228 1251 5279 in
1275 5223 1736 5293 incorruptionem
1758 5219 1973 5281 mutati,
1993 5215 2152 5269 simul
2172 5214 2385 5282 rapien-

892 5405 936 5435 "
981 5406 995 5456 l
1028 5400 1154 5456 Cor.
1193 5413 1284 5463 xv,
1314 5395 1403 5449 52.

899 5580 1013 5650 (ω)
1050 5575 1163 5630 lloc
1193 5576 1237 5650 si
1276 5575 1405 5650 fiat,
1473 5570 1759 5650 mplebitur
1789 5567 1855 5650 a'd
1896 5566 2132 5647 litteram
2156 5605 2171 5629 ,
2220 5563 2389 5644 quod,

827 5642 935 5705 non
972 5637 1149 5702 solum
1192 5644 1432 5709 Jacobi»,
1470 5637 1562 5696 sed
1590 5642 1753 5695 etiam
1801 5637 1996 5692 Joauni
2029 5637 2390 5709 communiter

830 5722 1074 5791 puelixit
1117 5717 1366 5769 Christus
1392 5706 1673 5791 {calicem
1717 5711 1845 5791 eius
1887 5710 2183 5766 bibitur-os,
2224 5706 2272 5757 iit
2310 5714 2392 5757 est

830 5777 1145 5859 iuartyrium
1169 5800 1457 5859 passuros.
1482 5784 1613 5835 Nam
1642 5786 1788 5849 quod
1824 5778 2081 5830 ferventis
2108 5780 2210 5829 olei
2248 5777 2391 5826 dolio

833 5856 1110 5914 immissus
1158 5856 1393 5910 Joannes
1450 5866 1552 5911 est.
1616 5864 1905 5905 martVrt-ut
1938 5864 2058 5899 eum
2112 5861 2232 5899 vere
2287 5860 2393 5896 non

2488 3307 2559 3349 σι,
2610 3291 2735 3347 τοὺς
2781 3287 2839 3340 δὲ
2886 3288 3212 3349 ὑπολοίπους
3257 3290 3479 3349 πιστοὺς
3524 3292 3552 3341 ὁ
3599 3290 3970 3360 Ἀντίίριστος
4006 3298 4065 3347 ἐν

2488 3380 2674 3449 Κυρίῳ
2700 3379 2967 3431 ἀναλώσει
2993 3396 3006 3409 ·
3033 3379 3146 3431 ὅσοι
3176 3379 3230 3430 δὲ
3257 3380 3332 3446 τῷ
3374 3382 3727 3452 ’Λντιχρῖστῳ
3756 3388 4071 3437 πιστεύσω-

2488 3489 2592 3533 σιν,
2628 3470 2913 3523 ἀποστελεῖ
2947 3471 3146 3537 Κύριος
3169 3470 3198 3520 ὁ
3233 3471 3364 3533 Θεὸς
3395 3473 3560 3541 θηρία
3594 3476 3887 3542 πετόμενα,
3922 3480 4069 3529 κατὰ

2486 3564 2576 3613 τὸν
2624 3562 2902 3628 Ίεζεκιὴλ,
2937 3560 3128 3629 ἔχοντα
3158 3562 3213 3611 ἐν
3243 3565 3361 3622 ταῖς
3392 3565 3579 3632 οὐραῖς
3612 3565 3791 3616 αὐτῶν
3839 3567 4066 3634 βούκεν-

2487 3670 2592 3723 τρα
2628 3654 2708 3704 ἰοῦ
2745 3652 3174 3721 μεμεστωμένα³
3212 3654 3304 3703 καὶ
3351 3654 3464 3704 ὅσοι
3506 3656 3603 3723 οὐχ
3650 3656 3830 3717 ἕξουσι
3862 3659 3921 3707 τὸ
3973 3677 4069 3725 an-

2490 3747 2639 3812 μεῖον
2674 3744 2772 3811 τῆς
2799 3743 3056 3810 γραςίδος
3096 3743 3190 3795 τοῦ
3234 3743 3467 3811 Χριστοῦ
3502 3748 3636 3796 σώον
3673 3748 3764 3797 καὶ
3806 3750 4069 3800 ἁκέοαιον

2487 3840 2543 3889 ἑν
2575 3838 2683 3895 τοῖς
2722 3834 2990 3903 μετώποις
3024 3835 3220 3896 αὐτῶν,
3255 3835 3357 3885 ὑπὸ
3392 3837 3497 3888 τῶν
3530 3838 3735 3906 θηρίων
3767 3842 4069 3908 xeno-5515.

2487 3943 2567 3977 νοι
2598 3927 2693 3976 καὶ
2728 3925 2788 3992 ἱῴ
2818 3924 3296 3993 χαλεπαινὸμενοι,
3333 3924 3545 3993 θανάτῳ
3588 3927 3769 3996 πικρῷ
3798 3930 4062 3997 τελευτή-

2490 4036 2697 4072 σουσιν.
2732 4020 2865 4071 Τὸτε
2921 4017 2975 4069 εί
3020 4036 3104 4080 τις
3151 4019 3261 4070 τῶν
3319 4020 3489 4086 ἁγίων
3540 4022 3714 4072 λαθών
3763 4023 3839 4090 τῷ
3890 4026 4061 4075 Ἀντι-

2487 4110 2718 4178 χρίστιρ,
2762 4109 3119 4179 εὑρεθήσεται
3170 4112 3226 4161 ἐν
3280 4111 3580 4179 ἐρημίαις·
3613 4118 3703 4163 καὶ
3758 4112 4007 4175 ἅπαντας
4038 4118 4066 4164 ὁ

2489 4201 2695 4269 Κύριος
2728 4201 3003 4266 πνεύματι
3031 4200 3309 4267 δυνάμεως
3338 4201 3499 4251 αὑτοῦ
3545 4204 3601 4251 ὲν
3624 4207 3687 4271 τῇ
3726 4203 3856 4273 ἁγία
3909 4204 4065 4253 πόλει

2489 4292 2625 4341 Σιὼν
2660 4291 2937 4360 ἀθροίσει·
2970 4288 3113 4343 οὗτοί
3164 4292 3301 4341 εἰσιν
3331 4291 3380 4341 οἱ
3423 4292 3727 4360 γραξέντες
3776 4295 3855 4354 είς
3891 4294 4060 4360 ζωήν.

2562 4477 2700 4529 σκθ’.
2733 4476 3238 4543 ΤοῦἈντιχρίστου
3280 4477 3334 4528 δὲ
3382 4476 3479 4545 ήδη
3532 4477 3925 4545 παταχθέντος,
3972 4481 4063 4531 καὶ

2423 4556 2468 4611 ί)
2498 4569 2592 4620 σὺν
2621 4570 2731 4629 τοῖς
2763 4566 3014 4633 δαίμοσιν
3047 4566 3211 4617 αὑτοῦ
3246 4566 3656 4632 συλληφθέντος,
3694 4567 3791 4618 καὶ
3825 4569 3933 4619 ὑπὸ
3964 4586 4061 4621 πυ-

2494 4660 2655 4727 ρίνων
2684 4658 2929 4725 ἀγγέλων
2959 4656 3345 4726 δεσμευθέντος
3375 4659 3468 4708 καὶ
3506 4656 3939 4724 φυλασσομένου,
3989 4661 4061 4728 τῷ

2491 4750 2757 4821 κριτηρίῳ
2805 4749 3169 4818 παρίστασθαι
3221 4749 3316 4799 καὶ
3350 4747 3695 4799 ἀπαιτεῖσθαι
3739 4748 3898 4812 δίκας
3940 4753 4061 4818 περὶ

2487 4844 2595 4894 τών
2617 4842 2823 4910 ψυχῶν,
2855 4834 2929 4892 ὦν
2952 4839 3221 4901 ἀπώλεσε,
3243 4840 3362 4889 τότε
3392 4836 3482 4889 οὖν
3517 4838 3549 4903 ή
3576 4837 3811 4904 σάλπιγξ
3843 4842 4062 4907 ﬁxi-per,

2489 4939 2583 4989 καὶ
2630 4936 2679 4985 οἱ
2732 4941 2915 5003 νεκροὶ
2974 4933 3369 4998 ἀναστήσονται
3418 4930 3718 4998 ἄφθαρτοι·
3768 4930 3970 4980 ἔπειτα
4020 4931 4065 4979 οἱ

2492 5027 2713 5089 ζῶντες,
2746 5024 2927 5084 καθὼς
2962 5021 3115 5076 εἶπεν
3164 5025 3192 5073 ὁ
3228 5022 3454 5084 Παῦλος,
3493 5021 3569 5081 εί,
3610 5019 3708 5088 τὴν
3753 5021 4065 5089 παρουσίαν

2492 5118 2586 5170 τοῦ
2620 5118 2823 5186 Κυρίου
2864 5116 2914 5166 οἱ
2965 5113 3428 5184 περιλειφθέντες,
3463 5111 3784 5178 ἀλλαγέντες
3823 5114 3883 5163 ἐν
3933 5114 4065 5180 ριπῇ

2493 5209 2773 5280 ὀφθαλμοῦ
2797 5208 2903 5261 ἀπὸ
2936 5208 3137 5277 φθορᾶς
3167 5209 3246 5269 εἰς
3273 5206 3578 5275 ἀφθαρσίαν
3604 5204 3721 5274 ἆμα
3747 5205 3850 5255 σὺν
3882 5206 4067 5264 αὐτοῖς

2495 5561 2656 5625 fecit,
2691 5561 2782 5631 qui
2834 5560 3033 5615 illaesus
3073 5559 3277 5625 exivit;
3304 5559 3449 5621 licet,
3490 5568 3708 5628 propter
3756 5571 4061 5628 promptam

2500 5634 2871 5755 voltrnltntenl,
2924 5631 3165 5703 martyrii
3207 5631 3502 5684 laureolam
3552 5631 3685 5684 forte
3736 5644 4064 5697 promeritus

2503 5715 2629 5756 tunc
2689 5714 2849 5755 net'tt.

2575 5775 2685 5842 (-13)
2712 5773 2857 5826 Nihil
2885 5770 3195 5838 hujusatodi
3226 5774 3278 5826 in
3313 5769 3590 5825 Ezechiele
3620 5770 3861 5823 iuvi-nio.
