4202 6434
168 441 282 503 873

1335 436 1509 496 νιτΑ
1549 438 1610 498 S.
1652 436 1977 498 ANDRE£
2008 438 2197 499 SALI.

3286 432 3390 492 874

165 552 586 620 ἀρπαγήσονται
618 556 674 607 ἐν
699 550 944 617 νεφέλαις
971 549 1050 611 είς
1080 550 1381 615 ἀπάντησιν
1405 547 1499 601 τοῦ
1531 546 1735 616 Κυρίου
1763 580 1777 611 γ

1851 558 1926 598 Lur
1955 561 2079 599 cum
2120 546 2223 599 illis
2266 544 2317 598 in
2374 542 2610 598 nubibus
2643 545 2856 598 obviam
2889 540 3112 598 Christo
3160 544 3213 597 in
3246 559 3396 601 aera.

165 642 247 702 είς
281 642 443 709 ἀέρα.
473 643 647 697 Ὀταν
680 641 771 695 οὖν
803 641 886 710 ίδῃ
914 656 998 702 τις
1026 639 1095 691 τά
1124 638 1348 708 βδελυρά
1377 637 1505 703 ἔθνη
1533 639 1612 698 είς
1644 636 1735 687 τὸν

164 731 379 798 κόσμον
415 731 982 802 ὲληλυθότα,-τέκνον,
1038 730 1157 782 τότε
1196 728 1506 796 γινωσκέτω
1535 727 1615 779 δτι
1644 727 1736 778 ἐπὶ

165 825 369 891 θυραις
398 824 594 884 πάντα.
628 825 719 877 καὶ
748 824 886 894 μετὰ
928 821 1119 889 μικρὸν
1143 823 1169 873 6
1208 818 1412 896 Κριτὴς
1450 815 1737 870 ἐπελεύσε-

164 930 277 967 ται.
314 914 501 968 Ταῦτα
551 916 812 984 ἐλάλησεν
842 917 871 967 6
903 914 1187 983 Μακάριος
1232 914 1298 979 τῇ
1346 910 1502 963 νυκτὶ
1554 907 1738 979 ἐκείνῃ

164 1005 245 1072 τῷ
281 1004 610 1072 Ἐπιφανίῳ,
652 1003 1070 1074 ἀγρυπνοῦντων
1103 1001 1280 1054 αὐτῶν
1311 1001 1405 1053 καὶ
1451 998 1551 1068 τῆς
1600 998 1738 1067 ἐμῆς

168 1096 578 1164 ταπεινότητος.
604 1096 712 1148 Τοῦ
737 1096 792 1148 δὲ
818 1092 976 1161 ξῦλου
1000 1094 1101 1161 τῆς
1129 1092 1423 1161 ἐκκλησίας
1474 1091 1739 1160 κρούσαν-

169 1201 285 1247 τος,
338 1185 609 1255 ἐπορεύθη
640 1187 669 1238 6
698 1184 1015 1252 Ἐπιφάνιος
1061 1184 1237 1236 tutos
1257 1199 1272 1214 ·
1304 1184 1332 1235 6
1358 1181 1415 1235 δὲ
1454 1179 1741 1250 Μακάριος

172 1278 230 1329 ιν
261 1276 345 1346 τῷ
378 1278 513 1347 οίκῳ
546 1275 669 1332 καθ’
699 1276 889 1331 ἑαυτὸν
914 1275 1275 1346 προσηύχετο.

1840 635 1976 689 Cum
2007 636 2129 702 quis
2156 651 2281 703 ergo
2311 635 2541 698 viderit,
2582 634 2657 688 ﬁli
2688 634 2760 688 mi
2782 671 2797 698 ,
2825 633 3186 689 exsecranda:
3213 642 3402 701 gentes

1842 727 1964 780 illas
1998 726 2260 793 irrupisse
2287 728 2339 780 in
2369 726 2628 781 mundum
2649 763 2663 789 ,
2698 726 2833 779 sciat
2862 725 2910 779 is
2933 766 2946 789 ,
2988 739 3157 794 prope
3198 739 3320 779 esse
3350 725 3408 779 in

1840 818 2041 886 ianuis,
2071 832 2191 885 qua:
2222 816 2356 879 dixi,
2385 819 2602 881 omnia;
2650 828 2703 870 et
2735 816 2881 869 brevi
2910 813 3151 869 Judicem
3184 817 3407 871 adfutu-

1847 924 1992 963 rum.
2039 909 2217 977 Atque
2262 907 2315 959 hi
2368 905 2517 961 luere
2548 922 2864 972 sermones,
2894 919 3030 976 quos
3064 905 3130 958 ad
3173 903 3405 973 Epipha-

1846 1003 1993 1056 ninm
2031 1002 2217 1055 habuit
2265 999 2509 1052 Andreas
2547 1007 2704 1051 nocte
2750 996 2839 1051 illa
2865 1035 2881 1059 ,
2917 1005 3032 1050 tum
3079 995 3247 1063 ipsis,
3295 1004 3409 1048 tum

1851 1090 1981 1143 mihi
2021 1104 2237 1158 quoque
2279 1087 2397 1141 sine
2431 1099 2633 1165 somno
2667 1094 2969 1150 transacta;
3020 1084 3191 1137 donec
3224 1083 3408 1136 datum
3436 1067 3445 1076 ’

1850 1180 2063 1248 signum
2095 1178 2159 1230 ad
2191 1178 2472 1231 ecclesiam
2529 1184 2873 1235 convocaret,
2925 1189 3034 1241 quo
3072 1171 3412 1244 Epiphanius

1849 1271 2065 1339 quidem
2106 1282 2223 1321 sese
2249 1267 2510 1332 contulit,
2554 1264 2801 1320 Andreas
2840 1278 2968 1317 vero
2998 1264 3145 1320 domi
3182 1263 3410 1319 seorsim

1848 1362 2079 1416 orationi
2109 1374 2167 1414 se
2198 1357 2367 1412 dedit.

1570 1492 1801 1551 CAPUT
1857 1490 2066 1550 XXVII.

181 1633 470 1689 Occasione
524 1632 744 1688 calcatis
794 1633 1126 1703 fragrantia,
1181 1632 1274 1687 sub
1310 1649 1461 1689 sacra
1502 1634 1722 1685 lectione
1752 1640 2027 1769 percelptaz,
2066 1638 2336 1709 .narratur
2380 1629 2601 1683 historia
2637 1626 2896 1681 Theodori
2933 1627 2996 1681 ab
3046 1626 3246 1698 angelis
3276 1627 3413 1682 inter

1495 1711 1757 1756 tormenta
1790 1718 1883 1754 con
1913 1711 2095 1753 ortatt.

1495 1711 1757 1756 tormenta
1790 1711 2095 1756 contorum.

251 1833 349 1885 σλ’.
379 1834 597 1902 Πρωῖας
624 1834 681 1887 δὲ
709 1832 1027 1903 γενομένης,
1048 1834 1213 1889 πάλιν
1244 1833 1360 1905 [ἐπὶ
1384 1833 1442 1886 τὸ
1464 1833 1595 1886 αὐτὸ
1624 1851 1744 1886 συν-

1916 1830 2042 1885 230.
2071 1830 2419 1886 llluceseente
2445 1840 2659 1900 postera
2684 1831 2794 1897 die,
2816 1830 3003 1885 eodem
3032 1830 3412 1886 convenientes

182 1922 422 1985 ελθόντες
449 1922 565 1994 καὶ]
597 1923 952 1987 καθεσθέντες
980 1924 1221 1992 ὡμίλουν
1250 1926 1320 1977 τὰ
1370 1924 1465 1978 τοῦ
1498 1924 1750 1994 πνεύμα-

181 2027 302 2073 τος·
361 2014 455 2064 καὶ
504 2012 568 2081 δὴ
605 2013 785 2082 βίϐλου
839 2016 1017 2065 ἐκεῖσε
1074 2013 1333 2085 κειμένης
1384 2013 1476 2067 τοῦ
1513 2016 1747 2083 μεγάλου

185 2101 486 2168 Βασιλείου,
531 2103 879 2174 προτρέψατο
904 2105 932 2157 6
964 2104 1149 2167 Ὀσιος
1198 2106 1275 2173 τῷ
1314 2105 1612 2173 Ἐπιφανίῳ
1656 2105 1749 2156 τοῦ

182 2192 364 2245 λαϐεῖν
394 2195 485 2245 καὶ
536 2195 931 2261 ἀναγινώσκειν
950 2211 964 2226 ο
994 2192 1061 2267 ἦν
1098 2196 1154 2249 δὲ
1182 2198 1209 2249 6
1233 2197 1387 2265 λόγος
1420 2213 1751 2265 προτρεπτι-

184 2288 294 2348 κδς,
326 2287 512 2356 ὁμιλία
545 2288 622 2351 είς
665 2288 724 2341 τὺ
776 2288 1075 2357 βάπτισμα,
1126 2290 1183 2341 Ὀ
1235 2290 1333 2358 μὲν
1385 2288 1546 2356 σοφὸς
1593 2289 1751 2340 Σολο-

188 2374 320 2439 μών.
361 2373 564 2427 Τούτου
593 2375 648 2428 δὲ
690 2378 1223 2445 ἀναγινωσκομένου,
1258 2378 1427 2446 ἡδέως
1467 2380 1751 2448 ἠκροᾶτοὸ

184 2464 490 2534 Μακάριος,
549 2466 769 2535 μειδιῶν
808 2466 886 2536 τῷ
921 2467 1198 2537 προσώπῳ
1250 2470 1344 2521 καὶ
1390 2470 1752 2540 εὐφραινόμε-

185 2571 269 2615 νος
289 2571 303 2584 ·
330 2557 358 2606 6
387 2556 444 2607 δὲ
472 2555 787 2623 Ἐπιφάνιος
814 2556 929 2627 ἐχεε
956 2558 1165 2627 δάκρυα
1192 2560 1256 2627 τῇ
1291 2558 1477 2628 βίϐλῳ,
1509 2561 1602 2611 καὶ
1629 2575 1752 2633 στε-

186 2645 427 2710 ναγμοὺς
454 2645 518 2696 ὲκ
552 2645 760 2713 βαθέων
786 2646 1124 2716 ἀνέπεμπεν.
1155 2648 1297 2717 Ἕῖιη
1335 2647 1392 2699 δὲ
1428 2648 1564 2715 πρὸς
1594 2647 1754 2699 αὑτὸν

184 2731 211 2782 6
250 2734 533 2800 Μακάριος
559 2751 572 2765 ’
605 2736 805 2787 Τέκνον
844 2752 967 2803 μου,
1014 2736 1066 2787 τί
1115 2735 1411 2804 δακρύεις;
1464 2735 1755 2805 εὐφραίνου

186 2821 239 2872 δὲ
271 2822 474 2889 μᾶλλον
501 2828 640 2875 κατὰ
670 2824 759 2876 τὸν
807 2827 1078 2895 μακάριον
1116 2826 1327 2879 Παῦλον
1367 2827 1458 2878 τὸν
1491 2826 1713 2893 λέγοντα
1741 2842 1751 2852 ·

192 2912 454 2992 «Χαίρετε
474 2915 531 2968 ὲν
550 2916 738 2985 Κυρίῳ
756 2918 1006 2969 πάντοτεο
1021 2934 1040 2967 ι
1066 2916 1281 2969 καὶδαοι
1304 2916 1373 2970 τὰ
1398 2918 1489 2969 τοῦ
1511 2917 1754 2987 Πνεύμα-

187 3020 272 3064 τος
290 3008 608 3073 πράττουσι,
628 3008 734 3075 χρὴ
761 3007 954 3069 αὐτοὺς
976 3010 1202 3077 σκιρτᾷν
1226 3010 1318 3061 καὶ
1340 3008 1721 3078 εὐφραίνεσθαι
1738 3026 1753 3040 ο

186 3096 296 3147 ὅσοι
328 3095 387 3147 δὲ
446 3096 608 3148 πάλιν
646 3096 859 3149 ποιοῦσι
890 3096 984 3150 τοῦ
1040 3098 1288 3151 διαϐόλου
1339 3099 1407 3152 τὰ
1456 3100 1755 3169 θελήματα,

1851 1924 2032 1977 denuo
2066 1924 2442 1993 sedentesque,
2465 1925 2529 1976 de
2565 1925 2728 1977 rebus
2762 1924 2827 1977 ad
2861 1923 3109 1992 spiritum
3136 1922 3414 1992 pertinen-

1854 2015 1999 2068 tibus
2053 2017 2303 2070 conl‘erre
2351 2023 2663 2083 coeperunt,
2714 2028 2950 2082 cumque
3000 2012 3136 2068 forte
3181 2014 3315 2081 istic:
3344 2012 3413 2067 ad

1854 2121 2074 2159 manum
2114 2115 2257 2159 esset
2306 2106 2485 2174 magni
2543 2104 2725 2158 Basilii
2780 2104 3029 2157 volumen
3078 2102 3413 2171 quodpiam,

1854 2200 2102 2251 hortatus
2132 2206 2212 2251 est
2240 2197 2598 2265 Epiphanium
2636 2195 2904 2260 Andreas,
2946 2204 3004 2248 ut
3042 2192 3175 2247 illud
3207 2194 3419 2263 accipe-

1857 2294 1935 2338 ret
1962 2285 2288 2353 legeretque.
2316 2283 2442 2336 Erat
2473 2293 2648 2335 autem
2682 2282 2856 2335 oratio
2892 2282 3218 2350 protreptiea
3251 2317 3266 2340 ,
3311 2280 3418 2332 ho-

1858 2376 2003 2429 milia
2038 2375 2151 2445 (44)
2176 2375 2424 2428 videlicet
2462 2373 2528 2427 de
2565 2373 2855 2440 baptismo,
2900 2388 3021 2440 qua:
3051 2372 3129 2425 sic
3170 2372 3415 2430 orditur;

1858 2468 2085 2536 Sapiens
2126 2468 2343 2536 quidem
2392 2464 2670 2519 Salomon.
2710 2464 2943 2532 Legente
2983 2461 3146 2530 igitur
3188 2461 3418 2532 Epipba.

1857 2562 1945 2611 nio
1971 2599 1986 2622 ,
2039 2558 2191 2611 suavi
2240 2571 2363 2611 cum
2400 2556 2757 2611 delectatione
2791 2555 3131 2609 auscultabat
3174 2555 3257 2606 vir
3292 2569 3422 2607 san-

1856 2658 1977 2704 ctus
2002 2690 2015 2711 ,
2050 2649 2197 2703 vultu
2242 2648 2309 2701 ad
2342 2649 2509 2701 risum
2551 2655 2605 2700 et
2645 2647 2879 2699 laetitiam
2909 2645 3210 2715 composito
3245 2661 3260 2699 :
3289 2643 3419 2712 Epi-

1859 2742 2090 2812 phanius
2123 2753 2272 2803 vero,
2295 2738 2545 2809 lacrymis
2573 2737 2769 2792 librum
2801 2737 3054 2805 irrigans,
3078 2734 3415 2789 continenter

1857 2847 1922 2885 ex
1972 2832 2079 2884 imo
2132 2842 2350 2898 pectore
2403 2829 2635 2897 suspiria
2692 2827 2942 2881 ducebat.
2994 2825 3091 2879 Cui
3139 2824 3418 2878 Sanctus:

1857 2921 2127 2987 Quorsum
2164 2921 2279 2973 ista:
2314 2920 2584 2989 lacrymaa,
2629 2917 2701 2970 lili
2743 2917 2859 2969 mi?
2899 2915 3030 2985 quin
3061 2914 3240 2983 potius
3271 2921 3325 2965 tu
3368 2919 3421 2965 te

1861 3013 2083 3064 hilarem
2127 3011 2343 3078 praebe,
2406 3025 2473 3064 ex
2536 3016 2714 3063 mente
2766 3006 2907 3061 beati
2951 3004 3100 3059 Pauli
3151 3002 3418 3057 dicentis:

1866 3121 1884 3153 ι
1921 3102 2165 3155 Gaudete
2219 3101 2271 3154 in
2319 3100 2546 3153 Domino
2604 3114 2814 3167 semper
2847 3098 2915 3149 ⁸⁸.
2953 3116 2973 3148 ι
3024 3095 3091 3149 Ει
3145 3111 3273 3150 sane
3327 3094 3420 3163 qui

190 3185 757 3253 σκυθρωπαζέτωσαν,
789 3187 976 3241 καθότι
1007 3189 1067 3240 τδ
1107 3188 1219 3256 φῶς
1262 3189 1356 3241 τοῦ
1383 3189 1518 3241 Θεοῦ
1567 3191 1755 3260 ἐλήλυο

1858 3209 1977 3261 qua:
2029 3202 2155 3245 sunt
2210 3190 2449 3259 Spiritus
2503 3197 2702 3258 agunt,
2763 3188 2882 3242 illos
2924 3187 3121 3255 gaudio
3149 3195 3203 3240 et
3237 3185 3421 3243 laetitia

188 3275 278 3327 θεν
307 3276 389 3337 είς
410 3275 504 3327 τὸν
538 3276 763 3343 κόσμον,
794 3278 889 3327 καὶ
924 3277 1217 3347 ἠγάπησαν
1242 3278 1289 3329 οί
1317 3278 1591 3348 ἄνθρωποι
1627 3281 1761 3348 μᾶλ-

188 3366 275 3417 λον
306 3366 369 3417 τὸ
400 3368 588 3427 σκότος
621 3367 653 3431 ἢ
680 3366 739 3418 τὸ
775 3366 907 3433 φῶς.
954 3367 1096 3435 Ἔφη
1140 3368 1454 3435 Ἐπιφάνιος
1479 3385 1492 3398 ·
1527 3371 1640 3422 Οὐκ
1666 3369 1761 3424 οὖν

189 3456 343 3523 κάγὼ
378 3456 721 3525 ἁμαρτωλὸς,
757 3457 850 3509 καὶ
891 3456 1073 3527 θρηνῶ
1108 3475 1211 3527 μου
1246 3460 1344 3522 τὰς
1392 3462 1617 3529 πράξεις
1661 3463 1761 3524 τὰς

190 3549 451 3617 πονηρὰς,
478 3548 592 3610 πῶς
621 3548 1013 3615 ἁπολογίζομαι
1040 3566 1054 3611 ς
1077 3550 1241 3617 Λέγει
1268 3553 1373 3620 γάρ
1403 3570 1492 3620 μοι
1515 3556 1541 3605 6
1567 3554 1759 3620 Ἄγιος

188 3631 364 3699 οὗτος
400 3638 558 3700 Πότε,
588 3638 778 3705 φησὶν,
807 3637 1135 3709 οἰκειωθήσῃ
1163 3640 1240 3708 τῷ
1267 3641 1405 3710 θεῷ,
1426 3644 1521 3695 καὶ
1550 3644 1677 3694 πότε
1703 3643 1761 3695 σὲ

189 3727 531 3795 γνωρίσομεν
561 3726 634 3787 ὡς
670 3728 962 3795 ἡμέτερον;
992 3727 1176 3780 Ταῦτα
1214 3730 1429 3784 ἁκούων
1459 3732 1527 3784 τὰ
1560 3732 1759 3800 ὀνείδη,

192 3820 268 3889 μὴ
311 3818 569 3889 θρηνήσω
610 3818 707 3887 τὴν
750 3818 930 3889 δεινὴν
969 3820 1265 3887 ἀπολογίαν
1302 3839 1441 3889 pou;
1496 3822 1610 3883 πῶς
1635 3824 1760 3875 ἀνέ-

189 3926 359 3979 χοιτο,
405 3908 532 3976 κὲρι
562 3911 589 3961 6
628 3909 833 3978 μέγας;
868 3911 1010 3979 Ἔφη
1036 3911 1062 3961 6
1087 3910 1269 3972 Ὄσιος
1300 3929 1313 3942 ο
1339 3905 1505 3972 Οὗτος
1532 3913 1560 3963 6
1584 3912 1759 3977 λόγος,

187 4002 378 4055 τέκνον
409 4019 532 4069 μου,
562 4001 636 4070 μὴ
660 4002 766 4069 γὰρ
797 3998 963 4068 οἶδας,
994 4006 1106 4067 τοῖς
1132 4006 1212 4057 δτι
1240 4004 1502 4072 ἀμυήτοις
1524 3996 1641 4054 οὖσι
1666 4000 1759 4053 τοῦ

190 4092 334 4144 θείου
393 4091 765 4161 βαπτίσματος
854 4094 1127 4159 ὀνειδίζων
1195 4096 1397 4161 ἔλεγεν.
1449 4092 1762 4159 Ἐπιφάνιος

187 4182 337 4250 λέγει
364 4198 378 4213 ·
407 4183 515 4235 Ναὶ
549 4184 699 4251 τίμιε
748 4183 951 4252 Πάτερ,
982 4187 1136 4251 κάγὼ
1165 4181 1281 4239 οἶδα
1310 4199 1327 4216 ⁸
1371 4184 1510 4253 πλὴν
1538 4186 1566 4237 6
1609 4183 1763 4249 λόγος

188 4267 366 4335 οὗτος,
398 4276 456 4327 δν
482 4291 644 4341 φασιν
666 4277 712 4327 οί
744 4276 852 4327 τῶν
879 4276 1153 4345 ἀγροίκων
1197 4275 1637 4344 αἰνιγματώδεις,
1681 4274 1761 4324 δτι

190 4366 303 4429 Σοὶ,
329 4360 375 4419 ὦ
397 4366 604 4436 νύμφη,
638 4367 831 4434 ὀμιλῶ,
874 4368 957 4420 ἵνα
994 4369 1089 4421 καὶ
1112 4369 1250 4439 αὐτὴ
1286 4370 1318 4437 ἡ
1351 4368 1585 4437 πενθερά
1628 4370 1757 4419 ἐνω-

188 4458 337 4529 τίζῃ.
1473 4464 1485 4498 t

190 4552 284 4619 qui
318 4567 472 4605 sacra
544 4552 881 4621 baptismatis
940 4556 1079 4605 unda
1132 4553 1295 4606 abluti
1353 4555 1589 4608 nondum
1648 4567 1792 4609 sunt.

1862 3286 2135 3338 exsultare
2182 3283 2486 3336 convenit:
2531 3282 2607 3333 illi
2659 3289 2847 3334 contra
2877 3279 3087 3345 dejecto
3134 3278 3185 3331 in
3223 3288 3421 3332 terram

1865 3377 2111 3444 tristique
2146 3374 2398 3428 incedant
2425 3372 2598 3436 vultu,
2628 3372 2721 3440 qui
2750 3372 3083 3424 voluntatem
3116 3384 3404 3436 exsequun-

1864 3478 1947 3519 tur
1980 3466 2211 3527 diaboli;
2249 3465 2504 3533 quoniam
2540 3464 2631 3515 lux
2664 3462 2848 3516 divina
2880 3462 3028 3515 venit
3054 3464 3107 3514 in
3139 3460 3421 3522 mundum,

1859 3569 1911 3609 et
1940 3557 2250 3610 dilexerunt
2278 3554 2524 3608 homines
2554 3553 2804 3607 tenebras
2834 3552 3003 3620 magis
3032 3566 3193 3620 quam
3224 3550 3419 3603 lucem.

1864 3646 1999 3699 Tum
2040 3645 2375 3716 Epiphanius
2416 3664 2427 3698 :
2466 3645 2629 3713 Atqui
2672 3645 2785 3697 haec
2822 3643 2937 3711 ipsa
2972 3656 3134 3697 causa
3166 3650 3283 3706 est,
3324 3654 3422 3693 cnr

1862 3754 1991 3805 ego,
2041 3738 2133 3807 qui
2169 3746 2417 3806 peccator
2450 3751 2569 3789 sum
2596 3773 2612 3800 ,
2651 3748 2931 3802 perperam
2970 3748 3000 3787 a
3050 3748 3135 3787 me
3164 3740 3313 3802 gesta
3349 3732 3422 3784 lac

1863 3839 2102 3889 menter,
2153 3842 2318 3891 cum,
2370 3841 2477 3894 quo
2533 3840 2617 3879 me
2666 3840 2929 3895 purgem,
2976 3824 3108 3878 nihil
3163 3825 3420 3893 supersit.

1866 3921 2004 3975 Dicit
2058 3934 2291 3987 namque
2351 3918 2481 3970 mihi
2542 3924 2767 3971 sanctus
2818 3914 3185 3976 hic.Basilius
3232 3933 3247 3972 :
3304 3915 3420 3969 Ali-

1862 4010 2081 4078 quando
2114 4010 2166 4061 in
2209 4009 2301 4061 Dei
2334 4008 2751 4060 familiaritatem
2782 4006 3101 4069 admitteris,
3135 4006 3421 4074 aliquando

1864 4115 1913 4156 te
1934 4102 2007 4155 uti
2040 4110 2282 4155 nostrum
2313 4114 2724 4169 cognoscemus.
2750 4097 2921 4163 Quam
2953 4113 3052 4167 ego
3081 4111 3202 4150 cum
3227 4111 3420 4165 exproe

1864 4193 2163 4247 brationem
2190 4192 2427 4255 audiam,
2458 4190 2733 4260 quomodo
2758 4205 2788 4244 a
2819 4190 3075 4259 lacrymis
3104 4198 3421 4258 temperem,

1864 4283 2081 4336 domine
2112 4284 2183 4335 mi
2214 4297 2405 4348 magne
2430 4319 2444 4344 ,
2478 4296 2586 4349 quo
2619 4282 2798 4337 minus
2824 4280 3092 4336 dillicilem
3128 4281 3263 4334 adeo
3292 4278 3420 4335 mihi

1863 4372 2233 4427 defensionem
2274 4372 2539 4426 deﬂeam?
2594 4372 2693 4425 Cui
2730 4380 2949 4426 sanctus
2996 4390 3010 4426 :
3058 4371 3245 4425 Oratio
3289 4372 3376 4424 illa
3403 4408 3421 4435 ,

1864 4466 1935 4516 lili
1972 4465 2076 4527 mi,
2124 4464 2266 4530 quoi
2300 4464 2551 4529 ignorare
2584 4463 2817 4524 videris,
2870 4463 2922 4515 in
2964 4462 3085 4517 illos
3132 4463 3423 4526 invehitur,

1873 4556 1928 4609 Et
1975 4557 2357 4625 Epiphanius:
2420 4555 2727 4618 Enimvero,
2781 4552 2939 4607 Pater
2991 4555 3314 4614 venerande,
3374 4552 3425 4604 id

196 4647 323 4701 novi
377 4648 581 4715 probe;
639 4656 1013 4701 verumtamen
1068 4649 1243 4700 oratio
1289 4648 1378 4699 illa
1434 4649 1625 4703 similis
1679 4661 1758 4703 est
1795 4650 1901 4711 isti,
1953 4667 2055 4717 qua
2108 4652 2440 4715 mnigmaticc
2512 4651 2699 4703 dicunt
2775 4648 2961 4701 rustici
3000 4665 3012 4700 :
3055 4645 3177 4702 Tibi
3209 4650 3423 4718 loquor,

190 4754 225 4790 ο
271 4753 512 4807 sponsa,
552 4747 611 4791 ut
650 4738 764 4805 ipsa
814 4752 1031 4806 quoque
1066 4751 1253 4790 socrus
1283 4738 1485 4789 audiat.

265 4825 403 4880 σὶ.α’.
437 4826 623 4878 Ταῦτα
648 4825 743 4876 τοῦ
788 4826 1105 4892 Ἐπιφανίου
1152 4828 1502 4896 λαλήσαντος,
1533 4827 1762 4896 ὑπομεις
1796 4835 1839 4889 D

189 4921 382 4979 διαααέ
428 4920 454 4969 6
500 4919 804 4985 Μακάριος,
852 4919 1185 4989 ἀπέστρεψεν
1235 4921 1397 4971 αὑτὸν
1465 4920 1623 4971 πάλιν
1667 4918 1759 4971 τοῦ

190 5007 609 5076 ἀναγινώσκειν.
675 5008 1159 5075 Ἀναγινώσκοντος
1210 5010 1266 5062 δὲ
1325 5011 1508 5072 αὑτοῦ,
1566 5013 1762 5081 αἱφνης

193 5099 406 5165 διεδόθη
458 5100 577 5159 ταῖς
617 5101 810 5166 φρεσὶν
865 5100 1040 5151 αὐτῶν
1070 5099 1267 5173 εὐωδία
1316 5117 1398 5162 τις
1449 5102 1523 5163 ὼς
1568 5102 1762 5170 τιμίων

192 5192 523 5262 ἀρωμάτων,
566 5189 707 5242 ὥστε
740 5192 1016 5271 φρίττειντι
1034 5193 1139 5277 τὸχ,
1165 5194 1483 5261 Ἐπιφάνιον
1518 5199 1607 5248 ἐπὶ
1641 5199 1763 5249 ἰκα-

191 5285 289 5354 νὴν
318 5283 470 5351 ὥραν
504 5281 599 5334 καὶ
628 5281 953 5346 ξενίζεσθαι.
997 5282 1171 5353 Ἐώρα
1210 5284 1265 5336 δὲ
1305 5287 1331 5337 6
1362 5287 1641 5355 Μακάριος
1674 5290 1763 5339 τὸν

191 5374 546 5443 τηνεύωδίαν
584 5373 875 5441 κομίζοντα
917 5377 1175 5437 ἁεννάως.
1214 5374 1447 5428 “omo:
1490 5378 1577 5429 τὸν
1611 5378 1762 5445 λόγον

196 5466 561 5529 κατέπαυσεν,
587 5464 789 5525 εὐθέως
814 5463 905 5514 καὶ
930 5465 961 5533 ὴ
994 5465 1189 5517 εὐωδία
1217 5467 1445 5537 ἀπέστη.
1466 5468 1759 5533 Ωαυμιάςας

262 5648 308 5677 ι·
355 5645 585 5716 Philipp.
616 5659 689 5709 tv,
721 5644 772 5697 ι.

1952 4830 2075 4883 (2⁸51.
2137 4830 2326 4884 lsthaac
2403 4834 2753 4895 reponentem
2828 4823 3184 4892 Epiphanium
3246 4828 3427 4885 subri-

1868 4924 2002 4978 dens
2029 4920 2272 4974 Andreas
2313 4921 2563 4973 hortatus
2590 4927 2693 4980 est,
2731 4925 2790 4970 ut
2828 4916 3006 4970 denuo
3042 4917 3257 4983 legeret.
3306 4917 3427 4985 Quo

1870 5015 2269 5080 obtemperante
2295 5050 2309 5073 ,
2345 5011 2547 5075 allapsa
2575 5017 2655 5062 est
2688 5006 3010 5061 suavissima
3047 5008 3273 5062 odorum
3316 5008 3427 5065 ira.

1871 5106 2100 5174 grantia,
2133 5101 2285 5171 quasi
2320 5102 2679 5168 pretiosorum
2713 5110 3038 5162 aromatum,
3083 5100 3149 5151 ad
3190 5101 3426 5154 animam

1872 5210 2040 5263 usque
2070 5200 2382 5261 penetrans,
2414 5191 2548 5244 adeo
2588 5198 2644 5242 ut
2678 5190 2960 5257 perculsus
2990 5186 3328 5255 Epiphanius
3358 5190 3426 5242 ad

1872 5286 2089 5354 longum
2142 5292 2357 5351 tempus
2398 5296 2504 5349 prae
2556 5290 2777 5346 stupore
2814 5294 2899 5331 Vix
2945 5288 3087 5333 esset
3129 5277 3273 5346 apud
3321 5293 3424 5335 se:

1868 5378 2081 5429 vidente
2138 5373 2344 5427 interea
2393 5372 2548 5426 beato
2596 5370 2813 5424 Andrea
2849 5369 3038 5429 illum,
3084 5368 3178 5437 qui
3222 5383 3425 5422 memo-

1868 5478 2039 5520 ratam.
2072 5464 2426 5535 lragrantiam
2471 5464 2807 5516 incessanter
2842 5459 3149 5528 spargebat.
3184 5456 3285 5513 Ubi
3327 5473 3423 5512 auo

270 5806 382 5871 (ii)
414 5801 505 5857 Est
539 5801 653 5856 ha'c
683 5802 822 5855 inter
848 5801 1024 5853 varias
1053 5797 1233 5853 Basilii
1263 5797 1575 5863 conciones,
1607 5798 1745 5867 apud
1787 5798 2129 5862 Curuarinm,
2169 5797 2360 5853 concio
2403 5796 2484 5853 l5.

498 5896 763 5951 i‘A'l'ttuL.
805 5904 916 5955 on.
956 5894 1114 5954 CXI.

3036 5888 3109 5946 28
