4202 6434
811 334 914 393 879

1872 347 2278 405 Pv'lCEl‘HORl
2321 348 2408 404 Ριι
2423 349 2790 411 ESBYTERI
2831 354 2938 411 (ΞΡ.

3889 359 3992 422 880

814 449 1025 500 solabar
1076 467 1088 501 τ
1130 453 1343 504 Sust'ue
1392 453 1638 516 fortiter,
1695 470 1726 507 o
1773 455 2086 519 Theodore,
2134 467 2235 509 tuae
2290 457 2357 508 nil
2390 463 2420 516 Α

2390 463 2433 516 Α
2463 477 2548 521 νος
2574 462 2756 527 ελεγον
2782 479 2796 494 ’
2842 463 3072 516 Ταπεινέ
3110 463 3366 528 Θεόδωρε,
3417 465 3545 532 φέρε
3592 464 3866 529 γενναίως,
3899 466 3992 514 καὶ

811 534 1090 586 immemor
1148 539 1510 601 vilitatis,-et
1568 551 1954 594 tormentorum
2013 545 2352 596 acerbitatem

809 623 989 672 animo
1006 639 1262 688 generoso
1281 628 1482 693 perfer:
1504 631 1754 694 quoniam
1775 631 1818 681 si
1839 631 2040 698 absque
2062 632 2144 684 his
2191 632 2351 694 fores.

813 711 951 778 ignis
983 722 1033 764 te
1074 725 1312 767 maneret
1345 719 1720 783 sempiternus.
1757 718 1881 771 Hzec
1913 719 2146 772 dixeram
2173 758 2188 781 ,
2229 734 2352 772 cum

810 815 866 851 se
898 802 1028 854 mihi
1059 814 1290 870 quatuor
1320 807 1371 857 in
1408 817 1754 875 conspectum
1790 809 1921 861 dant
1966 810 2198 863 eunuchi
2221 811 2353 877 (48),

811 901 1033 944 venusta
1071 894 1270 960 specie,
1328 897 1474 949 vultu
1510 897 1757 950 ardentes
1789 907 1849 950 ut
1879 912 2037 959 rosae,
2067 899 2354 953 candentes

808 978 1046 1032 vestibus
1100 992 1157 1033 ut
1212 983 1322 1034 nix.
1371 981 1568 1036 Eorum
1622 999 1760 1037 unus
1823 985 2014 1053 pelvim
2067 985 2352 1052 quamdam

809 1068 1123 1134 praeferebat
1168 1071 1480 1135 candidam,
1517 1082 1666 1125 tanto
1693 1077 2134 1142 perstringentem
2165 1075 2353 1129 oculos

807 1158 1046 1224 fulgore.
1095 1167 1151 1211 ut
1183 1174 1300 1211 eam
1333 1162 1601 1213 intuentes
1633 1162 1684 1213 in
1717 1161 2122 1214 admirationem
2157 1173 2210 1216 et
2238 1175 2352 1216 stu-

806 1261 984 1312 porem
1019 1259 1351 1314 raperentur.
1385 1251 1529 1301 Alter
1551 1250 1797 1317 pyxidem
1830 1252 2092 1317 portabat,
2126 1251 2354 1304 deaura-

809 1347 912 1388 tam
961 1337 1323 1406 refertamque
1374 1340 1556 1390 divino
1600 1352 1903 1406 unguento,
1955 1355 2060 1392 non
2110 1341 2354 1394 dissimili

803 1423 947 1476 illius
977 1426 1114 1491 quod
1159 1441 1188 1477 e
1237 1427 1373 1479 rosis
1405 1428 1650 1480 distillat.
1693 1426 1807 1481 Duo
1851 1429 2040 1496 reliqui
2078 1431 2356 1495 gestabant

805 1514 1054 1565 malliIDUS
1102 1516 1308 1582 supinis
1358 1518 1509 1570 nivea
1562 1519 1724 1571 lintea
1753 1561 1765 1582 ,
1820 1519 1872 1570 in
1914 1521 2079 1586 plicas
2125 1531 2356 1587 quatuor

804 1617 1126 1668 composita.

874 1692 994 1745 256.
1028 1693 1377 1762 Posteaquam
1415 1696 1487 1748 illi
1512 1696 1588 1750 sic
1617 1698 1667 1748 in
1699 1711 2046 1765 cimspecuitn
2076 1709 2350 1762 venerant,

803 1783 939 1835 dixit
991 1799 1129 1836 unus
1162 1788 1357 1838 tenenti
1416 1786 1746 1853 splendidam
1775 1827 1788 1850 ,
1838 1805 1996 1856 quam
2035 1792 2347 1855 memoravi,

804 1874 995 1938 [lt'hiln
1026 1891 1038 1926 :
1064 1875 1205 1926 AlIcr
1230 1876 1371 1928 illam
1406 1877 1547 1940 huc;
1583 1893 1811 1945 cumque
1839 1880 1994 1943 allata
2021 1864 2180 1944 esset,
2217 1882 2353 1936 dixit

801 1974 852 2014 et
901 1964 1087 2027 alteri,
1143 1966 1456 2018 deauratam
1491 1970 1724 2034 portanti
1763 1970 2006 2036 pyxidem
2045 1987 2060 2022 :
2095 1969 2350 2038 Unguen-

803 2069 911 2107 tum
946 2070 1091 2108 lllllln
1127 2058 1232 2110 huc
1257 2059 1500 2124 effunde;
1552 2062 1691 2128 quod
1727 2064 1814 2113 ubi
1846 2064 2092 2115 similiter
2122 2063 2348 2116 eﬂ'usum

804 2147 934 2209 fuit,
978 2149 1147 2202 instar
1185 2151 1428 2203 fulminis
1459 2151 1738 2218 cujusdam
1787 2154 1969 2205 oculos
2012 2168 2158 2207 uicos
2200 2155 2351 2207 inva-

799 2241 952 2301 dens,
992 2241 1196 2292 viscera
1230 2241 1581 2308 membraque
1609 2243 1789 2294 omnia
1822 2245 2108 2310 penetravit
2136 2260 2150 2306 ;
2204 2251 2346 2297 tanta

799 2331 1089 2381 comitante
1114 2333 1368 2397 unguenti
1403 2329 1717 2396 fragrantia,
1747 2340 1801 2382 ut
1830 2332 2069 2382 oinnium
2099 2331 2346 2384 dolorum

795 2428 846 2471 et
890 2418 1228 2471 crueiatuum
1280 2434 1474 2473 sensus
1516 2421 1967 2486 exstingueretur.
2004 2419 2141 2472 Tum
2187 2422 2346 2482 alius,

795 2509 938 2578 quod
998 2511 1050 2562 in
1110 2512 1360 2564 manibus
1413 2511 1642 2563 habebat
1683 2512 1901 2563 linteum
1952 2513 2002 2563 iu
2053 2512 2187 2579 pelvi
2238 2526 2350 2563 nia-

796 2603 1069 2657 defacieus
1101 2641 1115 2663 .
1165 2604 1324 2670 capiti
1375 2590 1794 2671 meo'imposuit
1824 2642 1838 2664 ,
1892 2604 2158 2668 longoque
2217 2602 2348 2656 satis

796 2707 1034 2764 tempore
1075 2696 1289 2763 reliquit
1320 2712 1331 2746 :
1366 2695 1508 2748 unde
1534 2693 1928 2760 jucumlissima
1962 2691 2211 2759 perfusus
2254 2706 2348 2744 vo-

794 2786 1016 2852 luptate.
1056 2785 1294 2836 omnium
1323 2822 1337 2846 ,
1373 2793 1430 2835 ut
1475 2784 1632 2834 modo
1659 2783 1768 2834 dixi
1799 2823 1811 2843 ,
1845 2784 2180 2834 cruciatuum
2222 2782 2350 2836 obli-

792 2888 878 2928 tus
923 2875 1016 2927 fni.
1060 2875 1267 2927 Rursus
1302 2881 1479 2926 autent
1527 2873 1698 2926 istboc
1729 2887 1886 2925 suum
1925 2872 2198 2925 auferente
2244 2873 2346 2924 lin-

793 2977 937 3016 teum
964 2974 1015 3018 et
1059 2965 1246 3015 faciem
1287 2978 1457 3016 meam
1495 2963 1822 3022 denudante.
1854 2974 2048 3030 priesto
2073 2975 2187 3014 erat
2217 2965 2348 3017 alius

794 3069 847 3110 ut
876 3072 1028 3110 suum
1065 3057 1342 3123 injiceret;
1369 3056 1552 3121 sicque
1580 3054 1910 3107 alternantes
1938 3054 2344 3114 continuabaut.
2379 3091 2420 3148 C

791 3149 964 3216 quoad
1004 3147 1286 3199 carnitices
1317 3145 1632 3198 verberandi
1680 3145 1897 3196 modum
1946 3144 2205 3206 facerent,
2241 3159 2349 3198 me-

790 3254 893 3306 que
933 3254 963 3292 e
1013 3238 1157 3307 ligno
1187 3237 1536 3305 deponerent.
1570 3234 1718 3299 Qnol
1752 3235 1838 3287 ubi
1892 3235 2089 3288 factum
2126 3243 2234 3295 est,
2265 3249 2350 3287 re-

790 3327 1045 3377 redenti-s
1072 3324 1331 3377 continuo
1355 3323 1561 3390 angeli,
1603 3332 1707 3375 tam
1738 3323 1938 3389 liquida
1972 3339 2053 3374 me
2080 3324 2348 3390 voluptate

791 3415 1084 3482 privatum,
1148 3428 1405 3480 perquam
1466 3412 1674 3465 tristem
1733 3413 2098 3479 reliquerunt,
2153 3425 2346 3480 optan-

792 3516 1009 3568 temque
1054 3502 1217 3554 etiam
1265 3502 1497 3568 amplius
1538 3503 1618 3554 sic
1653 3501 1908 3556 cruciari.
1943 3501 2118 3555 "Deum
2150 3505 2348 3570 quippe

792 3608 978 3659 testor,
1015 3607 1119 3649 tam
1154 3595 1470 3648 admirabile
1511 3595 1561 3648 id
1597 3594 1760 3648 fuisse
1789 3595 1929 3663 quod
1981 3595 2242 3665 contigit,
2292 3605 2348 3648 ut

791 3686 1008 3752 assequi
1044 3699 1197 3738 mens
1241 3685 1477 3736 humana
1523 3683 1814 3751 c0gitando
1853 3697 1960 3735 nou
2009 3685 2195 3750 possit.
2252 3683 2350 3735 So-

791 3777 1070 3829 lummodo
1141 3775 1465 3842 principium
1527 3784 1580 3827 et
1645 3783 1899 3841 aspectus
1959 3783 2346 3826 tormentorum

791 3869 989 3936 aliquid
1053 3866 1266 3918 timoris
1325 3865 1646 3926 incutiunt;
1718 3877 2004 3931 progressu
2060 3878 2186 3916 vero
2243 3874 2346 3914 tam

793 3960 946 4011 uberi
983 3961 1151 4026 gratia
1191 3958 1281 4010 Dei
1312 3941 1656 4018 roborantur,
1695 3965 1752 4007 ut
1785 3955 1917 4008 nihil
1951 3954 2169 4008 omnino
2197 3954 2353 4009 dolo-

792 4068 910 4104 rum
951 4050 1393 4117 perscntiscatur.

864 4140 985 4193 257.
1017 4141 1192 4206 Atque
1226 4138 1337 4190 hazc
1389 4137 1461 4190 ita
1490 4177 1504 4200 ,
1553 4136 1627 4189 mi
1662 4135 1928 4204 Epiphani
1952 4171 1968 4197 ,
2024 4132 2103 4188 uti
2136 4140 2347 4200 peracta

791 4240 940 4293 sunt,
1001 4244 1225 4282 narrare
1279 4229 1371 4282 tibi
1423 4227 1606 4293 volui,
1667 4235 1724 4280 ut
1772 4225 2038 4294 intelligas
2076 4223 2350 4294 quomodo

790 4320 962 4376 sancti
1013 4319 1186 4386 angeli
1231 4332 1327 4385 pro
1369 4317 1586 4370 Christo
1625 4314 1956 4370 certantibus
2003 4328 2124 4368 cuni
2169 4312 2346 4366 sullitu

791 4414 1069 4481 gratisque
1093 4409 1353 4463 odoribus
1383 4418 1577 4473 ιιι-τιθειο
1611 4408 1738 4460 sint.
1762 4406 2032 4460 Insolitam
2063 4406 2197 4459 adeo
2225 4419 2349 4457 nar-

791 4502 1053 4552 rationem
1091 4508 1146 4550 ut
1176 4498 1344 4549 audiit
1379 4495 1738 4563 Epiphanius,
1773 4509 1928 4549 sacro
1953 4494 2185 4560 quodam
2220 4494 2347 4546 lior-

790 4605 910 4644 rore
938 4591 1127 4642 iterum
1156 4589 1438 4656 perculsus
1465 4599 1565 4649 est,
1587 4587 1882 4640 secundum
1929 4585 2348 4654 istud,Abyssus

790 4684 1068 4750 abyssum,
1109 4689 1161 4732 et
1193 4679 1360 4732 chaos
1405 4679 1570 4731 chaos
1595 4677 1742 4746 (5i),
1775 4685 1827 4730 et
1857 4691 1976 4744 qua:
2025 4687 2345 4742 sequuntur.

790 4772 943 4842 Saepe
963 4773 1106 4826 enim
1136 4773 1201 4837 ad
1225 4773 1468 4823 animum
1500 4784 1658 4824 auum
1674 4768 2044 4838 cogitationes
2067 4781 2345 4829 revocans,

865 4954 978 5025 (Π)
1005 4956 1176 5025 ξΑνευ
1218 4951 1466 5025 reposui,
1496 4963 1594 5018 pro
1629 4948 1810 5025 μέσον.
1848 5018 1858 5025 _
2107 5015 2118 5025 θ

861 5018 973 5091 (⁷48)
1004 5022 1250 5076 Ρι-ωόὶςιί
1281 5018 1533 5074 auctores
1564 5021 1737 5070 solum
1771 5018 1929 5091 unius
1962 5018 2342 5091 meminerunt,

790 5085 882 5163 qui
933 5085 1188 5146 sudorem
1247 5095 1632 5163 abstergeret,_
1662 5095 1721 5163 et
1772 5090 2055 5151 animum,
2107 5085 2346 5152 quandiu

793 5156 1167 5231 torquebatur.
1204 5158 1518 5231 ciinfurtans
1549 5156 1897 5231 exhilararet.

863 5225 972 5300 ($9)
999 5229 1072 5284 lia
1116 5228 1314 5288 Vatic.,
1363 5237 1416 5278 at
1447 5225 1642 5280 Mazar.
1668 5225 1916 5300 ptYJOV‘}
1968 5233 2216 5300 neutrum
2252 5237 2349 5300 a‘n-

792 5292 922 5372 tiqui
956 5292 1091 5372 usus
1124 5301 1442 5372 vocabulum
1469 5309 1572 5356 est,
1605 5292 1691 5348 uti
1713 5309 1809 5372 nec
1836 5293 2009 5372 βήσα,
2039 5307 2140 5372 nec
2165 5292 2348 5370 βησίον

792 5362 975 5440 (unde
1009 5368 1316 5440 βαστίριον)
1357 5367 1494 5440 idem
1545 5365 1934 5440 recentioribus
1970 5362 2346 5440 signiﬁcantia.

789 5429 1221 5507 hutiquioribu's,
1251 5429 1624 5507 Xenophonti,
1657 5433 1935 5493 Atlienaio,
1969 5429 2170 5484 et’aIiis
2201 5429 2349 5507 βίκος

792 5502 968 5578 (unde
1016 5506 1216 5575 βικίον)
1251 5514 1332 5559 est
1386 5519 1478 5557 vas
1519 5504 1599 5556 vel
1637 5518 1767 5556 urna
1816 5515 2005 5556 ansata
2055 5517 2150 5556 seu
2184 5502 2346 5554 etiam

791 5581 1067 5634 doliolum.
1523 5612 1527 5614 -
1657 5604 1681 5625 ι

861 5649 974 5715 (50)
1013 5645 1109 5715 MS.
1140 5643 1338 5705 Vatic.,
1368 5643 1428 5695 τὸ
1468 5641 1686 5715 δόκιμον
1721 5641 2203 5715 ἔχειμτδῂπρᾶγμα.

785 5731 790 5737 ·
859 5709 971 5788 (Si)
1021 5714 1243 5770 Videtur
1293 5715 1456 5768 alludi
1509 5709 1598 5766 ait
1636 5713 1763 5765 illud
1825 5711 2022 5766 l‘sahn.
2086 5726 2207 5776 xu,
2267 5709 2299 5763 8

2458 548 2747 615 ὑπόμεινον
2774 551 2870 617 τὴν
2900 552 3120 619 πικρίαν
3157 553 3354 618 ταύτην
3378 567 3389 579 ·
3419 554 3498 603 ὅτι
3527 553 3652 605 ἄνευ
3681 551 3790 617 (47)
3824 551 3993 616 αὐτῆς

2455 639 2514 688 τὸ
2538 639 2752 691 αἰώνιον
2783 641 2890 708 πῦρ
2945 642 3126 709 μέλλει
3152 658 3209 692 σε
3243 641 3582 692 καταλαϐεῖν.
3623 641 3708 702 Ὠς
3737 641 3792 692 δέ
3820 638 3992 692 ταῦτα

2455 726 2658 792 ελεγον,
2701 727 2885 796 θεωρῶ
2920 731 3014 781 καὶ
3053 731 3158 782 ἰδοὺ
3202 730 3462 796 τέσσαρες
3507 730 3742 796 εὐνοῦχοι
3779 729 3990 797 ὡραῖοι,

2455 814 2522 866 τά
2557 816 2807 884 πρόσωτα
2858 817 3066 885 ἔχοντες
3091 819 3164 880 ὡς
3201 820 3367 887 ῥόδον,
3391 821 3479 868 καὶ
3507 819 3562 868 al
3606 817 3786 868 στολαὶ
3815 817 3992 869 αὐτῶν

2455 903 2643 956 λευκαὶ
2669 906 2742 966 ὡς
2770 905 2920 974 χιών.
2965 909 3069 959 Καὶ
3100 909 3126 959 ό
3155 908 3250 974 μιν
3293 905 3369 969 εἷς
3405 906 3620 971 ἐκράτει
3655 907 3727 966 ὡς
3760 905 3992 974 λεκάνης

2456 989 2614 1057 εἶδος,
2665 996 2784 1063 ἥτις
2834 992 2901 1065 ἦν
2962 997 3126 1064 λευκὴ
3172 997 3264 1048 καὶ
3306 997 3655 1064 λαμπροτάτη
3688 999 3776 1047 καὶ
3831 1012 3998 1047 κατα-

2456 1083 2758 1150 πλήττουσα
2783 1088 2847 1152 τῇ
2874 1085 3072 1154 θεωρίᾳ
3096 1085 3214 1151 ὄψιν
3267 1083 3571 1150 ἀνθρώπου,
3595 1085 3682 1133 καὶ
3707 1087 3784 1143 εις
3807 1083 4000 1134 ἐκσταο

2458 1188 2541 1223 σιν
2566 1175 2822 1239 φέρουσα.
2864 1173 2925 1222 Ὀ
2952 1172 3008 1223 δέ
3031 1173 3212 1239 ἕτερος
3239 1172 3456 1238 ἐκράτει
3509 1170 3749 1238 βησίριον
3777 1171 4000 1236 διάχρυο

2458 1276 2548 1312 σον
2575 1262 2708 1329 (ιθ),
2740 1261 2912 1330 μύρου
2950 1261 3126 1313 θεῖκοῦ
3158 1263 3568 1328 μεμεστωμένον
3613 1260 3685 1315 ὼς
3717 1259 3998 1327 ροδοστάγο

2461 1366 2647 1416 ματος.
2687 1354 2746 1402 Oi
2792 1351 2846 1402 δέ
2893 1350 3039 1401 ἄλλοι
3092 1349 3186 1401 δύο
3239 1349 3430 1411 ὀθόνας
3481 1348 3675 1408 λευκάς
3719 1347 3791 1406 ὡς
3843 1348 3998 1413 χιὼν,

2454 1439 2848 1501 διδιπλωμένας
2877 1440 2954 1500 είς
2979 1438 3238 1506 τέσσαρα,
3271 1439 3529 1506 ἐκράτουν
3561 1439 3617 1488 ἐν
3631 1437 3748 1496 ταῖς
3781 1436 3998 1497 ὑπτίαις

2457 1527 2642 1596 χερσὶν
2672 1529 2846 1578 αὐτῶν

2527 1708 2664 1771 σ).ς·’.
2711 1709 2796 1770 Ὠς
2833 1708 2887 1760 δέ
2912 1709 2997 1760 ἐπ’
3027 1708 3180 1775 ὄψεσι
3216 1727 3314 1776 μου
3344 1709 3605 1775 ἐγένοντο,
3632 1709 3774 1774 λέγει
3810 1703 3888 1769 εἷς
3921 1708 3999 1774 τῷ

2455 1798 2551 1868 τὴν
2585 1799 2813 1866 φαιδρὰν
2872 1800 3085 1865 ἐκείνην
3133 1799 3363 1865 λεκάνην
3394 1801 3694 1864 κατέχοντι,
3728 1799 3861 1863 Φέρε
3911 1800 3998 1848 ἐν-

2454 1887 2625 1940 ταῦθα
2651 1902 2666 1916 ⁸
2700 1888 2794 1938 καὶ
2813 1887 2888 1949 ὡς
2921 1891 3139 1956 ἠνεγκε,
3170 1888 3410 1953 λέγειτῷ
3445 1891 3722 1953 κατέχοντι
3754 1887 3813 1938 τὸ
3841 1887 3997 1954 μησί·

2458 1995 2569 2046 ριον
2615 1979 2672 2030 τὸ
2710 1979 3013 2047 διάχρυσον,
3070 1979 3205 2030 Βάλε
3237 1978 3486 2029 ἐνταῦθα.
3524 1978 3611 2037 Ὠς
3639 1974 3729 2028 οὗν
3784 1978 4001 2036 ἓ6α>.εν,

2457 2067 2709 2135 ἐξήρχετο
2738 2067 2795 2118 τὸ
2827 2067 2994 2134 μύρον
3026 2070 3222 2128 ἐκεῖνο,
3255 2067 3327 2128 ὡς
3369 2064 3504 2128 εἶδος
3536 2068 3815 2134 ἀστραπῆς
3849 2068 3999 2133 ἐρχὸ-

2460 2171 2615 2222 μενον
2646 2159 2725 2215 εξς
2745 2158 2865 2216 τοὺς
2886 2156 3194 2225 ὀφθαλμούς
3228 2174 3349 2224 μου,
3377 2161 3467 2208 καὶ
3490 2157 3572 2208 διά
3591 2159 3692 2208 τῶν
3719 2159 4001 2208 ἐνδοσθίων

2459 2262 2556 2312 μου
2595 2248 2672 2306 εἰς
2702 2247 2874 2298 πάντα
2913 2263 3012 2313 μου
3047 2247 3112 2299 τὰ
3150 2247 3282 2314 μέλη
3309 2249 3752 2315 σκορπιζόμενσν,
3795 2248 3934 2298 ὥστε
3966 2249 3999 2315 ἡ

2454 2332 2648 2383 εὐωδία
2679 2333 2770 2384 τοῦ
2812 2332 2982 2401 μύρου
3034 2335 3241 2386 ἐκείνου
3293 2336 3463 2398 ἐνίκα,
3513 2336 3606 2386 καὶ
3657 2336 4002 2403 περιεγένετο

2452 2426 2559 2478 τῶν
2587 2427 2830 2493 φοεερῶν
2860 2427 3080 2479 ἐκείνων
3118 2428 3292 2480 πόνων
3324 2429 3432 2478 τῶν
3467 2432 3524 2479 ἐκ
3571 2428 3677 2478 τῶν
3730 2428 4004 2494 αἰκισμῶν

2454 2521 2875 2583 προσαγομένων
2911 2535 3020 2586 μοι.
3057 2514 3147 2580 Εἷς
3181 2515 3271 2570 οὖν
3302 2521 3359 2571 τὸ
3382 2520 3568 2570 πανίον
3598 2521 3789 2578 ἐκεῖνο,
3819 2520 3846 2570 ὃ
3874 2535 4002 2569 κατ·

2455 2609 2586 2672 εἶχε,
2648 2605 2854 2672 βρέχων
2888 2610 2943 2657 ἐν
2975 2611 3035 2674 τῇ
3088 2608 3305 2675 λεκάνῃ,
3341 2609 3578 2659 ἐπετίθει
3623 2611 3686 2675 τῇ
3721 2608 3840 2673 ὂψει
3876 2626 4002 2674 μου,

2455 2697 2544 2747 καὶ
2577 2697 2793 2763 ἐκράτει
2841 2698 2928 2746 ἐπὶ
2969 2699 3159 2765 πολλὴν
3201 2699 3367 2764 ὥραν,
3395 2699 3531 2750 ὥστε
3564 2701 3628 2750 ἐκ
3667 2699 3762 2764 τῆς
3819 2699 4003 2765 ἡδονῆς

2455 2787 2665 2854 ικείνης
2693 2788 2788 2852 τῆς
2818 2789 3104 2855 ἡδυτάτης.
3132 2784 3316 2849 καοὼξ
3333 2792 3608 2855 προεῖπον,
3640 2788 3958 2840 ἐπιλανθάνε
3978 2817 4000 2828 -

2457 2877 2575 2927 σθαι
2598 2878 2702 2927 τῶν
2736 2877 2908 2927 πόνων
2944 2894 3066 2944 μου.
3101 2878 3265 2928 Πάλιν
3310 2877 3401 2929 οὖν
3444 2878 3633 2929 τούτου
3668 2881 3911 2944 αἴροντος
3938 2878 4000 2928 τδ

2457 2963 2646 3012 πανίον
2696 2963 2868 3014 ἐκεῖνο
2900 2966 2961 3014 ἐκ
3007 2966 3100 3028 τῆς
3159 2965 3330 3031 δςζνεώς
3393 2983 3492 3031 μου
3542 2967 3696 3026 ἄλλος
3761 2968 4004 3033 εἱστήκει

2455 3049 2668 3117 ἕτοιμος
2696 3050 2788 3102 τοῦ
2822 3052 3087 3103 ἐπιθεῖναι
3111 3069 3125 3082 ⁸
3153 3053 3246 3104 καὶ
3290 3053 3430 3105 οὕτω
3469 3053 3756 3121 διήρκεσαν
3784 3054 4003 3105 ποινιῦνο

2453 3157 2562 3203 τες,
2599 3144 2788 3210 μέχρις
2817 3137 2876 3194 οὗ
2929 3146 2976 3195 ol
3019 3146 3308 3207 τύπτοντές
3341 3163 3406 3212 με
3438 3147 3756 3207 ἐπαύσαντο,
3783 3144 3876 3196 καὶ
3897 3145 4004 3197 ἀπὸ

2450 3231 2545 3282 τοῦ
2583 3232 2736 3295 ξύλου
2766 3236 3092 3300 κατήγαγον.
3128 3236 3237 3286 Καὶ
3270 3236 3464 3296 εὐθέως
3485 3236 3558 3296 ὡς
3584 3229 3736 3285 τοῦτο
3767 3236 4002 3300 ἐγένετο,

2452 3324 2764 3391 ἀπέστησαν
2809 3328 2857 3374 οἱ
2903 3324 3120 3390 ἄγγελοι
3155 3327 3247 3377 ἀπ’
3277 3325 3430 3391 ἐμοῦ,
3460 3325 3554 3376 καὶ
3591 3324 3867 3393 στερηθεὶς
3897 3325 4005 3376 άπὸ

2451 3412 2549 3479 τῆς
2583 3414 2772 3481 ἡδονῆς
2805 3415 3014 3481 ἐκεξνης
3065 3415 3160 3481 τῆς
3196 3415 3456 3481 ἡδυτάτης
3502 3416 3638 3466 πάνυ
3689 3414 3963 3481 ἐλυπήθην
3989 3430 4003 3445 ο

2452 3503 2638 3572 ἠθελον
2669 3504 2772 3573 γάρ
2805 3503 2879 3555 ἐτι
2925 3504 3328 3570 βασανίζεσθαι·
3365 3505 3699 3574 πληροφορεί
3725 3506 3832 3573 γὰρ
3863 3507 4006 3572 ἡμᾶς

2453 3596 2478 3646 ὸ
2500 3595 2648 3657 Θεὸς,
2666 3596 2744 3645 ὅτι
2764 3595 2998 3646 ¹ὶοιοῡτόν
3022 3597 3134 3646 ἐστι
3156 3598 3213 3646 τὸ
3239 3599 3488 3663 πρᾶγμα,
3517 3590 3627 3647 οἷον
3657 3595 3776 3656 νοῦς
3797 3595 4009 3661 ἀνθρώ.

2454 3702 2555 3737 που
2610 3688 2905 3739 ἀπεικάσαι
2957 3687 3018 3738 οὐ
3071 3686 3308 3738 δύναται.
3366 3687 3538 3739 Μόνον
3585 3688 3618 3754 ὴ
3665 3686 3806 3754 ἀρχὴ
3855 3689 3948 3737 καὶ
3977 3687 4012 3753 ἡ

2455 3776 2550 3829 θέα
2577 3777 2686 3843 (50)
2721 3775 2852 3845 Ιτῶν
2907 3776 3152 3844 βασάνων
3180 3778 3290 3844 ἔχει
3327 3776 3417 3826 τὸν
3449 3775 3608 3842 φόϐον
3693 3777 3724 3840 ἡ
3755 3776 3810 3826 δὲ
3833 3789 4012 3844 προσ-

2455 3866 2604 3933 6ολὴ,
2633 3864 3010 3932 δυναμουμένη
3041 3867 3104 3932 τῇ
3134 3865 3312 3932 χάριτι
3346 3862 3435 3914 τοῦ
3475 3860 3626 3924 Θεοῦ,
3655 3861 3764 3912 τῶν
3799 3876 4010 3929 προσαο

2453 3957 2700 4024 γομένων
2735 3955 3040 4022 ἀλγηδόνων
3061 3956 3158 4005 οὐκ
3190 3953 3523 4005 αἰσθάνεται.

2526 4135 2652 4199 σ>.ζ⁷.
2687 4136 2890 4200 Ταῦτα,
2938 4135 3214 4203 Ἐπιφάνιέ
3247 4152 3370 4203 μου,
3405 4132 3575 4195 οὕτως
3603 4132 3965 4201 ἐτελέσθησαν
3991 4139 4050 4190 '\

2448 4228 2795 4297 διηγησάμην
2838 4242 2920 4278 σοι
2951 4227 3008 4280 δέ
3038 4227 3230 4290 ταῦτα,
3277 4227 3361 4278 ἶνα
3411 4225 3550 4294 γνῷς
3595 4224 3708 4286 πῶς
3739 4224 4009 4292 θυμ·ὦσιν

2451 4319 2576 4378 τοὺς
2604 4318 3030 4386 ἀγωνιζομένους
3054 4321 3138 4370 διὰ
3165 4317 3366 4384 Κύριον
3390 4318 3530 4382 ἅγιοι
3562 4316 3802 4380 ἄγγελοι.
3835 4315 4010 4367 Τοῦτο

2381 4407 2426 4466 D
2450 4407 2511 4460 τὸ
2544 4407 2844 4477 παράδοξον
2876 4411 3110 4471 ἀκούσας
3147 4411 3368 4470 ἐκεῖνος,
3411 4408 3624 4474 ἔφριττε
3669 4406 3853 4466 πάλιν,
3885 4406 4008 4457 καθ’

2454 4499 2482 4552 ὃ
2528 4499 2760 4560 ἄϐυσσος
2813 4499 3064 4558 ἄϐυσσον,
3098 4500 3189 4550 καὶ
3232 4501 3361 4564 χάος
3390 4500 3535 4566 χάος,
3569 4497 3660 4548 καὶ
3707 4498 3964 4548 ἐπέκεινα
3991 4513 4005 4527 ·

2455 4588 2712 4648 πολλάκις
2747 4588 2855 4655 γὰρ
2885 4586 3147 4656 κατῆλθεν
3174 4587 3228 4636 ἐν
3255 4584 3449 4652 ἐαυτῷ,
3484 4583 3573 4635 καὶ
3609 4585 3664 4632 ἐν
3708 4585 3771 4650 τῇ
3811 4583 4010 4649 καρδίᾳ

2455 4675 2621 4728 αὑτοῦ
2679 4674 3140 4743 διαλογιζόμενος,
3192 4677 3319 4742 περὶ
3368 4673 3459 4725 τοῦ
3517 4675 3736 4724 Δικαίου
3784 4672 4005 4737 ἐλεγεν·

2463 4767 2565 4818 Ἴδε
2597 4768 2818 4835 ῥήματα
2857 4766 2972 4818 θεῖα
3005 4765 3286 4834 ἀνθρώπου
3315 4761 3665 4831 νομιζομένου
3699 4760 3888 4824 σαλοῦ,
3917 4762 4011 4813 καὶ

2459 4963 2476 4996 ι
2530 4946 2771 5014 Abyssus
2804 4946 3055 5011 abyssum
3111 4942 3344 5014 invocat,
3384 4949 3583 5014 i_etc..
3624 4937 4011 5014 quod_posset

2451 5009 2710 5081 explicari
2762 5031 2775 5064 :
2823 5009 3063 5080 Aliyssus
3121 5011 3368 5081 humana:
3409 5009 3734 5081 ignorantia!
3791 5009 4012 5081 invocat

2452 5078 2704 5152 abyssum
2760 5078 2951 5135 divinie
3001 5081 3265 5141 scientize;
3321 5078 3421 5130 nisi
3467 5080 3517 5130 id
3569 5079 3724 5152 malis
3762 5079 3829 5130 ad
3887 5081 4010 5142 Epi-

2452 5147 2636 5220 plfanii
2688 5153 3154 5218 compunctiouem
3194 5162 3462 5220 revocare.
3515 5155 3572 5220 ut
3620 5147 3850 5220 abyssus
3883 5163 4007 5213 pec-

2449 5216 2553 5275 cati
2576 5223 2786 5274 dicatur
2817 5216 3068 5274 invocare
3094 5220 3342 5287 abyssum
3374 5216 3789 5274 llliSBl’iCOldlai;
3817 5226 4011 5282 estque

2451 5292 2562 5344 hac
2594 5306 2698 5343 una
2731 5306 2794 5344 ex
2837 5303 2959 5343 octo
3003 5288 3488 5357 explicationibus,
3529 5302 3674 5357 Aquas
3713 5287 3849 5357 huic
3889 5293 4012 5357 luco

2449 5371 2596 5426 aptat
2628 5370 2808 5413 ιισιειει·
2851 5353 3098 5412 Thomas
3120 5359 3167 5409 le
3210 5357 3376 5426 Blanc
3414 5358 3465 5407 in
3505 5353 3723 5423 Analyu’
3749 5353 4011 5426 Pulmo-

2451 5423 2584 5482 nim.
2641 5430 2792 5492 Aliae,
2850 5431 3018 5494 magis
3055 5426 3301 5478 fortassis
3362 5424 3638 5484 litterales,
3685 5423 3871 5494 tuiuus
3906 5426 4011 5477 huc

2449 5497 2672 5552 faciunt.
2713 5498 2767 5550 ln
2814 5514 2915 5552 ms.
2944 5493 3146 5549 ἐίσκειν.
3180 5495 3340 5547 verba
3374 5496 3516 5556 haec,
3560 5503 3612 5545 ut
3644 5493 4003 5553 obscuriora,

2449 5571 2778 5622 omittuntur
2804 5585 2817 5621 :
2859 5579 2999 5619 certe
3033 5565 3214 5618 sensui
3240 5564 3443 5617 servire
3472 5563 3800 5627 volens.'pro
3832 5564 4005 5625 κάτω,

2449 5641 2631 5693 suum
2659 5681 2670 5703 ,
2705 5638 2848 5707 quod
2881 5646 2996 5692 erat
3031 5637 3083 5688 in
3116 5648 3217 5690 nia.
3245 5632 3365 5686 καθ’
3395 5634 3424 5684 ὃ
3454 5633 3762 5701 ponendum
3800 5633 4003 5698 putavi.
