4202 6434
103 413 283 490 ,881

1345 424 1523 484 νιΤΑ
1566 424 1626 485 8.
1667 426 2000 488 ANDRE/E
2043 429 2233 490 SALI.

3322 430 3427 493 882

180 531 231 582 οί
261 527 351 583 ἐπ’
381 529 643 601 ἀληθείας
677 534 856 599 σαλοὶ,
889 535 937 588 oi
988 536 1321 604 θεωροῦντες
1357 538 1542 603 αὑτὸν,
1572 542 1758 610 ὥσπερ
1788 581 1798 606 Α

1875 544 1936 596 ηε
1968 558 2153 598 secum
2188 547 2254 599 de
2291 542 2407 600 viro
2453 554 2646 601 sancto
2697 545 2997 602 disserebat
3028 562 3044 600 :
3081 543 3220 599 Ecce
3270 544 3429 598 verba

184 620 325 675 κύνα
378 624 655 692 σεσηπότα
683 624 1197 682 ἁποόδελύσσονται.
1252 628 1461 683 Βαϐαίῑ
1518 631 1676 695 ἀλλος
1704 634 1764 685 ὲν

184 713 249 780 τῇ
286 710 443 764 πόλει
472 712 642 784 ταύτῃ
686 714 925 778 τοιοῦτος
953 717 1217 787 φρόνιμος
1265 718 1363 787 οὐχ
1407 719 1763 790 εὑρεθήσεται

185 804 438 871 φωστὴρ,
502 802 880 872 ἢτηλικοῦτος
917 808 1095 874 ἁγιος.

1868 634 2049 688 divina
2084 636 2320 693 hominis
2346 679 2361 702 ,
2403 640 2495 707 qui
2526 639 2727 708 passim
2761 653 2792 691 e
2840 637 3160 692 stolidarum
3210 650 3434 689 numero

1872 726 2098 780 habetur
2125 743 2265 782 unus
2306 746 2319 783 :
2367 739 2421 783 at
2453 730 2527 783 illi
2576 745 2699 784 vere
2728 729 2911 784 stolidi
2932 770 2945 791 ,
2977 731 3066 797 qui
3107 728 3320 798 quoties
3351 728 3435 794 ip-

1869 833 1986 871 sum
2022 820 2235 884 vident,
2267 836 2371 874 non
2404 821 2583 876 minus
2618 838 2778 891 quam
2818 820 3022 874 olidum
3056 834 3241 874 canem
3275 830 3436 872 exse-

187 906 434 949 crantur.
464 894 718 952 Profecto
760 897 902 954 alius
954 899 1005 953 in
1048 900 1267 957 civitate
1301 902 1401 958 hac
1432 913 1594 958 tanta:
1624 905 1942 975 prudentiae,
1970 921 2130 967 tantze
2192 912 2395 983 gloriae.
2451 924 2623 987 tanta:
2694 913 3072 969 sanctimonia:
3133 913 3438 982 reperietur

187 998 370 1039 nemo.

1593 1116 2092 1197 capur.xxvur

264 1245 579 1302 Extremum
610 1252 831 1308 Andrew
878 1269 999 1308 cum
1040 1253 1334 1325 Epiphanio
1370 1266 1416 1309 et
1448 1265 1662 1309 auctore
1694 1257 2035 1378 _c(ollloqitiitm
2064 1275 2080 1308 :
2129 1256 2407 1319 dist-assus,
2450 1260 2642 1320 obitus,
2674 1261 2934 1313 sanctitas
2970 1259 3164 1312 cwlcsti
3209 1260 3368 1312 odore

1686 1344 1739 1378 ιη
1784 1338 1949 1378 tcata.

1686 1338 1949 1382 mdtcata.

266 1458 406 1529 σλη’.
441 1458 629 1514 Ταῦτα
661 1465 754 1515 τοῦ
809 1463 1123 1533 Ἐπιφανίου
1158 1464 1618 1534 διαλογιζομένου,
1644 1464 1767 1531 ἐγέ-

195 1567 321 1604 νετο
350 1552 668 1619 συμφθάσαι
712 1554 804 1606 τὸν
851 1557 1043 1624 καιρὸν
1072 1557 1167 1624 τῆς
1213 1557 1365 1619 θείας
1403 1558 1765 1626 λειτουργίας,

194 1640 293 1693 καὶ
326 1641 589 1705 ἀναστὰς,
647 1644 919 1714 ἐπορεύθη
967 1647 1024 1699 ὲν
1065 1650 1130 1716 τῇ
1178 1648 1443 1717 ἐκκλησίᾳ
1468 1664 1480 1677 ·
1516 1648 1633 1709 ἔθος
1662 1646 1771 1714 γὰρ

194 1726 263 1801 ἦν
298 1732 450 1801 αὐτῷ
479 1734 710 1788 πάντοτε
739 1738 796 1789 ὲν
826 1738 947 1797 ταῖς
971 1737 1225 1801 συνάξεσι
1248 1739 1346 1809 τῆς
1383 1740 1541 1806 ἁγίας
1574 1740 1775 1808 ἐκκλη-

200 1822 327 1885 σίας
362 1823 512 1893 πόθῳ
560 1824 739 1895 πολλῷ
798 1824 1098 1894 σχολάζειν,
1148 1830 1243 1882 καὶ
1300 1831 1777 1899 μεταχειρίζεσθαι

1946 1466 2069 1520 9.38.
2106 1468 2249 1523 Talia
2295 1483 2479 1521 secum
2523 1467 2768 1520 volvente
2800 1466 3127 1538 Epiphanio,
3178 1477 3346 1518 sacrm
3379 1462 3444 1514 li-

1878 1561 2067 1623 turgize
2098 1569 2311 1626 tempus
2341 1560 2529 1623 adest,
2580 1572 2752 1626 quare
2796 1572 3024 1625 surgens
3070 1557 3122 1609 in
3156 1552 3443 1609 ecclesiam

1881 1649 2035 1703 abiit.
2081 1650 2433 1704 Consuetudo
2484 1665 2717 1719 namque
2757 1650 2857 1718 ipsi
2896 1648 3007 1716 jam
3062 1648 3263 1715 pridem
3296 1646 3449 1699 inva-

1886 1740 2098 1805 lnerat,
2154 1753 2210 1793 ut
2256 1742 2426 1797 sacris
2478 1742 2531 1795 in
2578 1741 2779 1810 templo
2828 1740 3062 1795 ctetibus
3097 1751 3291 1806 magno
3323 1751 3448 1790 cum

1887 1831 2099 1885 fervore
2151 1846 2366 1900 semper
2402 1832 2720 1894 interesset,
2778 1845 3076 1898 sacrosque
3133 1829 3201 1882 ad
3256 1827 3453 1881 anima:

200 1914 299 1975 τὰς
328 1915 483 1985 ἱερὰς
516 1915 733 1985 βίθλους
775 1919 912 1987 πρὸς
949 1918 1220 1986 ὠφέλειαν
1250 1921 1351 1989 τῆς
1377 1922 1557 1992 ψυχῆς
1588 1924 1775 1977 αὑτοῦ.

1881 1938 1994 1978 suae
2050 1924 2475 1976 emolumentum
2539 1922 2705 1977 libros
2767 1922 3015 1974 manibus
3070 1914 3452 1973 tereret.‘Ubl

203 2006 340 2058 Ὅτε
372 2006 467 2060 οὖν
509 2010 871 2081 ὑπέστρεψεν,
916 2011 1170 2081 τεθείσης
1199 2013 1294 2081 τῆς
1343 2014 1640 2084 τραπέζης,
1673 2015 1783 2068 τῶν

202 2097 428 2165 δωρεῶν
480 2097 686 2168 Κυρίου
746 2101 1071 2168 ἀπήλαυσαν
1133 2102 1458 2172 ἀμφότεροι·
1522 2104 1785 2170 παρήμτρ

201 2188 315 2257 γὰρ
356 2188 515 2255 κὰγὼ
554 2193 581 2242 ό
612 2191 777 2254 τάλας
828 2192 1034 2257 ἐκεῖσε,
1074 2191 1237 2266 μέσον
1287 2194 1463 2259 ἁγίων
1507 2192 1783 2261 Ὑψίστου,

203 2280 279 2344 ὡς
306 2279 459 2332 κύων
487 2282 906 2351 ἀσχολούμενος,
938 2286 1032 2338 καὶ
1060 2285 1169 2337 τῶν
1195 2286 1584 2354 πνευματικῶν
1609 2287 1786 2341 αὐτῶν

204 2373 441 2442 ὁμιλιῶν
494 2374 804 2429 ἀπολαύων.
840 2377 950 2429 Καὶ
996 2377 1105 2447 γὰρ
1152 2378 1215 2430 ἐκ
1261 2378 1578 2449 Πνεύματος
1633 2380 1787 2447 ἁγίου

210 2466 466 2533 γλώσσας
496 2466 798 2535 ἀλλογενῶν
822 2470 1132 2539 ἡρμήνευεν
1161 2470 1281 2525 οἵαν
1308 2488 1392 2533 τις
1417 2471 1629 2541 ἤθελεν,
1662 2472 1787 2525 οὔτε

208 2558 319 2610 τῶν
354 2561 683 2628 ἀπορρήτων
724 2562 822 2629 τῆς
851 2562 1074 2630 Γραφῆς
1123 2580 1177 2614 τι
1220 2563 1543 2616 ὲλάνθανενυ
1590 2560 1659 2635 ἦν
1683 2565 1791 2634 γὰρ

213 2652 387 2719 αὐτὴν
427 2650 612 2718 ἄκρως
658 2651 1113 2719 πεπαιδευμένος.
1135 2647 1244 2705 Ἦν
1274 2652 1330 2705 δὲ
1368 2655 1462 2706 καὶ
1488 2654 1671 2720 ἁγνὸς,
1702 2656 1794 2707 καὶ

215 2740 523 2808 εὔγλωττος
552 2741 794 2813 γλώσσῃ.
830 2741 922 2794 καὶ
956 2742 1161 2808 γνῶσιν
1200 2742 1339 2811 ἔχων
1385 2742 1791 2808 ἁσυνείκαστον,

219 2832 366 2885 ὥστε
420 2832 491 2885 τὰ
528 2831 698 2885 εἴκοσι
733 2834 971 2903 τέσσαρα
1007 2836 1244 2903 στοιχεῖα
1281 2835 1391 2887 τῶν
1429 2836 1792 2904 γραμμάτων,

217 2922 396 2986 οὕτως
421 2922 491 2975 τὰ
516 2924 676 2994 νοερά
694 2940 754 2975 τε
778 2926 870 2976 καὶ
895 2924 1147 2995 αἰσθητὰ,
1175 2926 1280 2976 ἀπὸ
1308 2926 1541 2995 φοϐερᾶς
1565 2927 1795 2997 θεωρίας

220 3015 541 3083 Πνεύματος
567 3016 724 3083 ἁγίου
755 3017 1075 3082 ἐγίνωσκεν.
1122 3016 1261 3069 Ἀλλ’
1287 3018 1369 3069 ὅτι
1402 3018 1548 3087 μόνῳ
1591 3019 1712 3085 ἐμοί
1738 3035 1797 3070 τε

221 3109 315 3162 καὶ
356 3108 659 3177 Ἐπιφανίῳ
682 3108 898 3176 ὡμίλει,
924 3109 1082 3179 ἡνίκα
1113 3111 1247 3179 πρός
1278 3125 1341 3176 με
1377 3111 1611 3175 ἐγένετο,
1640 3111 1671 3180 ἢ
1701 3111 1800 3163 πά-

220 3200 310 3252 λαι
344 3201 486 3267 πρὸς
533 3198 719 3251 τοῦτον
767 3201 1114 3268 ἐπεδήμησεν
1142 3216 1156 3231 ο
1189 3199 1363 3269 ἑτέρῳ
1408 3199 1464 3251 δέ
1514 3218 1619 3252 τινι
1677 3200 1798 3256 οὗτε

223 3293 329 3346 κᾶν
355 3290 517 3359 ψιλὸν
549 3291 705 3357 λόγον
738 3292 868 3359 περὶ
899 3290 1139 3359 Γραφῆς.

1888 2026 2071 2085 postea
2105 2016 2327 2068 revertit
2360 2031 2389 2070 e
2425 2015 2647 2083 templo,
2682 2014 2932 2082 apposita
2962 2027 3147 2066 mensa
3181 2019 3283 2073 est,
3314 2008 3456 2063 divi-

1891 2109 2081 2176 nisque
2119 2123 2221 2161 una
2256 2123 2378 2161 cum
2408 2108 2624 2160 Andrea
2660 2106 2819 2159 donis
2847 2119 2968 2159 sese
3000 2102 3287 2157 recreavit.
3345 2099 3457 2181 Ad-

1886 2214 2035 2251 eram
2057 2209 2109 2251 et
2135 2212 2230 2266 ego
2262 2210 2477 2265 quoque
2506 2198 2641 2263 ipse,
2665 2195 3004 2249 miserrimus
3026 2192 3292 2252 omnium,
3318 2190 3457 2242 inter

1890 2299 2109 2343 sanctos
2152 2289 2242 2341 Dei
2275 2287 2512 2340 famulos
2545 2286 2622 2339 uti
2652 2287 2806 2340 canis
2842 2300 3101 2346 versans,
3152 2280 3459 2349 divinisque

1891 2396 2078 2436 eorum
2112 2380 2399 2448 colloquiis
2440 2395 2521 2433 me
2557 2392 2827 2433 recreans.
2862 2374 3071 2428 Etenim
3107 2374 3461 2443 qualemcun-

1892 2489 1998 2546 que
2026 2474 2400 2543 explicandam
2441 2473 2638 2540 aliquis
2666 2471 2952 2525 obtulisset
2993 2467 3329 2537 peregrinam
3365 2463 3463 2516 lin-

1894 2580 2092 2636 guam,
2134 2566 2306 2619 sancti
2349 2564 2582 2633 Spiritus
2629 2563 2888 2617 instinctu
2921 2558 3167 2627 expedite
3195 2556 3462 2621 interpre-

1897 2658 2135 2719 tabatur,
2174 2671 2271 2710 nec
2315 2656 2496 2709 minus
2525 2663 2642 2708 erat
2674 2662 2917 2706 versatus
2960 2650 3013 2703 in
3054 2641 3461 2701 obscurissimis

1895 2748 2203 2815 quibusque
2276 2746 2411 2800 locis
2485 2760 2655 2800 sacras
2724 2742 3019 2810 Scriptura:
3091 2732 3462 2807 exponendis,

1897 2848 2080 2907 utpote
2111 2836 2568 2907 perfectissimam
2610 2836 2757 2889 illius
2802 2829 3213 2900 intelligentiam
3252 2834 3466 2879 nactus.

1901 2931 2029 2985 Erat
2060 2940 2316 3000 praeterea
2358 2928 2586 2998 insignis
2637 2924 2995 2988 castimonia,
3046 2930 3165 2976 erat
3209 2916 3470 2973 facundus

1901 3025 2083 3091 lingua
2110 3062 2125 3086 ,
2177 3031 2295 3076 erat
2344 3020 2603 3090 prmditus
2652 3015 2880 3071 scientia
2914 3023 3021 3067 tam
3072 3009 3376 3078 singulari,
3417 3014 3473 3058 ut

1902 3113 2089 3181 viginti
2123 3120 2359 3179 quatuor
2388 3111 2691 3164 litterarum
2722 3106 2988 3161 elementa
3015 3142 3029 3167 ,
3082 3112 3189 3155 tam
3222 3114 3343 3168 qua:
3373 3096 3474 3150 sub

1907 3204 2264 3267 intellectum,
2292 3217 2454 3271 quam
2487 3215 2605 3269 qua:
2625 3198 2729 3253 sub
2749 3211 2967 3252 sensum
2998 3194 3221 3254 cadunt,
3243 3186 3475 3243 mirabili

1823 3279 1867 3340 C
1903 3294 2137 3363 Spiritus
2166 3295 2336 3348 sancti
2364 3293 2720 3347 illustratione
2744 3291 2961 3360 penitus
3008 3285 3340 3356 pervaderet.
3375 3278 3476 3333 Ve-

226 3393 535 3438 rumtamen
560 3383 841 3437 scientiam
875 3383 1019 3435 illam
1041 3396 1251 3436 meeum
1283 3382 1624 3436 solummodo
1654 3392 1850 3439 etcum
1879 3388 2201 3457 Epiphanio,
2223 3388 2440 3456 quando
2483 3387 2803 3441 alterutrum
2838 3382 3197 3439 convenisset.
3230 3390 3476 3432 commu-

224 3480 411 3531 nicare
442 3475 651 3549 solebat
680 3492 697 3532 :
724 3474 863 3541 apud
894 3476 1059 3529 alium
1093 3490 1219 3530 vero
1246 3476 1540 3544 quemlibet
1579 3476 1645 3529 de
1688 3494 1839 3532 saera
1873 3481 2151 3549 Scriptura
2185 3498 2251 3536 ne
2288 3482 2508 3535 verbum
2541 3480 2780 3549 quidem.

300 3568 435 3623 σλθ⁸.
468 3565 600 3620 Εἶτα
629 3567 1009 3636 καθεζομένων
1038 3568 1195 3636 ἡμῶν
1237 3569 1330 3622 καὶ
1361 3568 1668 3630 ἐσθιόντων,
1699 3572 1802 3638 ἔφη

242 3661 559 3729 Ἐπιφάνιος
617 3658 695 3727 τῷ
753 3658 959 3725 Ὀσίῳ·
1003 3659 1183 3724 Πάτερ
1236 3676 1359 3728 μου,
1410 3662 1461 3711 τί
1514 3662 1808 3729 ἑρμηνεύει

230 3756 440 3823 ἀρτοςς
488 3753 545 3804 ὐ
594 3751 811 3812 Δίκαιος
858 3751 997 3819 ἔφη’
1028 3752 1100 3802 Τὸ
1138 3751 1362 3803 δέκατον
1392 3752 1484 3803 καὶ
1533 3754 1592 3804 τὸ
1629 3753 1811 3805 διακοο

235 3847 450 3899 σιοττὸν
479 3847 509 3897 ό
550 3844 710 3911 σοφὸς
745 3843 1076 3909 ὑποκλέψας,
1125 3842 1326 3913 ὤφειλε
1380 3844 1601 3896 καλέσαι
1650 3846 1812 3898 αὐτὸν

235 3939 480 4007 ἄριστον.
515 3937 608 3987 καὶ
639 3934 898 3987 ἐκάλεσεν
928 3934 1112 4003 ἄρτον.
1149 3933 1208 3987 'U
1247 3935 1304 3988 δὲ
1343 3936 1659 4001 Ἐπιφανιος
1696 3953 1811 4004 μει-

235 4029 433 4089 διάσας
462 4029 551 4080 ἐπὶ
581 4024 776 4095 τούτῳ,
800 4025 962 4078 πάλιν
991 4028 1120 4095 περὶ
1146 4028 1531 4096 ἀκαταλήπτου
1562 4028 1813 4096 θεότητος

239 4121 395 4189 φόϐῳ
421 4117 600 4187 πολλῷ
650 4118 890 4186 ὡμίλουν
924 4116 1294 4187 διαλεγόμενοι
1347 4119 1642 4188 ἀμφότεροι
1668 4136 1682 4151 ’
1732 4120 1816 4171 ὅτι

244 4211 467 4281 ττνεῦμά
489 4212 638 4263 ἐστιν
659 4210 692 4278 ἡ
720 4208 931 4279 θεότης,
960 4210 1099 4279 ὑπὲρ
1128 4211 1305 4262 πάντα
1327 4210 1491 4263 αὑτοῦ
1520 4210 1589 4263 τὰ
1621 4212 1821 4280 ποιητὰ

244 4304 539 4370 πνεύματα
592 4302 1040 4370 ἁποκρυφότερόν
1086 4317 1146 4354 τε
1203 4302 1297 4354 καὶ
1351 4302 1671 4372 ἀδηλότερον
1727 4304 1821 4356 καὶ

244 4394 501 4455 ἀθέατον,
549 4390 723 4458 γλυκὺ
776 4392 981 4460 σφόδρα
1034 4396 1127 4443 καὶ
1158 4391 1450 4459 ἀκόρεστον
1505 4397 1569 4461 τῇ
1623 4394 1820 4463 ἡδονῇ,

244 4484 601 4546 λεπτότατον,
649 4482 1020 4551 ὑπεραπειρον
1064 4484 1158 4534 κα)⁵
1209 4483 1460 4552 φρικτὸν,
1513 4485 1680 4537 πολλὰ
1724 4487 1823 4553 μὲν

248 4576 563 4645 νοούμενον,
600 4575 726 4628 ἐπεὶ
766 4579 798 4640 ἡ
842 4576 997 4628 οὐσία
1026 4574 1188 4627 αὑτοῦ
1237 4574 1667 4643 ἁπερίγραπτος,
1703 4578 1825 4629 ὅσον

1854 4621 1905 4681 D

1981 3575 2105 3629 239.
2153 3573 2342 3629 Postea
2370 3572 2854 3640 ,accumbentibus
2907 3569 3062 3622 nobis
3109 3566 3477 3621 vescentibus-

1912 3681 2038 3735 que,
2068 3666 2410 3734 interrogans
2458 3664 2726 3716 Andream
2760 3659 3095 3729 Epiphanius
3126 3672 3140 3708 :
3186 3654 3255 3708 Mi
3295 3653 3475 3717 Pater,

1916 3760 2134 3826 inquit,
2210 3755 2482 3825 quomodo
2537 3753 2982 3820 interpretandus
3035 3757 3119 3803 est
3166 3747 3331 3813 ἀρτος
3381 3760 3479 3799 seu

1913 3849 2108 3915 punis?
2140 3847 2239 3899 Cui
2273 3845 2520 3899 Andreas
2559 3861 2572 3897 :
2606 3841 2933 3900 Subtraclis.
2968 3852 3019 3891 et
3046 3853 3166 3907 quae
3202 3838 3386 3889 decem
3429 3845 3481 3888 et

1917 3955 2035 4007 quae
2082 3939 2317 3991 ducenta
2352 3937 2531 3991 valent
2573 3931 2855 3987 elementis
2890 3930 3026 4001 (52),
3074 3927 3361 3997 appellavit
3394 3938 3480 3976 sa-

1919 4032 2072 4109 piens
2104 4029 2267 4097 ἄρτον
2295 4043 2389 4081 seu
2421 4042 2610 4096 panem
2630 4066 2644 4091 ,
2675 4027 2819 4093 quod
2852 4022 3072 4093 ἄριστον
3100 4035 3194 4074 seu
3229 4020 3483 4084 optimum

1920 4108 2193 4190 appellare
2226 4121 2508 4176 debuerat.
2539 4118 2768 4185 Excepit
2797 4128 3113 4184 responsum
3152 4108 3486 4180 Epiphanius

1921 4216 2074 4269 suavi
2119 4229 2242 4267 cum
2298 4214 2409 4265 risu
2448 4231 2460 4265 :
2510 4220 2622 4264 tum
2665 4211 2730 4262 ad
2766 4207 3138 4263 sublimiorem
3178 4204 3243 4257 de
3286 4202 3489 4255 incom-

1930 4304 2275 4377 prehensibili
2336 4302 2445 4356 Deo
2493 4314 2800 4356 sermonem
2827 4339 2842 4363 ,
2894 4310 3052 4351 sacro
3086 4293 3320 4364 quodam
3364 4304 3487 4344 eum

1932 4400 2187 4460 horrore,
2240 4411 2298 4449 se
2352 4399 2740 4447 converterunt
2789 4389 2969 4452 ambo,
3034 4387 3277 4447 aientes,
3326 4383 3491 4435 Deum

1932 4505 2053 4543 esse
2099 4487 2374 4557 spiritum,
2409 4485 2664 4540 omnibus
2702 4497 2839 4551 quas
2866 4479 3106 4535 condidit
3140 4476 3302 4530 rebus
3331 4473 3497 4542 spiri-

1934 4581 2173 4635 tualibus
2225 4580 2381 4648 longe
2427 4577 2864 4632 excellentiorem
2892 4612 2907 4636 ,
2952 4574 3104 4639 longe
3145 4569 3314 4635 magis
3346 4582 3499 4622 arca-

248 4674 400 4723 ἑστὶν
446 4671 544 4723 καὶ
594 4670 818 4739 θεωρεῖν
844 4670 903 4720 οὐ
934 4667 1179 4733 δύναται,
1222 4669 1311 4722 διὰ
1355 4670 1417 4721 τὸ
1446 4671 1537 4720 τὸν
1582 4670 1702 4721 νοῦν
1748 4672 1798 4739 μῆ

1875 4662 1904 4710 '-
1930 4688 2059 4727 num
2089 4710 2102 4732 ,
2168 4672 2328 4738 longe
2372 4684 2403 4722 a
2454 4668 2765 4737 cognitione
2794 4676 2847 4718 et
2878 4663 3052 4717 oculis
3084 4662 3289 4716 nostris
3318 4674 3501 4713 remo-

248 4765 453 4832 χωρεῖν
478 4762 573 4813 τὸν
601 4762 963 4830 ἀνθρώπινον.
1002 4762 1171 4813 Ὅταν
1198 4761 1291 4814 οὖν
1320 4761 1506 4832 ἀνοίξῃ
1530 4764 1621 4813 καὶ
1653 4762 1823 4831 ὀφθή-

252 4874 428 4917 σεται,
462 4848 506 4922 ᾧ
544 4855 812 4924 βούλεται,
846 4855 1029 4924 χέεται
1058 4856 1116 4906 τὸ
1149 4854 1269 4923 μέλι
1314 4853 1410 4919 τῆς
1454 4852 1739 4920 ἀστραπῆς
1767 4855 1823 4905 ὲν

253 4951 455 5021 καρδίᾳ
484 4949 840 5019 γλυκύτερον,
880 4950 973 5001 καὶ
1024 4947 1258 5017 ἁρπάζει
1302 4948 1554 5016 φοϐερὸς,
1595 4948 1687 4999 κάὶ
1726 4947 1826 5015 οὐχ

253 5045 518 5095 ἴσταταιο
551 5041 695 5110 μάλα
742 5043 799 5094 δὲ
850 5042 1082 5109 γαληνόν
1116 5041 1229 5092 ἐστι
1285 5039 1380 5091 καὶ
1437 5038 1681 5106 εὐμενὲς,
1737 5038 1831 5089 καὶ

254 5136 593 5206 ἀπόρρητον,
622 5135 731 5185 τινὶ
764 5135 838 5202 μὴ
867 5130 1331 5202 παρεικαζόμενον
1362 5130 1423 5183 τὸ
1455 5129 1696 5182 σύνολον.

1930 4766 2164 4828 liorem;
2216 4777 2338 4817 esse
2378 4760 2631 4829 spiritum
2686 4757 2927 4825 apprime
2971 4768 3190 4808 suavem
3217 4793 3233 4820 ,
3295 4750 3503 4805 inﬁnite

1927 4854 2264 4924 jucundum,
2304 4850 2801 4919 simplicissimum,
2854 4846 3020 4899 nullis
3053 4842 3503 4911 comprehensum

1937 4946 2219 5008 terminis,
2258 4944 2540 5012 majestate
2574 4940 2900 5002 verendum;
2938 4953 3059 4993 esse
3108 4936 3394 5004 spiritum,
3438 4935 3505 4986 de

1936 5053 2045 5105 quo
2104 5037 2270 5088 multa
2315 5034 2531 5101 quidem
2572 5041 2752 5084 mente
2784 5028 3163 5096 concipimus,
3207 5026 3333 5093 quia
3378 5037 3504 5075 vero

1939 5124 2177 5179 essentia
2226 5123 2346 5191 ejus
2398 5121 2645 5175 terminis
2704 5117 3079 5172 circumscribi
3124 5130 3228 5168 non
3285 5118 3501 5179 potest,

261 5238 503 5298 quantus
542 5226 634 5289 sit,
708 5225 1013 5294 intelligere
1080 5223 1396 5291 nequimus,
1440 5222 1678 5274 humana
1711 5228 1893 5272 mente
1934 5217 2001 5270 ad
2070 5226 2176 5267 Iam
2234 5218 2486 5267 abstrusa
2543 5212 2807 5281 capienda
2862 5226 2921 5264 se
2984 5224 3091 5261 non
3151 5206 3501 5259 extendente.

266 5295 498 5385 Quando
545 5323 728 5369 autem
779 5328 838 5369 se
871 5314 987 5382 ipse
1036 5316 1122 5367 cui
1153 5311 1268 5366 vult
1298 5311 1605 5366 exhibuerit
1639 5307 1955 5372 videndum,
1986 5307 2214 5362 eﬂ'undlt
2279 5306 2330 5358 in
2364 5321 2459 5359 cor
2486 5306 2605 5372 ejus
2665 5302 2911 5356 melleam
2975 5301 3266 5368 quamdam
3318 5295 3505 5361 splen-

269 5410 421 5466 doris
447 5412 531 5464 sui
565 5408 929 5472 dulcedinem,
961 5418 1015 5461 et
1048 5408 1187 5476 rapit
1213 5422 1335 5459 eum
1365 5410 1429 5457 ad
1464 5419 1522 5459 se
1582 5402 1975 5465 vehementius,
2038 5416 2203 5452 morae
2267 5397 2576 5466 impatiens.
2610 5393 2743 5451 Esse
2800 5392 3036 5461 denique
3072 5390 3323 5459 spiritum
3355 5385 3508 5441 valde

273 5501 627 5574 tranqudlum
659 5538 674 5561 ,
724 5499 1081 5563 benevolum,
1124 5497 1306 5553 verbis
1359 5492 1791 5566 inexplicabilem
1815 5530 1831 5555 ,
1872 5493 2077 5562 quique
2103 5492 2247 5545 nulla
2280 5491 2503 5543 oinnino
2528 5503 2651 5542 cum
2680 5502 2736 5540 re
2766 5482 3069 5553 comparari
3100 5489 3300 5549 potest.

338 5603 453 5667 σμ’.
484 5594 667 5655 Οὕτως
696 5592 787 5645 οὖν
821 5590 881 5643 τὸ
906 5590 1089 5644 ἐπάνω
1111 5589 1205 5643 τοῦ
1240 5586 1614 5658 στερεώματος
1636 5584 1729 5637 τοῦ
1753 5586 1841 5638 ού-

2020 5586 2147 5639 2M).
2182 5585 2255 5638 Ita
2292 5583 2403 5636 fere
2440 5582 2584 5652 quod
2613 5594 2774 5648 supra
2813 5578 3212 5632 ﬁrmamentum
3247 5572 3370 5629 celi
3402 5581 3505 5641 est,

346 5778 459 5847 (52)
494 5778 803 5832 Graecorum
860 5774 1169 5827 ltllllltfrztits
1237 5773 1428 5825 littera:
1499 5769 1575 5824 sic
1639 5763 1934 5836 procedunt
1996 5776 2053 5821 ut
2104 5772 2129 5821 ι’
2185 5764 2265 5826 10,
2322 5764 2503 5819 σ’ΞΟΟ
2552 5762 2801 5826 valeant;
2852 5761 3048 5831 quibus
3099 5752 3388 5813 subtractis
3436 5764 3505 5808 ex

272 5866 523 5916 .p:s:o;,
562 5856 743 5902 tuauct
787 5848 969 5912 ἄρτος-
