4200 6432
762 371 863 439 837

1530 370 1947 432 NICEPHORI
1988 371 2250 436 PRESB.
2296 376 2402 437 CP.
2442 377 2620 438 VlTA
2659 380 2721 439 S.
2762 376 3089 439 ANDRE/E
3125 378 3317 438 SALI.

3905 375 4009 439 888

759 484 1033 544 discessit.
1069 481 1400 539 Perveniens
1438 483 1561 536 hinc
1605 486 1672 537 ad
1721 484 2162 551 ambulationes,
2216 502 2337 555 qua:

2442 485 2579 545 οὕτω
2604 492 2817 561 πικρῶς
2845 491 3148 563 θρηνοῦντα
3172 493 3356 560 άςρεὶς,
3389 476 3723 562 ἀνεχώρησε.
3754 488 4010 543 Καταλα-

764 578 867 635 sub
893 576 1189 647 porticibus
1238 582 1398 637 sunt,
1435 582 1602 628 totam
1635 585 1847 629 noctem
1888 591 1985 645 pro
2024 578 2331 647 periclitan—

762 672 926 733 tihus,
973 684 1073 738 pro
1112 667 1341 729 alliictis,
1385 681 1483 736 pro
1535 668 1860 721 necessitate
1892 668 2073 738 aliqua
2105 670 2327 739 pressis,

761 777 861 831 pro
891 776 1112 815 carcere
1150 759 1381 813 detentis
1407 798 1423 821 ,
1458 774 1555 826 pro
1583 759 1838 813 omnibus
1868 760 2103 830 denique
2143 762 2331 816 mundi

759 853 956 908 incolis
1024 852 1230 907 orando
1292 852 1574 920 transegit.
1627 850 1804 918 Atque
1868 854 1941 907 ita
1998 864 2255 909 evocatus
2301 870 2332 909 e

765 945 947 1007 terris,
987 944 1176 999 videns
1217 944 1533 997 universum
1568 954 1884 998 sanctorum
1921 960 2133 1015 agmen,
2165 946 2331 1001 veluti

758 1034 1081 1090 familiarem
1142 1052 1302 1090 suum
1352 1035 1748 1102 iuvisentium,
1814 1036 1971 1092 hilari
2028 1037 2332 1109 ridentiquc

757 1127 912 1180 vultu
944 1127 1194 1196 spiritum
1226 1129 1427 1183 emisit.

831 1217 960 1273 244.
1010 1216 1215 1271 Interea
1264 1222 1590 1290 paupercula
1634 1221 1878 1293 quaedam
1937 1221 2158 1280 mulier.
2212 1238 2331 1292 quae

759 1306 963 1362 ibidem
1007 1309 1059 1362 in
1090 1311 1365 1378 tuguriolo
1392 1315 1646 1382 quopiam
1679 1314 2017 1376 morabatur,
2053 1315 2328 1383 capiosam

758 1402 1019 1468 unguenti
1050 1402 1401 1469 fragrantiam
1428 1420 1490 1459 ac
1517 1405 1890 1475 thymiamatis
1917 1406 2155 1461 suaviter
2177 1406 2329 1460 oleu-

761 1493 852 1555 tis,
898 1509 1021 1547 cum
1058 1494 1207 1548 nullo
1239 1497 1407 1548 altero
1436 1497 1787 1565 comparandi
1820 1538 1833 1559 ,
1869 1507 1921 1550 et
1963 1506 2174 1565 captum
2209 1512 2330 1550 om-

758 1601 881 1638 nem
912 1586 1194 1639 hominum
1228 1588 1712 1654 supergredientis,
1746 1587 1967 1641 odorem
1999 1587 2329 1656 percipiens,

755 1678 991 1745 prosiliit
1018 1678 1239 1741 subito;
1290 1679 1568 1747 petituque
1598 1678 1822 1741 lumine,
1868 1689 2052 1733 secuta
2081 1680 2328 1743 odorem,

758 1768 825 1821 ad
879 1769 1055 1821 locum
1123 1771 1263 1822 unde
1310 1769 1669 1837 promauabat
1713 1772 1965 1836 devenit;
2027 1771 2332 1839 repet-itque

2433 587 2544 638 ὁὼν
2572 586 2626 638 δέ
2651 586 2708 637 ἐν
2733 586 2844 647 τοῖς
2870 584 3191 654 περιπάτοις
3220 584 3403 647 τόποις
3431 586 3544 646 τοῖς
3571 582 3827 636 ὑποκάτω
3856 576 3917 634 οὗ
3928 598 4009 632 σιν

2432 675 2701 744 ἐμϐόλοις,
2730 678 2824 728 καὶ
2853 676 2940 727 διὰ
2968 676 3149 743 πάσης
3171 674 3364 737 νυκτὸς
3396 673 3831 743 προσευχόμενος
3864 672 4009 740 ὑπὲρ

2431 766 2542 819 τῶν
2576 768 2633 819 ἐν
2678 764 2940 829 κινδύνοις
2970 767 3063 819 καὶ
3107 765 3339 834 θλίψεσι,
3381 766 3474 817 καὶ
3504 765 3789 830 ἀνάγκαις.
3820 766 3917 816 καὶ
3951 764 4011 817 ἐν

2433 858 2853 929 αἰχμαλωσίαις,
2893 860 2986 911 καὶ
3012 858 3151 927 ὑπὲρ
3198 857 3400 919 παντὸς
3439 857 3532 910 τοῦ
3563 856 3790 925 κόσμου,
3831 853 4009 917 οὕτως

2434 951 2528 1003 ἐπὶ
2556 952 2655 1021 γῆς
2689 949 3036 1019 ἀνακληθεὶς,
3069 949 3163 1002 καὶ
3187 948 3330 1017 ὁρῶν
3354 948 3600 1011 ἅπαντας
3650 949 3775 1011 τοὺς
3811 945 4007 1012 άγίους

2432 1040 2621 1110 ὥσπερ
2653 1040 2840 1109 φίλους
2877 1041 3012 1107 πρὸς
3047 1041 3209 1092 αὐτὸν
3245 1038 3747 1109 παραγενομένους,
3784 1034 4011 1107 μειδιιῖιιο

2431 1135 2507 1204 τῷ
2543 1135 2841 1204 προσώπῳ,
2873 1134 3052 1203 ἀφῆκε
3082 1134 3142 1185 τὸ
3177 1134 3411 1203 πνεῦμα.

2506 1229 2643 1297 σμδ’.
2688 1229 2776 1280 Ἐν
2811 1222 2889 1290 οἷς
2936 1224 3157 1294 γύναιον
3207 1224 3463 1295 πενιχρὸν
3511 1223 3618 1276 τῶν
3664 1224 3863 1282 ἐκεῖσε.
3914 1223 4011 1274 ἐπὶ

2431 1321 2673 1389 καλύϐης
2726 1321 2823 1386 τὴν
2882 1320 3198 1387 κατοίκησιν
3253 1320 3394 1387 ἕχον,
3445 1318 3547 1384 τὴν
3594 1314 3860 1383 πολυτελῆ
3914 1312 4011 1367 τοῦ

2436 1412 2609 1482 μύρου
2645 1412 2870 1464 εὐωδίαν
2908 1414 2999 1463 καὶ
3045 1410 3409 1480 θυμιαμάτων
3443 1410 3686 1471 ἐκείνων,
3737 1406 3845 1459 τῶν
3874 1406 4015 1476 ἠδυ-

2435 1505 2613 1557 πνόων
2639 1505 2729 1556 καὶ
2757 1505 3124 1572 ἀσυγκρίτων,
3160 1504 3254 1555 καὶ
3287 1503 3465 1557 πάντα
3495 1500 3619 1553 νοῦν
3650 1498 4014 1569 ὑπερϐαινόν-

2435 1613 2542 1649 των
2595 1594 3082 1664 κατοσφρανθεῖσα,
3117 1593 3320 1662 σπουδῇ
3368 1592 3668 1652 ἀναστᾶσα,
3723 1589 3817 1642 καὶ
3854 1587 4015 1655 φῶτα

2435 1688 2798 1757 αἰτησαμένη,
2843 1687 2937 1739 καὶ
2990 1685 3466 1755 ἐξακολουθήσασα
3516 1686 3616 1749 τὴν
3670 1682 3903 1735 εὐωδίαν
3936 1679 4015 1749 τῷ

2437 1779 2584 1847 τόπῳ
2618 1778 2820 1848 ἐπέστη
2842 1792 2856 1806 ⁶
2887 1770 3015 1846 εὗρε
3052 1777 3108 1829 δὲ
3143 1777 3233 1828 τὸν
3263 1777 3547 1843 Μακάριον
3579 1773 3720 1827 τέλει
3765 1771 3860 1824 τού
3896 1771 4012 1840 βίου

758 1860 883 1912 istic
917 1861 1133 1913 beatum
1162 1861 1433 1914 Andream
1459 1861 1566 1915 vita
1597 1860 1867 1925 functum,
1899 1870 1949 1913 et
1975 1861 2333 1929 deprehendit

2442 1832 2820 1941 χρησάμενον,⁸
2842 1869 2934 1921 καὶ
3089 1867 3277 1937 θεῖκὴν
3317 1832 3531 1936 ἐκείύην
3578 1864 3803 1919 εὐωδίαν
3833 1832 4015 1932 πολλῷ

758 1950 998 2004 divinum
1037 1951 1197 2005 istum
1232 1952 1457 2006 odorem
1492 1954 1664 2022 magis
1688 1953 1969 2021 magisque
1997 1951 2330 2020 fragrantem

759 2040 1024 2109 aspirare,
1068 2051 1122 2095 et
1153 2053 1552 2112 unguentorum
1593 2043 1985 2113 scaturiginem
2020 2044 2195 2096 instar
2228 2042 2333 2093 ilu-

756 2132 921 2186 minis
953 2134 1270 2187 mirabiliter
1300 2149 1330 2187 e
1371 2135 1618 2204 reliquiis
1668 2138 1876 2204 egredi.
1909 2134 2024 2199 Qua
2059 2135 2124 2188 de
2170 2148 2334 2188 causa

760 2223 825 2276 ad
857 2226 988 2277 alios
1021 2226 1284 2293 quosdam
1322 2225 1515 2281 festiue
1547 2243 1861 2290 accurrens,
1888 2227 2031 2295 quod
2064 2226 2339 2279 acciderat

762 2316 1111 2379 n.iraculum,
1148 2314 1257 2370 Deo
1294 2317 1413 2385 ipso
1449 2318 1499 2370 in
1536 2327 1722 2371 testem
1750 2326 1964 2379 vocato,
1996 2314 2179 2383 jurata
2213 2328 2337 2367 nar-

758 2407 919 2459 ravit.
966 2404 1103 2459 l-linc
1132 2406 1357 2460 excitati
1400 2408 1617 2475 plures,
1663 2408 1728 2461 ad
1777 2408 1957 2461 locum
1992 2406 2333 2475 designatum

758 2509 1156 2553 concurrerunt
1191 2516 1204 2551 :
1242 2514 1351 2568 quo
1399 2499 1924 2569 appropinquantes,
1966 2498 2178 2552 nullum
2213 2514 2334 2553 om-

762 2588 890 2643 nino
919 2586 1171 2642 viderunt
1221 2590 1497 2644 hominem
1526 2630 1541 2655 ,
1585 2593 1679 2644 sed
1736 2591 1909 2645 solam
1971 2589 2233 2659 unguenti
2281 2596 2337 2642 et

761 2680 967 2733 incensi
1020 2677 1375 2747 l'ragrantiam
1430 2690 1823 2749 perceperunt,
1874 2680 2134 2733 tnirantes
2176 2679 2337 2733 vehe-

761 2781 1013 2835 menter,
1067 2772 1249 2826 nullas
1313 2771 1524 2840 uspiam
1579 2770 1683 2824 viri
1719 2770 1893 2825 sancti
1950 2770 2211 2838 reliquias
2242 2769 2336 2823 dec-

762 2862 1023 2931 prehcndi
1059 2879 1073 2915 :
1117 2864 1477 2916 transtulerat
1518 2863 1663 2916 enim
1702 2864 1821 2917 illas
1844 2864 2107 2917 Dominus
2137 2862 2244 2916 alio
2269 2875 2337 2915 ex

765 2955 970 3022 iudicio
1013 2969 1114 3007 suo
1153 2954 1341 3007 divino
1368 2993 1383 3019 ,
1423 2954 1568 3022 quod
1611 2954 1761 3008 illum
1800 2970 1905 3009 non
1941 2955 2091 3019 latet,
2126 2955 2217 3022 qui
2252 2969 2338 3005 ar-

763 3062 896 3100 cana
932 3047 1188 3115 «praelibet
1225 3047 1370 3100 illius
1402 3045 1642 3099 facinora
1684 3046 1846 3101 habet
1884 3057 2186 3116 perspecta.

834 3138 961 3191 9.15.
993 3137 1187 3191 Beatus
1218 3140 1399 3205 itaque
1432 3137 1701 3201 Andreas,
1729 3138 1809 3191 sol
1838 3139 1936 3191 iste
1959 3138 2333 3201 absconditus,

765 3240 813 3280 et
846 3229 1096 3280 columna
1148 3227 1213 3280 ad
1262 3229 1461 3281 coelum
1512 3242 1685 3296 usque
1736 3229 2090 3297 pertingens,
2142 3229 2237 3297 qui
2287 3238 2340 3282 ct

768 3334 970 3387 pauper
1014 3328 1068 3371 et
1114 3322 1432 3387 peregrinus
1478 3327 1530 3372 et
1566 3320 1765 3373 stultus
1805 3329 1860 3373 et
1901 3320 2143 3372 omnium
2194 3320 2344 3387 peri-

768 3427 953 3479 psema
1029 3410 1208 3464 factus
1290 3413 1465 3463 fuerat
1526 3420 1749 3479 propter
1809 3410 2137 3472 Dominum,
2183 3412 2345 3463 vitam

768 3510 911 3556 hanc
938 3502 1397 3570 duodetrigesima
1434 3502 1521 3555 die
1567 3502 1691 3555 Maii
1742 3502 2048 3567 conclusit,
2104 3514 2255 3555 sexto
2295 3513 2347 3555 ct

769 3596 1113 3661 sexagesimo
1143 3596 1316 3648 {etatis
1349 3610 1462 3649 suae
1488 3609 1655 3657 anno,
1690 3596 1903 3649 occulte
1929 3610 2088 3648 suum
2121 3610 2345 3664 agonem

769 3701 1165 3742 consummans
1224 3696 1278 3740 et
1332 3686 1440 3740 Deo
1502 3687 1603 3741 soli
1658 3690 1933 3757 cognitus.
1995 3685 2109 3755 Ego
2170 3697 2346 3739 autem

774 3781 1137 3848 Nicephorus,
1186 3793 1279 3848 per
1312 3778 1743 3833 misericordiam
1791 3779 2180 3846 omnipotentis
2228 3776 2347 3840 Dei,

772 3873 830 3925 in
862 3885 1149 3924 numerum
1191 3870 1636 3940 presbyterorum
1683 3868 1889 3938 Magnae
1932 3868 2197 3932 ecclesia},
2230 3884 2351 3937 qua:

777 3962 832 4016 ln
867 3962 971 4015 hac
1013 3960 1231 4015 urbium
1276 3961 1464 4030 regina
1507 3959 1600 4014 Dei
1653 3961 1853 4029 Sophia
1904 3962 2349 4029 cognominatur,

774 4054 1018 4117 ascitus,
1065 4053 1369 4107 mirabilem
1418 4054 1620 4107 hancce
1660 4063 1712 4106 et
1762 4053 1993 4108 celebris
2037 4052 2194 4106 fama:
2261 4050 2352 4105 luo

772 4159 954 4201 turam
1000 4146 1398 4215 religiosissimi
1440 4146 1887 4215 sanctissimique
1918 4145 2096 4200 Patris
2122 4144 2353 4200 Andreae

782 4236 956 4291 Vitam
985 4235 1290 4305 conscripsi
1314 4275 1329 4300 ,
1366 4251 1427 4290 ea
1463 4238 1517 4291 in
1547 4238 2000 4290 commentarium
2032 4245 2351 4306 pra-sentem

778 4331 1044 4395 referens,
1078 4346 1199 4398 qua:
1228 4332 1423 4399 partim
1452 4331 1628 4385 oculis
1654 4330 1791 4384 meis
1829 4331 1947 4399 ipse
1993 4330 2125 4394 vidi,
2156 4331 2352 4399 partim

779 4422 947 4477 didici
976 4438 1038 4477 ex
1074 4422 1379 4491 Epiphanio
1407 4459 1421 4485 ,
1476 4421 1616 4475 facto
1649 4422 1736 4475 hic
1779 4421 1975 4475 deinde
2012 4421 2356 4475 rererendis-

2442 1962 2623 2032 μεῐζον
2654 1962 3062 2030 ἀναδιδομένην,
3096 1963 3187 2013 καὶ
3238 1961 3425 2029 μύρων
3474 1958 3731 2011 ἐκδλυσιν
3769 1957 4014 2024 παραδό-

2439 2052 2541 2117 ξως
2572 2055 2635 2105 ἐκ
2655 2052 2748 2104 τοῦ
2771 2052 3024 2120 λειψάνου
3057 2052 3417 2120 ἐξερχομένην
3450 2050 3779 2119 ποταμηδόν.
3812 2049 4014 2118 Ἕδρα·

2442 2164 2538 2214 μεν
2577 2142 2669 2199 οὖν
2708 2145 2799 2198 καί
2846 2161 2953 2197 τισι
2997 2144 3059 2196 τὸ
3111 2143 3294 2212 θαῦμα
3343 2141 3643 2212 ἀπήγγειλε
3682 2140 3778 2192 σὺν
3838 2140 4011 2207 ὅρκῳ,

2442 2238 2693 2307 μάρτυρα
2734 2237 2823 2288 τὸν
2857 2236 2989 2287 Θεὸν
3039 2234 3511 2304 προσκαλουμένη.
3555 2233 3665 2285 Καὶ
3696 2231 3760 2301 δὴ
3802 2230 4017 2285 πολλῶν

2438 2328 2979 2399 συνδεδραμηκότων,
3026 2326 3101 2387 ὼς
3138 2326 3195 2378 δὲ
3231 2326 3458 2394 πλησίον
3510 2324 3777 2391 ἐγένοντο,
3827 2324 4018 2375 οὐκέτι

2437 2422 2555 2475 τινὰ
2588 2422 2919 2491 ἑωράκασιν,
2951 2420 3000 2472 εί
3037 2420 3111 2488 μὴ
3145 2418 3248 2470 ὐπὸ
3275 2418 3376 2486 τῆς
3416 2418 3675 2486 εὐοσμίας
3704 2417 3797 2469 τοῦ
3834 2416 4016 2487 μύρου

2438 2515 2532 2568 καὶ
2572 2514 2682 2566 τῶν
2717 2513 3082 2581 θυμιαμάτων
3126 2511 3559 2578 κατεπλήττοντο
3592 2509 3734 2573 λίαν,
3764 2510 4021 2579 οὐδαμιίς

2437 2609 2617 2677 εὑρεῖν
2640 2606 2962 2675 δυνηθέντες
2991 2604 3085 2657 τοῦ
3127 2604 3307 2671 ⁹Αγίου
3338 2602 3398 2655 τὸ
3428 2602 3698 2673 λείψανον.
3732 2604 4019 2672 Meteon-1.;

2439 2701 2549 2770 γὰρ
2580 2699 2709 2751 αὐτὸ
2738 2700 2767 2751 ό
2798 2697 3022 2767 Κύριος,
3060 2696 3323 2764 κρίμασιν
3359 2695 3508 2754 ἰδίοις
3541 2689 3620 2758 οἷς
3661 2698 3870 2758 ἐκεῖνος
3897 2698 4021 2748 ἐπί-

2439 2808 2653 2855 σταται,
2708 2792 2736 2843 ὁ
2782 2790 2877 2843 καὶ
2928 2790 2997 2841 τὰ
3052 2788 3345 2859 ἀπόκρυφα
3400 2786 3564 2842 αὐτοῦ
3616 2786 4023 2857 κατορθώματα

2440 2880 2823 2951 ἐπιστάμενος.

2516 3154 2659 3218 σμεν.
2700 3147 3019 3216 Ἐτελειώθη
3052 3145 3109 3198 δέ
3156 3148 3185 3200 δ
3221 3146 3459 3215 κρυπτὸς
3483 3145 3633 3215 ἥλιος
3670 3148 3763 3197 καὶ
3793 3146 4025 3215 οὐρανο-

2450 3242 2631 3311 μήκης
2666 3238 2856 3300 στῦλος
2910 3239 3101 3308 πυρὸς,
3139 3238 3168 3290 ό
3217 3238 3487 3308 μακάριος
3547 3237 3823 3305 Ἀνδρέας,
3874 3239 3901 3289 ό
3938 3239 4028 3289 δια

2448 3326 2651 3396 Κύριον
2684 3326 2852 3395 πένης
2882 3326 2973 3378 καὶ
3006 3326 3150 3388 ξένος
3178 3327 3271 3378 καὶ
3322 3327 3897 3395 καταπεφρονημένος,
3930 3330 4029 3380 καὶ

2449 3418 2555 3470 ὐπὸ
2584 3417 2799 3470 πάντων
2824 3416 3268 3485 ἐξουθενημένος,
3297 3418 3429 3487 μηνὶ
3456 3419 3617 3486 Μαΐῳ
3643 3418 3813 3471 είκάδι
3840 3419 4025 3488 ὀγδόῃ,

2448 3509 2726 3579 ἑξηκοστῷ
2772 3509 2919 3577 ἕκτῳ
2964 3509 3073 3561 ἔτει
3122 3510 3213 3560 τὸν
3245 3510 3429 3575 ἀγῶνα
3473 3510 3719 3579 κρυπτὸς
3769 3510 4028 3578 διηγωνι-

2452 3602 2671 3667 σμένος,
2711 3599 2831 3667 Θεῷ
2861 3599 2920 3651 δὲ
2956 3599 3373 3667 διεγνωσμένος,
3410 3599 3485 3661 ὡς
3531 3599 3710 3660 καλῶς
3752 3600 4025 3666 άγωνισεὶ·

2454 3709 2636 3760 μενος.
2683 3690 2822 3757 Ἐγὼ
2845 3691 2901 3743 δέ
2930 3690 3266 3758 Νικηφόρος,
3298 3692 3437 3742 ἐλέει
3469 3691 3563 3743 τοῦ
3590 3692 4030 3761 παντοκράτορος

2451 3780 2589 3833 Θεοῦ
2629 3781 2895 3850 ὑπάρχων
2928 3780 3409 3851 κατηριθμημένος
3443 3782 3500 3832 ἐν
3528 3784 3636 3842 τοῖς
3666 3780 3872 3850 ἱερεῦσι
3900 3782 4033 3833 ταύ-

2451 3890 2550 3941 της
2579 3874 2677 3943 τῆς
2714 3872 2958 3941 μεγάλης
3019 3871 3311 3939 ἐκκλησίας
3348 3872 3447 3937 τῆς
3481 3870 3745 3938 βασιλίδος
3788 3871 3903 3923 τῶν
3937 3874 4032 3924 πόο

2453 3962 2591 4014 λεων
2638 3962 2737 4030 τῆς
2775 3960 3063 4028 ἐπωνύμου
3116 3960 3251 4012 Θεοῦ
3304 3961 3539 4029 Σοφίας,
3596 3961 4032 4032 συνεγραψάμην

2453 4053 2545 4107 τὸν
2576 4053 2892 4122 θαυμαστὸν
2930 4070 3117 4106 τουτον
3168 4054 3281 4121 βίον
3313 4054 3409 4105 καὶ
3454 4053 3894 4122 πολυθρύλλητον
3936 4056 4031 4107 τοῦ

2457 4144 2755 4211 σεϐασμίου
2807 4145 3016 4213 Πατρδς
3063 4144 3155 4196 τοῦ
3207 4148 3264 4197 ἐν
3330 4145 3507 4211 ἁγίοις
3550 4146 3823 4214 Ἀνδρέου,
3866 4146 3904 4199 ά
3940 4148 4033 4200 καὶ

2454 4237 2673 4297 οἰκείοις
2717 4235 3013 4305 ὀφθαλμοῖς
3045 4236 3286 4303 ἑώρακα,
3321 4239 3414 4287 καὶ
3464 4239 3617 4306 παρὰ
3663 4236 3757 4289 τοῦ
3800 4238 4032 4307 Ἐπιφα-

2457 4328 2571 4383 νίου
2610 4326 2704 4380 τοῦ
2754 4327 3025 4396 ἀοιδίμου,
3058 4326 3151 4379 τοῦ
3184 4329 3464 4395 γεγονότος
3492 4328 3679 4381 ἐνθάδε
3727 4330 4032 4399 ἀρχιερέως

2460 4416 2793 4486 μεμάθηκα,
2837 4417 2931 4468 καὶ
2976 4415 3113 4484 τῷδε
3167 4416 3245 4483 τῷ
3300 4418 3690 4485 συγγράμματι
3745 4420 4033 4483 συνέταξα,

781 4518 921 4567 simo
952 4514 1361 4583 archiepiscopo
1388 4514 1689 4567 secundum
1737 4514 2140 4584 praadictionem
2182 4512 2342 4581 ipsius

2460 4510 2643 4577 χάριτι
2693 4508 2783 4559 καὶ
2819 4505 3195 4576 φιλανθρωπίᾳ
3246 4505 3340 4558 τοῦ
3393 4508 3597 4575 Κυρίου
3654 4510 3813 4577 ἡμῶν
3857 4513 4035 4579 Ἰησοῦ

782 4605 955 4657 sancti
1002 4620 1018 4658 :
1060 4605 1217 4674 cujus
1256 4607 1506 4674 precibus
1547 4620 1855 4658 mereamur
1885 4605 2145 4673 consequi
2187 4605 2354 4657 mise-

784 4696 1081 4749 ricordiam
1112 4697 1166 4748 in
1211 4696 1300 4750 die
1341 4696 1570 4764 iudicii,
1620 4711 1715 4764 per
1742 4694 1971 4764 gratiam
2013 4705 2068 4749 et
2107 4695 2351 4765 benigni»

785 4796 951 4839 tatem
987 4785 1201 4840 Domini
1234 4788 1404 4842 nostri
1449 4784 1578 4841 Jesu
1620 4787 1863 4852 Christi,
1901 4786 1989 4840 cui
2035 4800 2159 4840 cum
2190 4784 2349 4838 Patre

788 4888 1087 4947 sanctoque
1135 4878 1342 4949 Spiritu
1394 4879 1596 4947 gloria,
1642 4893 1787 4933 nunc
1830 4887 1883 4932 et
1933 4894 2144 4947 semper
2194 4887 2246 4931 et
2295 4878 2347 4930 in

788 4970 987 5024 saecula
1034 4972 1379 5026 saeculorum.
1424 4972 1617 5025 Amen.

2457 4595 2717 4665 Χριστοῦ,
2751 4590 2795 4663 ᾧ
2826 4598 2962 4664 μετὰ
2988 4597 3065 4663 τῷ
3099 4595 3271 4664 Πατρὶ
3295 4595 3421 4659 δόξα
3453 4598 3568 4664 ἅμα
3591 4598 3669 4668 τῷ
3699 4600 3840 4669 ἁγίῳ
3873 4601 4033 4653 uvas.

2460 4705 2591 4758 ματι
2648 4687 2744 4739 νῦν
2780 4690 2871 4739 καὶ
2897 4688 2980 4739 ἀεὶ
3012 4687 3104 4739 καὶ
3146 4686 3226 4749 εἰς
3259 4688 3384 4750 τοὺς
3433 4687 3634 4751 αἰῶνας
3659 4689 3766 4741 τῶν
3797 4691 4033 4744 αἰώνων.

2470 4779 2661 4849 Ἀμήν.
