4200 6432
1214 466 1219 502 Ε
1322 464 1341 501 Ε
1704 464 1713 498 Ε
1741 463 1761 497 Ξ
1814 488 1933 498 ⁵⁵...
1952 482 3411 498 ’-Μ-ψ»--

1783 482 3354 498 -οοῷ-Ὴ-ψρ-
3366 485 3411 493 c—

1341 657 1524 702 CIRCA
1578 657 1824 701 MEDIUM
1877 655 2175 700 SJECL'LL‘)!
2241 655 2305 698 Χ.

964 852 1805 968 CONTEXTIO
1883 850 2692 964 GEMMARUM

1742 1114 1897 1170 SlVB

213 1350 1010 1583 Ell’l‘YCﬂll
1104 1348 2234 1581 PATRIARCHM
2312 1349 3443 1578 ALEXlNlllllNl

1253 1763 2402 1943 ANNALES

400 2088 717 2151 lllustriss.
778 2092 1020 2152 Joanne
1070 2092 1339 2154 Seldeno
1378 2093 1690 2169 chorago;
1751 2095 2089 2171 interprete
2144 2094 2442 2155 Edwardo
2502 2093 2839 2165 Pocockio,
2890 2094 3241 2171 linguarum

685 2220 1008 2284 Hebraicm
1040 2229 1100 2283 et
1137 2224 1412 2287 Arabicae
1440 2226 1502 2285 in
1535 2221 1870 2283 Academia
1900 2221 2239 2281 Oxoniensi
2286 2218 2642 2297 profcssorc
2689 2220 2968 2297 publico.

324 2389 586 2454 (Omnis:
614 2390 853 2455 [inpensis
875 2392 1178 2457 Humphredi
1208 2392 1465 2449 Robinson.
1499 2397 1546 2441 in
1567 2392 1862 2442 Cwnieterio
1897 2386 2004 2443 Dii'i
2041 2394 2205 2455 Pauli,
2241 2395 2299 2444 ad
2342 2396 2533 2456 insigne
2568 2396 2712 2444 trlum
2755 2394 3113 2451 Columbarnm,
3157 2392 3317 2453 1658)

1805 2567 1875 2581 .-

1488 2702 1591 2762 ΕΧ
1656 2702 2158 2764 ΡΗ.”ΕῙ⁴ἈΤΙΟΝΕ

1184 2892 1776 3004 JOANNIS
1860 2892 2457 3005 SELDENI

1798 3134 1864 3171 Αι)

845 3277 1214 3340 EUTYCHII
1256 3278 1629 3339 ORIGINES
1716 3279 2097 3341 ECCLESLE
2177 3278 2685 3340 ALEXANDRIN

1783 3279 2097 3341 ΞΟΙΕΞΙῈ
2177 3278 2776 3347 ALEXANDRINE.

265 3439 332 3495 In
378 3457 481 3510 qua
507 3441 569 3493 de
597 3438 824 3492 auctoris
849 3440 1071 3503 nomine,
1099 3441 1290 3504 patria,
1323 3436 1604 3496 natalibus.
1632 3451 1757 3496 meo,
1791 3436 2015 3501 srriplis,
2051 3437 2280 3506 adeoque
2308 3440 2380 3491 eis
2413 3439 2544 3490 unde
2570 3437 2811 3506 Origines
2846 3448 2963 3491 ista:
2994 3449 3232 3504 sumptw.

259 3545 593 3599 Patriarchze
623 3544 746 3599 huic
773 3559 801 3598 a
830 3544 1099 3598 natalibus
1146 3558 1342 3597 nomen
1378 3553 1495 3597 erat
1543 3542 1669 3596 Said
1721 3558 1843 3597 cum
1894 3544 2198 3611 adjectione
2244 3546 2612 3615 patronymica
2646 3544 2740 3598 lbn
2783 3545 2979 3609 Batrik,
3019 3548 3068 3599 id
3105 3557 3205 3612 est,
3238 3547 3429 3603 Saidus

195 3631 389 3685 Filius
434 3631 637 3685 Batrici
689 3646 783 3686 seu
836 3629 1081 3694 Patricii,
1132 3640 1226 3684 aut
1283 3630 1602 3683 Batricides.
1664 3630 1799 3684 Cum
1850 3642 2027 3684 autem
2079 3631 2385 3699 patriarcha
2436 3632 2611 3686 factus
2684 3642 2786 3692 est.
2839 3634 3027 3685 maluit
3078 3634 3179 3687 sibi
3231 3649 3426 3690 nomen

190 3731 505 3799 mihinam
555 3738 698 3805 quod
740 3746 793 3790 et
832 3746 1087 3791 exaratur
1116 3736 1348 3790 subinde
1384 3730 1664 3795 immania
1702 3745 1755 3789 et
1792 3729 2062 3795 imm-im
2123 3751 2218 3804 pro
2281 3750 2345 3789 eo
2377 3736 2523 3805 quod
2578 3750 2608 3789 e
2665 3736 2851 3791 Grzeco
2903 3748 2985 3791 est
3049 3737 3305 3807 Eutyche:
3337 3753 3431 3795 aut

195 3824 512 3893 Eutychius.
586 3823 914 3878 Vocabulum
972 3823 1101 3878 illud
1154 3839 1184 3878 e
1248 3823 1435 3878 Graeco
1482 3824 1560 3877 sic
1620 3825 1672 3877 in
1709 3824 1939 3877 Arabica
2005 3823 2268 3876 elementa
2326 3823 2684 3876 deformatum
2729 3825 2826 3892 legi
2864 3824 3077 3894 quidem
3128 3826 3279 3886 olim,
3334 3828 3429 3881 sed

193 3926 300 3964 non
357 3912 475 3965 sine
530 3926 753 3975 errore,
825 3911 1194 3980 Aplttliysiua;
1256 3911 1333 3965 uti
1390 3920 1461 3969 et.
1516 3909 1672 3981 juxta
1728 3924 1957 3972 mecum,
2029 3909 2110 3961 vir
2151 3924 2395 3962 summus
2454 3907 2688 3963 Thomas
2738 3910 3006 3979 Erpenius
3073 3912 3424 3967 Orientalium

191 3998 525 4068 linguarum,
561 4001 794 4053 maxime
822 4000 1085 4063 Arabica,
1121 4000 1173 4053 in
1200 3999 1493 4053 Occidente
1550 4011 1766 4066 parens,
1797 3994 1923 4048 dum
1954 3996 2105 4057 vixit,
2135 3996 2578 4051 colendissimus.
2614 3997 2667 4051 Id
2702 3999 2844 4066 quod
2883 4015 2945 4052 ex
2980 4000 3219 4067 ejusdem
3251 4015 3423 4055 anno~

193 4089 489 4140 tatiuncnla
523 4088 589 4141 de
621 4096 843 4142 auctore
898 4088 1022 4149 hoc,
1059 4087 1306 4140 codicum
1355 4087 1551 4153 quibus
1595 4093 1720 4138 utor
1772 4083 1948 4147 alteri,
1982 4099 2077 4138 sua
2129 4097 2313 4148 manu,
2361 4086 2488 4139 dum
2523 4088 2836 4155 aliquandiu
2893 4089 3282 4143 consuetudine
3307 4091 3424 4158 ejus

192 4171 423 4225 Londini
458 4174 614 4228 annis
645 4174 841 4227 abhinc
872 4173 1104 4241 amplius
1128 4173 1315 4239 viginti
1346 4172 1582 4234 fruebar,
1606 4170 1813 4238 adjecta
1840 4170 2028 4237 liquet.
2058 4170 2118 4223 Et
2140 4173 2435 4226 lectionum
2468 4174 2733 4239 ejusmodi
2754 4176 2886 4229 satis
2918 4175 3097 4229 ferunt
3120 4178 3234 4244 ipsa
3265 4191 3423 4232 voca-

192 4260 307 4314 buli
345 4260 633 4314 elcmenta.
676 4261 779 4314 Sed
813 4261 1028 4313 tandem
1058 4260 1162 4312 vidi
1188 4260 1435 4329 Eutychis
1468 4267 1522 4312 et
1553 4255 1797 4325 Eutychii
1822 4258 2037 4310 numina
2064 4259 2130 4310 ab
2158 4259 2273 4326 ipso
2299 4259 2462 4313 Saido
2490 4259 2691 4314 eisdem
2726 4262 2919 4316 litteris
2950 4262 3245 4331 designari,
3277 4265 3418 4319 unde

189 4356 243 4400 et
278 4346 528 4400 eumdem
557 4347 870 4415 Eutychium
902 4356 993 4399 aut
1028 4345 1294 4413 Eutychen
1320 4345 1609 4398 dicendum
1645 4344 1867 4398 minime
1895 4346 2156 4397 dubitavi.
2198 4343 2306 4399 Nec
2336 4359 2442 4399 tam
2484 4360 2681 4399 navum
2713 4349 2781 4400 ita
2814 4350 3045 4415 sumpsit
3076 4366 3270 4404 nomen
3298 4350 3416 4404 Sai—

189 4436 319 4498 dus,
361 4450 522 4505 quam
569 4437 782 4503 pristini
815 4437 1333 4503 interpretationem,
1375 4443 1466 4485 aut
1516 4432 1619 4484 alia
1649 4446 1712 4483 ex
1748 4431 1926 4498 lingua
1962 4444 2346 4499 synonymum.
2390 4429 2525 4485 Nam
2565 4430 2696 4484 Said
2728 4433 2865 4487 idem
2896 4434 3126 4488 Arabice
3152 4436 3421 4506 signiﬁcat

190 4523 336 4591 quod
370 4522 556 4577 Grece
580 4522 869 4591 Eutychiu:
897 4531 988 4575 aut
1013 4520 1289 4589 Eutycius,
1319 4528 1406 4572 aut
1432 4518 1625 4573 Latine
1656 4516 2005 4569 Fortunatus.

263 4637 443 4690 Patria
477 4642 592 4688 erat
630 4632 1211 4705 Egyptus.Natalium
1261 4632 1414 4685 locus
1458 4631 1548 4699 (ut
1573 4638 1804 4684 testatur
1848 4627 1960 4694 ipse
2000 4628 2049 4679 in
2091 4628 2359 4682 Chalifatn
2403 4628 2590 4681 Kaln‘ri
2624 4629 2805 4697 Uilla)
2856 4629 3154 4695 Fustatnm,
3194 4633 3260 4688 de
3303 4652 3411 4702 quo

191 4723 348 4783 vide.
382 4721 426 4775 si
458 4722 653 4790 placet,
682 4722 1062 4792 geographiam
1097 4718 1426 4774 Nubiensem
1454 4718 1507 4771 in
1546 4726 1698 4787 parte
1728 4731 1788 4770 ιιι
1816 4719 2050 4772 climatis
2075 4719 2109 4772 5
2142 4729 2334 4788 printer
2359 4718 2746 4774 Lennelavium
2780 4722 2831 4773 in
2863 4720 3141 4776 Pandectis
3175 4724 3408 4779 Turcicis

190 4829 315 4878 cap.
350 4809 413 4863 6|
449 4819 503 4863 et
522 4809 647 4863 212.
678 4808 918 4879 Tempus
951 4811 1214 4863 natalium
1266 4809 1384 4877 ejus
1419 4808 1519 4861 fuit
1554 4823 1731 4861 anuus
1758 4820 1978 4862 octavus
2022 4808 2339 4863 Mntemadis
2386 4810 2516 4865 Billa
2566 4810 2658 4865 lbn
2708 4810 3019 4865 Metwaclial
3048 4813 3321 4882 Chaliplize
3356 4815 3407 4867 in

189 4899 369 4968 Syria,
402 4896 673 4950 Achmede
700 4897 790 4948 lbn
828 4896 995 4950 Τοιοη
1030 4897 1407 4967 Chaliphatnm
1434 4895 1713 4947 obtinente
1744 4892 1981 4966 Egypti;
2016 4898 2127 4951 dies
2156 4911 2280 4951 vero
2312 4898 2623 4953 Dnminicus
2652 4909 2706 4953 et
2750 4899 2817 4952 27
2848 4901 3048 4953 mensis
3098 4900 3412 4969 Dilhuggiaa.

190 4984 318 5037 anni
349 4983 546 5054 liegirze
572 4982 702 5049 265,
741 4993 794 5035 ut
825 4984 1124 5050 expressim
1157 4984 1209 5036 in
1243 4983 1490 5037 codicum
1521 4982 1718 5050 quibus
1767 4993 1893 5035 utor
1914 4984 2151 5050 ejusdem
2181 4984 2372 5050 altero,
2399 4988 2512 5039 sive
2557 4987 2623 5039 ab
2649 4989 2765 5055 ipso
2799 4986 3075 5057 Entychio,
3109 4987 3220 5041 sive
3243 5002 3271 5039 a
3320 5002 3414 5041 ne-

191 5071 311 5123 scio
345 5085 455 5139 quo
485 5069 592 5122 alio
623 5068 876 5123 traditur.
902 5069 975 5122 De
994 5082 1139 5122 anno
1168 5069 1331 5122 verba
1362 5077 1511 5123 sunt:
1539 5070 1701 5137 Atque
1731 5068 1830 5122 Itoc
1854 5070 2018 5121 evenit
2052 5086 2188 5121 anno
2215 5070 2321 5123 265
2350 5072 2544 5124 lunari.
2577 5071 2645 5124 Et
2683 5072 2746 5123 ab
2775 5074 2950 5141 liegira
2977 5072 3042 5123 ad
3066 5071 3262 5125 natales
3300 5074 3412 5139 ejus

190 5163 318 5214 anui
372 5170 494 5215 sunt
546 5160 742 5215 solum
780 5162 903 5215 254.
934 5162 1065 5215 Dum
1119 5175 1249 5215 vero
1300 5169 1616 5215 numeratur
1650 5159 1722 5219 ibi
1759 5171 1985 5211 annusa
2014 5155 2217 5212 Christi
2284 5160 2673 5223 incarnatione,
2718 5161 2775 5212 llt
2806 5160 2893 5213 ille
2946 5160 3047 5214 868
3076 5160 3205 5229 ;qui
3254 5161 3412 5228 plane

190 5251 331 5305 idem
404 5259 488 5304 est
558 5249 649 5319 qui
712 5250 870 5304 nobis
927 5250 981 5303 in
1051 5247 1400 5317 chronologia
1466 5246 1837 5315 receptissima
1918 5246 2147 5299 habetur
2211 5245 2334 5301 876.
2387 5246 2651 5300 Nimirum
2736 5248 3032 5314 Eutycliius
3102 5248 3300 5317 passim
3358 5249 3409 5300 in

187 5338 538 5407 clironologia
593 5351 690 5391 sua
750 5336 957 5392 Christi
1018 5338 1225 5391 natales
1292 5337 1540 5391 octennio
1596 5334 1723 5386 facit
1785 5334 2116 5387 recentiores
2172 5350 2329 5401 quam
2387 5335 2439 5388 in
2498 5350 2603 5388 aera
2655 5336 2884 5405 vulgari.
2934 5336 3185 5403 Adeoque
3235 5350 3298 5388 ex
3348 5350 3409 5389 ea

188 5426 402 5480 ratione
448 5424 686 5494 hegiram
736 5425 805 5478 ab
863 5438 1007 5477 anno
1048 5423 1246 5477 Christi
1315 5422 1419 5475 6M
1481 5423 1813 5490 auspicatur,
1843 5434 2000 5487 quam
2058 5423 2341 5474 unanimes
2390 5423 2635 5476 tribuunt
2694 5423 3008 5490 clironologi
3063 5423 3233 5475 nostri
3262 5438 3405 5475 anno

186 5513 394 5584 vulgari
453 5510 656 5566 Christi
712 5512 835 5568 622.
882 5510 1058 5580 Atque
1111 5526 1173 5563 ex
1237 5509 1340 5564 622
1393 5521 1445 5563 et
1488 5507 1592 5561 254
1641 5507 1796 5562 annis
1844 5507 2109 5561 solaribus
2162 5508 2451 5561 coniicitur
2489 5524 2667 5563 annus
2693 5510 2778 5563 ille
2811 5510 2931 5563 876.
2965 5509 3088 5564 Dies
3123 5520 3300 5564 autem
3340 5509 3409 5560 27

186 5599 486 5670 Dilliuggim
532 5600 586 5653 in
635 5614 779 5653 anno
833 5598 1038 5668 llegira:
1090 5598 1215 5662 265,
1263 5597 1551 5667 respondet
1588 5595 1693 5649 diei
1729 5597 1761 5649 8
1826 5593 2161 5663 Septembris
2216 5597 2267 5649 in
2324 5613 2465 5651 anno
2521 5598 2624 5651 876
2682 5597 2916 5655 Juliann.
2955 5599 3141 5667 Accepi
3188 5608 3408 5658 vero,et

184 5687 503 5745 beneﬁcium
549 5686 905 5744 libentissime
946 5699 1219 5757 agnosco,
1252 5686 1318 5739 ab
1377 5684 1492 5737 viro
1543 5684 1733 5739 litteris
1772 5687 1989 5754 optimis
2031 5702 2092 5741 ac
2152 5689 2347 5743 virtute
2400 5690 2748 5743 ornatissimo
2796 5688 3058 5742 Eilwardo
3104 5686 3393 5747 Pocockio.
