4200 6432
773 434 873 497 891
2208 432 2432 492 ANNA]

2351 430 2581 491 lALES.
3900 426 4010 493 892

764 546 960 603 Osonii
992 546 1187 612 lingua:
1215 545 1461 600 Arabicae
1490 544 1803 615 prolessore
1836 545 2183 617 dignissimo,
2212 545 2377 599 vitam
2420 558 2524 598 ms.
2566 541 2815 612 Eutycbii
2845 541 3017 595 nostri
3049 540 3119 595 ob
3148 540 3241 596 lbn
3268 540 3369 595 Abi
3398 540 3629 597 Osaibea
3660 539 4011 597 Mahumeda-

766 654 858 698 no,
889 637 1030 688 inter
1062 632 1211 691 Vitas
1242 636 1481 689 Arabum
1515 636 1606 703 qui
1633 635 1901 689 medicina
1935 638 2092 701 (nam
2134 643 2189 688 et
2246 632 2493 688 medicus
2531 638 2647 684 erat
2684 630 2914 699 insignis
2944 629 3275 699 Eutychius)
3322 630 3568 683 claruere
3627 629 3911 696 scriptam.
3954 635 4009 681 In

764 740 825 776 ca
858 724 995 776 idem
1028 721 1167 785 dies,
1203 724 1429 784 mensis,
1462 737 1524 775 ac
1559 721 1690 775 feria
1722 722 1932 786 eadem,
1968 723 2242 775 natalibus
2272 721 2392 791 ejus
2442 723 2724 777 tribuitur.
2758 722 2949 776 Annus
2986 737 3113 774 vero
3147 722 3364 774 interim
3410 721 3480 774 ibi
3512 728 3593 773 est
3627 720 3731 774 223
3778 718 4009 789 Περίταν.

764 826 866 881 Sed
922 826 1126 879 librarii
1177 841 1330 881 error
1385 835 1468 879 est
1539 827 1887 880 manifestus.
1945 826 2011 879 Et
2078 842 2175 895 pro
2238 830 2412 915 r‘w'y
2471 831 2783 890 vicesimus,
2844 830 2999 898 plane
3281 830 3633 897 sexagesimus
3702 827 4011 890 legendum.

762 913 969 965 Auctor
1000 914 1086 967 ille
1136 913 1270 966 alias
1328 912 1529 967 dicitur
1585 915 1703 967 Abu
1759 912 2047 981 Elaighbas
2102 912 2338 968 Achined
2365 916 2472 969 Ben
2500 918 2714 978 Casem,
2737 932 2894 985 quem
2925 912 3173 986 eumdem
3193 916 3445 969 existimo
3468 930 3590 968 esse
3616 930 3737 969 cum
3764 915 3872 965 Ben
3906 913 4013 967 Ca-

764 1015 879 1055 sem
921 1002 1160 1054 virorum
1198 1001 1491 1054 illustrium
1516 1002 1761 1056 Vitarum
1796 1014 2022 1055 auctore
2055 1002 2347 1071 aliquoties
2372 1004 2537 1056 citato
2588 1018 2614 1053 a
2672 1001 2921 1056 Gubriele
2981 1014 3033 1055 et
3060 1002 3269 1056 Joanne
3299 1002 3583 1055 Maronitis
3610 1003 3661 1055 in
3689 1011 3922 1055 tractatu
3951 1002 4014 1056 de

763 1095 927 1148 rebus
960 1092 1326 1147 Orientalibus
1345 1094 1696 1163 Gcograpbim
1726 1094 1987 1147 Nubicnsi
2022 1096 2287 1172 subuexo.
2335 1093 2544 1149 Floruit
2581 1096 2667 1148 hic
2709 1096 2809 1149 sub
2844 1112 3045 1148 annum
3069 1096 3265 1163 hegirtc
3290 1096 3413 1159 610,
3451 1112 3544 1148 sctt
3573 1110 3771 1148 annum
3809 1095 4013 1149 Christi

767 1184 923 1236 1212.
961 1183 1120 1234 Anno
1154 1196 1349 1251 nempe
1412 1183 1588 1236 a-tatis
1625 1196 1735 1234 sine
1785 1183 1850 1234 57
1902 1190 2149 1235 mortuus
2186 1198 2294 1246 εει,
2340 1196 2483 1237 anno
2509 1185 2705 1250 hegirae
2739 1181 2865 1247 (illi,
2928 1184 3019 1253 qui
3062 1183 3263 1237 Christi
3312 1193 3397 1238 est
3440 1184 3593 1238 1220.
3653 1183 3820 1252 Igitur
3853 1194 4013 1237 natus

762 1282 844 1325 est
868 1269 1169 1341 Eutychius
1207 1270 1403 1324 Carolo
1430 1270 1597 1324 Calvo
1624 1269 1960 1331 Occidentis,
1994 1270 2195 1324 Basilio
2229 1270 2468 1324 Orientis
2500 1272 2942 1337 imperatoribus,
2971 1279 3024 1324 et
3050 1271 3270 1325 Alfredo
3294 1286 3418 1339 rege
3452 1272 3675 1339 Anglize,
3703 1273 4012 1340 patriarcha

763 1358 1135 1411 Alexandrino
1164 1365 1293 1410 tunc
1321 1357 1600 1411 Michaele.
1642 1358 1775 1410 Dum
1810 1368 1991 1411 autem
2028 1360 2289 1426 temporis
2327 1358 2472 1411 hunc
2518 1360 2951 1426 qualemcunque
2982 1358 3250 1410 calculum
3277 1373 3339 1411 es
3371 1359 3659 1412 Arabismo
3700 1358 4012 1424 offerimus,

763 1445 911 1498 subit
948 1445 1000 1498 in
1038 1452 1272 1496 mentem
1310 1444 1441 1498 illud
1472 1444 1772 1510 Landulplii
1797 1444 2019 1510 Sagacis
2048 1444 2114 1497 de
2158 1460 2369 1499 summa
2406 1456 2569 1510 atque
2607 1444 2850 1497 inaudita
2887 1444 3208 1497 numerandi
3251 1444 3489 1506 inscitia,
3520 1459 3679 1514 quam
3720 1445 4013 1506 Arabibus,

761 1543 985 1585 auctore
1009 1532 1259 1584 Cra-culo
1286 1530 1488 1598 aliquo,
1532 1531 1779 1598 imputat.
1812 1532 1900 1584 Ait
1931 1548 2145 1600 nempe,
2185 1534 2324 1585 libro
2353 1531 2423 1585 ‘20
2471 1530 2611 1595 Ulid,
2645 1546 2739 1585 seu
2781 1530 2959 1584 Walid
2996 1530 3264 1598 Chalifam
3296 1531 3464 1601 Syria!
3504 1533 3830 1599 prohibuisse
3855 1532 4016 1584 scribi

764 1621 942 1674 (ἔνη-σε
971 1620 1201 1685 publicos
1233 1620 1503 1689 logothesii
1540 1620 1761 1685 codiceS,
1812 1622 1902 1675 sed
1938 1624 1989 1674 in
2024 1622 2261 1675 Arabicis
2292 1620 2540 1673 annotari
2582 1619 2691 1670 sine
2720 1628 2989 1684 computo:
3033 1621 3301 1686 quoniam,
3352 1620 3436 1672 sic
3466 1620 3573 1684 ille,
3609 1619 3937 1685 impossibile
3963 1635 4015 1671 es

762 1711 976 1762 il‘orum
1010 1709 1189 1776 lingua
1223 1709 1516 1771 monadem,
1551 1710 1627 1760 vel
1651 1709 1983 1770 dnalitatem,
2009 1719 2099 1761 aut
2130 1711 2439 1769 trinitatem.
2472 1716 2561 1759 aut
2589 1717 2705 1759 octo
2727 1716 2775 1759 et
2814 1706 3115 1768 dimidium,
3174 1716 3266 1759 ant
3290 1708 3393 1760 tria
3425 1707 3605 1771 scribi,
3638 1717 3847 1775 propter
3874 1707 4016 1775 quod

759 1808 808 1849 et
836 1813 996 1864 usque
1046 1797 1199 1847 Ιιοίίίε
1246 1805 1363 1847 sunt
1406 1796 1600 1848 notarii
1626 1794 1933 1849 Christiani.
1978 1794 2053 1849 Ita
2080 1797 2131 1849 in
2175 1799 2332 1851 rebus
2382 1796 2675 1851 Iustiniani
2710 1794 3045 1849 Rhinotmeti
3106 1811 3200 1850 seu
3250 1796 3353 1850 sub
3386 1811 3588 1851 annum
3655 1797 3856 1850 Christi
3912 1796 4017 1848 700

762 1882 1137 1949 Lindulphus.
1174 1881 1275 1935 Sed
1316 1884 1503 1935 mirari
1547 1885 1681 1937 satis
1718 1897 1950 1952 nequeo,
2000 1884 2272 1936 undenam
2319 1883 2422 1938 hoc
2469 1895 2838 1939 commentum
2876 1885 3053 1952 primo
3100 1894 3310 1938 natum.
3363 1885 3704 1939 Manifestius
3763 1888 3899 1957 nihil
3935 1897 4015 1939 est

762 1988 922 2038 quam
958 1987 1063 2024 non
1091 1973 1264 2025 solum
1300 1972 1351 2025 in
1387 1972 1620 2024 Arabum
1654 1972 1834 2039 lingua
1858 1970 2070 2024 Walidc
2134 1973 2235 2025 huc
2296 1974 2613 2037 vetustiore,
2648 1981 2809 2042 upote
2841 1975 3003 2027 etiam
3044 1974 3096 2026 in
3125 1973 3470 2033 Alcoranica,
3499 1974 3821 2028 numerandi
3850 1975 4018 2027 ratio-

762 2076 882 2111 tn-m
917 2060 1142 2128 pariter,
1166 2068 1224 2112 ut
1253 2060 1453 2126 linguis
1479 2061 1530 2112 in
1566 2060 1706 2118 aliis,
1740 2060 1991 2127 exprimi.
2022 2076 2208 2115 verum
2243 2063 2404 2113 etiam
2462 2062 2625 2125 ipsas,
2659 2060 2860 2128 quibus
2907 2062 3112 2113 utimur
3152 2061 3422 2128 Europaei,
3461 2061 3661 2128 ﬁguras
3705 2062 4017 2115 numerales

762 2148 1169 2213 operationibus
1190 2147 1543 2201 aritlnncticis
1574 2147 1710 2199 adeo
1737 2146 2140 2209 accommodas,
2180 2163 2316 2216 quas
2349 2149 2658 2201 barbaricas
2690 2149 3093 2215 appellitamus,
3131 2149 3198 2202 ab
3219 2150 3299 2202 eis
3336 2151 3461 2201 olim
3501 2158 3686 2203 mutuo
3717 2149 4014 2215 Europzeos

762 2239 1060 2304 aecepisse,
1089 2252 1186 2289 nec
1212 2236 1282 2288 ita
1315 2236 1479 2289 multo
1508 2236 1663 2289 aliter
1694 2250 1721 2288 a
1756 2236 1914 2289 nobis
1941 2238 2236 2293 etiamnum
2266 2253 2425 2305 quam
2459 2238 2525 2287 ab
2572 2236 2679 2289 illis
2710 2235 2989 2289 formatas.
3022 2236 3084 2288 Et
3128 2236 3454 2290 Guiliehnus
3518 2237 4023 2291 \lalmesburieusis

762 2324 911 2382 lib."
949 2330 1020 2383 De
1044 2329 1212 2383 Gestis
1236 2346 1412 2397 regum
1438 2329 1661 2399 Angliaz,
1686 2346 1806 2397 cap.
1842 2329 1927 2392 l0,
1970 2330 2054 2382 ubi
2087 2328 2355 2390 Gerberti,
2391 2339 2573 2399 postea
2623 2331 2869 2385 Silvestri
2900 2348 3049 2399 pape
3078 2331 3270 2400 (quem
3300 2343 3476 2385 tamen
3511 2332 3599 2384 ille
3625 2333 3889 2385 Joannem
3922 2330 4013 2383 XV

764 2431 1044 2484 perperam
1096 2416 1255 2483 facit)
1295 2416 1569 2468 historiam
1623 2417 1919 2477 intcrtexit,
1950 2433 2072 2469 eum
2124 2418 2197 2469 ait
2232 2420 2457 2485 primunt
2494 2436 2525 2471 α
2562 2416 2841 2471 Saracenis
2895 2420 3129 2472 Abacunt
3189 2422 3502 2487 rapientem,
3546 2420 3755 2488 regulas
3807 2419 4016 2471 dedisse

763 2520 879 2569 qua:
917 2520 947 2555 α
980 2503 1294 2557 sudantibus
1330 2502 1576 2555 ubacistis
1614 2503 1699 2555 vix
1740 2503 2117 2573 intelligantur.
2174 2502 2276 2557 Sed
2311 2507 2423 2561 haec
2452 2507 2646 2561 obiter.

837 2649 1081 2717 Dignitas
1109 2646 1361 2717 Eutycbii
1397 2645 1568 2699 nostri
1603 2650 1849 2699 cernitur
1877 2656 1991 2699 turn
2043 2648 2093 2700 in
2146 2652 2280 2702 artis
2318 2650 2603 2704 medicinae
2635 2652 2899 2720 singulari
2932 2666 3037 2721 qua
3072 2653 3275 2706 claruit
3308 2652 3472 2715 fama,
3519 2660 3632 2705 tum
3668 2653 3719 2703 in
3768 2652 3934 2705 rebus
3962 2661 4018 2705 et

763 2737 1044 2793 historicis
1079 2744 1127 2789 et
1162 2734 1487 2802 tbeologicis
1520 2734 1723 2803 quibus
1758 2736 2045 2789 admodum
2082 2738 2292 2805 polluit.
2332 2738 2578 2805 adeoque
2612 2738 2663 2789 in
2703 2736 2922 2806 fastigio
2965 2739 3031 2793 ad
3068 2740 3216 2808 quod
3245 2750 3474 2795 evectus
3514 2748 3597 2794 est
3633 2740 4014 2807 patriarchali.

767 2826 1035 2879 Medicum
1072 2822 1292 2892 quidem
1328 2823 1446 2889 ipse
1478 2836 1535 2874 se
1569 2821 1622 2874 in
1666 2821 1891 2889 scriptis
1923 2822 2039 2875 snis
2066 2838 2173 2874 non
2209 2823 2280 2874 ita
2310 2838 2435 2875 raro
2468 2826 2727 2893 appellat,
2761 2825 2981 2894 adjecto
3016 2828 3223 2879 nomini
3260 2842 3382 2892 suo,
3419 2827 3588 2895 quod.
3626 2826 3775 2888 iuxta
3808 2826 4007 2880 Orien—

766 2912 955 2963 talium
992 2924 1219 2969 morem,
1252 2908 1483 2961 subinde
1511 2907 1725 2971 inserit,
1765 2908 2030 2960 vocabulo
2061 2908 2313 2961 medicus.
2349 2911 2414 2963 Et
2447 2911 2687 2967 Acbmed
2716 2912 2823 2967 Ben
2853 2915 3043 2968 Casem
3087 2914 3141 2968 in
3172 2913 3291 2966 Vita
3325 2915 3444 2981 ejus
3483 2934 3496 2968 :
3539 2914 3605 2966 Et
3651 2914 3877 2966 medicus
3913 2914 4017 2981 fuit

764 2999 987 3067 insignis
1010 3037 1025 3056 ,
1063 3006 1171 3049 tum
1206 2997 1448 3049 tlteorica:
1492 3005 1603 3047 tum
1647 2999 1891 3064 practicce
1925 2996 2162 3063 ejusdem
2190 2998 2358 3064 partis
2394 3015 2617 3068 gnarus,
2654 3018 2716 3053 ac
2762 3006 2993 3068 tempore
3038 3019 3130 3054 suo
3163 3002 3513 3069 praecellens;
3550 3001 4015 3071 quemadmodum

772 3088 899 3139 item
931 3093 1050 3138 erat
1102 3084 1271 3137 frater
1295 3083 1413 3147 ejus
1460 3082 1649 3136 lsiIbn
1686 3082 1871 3136 Batrik
1919 3085 2123 3137 dictus.
2186 3084 2480 3138 Scientiam
2519 3089 2979 3156 ejushiSforicam
3022 3092 3228 3144 scimus
3276 3109 3339 3145 ex
3403 3093 3711 3145 Annalibus
3753 3091 3897 3157 ejus,
3946 3091 4017 3144 de

765 3177 966 3243 quibus
1008 3192 1155 3228 mox.
1197 3172 1532 3239 Thcologum
1566 3183 1746 3226 autem
1784 3174 2018 3227 subinde
2056 3175 2109 3226 in
2144 3174 2448 3230 Annalibus
2482 3176 2589 3229 ille-5
2624 3178 2734 3245 agit
2769 3187 3012 3240 acutum,
3046 3178 3175 3231 dum
3229 3178 3283 3231 in
3318 3180 3575 3241 Arianos,
3626 3178 4014 3239 Nestorianos,

768 3265 820 3318 id
857 3280 1027 3331 genus
1060 3262 1215 3323 alios,
1248 3273 1354 3313 tam
1386 3262 1581 3320 obiter,
1611 3261 1703 3314 sed
1744 3261 2110 3325 breviusculc,
2144 3262 2420 3328 disputare
2460 3262 2576 3315 vult
2611 3279 2771 3331 quam
2805 3280 2892 3318 res
2919 3280 3106 3317 eorum
3155 3280 3399 3319 narrare.
3457 3266 3513 3319 In
3561 3266 3879 3334 dignitatem
3918 3280 4016 3334 pa—

769 3352 1116 3405 triarchalcm
1149 3362 1371 3404 cchtns
1404 3357 1510 3412 est,
1540 3358 1663 3417 post
1709 3350 1921 3401 obitum
1974 3347 2315 3402 Christoduli
2376 3354 2704 3417 patriarchae
2742 3352 3121 3415 Alexandrini,
3160 3367 3337 3405 annos
3390 3362 3548 3407 natus
3600 3356 3808 3406 solares
3863 3355 4012 3405 circa

766 3440 1163 3509 quinquaginta
1199 3450 1343 3490 Orto.
1374 3433 1638 3488 Nimirum
1671 3450 1815 3488 anno
1864 3437 2067 3503 hcgirae
2096 3436 2219 3496 52L
2255 3452 2346 3489 seu
2375 3439 2549 3506 primo
2582 3438 2887 3494 Cbalil’atus
2925 3441 3115 3493 Kahiri
3163 3440 3319 3503 Billa,
3354 3442 3529 3493 factus
3560 3453 3641 3494 est
3673 3442 4011 3509 patriarcha.

767 3529 857 3580 die
902 3527 935 3578 8
974 3525 1178 3578 mensis
1218 3522 1509 3592 Tchhari,
1555 3532 1613 3576 nt
1662 3524 1965 3591 expressim
2020 3532 2135 3576 tum
2186 3523 2294 3578 Ben
2323 3526 2539 3590 Casem,
2576 3536 2690 3578 tum
2737 3528 3040 3595 Eutychius
3086 3528 3227 3597 ipse.
3278 3527 3384 3581 Sed
3420 3529 3591 3581 altero
3625 3529 3677 3581 in
3706 3529 4011 3595 exemplari

771 3613 1016 3680 Eutychii
1048 3614 1194 3678 (nam
1227 3611 1371 3663 binis
1404 3611 1485 3662 usi
1518 3624 1730 3673 sumus,
1771 3617 1831 3663 ut
1862 3610 2043 3662 statim
2074 3609 2343 3677 dicemus)
2383 3614 2670 3667 manifesta
2716 3622 2797 3668 est
2840 3616 2891 3667 in
2941 3620 3187 3670 numeris
3221 3617 3320 3670 hac
3368 3616 3435 3669 dc
3471 3632 3528 3669 re
3576 3616 3920 3684 depsavatio.
3956 3615 4012 3669 lu

767 3705 978 3757 calculo
1011 3700 1230 3755 Juliano
1266 3700 1560 3768 respondet
1594 3714 1770 3752 annus
1811 3698 2012 3751 Christi
2040 3698 2145 3753 953
2176 3714 2241 3753 ac
2272 3700 2391 3757 dies
2421 3690 2705 3755 Februarii
2740 3712 2995 3756 octavus.
3030 3702 3181 3757 Sedit
3222 3704 3381 3756 annis
3432 3704 3718 3756 lunaribus
3748 3703 3778 3753 7
3811 3713 4015 3771 ιιι-τριρε-

768 3794 802 3846 6
835 3805 1068 3854 menses,
1104 3788 1247 3857 quod
1286 3795 1518 3841 testatur
1551 3796 1659 3840 tam
1692 3786 1958 3854 Georgius
1986 3786 2325 3851 Elmacinus,
2365 3796 2459 3839 aut
2486 3788 2769 3842 adnutatio
2802 3789 2849 3842 ei
2886 3788 3098 3857 adjecta
3135 3790 3170 3842 Ι.
3213 3804 3294 3852 ιιι,
3327 3805 3378 3843 c.
3426 3790 3475 3851 l,
3507 3805 3669 3856 quam
3722 3788 3860 3842 Vita:
3892 3790 4018 3857 ejus

768 3889 962 3932 auctor
988 3878 1097 3946 jam
1125 3884 1250 3930 ante
1281 3876 1484 3930 dictus.
1510 3874 1776 3930 Macarius
1816 3885 1934 3928 erat
1956 3883 2091 3929 tunc
2123 3876 2389 3944 temporis
2418 3874 2791 3929 Jacobitarum
2830 3890 2925 3929 seu
2962 3876 3433 3946 Eutychianorum
3462 3877 3534 3930 ibi
3564 3877 3903 3945 patriarcha,
3934 3878 4017 3930 uti

773 3966 863 4020 hic
894 3964 1341 4020 Ortliodoxornm.
1379 3964 1469 4016 Sic
1496 3963 1640 4017 enim
1688 3965 1739 4016 in
1788 3964 1922 4017 urbe
1960 3961 2078 4024 illa,
2111 3962 2477 4016 seditionibus
2507 3963 2877 4026 deditissima,
2923 3964 3017 4017 diu
3049 3966 3211 4018 etiam
3248 3977 3404 4017 antea
3434 3965 3772 4027 obtinuerat,
3808 3974 3869 4017 ut
3902 3974 4017 4017 tam

777 4053 1047 4107 ha-reticis
1099 4067 1265 4120 quam
1318 4052 1635 4106 orthodoxis
1692 4066 1829 4105 suus
1878 4063 2022 4108 esset
2058 4055 2130 4106 ibi
2198 4052 2515 4120 episcOpns.
2551 4048 2687 4103 Vide
2749 4048 3119 4119 Nicephorum
3149 4051 3295 4105 Ilist.
3336 4068 3424 4113 sv,
3458 4066 3507 4105 c.
3542 4051 3629 4104 16.
3665 4050 3730 4103 Ει
3758 4050 4022 4107 Brevicu—

772 4144 881 4196 lum
923 4140 1167 4195 historia:
1219 4140 1777 4207 Eutychianistarum,
1824 4156 1919 4194 seu
1967 4139 2125 4193 Gesta
2169 4140 2231 4192 de
2282 4138 2491 4191 nomine
2543 4138 2745 4200 Acacii,
2792 4153 2916 4191 cum
2969 4140 3293 4207 pontiﬁcum
3337 4140 3713 4191 Rontanorum
3759 4140 4020 4205 epistolis

772 4232 981 4297 aliquot
1012 4230 1078 4279 ab
1106 4228 1314 4282 Jacobo
1349 4226 1642 4279 Sirmondo
1677 4227 1880 4280 dudum
1926 4228 2094 4288 edita,
2126 4242 2249 4294 pag.
2290 4225 2351 4279 l6
2383 4244 2394 4278 :
2438 4223 2651 4277 Mortuo
2697 4225 2931 4292 principe
2970 4225 3274 4286 Marciano,
3320 4225 3552 4279 collectis
3589 4225 3758 4277 turbis
3788 4230 3859 4279 Im
3875 4228 4015 4279 reti-

773 4335 975 4380 corum,
1014 4316 1317 4368 Timotheus
1363 4324 1412 4367 et
1464 4314 1647 4368 Petrus
1680 4316 1886 4368 veniunt
1931 4315 2338 4375 Alexandriam,
2389 4322 2438 4367 et
2467 4314 2751 4366 ordinatur
2808 4314 2872 4366 ab
2922 4316 3180 4367 hareticis
3230 4312 3533 4367 Timotheus
3570 4314 3869 4383 episcopus,
3911 4315 4020 4368 duo

774 4407 936 4473 igitur
966 4406 1106 4472 apud
1140 4404 1520 4456 Alexandriam
1550 4404 1773 4469 episcopi
1807 4419 1917 4456 esse
1947 4412 2235 4470 creperum.
2284 4402 2731 4456 Orthudoxorum
2762 4410 2891 4455 tunc
2916 4412 3033 4453 erat
3064 4402 3365 4456 Proterius.
3401 4400 3534 4454 Tam
3571 4418 3699 4456 vero
3747 4401 4021 4471 Georgius

778 4492 1090 4546 Blmacinus
1123 4504 1284 4559 quam
1321 4488 1429 4541 Ben
1454 4489 1648 4542 Casem
1681 4490 1757 4539 ait
1790 4489 2022 4542 dissidia
2056 4489 2296 4555 viguisse
2322 4504 2432 4541 non
2469 4489 2605 4543 levia
2640 4492 2788 4543 inter
2814 4490 3132 4559 Eutychium
3165 4501 3218 4543 et
3246 4492 3454 4557 plebem
3506 4506 3689 4543 suam.
3733 4492 4019 4545 Diarrhtea

777 4578 995 4633 tandem
1031 4578 1365 4631 laborantem
1397 4576 1737 4628 Alexandrize
1764 4592 1885 4629 eum
1922 4576 2127 4629 obiisse
2160 4590 2304 4627 anno
2340 4575 2541 4645 hegirre
2569 4577 2697 4639 528,
2730 4577 2818 4631 die
2866 4576 3007 4631 luna
3043 4577 3136 4645 qui
3178 4586 3492 4645 postremus
3521 4588 3638 4632 erat
3668 4581 3879 4634 mensis
3910 4579 4020 4633 Ra—

774 4667 917 4735 gebi.
948 4665 1168 4720 Initium
1201 4664 1328 4716 anni
1367 4663 1509 4715 illius
1539 4670 1655 4715 erat
1688 4663 1750 4717 l8
1782 4662 2032 4717 Uctobris
2075 4663 2204 4715 anni
2238 4663 2438 4717 Christi
2472 4665 2598 4726 950,
2642 4663 2775 4718 feria
2828 4672 2982 4718 sexta
3018 4678 3113 4718 seu
3173 4666 3262 4718 die
3309 4664 3558 4719 Veneris.
3603 4665 3680 4717 Ita
3722 4667 3773 4719 in
3801 4670 4021 4723 calculo

775 4755 991 4807 Juliano
1020 4760 1271 4805 mortuus
1302 4760 1386 4803 est
1418 4750 1503 4803 dic
1559 4749 1679 4803 Maii
1718 4738 2073 4814 duodecimo,
2106 4751 2233 4803 anui
2275 4749 2479 4805 Christi
2523 4750 2650 4816 940,
2698 4759 2987 4818 postquam
3026 4767 3200 4804 annos
3249 4750 3317 4804 63
3360 4758 3453 4804 aut
3492 4752 3717 4805 circiter
3760 4754 4018 4810 vixisset.

777 4842 1125 4909 Calipbatum
1170 4839 1340 4908 Syria:
1389 4846 1610 4891 tenente
1656 4836 1830 4891 Arado
1873 4837 2043 4890 Billa:
2083 4836 2326 4892 Bouiano
2372 4836 2650 4898 Orientis.
2705 4840 2904 4893 Ottone
2946 4838 3142 4908 Magno
3195 4842 3507 4894 Occidentis
3561 4842 4017 4909 imperatoribus,

780 4938 943 4997 atque
969 4928 1291 4982 Athelstauo
1327 4942 1452 4994 rege
1482 4927 1717 4995 Anglize.
1750 4926 1972 4981 Comvos
1999 4926 2072 4978 ita
2109 4925 2299 4979 habuit
2329 4926 2436 4978 Alii
2475 4925 2588 4978 llali
2638 4925 2746 4980 Ben
2798 4925 2997 4988 Mucia,
3049 4927 3142 4995 qui
3200 4928 3410 4996 primus
3457 4929 3815 4996 elegantioris
3870 4940 4018 4998 apud

780 5018 988 5070 Arabas
1015 5015 1287 5070 scribendi
1317 5017 1532 5083 generis
1561 5026 1749 5075 auctor
1796 5014 2026 5070 exstitit.
2069 5022 2235 5079 atque
2284 5014 2630 5067 Albatenium
2663 5031 2763 5069 seu
2814 5017 3216 5085 Albategnium,
3252 5018 3302 5069 id
3339 5028 3419 5071 est
3452 5016 3835 5071 Mahumedem
3880 5023 4019 5073 Ara.

778 5114 1045 5161 ctensem,
1070 5104 1383 5155 Aratensem
1413 5101 1715 5169 Copernico
1746 5100 1979 5167 aliisque
2011 5102 2213 5153 dictmn
2262 5110 2315 5154 et
2348 5102 2955 5163 subinde‘Aracenscm,
2984 5104 3399 5158 celeberrimum
3428 5106 3577 5157 ἰ11ιιιιι
3602 5115 3991 5161 astronomum

779 5193 845 5243 de
872 5205 981 5257 quo
1008 5190 1200 5259 legitur
1233 5190 1285 5241 in
1306 5189 1573 5242 Tzemach
1606 5188 1770 5241 David
1808 5204 1821 5241 :
1849 5186 1905 5240 ls
1937 5189 2127 5240 invertit
2158 5186 2317 5240 simul
2348 5198 2396 5241 et
2424 5191 2740 5242 instauravit
2771 5190 3035 5242 calculum
3064 5202 3307 5243 exactum
3329 5201 3379 5244 et
3414 5192 3623 5244 tabulas
3656 5195 4010 5259 astronomis,

775 5278 1311 5347 quibusutnnturiosi
1334 5293 1493 5345 usque
1536 5278 1589 5328 in
1618 5276 1752 5329 hunc
1784 5277 1918 5329 diem
1946 5277 1997 5328 in
2034 5286 2176 5328 motu
2227 5292 2343 5328 vero
2386 5277 2739 5345 supputando.
2794 5276 2883 5329 Sic
2930 5277 3095 5331 David
3148 5279 3237 5331 ille
3289 5287 3429 5347 part.
3481 5294 3538 5332 Il.
3572 5294 3718 5332 anno
3759 5279 4019 5335 chiliadis

776 5368 980 5435 quintae
1029 5366 1150 5425 655,
1200 5380 1295 5420 seu
1347 5364 1550 5418 Christi
1586 5364 1709 5418 875.
1741 5365 2135 5433 Alphonsinas,
2172 5373 2229 5416 ut
2264 5364 2499 5426 videtur,
2538 5363 2650 5414 vnit
2707 5378 2772 5415 ex
2820 5364 3089 5417 Albateuii
3124 5364 3266 5417 libro
3300 5367 3365 5417 de
3429 5364 3688 5419 Scientiis
3724 5368 4014 5419 stellarum

778 5460 966 5525 (quem
1002 5470 1066 5507 ex
1105 5452 1341 5507 Arabico
1387 5452 1548 5507 vertit
1603 5454 1732 5507 olim
1794 5452 1949 5506 Plato
1995 5451 2338 5518 Tiburtinus)
2370 5460 2737 5505 consuructas.
2773 5448 3095 5503 Coze‘taneus
3145 5451 3273 5503 item
3324 5450 3587 5521 Entychio
3615 5462 3733 5505 erat
3782 5453 4017 5509 Photius

780 5544 1230 5611 archiepiscopus
1269 5540 1945 5610 Constantinopolitanus,
1994 5550 2186 5607 atquc,
2234 5541 2309 5592 uti
2355 5540 2544 5592 volunt
2602 5538 2793 5606 aliqui,
2844 5538 3293 5606 Theophylactus
3339 5540 3630 5608 Bulgaria},
3681 5552 3736 5593 et
3770 5539 4016 5595 .Vitellio

777 5632 1025 5699 Opticns.
1084 5629 1229 5683 Libri
1287 5630 1356 5683 ab
1408 5628 1673 5699 Eutychio
1734 5629 1920 5695 scripti
1990 5636 2120 5682 sunt
2191 5640 2429 5695 quatuor
2480 5644 2493 5678 :
2544 5624 2698 5687 Liber
2756 5626 2819 5677 de
2864 5628 3171 5689 medicina;
3220 5625 3374 5679 Liber
3437 5622 3825 5692 (Iisputatioin's
3880 5630 4017 5680 inter

700 5710 707 5715 ’
778 5718 1077 5769 Inereticum
1109 5727 1158 5768 et
1193 5715 1571 5779 Christianum,
1606 5716 1888 5768 Ordinatio
1918 5723 2011 5769 aut
2038 5714 2299 5770 Ordinata
2323 5711 2601 5779 dispositio
2630 5710 2883 5775 Genuum,
2930 5730 3025 5765 Seu
3080 5713 3364 5767 Ordinatio
3398 5724 3490 5767 aut
3538 5714 3806 5767 Ordinata
3832 5716 4015 5780 disp».

776 5804 896 5855 sitio
925 5815 1014 5857 aut
1044 5803 1337 5871 Syntagma
1372 5802 1685 5856 substantia:
1718 5804 1801 5873 (ut
1828 5803 2032 5871 pariter
2068 5800 2169 5855 icrt
2204 5818 2303 5855 vox
2344 5801 2597 5867 Arabica)
2626 5816 2719 5855 scu
2765 5801 3057 5870 Syntngma
3098 5802 3563 5871 compendiosum;
3601 5806 3757 5872 quasi
3807 5801 4016 5855 Madet.
