4200 6432
711 447 816 510 895
1721 440 2087 505 EUTYCHII
2117 434 2649 499 ALEXANDRINI
2689 432 2907 495 PATR.
3860 429 3968 491 896

717 560 1083 626 epist-cperunt
1128 556 1288 610 etiam
1318 566 1366 610 et
1404 557 1756 625 deipsissimo
1780 558 2083 626 hoc,,quem
2116 562 2371 608 memorat
2414 549 2767 617 Hieronymus
2820 560 2964 600 more
3003 544 3360 598 testimonium
3414 541 3580 595 multo
3641 540 3963 626 lucplentius

720 624 1156 712 capticatiusque,
1197 644 1418 696 habetur
1457 624 1596 711 apud
1627 624 2091 713 scriptoremvsatis
2121 647 2379 693 vetustum
2400 678 2413 698 ,
2448 635 2767 697 Arabicum,
2797 632 3109 701 Egyptium
3133 674 3147 695 ,
3182 644 3401 697 euntque
3436 626 3670 696 ejusdem
3709 624 3964 680 Ecclesia

714 732 1078 799 patriarcltam
1110 732 1528 784 orrltodoxorum
1571 732 1715 801 (nam
1747 733 1887 787 alius
1939 737 2055 785 erat
2103 728 2174 782 ibi
2207 742 2314 780 non
2353 738 2478 777 raro
2511 720 2902 788 Jacobitarum)
2936 735 3027 772 nec
3057 718 3179 771 dum
3210 718 3352 787 typis
3383 716 3602 776 editum.
3639 721 3688 767 et
3734 728 3961 781 perpau-

715 820 968 882 cissimis,
1001 820 1105 877 nisi
1133 819 1297 888 [altor
1326 819 1573 884 nimium,
1606 829 1696 871 aut
1728 819 1918 872 lectum
1949 827 2040 871 aut
2070 818 2260 869 visum.

799 933 1064 1003 Equidem
1093 948 1157 987 ex
1186 942 1292 987 tam
1326 917 1535 989 fastoso
1577 934 1757 995 titulo,
1789 950 1855 987 ex
1896 942 2003 1005 tam
2046 928 2419 1005 immoderatis
2459 925 2730 989 laudibus,
2763 934 2927 994 atque
2979 924 3285 993 praeconiis.
3316 922 3641 991 tandemque
3686 936 3754 975 ex
3808 928 3964 975 tanta

730 1002 913 1088 operis
944 1030 997 1075 et
1038 1021 1427 1088 exemplarium
1462 1024 1684 1076 raritate
1714 1020 1917 1090 aliquid
1951 1002 2123 1072 multo
2156 1002 2378 1084 maioris
2410 1013 2662 1083 ponderis
2696 1021 2749 1066 et
2781 1012 3041 1066 momenti
3092 1012 3233 1080 apud
3286 1025 3372 1064 me
3402 1024 3760 1078 conceperam
3794 1008 3965 1073 olim,

728 1107 857 1161 dum
892 1109 961 1161 de
994 1107 1146 1160 hisce
1172 1105 1491 1177 Originibus
1522 1124 1611 1163 me
1646 1122 1741 1176 per
1774 1108 1984 1160 litteras
2012 1104 2287 1159 consuluit
2323 1103 2407 1156 vir
2434 1101 2806 1160 doctissimus.
2838 1111 2893 1155 et
2919 1100 2987 1154 de
3014 1098 3283 1153 catholica
3319 1096 3567 1151 Ecclesia
3605 1096 3813 1166 optime
3846 1110 3967 1149 me-

732 1196 869 1249 ritus
898 1194 1220 1260 Bartltoldus
1249 1193 1546 1260 Nihusius;
1578 1209 1678 1248 nec
1718 1194 1875 1248 aliter
1910 1192 2043 1247 mihi
2081 1193 2133 1245 in
2162 1192 2266 1245 hoc
2291 1187 2511 1255 accidit,
2549 1202 2713 1259 quam
2745 1187 2820 1241 illi
2852 1188 2945 1257 qui
2985 1201 3054 1241 ex
3082 1185 3289 1241 bullato
3324 1185 3547 1239 nomine
3585 1183 3963 1269 cltamtcleon-

727 1294 832 1335 tem
862 1281 1040 1336 adhuc
1072 1282 1175 1337 sibi
1208 1298 1313 1335 non
1350 1283 1527 1336 visum
1560 1281 1850 1351 elephante
1882 1280 2042 1349 longe
2076 1280 2217 1332 mole
2247 1278 2597 1347 grandiorem
2628 1276 3079 1336 existimaverat;
3113 1281 3206 1327 aut
3240 1273 3337 1335 illi,
3361 1273 3453 1342 qui
3478 1287 3543 1327 ex
3570 1286 3707 1327 voce
3740 1272 3962 1325 asinum

724 1379 778 1421 et
817 1368 1084 1424 cicadam.
1144 1368 1625 1423 Verumenimvero
1658 1384 1783 1422 cum
1810 1368 1930 1436 ejus
1965 1368 2151 1437 operis
2178 1365 2309 1418 mihi
2348 1366 2502 1434 copia
2534 1363 2672 1418 facta
2710 1372 2860 1417 esset
2890 1370 3017 1416 ante
3046 1375 3264 1415 menses
3290 1360 3517 1428 aliquot,
3552 1359 3819 1412 continuo
3845 1366 3962 1411 tota

727 1457 889 1511 desiit
929 1456 1255 1523 admiratio;
1293 1458 1402 1510 imo
1454 1458 1748 1526 plurimum
1782 1456 2086 1510 admiratus
2118 1470 2238 1509 sum
2272 1452 2421 1506 tituli
2462 1451 2756 1505 vanitatem
2793 1449 3240 1516 futilitatemque,
3275 1461 3399 1501 cum
3437 1445 3678 1499 viderem
3712 1451 3823 1497 tam
3855 1443 3971 1497 vile

730 1545 1082 1612 pltarmacum
1120 1560 1183 1598 ac
1212 1544 1461 1613 vulgare,
1509 1526 1864 1609 omniumque
1895 1543 2080 1595 tritum
2121 1541 2393 1601 manibus,
2423 1539 2591 1592 tantis
2619 1538 2781 1591 vendi
2825 1537 2879 1591 in
2916 1535 3273 1591 Calvinistico
3314 1533 3433 1587 foro
3476 1531 3970 1587 vociferationibus

727 1631 1185 1701 Quandoquidem
1219 1632 1529 1686 Chronicon
1586 1631 1715 1684 illud
1751 1629 2026 1700 Eutychii,
2056 1644 2120 1683 ex
2165 1642 2274 1697 quo
2319 1626 2633 1696 periocltam
2677 1624 2820 1677 banc
2860 1622 2928 1677 de
2962 1621 3222 1677 Ecclesiae
3252 1620 3632 1676 Alexandrinae
3664 1618 3978 1689 originibus

725 1720 1020 1789 excerpsit,
1061 1735 1157 1775 seu
1195 1720 1378 1789 potius
1405 1717 1638 1773 extorsit
1673 1717 1967 1781 Seldenus,
2005 1716 2172 1770 nullis
2199 1715 2314 1769 fere
2340 1729 2447 1767 non
2493 1719 2675 1767 exstat
2701 1710 2759 1764 in
2785 1709 3178 1764 celebrioribus
3207 1717 3301 1762 aut
3322 1707 3511 1771 Italiae,
3548 1715 3641 1761 aut
3670 1706 3858 1762 Gallia:
3891 1706 3980 1760 bi-

729 1806 1052 1862 bliothecis:
1090 1807 1314 1869 nemini,
1343 1806 1436 1874 qui
1477 1805 1741 1860 Arabicas
1768 1804 1980 1858 litteras
2011 1804 2090 1858 vel
2124 1801 2458 1871 primoribus
2487 1799 2796 1867 degustavit
2822 1797 3000 1858 labiis.
3036 1796 3229 1849 tritum
3259 1810 3368 1849 non
3398 1803 3502 1859 est,
3532 1795 3730 1851 nedum
3764 1792 3975 1862 duplici

730 1894 1063 1961 superlativo
1110 1894 1536 1962 perpaucissimis
1590 1902 1680 1945 aut
1744 1893 1931 1954 visum,
1972 1902 2063 1943 aut
2128 1890 2346 1951 lectum,
2380 1899 2438 1941 ut
2486 1886 2602 1940 suis
2653 1885 3083 1953 protestantibus
3139 1883 3386 1937 venditat
3437 1883 3618 1937 bonus
3679 1884 3979 1938 Seldenus.

728 1981 809 2036 Ad
842 1996 955 2036 rem
990 1990 1169 2036 autem
1229 1982 1404 2050 ipsam
1458 1980 1604 2050 quod
1665 1978 1883 2040 attinet,
1916 1977 2168 2049 Eutychii
2204 1977 2343 2030 hanc
2370 1975 2681 2044 periocham
2721 1988 2845 2027 cum
2880 1972 3097 2028 Seldeni
3143 1972 3399 2027 versione
3445 1980 3501 2027 et
3556 1979 3974 2035 commentariis

730 2068 918 2123 statim
962 2077 1126 2135 atque
1156 2069 1422 2137 percurri,
1451 2066 1689 2122 hominis
1717 2066 2018 2120 admiratus
2052 2080 2171 2119 sum
2206 2064 2551 2127 modestiam,
2589 2061 2683 2116 sed
2714 2075 2897 2131 parem
2929 2062 2983 2114 in
3026 2062 3119 2115 illo
3143 2061 3450 2116 desideravi
3486 2060 3666 2115 fidem.
3700 2062 3972 2128 Quando-

728 2154 949 2223 quidem
985 2171 1098 2211 suaz
1132 2156 1388 2211 factionis
1419 2164 1475 2211 et
1512 2156 1747 2224 partium
1781 2155 2039 2221 abreptus
2075 2154 2272 2208 studiis
2317 2152 2641 2221 Eutychium
2693 2164 2801 2203 non
2854 2148 3129 2203 lubentem
3158 2187 3173 2212 ,
3211 2148 3307 2203 sed
3340 2148 3599 2212 invitum,
3645 2164 3709 2203 ac
3744 2152 3980 2207 niruium

734 2246 1086 2300 reluctantem
1118 2246 1170 2299 in
1200 2261 1425 2300 suorum
1457 2244 1722 2301 conduxit
1754 2252 1958 2306 castra,
1990 2251 2043 2295 et
2073 2244 2183 2295 sub
2204 2239 2483 2295 modestia!
2508 2236 2851 2292 ornamentis
2878 2236 3220 2290 mortiferum
3251 2235 3540 2290 miscuisse
3566 2237 3783 2292 videtur
3813 2253 3981 2294 vene-

733 2348 882 2385 num.
911 2331 1045 2393 lmo,
1069 2333 1114 2386 si
1152 2334 1390 2401 penittus
1421 2331 1859 2402 perspiciendum
1889 2338 1992 2394 est,
2023 2342 2366 2399 nequaquam
2398 2324 2726 2395 Eutychiqu
2752 2325 3203 2388 Alexandrinum,
3232 2325 3326 2378 sed
3362 2334 3713 2393 personatum
3743 2330 3981 2396 Auglum

731 2420 834 2473 sub
873 2417 1121 2490 Eutychii
1152 2423 1372 2474 nomine
1404 2430 1456 2474 et
1496 2420 1645 2473 larva
1686 2419 1741 2472 in'
1788 2434 2004 2473 scenam
2054 2417 2406 2485 prodeuntem
2461 2414 2785 2481 comperies.
2837 2413 3050 2465 Etenim
3108 2413 3412 2482 praecipuos
3452 2412 3623 2479 locos,
3674 2429 3738 2467 ex
3775 2418 3981 2483 quibus

730 2508 1118 2561 controversiae
1150 2508 1313 2577 hujus
1344 2506 1545 2577 pendet
1571 2517 1928 2571 momentum,
1960 2513 2054 2558 aut
2084 2504 2335 2558 versione
2364 2501 2691 2556 adulteravit
2716 2499 3007 2565 Seldenus,
3042 2511 3136 2554 aut
3174 2502 3590 2555 commentariis
3620 2517 3806 2556 verum
3855 2520 3984 2558 sen-

732 2611 852 2647 sum
883 2605 938 2647 et
974 2596 1149 2649 lucem
1182 2598 1263 2649 eis
1290 2598 1502 2665 eripere
1536 2603 1769 2649 conatus
1796 2603 1900 2649 est.
1931 2595 2101 2658 Quam
2126 2594 2344 2662 quidem
2378 2587 2689 2661 periocham
2715 2587 2796 2641 sic
2817 2589 2887 2640 ab
2909 2603 2974 2641 eo
3002 2596 3315 2657 corruptam
3344 2601 3400 2643 et
3435 2589 3699 2652 vitiatam,
3731 2588 3984 2660 Eutycltii

733 2681 973 2751 .Egyptii
1016 2685 1334 2748 patriarcha:
1380 2684 1791 2737 ortltodoxorum
1836 2681 2209 2744 Alexandrini,
2260 2692 2391 2746 etc.,
2430 2679 2681 2732 Ecclesia:
2744 2696 2854 2733 sua:
2913 2678 3176 2748 Origines,
3216 2680 3488 2749 appellare
3544 2684 3595 2737 ei
3630 2684 3874 2753 placuit,
3915 2682 3983 2734 ad

734 2770 1039 2836 captandas
1070 2772 1124 2824 in
1162 2770 1282 2839 ipso
1318 2772 1545 2826 exordio
1577 2772 1841 2824 lectorum
1873 2770 2109 2833 animos,
2159 2769 2314 2839 quasi
2369 2762 2498 2822 vero
2535 2766 2837 2836 Eutycbius
2866 2776 3154 2819 tractatum
3196 2767 3426 2835 aliquem
3464 2770 3754 2839 insignem,
3788 2786 3852 2825 ac
3886 2788 3987 2839 pc-

735 2862 1021 2923 culiarem,
1053 2869 1107 2914 et
1136 2874 1202 2912 ex
1237 2859 1485 2928 professo
1512 2876 1574 2914 ea
1602 2861 1669 2914 de
1702 2860 1927 2913 materia
1952 2860 2289 2927 scripsisset,
2321 2874 2444 2912 cum
2478 2872 2599 2911 eam
2628 2858 2784 2926 quasi
2812 2855 3131 2926 praeteriens
3157 2856 3395 2925 tetigerit
3425 2862 3822 2912 tantummodo.
3847 2859 3986 2923 Quae

737 2950 918 3002 omnia
954 2947 1197 3016 profecto
1223 2948 1340 3001 siue
1376 2947 1660 3002 stomacho
1692 2962 1851 3000 nemo
1879 2947 2123 3000 veritatis
2152 2945 2453 3008 studiosus,
2494 2957 2549 2999 et
2584 2946 2918 3013 linguarum,
2948 2960 3012 2998 ac
3042 2959 3222 2997 rerum
3255 2944 3683 3015 dogmatumque
3720 2947 3986 3000 Orienta-

736 3037 867 3089 lium
904 3037 1108 3103 peritus
1140 3050 1463 3103 percurrere
1494 3043 1695 3104 potest.
1727 3034 1865 3088 Hinc
1899 3036 2103 3103 patriae,
2148 3036 2410 3099 muneris,
2440 3034 2598 3087 avita:
2630 3032 2935 3102 religionis,
2986 3032 3080 3085 sed
3109 3032 3353 3086 veritatis
3390 3034 3733 3102 potissimum
3768 3034 3983 3088 inducti

739 3124 949 3177 ratione
979 3132 1033 3176 et
1065 3123 1321 3187 stimulis,
1370 3123 1581 3193 singula
1610 3123 1878 3175 catholica
1912 3121 2037 3185 lide,
2084 3136 2277 3189 nempe
2306 3122 2681 3176 sincerissime
2710 3124 2828 3175 sine
2859 3120 3004 3185 fuco,
3036 3120 3155 3175 sine
3196 3119 3382 3184 larvis,
3413 3122 3531 3175 sine
3555 3122 3982 3185 adulteratioue,

738 3211 857 3263 sine
894 3209 1233 3263 mutilationc
1274 3213 1685 3273 aucturitatum,
1716 3218 1809 3262 aut
1853 3209 2205 3277 corruptione
2234 3209 2547 3261 examinare
2573 3209 2938 3262 decrevimus.
2970 3207 3024 3259 lu
3056 3221 3165 3274 quo
3193 3207 3413 3275 quidem
3457 3207 3766 3277 praestando
3799 3208 3984 3278 lydius

737 3297 876 3365 lapis
904 3297 1059 3351 nobis
1094 3298 1196 3351 erit
1234 3299 1410 3366 ipsum
1444 3296 1694 3367 Eutychii
1730 3298 2068 3362 Chronicon,
2104 3297 2380 3363 ipsissima
2409 3300 2685 3367 periocha,
2720 3298 3105 3367 antiquissima
3146 3298 3406 3352 Ecclesiae
3449 3300 3833 3354 Alexandrinae
3864 3317 3985 3353 mo-

739 3395 1018 3451 numenta,
1047 3389 1389 3455 aliorumque
1420 3387 1780 3442 Orientalium
1813 3389 1983 3442 mirus
2013 3403 2337 3441 consensus.
2387 3384 2813 3440 Observabimus
2862 3392 3124 3454 prteterea
3155 3385 3428 3455 imprimis
3462 3385 3598 3442 illud
3626 3388 3753 3442 Auli
3807 3387 3983 3444 Persii

737 3471 943 3542 Flacci,
976 3475 1121 3546 quod
1159 3492 1258 3546 pro
1285 3476 1541 3531 lemmate
1578 3477 1661 3532 sui
1702 3479 1889 3545 operis
1916 3476 2086 3530 fronti
2116 3489 2178 3528 ac
2220 3474 2395 3527 limini
2428 3474 2594 3528 allixit
2624 3474 2914 3539 Seldenus,
2949 3473 3203 3528 nimirum

2250 3605 2372 3659 Non
2411 3604 3044 3673 siquidturbidaRoma

1646 3678 1847 3740 Elcvct,
1878 3681 2120 3740 accedas,
2150 3693 2429 3731 exantenre
2460 3678 2695 3737 improba
2730 3677 2782 3729 in
2823 3677 2919 3729 illa

1641 3747 3031 3817 Castigcstrutina......l............

739 3880 879 3945 Non,
915 3896 1021 3934 non
1050 3880 1399 3946 accedemus,
1430 3880 1682 3945 Seldene,
1713 3881 1959 3936 Romana
1992 3880 2270 3934 defensuri
2299 3880 2450 3945 vitia,
2483 3879 2576 3934 sed
2604 3882 2785 3943 lidem,
2819 3897 2941 3951 qme
2972 3883 3121 3934 omni
3164 3883 3337 3937 caruit
3369 3891 3531 3953 atque
3566 3895 3713 3939 caret
3756 3887 3916 3946 vitio.
3954 3902 3986 3940 a

739 3972 908 4033 vitiis,
939 3984 1058 4038 quae
1093 3969 1166 4024 illi
1219 3970 1513 4025 falsissime
1553 3986 1676 4024 cum
1715 3971 1824 4024 tuis
1869 3971 2107 4038 imponis
2163 3968 2465 4031 sodalibus,
2498 3967 2840 4022 viudicaturi.
2883 3970 3011 4022 Eam
3049 3986 3241 4037 nempe
3283 3970 3439 4025 [idem
3484 3974 3551 4027 de
3591 3988 3696 4041 qua
3743 3973 3808 4025 ad
3842 3978 3990 4042 ipsos

740 4056 1016 4110 Romanos
1045 4058 1124 4109 sic
1159 4057 1455 4124 Apostolus
1485 4074 1497 4109 :
1529 4054 1767 4110 Primum
1799 4057 2007 4125 quidem
2039 4057 2241 4125 gratias
2275 4071 2374 4124 ago
2406 4056 2511 4107 Deo
2554 4072 2665 4109 meo
2713 4070 2807 4123 per
2848 4056 3030 4110 Jesunt
3077 4056 3345 4111 Christum
3384 4076 3477 4125 pro
3510 4062 3750 4113 omnibus
3798 4063 3945 4117 vobis
3969 4103 3985 4125 ,

739 4145 863 4213 quia
893 4144 1022 4211 des
1053 4153 1219 4196 vestra
1258 4145 1609 4196 annuntiatur
1640 4145 1693 4196 in
1730 4146 1971 4198 universo
1998 4146 2212 4198 mundo.

812 4255 892 4308 An
918 4254 1068 4308 dices
1097 4254 1346 4317 forsitan,
1382 4255 1523 4308 hanc
1558 4257 1716 4311 [idem
1755 4265 2019 4311 mutatam
2056 4257 2214 4310 esse?
2257 4254 2363 4309 Sed
2400 4253 2459 4307 ).
2493 4253 2856 4325 Hieronymus
2903 4256 3100 4309 mutari
3149 4272 3256 4310 nou
3296 4273 3453 4325 posse
3487 4258 3579 4311 lib.
3746 4261 3986 4330 Apulug.

741 4356 931 4398 contra
968 4343 1223 4396 Ruliuum
1283 4343 1552 4397 airmat:
1594 4345 1761 4413 Scito,
1793 4346 1990 4413 mquit,
2027 4344 2322 4398 Romanam
2356 4344 2512 4410 dem
2540 4345 2849 4417 apostolica
2898 4362 3019 4397 roce
3067 4345 3343 4399 laudatam
3388 4346 3648 4414 ejusmodi
3681 4354 3987 4418 pnestigins

743 4448 843 4484 non
873 4433 1125 4497 accipere.
1172 4431 1401 4483 Etiamsi
1442 4432 1656 4499 angelus
1688 4434 1898 4501 (quidni
1938 4436 1980 4484 si
2014 4432 2260 4501 Anglus?
2291 4432 2469 4500 )aliter
2516 4432 2811 4486 annuntiet.
2857 4449 3016 4502 quam
3066 4434 3222 4487 semel
3270 4435 3616 4501 praedicatum
3670 4446 3769 4494 est.
3824 4437 3989 4491 Pauli

744 4521 1058 4571 auctoritate
1112 4520 1363 4570 munitam
1432 4537 1533 4572 non
1598 4536 1750 4587 posse
1805 4522 2017 4573 mutari.
2072 4520 2135 4572 Et
2167 4530 2291 4571 ante
2325 4517 2741 4589 Hieronymum,
2784 4519 2845 4573 ).
2880 4518 3190 4589 Cyprianus
3224 4521 3320 4574 lib.
3360 4538 3397 4585 ,
3431 4524 3588 4592 epiSt.
3625 4524 3681 4588 5,
3710 4521 3983 4579 Romanos

743 4618 871 4663 esse,
918 4602 1111 4668 inquit,
1148 4602 1216 4653 ad
1248 4618 1374 4667 quos
1405 4603 1625 4669 perdia
1654 4604 1841 4655 habere
1878 4621 1979 4655 non
2007 4605 2169 4670 possit
2204 4621 2493 4659 accessum.

815 4691 926 4744 Hoc
957 4692 1095 4743 idern
1129 4690 1283 4743 inviti
1316 4690 1556 4745 fatentur
1587 4692 1910 4757 adversarii,
1943 4702 1997 4747 et
2026 4694 2242 4763 quidem
2277 4693 2716 4749 adversariorum
2760 4696 3080 4766 curyphmus
3130 4697 3400 4754 Martinus
3456 4699 3731 4755 Lutlrerus
3785 4712 3924 4758 tum.

746 4782 925 4836 Germ.
970 4780 1106 4833 Wit.
1135 4781 1227 4833 fol.
1257 4781 1381 4842 561,
1414 4782 1542 4836 ubi:
1575 4781 1832 4845 Ecclesia,
1854 4784 2051 4853 inquit,
2080 4800 2169 4836 nec
2198 4784 2338 4836 debet
2368 4799 2457 4834 nec
2479 4795 2641 4849 potest
2671 4784 2900 4850 mentiri,
2925 4800 3015 4836 nec
3042 4784 3240 4848 falsum
3263 4788 3467 4848 docere,
3493 4804 3555 4840 ne
3578 4790 3628 4841 in
3659 4790 3816 4843 unico
3867 4797 3989 4861 qui-

745 4870 864 4922 dem
900 4870 1089 4934 capite.
1128 4869 1304 4936 llujus
1346 4868 1604 4923 Ecclesia:
1652 4871 2054 4924 infallibilitatis
2086 4872 2351 4925 rationem
2382 4870 2580 4925 ibidem
2614 4870 2685 4924 ita
2719 4871 2897 4925 reddit
2935 4888 2949 4925 :
2983 4871 3116 4926 Cum
3142 4872 3239 4927 Dei
3266 4892 3320 4928 os
3350 4876 3419 4928 sit
3447 4892 3503 4929 os
3534 4875 3813 4944 Ecclesttc,
3844 4879 3988 4935 Deus

746 4970 878 5011 certe
902 4958 1113 5010 mentiri
1145 4973 1245 5009 non
1276 4968 1464 5023 potest,
1496 4974 1616 5026 ergo
1642 4975 1732 5011 nec
1762 4959 2018 5013 Ecclesia.

820 5044 1008 5098 Posita
1040 5054 1218 5099 autem
1253 5045 1354 5099 hac
1386 5046 1785 5115 propositione,
1824 5063 1942 5114 (iure
1972 5046 2259 5101 verissima
2292 5059 2393 5111 est,
2430 5046 2535 5103 etsi
2562 5062 2660 5117 per
2694 5062 2755 5101 os
2790 5047 3009 5101 Balaam
3041 5048 3277 5118 prolata,
3336 5051 3645 5104 rectissime
3677 5058 3935 5122 sequitur
3969 5074 3983 5109 :

749 5148 879 5201 ergo
910 5132 1157 5187 Ecclesia
1195 5133 1440 5186 Romana
1476 5143 1561 5189 est
1584 5150 1710 5188 vera
1744 5134 2012 5199 Ecclesia,
2048 5146 2099 5188 et
2133 5133 2378 5189 Romana
2413 5137 2546 5189 fides
2579 5150 2925 5205 nequaquam
2964 5146 3167 5190 mutata
3202 5148 3307 5202 est,
3354 5147 3447 5191 aut
3499 5140 3699 5192 mutari
3760 5146 3984 5207 potuit;

750 5221 844 5274 sed
878 5222 1067 5274 eadem
1101 5235 1247 5274 nunc
1278 5237 1507 5290 prorsus
1538 5230 1642 5283 est,
1684 5223 1865 5292 qualis
1888 5223 2187 5291 apostolica
2225 5238 2354 5278 voce
2381 5224 2485 5277 fuit
2509 5223 2753 5276 laudata.

817 5333 973 5399 Quod
1005 5349 1136 5387 vero
1166 5348 1228 5387 ea
1261 5334 1529 5401 Ecclesia,
1563 5352 1684 5406 qua:
1722 5353 1826 5390 non
1860 5338 2040 5399 debet,
2078 5354 2175 5392 nec
2204 5348 2384 5408 potest
2423 5340 2663 5404 mentiri,
2696 5356 2798 5395 nec
2834 5340 3032 5396 falsum
3064 5342 3285 5407 docere,
3319 5356 3421 5396 nec
3467 5343 3523 5397 in
3556 5344 3719 5396 unico
3758 5346 3981 5415 quidem

747 5422 944 5491 capite.
981 5420 1054 5473 sit
1086 5419 1329 5475 Ecclesia
1367 5420 1635 5489 Romana,
1669 5440 1735 5479 ex
1773 5427 1905 5493 ipsis
1932 5441 2147 5495 quoque
2182 5426 2511 5482 adversariis
2537 5430 2828 5485 evincitur.
2864 5429 3156 5493 Lutherus,
3190 5440 3323 5486 tom.
3362 5429 3453 5495 IV,
3482 5432 3618 5486 edit.
3648 5430 3981 5490 Witember.

748 5509 841 5563 fol.
867 5508 973 5561 9.25
1018 5524 1030 5560 :
1072 5504 1187 5562 Nos
1213 5509 1465 5575 fatemur,
1496 5513 1698 5580 inquit,
1749 5514 1844 5565 sub
1889 5525 2088 5581 papatu
2126 5515 2296 5566 multa
2335 5530 2447 5568 esse
2480 5517 2614 5569 bona
2655 5516 2982 5581 Christiana,
3033 5520 3135 5571 into
3166 5535 3318 5572 omne
3353 5518 3544 5571 bonum
3580 5519 3978 5581 Christianum.

747 5610 903 5665 atque
939 5595 1059 5650 inde
1090 5597 1254 5650 etiam
1287 5599 1353 5649 ad
1378 5615 1468 5652 nos
1497 5601 1812 5669 provenisse.
1848 5602 1909 5654 Et
1938 5602 2102 5671 paulo
2142 5610 2262 5671 post
2305 5620 2317 5655 :
2364 5602 2480 5656 lmo
2514 5605 2630 5658 dico
2671 5606 2723 5657 in
2748 5615 2946 5673 papatu
2993 5622 3167 5659 verant
3201 5622 3315 5661 esse
3345 5606 3828 5671 Cltristianitatem,
3870 5610 3977 5662 imo

744 5699 922 5735 rerum
955 5685 1197 5736 nucleum
1233 5684 1685 5743 Christianitatis.
1721 5686 1935 5742 Rursus
1964 5707 1977 5741 :
2012 5688 2076 5742 In
2106 5699 2302 5759 papatu
2335 5690 2530 5744 scilicet
2562 5708 2675 5745 esse
2706 5691 2801 5745 Dei
2831 5692 3074 5757 Verbum,
3116 5693 3501 5760 apostolatum.
3535 5711 3730 5763 nosque
3763 5712 3978 5749 sacram

747 5765 1105 5852 scripturam,
1144 5767 1488 5836 baptismum,
1520 5785 1879 5834 sacramenta,
1909 5783 1957 5825 ct
1989 5773 2318 5840 pra'dicandi
2349 5778 2570 5846 o/ficium
2598 5780 2661 5832 ab
2688 5781 2818 5848 ipsis
2852 5782 3160 5846 sumpsisse.
3201 5781 3439 5836 Buccrus
3481 5782 3534 5836 in
3566 5782 3978 5852 Prteparntione

746 5851 811 5905 ad
841 5854 1128 5910 concilium
1165 5874 1179 5910 :
1215 5854 1381 5912 Plane
1416 5858 1743 5925 protentur,
1804 5860 1939 5915 inter
1966 5860 2169 5928 priscos
2197 5860 2452 5920 Ecclesia:
2485 5866 2675 5924 Patres
2710 5872 3000 5936 conrenire,
3059 5872 3339 5925 primatum
3384 5872 3628 5928 [rubuisse
3674 5851 3967 5928 Romanam
