4200 6432
205 383 306 438 39']
1605 385 1960 450 ANNALES,
3267 398 3365 455 B98

220 488 504 537 Ecclesium
528 504 680 550 super
717 491 942 555 reliquas
980 490 1255 539 Ecclesius.
1287 484 1519 540 Jacobus
1554 491 1603 540 in
1637 493 1935 544 rationibus
1962 494 2258 560 desumptis
2295 510 2357 546 ex
2413 496 2583 549 Verbo
2635 499 2747 559 Dei,
2802 514 2919 563 pag.
2972 501 3056 560 24,
3105 504 3300 553 relatus
3338 519 3365 553 a

220 567 284 620 ll.
321 570 380 623 Ρ.
419 571 650 626 llenrico
683 561 810 623 'Fitz
847 571 1029 651 Simon
1073 573 1126 624 in
1161 573 1624 624 Britannomacliia
1656 577 2019 628 ministrorum
2054 577 2144 630 lib.
2178 594 2214 640 t.
2240 594 2356 647 cap.
2398 583 2482 640 10.
2515 598 2631 650 pag.
2674 583 2745 634 3:
2781 561 2994 635 Nullum
3014 602 3141 646 esse.
3172 587 3366 654 inquit.

215 655 268 704 in
298 663 408 706 toto
448 660 640 709 mundo
672 659 839 708 locum
870 666 970 706 tam
993 658 1348 722 probabiliter,
1387 674 1447 708 ac
1479 657 1688 710 Romam
1721 663 1873 713 totius
1911 663 2171 730 regiminis
2231 669 2498 720 catholicae
2555 669 2800 722 Ecclesia'
2850 671 3039 735 fontem
3100 690 3158 722 ac
3210 674 3370 737 origi-

213 754 348 791 nens.
385 738 618 792 Jacobus
649 755 737 791 res
783 740 1067 793 Britanniae
1115 742 1167 793 in
1230 741 1387 793 domo
1448 743 1859 810 pariamentaria
1921 749 2140 814 praecise
2197 753 2246 802 in
2305 755 2475 806 medio
2527 757 2712 808 litterae
2770 755 2830 807 Ι).
2873 772 2887 807 :
2925 754 3032 821 Ego
3083 756 3366 809 Romanam

215 821 507 876 Ecclesium
541 824 786 888 proﬁteor
806 839 914 875 esse
949 837 1176 876 nostram
1216 829 1484 906 matricem
1523 831 1830 883 Ecclesium.
1889 834 1949 884 Et
1983 837 2034 886 in
2075 837 2360 903 colloquiis
2398 839 2612 909 llampt.
2652 843 2777 895 "ac
2815 849 2929 894 inea
2983 845 3067 895 esl’
3123 857 3360 896 constans

212 923 275 958 ac
303 909 732 997 ﬁzapersuasio,
758 909 953 959 nullam
983 910 1162 962 debere
1197 911 1486 965 Ecclesium
1519 918 1764 970 remotius
1794 936 1826 970 α
1859 919 2094 974 Romana
2128 923 2362 976 Ecclesia
2387 930 2641 992 secedere,
2672 946 2823 997 quam
2852 935 2964 994 ipsa
2996 947 3025 979 α
3059 946 3110 981 se
3133 931 3244 994 ipsa
3276 931 3370 995 ﬂo-

211 1005 358 1044 rente
394 993 631 1059 digressa
654 995 745 1047 sit.
1054 1005 1060 1014 '

283 1078 339 1128 Si
373 1079 554 1144 itaque
588 1077 827 1134 Ecclesia
860 1080 1104 1134 Romana
1140 1081 1240 1135 fuit
1279 1085 1568 1151 aliquando
1600 1102 1692 1154 per
1741 1090 2078 1145 adversarios
2142 1094 2335 1145 matrix
2381 1095 2620 1145 omnium
2692 1095 3073 1157 Ecclesiarum.
3131 1100 3250 1152 fons
3321 1110 3371 1149 et

209 1163 365 1228 origo
385 1165 550 1215 totius
583 1165 859 1232 regiminis
883 1167 1156 1218 catholica:
1189 1165 1464 1228 Ecclesiae.
1497 1170 1637 1221 unde
1665 1187 1822 1225 omne
1851 1177 2049 1229 bonum
2074 1177 2440 1230 Christianum
2467 1181 2669 1231 inalias
2698 1187 3026 1246 pronianavit
3063 1185 3327 1237 Ecclesias
3357 1202 3368 1240 ;

210 1249 265 1332 in
299 1260 473 1313 eaque
497 1247 596 1300 fuit
629 1263 756 1300 vera
786 1250 1186 1313 Christianitas,
1222 1253 1328 1305 imo
1358 1269 1514 1307 verus
1571 1258 1797 1309 nucleus
1842 1259 2286 1323 Christianitatis.
2352 1265 2440 1315 Dei
2498 1264 2755 1326 Verbum,
2803 1270 3154 1332 apostolatus,
3221 1286 3372 1322 sacra

213 1329 516 1398 Scriptura.
549 1333 868 1400 baptisrnus’.
896 1349 1256 1396 sacramenta.
1287 1347 1339 1390 et
1371 1340 1698 1406 pradicandi
1733 1342 1995 1407 cilicium,
2028 1349 2098 1399 ita
2137 1359 2194 1400 ut
2227 1365 2328 1400 non
2367 1351 2582 1401 licuerit
2622 1352 2688 1402 ab
2709 1366 2768 1403 ea
2806 1329 3056 1405 remotius
3104 1357 3372 1414 secedere.

211 1433 376 1490 quain
405 1421 518 1486 ipsa
551 1435 578 1472 a
604 1435 664 1473 se
700 1423 809 1488 ipsa
841 1420 1064 1476 ﬂorente
1092 1423 1329 1490 digressa
1361 1426 1428 1476 sit
1478 1441 1490 1474 :
1530 1428 1573 1477 si
1613 1442 1708 1477 nec
1765 1427 1943 1490 debet,
1999 1446 2096 1482 nec
2155 1442 2325 1496 potest
2383 1435 2643 1499 ejusmodi
2698 1432 2935 1486 Ecclesia
2992 1441 3225 1494 mentiri.
3283 1452 3377 1489 nec

216 1501 414 1555 falsum
446 1510 660 1567 docere.
703 1521 797 1558 nec
829 1507 883 1558 in
913 1509 1075 1560 unico
1105 1509 1319 1573 quidem
1343 1509 1536 1574 capite.
1572 1525 1692 1560 curn
1727 1511 1813 1562 Dei
1855 1529 1913 1564 os
1948 1515 2016 1564 sit
2041 1529 2100 1566 os
2136 1517 2292 1581 hujus
2325 1516 2595 1580 Ecclesia,
2627 1520 2718 1584 qui
2767 1521 2980 1570 mentiri
3017 1537 3119 1572 non
3156 1533 3369 1590 potest;

213 1590 340 1654 quis
372 1601 478 1641 tam
507 1591 805 1644 manifestae
833 1593 1200 1658 impudentiaz.
1236 1601 1288 1643 et
1322 1594 1639 1644 exsecrandi
1696 1599 1932 1662 stuporis
1963 1603 2085 1657 erit.
2119 1601 2206 1651 oui
2240 1601 2506 1654 allirmare
2567 1604 2805 1665 audebit,
2867 1603 3161 1657 Romanam
3220 1608 3375 1660 fidem

213 1676 456 1740 Apostoli
490 1677 746 1728 munitam
778 1676 1097 1728 auctoritate
1125 1683 1382 1726 mutatam
1420 1673 1623 1727 fuisse?

284 1760 352 1811 At
382 1761 599 1826 objiciet
633 1763 718 1814 hic
767 1760 903 1813 forte
935 1760 1369 1812 adversariorum
1399 1774 1664 1812 nonnemo
1698 1777 1711 1821 ;
1751 1761 1874 1812 llaec
1919 1760 2273 1816 infallibilitas
2306 1766 2587 1818 tribuenda
2635 1777 2716 1818 est
2754 1769 3008 1822 Ecclesiae
3066 1773 3376 1832 universali.

213 1847 298 1898 cui
333 1845 384 1896 id
415 1839 741 1911 promissum
775 1858 876 1908 est,
916 1861 1019 1898 non
1051 1857 1226 1898 autem
1256 1847 1414 1899 alicui
1448 1847 1728 1912 singulari.

281 1929 364 1982 Ad
383 1931 520 1981 hanc
543 1931 896 1997 objectionem
921 1930 1241 1998 respondeat
1261 1931 1586 2000 adversariis
1610 1944 1746 1982 unus
1767 1944 1828 1982 ex
1855 1931 2283 1984 adversariorum
2306 1949 2466 2002 grege
2505 1935 2832 1998 Witakerus,
2859 1948 3029 1992 contr.
3054 1941 3108 2004 Ξ,
3133 1954 3325 2009 quaest.
3348 1947 3378 1996 4

215 2031 338 2084 cap.
371 2017 429 2079 5,
471 2032 589 2084 pag.
630 2017 753 2081 489,
789 2015 876 2070 ιιῖιί
911 2035 923 2070 :
953 2016 1098 2069 Nihil
1133 2026 1230 2080 est.
1270 2018 1460 2084 inquit,
1492 2016 1767 2067 universali
1805 2015 2048 2069 Ecclesia:
2080 2020 2411 2084 promissum,
2444 2023 2580 2088 quod
2614 2040 2714 2075 non
2759 2028 2999 2079 siml/iter
3027 2031 3382 2095 singularibus

216 2102 471 2155 Ecclesiis
502 2106 844 2168 promittitur.

282 2186 392 2240 Fac
428 2189 498 2240 ita
529 2190 621 2246 sit.
650 2190 841 2242 deguns
870 2187 1029 2241 modo
1072 2188 1174 2241 hoc
1204 2186 1477 2240 Witakero
1505 2197 1554 2239 et
1581 2185 1894 2256 symrnystis
1944 2187 2220 2251 (qumvis
2247 2191 2586 2258 erroneum),
2657 2195 2800 2260 quod
2851 2194 3053 2246 scilicet
3094 2194 3225 2248 nihil
3289 2195 3389 2248 fuit

215 2275 548 2342 promissum
581 2271 836 2326 Ecclesia:
871 2274 1182 2331 universali.
1213 2273 1356 2339 quod
1391 2273 1757 2339 singularibus
1798 2271 2059 2325 Ecclesiis
2094 2289 2200 2326 non
2234 2275 2394 2328 fuerit
2421 2293 2766 2342 promissum.
2825 2281 2954 2333 lure
3004 2268 3130 2348 ergo
3176 2300 3239 2336 cx
3279 2285 3380 2336 hac

213 2359 466 2412 doctrina
498 2357 698 2412 inferre
727 2359 853 2412 licet
890 2360 956 2411 ad
985 2359 1282 2419 hominem,
1311 2357 1603 2411 Ecclesiam
1637 2357 1936 2410 Romanam
1971 2374 2244 2426 nunquam
2269 2358 2642 2424 succubuisse.
2674 2381 2848 2433 neque
2887 2369 3242 2422 succumbere
3292 2387 3385 2438 po-

215 2449 411 2507 tuisse.
445 2443 570 2512 quia
602 2444 894 2511 aliquando
927 2445 1025 2496 fuit
1057 2459 1180 2497 vera
1211 2442 1454 2498 Ecclesia
1487 2459 1582 2510 per
1618 2446 1764 2511 ipsos
1793 2447 2156 2508 adversarios,
2193 2455 2244 2499 et
2280 2461 2342 2500 os
2379 2448 2495 2508 Dei.
2534 2453 2616 2502 vel
2659 2467 2761 2518 qua
2798 2455 3140 2515 universalis.
3176 2459 3252 2509 vel
3282 2473 3387 2526 qua

215 2532 530 2600 singularis.
559 2546 680 2583 cum
713 2532 846 2583 nihil
878 2546 971 2600 per
1001 2531 1146 2597 ipsos
1175 2531 1246 2584 sit
1287 2534 1619 2599 promissum
1653 2530 1905 2586 Ecclesia:
1947 2535 2264 2595 universali.
2298 2535 2442 2601 quod
2472 2536 2838 2602 singularibus
2887 2554 2989 2590 non
3044 2540 3202 2593 fuerit
3263 2560 3388 2609 pro-

217 2622 469 2671 missum.
497 2617 610 2681 Qua
651 2618 816 2686 igitur
842 2617 1017 2669 fronte
1053 2631 1170 2669 eam
1199 2617 1514 2670 insimulare
1541 2618 1740 2670 audent
1768 2623 1969 2673 erroris
2016 2629 2069 2672 et
2121 2620 2344 2686 lapsus?
2380 2620 2504 2675 Suis
2538 2638 2597 2676 se
2645 2623 2969 2676 confodiunt
3025 2629 3211 2688 armis.
3267 2628 3391 2680 dum

219 2703 510 2756 incurrunt
545 2717 692 2755 caeco
725 2703 926 2770 impetu
963 2702 1015 2755 in
1048 2699 1345 2755 Romanam
1379 2703 1698 2762 Ecclesiam.
1727 2698 1952 2768 ejusque
1979 2715 2198 2752 causam
2249 2703 2302 2753 in
2351 2702 2524 2754 lucem
2579 2705 2822 2758 veritatis
2883 2707 3035 2758 inviti
3093 2707 3392 2773 proferunt,

219 2803 284 2842 ac
320 2789 439 2842 suis
473 2801 531 2839 se
559 2785 840 2854 implicant
873 2787 1266 2855 paraIOgismis.
1292 2786 1462 2840 Nemo
1496 2789 1640 2839 enim
1666 2801 1812 2839 sanae
1835 2789 2026 2838 ruentis
2055 2785 2210 2839 facile
2244 2788 2517 2849 concedit,
2564 2791 2706 2856 quod
2759 2791 2856 2855 ipsi
2884 2831 2898 2852 ,
2960 2793 3210 2844 nimirum
3264 2794 3396 2844 nihil

221 2875 482 2930 Ecclesiae
512 2873 802 2926 universali
840 2873 1166 2940 promissum
1201 2872 1389 2937 fuisse,
1423 2873 1564 2942 quod
1594 2872 1962 2940 singularibus
1991 2871 2242 2926 Ecclesiis
2288 2887 2391 2924 non
2425 2873 2589 2925 fuerit
2637 2878 2963 2941 promissum
2993 2892 3007 2938 ;
3049 2894 3170 2928 rum
3205 2880 3397 2930 certis-

220 2962 420 3016 simum
454 2959 544 3022 sit.
576 2959 829 3011 Ecclesia:
860 2958 1152 3012 universali
1185 2959 1505 3026 promissam
1532 2959 1700 3010 fuisse
1751 2956 2203 3018 infallibilitatem,
2239 2959 2598 3024 singularibus
2653 2974 2778 3011 vero
2813 2977 2914 3012 non
2954 2964 3103 3013 item.
3144 2963 3212 3014 De
3243 2963 3398 3015 infat-

221 3049 472 3102 Iibiiitate
504 3047 824 3100 universalis
852 3045 1107 3100 Ecclesia
1135 3046 1342 3100 dictum
1375 3060 1505 3101 est:
1545 3046 1622 3099 Tu
1647 3063 1699 3099 es
1740 3044 1945 3104 Petrus.
2002 3054 2049 3095 et
2094 3061 2246 3108 super
2301 3044 2434 3096 hanc
2511 3058 2709 3110 petram
2771 3048 3038 3114 redi/icabo
3113 3048 3398 3102 Ecclesium

221 3151 419 3199 meum,
445 3143 493 3187 et
519 3143 686 3201 porta:
707 3133 866 3198 inferi
904 3149 1006 3186 non
1033 3136 1406 3200 prmalebunt.
1475 3136 1717 3186 adversus
1744 3149 1854 3184 eam
1887 3130 2102 3192 (Matth.
2135 3146 2245 3193 xvi,
2279 3131 2385 3198 18).
2416 3128 2524 3184 Nec
2558 3148 2661 3185 non
2702 3150 2716 3185 :
2748 3135 2876 3198 Quir
2922 3145 2994 3187 est
3037 3134 3265 3188 Ecclesia
3306 3139 3397 3189 Dei

221 3224 342 3287 viai,
365 3221 609 3272 columna
635 3229 682 3273 et
716 3221 1105 3288 firmamentum
1133 3221 1390 3274 veritatis.
1414 3218 1468 3288 (l
1505 3219 1641 3273 Tim.
1671 3235 1752 3280 ιιι,
1785 3217 1892 3284 15).
1927 3216 2077 3270 Unde
2110 3217 2366 3283 praeclare
2392 3217 2760 3285 Stapletonus,
2787 3231 3028 3273 controv.
3053 3224 3103 3281 4.
3124 3235 3311 3289 quaest.
3344 3224 3400 3286 2,

221 3307 460 3359 articulo
487 3307 647 3358 unico
683 3323 698 3357 :
736 3303 1000 3368 Ecclesia.
1028 3306 1218 3372 inquit,
1251 3307 1304 3358 in
1333 3306 1667 3358 conclusione
1702 3303 1822 3371 fidei
1880 3317 2078 3363 semper
2133 3316 2205 3354 est
2257 3304 2550 3355 certissima
2613 3315 2660 3357 et
2721 3305 3036 3373 infattibitie.
3093 3308 3403 3375 singulares

226 3391 506 3446 Ecclesia
538 3393 605 3445 de
638 3391 782 3445 facto
814 3391 1102 3452 defecisse.
1132 3402 1295 3461 atque
1325 3393 1686 3447 succubuisse
1717 3389 2121 3444 evidentissima
2154 3397 2384 3440 constat.
2439 3387 2572 3442 Nam
2606 3392 2730 3458 quis
2765 3395 2956 3455 nescit,
3019 3391 3405 3448 Constantino-

227 3479 522 3545 politanam
552 3478 907 3532 succubuisse
943 3479 1235 3546 aliquando
1273 3479 1326 3532 in
1359 3478 1692 3542 Macedonio,
1721 3487 1776 3529 et
1808 3475 2090 3537 Nestorio;
2119 3474 2531 3526 Alexandrinam
2559 3476 2609 3527 in
2643 3475 2934 3544 Dioscoro;
2965 3481 3016 3532 in
3049 3479 3282 3535 Macario
3299 3486 3408 3539 An-

227 3565 559 3626 tiochenam,
591 3572 644 3629 et
683 3564 762 3618 sic
799 3563 866 3617 de
895 3564 1058 3618 aliis?
1091 3565 1274 3620 Restat
1305 3580 1458 3634 ergo,
1490 3576 1548 3618 ut
1591 3565 1859 3635 dicamus,
1895 3559 2332 3613 infallibilitatem
2383 3563 2690 3614 necessario
2740 3566 2973 3617 residere
3027 3582 3190 3635 penes
3223 3570 3411 3624 Eccle-

228 3653 367 3704 siam
407 3649 791 3714 universaleru,
824 3650 982 3717 cujus
1011 3656 1172 3719 caput
1200 3661 1284 3705 est
1318 3633 1593 3705 Ennianus
1624 3633 1878 3719 pontifex'.
1910 3649 1992 3701 cui
2016 3648 2066 3698 iu
2094 3649 2273 3708 Petro,
2305 3647 2458 3714 cujus
2493 3657 2577 3700 est
2608 3664 2912 3712 successor.
2939 3654 3005 3705 ab
3029 3633 3127 3706 ore
3158 3653 3409 3711 Veritatis

229 3737 434 3791 dictum
464 3735 565 3787 fuit
607 3751 624 3786 :
667 3732 776 3804 Ego
803 3745 976 3788 autem
1003 3738 1182 3805 rogavi
1207 3754 1303 3806 pro
1340 3747 1405 3801 te,
1433 3747 1488 3789 ut
1515 3753 1613 3789 non
1642 3737 1849 3799 deﬁciat
1876 3734 2005 3800 ﬁdes
2033 3743 2122 3784 tua
2149 3730 2303 3798 (an.
2334 3747 2466 3793 xxii.
2502 3733 2615 3799 32).
2672 3732 2823 3797 Quod
2883 3751 3009 3788 vero
3057 3741 3236 3791 statim
3280 3744 3408 3796 sub-

224 3821 472 3892 jungitur
501 3836 515 3872 :
554 3818 617 3871 Et
645 3832 700 3871 tu
732 3821 1012 3888 aliquando
1043 3839 1319 3877 conuersus
1349 3827 1599 3891 conﬁrma
1627 3823 1819 3891 fratres
1855 3830 1969 3871 tuos
2021 3818 2212 3885 (ibid).
2238 3818 2304 3869 de
2333 3819 2699 3885 singularibus
2727 3817 2981 3875 Ecclesiis
3007 3824 3409 3892 intelligendum

226 3919 334 3969 est.
364 3923 488 3976 qua:
528 3908 581 3959 in
625 3907 728 3960 (ide
761 3908 1076 3977 dirigenda,
1106 3921 1160 3964 et
1187 3912 1572 3965 conﬁrmanda
1598 3920 1724 3963 sunt
1750 3923 1778 3960 a
1807 3906 1952 3959 Petri
1984 3917 2322 3963 successore.
2370 3903 2423 3955 in
2460 3919 2619 3971 quem
2670 3906 3023 3958 confirmandi
3076 3910 3271 3964 fratres
3317 3929 3414 3966 au-

227 3997 455 4049 ctoritas
479 3994 722 4046 derivata
756 4001 858 4047 est.
888 3997 1039 4064 Apud
1069 3995 1367 4052 Romanam
1403 3998 1564 4065 igitur
1594 3995 1891 4050 Ecclesiam
1919 3990 2112 4044 residet
2158 3990 2270 4042 hac
2319 3987 2700 4046 infallibilitas.
2771 3993 3095 4063 Quanquam
3144 3998 3282 4051 haud
3329 3995 3413 4056 me

229 4081 380 4144 latet,
411 4081 771 4151 Witalreruin,
809 4099 959 4138 more
982 4085 1228 4136 omnium
1261 4084 1636 4137 haereticorum
1666 4096 1695 4134 a
1736 4094 1795 4134 se
1822 4082 1937 4149 ipso
1969 4077 2299 4134 desciscere.
2337 4089 2500 4143 atque
2527 4078 2653 4130 alibi
2687 4093 2952 4143 asserere,
2986 4093 3092 4134 tam
3116 4084 3408 4139 Ecclesiam

231 4168 622 4234 universalem,
650 4186 812 4238 quam
834 4171 1140 4239 singulares
1179 4169 1453 4223 Ecclesias
1479 4183 1668 4222 errare
1703 4180 1882 4236 posse.
1907 4161 1985 4216 Et
2014 4176 2123 4232 quo
2155 4163 2314 4231 plane
2347 4171 2492 4229 patet
2536 4164 2636 4217 hos
2667 4165 2720 4217 in
2750 4167 2913 4218 Deum
2941 4168 3119 4234 ipsum
3161 4169 3416 4237 blasphe-

229 4267 351 4309 moa
383 4268 532 4315 esse.
570 4255 699 4326 quia
723 4256 768 4310 si
796 4270 859 4311 os
884 4255 1161 4318 Ecclesiae.
1192 4258 1336 4323 quod
1373 4269 1467 4324 per
1498 4255 1644 4324 ipsos
1673 4261 1756 4308 est
1787 4251 1879 4304 Dei
1914 4264 1999 4311 os.
2043 4247 2287 4310 ruentiri,
2327 4257 2380 4300 et
2418 4263 2603 4301 errare
2634 4261 2836 4318 potest.
2884 4259 3128 4320 sequitur
3169 4257 3292 4309 inde
3323 4274 3419 4310 ne-

229 4353 495 4403 cessarro.
534 4337 703 4394 Deum
730 4352 787 4395 et
818 4341 1053 4406 mentiri,
1085 4355 1136 4395 et
1170 4355 1352 4395 errare
1381 4356 1560 4410 posse,
1589 4340 1737 4410 quod
1771 4341 1851 4393 vel
1899 4337 2079 4392 verbis
2112 4335 2373 4405 proferre.
2412 4346 2506 4389 aut
2536 4349 2714 4392 mente
2761 4343 3046 4408 concipere
3097 4343 3163 4396 ad
3215 4344 3411 4399 horum

227 4426 658 4480 convincendarn
686 4427 1142 4495 pervicacitatem,
1173 4430 1390 4482 animus
1418 4431 1606 4482 horret
1644 4428 1900 4496 luctuque
1931 4428 2151 4494 refugit.

303 4509 384 4563 Tu
448 4521 665 4574 autem.
734 4509 1001 4576 Seldene.
1071 4516 1184 4568 haec
1243 4514 1447 4569 interea
1525 4513 1716 4582 reliqui
1789 4527 1980 4568 versus
2049 4513 2101 4563 in
2179 4509 2456 4566 Romanos
2519 4515 2765 4583 usurpati
2831 4524 3038 4570 attento
3104 4520 3420 4589 perpendito

233 4611 441 4653 animo.

625 4713 735 4769 Nec
768 4724 815 4768 te
846 4716 1148 4784 quesioeris
1183 4729 1353 4772 extra.

230 4830 438 4885 Tecum
473 4829 679 4892 habita,
708 4837 760 4886 te
791 4844 980 4893 nosce.
1005 4845 1106 4884 nec
1129 4830 1197 4886 de
1227 4829 1469 4886 Romana
1498 4831 1757 4900 religione
1780 4829 1853 4884 ita
1875 4840 2078 4884 temere
2109 4827 2453 4898 pronunties,
2477 4840 2602 4890 cuni
2634 4840 2861 4895 prorsus
2889 4827 3005 4893 ipse
3035 4827 3271 4890 nescias,
3301 4842 3418 4895 quae

231 4921 307 4976 sit
349 4917 514 4973 hodie
545 4918 599 4972 in
622 4925 724 4984 sua
754 4932 876 4972 sere
908 4918 1192 4988 plusquam
1221 4920 1588 4974 turbidissima
1618 4920 1810 4990 Anglia
1834 4917 2040 4986 religio,
2074 4930 2175 4969 nec
2203 4930 2323 4983 qua:
2357 4914 2428 4968 sit
2458 4929 2579 4968 cras
2612 4913 2815 4978 futura,
2864 4930 2970 4967 non
3022 4918 3288 4980 omnium,
3339 4920 3422 4970 in-

234 5020 424 5075 quam,
459 5004 552 5058 sed
587 5004 963 5074 singulorum;
1002 5014 1080 5060 tot
1112 5005 1256 5063 enim
1282 5007 1421 5074 apud
1451 5021 1547 5061 vos
1583 5016 1709 5059 sunt
1733 5005 2042 5073 religiones.
2071 5011 2205 5073 quot
2259 5005 2458 5071 capita.
2517 5000 2624 5054 Res
2675 5002 2788 5070 ipsa
2838 5001 2892 5054 in
2951 5001 3084 5056 foris
3148 5014 3199 5055 et
3230 5005 3424 5071 plateis

233 5090 559 5161 proclamat.
588 5090 810 5146 Decreta
842 5093 1008 5145 vestri
1042 5102 1287 5156 senatus.
1323 5108 1420 5147 seu
1451 5093 1773 5160 pariamenti
1809 5102 1932 5145 ante
1957 5101 2193 5158 quatuor
2237 5089 2404 5142 ferme
2460 5103 2632 5141 annos
2694 5089 2837 5142 edita
2893 5087 2959 5142 de
2999 5091 3255 5158 religione
3317 5100 3429 5144 sta.

237 5176 439 5232 tuenda
467 5191 497 5228 a
524 5176 720 5229 vestris
750 5176 1014 5245 theologis
1042 5185 1097 5231 et
1127 5178 1390 5232 ministris
1420 5178 1522 5232 hoc
1576 5180 1708 5234 satis
1755 5195 2028 5248 superque
2069 5186 2358 5235 testantur.
2404 5173 2731 5229 Iamdudum
2795 5177 2892 5229 hac
2944 5178 3009 5228 de
3064 5191 3122 5229 re
3170 5179 3426 5244 gravibus

236 5273 578 5330 conquestus
608 5271 689 5316 est
716 5263 898 5318 verbis
923 5262 1242 5319 Theodorus
1275 5265 1412 5319 Bcza
1449 5268 1500 5318 in
1530 5265 1704 5334 Epist.
1728 5265 1989 5335 Theolog.
2021 5267 2182 5334 epist.
2214 5281 2251 5330 ι,
2280 5265 2345 5317 ad
2383 5264 2654 5317 Andream
2683 5264 2955 5316 Duditiuin
3005 5280 3017 5314 :
3059 5263 3427 5316 Exercuerunt

238 5375 317 5413 nte
348 5357 466 5417 diu.
503 5367 554 5410 et
592 5357 814 5410 multum
835 5358 943 5410 illa
974 5358 1120 5424 ipsa,
1147 5375 1279 5426 quas
1313 5360 1568 5414 describis
1599 5361 1960 5430 cogitationes.
1994 5359 2190 5412 scilicet
2230 5367 2437 5411 nostros
2469 5357 2710 5425 palantes
2757 5357 2895 5408 omni
2949 5357 3204 5408 doctrinis
3253 5366 3426 5414 uento.

239 5457 286 5499 et
319 5447 376 5498 in
409 5444 582 5496 altam
619 5445 876 5510 sublatos,
909 5448 1058 5498 modo
1081 5453 1146 5499 ad
1171 5446 1329 5509 Itane,
1357 5449 1510 5502 modo
1537 5450 1605 5501 ad
1634 5440 1782 5502 illam
1814 5457 2013 5516 partem
2042 5447 2258 5512 deferri.
2293 5445 2490 5498 Horum
2512 5460 2627 5513 qntc
2653 5445 2719 5496 sit
2749 5444 2901 5496 hodie
2939 5445 3001 5496 de
3036 5444 3276 5510 religione
3305 5459 3433 5494 seri-

242 5532 428 5594 teatia.
468 5531 603 5584 scire
631 5530 856 5600 fortasse
882 5535 1070 5599 possis,
1096 5533 1186 5588 sed
1207 5549 1324 5602 qua:
1356 5551 1478 5589 cras
1515 5536 1578 5589 de
1604 5538 1787 5609 eadem
1825 5540 2006 5603 futura
2035 5537 2104 5588 sit
2136 5537 2335 5603 opinio.
2385 5550 2543 5599 neque
2571 5543 2711 5585 certo
2745 5534 3004 5602 afﬁrmare
3028 5548 3210 5599 queas.
3245 5531 3307 5581 ln
3336 5546 3436 5583 auo

244 5621 457 5674 tandem
484 5619 753 5688 religionis
776 5623 949 5690 capite
985 5633 1280 5693 congruunt
1305 5625 1443 5677 inter
1464 5641 1519 5678 se
1555 5621 1826 5688 Ecclesia,
1853 5639 1974 5692 quia
2005 5621 2240 5677 Romano
2285 5618 2532 5688 Pontiﬁci
2575 5621 2767 5673 bellum
2815 5621 3151 5673 indixerunt?
3194 5620 3232 5669 Α
3266 5620 3434 5679 capite

244 5710 313 5762 ad
347 5711 545 5762 calcent
571 5707 614 5762 si
639 5723 912 5775 percurras
945 5713 1142 5778 omnia,
1185 5712 1316 5765 nihil
1346 5715 1719 5776 propemodum
1748 5715 1974 5773 reperias
2002 5714 2064 5765 ab
2098 5727 2202 5765 uno
2255 5708 2526 5776 offirmari.
2552 5709 2689 5773 quod
2722 5711 2854 5761 alter
2882 5710 3058 5761 statim
3093 5723 3191 5758 non
3223 5705 3435 5766 impiam
