4200 6432
800 426 903 485 899
1811 419 2173 479 EUTYCHII
2228 421 2459 479 ALEXA

2380 421 2638 479 XANDH
2654 425 2667 477 l
2682 420 2757 478 Nl
2817 422 3032 480 PATR.
3924 424 4032 486 900

804 550 916 587 csse
952 534 1197 585 clamitet.
1232 531 1335 585 Sed
1374 533 1629 585 audiatur
1660 532 1825 582 etiam
1868 532 2141 585 Lutlierus
2169 533 2220 585 in
2249 532 2421 600 Epist.
2466 531 2529 582 ad
2564 532 2990 600 .-\ntrerpienses
3022 549 3035 583 :
3073 531 3169 584 Tot
3221 534 3355 584 inter
3393 548 3485 585 nos
3530 531 3811 598 religiones
3867 542 4018 595 sunt,

804 630 925 686 quot
958 619 1211 682 homines,
1238 634 1400 686 neque
1432 621 1702 669 asinorum
1738 617 2013 683 quisquam
2041 626 2117 671 est
2148 626 2257 670 tam
2286 618 2473 681 hebes,
2502 629 2550 670 et
2583 635 2796 675 t'tecors.
2846 620 2935 688 qui
3002 622 3263 672 insomnia
3311 620 3513 687 proprii
3563 620 3775 686 capitis,
3818 628 3869 673 et
3909 636 4033 687 pro-

804 705 973 772 priam
1008 707 1298 773 opinionem
1330 721 1424 770 pro
1447 706 1689 755 instinctu
1721 701 1945 768 Spiritus
1975 705 2165 767 sancti,
2194 715 2242 755 et
2274 722 2328 757 se
2360 707 2525 771 ipsum
2566 708 2867 771 prophetam
2888 707 3067 760 haberi
3099 708 3247 761 nolit.

877 792 1075 855 Velim,
1109 810 1249 845 mmc
1290 792 1670 859 regrediantur
1700 807 1764 844 ex
1792 792 1980 844 inferis
2015 793 2151 845 Bcza
2194 792 2303 851 ille.
2344 802 2398 843 et
2431 793 2727 854 Luthcrus,
2765 804 2819 845 ut
2847 808 3096 859 qucenam
3137 792 3205 844 de
3234 808 3338 845 una
3366 793 3482 847 sola
3513 793 3701 861 Anglia
3732 806 3927 845 eorum
3961 792 4035 845 sit

805 881 969 932 modo
1009 878 1301 938 sententia.
1342 880 1548 931 dicant.
1591 876 1724 930 Nam
1759 880 1801 931 si
1834 887 1966 932 tunc
2006 880 2208 933 indies
2242 880 2588 947 singulorum
2646 880 2965 931 mutabatur
3020 879 3086 932 de
3128 879 3389 947 religione
3452 880 3659 948 opinio,
3705 895 3851 932 nunc
3904 894 4035 933 sane

809 969 862 1020 in
896 968 1075 1029 horas,
1108 975 1161 1018 et
1189 974 1479 1018 momenta.
1506 964 1747 1019 Turbida
1804 967 2017 1032 quidem
2057 976 2141 1019 est
2185 966 2425 1022 omnium
2468 967 2893 1019 Protestantiutu
2940 967 3140 1033 ubique
3217 976 3483 1019 terrarum
3570 981 3883 1037 synagoga;
3939 978 4033 1018 sez!

806 1054 1053 1104 omnium
1122 1051 1496 1104 turbidissima
1562 1061 1667 1113 est,
1725 1069 1884 1121 quam
1931 1054 2286 1120 Anglicanam
2348 1063 2569 1107 vocant.
2626 1053 2683 1107 lu
2741 1053 3132 1115 densissimis,
3195 1063 3249 1107 et
3322 1054 3612 1122 plusquam
3688 1052 4033 1122 [Egyptiacis

804 1140 949 1206 jacet
987 1140 1101 1213 lucc
1130 1136 1392 1203 tenebris,
1424 1138 1515 1191 ubi
1548 1154 1665 1191 eam
1718 1140 1989 1207 palpaudo
2020 1156 2083 1193 ex
2138 1150 2357 1193 senatus
2420 1142 2639 1194 decreto
2686 1140 2976 1208 quaeritant
3005 1140 3237 1191 ministri
3296 1155 3358 1193 ac
3393 1139 3648 1207 theologi,
3706 1150 3760 1193 et
3822 1153 4028 1205 nequa-

810 1242 972 1293 quam
1027 1227 1273 1279 invenire
1335 1226 1601 1279 hactenus
1666 1238 1982 1293 potuerunt,
2032 1228 2125 1281 sed
2176 1229 2403 1280 confusa
2483 1244 2606 1281 vera
2669 1243 2811 1281 verte
2872 1226 3128 1279 Ecclesiae
3186 1228 3395 1294 lingua,
3452 1226 3682 1293 lapides,
3738 1234 3799 1277 ut
3858 1226 4030 1284 aiunt,

811 1328 907 1379 pro
966 1320 1252 1377 cmmento,
1308 1322 1361 1366 et
1424 1314 1523 1365 hoc
1588 1329 1683 1380 pro
1744 1314 2009 1382 lapidibus
2072 1315 2121 1364 in
2172 1314 2309 1365 turri
2368 1315 2465 1367 hac
2524 1316 2816 1382 Attglicatta
2882 1314 3013 1368 a'ter
3054 1313 3205 1366 alteri
3249 1313 3493 1383 porrigit.
3546 1311 4034 1380 Quamobremlmi

810 1398 1043 1456 S.sldcne

1284 1517 1393 1573 Nec
1426 1528 1471 1573 te
1496 1521 1796 1584 quasiveris
1826 1529 1997 1573 extra.

810 1628 939 1680 Nam
975 1648 985 1681 :
1023 1628 1081 1683 Si
1110 1631 1275 1685 patuit
1303 1633 1521 1684 evadere
1549 1633 1845 1697 quisquam,
1879 1632 2049 1690 inquit
2087 1631 2124 1681 D
2154 1630 2457 1699 Cyprianus
2488 1628 2558 1682 De
2597 1631 2727 1682 unit.
2754 1629 2948 1682 Ifccles.
2983 1629 3141 1691 libro,
3174 1631 3261 1698 qui
3296 1642 3445 1682 extra
3476 1644 3652 1679 arcam
3690 1624 3803 1679 Noe
3835 1625 3958 1691 fuit.
3981 1628 4034 1676 el

807 1718 894 1782 qui
920 1727 1070 1769 extra
1103 1715 1390 1771 Ecclesiam
1426 1718 1556 1784 [oris
1592 1717 1768 1784 fuerit,
1798 1717 2011 1777 evadit;
2052 1730 2193 1768 stare
2238 1726 2293 1769 tu
2320 1719 2594 1788 (Seldcnc)
2627 1730 2675 1771 et
2714 1720 2881 1773 vivere
2918 1728 3073 1786 putas
3118 1735 3269 1782 posse
3296 1721 3360 1771 de
3391 1718 3628 1771 Ecclesia
3687 1716 4032 1779 recedentem,

810 1804 956 1855 sedes
988 1806 1080 1857 tibi
1112 1805 1273 1866 alias,
1306 1815 1353 1855 et
1379 1804 1586 1856 diversa
1628 1805 1902 1857 donticilia
1934 1805 2240 1857 condentent
2268 1804 2292 1856 Σ)

883 1890 1053 1943 Porro
1077 1893 1297 1958 quinam
1322 1891 1765 1944 adversariorum
1802 1908 2001 1958 scopus
2060 1900 2161 1951 cst,
2222 1892 2347 1943 dum
2388 1891 2456 1941 de.
2518 1894 2958 1961 presbyterorum
3013 1903 3067 1947 et
3122 1895 3503 1962 episcoporum
3557 1893 3889 1960 aequalitate,
3944 1897 4036 1943 aut

811 1977 1196 2046 inaequalitate.
1231 1977 1314 2031 vel
1344 1978 1662 2031 discrimine
1694 1978 1977 2030 nobiscum
2012 1977 2420 2046 diglacliantur?
2448 1987 2502 2031 et
2536 1997 2798 2048 quorsum
2846 1983 3171 2036 collimaut?
3210 1982 3444 2035 fortasse
3480 1980 3900 2048 percolitabitur
3931 1978 4025 2031 hic

810 2078 1121 2127 nonnemo;
1154 2080 1276 2119 eum
1310 2066 1409 2134 ipsi
1450 2082 1546 2119 nec
1570 2066 1915 2135 presbyteros
1949 2066 2209 2131 habeant,
2246 2081 2345 2119 nec
2392 2067 2701 2137 episcopos,
2755 2070 3011 2136 aequales,
3065 2068 3149 2122 vel
3203 2067 3525 2137 inaequales,
3583 2074 3676 2121 aut
3727 2067 4034 2120 secundum

811 2167 1193 2220 quamcunque
1221 2153 1380 2205 aliam
1419 2154 1644 2221 liguram
1676 2154 2085 2221 geometricam.

883 2238 1027 2292 Sane
1058 2241 1238 2294 nullus
1274 2240 1415 2293 alios
1441 2256 1643 2309 scopus
1674 2242 1781 2296 illis
1809 2257 1929 2296 esse
1964 2243 2198 2304 videtur,
2230 2251 2319 2295 aut
2354 2242 2513 2305 ratio,
2551 2258 2712 2311 quam
2743 2243 2854 2309 ipsa
2890 2242 3126 2307 insania,
3173 2256 3228 2307 et
3275 2242 3446 2297 libido
3488 2243 3574 2295 illa
3618 2240 3878 2296 Ecclesia:
3926 2240 4039 2291 Ro.

812 2341 984 2379 mante
1017 2326 1512 2398 impugnandorum
1545 2328 1883 2398 dogmatum.
1935 2326 2043 2381 Nec
2090 2328 2282 2394 puduit
2342 2329 2638 2382 Lutherum
2698 2330 2801 2383 hoc
2863 2340 3049 2399 aperte
3109 2331 3264 2385 lateri
3333 2340 3464 2385 tom.
3502 2328 3538 2380 V
3580 2329 3711 2382 edit.
3760 2327 4038 2387 Wittem..

813 2428 941 2467 ann.
976 2414 1134 2473 ιεει.
1178 2416 1271 2469 fol.
1306 2416 1410 2468 47ῖὶ
1438 2434 1451 2470 :
1492 2415 1690 2469 Doctor
1712 2416 1975 2469 Martinus
2001 2416 2194 2470 Lutlter
2223 2418 2329 2470 vult
2360 2418 2435 2470 sic
2456 2419 2668 2476 habere.
2699 2429 2746 2470 et
2779 2420 2909 2470 dicit
2933 2421 3201 2485 papistam
3248 2429 3297 2471 et
3332 2420 3540 2471 asinum
3569 2432 3680 2469 esse
3714 2432 3821 2468 rem
3852 2432 4037 2467 unam.

812 2502 901 2555 Sic
928 2502 1063 2557 solo.
1090 2504 1163 2555 sic
1184 2502 1366 2570 jubeo,
1396 2504 1463 2554 sit
1496 2520 1589 2570 pro
1620 2503 1823 2555 ratione
1847 2503 2109 2555 voluntas.
2146 2504 2317 2555 Aliam
2350 2519 2568 2571 quaque.
2613 2504 2768 2556 achrt
2817 2506 2893 2557 rei
2946 2506 3108 2567 huius
3159 2519 3380 2557 causam
3430 2513 3575 2556 tomo
3610 2501 3677 2555 IV
3733 2502 3866 2555 edit.
3923 2500 4038 2554 leu.

816 2589 909 2644 l‘nl.
934 2590 1058 2652 245,
1094 2599 1201 2641 tam
1235 2589 1301 2642 dc
1326 2604 1403 2651 se,
1447 2605 1605 2657 quam
1642 2592 1706 2643 de
1740 2592 1854 2644 suis
1882 2591 2110 2659 loquens
2139 2609 2154 2644 :
2190 2593 2295 2645 Nos
2333 2610 2363 2644 a
2395 2593 2626 2652 diabolo,
2662 2593 2861 2659 inquit,
2899 2593 3130 2656 captivos
3173 2593 3357 2653 teneri,
3388 2590 3545 2643 veluti
3577 2607 3607 2641 a
3644 2590 3931 2656 principe;
3975 2604 4040 2638 ac

814 2676 921 2730 Deo
959 2687 1156 2740 nostro,
1182 2684 1240 2728 ut
1274 2694 1524 2745 cogamur
1549 2676 1718 2743 facere
1740 2679 1991 2746 quidquid
2021 2681 2128 2744 ipse
2158 2681 2285 2743 vult,
2320 2680 2565 2742 nobisque
2625 2680 2875 2739 inspirat.
2911 2678 2976 2730 Et
3000 2680 3090 2745 qui
3124 2690 3462 2738 sanctorum,
3489 2692 3551 2728 ac
3584 2677 3847 2729 bonorum
3876 2690 4042 2741 ange-

814 2762 989 2814 lorum
1029 2761 1429 2813 invocationem
1463 2769 1521 2813 ut
1556 2761 1953 2813 idololatricam
1994 2762 2203 2821 habuit.
2241 2777 2414 2827 coque
2439 2765 2659 2818 nomine
2697 2766 2842 2817 illam
2879 2781 2907 2816 c.
2939 2765 3175 2817 tidelium
3212 2766 3494 2824 memoria,
3519 2770 3573 2815 et
3601 2773 3778 2815 mente
3798 2762 4037 2816 evellere

812 2850 1065 2903 omnibus
1096 2848 1375 2901 comendit
1414 2848 1622 2908 nervis,
1660 2848 1711 2901 in
1747 2850 1866 2902 suis
1901 2857 2079 2901 tamen
2115 2850 2407 2915 colloquiis
2448 2852 2545 2905 fol.
2578 2853 2631 2913 5,
2671 2854 2757 2914 l8,
2789 2868 2841 2903 ct
2876 2853 2993 2910 1⁸24.
3024 2854 3336 2906 exclamare
3383 2868 3491 2906 non
3544 2852 3756 2905 horruit
3795 2869 3808 2902 :
3840 2848 4037 2903 Sancte

816 2933 1004 2997 Satan,
1034 2952 1127 2988 ora
1158 2952 1251 3004 pro
1287 2936 1435 2989 nobis
1468 2952 1483 2989 :
1514 2936 1727 2988 minime
1749 2946 1921 2988 tamen
1951 2946 2131 2990 contra
2164 2946 2211 2988 te
2238 2941 2582 3004 peccavimus,
2612 2940 3007 2992 clementissime
3039 2940 3262 2991 diabole.

890 3022 1076 3075 Jacobi
1110 3021 1395 3075 laboravit
1432 3022 1571 3074 alius
1612 3022 1714 3075 fuit
1751 3038 1971 3089 sc0pus,
2010 3024 2137 3076 dum
2172 3024 2224 3077 in
2257 3023 2630 3091 Responsione
2658 3026 2721 3077 ad
2758 3026 2966 3078 Nodum
2998 3026 3258 3078 Gordium
3289 3023 3502 3078 Martini
3537 3023 3812 3092 Smiglccii
3849 3021 4041 3075 Socie-

818 3114 948 3165 tatis
980 3110 1109 3165 Jcsu
1137 3113 1366 3179 probare
1400 3112 1615 3174 nititur,
1648 3113 2024 3180 presbyterum
2089 3120 2142 3166 et
2173 3114 2494 3180 episcopum
2519 3112 2642 3180 jure
2691 3111 2878 3164 divino
2928 3111 3177 3165 eumdem
3234 3126 3377 3173 esse,
3420 3111 3700 3174 solumque
3734 3119 4043 3162 consuetu-

816 3200 943 3253 diue
978 3200 1231 3252 Ecclesia:
1265 3199 1545 3253 inductum
1579 3214 1722 3258 esse.
1764 3208 1822 3251 ut
1854 3200 2123 3252 ordinatio
2153 3201 2452 3265 pertineret
2487 3199 2550 3250 ad
2582 3198 2925 3267 episcopum.
2956 3197 3107 3262 Quod
3151 3198 3370 3265 quidem
3402 3198 3684 3250 contendit
3717 3197 3788 3266 ad,
3808 3213 4040 3251 suorum

820 3288 1196 3341 ministrorum
1235 3286 1529 3351 legitimam
1568 3287 1884 3340 missionem
1917 3286 2433 3349 demonstrandam;
2474 3285 2600 3353 quia
2630 3300 2753 3337 cum
2788 3284 3071 3353 presbyter
3105 3284 3207 3335 rite
3239 3284 3523 3336 ordinatus
3554 3293 3697 3337 esset
3726 3283 3958 3345 Luther,
3984 3294 4044 3335 ut

824 3373 917 3431 ait.
946 3374 1086 3425 alios
1116 3386 1333 3439 quoque
1362 3372 1641 3425 ministros
1662 3372 1785 3437 jure
1818 3373 2073 3425 ordinare
2100 3380 2335 3441 poterat,
2364 3383 2529 3441 atque
2559 3370 2794 3422 mittere.
2828 3369 2971 3419 Idem
2998 3368 3243 3422 sentiunt
3278 3368 3461 3433 plures
3495 3369 3586 3421 alii
3634 3369 4040 3423 Protestanles.

823 3458 928 3513 Sed
963 3473 1123 3524 quam
1156 3458 1409 3521 feliciter,
1437 3466 1490 3511 et
1532 3475 1659 3513 vere
1688 3460 1736 3511 id
1771 3459 2023 3526 probant,
2052 3459 2375 3513 doctissime
2413 3458 2652 3512 ostendit
2684 3472 2809 3510 mox
2856 3457 3109 3508 laudatus
3145 3455 3470 3523 Smiglecius
3498 3528 3499 3531 η
3527 3456 3657 3508 totis
3700 3455 3922 3507 duobus
3974 3454 4045 3506 li-

822 3548 935 3601 bris
975 3547 1041 3600 de
1072 3546 1447 3599 ministrorum
1488 3547 1631 3600 uotis
1656 3556 1845 3600 contra
1872 3546 2157 3600 Zaborovii
2212 3546 2641 3614 Responsionem
2677 3544 2742 3597 ad
2788 3542 2997 3596 Nodum
3045 3542 3328 3607 Gordium,
3384 3550 3439 3597 ct
3489 3543 3789 3611 praesertim
3842 3542 3939 3595 lib.
4003 3558 4041 3603 ι,

822 3648 942 3697 cap.
974 3633 1027 3692 9,
1068 3646 1187 3699 pag.
1223 3630 1313 3682 66.

893 3719 1197 3772 Cnnvenire
1234 3728 1410 3769 tamen
1440 3716 1691 3785 videntur
1715 3731 1926 3776 omnes,
1954 3715 2221 3781 cujusque
2262 3715 2479 3782 generis
2520 3725 2573 3766 et
2601 3712 2790 3766 larinze
2820 3714 3213 3775 Proh-stantes,
3242 3716 3334 3784 qui
3368 3714 3734 3769 Ecclesiarum
3764 3715 3955 3781 bonis,
3993 3727 4043 3767 et

825 3806 1176 3860 facultatibus
1202 3804 1387 3872 lupino
1409 3804 1688 3856 inhiarunt
1716 3818 1932 3871 semper
1956 3818 2073 3864 ore,
2102 3802 2294 3854 fortem
2322 3801 2651 3869 alligandum
2688 3803 2837 3868 prius
2868 3818 3009 3865 esse,
3044 3812 3155 3853 tum
3181 3816 3309 3855 rasa
3341 3802 3535 3854 domus
3564 3801 3681 3867 ejus
3709 3802 4043 3869 diripienda.

823 3896 1058 3959 Quinam
1090 3903 1268 3945 autem
1296 3893 1367 3943 sit
1400 3891 1555 3945 fortis
1593 3893 1723 3955 iste,
1747 3896 1838 3958 qui
1874 3894 1925 3944 in
1960 3892 2177 3960 specula
2207 3891 2462 3945 Ecclesia:
2488 3886 2692 3942 Christi
2722 3890 2935 3955 positus
2967 3889 3210 3955 invigilat
3236 3889 3408 3955 gregi,
3445 3889 3687 3941 declarat
3735 3889 3897 3941 nobis
3942 3890 4045 3941 do-

824 3982 1011 4034 ctrinae
1041 3980 1354 4046 apostolica:
1392 3980 1562 4047 Syrus
1596 3979 1887 4046 interpres.
1917 3979 2169 4045 quisquis
2201 3979 2285 4030 ille
2315 3978 2439 4039 fuit,
2480 3992 2757 4042 exponens
2794 3979 2906 4031 haec
2967 3977 3272 4031 Ezechielis
3321 3991 3442 4044 cap.
3469 3991 3643 4029 nam
3676 3991 3820 4027 vers.
3876 3976 3936 4037 9.,
3991 3978 4042 4037 3,

822 4067 987 4121 verba
1020 4084 1036 4121 :
1066 4066 1255 4126 Terra,
1280 4081 1396 4117 cum
1429 4064 1684 4117 induxere
1715 4081 1867 4129 super
1900 4082 2014 4117 eam
2048 4064 2310 4134 gladium,
2336 4074 2384 4118 et
2419 4064 2595 4117 tulerit
2629 4065 2851 4130 populus
2888 4075 3042 4117 terrm
3070 4065 3239 4118 virum
3266 4080 3427 4116 unum
3452 4062 3517 4116 de
3560 4062 3859 4116 novissimis
3902 4066 4043 4126 suis,

822 4163 870 4207 et
902 4153 1224 4205 constituerit
1251 4169 1366 4204 eum
1394 4168 1550 4218 super
1584 4169 1636 4205 se
1659 4155 2056 4213 speculatorem,
2090 4162 2196 4204 etc.

896 4236 1115 4291 Gladius
1148 4239 1322 4305 itaque
1354 4247 1428 4289 est
1468 4236 1750 4305 judicium,
1786 4236 2020 4289 Bucciua
2048 4248 2221 4290 autem
2257 4237 2627 4307 Evangelium.
2687 4236 3001 4298 Speculator
3051 4254 3168 4291 vero
3205 4237 3513 4305 Episcopus,
3570 4238 3659 4305 qui
3712 4240 4044 4305 pra'pouitur

825 4324 1097 4379 Ecclesiw.
1134 4325 1271 4377 Ilinc
1299 4325 1435 4377 satis
1467 4326 1713 4393 apposite
1750 4332 1857 4376 tam
1890 4325 1941 4376 in
1980 4325 2201 4378 laudata
2238 4325 2490 4377 Dcctrina
2521 4325 2856 4392 Apostolica,
2890 4340 3053 4390 quam
3091 4326 3221 4378 alibi
3270 4327 3472 4392 passim
3504 4324 3857 4391 appellitatur
3886 4325 4043 4398 Syris

822 4413 1107 4482 episcopus
1141 4410 1252 4464 Rob
1308 4410 1489 4475 Boito,
1526 4413 1759 4473 scilicet,
1797 4412 2052 4479 Magister
2086 4413 2401 4479 prapositus
2435 4421 2483 4465 et
2516 4412 2796 4477 prrrfectus
2830 4412 3037 4468 domus.
3092 4429 3410 4471 mconamus,
3441 4412 3776 4478 dispensator
3803 4423 3860 4466 et
3890 4415 4043 4477 ejus-

823 4497 988 4553 modi.
1020 4498 1253 4550 Chaldaai
1284 4496 1672 4551 Orientaliores
1699 4512 1896 4550 vocare
1924 4499 2105 4550 solent
2137 4499 2448 4565 episcopum
2482 4497 2768 4556 Gltizabra.
2806 4514 2996 4565 nempe
3044 4499 3234 4551 Custos
3264 4497 3535 4554 Thesauri.
3576 4496 3874 4565 Prcefectus
3897 4516 4042 4553 aera-

823 4586 910 4638 rii.
960 4583 1111 4637 Ilunc
1139 4585 1320 4651 itaque
1352 4584 1691 4652 magistrum,
1722 4585 2074 4651 praepositum
2118 4592 2169 4637 et
2195 4585 2507 4650 praefectum
2540 4586 2733 4637 domus
2759 4603 2773 4644 ς
2806 4586 2946 4637 hunc
2976 4600 3313 4638 meonnmum
3336 4593 3389 4637 et
3404 4584 3869 4649 ilisrensatot'em:
3902 4586 4045 4639 hunc

825 4671 1102 4725 custodem
1129 4670 1405 4743 thesauri;
1438 4670 1581 4725 hunc
1612 4669 1920 4737 pra-fectum
1945 4670 2118 4722 a-rarii
2148 4654 2502 4738 alligandum,
2528 4671 2920 4737 expel'eudum,
2942 4669 3288 4736 ejiciendum.
3314 4670 3777 4723 exterminandum
3804 4680 4036 4725 censent

827 4758 1104 4826 :eligionis
1154 4758 1342 4823 nuperi
1383 4757 1764 4809 reformatores
1798 4756 1905 4813 (sic
1931 4754 2075 4807 cnim
2112 4754 2215 4808 dici
2251 4764 2474 4822 amant;
2511 4758 2602 4811 sed
2631 4757 2812 4809 verius
2842 4755 3289 4823 deformatores),
3323 4763 3379 4807 ut
3406 4756 3470 4808 ad
3505 4755 3642 4809 bona
3672 4756 4042 4813 Ecclesiarum

829 4845 1043 4897 facilius
1073 4842 1371 4909 diripienda
1402 4849 1579 4909 pateat
1611 4842 1717 4894 illis
1746 4842 1946 4893 aditus.
2561 4867 2584 4892 ι.

898 4929 1160 4985 Claudius
1191 4926 1493 4982 Salmasius
1525 4929 1582 4982 in
1630 4942 1731 4981 suo
1760 4929 2029 4995 Apparatu
2060 4943 2124 4981 ae
2154 4930 2384 4993 primatu
2415 4944 2583 4997 papa',
2604 4930 2743 4983 hanc
2769 4928 3011 4991 herbam,
3056 4941 3249 4994 nempe
3273 4927 3665 4997 episcopatum,
3702 4928 4043 4984 evellenda:

826 5017 1088 5071 radicitus
1109 5014 1288 5074 vellet,
1326 5014 1468 5083 quod
1500 5030 1564 5067 ex
1602 5014 1690 5066 illa
1730 5014 1954 5081 pullulat
1986 5025 2238 5083 papatus,
2274 5018 2368 5084 qui
2400 5026 2460 5069 ut
2497 5016 2826 5070 Christiana
2896 5029 2959 5067 ac
2988 5012 3277 5067 catholica
3306 5014 3611 5081 religionis,
3645 5014 4045 5083 dignitatisque

830 5118 1078 5159 summus
1109 5107 1193 5154 est
1226 5114 1362 5169 apex
1395 5108 1451 5153 et
1480 5100 1799 5161 auctoritas,
1842 5102 1914 5154 ita
1950 5102 2337 5155 invadentibus
2374 5103 2520 5170 lupis
2562 5101 2903 5155 fortissimus
2933 5100 3097 5153 obes.

904 5188 1075 5243 Porro
1108 5186 1253 5255 quod
1290 5186 1661 5246 miseratione,
1693 5188 1805 5241 imo
1835 5188 2130 5243 uberrimis
2160 5190 2414 5259 laerymis
2448 5190 2671 5258 dignum
2704 5197 2784 5241 εει
2813 5228 2827 5251 ,
2895 5186 2940 5239 si
2984 5185 3114 5254 quid
3149 5184 3485 5262 ambiguum,
3523 5184 3607 5237 vel
3638 5184 3805 5252 paulo
3846 5187 4041 5242 obscu-

833 5278 952 5329 rius
984 5275 1125 5343 apud
1154 5271 1346 5327 Patres
1377 5283 1429 5327 et
1459 5273 1759 5341 scriptores
1792 5274 2054 5337 occurrit,
2107 5274 2159 5328 id
2193 5275 2296 5329 sibi
2326 5276 2605 5331 asciscant
2641 5272 2965 5337 adversarii,
2998 5286 3063 5325 ac
3092 5271 3207 5325 suis
3236 5271 3617 5340 paralogismis
3650 5272 3706 5324 in
3744 5270 4043 5329 Ecclesium

828 5360 1155 5415 catholicam
1190 5358 1326 5413 illud
1363 5359 1682 5428 intorquent
1701 5369 1754 5414 et
1782 5360 2104 5423 abutuntur,
2139 5361 2315 5429 ipsum
2348 5378 2478 5416 vero
2509 5371 2789 5416 auctorem
2822 5363 2888 5415 ad
2924 5369 3067 5413 astra
3101 5374 3277 5428 usque
3304 5357 3537 5413 ederunt
3569 5358 3845 5414 laudibus.
3881 5360 4045 5416 Eum-

828 5448 951 5501 dem
983 5459 1136 5510 vero,
1183 5460 1304 5497 cum
1338 5445 1410 5498 ita
1448 5446 1592 5498 clare
1635 5461 1698 5499 ac
1747 5446 1907 5515 plane
1937 5440 2201 5515 loquitur,
2232 5456 2293 5500 ut
2320 5463 2510 5503 eorum
2548 5458 2700 5503 recta
2728 5456 2784 5503 et
2817 5436 2997 5501 valide
3032 5447 3195 5500 feriat
3226 5455 3557 5507 commenta,
3615 5460 3714 5499 nec
3740 5446 3867 5513 ejus
3897 5450 4044 5501 testi-

830 5533 1008 5585 monia
1047 5530 1261 5599 possint
1291 5530 1357 5583 ad
1393 5531 1673 5585 libidinem
1701 5540 2049 5601 extorquere,
2105 5534 2369 5588 deserunt
2419 5538 2628 5601 statim,
2663 5537 2989 5606 ignorantia:
3023 5534 3352 5589 insimulare
3389 5533 3589 5586 audent
3621 5540 3676 5585 et
3709 5536 4042 5586 contrariam

828 5617 1085 5671 occinunt
1115 5616 1465 5671 cantilenam.
1526 5618 1705 5673 Semel
1758 5620 2026 5687 scriptum
2076 5621 2299 5689 reliquit
2331 5621 2392 5678 D.
2426 5621 2799 5691 Hieronymus
2836 5623 2889 5675 in
2926 5619 3167 5689 Epistula
3200 5622 3265 5671 ad
3304 5617 3621 5687 Evagrium,
3655 5632 3781 5685 qua
3810 5628 3897 5672 est
3928 5621 4040 5673 85:

830 5702 972 5769 Quid
1003 5706 1139 5757 enim
1168 5704 1321 5771 facit,
1347 5713 1562 5772 excepta
1590 5705 1939 5769 ordinatione,
1970 5707 2267 5775 episcopus,
2301 5711 2439 5775 quod
2487 5712 2755 5779 presbyter
2785 5726 2884 5761 non
2922 5708 3135 5775 faciat!
3168 5703 3299 5769 Quae
3332 5704 3498 5758 verba
3536 5704 3641 5757 etsi
3671 5703 3825 5756 clare
3852 5713 4041 5757 osten-

827 5789 963 5845 dant
991 5791 1081 5846 illa
1110 5792 1431 5861 exceptione
1462 5793 1746 5861 utriusque
1780 5794 1987 5851 ordinis
2021 5795 2460 5857 distinctionem.
2496 5797 2852 5853 nihilo-uiuus
2909 5808 3097 5848 ansam
3132 5790 3485 5856 arripuerunt
3538 5786 3663 5841 inde.
3716 5786 4035 5850 adversarii,
