4200 6432
167 411 269 473 sat
1617 406 1976 469 MNALES.
3309 411 3414 473 9.02

170 531 383 598 integra
435 527 759 584 conﬁciendi
796 527 1095 588 volumina,
1132 525 1332 596 quibus
1364 524 1598 594 probare
1631 521 1976 587 adnituntur,
2014 522 2334 591 episcopum
2391 535 2497 574 non
2529 534 2653 576 esse
2687 520 3003 590 presbytero
3044 518 3412 588 superiorem.

172 618 513 684 Loquentem
578 630 706 668 vero
755 615 1006 669 euntdem
1060 613 1449 682 Hieronymum
1504 612 1811 665 clarissime
1865 610 1931 662 de
1965 611 2068 664 hoc
2119 610 2442 665 discrimine
2473 620 2527 664 et
2558 613 2974 666 successionum
3013 609 3414 679 episcopalium

170 706 370 756 seriem
413 717 537 754 cum
573 701 696 756 aliis
727 701 981 754 Patribus
1013 702 1082 754 ab
1111 702 1229 769 ipso
1286 699 1656 766 apostolorum
1691 712 1806 749 :evo
1854 708 2190 767 repetentem
2245 698 2325 750 sic
2359 697 2556 765 excipit
2589 698 2915 759 Salmasius,
2951 699 3004 752 in
3041 699 3322 768 Apparatu
3349 696 3414 767 de

169 794 410 858 primatu
445 805 617 857 papw,
653 804 776 857 pag.
807 789 896 850 55,
928 803 1134 857 eosque
1168 802 1397 841 summa:
1431 798 1478 840 et
1518 800 1722 838 erasure
1757 785 2038 839 insimulat
2081 787 2402 853 ignorantia:
2433 803 2446 840 :
2493 785 2625 846 (tuis
2660 803 2761 858 non
2819 786 2983 849 videt,
3040 787 3239 853 inquit.
3304 786 3412 853 Pa-

175 891 276 932 tres
305 879 435 930 dum
474 894 570 930 sua
611 888 845 944 tempora
884 877 998 930 sola
1033 878 1337 942 respiciunt,
1369 877 1559 945 quibus
1595 875 1820 941 episcopi
1867 875 1919 925 in
1961 873 2181 939 singulis
2230 873 2450 925 urbibus
2490 875 2778 940 regnabant
2808 874 3134 940 presbyterio
3169 874 3410 941 superio-

177 984 275 1023 res,
309 974 528 1029 putasse
558 981 589 1015 a
619 966 882 1033 principio
915 981 1022 1016 rem
1056 964 1130 1015 ita
1164 964 1378 1031 fuisse?
1418 963 1537 1029 Ipse
1575 961 1933 1033 "ierottyttttts
1969 961 2262 1027 aliquando
2289 977 2463 1013 errore
2491 962 2592 1013 isto
2639 963 2902 1014 communi
2935 962 3184 1024 abreptus
3236 960 3417 1020 depre-

179 1055 429 1106 henditur
450 1053 840 1106 successionum
870 1052 1241 1118 episcopalium
1267 1055 1329 1104 ab
1355 1052 1712 1116 apostolorum
1743 1060 1966 1116 tempore
1989 1051 2478 1109 repete-adamat".
2504 1053 2575 1103 lle
2595 1053 2714 1118 ipso
2738 1067 2862 1104 vero
2883 1050 3100 1102 Soldcni
3127 1048 3413 1115 Eutychio,

177 1143 353 1207 deque
377 1141 634 1192 Patrtbus
662 1139 868 1192 Grzrris
901 1149 956 1192 et
986 1137 1215 1198 Latinis,
1242 1139 1331 1191 sic.
1365 1155 1484 1204 pag.
1507 1138 1569 1191 87
1603 1140 1792 1204 :Quod
1821 1139 2107 1205 I'Iutgcbius
2141 1139 2377 1197 ursi-irit,
2403 1140 2486 1192 cui
2524 1140 2660 1191 idem
2691 1155 2786 1190 usu
2819 1139 2973 1199 venit,
3002 1141 3140 1207 quod
3173 1137 3415 1188 omnibus

179 1227 342 1293 {erute
377 1229 726 1290 scriptoribus
766 1226 1139 1279 ecclesiasticis
1183 1224 1405 1287 Cra'cis,
1444 1225 1768 1289 Latinisque,
1815 1238 1868 1276 ut
1911 1227 2033 1277 dum
2068 1243 2211 1279 more
2268 1228 2350 1278 sui
2390 1230 2636 1295 temporis
2687 1236 2944 1296 spectant,
2985 1242 3017 1276 a
3045 1225 3304 1293 principio
3338 1223 3416 1274 sic

179 1331 386 1382 semper
418 1315 584 1382 fuisse
609 1314 991 1368 existimarent.
1033 1313 1159 1365 inde
1185 1314 1535 1366 successiones
1567 1325 1615 1366 et
1643 1314 1870 1380 origines
1888 1314 2243 1378 episcoporum
2277 1315 2570 1379 repetittu'a
2605 1314 2926 1375 temporibus
2957 1311 3342 1378 apostolorum.
3410 1359 3412 1362 ,

257 1400 418 1467 Vide,
451 1405 638 1465 sodes,
671 1411 932 1468 quantam
966 1400 1150 1460 fidem,
1203 1409 1574 1466 quantamque
1629 1401 2010 1452 auctoritatem
2046 1402 2298 1452 trilmunt
2331 1400 2633 1453 adversarii
2678 1401 2932 1454 Pati-ibus
2963 1411 3017 1450 ct
3052 1396 3414 1464 scriptoribus

179 1499 230 1544 et
264 1506 378 1559 quo
413 1505 508 1544 eos
552 1491 753 1544 habent
793 1490 846 1541 in
876 1489 1074 1556 pretio,
1109 1477 1322 1557 quoties
1355 1488 1470 1541 suis
1507 1487 1842 1540 lCSliIIttmiiS
1879 1503 2066 1540 eorum
2123 1488 2430 1556 inl‘ringnnt
2466 1499 2773 1540 commenta
2805 1498 2859 1542 et
2911 1485 3126 1540 libidini
3182 1497 3290 1536 non
3329 1497 3417 1534 as-

186 1578 533 1632 sentiuntur.
581 1576 676 1628 Ilic
710 1576 844 1628 satis
873 1575 1118 1640 apposite
1156 1576 1391 1642 quadrat
1419 1571 1690 1626 Sulmasio
1725 1575 1852 1626 illud
1890 1573 1950 1625 Ι).
1987 1576 2273 1639 Augustini
2303 1577 2396 1631 lib.
2433 1591 2490 1638 ll,
2531 1573 2732 1628 Contra
2768 1573 3066 1626 Faustum:
3101 1571 3179 1625 Tu
3207 1587 3260 1625 es
3295 1584 3418 1638 ergo

181 1663 367 1732 regula
402 1666 637 1716 caritatis
663 1677 682 1715 :
726 1662 983 1730 quidquid
1016 1672 1201 1713 contra
1235 1669 1281 1713 te
1313 1661 1475 1727 fuerit
1511 1676 1610 1712 non
1642 1670 1717 1712 est
1772 1676 1946 1712 rerum
1977 1663 2001 1714 ?
2060 1661 2121 1713 Et
2154 1662 2206 1714 id
2239 1663 2381 1713 aliud
2415 1663 2508 1715 lib.
2549 1677 2724 1723 xxx",
2763 1677 2886 1729 cup.
2923 1662 3010 1723 i9,
3045 1671 3232 1714 contra
3264 1672 3419 1710 eum-

180 1751 330 1812 dem,
363 1751 621 1804 erunibus
652 1749 1096 1803 Prom-stantibus
1126 1764 1138 1800 :
1207 1747 1400 1800 Videtis
1430 1763 1573 1806 ergo.
1625 1748 1677 1799 id
1712 1762 1795 1799 vos
1828 1764 2002 1815 agere,
2042 1758 2096 1799 ut
2132 1749 2307 1800 omnis
2369 1748 2432 1800 de
2481 1751 2651 1802 medio
2695 1747 3097 1817 Scripturarum
3141 1745 3420 1810 auferatur

179 1839 478 1891 auctoritas
513 1849 562 1891 et
590 1840 774 1906 cuique
798 1837 1006 1889 animus
1039 1847 1224 1889 auctor
1257 1838 1346 1897 sit,
1381 1836 1506 1904 quid
1531 1836 1581 1886 in
1615 1850 1925 1902 unaquaque
1961 1835 2236 1905 Scriptura
2283 1836 2502 1905 probet:
2571 1838 2624 1888 id
2671 1847 2768 1899 est,
2825 1846 2882 1889 ut
2935 1852 3039 1888 non
3100 1832 3416 1886 auctoritati

176 1924 584 1992 Scripturarum
616 1924 940 1991 subjiciatur
979 1927 1046 1975 ad
1079 1925 1281 1990 ﬁdem;
1337 1923 1425 1974 scd
1458 1924 1556 1972 sibi
1605 1918 1913 1989 Scripturas
1950 1925 2060 1991 ipse
2108 1924 2381 1987 subjiciat,
2423 1941 2524 1976 non
2566 1913 2619 1975 ut
2666 1925 2781 1976 ideo
2814 1924 2896 1976 illi
2931 1924 3138 1989 placeat
3186 1919 3417 1986 aliquid,

173 2016 299 2080 quia
335 2015 509 2068 hocin
542 2015 756 2067 sublimi
788 2015 1114 2066 auctoritate
1146 2014 1402 2080 scriptum
1438 2013 1652 2081 legitur,
1704 2011 1792 2065 sed
1825 2012 1940 2066 ideo
1974 2025 2112 2066 recte
2146 2014 2403 2080 scriptum
2436 2012 2705 2077 rideatur,
2752 2013 2880 2064 auia
2931 2011 3026 2063 ltoc
3079 2008 3160 2062 illi
3191 2006 3420 2076 placuit.

175 2101 292 2166 Quo
324 2113 374 2156 te
400 2104 707 2167 committis,
730 2103 911 2175 anima
943 2101 1131 2153 misera
1161 2102 1183 2154 ?
2742 2099 2744 2101 ’

243 2215 316 2267 At
352 2215 396 2268 si
429 2215 620 2269 Patres
651 2222 705 2268 et
737 2213 1102 2284 Hieronymus
1136 2214 1252 2280 ipse
1304 2227 1402 2265 sua
1438 2222 1757 2279 spectarunt
1794 2214 1911 2266 sola
1951 2223 2224 2281 tempora,
2279 2214 2523 2281 micaque
2554 2215 2936 2268 existimarunt
2975 2226 3004 2264 a
3041 2209 3308 2279 principio
3343 2209 3422 2262 sic

175 2318 395 2371 semper
446 2303 651 2365 fuisse,
692 2316 799 2369 qua
831 2300 1010 2353 fronte
1057 2300 1244 2352 Patres
1276 2307 1383 2352 tam
1410 2299 1647 2361 Graecos,
1668 2314 1828 2365 quam
1853 2300 2076 2355 Latinos
2107 2311 2160 2355 et
2189 2301 2574 2371 Hieronymum
2630 2318 2785 2370 psum
2822 2315 2851 2354 a
2883 2301 2998 2356 suis
3015 2309 3157 2353 stare
3177 2295 3419 2364 partibus

174 2406 272 2462 pro
304 2393 690 2459 episcoporum
724 2398 779 2443 et
811 2390 1254 2458 presbyterorum
1287 2389 1598 2457 (erittalitate
1633 2389 1900 2443 allirmaut
1930 2391 2226 2444 adversarii
2255 2392 2279 2444 ?
2354 2394 2514 2446 Certe
2573 2393 2674 2444 boe
2731 2388 2988 2442 allirmari
3038 2386 3254 2455 nequit,
3311 2383 3418 2436 nisi

175 2479 576 2550 prolestantica
613 2477 951 2545 impudentia
987 2485 1040 2530 et
1083 2477 1336 2529 audacia.
1395 2475 1584 2530 l‘Otius
1617 2478 1822 2544 itaque,
1862 2492 1925 2530 ac
1979 2479 2267 2534 verissime
2299 2480 2591 2534 dicendum
2627 2488 2732 2539 cst,
2787 2474 3121 2530 Salmasium
3175 2486 3273 2526 sua
3303 2470 3421 2524 sola

174 2577 466 2636 Spectasse
495 2577 738 2631 tempora
771 2575 822 2617 et
861 2565 1033 2618 solam
1073 2563 1357 2630 profanant
1396 2563 1818 2617 l’rotestantium
1879 2581 2237 2635 synagogam,
2300 2571 2353 2622 in
2391 2584 2498 2636 qua
2556 2583 2654 2620 nec
2689 2565 2938 2635 episcopi
2977 2570 3108 2619 sunt
3163 2561 3284 2622 ulli,
3318 2572 3418 2611 nec

174 2651 487 2722 presbyteri
525 2651 786 2718 :cquales,
841 2650 926 2704 vel
984 2651 1306 2716 inaequales.
1343 2648 1446 2702 Sed
1486 2649 1732 2715 proiecto
1763 2666 1870 2704 non
1911 2653 2270 2715 existimavit,
2323 2669 2438 2707 rem
2477 2654 2550 2707 ita
2603 2652 2772 2706 fuisse
2807 2666 3024 2718 semper
3055 2665 3083 2701 a
3123 2647 3418 2716 principio.

176 2739 333 2795 Unde
389 2739 536 2791 enim
569 2737 622 2790 id
664 2738 792 2790 sciri
830 2745 1032 2806 potest,
1066 2737 1172 2790 nisi
1204 2736 1530 2788 auctoritate
1565 2737 1781 2791 illorum
1836 2741 1928 2806 qui
1963 2742 2209 2809 proxime
2265 2742 2604 2809 temporibus
2655 2741 3032 2808 apostolorum
3086 2737 3339 2790 vixerunt
3368 2742 3424 2785 ct

174 2825 588 2880 ecclesiasticas
620 2825 962 2891 reliquerunt
996 2823 1156 2876 nobis
1187 2822 1489 2874 historias?
1520 2821 1584 2874 Et
1619 2825 1763 2876 unde
1797 2827 2070 2880 Salmasio
2101 2840 2250 2881 tanta
2285 2831 2574 2882 oculorum
2609 2829 2778 2888 acies,
2814 2836 2872 2879 ut
2913 2826 3096 2879 omnia
3129 2824 3424 2891 perlustra-

176 2914 314 2968 verit
350 2927 525 2980 usque
553 2910 619 2964 ad
659 2912 1032 2980 apostolorum
1071 2924 1244 2963 atvum
1281 2919 1336 2962 et
1368 2923 1431 2962 ex
1487 2912 1835 2977 septenulccii

1765 2915 1879 2965 cim
1928 2916 2251 2968 smeolornm
2281 2916 2622 2969 obscuritate
2655 2925 2710 2967 et
2749 2914 3052 2968 involucris
3083 2920 3292 2965 tantam
3329 2923 3424 2962 ve-

179 3003 396 3054 ritatem
430 3001 553 3054 orbi
587 3001 906 3053 Christiano
939 3008 1045 3052 tam
1087 3005 1314 3051 strenue
1345 2999 1696 3050 exserucrit?
1737 2998 1839 3053 Sed
1873 3001 2115 3068 profecto
2149 3018 2256 3055 non
2293 3003 2514 3056 aliunde
2543 3003 2596 3056 id
2632 3002 2902 3071 provenit,
2936 3000 3041 3053 nisi
3081 3015 3146 3052 ex
3185 2994 3426 3052 Calvini-

177 3089 318 3142 stico
351 3087 671 3156 pharmace,
704 3100 814 3155 quo
845 3101 938 3139 eos
976 3086 1204 3138 inlectos
1238 3083 1636 3152 lasciuatnsqte
1687 3089 1867 3150 habet,
1920 3098 1976 3140 ut
2027 3090 2129 3141 sibi
2186 3092 2370 3144 videre
2406 3091 2654 3144 videatur
2711 3090 2854 3160 quod
2914 3101 3104 3142 revera
3159 3101 3267 3139 nou
3340 3085 3420 3135 vi-

180 3175 293 3227 ιιι-ι.

249 3259 423 3313 Porro
459 3259 750 3313 Seldeuum
781 3258 925 3327 quod
956 3257 1168 3318 attinet,
1190 3272 1292 3310 non
1325 3260 1405 3313 sic
1437 3275 1596 3313 suum
1629 3259 1832 3328 excipit
1866 3259 2214 3332 Ezztvcbium,
2251 3266 2345 3318 sed
2379 3265 2524 3318 omni
2570 3264 2670 3317 fide
2703 3265 2921 3333 dignum
2950 3276 3072 3315 eum
3117 3257 3422 3314 habendum

179 3351 334 3408 vult;
377 3347 570 3414 illique
599 3353 681 3399 est
721 3345 888 3399 veluti
924 3346 1064 3400 alius
1097 3343 1238 3397 Beia
1273 3346 1430 3411 plane
1463 3344 1776 3412 lEgyptius.
1817 3348 1838 3399 ε

1765 3386 1776 3398 .
1817 3347 1906 3400 Sic.
1937 3351 2082 3402 enim
2119 3351 2170 3402 iu
2207 3352 2353 3404 calce
2386 3367 2496 3404 sua:
2535 3350 2880 3404 Praelationis
2913 3349 2980 3402 de
3011 3348 3104 3402 illo
3138 3347 3379 3413 loquitur
3409 3361 3423 3421 ς

179 3433 284 3489 Sed
313 3449 433 3487 vero
465 3433 512 3485 si
544 3430 807 3500 Eutychio
836 3431 993 3498 [idem
1020 3431 1102 3481 llic
1134 3447 1326 3497 parum
1354 3431 1651 3484 habendam
1686 3434 1800 3485 ideo

1773 3451 1800 3484 ο
1852 3438 2030 3503 forsan
2064 3439 2182 3506 quis
2223 3442 2484 3491 morosius
2520 3437 2921 3495 existimaret-it,
2953 3437 3090 3505 quod
3133 3433 3230 3488 avi
3263 3431 3426 3499 fuerit

178 3525 286 3589 ipse
317 3522 449 3572 adeo
486 3522 661 3580 rebus,
692 3534 822 3586 quas
855 3518 1016 3570 tradit
1052 3519 1351 3569 recentior-is
1386 3520 1532 3586 (nam
1578 3521 1796 3579 stt-culo,
1824 3539 1837 3573 t

1769 3541 1796 3579 ν,
1824 3535 1874 3573 ιιι
1913 3523 2070 3585 vides,
2126 3525 2306 3590 ﬂoruit
2341 3526 2591 3592 decima),
2638 3534 2772 3577 certe
2803 3539 3006 3577 necesse
3039 3531 3112 3576 est
3167 3531 3222 3573 ut
3276 3521 3342 3579 is.
3382 3517 3428 3570 si

177 3609 339 3674 parili
365 3609 418 3659 in
453 3605 672 3674 paribus
701 3613 885 3656 utatur
921 3600 1146 3662 ratione,
1181 3620 1271 3656 nec
1304 3604 1552 3671 Jusrplto,
1589 3605 1758 3667 Licio,
1785 3610 2242 3675 Halicarnasstco,
2283 3612 2593 3670 ('lutarcho,
2627 3611 2878 3672 Eusebio,
2914 3608 3160 3668 Zonarm.
3195 3605 3422 3676 origines

177 3705 224 3746 et
258 3709 340 3745 res
379 3703 550 3760 gestas
602 3689 882 3748 Judaicas.
920 3689 1206 3752 Romanas,
1243 3691 1751 3753 (Iru'cas,Priaticus,
1790 3694 1836 3746 Ct

1790 3694 2125 3750 Christianas
2165 3701 2350 3750 tandm
2391 3702 2640 3752 sa'culum
2689 3716 2842 3752 suum
2880 3705 3260 3750 anterertentes
3291 3709 3422 3744 nar-

179 3783 450 3839 rantibus,
478 3794 567 3830 nec
591 3779 640 3828 id
677 3793 834 3845 genus
865 3775 985 3828 aliis
1016 3778 1213 3830 credat.
1248 3779 1348 3827 imo
1385 3789 1437 3829 ιιι
1470 3795 1564 3842 pro
1599 3781 1700 3844 [ille
1733 3782 1838 3848 dig:

1772 3782 1903 3848 ignis
1926 3787 2366 3838 habeat/cistoriis
2402 3787 2845 3855 (pra3tcr‘Sacras
2880 3783 3130 3852 Litteras)
3157 3784 3421 3834 duntm'at

183 3875 296 3935 ipsa
347 3868 684 3918 arrhiaorum
713 3865 1025 3929 penetralia,
1059 3865 1409 3917 conciliorum
1439 3875 1559 3918 acta
1597 3868 1734 3934 ipsa,
1771 3867 2123 3937 Thucydides,
2184 3873 2450 3944 Polybius,
2503 3874 2806 3935 Sallustius,
2852 3873 3112 3934 Cwsares,
3178 3867 3419 3930 Tacitos.

186 3955 616 4015 Cuicciardinos,
647 3950 1014 4006 Commina’os.
1039 3950 1173 4003 ΜὶΙιί
1211 3968 1336 4004 sane
1366 3953 1650 4020 [fruge/tius
1684 3957 1734 4006 in
1775 3955 1912 4008 ltisrc
1938 3971 2010 4012 est
2048 3961 2202 4012 reluti
2238 3961 2377 4014 Beda
2408 3966 2562 4026 plane
2595 3963 2895 4031 .l§g_»;ptius.

261 4067 407 4120 Bene
436 4065 682 4134 quidem,
743 4060 998 4119 Seldene.
1036 4061 1178 4115 ultro
1216 4078 1278 4114 ne
1326 4062 1562 4116 libr-nter
1599 4065 1695 4118 tibi
1732 4066 2074 4124 admittimus
2132 4072 2459 4143 Eutytbium
2495 4073 2644 4127 Otlllli
2702 4073 2803 4126 ﬁde
2853 4088 2973 4126 esse
3010 4072 3258 4140 dignum,
3311 4069 3419 4121 imo

188 4156 579 4223 dignissimum
615 4163 669 4205 et
708 4166 923 4204 omnem
955 4151 1032 4204 illi
1067 4151 1371 4204 habendam
1415 4153 1592 4215 iidem,
1629 4163 1791 4221 atque
1817 4157 1864 4208 ci
1903 4158 2066 4210 veluti
2101 4157 2254 4212 lictis:
2288 4163 2446 4227 plztne
2501 4161 2777 4230 Aigyptio,
2808 4174 2915 4213 non
2948 4159 3122 4212 solum
3157 4159 3209 4210 in
3245 4157 3416 4219 hisce,

189 4247 286 4300 sed
321 4244 374 4297 in
409 4240 668 4295 omnibus
708 4253 928 4308 quoque
961 4238 1234 4299 articulis.
1264 4240 1328 4292 de
1359 4239 1557 4307 quibus
1589 4244 1968 4295 coatroversia
2027 4246 2184 4297 nobis
2217 4257 2301 4298 est
2341 4248 2643 4308 vobiscum.
2678 4248 2934 4300 standum
2998 4259 3141 4299 esse.
3211 4243 3418 4308 Quam-

181 4335 375 4389 obrem
411 4330 644 4395 ingenue
671 4341 734 4379 ac
762 4328 940 4394 prisce
974 4326 1221 4393 proleras
1256 4341 1408 4394 rogo,
1443 4327 1574 4395 quid
1612 4327 1778 4381 sentit
1805 4327 1943 4382 Beda
2002 4331 2106 4383 iste
2139 4333 2205 4384 de
2238 4350 2464 4387 tututero
2499 4346 2972 4388 sacramentorum
3007 4339 3116 4384 tam
3153 4330 3206 4383 in
3240 4330 3418 4383 Chro-

185 4421 310 4472 nico
340 4425 632 4483 tantopere
665 4428 693 4465 a
730 4420 782 4465 te
815 4412 1055 4471 laudato,
1092 4427 1252 4480 quam
1293 4414 1346 4464 in
1387 4415 1510 4467 aliis
1543 4403 1662 4480 ejus
1693 4415 2015 4482 opusculis?
2071 4417 2198 4484 quid
2233 4418 2298 4470 de
2327 4419 2602 4471 sacrilieio
2639 4417 2861 4470 missm?
2896 4417 3026 4485 quid
3065 4415 3133 4468 de
3164 4414 3414 4482 corporis

181 4505 391 4563 Christi
435 4501 706 4561 realitate,
751 4515 814 4552 ac
851 4500 966 4568 ipsa
999 4498 1664 4553 transsubstantiatione?
1714 4500 1842 4569 quid
1883 4503 1950 4554 de
1979 4515 2294 4558 sanctorum
2334 4508 2603 4574 reliquiis,
2644 4507 3013 4566 invocatione.
3053 4518 3115 4558 ac
3147 4495 3418 4557 inierces-

185 4592 392 4650 sione?
424 4589 554 4658 quid
591 4587 660 4641 de
699 4587 872 4641 sacris
905 4586 1278 4654 imaginibus?
1307 4586 1435 4655 quid
1471 4587 1537 4639 de
1570 4588 1817 4640 ciborum
1849 4589 2079 4653 delectu,
2116 4593 2181 4644 de
2208 4593 2451 4660 jejuniis,
2486 4595 2552 4647 de
2579 4596 2855 4651 etalibatu.
2889 4602 2939 4646 et
2982 4592 3317 4661 virginitate.
3348 4591 3414 4643 de

189 4682 551 4741 monachatu,
585 4677 653 4732 de
687 4677 844 4730 benis
875 4675 1156 4742 operibus,
1189 4676 1256 4729 de
1292 4678 1455 4737 votis,
1487 4678 1552 4729 de
1585 4677 1872 4736 altaribus,
1906 4677 1970 4730 de
2024 4681 2180 4746 signo
2211 4682 2414 4742 crucis,
2471 4681 2538 4734 tle
2595 4681 3002 4744 traditionibus,
3061 4681 3127 4734 de
3167 4679 3414 4731 Romana

188 4773 338 4832 sedc,
357 4783 424 4821 ac
462 4765 720 4819 Romanis
757 4763 1128 4831 pontiﬁcibus,
1163 4770 1215 4815 et
1250 4777 1316 4814 an
1353 4774 1578 4818 sanctus
1607 4763 1798 4818 Petrus
1828 4763 2053 4816 lloinam
2087 4766 2154 4818 sit
2187 4769 2483 4834 prolectus,
2517 4769 2700 4839 ibique
2739 4769 2889 4822 cruci
2919 4770 3170 4822 inversus
3200 4765 3415 4828 alllxus,

193 4875 262 4916 an
308 4856 614 4910 Romanam
659 4851 972 4905 fundaverit
1004 4851 1209 4914 sedem,-
1242 4867 1308 4904 an
1353 4850 1585 4904 Romani
1621 4853 1904 4919 pontiﬁces
1942 4852 2058 4921 ejus
2091 4855 2202 4906 sint
2238 4871 2590 4912 successores
2618 4873 2632 4923 ;
2672 4859 3000 4926 demumque
3031 4857 3095 4911 de
3126 4856 3249 4911 aliis
3274 4857 3420 4921 ejus-

191 4943 339 5000 mudi
374 4942 670 5003 sexcentis,
700 4954 818 5007 qua!
855 4935 1252 4991 Protestantica
1303 4937 1637 5007 impudentia
1676 4938 2040 4993 Rou'tanorum
2093 4945 2404 5008 piutilicuut
2453 4959 2579 4998 esse
2633 4954 2940 4998 commenta
3013 4958 3262 4998 asserere
3312 4957 3420 4996 non

189 5040 455 5082 verentur
489 5024 704 5080 vestri?
741 5028 806 5077 At
836 5025 903 5079 de
934 5025 1018 5078 his
1050 5024 1167 5077 luse
1200 5024 1252 5076 in
1283 5039 1550 5078 consensu
1589 5024 1948 5079 Orientalium
1981 5037 2089 5079 tam
2151 5028 2289 5082 inter
2340 5045 2421 5092 se,
2457 5047 2622 5101 quam
2681 5046 2803 5084 cum
2859 5029 3100 5084 Ecclesia
3152 5029 3422 5094 Romana,

193 5116 303 5168 Deo
342 5115 557 5166 favente
587 5111 855 5166 dicemus.

259 5224 437 5292 Porro
465 5222 530 5276 ad
568 5237 678 5276 rem
711 5222 881 5291 ipsam
924 5223 1036 5293 jam
1067 5224 1374 5289 veniamus,
1405 5224 1888 5295 cxpendamusque
1919 5241 2012 5280 eos
2045 5224 2203 5280 Bedae
2235 5227 2400 5296 hujus
2458 5227 2698 5297 Egyptii
2735 5228 2914 5293 locos,
2965 5241 3032 5282 ex
3069 5225 3272 5294 quibus
3323 5242 3420 5281 sua

192 5325 452 5367 asuuere
476 5321 706 5365 conatur
732 5318 922 5364 coartra
973 5328 1072 5366 nos
1121 5324 1446 5380 argumenta
1497 5311 1788 5367 Seldeuus.
1823 5311 1889 5367 Et
1928 5327 1985 5366 ut
2020 5329 2108 5367 res
2161 5318 2357 5369 mel.us
2387 5333 2414 5369 a
2453 5317 2752 5371 lectoribus
2805 5316 3012 5370 nostris
3064 5313 3424 5384 intelligatur,

195 5399 578 5468 prtemittenda
613 5408 696 5454 est
727 5396 976 5469 Entyehii
1015 5401 1244 5453 Arabica
1280 5399 1542 5455 Periocba
1576 5415 1700 5454 cum
1732 5399 1922 5454 Latina
1965 5401 2180 5456 Seldeni
2217 5407 2686 5473 interpretatione,
2718 5419 2879 5474 quam
2919 5414 3105 5459 nostra
3140 5413 3423 5472 sequetur.

202 5486 436 5542 Errores
465 5492 592 5540 vero
618 5494 672 5539 et
704 5485 948 5548 mendas,
986 5502 1110 5555 qua:
1138 5487 1202 5541 ad
1240 5487 1413 5557 ipsam
1455 5488 1888 5543 controversiam
1922 5506 2028 5543 non
2062 5494 2336 5561 pertinent
2393 5496 2554 5562 (quas
2619 5493 2802 5563 plures
2836 5502 2891 5546 et
2920 5507 3113 5562 graves
3143 5491 3426 5548 commisit

191 5585 302 5626 tam
333 5575 386 5627 in
439 5572 714 5639 Periocha,
749 5589 908 5641 quam
941 5575 992 5626 in
1045 5573 1509 5640 Commentariis),
1561 5575 1625 5628 ad
1683 5576 1888 5631 calcem
1931 5579 2136 5648 Operis
2171 5581 2527 5648 castigandas
2577 5596 2697 5634 esse
2729 5581 3097 5641 commodius,
3130 5579 3416 5634 duximus.

191 5660 394 5716 Nostra
425 5672 605 5714 autem
638 5661 781 5714 dicta
815 5677 925 5715 non
961 5661 1124 5716 modo
1177 5677 1240 5716 ex
1273 5661 1548 5733 Eutycbio
1580 5662 1701 5732 ipso
1733 5671 1787 5717 et
1838 5665 2246 5732 antiquissimis
2302 5667 2566 5723 Ecclesiae
2616 5669 3000 5723 Alexandrinae
3048 5669 3421 5723 monumentis

194 5749 543 5804 ﬁrmabimus
570 5765 585 5814 ;
615 5748 707 5804 sed
739 5749 907 5804 etiam
939 5765 1007 5804 ex
1037 5750 1270 5804 aliorum
1303 5750 1669 5805 Orientalium
1704 5749 2033 5806 testimoniis
2065 5761 2120 5806 et
2149 5754 2599 5807 auctoritatibus.
2655 5751 2746 5806 Sic
2775 5751 2920 5806 enim
2965 5751 3126 5805 facile
3159 5748 3422 5804 videbunt

197 5835 522 5900 adversarii,
551 5849 801 5908 quaenam
838 5838 910 5892 sit
939 5835 1190 5906 Eutychii
1230 5851 1383 5893 mens
1413 5848 1466 5894 et
1501 5852 1697 5893 sensus
1729 5846 1784 5894 et
1817 5853 1981 5908 quam
2017 5842 2188 5895 mirus
2222 5840 2466 5896 antistium
2499 5841 2874 5897 Orientalium
2909 5841 2982 5896 sit
3019 5850 3346 5895 consensus.
