4200 6432
780 429 887 491 9ὒῖ
1822 422 2184 483 EUTYCHII
2222 419 2726 480 ALEXANDRIN
2736 421 2760 478 Ι
2802 421 2997 479 PATR
3909 422 4015 486 90$

850 541 918 589 At
947 536 1135 590 istluec
1172 534 1524 589 meditantem
1559 532 1927 601 interpellavit
1956 544 2233 586 nonnemo
2262 530 2452 585 dicens
2481 544 2495 583 :
2533 526 2706 594 Heus,
2748 529 3059 583 Abraham!
3094 530 3159 583 ad
3196 532 3326 598 quid
3360 546 3528 586 vanos
3561 533 3832 600 impendis
3860 533 4017 586 laboo

780 625 911 676 res?
946 624 991 677 si
1028 623 1256 690 Moysen
1298 630 1352 674 et
1392 624 1707 690 prophetas,
1740 632 1880 687 quos
1918 619 2141 681 habent,
2182 632 2285 669 non
2341 616 2594 675 audiunt,
2629 626 2881 683 putasne,
2934 617 3065 670 illos
3112 618 3417 677 audituros,
3449 628 3541 672 aut
3589 620 3917 683 credituros,
3971 619 4015 673 si

781 720 932 762 tuum
966 708 1183 762 miseris
1222 708 1288 761 ad
1316 723 1412 761 eos
1446 706 1777 761 Orientalem
1809 705 2102 769 Lazarum,
2136 711 2231 756 aut
2263 718 2330 756 ex
2374 703 2483 757 tuis
2516 704 2745 757 mortuis
2776 705 3086 774 quempiam
3131 705 3345 757 alium?
3385 703 3525 759 Huic
3553 720 3688 774 ego:
3726 702 3866 770 Quid
3902 708 4015 758 sint

782 796 1001 857 facturi,
1036 796 1237 858 amice.
1301 809 1525 864 Prorsus
1554 793 1787 861 ignoro;
1837 802 1891 846 at
1921 790 2051 859 quid
2080 805 2212 843 mea:
2243 789 2519 855 postulant
2553 801 2756 857 partes,
2789 792 2961 846 habeo
2993 808 3057 846 ex
3091 790 3153 843 Ι).
3186 790 3389 846 Jacobo
3418 793 3555 863 Syro
3584 797 3636 846 in
3670 796 3915 847 carmine
3953 792 4021 846 de

783 900 973 935 amore
1003 891 1059 936 et
1095 882 1281 935 studio
1315 882 1560 934 veritatis
1595 881 1670 933 ita
1711 882 2028 934 scribente:
2060 875 2314 944 Loquere,
2345 877 2555 946 loquere
2586 890 2663 942 ιιι,
2705 879 2787 929 cui
2822 878 3134 946 loquendum
3172 887 3268 941 est,
3295 880 3516 932 audiant
3548 892 3618 941 te,
3652 882 3731 933 rel
3772 895 3877 933 non
3916 896 4019 931 au-

778 972 953 1033 diunt,
998 986 1061 1022 ne
1093 984 1262 1023 cesses
1299 967 1465 1036 loqui.
1497 966 1737 1034 Aiquum
1797 975 1998 1024 tamen,
2035 978 2098 1015 ac
2130 978 2228 1033 par
2255 970 2338 1016 est
2370 966 2612 1029 credere,
2660 981 2755 1019 cos
2783 966 3092 1029 audituros,
3138 981 3498 1036 cessurosque
3528 966 3742 1020 illorum
3773 967 4022 1022 auctorie

781 1061 897 1122 ιειιι,
931 1059 994 1111 ad
1030 1074 1168 1126 quos
1198 1053 1599 1124 prov'oearuut.
1638 1053 2003 1119 Quamobrem
2038 1059 2224 1103 votum
2257 1055 2521 1108 secundet
2551 1056 2642 1123 qui
2678 1064 2857 1124 potest
2890 1063 3172 1122 nostrum,
3210 1055 3374 1111 Deus.

1674 1301 2092 1363 EL'TYCUII
2129 1299 2693 1361 ιιΑΤιιιΑΙισΗλΕ
2736 1301 3164 1367 PERIOCHA

1234 1514 1367 1570 Cum
1400 1512 1637 1567 νενδῖοιιε
1669 1512 1902 1567 δειιιεηὶ.
2381 1517 2424 1569 A
2764 1509 2896 1563 Cum
2934 1515 3170 1567 versione
3199 1532 3332 1570 nova
3362 1517 3430 1569 ad
3461 1518 3686 1575 verbum.

853 1635 1048 1689 Annus
1108 1628 1372 1699 agebatur
1417 1627 1634 1681 Claudii
1683 1624 1920 1679 Caesaris
1972 1640 2171 1685 nonus,
2229 1637 2350 1675 cum
2524 1624 2683 1677 Anno
2706 1641 2851 1680 nono
2885 1627 3097 1696 imperii
3130 1629 3344 1685 Claudii
3375 1631 3605 1689 Caesaris
3654 1645 3773 1690 erat
3801 1636 4019 1692 Marcus

782 1724 1001 1778 Marcus
1032 1720 1370 1789 evangelista
1423 1720 1477 1771 in
1522 1716 1659 1769 urbe
1697 1721 1946 1768 versatus
1988 1723 2071 1765 est
2115 1714 2352 1765 Alcxau-
2453 1716 2785 1787 evangelista
2837 1719 2890 1772 in
2926 1720 3060 1773 urbe
3106 1721 3453 1777 Alexandria:
3489 1740 3800 1782 convocans
3838 1730 4020 1782 homi-

780 1819 936 1879 (ιι-ιω,
968 1825 1025 1870 ιιι
1056 1815 1183 1869 inde
1223 1818 1618 1882 propagaretur
1648 1811 1789 1885 apud
1830 1808 2082 1862 homines
2111 1806 2245 1860 ﬁdes
2300 1809 2353 1860 in
2455 1820 2553 1859 nes
2579 1806 2645 1859 ad
2680 1806 2837 1860 ﬁdem
2875 1808 2926 1860 in
2958 1808 3234 1865 Christum
3264 1813 3547 1869 Dominum
3579 1829 3849 1872 nostrum.
3882 1819 4015 1874 Dum

782 1910 1006 1963 Christo
1061 1906 1292 1959 Domino
1327 1910 1542 1955 nostro.
1601 1900 1734 1953 Dum
1789 1910 1968 1951 autem
2023 1912 2118 1966 per
2167 1898 2353 1950 urbem
2457 1904 2637 1950 autem
2676 1913 2771 1966 per
2798 1899 2985 1953 urbem
3042 1900 3327 1956 incedebat
3389 1903 3624 1972 Marcus,
3665 1908 3883 1978 dirupta
3937 1919 4019 1964 est

789 2000 1019 2063 incedit,
1053 1997 1393 2066 diﬂ‘ringitur
1422 1993 1591 2048 calcei
1619 1992 1738 2060 ejus
1768 1991 2010 2058 corrigia
2042 2007 2056 2043 :
2091 2004 2253 2058 quem
2296 1997 2356 2042 ut
2456 1988 2692 2057 corrigia
2724 1990 3083 2044 calceamenti
3123 1991 3241 2060 ejus
3275 2008 3289 2043 :
3332 1993 3459 2048 hinc
3497 1997 3636 2049 sedit
3673 1999 3812 2067 apud
3841 2001 4021 2053 homl-

786 2092 1059 2153 reﬁceret,
1109 2089 1174 2142 ad
1228 2100 1471 2141 sutorem
1527 2098 1586 2137 se
1635 2083 1868 2135 contulit
1914 2082 2137 2134 nomine
2179 2079 2359 2132 llana-
2460 2093 2580 2130 nem
2620 2088 2862 2133 sutorem
2925 2081 3130 2135 dictum
3181 2083 3503 2150 llananiam,
3536 2094 3594 2139 ut
3630 2088 3876 2141 reﬁceret
3914 2092 4020 2143 ra}-

783 2184 953 2245 niam,
992 2181 1085 2250 qui
1121 2180 1318 2234 subula
1348 2177 1413 2229 ad
1445 2172 1830 2243 perforandum
1850 2172 2093 2225 calceum
2119 2181 2354 2238 sumpta,
2456 2181 2613 2219 ccum
2641 2183 2820 2220 suum.
2855 2168 3105 2238 Cumque
3138 2174 3433 2240 accepisset
3458 2173 3734 2228 Hananias
3760 2178 4014 2229 subulam

784 2275 1017 2342 digitum
1057 2283 1219 2323 suum
1264 2264 1588 2335 perforavit,
1632 2266 1768 2316 adeo
1811 2270 1867 2314 ut
1907 2263 2135 2314 inultum
2174 2262 2358 2314 elﬁue-
2458 2258 2521 2310 ad
2561 2258 2945 2326 perforandum
2984 2261 3247 2325 calceum,
3298 2277 3363 2317 ea
3403 2263 3629 2332 digitum
3682 2280 3842 2319 suum
3898 2282 4020 2335 per-

786 2374 866 2415 ret
908 2362 1213 2429 sanguinis,
1265 2372 1366 2411 nec
1406 2357 1526 2412 sine
1586 2355 1774 2408 dolore
1823 2354 2051 2421 ingenti.
2096 2352 2357 2406 Submur-
2461 2348 2675 2413 foravit,
2708 2349 3023 2420 eﬂluxilque
3071 2368 3136 2406 ex
3181 2353 3271 2407 illo
3320 2356 3553 2409 tnultum
3588 2359 3914 2426 sanguinis,
3967 2368 4022 2411 et

787 2453 1027 2507 moranti
1062 2453 1229 2519 igitur
1279 2450 1332 2502 in
1370 2447 1612 2500 Marcum
1636 2486 1648 2506 ,
1685 2444 1824 2497 dixit
1858 2443 1904 2496 ei
1938 2444 2047 2505 ille,
2088 2441 2142 2495 Si
2180 2444 2361 2496 crcdi-
2461 2441 2695 2493 Inaximo
2724 2441 2904 2495 alfecit
2930 2444 3078 2496 illum
3108 2444 3315 2508 dolore,
3337 2449 3691 2513 quamobrem
3725 2448 4017 2515 plurimum

783 2546 931 2598 deris
955 2546 1007 2597 in
1041 2543 1229 2597 Jesum
1265 2539 1546 2593 Christum
1587 2534 1779 2590 Filium
1830 2532 1922 2586 Dei
1952 2574 1966 2595 ,
2003 2535 2202 2603 digitus
2234 2543 2357 2588 tuus
2458 2531 2524 2584 de
2553 2532 2739 2585 Marco
2765 2543 3101 2602 conquestus
3135 2544 3239 2590 est.
3272 2536 3337 2589 Et
3375 2536 3515 2590 dixit
3548 2539 3597 2590 ei
3646 2537 3862 2593 Marcus
3894 2556 3909 2593 :
3962 2538 4019 2591 Si

785 2636 1095 2687 sanabitur.
1145 2629 1423 2686 Prehenso
1467 2626 1637 2696 igitur
1668 2625 1844 2691 digito
1909 2624 2029 2690 ejus
2075 2625 2258 2678 dixit:
2299 2626 2357 2678 In
2458 2623 2648 2675 credas
2688 2621 2970 2678 in’Jcsum
2995 2624 3272 2680 Christum
3329 2625 3522 2681 Fiium
3575 2627 3692 2690 Dei,
3736 2629 4023 2683 sanabitur

790 2727 1007 2777 nomine
1034 2723 1163 2777 Jesn
1186 2720 1393 2775 Christi
1419 2732 1586 2771 sanus
1614 2718 1686 2770 sit
1716 2716 1918 2783 digitus
1947 2724 2107 2775 tuus;
2140 2715 2231 2779 qui
2260 2728 2358 2766 eo-
2459 2710 2663 2778 digitus
2708 2720 2853 2764 tuus.
2904 2715 3078 2781 Atque
3126 2714 3472 2782 apprehenso
3530 2715 3702 2783 digito
3755 2715 4020 2769 llananiaa

788 2818 911 2869 dem
964 2820 1243 2867 momento
1285 2811 1339 2862 in
1400 2809 1697 2862 sanitatem
1740 2805 2037 2859 restitutus
2081 2812 2189 2866 est,
2235 2819 2358 2857 sau-
2387 2848 2434 2908 Β
2461 2800 2591 2853 dixit
2631 2800 2887 2857 Marcus:
2932 2804 2989 2854 1n
3022 2804 3241 2857 nomine
3274 2801 3403 2858 Jesu
3436 2803 3639 2858 Christi
3674 2815 3904 2859 sanetur
3934 2807 4021 2859 di-

790 2907 953 2973 guine
1006 2903 1243 2971 amplius
1293 2916 1401 2953 non
1449 2897 1725 2953 eminente.
1776 2897 1844 2950 Et
1900 2895 2133 2949 credidit
2184 2897 2252 2949 ab
2295 2911 2361 2949 eo
2388 2892 2433 2908 "
2462 2892 2606 2958 gitus
2639 2900 2887 2955 tuns;et
2909 2894 3091 2945 statim
3155 2904 3381 2949 sanatus
3422 2904 3504 2947 est
3534 2896 3736 2965 digitus
3775 2896 3934 2965 ejus,
3969 2908 4025 2950 et

790 3007 1039 3067 tempore
1080 2993 1365 3047 llananias
1422 2992 1477 3044 in
1522 2990 1823 3050 Christum,
1866 2987 2013 3040 unde
2066 2987 2362 3055 baptizavit
2460 2984 2704 3037 constitit
2750 2982 2997 3051 sanguis.
3030 2983 3308 3036 llananias
3343 2991 3524 3037 autem
3563 2985 3683 3038 sine
3712 2985 3821 3036 ulla
3868 3000 4023 3039 mora

790 3106 914 3145 eum
953 3087 1169 3141 Marcus
1192 3092 1246 3139 et
1263 3082 1547 3137 constituit
1597 3095 1722 3134 eum
1749 3077 2107 3147 patriarcham
2132 3078 2363 3129 Alexan-
2460 3073 2693 3126 credidit
2722 3072 2774 3125 in
2799 3073 3100 3135 Christum,
3141 3073 3548 3142 baptizavitque
3594 3074 3742 3126 illum
3776 3073 4021 3139 Marcus,

792 3181 941 3232 ιιι-ιω.
967 3178 1190 3232 Scilicet
1220 3176 1265 3228 is
1296 3174 1502 3243 primus
1577 3179 1697 3224 erat
1741 3168 2080 3222 Alexandria:
2125 3169 2358 3235 patriar-
2460 3170 2512 3215 et
2538 3164 2823 3216 constituit
2858 3176 2981 3215 eum
3027 3162 3395 3229 patriarcham
3444 3161 3813 3227 Alexandriae,
3859 3172 3916 3216 et
3942 3173 4029 3217 est

799 3275 902 3323 cha
943 3271 1303 3322 constitutus.
1346 3262 1649 3317 Constituit
1702 3260 1829 3311 item
1871 3257 2086 3310 Marcus
2130 3270 2363 3323 evangc-
2461 3252 2672 3320 primus
2709 3253 3022 3321 patriarcha
3069 3252 3410 3305 Alexandriae
3485 3254 3837 3306 constitutus.
3879 3254 4028 3309 Con-

793 3362 921 3415 lista
967 3358 1256 3413 duodecim
1306 3354 1654 3425 presbyteros
1731 3362 1857 3401 cum
1926 3345 2206 3412 llanania;
2268 3346 2360 3415 qui
2463 3341 2639 3394 stituit
2705 3340 2870 3392 etiam
2932 3338 3147 3392 Marcus
3207 3340 3544 3407 evangelista
3590 3357 3714 3393 cum
3774 3340 4029 3398 Hanauia

792 3465 986 3520 nenipe
1004 3454 1285 3501 manerent
1310 3460 1433 3498 cum
1459 3440 1786 3511 patriarcha,
1810 3436 1943 3491 adeo
1967 3448 2026 3489 ut
2052 3452 2174 3489 cum
2211 3452 2366 3489 vara-
2465 3430 2770 3499 patriarcha
2796 3429 3087 3482 duodecim
3117 3431 3490 3498 presbyteros,
3520 3431 3615 3498 qui
3638 3431 3899 3485 adessent
3932 3448 4029 3501 pa-

798 3551 883 3594 ret
950 3540 1378 3607 patriarcbatus,
1446 3534 1711 3602 eligerent
1763 3544 1929 3582 unum
1984 3543 2013 3581 e
2073 3527 2361 3580 duodecim
2463 3521 2736 3581 triarcbaa,
2764 3522 3135 3575 utdecedente
3165 3521 3494 3588 patriarcha,
3526 3521 3791 3590 eligerent
3853 3539 4025 3577 unum

794 3630 1124 3702 presbyteris
1170 3629 1328 3695 cujus
1376 3624 1543 3691 capiti
1608 3621 1804 3689 reliqui
1855 3618 2109 3672 undecim
2167 3631 2363 3670 manus
2462 3627 2527 3665 ex
2578 3610 2865 3665 duodecim
2922 3610 3279 3678 presbyteris,
3338 3618 3391 3662 et
3449 3611 3796 3677 imponerent
3824 3614 4024 3680 reliqui

796 3699 1144 3791 imponerent
1175 3731 1411 3783 cumque
1448 3712 1837 3766 benedicerent
1890 3718 1943 3761 et
1993 3707 2362 3776 patriarcham
2464 3700 2715 3752 undecim
2764 3699 3072 3769 presbyteri
3109 3712 3304 3750 manus
3347 3711 3477 3751 snas
3524 3699 3687 3767 capiti
3743 3701 3865 3765 ejus
3896 3739 3911 3757 .
3976 3711 4031 3752 et

794 3790 919 3867 eum
978 3818 1249 3869 crearent,
1301 3815 1355 3859 et
1397 3803 1523 3857 dein
1572 3802 1749 3853 virum
1795 3799 2032 3867 aliquem
2094 3797 2366 3863 insignem
2465 3790 2852 3845 benedicereut
2890 3804 3035 3851 eum,
3083 3797 3137 3841 et
3180 3790 3580 3842 constituerent
3624 3804 3751 3843 eum
3793 3791 4032 3857 patriar-

795 3905 1062 3974 eligercnt
1107 3911 1344 3967 eumque
1399 3893 1778 3965 presbyterum
1828 3904 2015 3943 secum
2063 3887 2367 3940 constitue-
2467 3881 2649 3934 eham.
2680 3881 2814 3933 Dein
2869 3879 3132 3947 eligerent
3186 3878 3364 3931 virum
3420 3878 3653 3946 aliquem
3730 3881 4031 3933 virtutibus

797 3969 918 4050 rent
962 3998 1080 4047 loco
1124 3991 1245 4059 ejus
1284 3987 1377 4055 qui
1430 3986 1509 4037 sic
1554 3983 1733 4035 iactus
1781 3988 1864 4034 est
1930 3976 2265 4046 patriarcha,
2309 3983 2368 4029 ut
2466 3979 2835 4042 praestantem,
2878 3972 3142 4040 illumque
3175 3969 3488 4024 subicerent
3523 3971 3908 4040 presbyterum
3944 3989 4031 4027 so-

800 4090 876 4140 ita
933 4098 1146 4152 semper
1225 4084 1506 4133 exstarent
1565 4070 1877 4127 duodecim.
1943 4065 2130 4136 Neque
2205 4066 2367 4120 desiit
2467 4078 2591 4116 cum
2625 4062 2745 4115 loco
2778 4060 2919 4128 ejus,
2946 4060 3037 4129 qui
3077 4060 3391 4128 patriarcha
3420 4060 3685 4115 sull‘ectus
3718 4071 3823 4127 est,
3856 4073 3915 4115 ut
3946 4077 4033 4116 es-

797 4150 1147 4230 Alexandria:
1184 4169 1496 4223 institutum
1529 4165 1632 4217 hoc
1655 4162 1722 4216 de
1748 4160 2095 4229 presbyteris,
2143 4168 2200 4209 ut
2255 4156 2433 4234 sci-c
2468 4162 2592 4207 sent
2638 4160 2902 4221 perpetuo
2960 4150 3274 4206 duodecim.
3328 4150 3518 4219 Neque
3553 4151 3716 4205 desiit
3769 4166 3890 4206 mos
3941 4153 4031 4205 ille

801 4270 930 4321 licet
980 4261 1326 4335 patriarchas
1359 4262 1610 4311 crearent
1662 4269 1727 4306 ex
1792 4249 2125 4319 presbyteris
2160 4246 2365 4301 duode—
2467 4240 2911 4315 presbyterorum
2964 4241 3312 4295 Alexandria:
3369 4242 3743 4295 constituendi
3788 4245 4033 4310 patriar—

800 4359 929 4419 cim,
982 4329 1163 4420 usque
1223 4350 1290 4402 ad
1364 4356 1607 4413 tempora
1675 4340 1970 4395 Alexandri
2035 4337 2366 4407 patriarchae
2467 4338 2709 4387 chainex
2736 4332 2803 4385 iis
2827 4330 3115 4385 duodecim
3152 4329 3489 4398 presbyteris
3515 4345 3686 4398 usque
3710 4330 3777 4383 ad
3811 4340 4036 4401 tempus

802 4419 1156 4504 AleXandrini
1189 4441 1279 4510 qui
1320 4439 1422 4493 fuit
1453 4453 1517 4489 ex
1552 4448 1783 4487 numero
1807 4430 1899 4483 illo
1933 4430 2057 4482 518.
2097 4427 2147 4482 Is
2184 4435 2365 4481 autem
2467 4422 2756 4476 Alexandri
2784 4420 3111 4504 patriarchae
3149 4419 3516 4484 Alexandriae,
3548 4421 3642 4488 qui
3667 4430 3786 4472 erat
3815 4436 3882 4473 ex
3928 4438 4037 4475 nu-

802 4542 975 4595 νρωη
1033 4549 1101 4590 ,ιο
1152 4508 1412 4598 deinceps
1460 4525 1827 4597 patriarcham
1864 4520 2164 4590 presbyteri
2207 4534 2365 4573 crea-
2468 4527 2619 4566 mero
2649 4518 3013 4565 trecentorum
3046 4510 3346 4563 octodecim
3380 4510 3630 4577 (Patrum
3677 4508 3884 4564 Nicaea
3909 4529 4038 4565 can-

802 4639 946 4686 rent.
1005 4626 1070 4679 Et
1112 4622 1353 4677 decrevit
1391 4628 1448 4671 ut
1499 4625 1716 4668 mortuo
1761 4611 2073 4681 patriarcha
2111 4608 2370 4663 conveni-
2469 4614 2802 4673 gregalorum
2826 4600 2888 4671 );
2934 4601 2979 4653 is
3009 4602 3151 4653 enim
3175 4601 3363 4661 vetuit,
3396 4613 3463 4652 ne
3494 4598 3797 4667 presbyteri
3828 4602 4041 4654 consti-

805 4730 928 4776 rent
952 4714 1195 4787 episcopi
1240 4710 1332 4778 qui
1386 4706 1757 4779 patriarcham
1793 4703 2131 4756 ordinarent.
2168 4700 2367 4753 Decre-
2473 4691 3093 4761 tuerentpatriarcham.
3124 4688 3391 4758 Praecepit
3428 4702 3665 4758 quoque,
3711 4698 3770 4742 ut
3816 4701 4039 4745 mortuo

805 4816 884 4866 vi,
916 4778 1042 4863 uel“
1074 4778 1379 4860 “(vacante
1418 4798 1812 4869 patriarcbatu,
1856 4793 2124 4861 eligerent
2152 4790 2267 4844 sive
2303 4802 2370 4844 ex
2472 4784 2804 4854 patriarcha,
2853 4780 3210 4835 convenirent
3247 4778 3487 4847 episcOpi
3544 4789 3595 4833 et
3647 4781 4031 4847 patriarcham

810 4912 1138 4972 quacunque
1167 4896 1387 4963 regione
1422 4868 1537 4943 sive
1576 4902 1642 4941 ex
1677 4881 1971 4938 duodecim
2014 4882 2119 4936 illis
2148 4881 2373 4949 presby-
2474 4874 2895 4929 constituerent.
2946 4870 3210 4938 Praecepit
3258 4871 3449 4934 etiam,
3500 4877 3560 4922 ut
3617 4868 3886 4923 defuncto
3949 4886 4044 4939 pa-

812 4958 950 5049 t'eris
979 4958 1094 5045 sive
1120 4958 1269 5050 aliis,
1296 4992 1355 5037 ut
1396 4998 1485 5036 res
1516 4980 1748 5041 ferebat,
1770 4977 1946 5029 virum
1989 4975 2225 5043 aliquem
2254 4974 2372 5027 exi-
2475 4965 2734 5030 triarcha,
2781 4964 3043 5034 eligerent
3097 4976 3164 5016 ex
3215 4972 3545 5029 quacunque
3584 4958 3810 5027 regione
3858 4961 4039 5012 virum

811 5089 998 5147 mium,
1029 5093 1264 5148 eumque
1281 5073 1645 5146 patriarcham
1670 5075 1941 5123 crearent.
1962 5067 2136 5135 Atque
2162 5066 2231 5118 ita
2247 5077 2373 5118 eva-
2477 5058 2708 5128 aliquem
2740 5056 3030 5110 virtutibus
3059 5053 3456 5123 praecellentem
3478 5088 3495 5114 ,
3551 5051 3665 5104 sive
3694 5049 3937 5118 aliquem
3979 5066 4045 5104 ex

814 5178 930 5231 nuit
954 5139 1432 5227 institutum-illud
1468 5161 1777 5231 antiquius,
1818 5173 1928 5226 quo
1960 5156 2137 5210 creari
2168 5156 2369 5210 solitus

2480 5148 2584 5200 illis
2620 5146 2907 5201 duodecim
2949 5142 3316 5213 presbyteris,
3366 5142 3482 5194 sive
3520 5139 3676 5204 aliis,
3725 5141 3893 5206 cujus
3925 5140 4044 5210 pia-

815 5282 843 5319 a
869 5260 1199 5333 presbyteris
1246 5254 1593 5327 patriarcha;
1671 5256 1726 5303 et
1768 5247 2036 5303 successit
2086 5247 2139 5298 in
2196 5248 2373 5298 locum
2480 5246 2602 5293 ceat
2642 5237 2907 5300 conditio,
2934 5245 2991 5288 et
3016 5235 3169 5289 illum
3202 5232 4044 5333 constituerent.patriarcham,

815 5319 936 5426 ejus
965 5319 1262 5407 decretura
1278 5349 1346 5402 de
1381 5344 1689 5414 patriarcha
1724 5340 1792 5393 ab
1818 5337 2089 5406 episc0pis
2117 5335 2375 5389 creando.
2478 5328 2823 5396 cessavitque
2853 5326 3111 5394 antiquus
3133 5338 3249 5377 mos
3274 5319 3641 5377 constituendi
3672 5322 4045 5388 patriarcham

817 5412 868 5505 1;
894 5448 1055 5501 etiam
1089 5442 1244 5511 petiit
1275 5438 1345 5492 ab
1375 5412 1456 5491 eis
1494 5449 1563 5488 ne
1611 5430 1920 5502 patriarcha
1970 5425 2375 5481 Alexandrinus
2412 5496 2451 5511 λ
2480 5436 2511 5475 a
2544 5416 2901 5490 presbyteris,
2943 5415 3191 5484 factaque
3216 5421 3300 5468 est
3343 5420 3587 5481 potestas
3616 5424 3785 5480 penes
3828 5412 4047 5479 epise-

819 5496 1341 5607 p-apa'vocitaretur,
1388 5523 1534 5597 quod
1575 5496 1849 5590 signiﬁcat
1896 5535 2081 5573 avum.
2114 5517 2218 5571 Sed
2250 5531 2377 5571 vero
2411 5496 2454 5555 Ῐ)
2483 5527 2580 5581 pos
2628 5506 2993 5563 constituendi
3049 5504 3439 5576 patriarcham.
3493 5501 3549 5555 Si
3594 5501 3687 5569 qui
3735 5516 3877 5607 .vero
3928 5516 4050 5570 per-

818 5591 1151 5685 Iab'ﬂanania
1180 5591 1342 5695 quem
1367 5591 1647 5675 constituit
1671 5613 1884 5669 Marcus
1910 5610 2243 5680 evangelista
2279 5625 2374 5679 pa-
2482 5603 2723 5659 cunctati
2766 5599 2988 5663 iuerint,
3017 5596 3129 5652 Cur
3152 5595 3460 5666 patriarcha
3510 5591 3914 5695 Alexandrinus
3952 5608 4049 5644 vo-

819 5683 1485 5771 triarcbamAlexandrite,
1520 5719 1689 5774 usque
1720 5702 1773 5755 in
1811 5709 2053 5770 tempora
2121 5697 2373 5752 Demetrii
2483 5705 2639 5752 catur
2663 5691 2846 5763 papa?
2873 5689 3017 5759 Papa
3050 5700 3229 5743 autem
3267 5700 3427 5742 avum
3471 5684 3767 5754 signiﬁcat,
3792 5683 4051 5774 hocquio

823 5805 1145 5878 patriarchae
1196 5802 1393 5855 ibidem
1435 5798 1509 5867 (is
1556 5796 1865 5866 patriarcha
1910 5792 2009 5846 fuit
2048 5789 2377 5846 Alexandri-
2487 5791 2606 5846 dein
2636 5785 2777 5853 ideo,
2824 5784 2950 5855 quia
2999 5798 3028 5836 a
3084 5792 3324 5850 tempore
3371 5777 3649 5841 llananias,
3693 5789 3853 5845 quem
3906 5773 4052 5832 lar-
