4200 6432
246 403 356 465 905

240 706 363 758 pos.
411 692 504 746 llic
551 702 734 753 autem
784 692 961 771 factus
1003 696 1315 762 patriarcha
1363 708 1481 753 tres
1532 702 1814 777 constituit

236 783 553 850 episcopos.
594 783 657 835 Et
698 786 909 852 primus
957 783 1063 838 fuit
1104 788 1191 842 hic
1234 790 1551 857 patriarcha
1588 792 1814 845 Alexan-

236 872 460 935 drinus,
503 873 598 941 qui
632 877 920 945 episcopos
963 876 1114 933 fecit.
1154 880 1363 934 Mortuo
1400 880 1677 937 Demetrio
1703 886 1814 938 sul-

237 963 419 1017 fectus
514 976 602 1018 est
670 964 928 1021 lleraclas
987 970 1299 1040 patriarcha
1372 975 1810 1039 Alexandrinus,

233 1053 332 1120 qui
373 1054 664 1123 episc0pos
695 1058 985 1112 constituit
1026 1060 1241 1128 viginti.
1269 1062 1346 1116 Ex
1382 1065 1466 1119 his
1490 1080 1633 1119 unus
1673 1078 1806 1132 erat,

236 1128 573 1198 Amm-unius
597 1145 799 1211 dictus,
840 1149 1122 1218 religionis
1164 1154 1433 1208 desertor.
1479 1156 1554 1209 De
1597 1174 1705 1227 quo
1733 1161 1809 1211 si-

232 1236 350 1289 mul
370 1236 517 1288 acad
542 1235 822 1291 lleraclam
847 1239 1023 1296 delata
1050 1254 1136 1298 est
1176 1244 1346 1309 fama,
1388 1256 1731 1319 congregavit
1766 1255 1808 1306 is

233 1327 509 1396 synodum
538 1331 950 1399 episcoporum,
979 1343 1033 1389 et
1063 1337 1114 1387 in
1149 1337 1338 1390 urbem
1369 1340 1643 1394 Ammonii
1690 1360 1809 1408 per-

230 1421 401 1484 resit,
436 1422 527 1474 tibi
582 1437 639 1474 re
674 1426 811 1477 satis
859 1427 1078 1495 cognita
1127 1436 1181 1479 et
1220 1440 1527 1499 perspecta,
1566 1450 1688 1487 eum
1741 1438 1806 1487 ad

229 1512 523 1563 veritatem
578 1510 811 1567 reduxit.
854 1515 992 1568 Cum
1036 1531 1165 1571 vero
1214 1518 1467 1577 homines
1504 1506 1808 1577 audierant

227 1601 521 1669 episcopos
558 1605 797 1659 vocitare
826 1608 1189 1675 patriarcham
1233 1612 1371 1667 abba
1406 1630 1499 1668 seu
1553 1626 1797 1683 patrem,

227 1693 375 1748 inter
418 1711 475 1749 se
496 1698 682 1751 dixere
723 1715 736 1751 :
776 1695 887 1754 Nos
931 1701 1243 1771 episcopum
1286 1705 1600 1771 quemlibet.
1650 1708 1804 1762 Abba

226 1800 325 1838 seu
377 1796 586 1855 patrem
622 1790 998 1859 appellamus;
1028 1799 1081 1844 et
1117 1793 1395 1860 appellant
1429 1796 1671 1866 episcopi
1711 1813 1803 1868 pa-

224 1878 530 1931 triarcham
597 1881 759 1933 abba.
816 1878 969 1935 Unde
1014 1897 1146 1937 sane
1188 1896 1401 1954 oportet
1446 1897 1503 1941 ut
1549 1906 1803 1943 vocemus
1839 1874 1874 1924 Β

220 1983 327 2022 nos
370 1970 738 2035 patriarcham
760 1987 973 2041 papam,
1011 1973 1063 2026 id
1094 1984 1176 2028 est
1213 1990 1369 2029 avum
1396 2019 1409 2041 ,
1444 1992 1571 2032 eum
1603 1981 1674 2034 sit
1699 1980 1801 2034 Pa-

219 2068 303 2112 ter
345 2061 596 2116 Patrum.
654 2063 732 2117 Ita
778 2079 808 2118 a
861 2074 1107 2135 tempore
1151 2066 1393 2126 lleraclie
1426 2111 1440 2136 ,
1488 2075 1798 2142 patriarcha

215 2151 628 2208 A'exaudriuus
674 2154 854 2211 dictus
896 2165 981 2212 est
1020 2174 1180 2229 papa,
1226 2162 1279 2215 id
1306 2174 1389 2217 est
1436 2179 1595 2220 avus.
1642 2164 1801 2221 Post-

214 2258 384 2309 quam
449 2253 631 2297 autem
678 2243 960 2302 Hananias
1009 2252 1324 2314 patriarcha
1396 2255 1799 2311 Alexandrinus

211 2349 377 2399 quem
427 2333 646 2391 Marcus
690 2338 1025 2406 evangelista
1088 2341 1136 2393 in
1188 2342 1314 2395 sede.
1353 2359 1450 2397 sua
1492 2348 1795 2409 constituit,

211 2438 391 2477 annos
440 2425 778 2492 sedissetei,
819 2440 1069 2484 mortuus
1110 2442 1213 2487 est.
1267 2433 1329 2484 Et
1377 2436 1655 2503 profectus
1713 2448 1799 2493 cst

212 2517 433 2571 Marcus
476 2521 807 2588 evangelista
858 2521 910 2574 in
973 2523 1221 2591 Baream,
1284 2536 1343 2579 ut
1399 2541 1795 2599 propagaretur

208 2610 354 2675 apud
405 2612 657 2665 homines
688 2612 819 2667 ﬁdes
859 2615 916 2667 in
959 2613 1235 2672 Christum
1267 2618 1464 2674 Filium
1499 2623 1614 2677 Dei.
1642 2623 1793 2679 Obiit

210 2700 339 2751 dein
396 2699 665 2754 Claudius
746 2702 932 2757 Caesar
1016 2705 1343 2775 imperator,
1405 2720 1459 2763 et
1509 2714 1793 2779 imperavit

206 2789 399 2845 Romae
426 2801 548 2854 post
583 2808 706 2847 eum
742 2793 884 2850 illius
902 2798 1022 2862 ejus
1059 2797 1203 2851 Nero
1237 2800 1421 2853 Cmsar
1462 2804 1623 2857 annis
1677 2812 1793 2859 tre-

204 2881 407 2945 decim,
460 2883 553 2950 qui
583 2884 795 2950 primus
848 2884 1791 2955 fuitgraviSsimoruminCliristia-

204 2987 306 3025 nos
348 2974 617 3026 malorum
659 2988 877 3039 auctor,
960 2979 1121 3031 homo
1164 2989 1349 3049 utpote
1412 2985 1463 3037 itt
1499 2985 1707 3039 consilii
1735 2996 1789 3042 et

203 3062 330 3116 vita:
373 3063 722 3118 instituenda:
765 3068 981 3123 ratione
1022 3072 1499 3139 improbissimus.
1551 3077 1616 3132 Et
1648 3087 1786 3133 teni-

202 3169 333 3221 pore
381 3150 623 3207 Neronis
690 3157 921 3212 Caesaris
985 3163 1208 3228 scripsit
1244 3164 1462 3231 Petrus,
1510 3173 1788 3238 apostolo-

198 3256 321 3294 rum
361 3243 639 3313 princeps,
672 3245 1020 3318 Evangelium
1052 3251 1211 3307 Marci
1239 3295 1252 3318 ,
1280 3270 1403 3310 cum
1435 3256 1634 3323 Marco,
1674 3261 1778 3314 lin-

196 3346 299 3399 gua
347 3332 618 3401 Humana,
672 3338 725 3391 in
776 3342 909 3396 urbe
958 3341 1166 3408 Batnae,
1227 3349 1320 3403 sed
1354 3351 1604 3405 attribuit
1649 3352 1779 3407 illud

200 3428 407 3481 Marco.
452 3428 628 3483 Etiam
671 3442 914 3503 tempore
961 3439 1123 3506 hujus
1166 3441 1510 3509 imperatoris
1556 3446 1778 3515 scripsit

197 3515 377 3572 Lucas
413 3519 768 3588 Evangelium
802 3539 962 3578 suum
988 3542 1162 3597 graece
1215 3531 1280 3584 ad
1330 3532 1504 3586 virum
1535 3536 1771 3589 nobilem

194 3623 256 3661 ex
300 3611 652 3677 sapientibus
708 3610 993 3679 Romanis,
1040 3619 1125 3670 cui
1177 3636 1378 3676 nomen
1417 3622 1771 3695 TlieOphllus,

192 3700 259 3751 ad
306 3717 472 3769 quem
521 3702 649 3757 item
680 3705 903 3774 scripsit
946 3709 1079 3761 Acta
1112 3727 1207 3763 seti
1236 3712 1658 3782 discipulorum,
1690 3721 1773 3773 hi-

193 3793 446 3845 storiam.
482 3790 607 3844 Erat
637 3806 815 3849 autem
842 3796 1015 3852 Lucas
1052 3802 1387 3872 evangelista
1409 3821 1592 3862 comes
1622 3808 1771 3865 Pauli

191 3887 449 3953 apostoli,
480 3904 711 3955 quorum
756 3906 852 3958 per
884 3903 1094 3961 tempus
1129 3898 1347 3967 aliquod
1378 3904 1597 3958 mansit.
1622 3903 1773 3961 Unde

186 3986 271 4027 est
294 3978 440 4043 quod
471 3975 670 4031 Paulus
716 3983 997 4047 apostolus
1043 3984 1096 4037 itt
1133 3989 1367 4054 quadam
1398 3990 1638 4059 Epistola
1672 4011 1768 4049 sua

188 4068 325 4119 dicit
355 4086 367 4119 :
397 4066 565 4120 Lucus
590 4071 820 4125 medicus
868 4089 952 4126 vos
983 4075 1207 4129 salutat.
1282 4077 1619 4146 (Co!oss.,tv.
1657 4087 1766 4156 14.)

189 4156 532 4213 Prebensum
576 4176 705 4215 vero
741 4163 962 4218 Petrum
991 4164 1135 4221 Nero
1165 4168 1347 4223 Caesar
1388 4177 1538 4228 cruci
1574 4178 1760 4245 attigit,

186 4259 421 4313 corpore
468 4251 680 4306 scilicet
720 4253 960 4321 inverso,
991 4265 1157 4326 atque
1193 4259 1266 4311 ita
1300 4271 1477 4315 morte
1524 4280 1646 4318 eum
1678 4267 1760 4320 af-

187 4336 340 4390 t‘ecit.
377 4336 515 4392 Nam
553 4350 607 4393 et
646 4341 861 4398 dixerat
906 4348 954 4400 ei
1018 4348 1260 4405 Petrus:
1314 4352 1369 4405 Si
1422 4354 1505 4409 vis
1558 4369 1615 4410 ιιι
1664 4374 1763 4428 ego

183 4431 335 4481 cruci
387 4432 595 4499 alligar,
639 4449 867 4503 corpore
899 4453 985 4491 tne
1030 4439 1249 4494 inverso
1297 4445 1451 4514 allige
1484 4449 1658 4511 cruci,
1694 4468 1759 4506 ne

182 4536 339 4574 mors
391 4523 525 4575 mihi
569 4524 773 4579 inﬂicta
824 4529 1025 4585 similis
1062 4533 1132 4586 sit
1176 4534 1223 4588 ei
1256 4551 1376 4603 quae
1412 4538 1759 4609 iuﬂigebatur

180 4610 420 4666 Domino
452 4632 572 4670 meo
601 4617 843 4685 Christo,
869 4623 959 4689 qui
990 4623 1138 4675 cruci
1167 4624 1361 4680 aﬂixus
1390 4638 1495 4693 est,
1527 4648 1758 4701 corpore
1794 4636 1834 4689 D

177 4712 388 4756 eiecto.
444 4704 547 4759 Sed
613 4710 791 4776 gladio
857 4714 1159 4768 trucidavit
1220 4716 1468 4773 Paulum.
1522 4720 1757 4779 Occisus

177 4803 363 4846 autent
406 4807 491 4850 est
545 4797 742 4854 Petrus
788 4803 892 4857 sub
941 4822 1146 4860 annum
1187 4810 1257 4861 22
1303 4824 1420 4879 post
1460 4799 1747 4869 Dominum

175 4898 425 4939 noStrum
461 4887 764 4945 Christum.
800 4894 930 4947 Erat
965 4911 1092 4951 vero
1126 4912 1247 4968 post
1274 4902 1493 4957 Petrum
1520 4947 1535 4971 ,
1582 4903 1752 4964 Linus

175 4977 492 5040 patriarcha
524 4978 732 5046 Romam
771 5000 879 5054 qua
910 4986 1130 5043 functus
1167 4993 1434 5065 dignitate
1464 4998 1530 5051 12
1571 5013 1750 5054 annos

168 5069 326 5121 obiit.
370 5068 435 5122 Et
471 5072 556 5125 hic
581 5076 789 5141 primus
821 5088 939 5132 erat
966 5082 1279 5148 patriarcha
1316 5089 1614 5144 Romanus.
1649 5092 1746 5147 At-

170 5175 275 5227 que
328 5171 450 5214 erat
485 5162 700 5219 Marcus
734 5170 1013 5241 Evangelii
1050 5186 1265 5243 auctor,
1317 5182 1374 5234 in
1416 5182 1743 5238 Alexandria

166 5264 217 5303 et
262 5252 437 5307 Barca
475 5258 557 5325 (ut
597 5258 812 5314 scilicet
846 5277 1246 5335 propagaretur
1302 5274 1443 5342 apud
1489 5276 1742 5333 homines

166 5344 298 5399 iidcs
320 5350 373 5400 in
398 5348 680 5405 Christum
704 5350 901 5409 Filium
931 5356 1049 5428 Dei)
1073 5362 1231 5416 annis
1252 5375 1489 5434 septem.
1512 5367 1578 5420 Et
1596 5385 1741 5423 anno

166 5436 377 5505 imperii
429 5440 660 5498 Neronis
693 5445 925 5503 Caasaris
961 5451 1075 5519 jam
1127 5454 1256 5530 dicti
1298 5461 1475 5525 primo
1514 5464 1735 5520 occisus

159 5535 239 5578 est
293 5527 513 5597 Marcus
562 5534 928 5615 Alexandria,
987 5555 1039 5597 et
1089 5527 1289 5617 corptis
1327 5552 1445 5618 ejus
1493 5555 1614 5624 igne
1649 5566 1733 5611 est

159 5626 489 5673 crematum.

477 5908 746 5988 PATittiL.
792 5934 904 5993 tiu.
937 5938 1078 6001 CXI.
1140 5974 1145 5979 -

1697 410 1896 468 ANNA
1912 413 2062 475 [ΕΞ.

246 527 353 565 nus
380 509 719 581 undecimus)
745 510 927 566 nullus
952 520 1067 567 erat
1086 514 1138 567 in
1158 515 1448 581 provinciis
1463 514 1682 586 :Egypli
1701 519 1819 584 epi-

242 615 484 669 scopus;
521 618 620 658 nec
657 604 982 672 patriarchae
1007 614 1134 659 ante
1159 620 1281 658 eum
1319 619 1575 663 crearunt
1609 612 1817 678 episco-

3406 432 3508 497 906

1866 530 1892 573 με
1927 533 2023 575 cus
2049 527 2378 594 evangelista
2409 531 2771 596 patriarcham
2817 537 3100 592 constituit
3128 540 3491 612 Alexandriae,

1923 621 2094 675 usque
2118 610 2182 664 ad
2209 621 2450 680 tempora
2481 617 2735 672 Demetrii
2766 625 3087 684 patriarchae.
3108 610 3485 693 Alexandrini.

1919 708 1974 751 et
2004 710 2087 753 est
2121 703 2441 759 undecimus
2490 711 2800 775 patriarcha
2841 716 3263 787 Alexandrinus,
3306 727 3488 781 nullus

1891 773 2034 842 ἰϊηι
2057 794 2108 844 in
2137 794 2414 875 territorio
2435 798 2651 869 Aigypti
2682 804 3004 873 episcOpus;
3026 825 3122 865 nec
3142 819 3486 883 patriarcha).

1920 887 2011 948 qui
2046 893 2173 939 ante
2204 901 2327 940 eum
2365 906 2541 955 erant,
2578 898 2981 954 constituerant
3005 904 3124 973 (ibi)
3150 909 3485 980 cpiscOpum.

1917 977 2052 1030 Cum
2093 978 2275 1047 itaque
2308 980 2481 1038 factus
2514 997 2593 1039 est
2622 985 2940 1047 ‘Demetrius
2991 999 3326 1067 patriarcha,
3377 1017 3488 1062 tres

1878 1120 1887 1135 ,
1918 1070 2205 1125 constituit
2237 1074 2543 1143 episcopos,
2573 1088 2625 1133 et
2656 1091 2741 1135 est
2775 1086 2980 1150 primus
3024 1093 3358 1160 patriarcha,
3395 1102 3485 1167 qui

1919 1162 1968 1213 in
2001 1162 2330 1219 Alexandria
2368 1166 2495 1221 fecit
2536 1173 2844 1240 episc0pos.
2875 1177 2950 1230 Eo
2982 1193 3162 1237 autem
3199 1186 3483 1255 defuncto,

1917 1256 2176 1311 sullectus
2202 1270 2285 1313 est
2317 1271 2439 1330 post
2466 1263 2613 1317 illum
2648 1264 2902 1324 lleraclas
2923 1276 3227 1339 patriarcha
3248 1283 3485 1337 Alexan-

1919 1349 2064 1409 drim,
2100 1353 2189 1418 qui
2229 1343 2415 1422 viginti
2449 1358 2737 1413 constituit
2764 1362 3073 1433 episcopus.
3108 1368 3253 1425 Unus
3298 1387 3479 1430 autem

1917 1457 1975 1493 ex
2025 1443 2108 1493 his
2142 1444 2412 1516 episcopis
2442 1450 2662 1505 nomine
2690 1450 3011 1521 Eumenius,
3051 1460 3103 1514 in
3138 1463 3307 1532 legem
3342 1484 3483 1533 pra:-

1918 1534 2185 1589 varicatus
2218 1547 2319 1591 est.
2352 1539 2487 1594 Cum
2542 1556 2721 1597 autem
2752 1547 2873 1615 ejus
2917 1550 3056 1604 fama
3093 1554 3157 1608 ad
3194 1555 3479 1614 lleraclam

1914 1627 2277 1689 patriarcham
2349 1632 2525 1687 delata
2588 1646 3164 1715 essethcongrcgavit
3225 1648 3480 1707 lleraclas

1912 1720 2218 1785 patriarcha
2263 1725 2525 1793 synodum
2562 1729 2964 1799 episcoporum,
3019 1742 3359 1810 perrexitqne
3412 1752 3478 1800 ad

1911 1812 2100 1865 urbem
2134 1814 2405 1878 Eumeuii,
2437 1828 2489 1871 et
2536 1821 2653 1889 ejus
2691 1834 2836 1877 Statu
2869 1828 3003 1882 satis
3036 1836 3275 1898 cognito,
3317 1848 3481 1902 atque

1910 1916 2195 1972 perspecto
2221 1912 2442 1977 negotio
2471 1913 2637 1975 illius,
2670 1932 2794 1969 eum
2828 1921 2891 1971 ad
2928 1924 3205 1978 veritatem
3240 1932 3474 1984 reduxit.

1908 1997 2065 2051 Plebs
2078 2014 2207 2051 vero
2221 2002 2452 2054 audiens
2465 2004 2748 2072 episcopos
2762 2011 3123 2075 patriarcham
3141 2021 3475 2083 appellantes

1908 2101 2135 2157 patrem,
2158 2094 2293 2148 dixit
2317 2100 2456 2163 apud
2478 2113 2533 2149 sv
2556 2115 2568 2149 :
2595 2098 2649 2152 Si
2675 2115 2771 2155 nos
2795 2104 3110 2175 episcopum
3140 2112 3475 2178 appellamus

1907 2195 2137 2251 patrem,
2166 2198 2221 2242 et
2257 2190 2549 2258 episcopus
2578 2196 2945 2260 patriarcham
2983 2211 3188 2269 patrem
3218 2209 3474 2274 appellat.

1906 2288 2141 2343 oportet,
2182 2292 2235 2334 ut
2270 2297 2367 2335 nos
2400 2286 2768 2349 patriarcham
2803 2277 3140 2359 appellemus
3174 2313 3385 2364 papam,
3419 2303 3470 2355 itl

1905 2383 1985 2427 est
2006 2388 2318 2437 avum,cum
2342 2376 2429 2429 ille
2448 2378 2516 2430 sit
2540 2389 2693 2447 pater
2712 2392 2944 2449 patrum.
2961 2386 3269 2455 Appellatus
3290 2394 3474 2458 itaque.

1903 2475 1985 2521 est
2011 2479 2039 2518 a
2068 2466 2260 2520 diebus
2287 2466 2525 2523 lleraclai
2548 2473 2856 2539 patriarcha
2886 2478 3287 2539 Alexandrinus
3310 2503 3468 2553 papa,

1903 2556 1956 2611 id
1985 2567 2066 2611 est
2088 2571 2243 2612 avus.
2271 2558 2442 2615 Porro
2468 2561 2745 2620 llanauias
2768 2570 3076 2636 patriarcha
3102 2576 3465 2642 Alexandria-,

1898 2648 2060 2701 quem
2108 2642 2470 2696 c0itstituerat
2505 2645 2721 2700 Marcus
2762 2656 3094 2720 evangelista
3144 2662 3195 2709 in
3244 2674 3305 2709 ea
3344 2664 3472 2711 sedc

1897 2727 2286 2797 patriarcham,
2326 2735 2662 2793 seditaunos
2695 2742 2883 2811 viginti
2928 2749 3089 2811 duos,
3122 2760 3168 2801 et
3218 2765 3470 2807 tttnrtutts

1897 2826 2000 2870 est.
2045 2819 2260 2877 Marcus
2290 2841 2421 2879 vero
2451 2832 2787 2899 evangelista
2823 2850 3080 2905 egressus
3114 2852 3196 2894 est
3238 2842 3303 2894 ad
3343 2844 3470 2895 nar.

1898 2924 2019 2965 eam
2050 2912 2299 2971 homines
2323 2934 2639 2978 convocans
2682 2926 2747 2979 ad
2780 2926 2938 2982 ﬁdem
2979 2930 3032 2984 in
3072 2932 3346 2987 Christum
3386 2936 3471 2987 Fi-

1899 3001 2034 3056 lium
2068 3004 2184 3059 Dei.
2220 3007 2284 3061 Et
2319 3020 2571 3068 mortuus
2601 3026 2684 3071 est
2718 3019 2977 3076 Claudius
3008 3024 3194 3078 Caesar
3237 3028 3469 3095 impera-

1898 3102 2005 3161 tor,
2067 3100 2472 3174 ituperavitque
2522 3118 2644 3177 post
2698 3112 2847 3166 illutn
2920 3115 3064 3171 (ilius
3115 3120 3234 3185 ejus
3285 3120 3460 3176 Neron

1893 3186 2077 3243 Ctesar
2120 3190 2308 3249 Roma:
2361 3201 2618 3254 tredecim
2651 3207 2830 3269 armis,
2882 3222 2935 3261 et.
2983 3219 3067 3263 est
3106 3213 3336 3279 primus.
3370 3220 3462 3284 qui

1810 3282 1853 3343 C
1893 3283 2188 3338 concitavit
2239 3288 2292 3341 in
2336 3290 2684 3348 Christianos
2736 3300 2971 3364 malum,
3024 3312 3078 3355 et
3127 3309 3465 3372 persecutio-

1893 3387 2035 3426 nem.
2075 3375 2204 3430 Erat
2235 3380 2435 3449 quippe
2468 3384 2630 3436 homo
2667 3391 2938 3455 pessimus
2999 3410 3063 3448 ac
3110 3397 3457 3465 improbissi-

1889 3465 1992 3517 mis
2054 3471 2321 3524 moribus.
2373 3473 2638 3551 Tempore
2690 3494 2871 3535 autent
2932 3485 3167 3542 Neronis
3220 3490 3456 3547 Caesaris

1887 3558 2110 3625 scripsit
2146 3559 2340 3617 Petrus
2375 3570 2749 3633 apostolorum
2785 3575 3039 3645 princeps
3098 3579 3447 3651 Evangelinm

1885 3649 2075 3715 Marci,
2133 3651 2318 3709 Marco
2343 3660 2665 3728 excipiente,
2699 3664 2879 3734 lingua
2928 3668 3169 3724 Romana
3225 3674 3277 3727 in
3320 3678 3453 3730 urbe

1885 3739 2094 3806 Romae,
2126 3752 2180 3797 et
2214 3748 2461 3803 attribuit
2491 3751 2618 3806 illud
2650 3752 2852 3811 Marco.
2887 3757 3062 3828 Hujus
3088 3779 3308 3831 quoque
3350 3766 3452 3819 im~

1883 3836 2147 3898 pcratoris
2175 3844 2420 3907 tempore
2450 3844 2672 3911 scripsit
2708 3846 3056 3918 Evangelium
3085 3868 3245 3907 suum
3276 3855 3452 3910 Lucas

1880 3922 2065 3977 Graeca
2111 3925 2293 3997 lingua
2327 3931 2391 3983 ad
2423 3934 2597 3988 virum
2639 3939 2925 4005 quemdam
2963 3944 3201 3999 nobilem
3253 3949 3321 4002 de
3363 3963 3457 4002 saw

1881 4014 2158 4081 pientibus
2220 4018 2763 4108 Romanortttu,_cui
2832 4047 3030 4088 nomen
3089 4035 3448 4108 Theophilus.

1876 4105 2154 4177 Inscripsit
2203 4113 2378 4166 eidem
2413 4101 2672 4185 praeterea
2734 4124 2889 4190 Acta,
2943 4142 3065 4194 quas
3115 4141 3245 4185 sunt
3284 4134 3451 4188 Itisto‘

1875 4197 1969 4250 ria:
2017 4201 2438 4270 discipulorum.
2488 4208 2668 4264 Lucas
2707 4216 2905 4284 quippe
2955 4217 3179 4275 Paulum
3238 4237 3451 4293 aposio-

1874 4286 1984 4339 lum
2014 4293 2309 4350 comitattts
2350 4307 2484 4362 erat,
2512 4315 2574 4353 ac
2612 4316 2704 4368 per
2732 4305 2947 4373 aliquod
2978 4316 3192 4377 tempus
3233 4329 3448 4371 manse-

1874 4386 1957 4430 rat
1994 4392 2117 4432 cum
2170 4382 2299 4447 illo;
2352 4402 2477 4440 nam
2533 4388 2733 4444 Paulus
2789 4397 3069 4461 apostolus
3112 4400 3164 4453 in
3206 4403 3441 4471 quadam

1873 4481 1971 4520 sua
2023 4470 2252 4539 epistola
2305 4475 2488 4531 dicit:
2554 4478 2722 4534 Lucas
2785 4486 3017 4539 medicus
3070 4505 3157 4544 vos
3219 4494 3444 4552 salutat.

1869 4556 2014 4614 Nero
2038 4571 2219 4617 autem
2258 4566 2443 4622 Caesar
2472 4582 2691 4639 captum
2726 4574 2946 4630 Petrum
2977 4582 3128 4634 cruci
3165 4582 3331 4636 aliixit
3359 4587 3441 4636 iu-

1866 4668 2112 4717 versum,
2139 4669 2301 4726 atque
2324 4661 2474 4713 illum
2495 4665 2697 4718 occidit
2720 4669 2888 4734 ,jquia
2909 4670 3115 4724 dixerat
3138 4675 3185 4726 ei
3210 4674 3436 4729 Petrus:

1867 4742 1920 4797 Si
1956 4747 2038 4800 vis
2068 4763 2152 4801 me
2175 4751 2326 4805 cruci
2371 4752 2622 4821 adigere;
2648 4772 2857 4825 quaeso,
2901 4762 3103 4831 alligito
3129 4780 3215 4819 me
3259 4768 3441 4821 inver-

1866 4852 2006 4898 sum,
2062 4854 2131 4893 ne
2177 4843 2381 4897 similis
2426 4846 2550 4898 ﬁant
2602 4847 2838 4902 Domino
2882 4869 3000 4907 meo
3033 4857 3289 4921 Christo,
3345 4866 3435 4928 qui

1865 4938 2043 4982 rectus
2087 4935 2236 4986 cruci
2285 4935 2478 5004 allixus
2513 4948 2615 4991 est.
2656 4940 2808 4996 Pauli
2859 4956 2986 5000 vero
3025 4949 3224 5002 collum
3256 4955 3435 5021 gladio

1860 5024 2173 5077 trucidavit.
2207 5014 2437 5083 OcCisns
2470 5042 2652 5086 autem
2702 5046 2785 5089 est
2836 5038 3031 5095 Petrus
3068 5044 3253 5110 viginti
3300 5048 3436 5098 dum-

1857 5112 1958 5165 lius
2004 5115 2205 5182 elapsis
2269 5130 2393 5185 post
2446 5117 2727 5178 Christum
2758 5126 3058 5183 Dominum
3121 5140 3316 5201 annis;
3382 5149 3433 5190 ct

1856 5207 2137 5261 suil'ectus'
2178 5220 2261 5264 est
2310 5212 2469 5268 Petro
2533 5215 2700 5272 Linus
2746 5222 3058 5287 patriarcha
3109 5224 3313 5292 Roma‘,
3347 5244 3431 5284 sc-

1854 5296 2040 5365 ditque
2097 5304 2257 5357 annis
2319 5304 2625 5373 duodecim,
2668 5320 2723 5364 et
2765 5311 3016 5369 mortuus
3063 5328 3169 5380 est,
3222 5328 3276 5392 et
3333 5321 3431 5374 fuit

1856 5384 2091 5452 primus,‘
2118 5394 2211 5461 qui
2245 5380 2428 5450 Romae
2458 5400 2771 5467 patriarcha
2799 5405 3061 5462 suffectus
3084 5404 3189 5462 est.
3214 5389 3429 5465 Marcus

1851 5490 2029 5533 autern
2095 5494 2292 5539 auctor
2345 5488 2624 5557 Evangelii
2689 5505 2811 5548 erat
2865 5496 2917 5549 in
2978 5498 3302 5554 Alexandria
3375 5516 3429 5557 et

1848 5572 2042 5637 Barca,
2074 5576 2381 5633 convocans
2407 5582 2687 5639 ,homines
2736 5587 2800 5639 ad
2851 5589 3008 5645 [idem
3055 5592 3422 5648 iltaChrisltlttt

1848 5662 2042 5716 Filium
2098 5664 2189 5719 Dei
2248 5684 2341 5736 per
2370 5672 2608 5738 spatium
2666 5658 2933 5734 ann‘orum
2976 5692 3207 5751 septem.
3268 5686 3425 5739 Anim

1834 5769 2012 5811 autem
2044 5760 2218 5827 primo
2243 5762 2402 5832 hujus
2421 5762 2652 5823 Neronis
2671 5771 2904 5829 Caesaris
2935 5776 3151 5832 occiSus
3177 5787 3256 5832 est
3283 5777 3414 5831 Mar-

1834 5865 1929 5905 cus
1956 5851 2313 5920 Alexattdritc,
2346 5867 2398 5912 et
2432 5872 2630 5930 corpus
2662 5865 2778 5934 ejus
2811 5867 2929 5935 igne
2952 5881 3248 5923 crematum
3285 5880 3386 5923 ρει,

3012 5983 3132 6041 '29.
