  <div class='ocr_page' id='page_1' title='image "/cluster/home/n/w/nwhite01/storage/ocr_20150623/111/nnc1.0046979743/459.png"; bbox 0 0 4200 6432; ppageno 0'>
   <div class='ocr_carea' id='block_1_1' title="bbox 745 396 848 465">
    <p class='ocr_par' dir='ltr' id='par_1_1' title="bbox 745 396 848 465">
     <span class='ocr_line' id='line_1_1' title="bbox 745 396 848 465; baseline -0.078 0"><span class='ocrx_word' id='word_1_1' title='bbox 745 396 848 465; x_wconf 77' lang='grc'><strong>907</strong></span> 
     </span>
    </p>
   </div>
   <div class='ocr_carea' id='block_1_2' title="bbox 1751 547 1953 560">
    <p class='ocr_par' dir='ltr' id='par_1_2' title="bbox 1751 547 1953 560">
     <span class='ocr_line' id='line_1_2' title="bbox 1751 547 1953 560; baseline 0.005 -3"><span class='ocrx_word' id='word_1_2' title='bbox 1751 547 1953 560; x_wconf 65' lang='lat'><strong>0—...</strong></span> 
     </span>
    </p>
   </div>
   <div class='ocr_carea' id='block_1_3' title="bbox 1764 393 2954 456">
    <p class='ocr_par' dir='ltr' id='par_1_3' title="bbox 1764 393 2954 456">
     <span class='ocr_line' id='line_1_3' title="bbox 1764 393 2954 456; baseline -0.008 -2"><span class='ocrx_word' id='word_1_3' title='bbox 1764 394 2133 456; x_wconf 76' lang='lat' dir='ltr'><strong>EUTYCUII</strong></span> <span class='ocrx_word' id='word_1_4' title='bbox 2168 393 2702 453; x_wconf 74' lang='lat' dir='ltr'><strong>ALEXANDRINI</strong></span> <span class='ocrx_word' id='word_1_5' title='bbox 2740 394 2954 453; x_wconf 70' lang='lat' dir='ltr'><strong>PATll.</strong></span> 
     </span>
    </p>
   </div>
   <div class='ocr_carea' id='block_1_4' title="bbox 1016 688 3699 766">
    <p class='ocr_par' dir='ltr' id='par_1_4' title="bbox 1016 688 3699 766">
     <span class='ocr_line' id='line_1_4' title="bbox 1016 688 3699 766; baseline -0 -11"><span class='ocrx_word' id='word_1_6' title='bbox 1016 690 1488 757; x_wconf 70' lang='lat' dir='ltr'><strong>INNOMINE</strong></span> <span class='ocrx_word' id='word_1_7' title='bbox 1532 690 1703 762; x_wconf 75' lang='lat' dir='ltr'><strong>DEI,</strong></span> <span class='ocrx_word' id='word_1_8' title='bbox 1748 690 2020 760; x_wconf 47' lang='lat' dir='ltr'><strong>LIVIUS,</strong></span> <span class='ocrx_word' id='word_1_9' title='bbox 2064 688 2443 760; x_wconf 65' lang='grc' dir='ltr'><em>ᾸΞΤΕΒΝΙ,</em></span> <span class='ocrx_word' id='word_1_10' title='bbox 2485 689 3079 760; x_wconf 73' lang='lat' dir='ltr'><strong>IMMUTABIIJS,</strong></span> <span class='ocrx_word' id='word_1_11' title='bbox 3144 690 3699 766; x_wconf 79' lang='lat' dir='ltr'><strong>IMMORTALIS,</strong></span> 
     </span>
    </p>
   </div>
   <div class='ocr_carea' id='block_1_5' title="bbox 1589 815 3140 891">
    <p class='ocr_par' dir='ltr' id='par_1_5' title="bbox 1589 815 3140 891">
     <span class='ocr_line' id='line_1_5' title="bbox 1589 815 3140 891; baseline 0.002 -17"><span class='ocrx_word' id='word_1_12' title='bbox 1589 815 1638 874; x_wconf 76' lang='grc' dir='ltr'><em>Α</em></span> <span class='ocrx_word' id='word_1_13' title='bbox 1739 816 1909 891; x_wconf 81' lang='lat' dir='ltr'><strong>QUO</strong></span> <span class='ocrx_word' id='word_1_14' title='bbox 2005 815 2120 874; x_wconf 81' lang='lat' dir='ltr'><strong>ET</strong></span> <span class='ocrx_word' id='word_1_15' title='bbox 2208 815 2649 875; x_wconf 78' lang='lat' dir='ltr'><strong>AUXILIL&#39;M</strong></span> <span class='ocrx_word' id='word_1_16' title='bbox 2727 816 3140 877; x_wconf 80' lang='lat' dir='ltr'><strong>PETIMUS.</strong></span> 
     </span>
    </p>
   </div>
   <div class='ocr_carea' id='block_1_6' title="bbox 1746 1080 2974 1194">
    <p class='ocr_par' dir='ltr' id='par_1_6' title="bbox 1746 1080 2974 1194">
     <span class='ocr_line' id='line_1_6' title="bbox 1746 1080 2974 1194; baseline 0.002 -5"><span class='ocrx_word' id='word_1_17' title='bbox 1746 1080 2154 1191; x_wconf 81' lang='lat' dir='ltr'><strong>LIBER</strong></span> <span class='ocrx_word' id='word_1_18' title='bbox 2239 1082 2974 1194; x_wconf 76' lang='lat' dir='ltr'><strong>HlSTOBl/E</strong></span> 
     </span>
    </p>
   </div>
   <div class='ocr_carea' id='block_1_7' title="bbox 1366 1376 3349 1443">
    <p class='ocr_par' dir='ltr' id='par_1_7' title="bbox 1366 1376 3349 1443">
     <span class='ocr_line' id='line_1_7' title="bbox 1366 1376 3349 1443; baseline -0.002 -1"><span class='ocrx_word' id='word_1_19' title='bbox 1366 1380 1618 1443; x_wconf 67' lang='lat' dir='ltr'><strong>JUILTA</strong></span> <span class='ocrx_word' id='word_1_20' title='bbox 1676 1378 2134 1437; x_wconf 75' lang='lat' dir='ltr'><strong>ACCURATAM</strong></span> <span class='ocrx_word' id='word_1_21' title='bbox 2198 1377 2382 1439; x_wconf 82' lang='lat' dir='ltr'><strong>VERI</strong></span> <span class='ocrx_word' id='word_1_22' title='bbox 2437 1378 2838 1438; x_wconf 78' lang='lat' dir='ltr'><strong>RATIONEM</strong></span> <span class='ocrx_word' id='word_1_23' title='bbox 2919 1376 3349 1439; x_wconf 74' lang='lat' dir='ltr'><strong>COLLECTUS</strong></span> 
     </span>
    </p>
   </div>
   <div class='ocr_carea' id='block_1_8' title="bbox 846 1500 3857 1573">
    <p class='ocr_par' dir='ltr' id='par_1_8' title="bbox 846 1500 3857 1573">
     <span class='ocr_line' id='line_1_8' title="bbox 846 1500 3857 1573; baseline 0.001 -12"><span class='ocrx_word' id='word_1_24' title='bbox 846 1502 1092 1566; x_wconf 82' lang='lat' dir='ltr'><strong>OPERA</strong></span> <span class='ocrx_word' id='word_1_25' title='bbox 1162 1500 1671 1561; x_wconf 64' lang='lat' dir='ltr'><strong>PATRIARCHJE</strong></span> <span class='ocrx_word' id='word_1_26' title='bbox 1711 1501 2100 1569; x_wconf 75' lang='lat' dir='ltr'><strong>EUTYCHII,</strong></span> <span class='ocrx_word' id='word_1_27' title='bbox 2150 1500 2288 1573; x_wconf 80' lang='lat' dir='ltr'><strong>QUI</strong></span> <span class='ocrx_word' id='word_1_28' title='bbox 2327 1500 2921 1562; x_wconf 66' lang='lat' dir='ltr'><strong>COGNOMINATUS</strong></span> <span class='ocrx_word' id='word_1_29' title='bbox 2950 1503 3090 1563; x_wconf 80' lang='lat' dir='ltr'><strong>EST</strong></span> <span class='ocrx_word' id='word_1_30' title='bbox 3131 1506 3308 1564; x_wconf 72' lang='lat' dir='ltr'><strong>SAID</strong></span> <span class='ocrx_word' id='word_1_31' title='bbox 3350 1505 3499 1565; x_wconf 67' lang='lat' dir='ltr'><strong>EBN</strong></span> <span class='ocrx_word' id='word_1_32' title='bbox 3542 1505 3857 1565; x_wconf 62' lang='lat' dir='ltr'><strong>B.\TP.lK-</strong></span> 
     </span>
    </p>
   </div>
   <div class='ocr_carea' id='block_1_9' title="bbox 1195 1615 3521 1689">
    <p class='ocr_par' dir='ltr' id='par_1_9' title="bbox 1195 1615 3521 1689">
     <span class='ocr_line' id='line_1_9' title="bbox 1195 1615 3521 1689; baseline -0.001 -10"><span class='ocrx_word' id='word_1_33' title='bbox 1195 1617 1410 1689; x_wconf 80' lang='lat' dir='ltr'><strong>QUEM</strong></span> <span class='ocrx_word' id='word_1_34' title='bbox 1445 1616 1792 1677; x_wconf 76' lang='lat' dir='ltr'><strong>SCRIPSIT</strong></span> <span class='ocrx_word' id='word_1_35' title='bbox 1829 1617 1930 1676; x_wconf 86' lang='lat' dir='ltr'><strong>AD</strong></span> <span class='ocrx_word' id='word_1_36' title='bbox 1966 1615 2331 1675; x_wconf 77' lang='lat' dir='ltr'><strong>FRATREM</strong></span> <span class='ocrx_word' id='word_1_37' title='bbox 2358 1615 2576 1674; x_wconf 87' lang='lat' dir='ltr'><strong>SUUM</strong></span> <span class='ocrx_word' id='word_1_38' title='bbox 2618 1616 2821 1685; x_wconf 75' lang='lat' dir='ltr'>ISAM,</span> <span class='ocrx_word' id='word_1_39' title='bbox 2882 1617 2979 1677; x_wconf 90' lang='lat' dir='ltr'><strong>DE</strong></span> <span class='ocrx_word' id='word_1_40' title='bbox 3058 1616 3521 1679; x_wconf 80' lang='lat' dir='ltr'><strong>COGNlTIONE</strong></span> 
     </span>
    </p>
   </div>
   <div class='ocr_carea' id='block_1_10' title="bbox 1024 1727 3699 1803">
    <p class='ocr_par' dir='ltr' id='par_1_10' title="bbox 1024 1727 3699 1803">
     <span class='ocr_line' id='line_1_10' title="bbox 1024 1727 3699 1803; baseline -0 -9"><span class='ocrx_word' id='word_1_41' title='bbox 1024 1732 1563 1795; x_wconf 82' lang='lat' dir='ltr'><strong>HISTORIARUM</strong></span> <span class='ocrx_word' id='word_1_42' title='bbox 1603 1729 2192 1796; x_wconf 74' lang='lat' dir='ltr'><strong>UNIVERSALIUM</strong></span> <span class='ocrx_word' id='word_1_43' title='bbox 2222 1731 2270 1788; x_wconf 85' lang='lat' dir='ltr'><strong>A</strong></span> <span class='ocrx_word' id='word_1_44' title='bbox 2303 1727 2664 1789; x_wconf 79' lang='lat' dir='ltr'><strong>TEMPORE</strong></span> <span class='ocrx_word' id='word_1_45' title='bbox 2703 1730 2949 1789; x_wconf 81' lang='lat' dir='ltr'><strong>ADAMI</strong></span> <span class='ocrx_word' id='word_1_46' title='bbox 2983 1730 3244 1803; x_wconf 88' lang='lat' dir='ltr'><strong>USQUE</strong></span> <span class='ocrx_word' id='word_1_47' title='bbox 3303 1733 3405 1792; x_wconf 84' lang='lat' dir='ltr'><strong>AD</strong></span> <span class='ocrx_word' id='word_1_48' title='bbox 3454 1732 3699 1794; x_wconf 78' lang='lat' dir='ltr'><strong>ANNOS</strong></span> 
     </span>
    </p>
   </div>
   <div class='ocr_carea' id='block_1_11' title="bbox 1952 1848 2763 1911">
    <p class='ocr_par' dir='ltr' id='par_1_11' title="bbox 1952 1848 2763 1911">
     <span class='ocr_line' id='line_1_11' title="bbox 1952 1848 2763 1911; baseline -0.001 0"><span class='ocrx_word' id='word_1_49' title='bbox 1952 1849 2215 1911; x_wconf 66' lang='lat' dir='ltr'><strong>HElR/E</strong></span> <span class='ocrx_word' id='word_1_50' title='bbox 2274 1848 2763 1911; x_wconf 80' lang='lat' dir='ltr'><strong>ISLAMlTlC/E.</strong></span> 
     </span>
    </p>
   </div>
   <div class='ocr_carea' id='block_1_12' title="bbox 1037 2173 3690 2349">
    <p class='ocr_par' dir='ltr' id='par_1_12' title="bbox 1037 2173 3690 2349">
     <span class='ocr_line' id='line_1_12' title="bbox 1037 2173 3690 2349; baseline -0.003 0"><span class='ocrx_word' id='word_1_51' title='bbox 1037 2178 1657 2349; x_wconf 71' lang='lat' dir='ltr'><strong>EU&#39;I‘YCIIII</strong></span> <span class='ocrx_word' id='word_1_52' title='bbox 1782 2174 2667 2343; x_wconf 67' lang='lat' dir='ltr'><strong>PilTRlAllCll/E</strong></span> <span class='ocrx_word' id='word_1_53' title='bbox 2800 2173 3690 2342; x_wconf 77' lang='lat' dir='ltr'><strong>ALEXANDRINI</strong></span> 
     </span>
    </p>
   </div>
   <div class='ocr_carea' id='block_1_13' title="bbox 1882 2474 2813 2633">
    <p class='ocr_par' dir='ltr' id='par_1_13' title="bbox 1882 2474 2813 2633">
     <span class='ocr_line' id='line_1_13' title="bbox 1882 2474 2813 2633; baseline -0.005 -3"><span class='ocrx_word' id='word_1_54' title='bbox 1882 2474 2813 2633; x_wconf 88' lang='lat' dir='ltr'><strong>ANNALES.</strong></span> 
     </span>
    </p>
   </div>
   <div class='ocr_carea' id='block_1_14' title="bbox 815 2901 2474 2985">
    <p class='ocr_par' dir='ltr' id='par_1_14' title="bbox 815 2903 2382 2985">
     <span class='ocr_line' id='line_1_14' title="bbox 815 2903 2382 2985; baseline -0.01 -15"><span class='ocrx_word' id='word_1_55' title='bbox 815 2916 1042 2985; x_wconf 86' lang='lat' dir='ltr'><strong>lnspiret</strong></span> <span class='ocrx_word' id='word_1_56' title='bbox 1073 2910 1169 2966; x_wconf 91' lang='lat' dir='ltr'><strong>tibi</strong></span> <span class='ocrx_word' id='word_1_57' title='bbox 1207 2906 1368 2973; x_wconf 84' lang='lat' dir='ltr'><strong>Deus,</strong></span> <span class='ocrx_word' id='word_1_58' title='bbox 1400 2906 1471 2960; x_wconf 89' lang='lat' dir='ltr'><strong>mi</strong></span> <span class='ocrx_word' id='word_1_59' title='bbox 1503 2905 1692 2967; x_wconf 78' lang='lat' dir='ltr'><strong>frater,</strong></span> <span class='ocrx_word' id='word_1_60' title='bbox 1732 2918 1909 2957; x_wconf 89' lang='lat' dir='ltr'><strong>rerum</strong></span> <span class='ocrx_word' id='word_1_61' title='bbox 1961 2903 2308 2972; x_wconf 82' lang='lat' dir='ltr'><strong>pulchrarum</strong></span> <span class='ocrx_word' id='word_1_62' title='bbox 2341 2909 2382 2963; x_wconf 86' lang='grc' dir='ltr'><strong>Λ</strong></span> 
     </span>
    </p>
   </div>
   <div class='ocr_carea' id='block_1_15' title="bbox 2323 2901 3982 2985">
    <p class='ocr_par' dir='ltr' id='par_1_15' title="bbox 2341 2901 3982 2971">
     <span class='ocr_line' id='line_1_15' title="bbox 2341 2901 3982 2971; baseline 0.005 -17"><span class='ocrx_word' id='word_1_63' title='bbox 2341 2909 2382 2963; x_wconf 85' lang='grc' dir='ltr'><strong>Λ</strong></span> <span class='ocrx_word' id='word_1_64' title='bbox 2483 2901 2614 2971; x_wconf 83' lang='grc'><strong>5-7</strong></span> <span class='ocrx_word' id='word_1_65' title='bbox 2650 2902 2762 2964; x_wconf 78' lang='lat' dir='ltr'><strong>Sic,</strong></span> <span class='ocrx_word' id='word_1_66' title='bbox 2795 2904 2867 2955; x_wconf 87' lang='lat' dir='ltr'><strong>ait</strong></span> <span class='ocrx_word' id='word_1_67' title='bbox 2898 2903 3022 2955; x_wconf 87' lang='lat' dir='ltr'><strong>Said</strong></span> <span class='ocrx_word' id='word_1_68' title='bbox 3055 2902 3167 2957; x_wconf 83' lang='lat' dir='ltr'><strong>Ebn</strong></span> <span class='ocrx_word' id='word_1_69' title='bbox 3202 2902 3386 2957; x_wconf 74' lang='lat' dir='ltr'><strong>Balrik</strong></span> <span class='ocrx_word' id='word_1_70' title='bbox 3434 2904 3698 2968; x_wconf 89' lang='lat' dir='ltr'><strong>medicus,</strong></span> <span class='ocrx_word' id='word_1_71' title='bbox 3761 2908 3982 2962; x_wconf 67' lang='lat' dir='ltr'><strong>initium</strong></span> 
     </span>
    </p>
   </div>
   <div class='ocr_carea' id='block_1_16' title="bbox 745 2999 2304 3078">
    <p class='ocr_par' dir='ltr' id='par_1_16' title="bbox 745 2999 2304 3078">
     <span class='ocr_line' id='line_1_16' title="bbox 745 2999 2304 3078; baseline -0.01 -15"><span class='ocrx_word' id='word_1_72' title='bbox 745 3010 979 3078; x_wconf 83' lang='lat' dir='ltr'><strong>optimas</strong></span> <span class='ocrx_word' id='word_1_73' title='bbox 1003 3012 1055 3059; x_wconf 91' lang='lat' dir='ltr'><strong>et</strong></span> <span class='ocrx_word' id='word_1_74' title='bbox 1084 2999 1575 3059; x_wconf 77' lang='lat' dir='ltr'><strong>commodissimos,</strong></span> <span class='ocrx_word' id='word_1_75' title='bbox 1613 3005 1668 3050; x_wconf 90' lang='lat' dir='ltr'><strong>et</strong></span> <span class='ocrx_word' id='word_1_76' title='bbox 1701 3004 1910 3050; x_wconf 91' lang='lat' dir='ltr'><strong>avertat</strong></span> <span class='ocrx_word' id='word_1_77' title='bbox 1932 3010 1961 3048; x_wconf 89' lang='lat' dir='ltr'><strong>a</strong></span> <span class='ocrx_word' id='word_1_78' title='bbox 1999 3003 2085 3060; x_wconf 90' lang='lat' dir='ltr'><strong>te,</strong></span> <span class='ocrx_word' id='word_1_79' title='bbox 2114 3009 2304 3047; x_wconf 91' lang='lat' dir='ltr'><strong>earum</strong></span> 
     </span>
    </p>
   </div>
   <div class='ocr_carea' id='block_1_17' title="bbox 743 3086 2310 3169">
    <p class='ocr_par' dir='ltr' id='par_1_17' title="bbox 743 3086 2310 3169">
     <span class='ocr_line' id='line_1_17' title="bbox 743 3086 2310 3169; baseline -0.012 -15"><span class='ocrx_word' id='word_1_80' title='bbox 743 3114 864 3169; x_wconf 62' lang='lat' dir='ltr'><strong>quae</strong></span> <span class='ocrx_word' id='word_1_81' title='bbox 892 3096 1170 3151; x_wconf 82' lang='lat' dir='ltr'><strong>tristitiam</strong></span> <span class='ocrx_word' id='word_1_82' title='bbox 1200 3090 1452 3152; x_wconf 80' lang='lat' dir='ltr'><strong>alIernnt,</strong></span> <span class='ocrx_word' id='word_1_83' title='bbox 1498 3088 1764 3141; x_wconf 90' lang='lat' dir='ltr'><strong>malarum</strong></span> <span class='ocrx_word' id='word_1_84' title='bbox 1817 3086 2081 3139; x_wconf 78' lang='lat' dir='ltr'><strong>maximas</strong></span> <span class='ocrx_word' id='word_1_85' title='bbox 2122 3093 2177 3138; x_wconf 88' lang='lat' dir='ltr'><strong>et</strong></span> <span class='ocrx_word' id='word_1_86' title='bbox 2215 3098 2310 3137; x_wconf 81' lang='lat' dir='ltr'><strong>uo-</strong></span> 
     </span>
    </p>
   </div>
   <div class='ocr_carea' id='block_1_18' title="bbox 745 3176 2307 3250">
    <p class='ocr_par' dir='ltr' id='par_1_18' title="bbox 745 3176 2307 3250">
     <span class='ocr_line' id='line_1_18' title="bbox 745 3176 2307 3250; baseline -0.012 -4"><span class='ocrx_word' id='word_1_87' title='bbox 745 3189 1092 3246; x_wconf 77' lang='lat' dir='ltr'><strong>t-entissimas</strong></span> <span class='ocrx_word' id='word_1_88' title='bbox 1138 3200 1154 3237; x_wconf 88' lang='lat'><strong>:</strong></span> <span class='ocrx_word' id='word_1_89' title='bbox 1196 3182 1406 3250; x_wconf 75' lang='lat' dir='ltr'><strong>aperiat</strong></span> <span class='ocrx_word' id='word_1_90' title='bbox 1465 3190 1514 3231; x_wconf 88' lang='lat' dir='ltr'><strong>te</strong></span> <span class='ocrx_word' id='word_1_91' title='bbox 1568 3177 1923 3247; x_wconf 88' lang='lat' dir='ltr'><strong>protectionis</strong></span> <span class='ocrx_word' id='word_1_92' title='bbox 1980 3176 2098 3229; x_wconf 83' lang='lat' dir='ltr'><strong>velo</strong></span> <span class='ocrx_word' id='word_1_93' title='bbox 2144 3188 2307 3243; x_wconf 86' lang='lat' dir='ltr'><strong>quam</strong></span> 
     </span>
    </p>
   </div>
   <div class='ocr_carea' id='block_1_19' title="bbox 746 3267 2310 3345">
    <p class='ocr_par' dir='ltr' id='par_1_19' title="bbox 746 3267 2310 3345">
     <span class='ocr_line' id='line_1_19' title="bbox 746 3267 2310 3345; baseline -0.015 -6"><span class='ocrx_word' id='word_1_94' title='bbox 746 3279 1012 3339; x_wconf 85' lang='lat' dir='ltr'><strong>latissime</strong></span> <span class='ocrx_word' id='word_1_95' title='bbox 1040 3289 1303 3345; x_wconf 58' lang='lat' dir='ltr'><strong>expanso,</strong></span> <span class='ocrx_word' id='word_1_96' title='bbox 1339 3280 1391 3324; x_wconf 88' lang='lat' dir='ltr'><strong>ct</strong></span> <span class='ocrx_word' id='word_1_97' title='bbox 1422 3271 1702 3323; x_wconf 83' lang='lat' dir='ltr'><strong>eontinnet</strong></span> <span class='ocrx_word' id='word_1_98' title='bbox 1740 3268 1831 3320; x_wconf 88' lang='lat' dir='ltr'><strong>tibi</strong></span> <span class='ocrx_word' id='word_1_99' title='bbox 1874 3267 2166 3334; x_wconf 80' lang='lat' dir='ltr'><strong>potentiam</strong></span> <span class='ocrx_word' id='word_1_100' title='bbox 2194 3279 2310 3316; x_wconf 89' lang='lat' dir='ltr'><strong>am-</strong></span> 
     </span>
    </p>
   </div>
   <div class='ocr_carea' id='block_1_20' title="bbox 744 3357 2308 3444">
    <p class='ocr_par' dir='ltr' id='par_1_20' title="bbox 744 3357 2308 3444">
     <span class='ocr_line' id='line_1_20' title="bbox 744 3357 2308 3444; baseline -0.012 -21"><span class='ocrx_word' id='word_1_101' title='bbox 744 3376 1044 3444; x_wconf 75' lang='lat' dir='ltr'><strong>plissimam</strong></span> <span class='ocrx_word' id='word_1_102' title='bbox 1082 3385 1097 3425; x_wconf 89' lang='lat'><strong>:</strong></span> <span class='ocrx_word' id='word_1_103' title='bbox 1135 3367 1394 3434; x_wconf 76' lang='lat' dir='ltr'><strong>largiatur</strong></span> <span class='ocrx_word' id='word_1_104' title='bbox 1428 3361 1521 3414; x_wconf 94' lang='lat' dir='ltr'><strong>tibi</strong></span> <span class='ocrx_word' id='word_1_105' title='bbox 1558 3362 1609 3412; x_wconf 89' lang='lat' dir='ltr'><strong>in</strong></span> <span class='ocrx_word' id='word_1_106' title='bbox 1654 3369 1882 3426; x_wconf 87' lang='lat' dir='ltr'><strong>utroque</strong></span> <span class='ocrx_word' id='word_1_107' title='bbox 1936 3357 2135 3409; x_wconf 78' lang='lat' dir='ltr'><strong>saeculo</strong></span> <span class='ocrx_word' id='word_1_108' title='bbox 2181 3370 2308 3423; x_wconf 86' lang='lat' dir='ltr'><strong>por—</strong></span> 
     </span>
    </p>
   </div>
   <div class='ocr_carea' id='block_1_21' title="bbox 746 3444 2312 3523">
    <p class='ocr_par' dir='ltr' id='par_1_21' title="bbox 746 3444 2312 3523">
     <span class='ocr_line' id='line_1_21' title="bbox 746 3444 2312 3523; baseline -0.013 -5"><span class='ocrx_word' id='word_1_109' title='bbox 746 3466 968 3523; x_wconf 86' lang='lat' dir='ltr'><strong>tionem,</strong></span> <span class='ocrx_word' id='word_1_110' title='bbox 997 3468 1049 3513; x_wconf 91' lang='lat' dir='ltr'><strong>et</strong></span> <span class='ocrx_word' id='word_1_111' title='bbox 1083 3460 1135 3510; x_wconf 92' lang='lat' dir='ltr'><strong>in</strong></span> <span class='ocrx_word' id='word_1_112' title='bbox 1169 3465 1399 3523; x_wconf 77' lang='lat' dir='ltr'><strong>utroque</strong></span> <span class='ocrx_word' id='word_1_113' title='bbox 1424 3461 1567 3504; x_wconf 85' lang='lat' dir='ltr'><strong>statu</strong></span> <span class='ocrx_word' id='word_1_114' title='bbox 1593 3459 1792 3503; x_wconf 87' lang='lat' dir='ltr'><strong>sortem</strong></span> <span class='ocrx_word' id='word_1_115' title='bbox 1818 3467 1831 3501; x_wconf 70' lang='grc' dir='ltr'>ι</span> <span class='ocrx_word' id='word_1_116' title='bbox 1854 3448 2149 3515; x_wconf 83' lang='lat' dir='ltr'><strong>intelligere</strong></span> <span class='ocrx_word' id='word_1_117' title='bbox 2180 3444 2312 3516; x_wconf 67' lang='grc'><strong>1-4</strong></span> 
     </span>
    </p>
   </div>
   <div class='ocr_carea' id='block_1_22' title="bbox 744 3540 2311 3612">
    <p class='ocr_par' dir='ltr' id='par_1_22' title="bbox 744 3540 2311 3612">
     <span class='ocr_line' id='line_1_22' title="bbox 744 3540 2311 3612; baseline -0.014 -5"><span class='ocrx_word' id='word_1_118' title='bbox 744 3563 796 3607; x_wconf 87' lang='lat' dir='ltr'><strong>te</strong></span> <span class='ocrx_word' id='word_1_119' title='bbox 830 3552 995 3605; x_wconf 81' lang='lat' dir='ltr'><strong>faciat</strong></span> <span class='ocrx_word' id='word_1_120' title='bbox 1027 3548 1230 3605; x_wconf 84' lang='lat' dir='ltr'><strong>omnia,</strong></span> <span class='ocrx_word' id='word_1_121' title='bbox 1270 3558 1388 3612; x_wconf 73' lang='lat' dir='ltr'><strong>qua-</strong></span> <span class='ocrx_word' id='word_1_122' title='bbox 1440 3541 1542 3608; x_wconf 76' lang='lat' dir='ltr'><strong>ipsi</strong></span> <span class='ocrx_word' id='word_1_123' title='bbox 1577 3540 1825 3609; x_wconf 86' lang='lat' dir='ltr'><strong>placent;</strong></span> <span class='ocrx_word' id='word_1_124' title='bbox 1876 3551 2050 3604; x_wconf 90' lang='lat' dir='ltr'><strong>neque</strong></span> <span class='ocrx_word' id='word_1_125' title='bbox 2097 3545 2311 3603; x_wconf 73' lang='lat' dir='ltr'><strong>separet.</strong></span> 
     </span>
    </p>
   </div>
   <div class='ocr_carea' id='block_1_23' title="bbox 745 3625 2307 3700">
    <p class='ocr_par' dir='ltr' id='par_1_23' title="bbox 745 3625 2307 3700">
     <span class='ocr_line' id='line_1_23' title="bbox 745 3625 2307 3700; baseline -0.012 -5"><span class='ocrx_word' id='word_1_126' title='bbox 745 3653 798 3697; x_wconf 88' lang='lat' dir='ltr'><strong>te</strong></span> <span class='ocrx_word' id='word_1_127' title='bbox 826 3658 854 3695; x_wconf 93' lang='lat' dir='ltr'><strong>a</strong></span> <span class='ocrx_word' id='word_1_128' title='bbox 882 3641 1085 3694; x_wconf 67' lang='lat' dir='ltr'><strong>vicinio</strong></span> <span class='ocrx_word' id='word_1_129' title='bbox 1108 3652 1205 3691; x_wconf 90' lang='lat' dir='ltr'><strong>suo</strong></span> <span class='ocrx_word' id='word_1_130' title='bbox 1234 3650 1354 3686; x_wconf 85' lang='lat' dir='ltr'><strong>cum</strong></span> <span class='ocrx_word' id='word_1_131' title='bbox 1390 3633 1498 3685; x_wconf 88' lang='lat' dir='ltr'><strong>illis</strong></span> <span class='ocrx_word' id='word_1_132' title='bbox 1535 3645 1653 3700; x_wconf 64' lang='lat' dir='ltr'><strong>quae</strong></span> <span class='ocrx_word' id='word_1_133' title='bbox 1688 3629 1844 3695; x_wconf 75' lang='lat' dir='ltr'><strong>longe</strong></span> <span class='ocrx_word' id='word_1_134' title='bbox 1873 3635 2107 3680; x_wconf 85' lang='lat' dir='ltr'><strong>amovet.</strong></span> <span class='ocrx_word' id='word_1_135' title='bbox 2144 3625 2307 3678; x_wconf 81' lang='lat' dir='ltr'><strong>Intel-</strong></span> 
     </span>
    </p>
   </div>
   <div class='ocr_carea' id='block_1_24' title="bbox 744 3715 2305 3801">
    <p class='ocr_par' dir='ltr' id='par_1_24' title="bbox 744 3715 2305 3801">
     <span class='ocr_line' id='line_1_24' title="bbox 744 3715 2305 3801; baseline -0.015 -13"><span class='ocrx_word' id='word_1_136' title='bbox 744 3734 848 3789; x_wconf 71' lang='lat' dir='ltr'><strong>lexi</strong></span> <span class='ocrx_word' id='word_1_137' title='bbox 884 3729 1013 3801; x_wconf 91' lang='lat' dir='ltr'><strong>quid</strong></span> <span class='ocrx_word' id='word_1_138' title='bbox 1050 3724 1287 3783; x_wconf 77' lang='lat' dir='ltr'><strong>describi</strong></span> <span class='ocrx_word' id='word_1_139' title='bbox 1322 3723 1413 3775; x_wconf 72' lang='lat' dir='ltr'><strong>tibi</strong></span> <span class='ocrx_word' id='word_1_140' title='bbox 1446 3720 1675 3789; x_wconf 88' lang='lat' dir='ltr'><strong>jusseris</strong></span> <span class='ocrx_word' id='word_1_141' title='bbox 1703 3717 1848 3786; x_wconf 88' lang='lat' dir='ltr'><strong>(beet</strong></span> <span class='ocrx_word' id='word_1_142' title='bbox 1868 3725 1917 3770; x_wconf 90' lang='lat' dir='ltr'><strong>te</strong></span> <span class='ocrx_word' id='word_1_143' title='bbox 1948 3715 2088 3768; x_wconf 84' lang='lat' dir='ltr'><strong>Deus</strong></span> <span class='ocrx_word' id='word_1_144' title='bbox 2108 3715 2305 3767; x_wconf 83' lang='lat' dir='ltr'><strong>amictu</strong></span> 
     </span>
    </p>
   </div>
   <div class='ocr_carea' id='block_1_25' title="bbox 746 3807 2309 3888">
    <p class='ocr_par' dir='ltr' id='par_1_25' title="bbox 746 3807 2309 3888">
     <span class='ocr_line' id='line_1_25' title="bbox 746 3807 2309 3888; baseline -0.013 -7"><span class='ocrx_word' id='word_1_145' title='bbox 746 3816 1395 3888; x_wconf 73' lang='lat' dir='ltr'><strong>virtutum,ettnundum</strong></span> <span class='ocrx_word' id='word_1_146' title='bbox 1453 3824 1505 3868; x_wconf 89' lang='lat' dir='ltr'><strong>te</strong></span> <span class='ocrx_word' id='word_1_147' title='bbox 1561 3819 1866 3868; x_wconf 86' lang='lat' dir='ltr'><strong>conservet,</strong></span> <span class='ocrx_word' id='word_1_148' title='bbox 1937 3826 2007 3863; x_wconf 88' lang='lat' dir='ltr'><strong>ne</strong></span> <span class='ocrx_word' id='word_1_149' title='bbox 2058 3807 2309 3861; x_wconf 84' lang='lat' dir='ltr'><strong>sordidas</strong></span> 
     </span>
    </p>
   </div>
   <div class='ocr_carea' id='block_1_26' title="bbox 745 3897 2309 3973">
    <p class='ocr_par' dir='ltr' id='par_1_26' title="bbox 745 3897 2309 3973">
     <span class='ocr_line' id='line_1_26' title="bbox 745 3897 2309 3973; baseline -0.015 -2"><span class='ocrx_word' id='word_1_150' title='bbox 745 3921 1002 3973; x_wconf 88' lang='lat' dir='ltr'><strong>vitiorum</strong></span> <span class='ocrx_word' id='word_1_151' title='bbox 1068 3920 1245 3966; x_wconf 75' lang='lat' dir='ltr'><strong>vestes</strong></span> <span class='ocrx_word' id='word_1_152' title='bbox 1305 3908 1541 3973; x_wconf 87' lang='lat' dir='ltr'><strong>induas)</strong></span> <span class='ocrx_word' id='word_1_153' title='bbox 1594 3905 1647 3958; x_wconf 91' lang='lat' dir='ltr'><strong>in</strong></span> <span class='ocrx_word' id='word_1_154' title='bbox 1704 3902 2012 3970; x_wconf 73' lang='lat' dir='ltr'><strong>cognitione</strong></span> <span class='ocrx_word' id='word_1_155' title='bbox 2059 3897 2309 3951; x_wconf 77' lang='lat' dir='ltr'><strong>Historiae</strong></span> 
     </span>
    </p>
   </div>
   <div class='ocr_carea' id='block_1_27' title="bbox 747 3989 2311 4067">
    <p class='ocr_par' dir='ltr' id='par_1_27' title="bbox 747 3989 2311 4067">
     <span class='ocr_line' id='line_1_27' title="bbox 747 3989 2311 4067; baseline -0.015 -5"><span class='ocrx_word' id='word_1_156' title='bbox 747 4005 1067 4061; x_wconf 78' lang='lat' dir='ltr'><strong>universalis</strong></span> <span class='ocrx_word' id='word_1_157' title='bbox 1086 4018 1113 4055; x_wconf 89' lang='lat' dir='ltr'><strong>a</strong></span> <span class='ocrx_word' id='word_1_158' title='bbox 1150 4010 1389 4067; x_wconf 79' lang='lat' dir='ltr'><strong>tempore</strong></span> <span class='ocrx_word' id='word_1_159' title='bbox 1414 3994 1599 4049; x_wconf 75' lang='lat' dir='ltr'><strong>Adatni</strong></span> <span class='ocrx_word' id='word_1_160' title='bbox 1624 3990 1873 4063; x_wconf 72' lang='lat' dir='ltr'><strong>usquead</strong></span> <span class='ocrx_word' id='word_1_161' title='bbox 1901 4006 2074 4044; x_wconf 86' lang='lat' dir='ltr'><strong>annos</strong></span> <span class='ocrx_word' id='word_1_162' title='bbox 2102 3989 2311 4057; x_wconf 59' lang='lat' dir='ltr'><strong>lli-gite</strong></span> 
     </span>
    </p>
   </div>
   <div class='ocr_carea' id='block_1_28' title="bbox 746 4081 2307 4159">
    <p class='ocr_par' dir='ltr' id='par_1_28' title="bbox 746 4081 2307 4159">
     <span class='ocr_line' id='line_1_28' title="bbox 746 4081 2307 4159; baseline -0.016 -3"><span class='ocrx_word' id='word_1_163' title='bbox 746 4099 1087 4156; x_wconf 67' lang='lat' dir='ltr'><strong>lslatniticm;</strong></span> <span class='ocrx_word' id='word_1_164' title='bbox 1126 4101 1287 4159; x_wconf 85' lang='lat' dir='ltr'><strong>atque</strong></span> <span class='ocrx_word' id='word_1_165' title='bbox 1331 4089 1457 4141; x_wconf 91' lang='lat' dir='ltr'><strong>illud</strong></span> <span class='ocrx_word' id='word_1_166' title='bbox 1509 4084 1874 4139; x_wconf 79' lang='lat' dir='ltr'><strong>demonstravi</strong></span> <span class='ocrx_word' id='word_1_167' title='bbox 1917 4084 2067 4150; x_wconf 77' lang='lat' dir='ltr'><strong>juxta</strong></span> <span class='ocrx_word' id='word_1_168' title='bbox 2115 4081 2307 4135; x_wconf 75' lang='lat' dir='ltr'><strong>seriem</strong></span> 
     </span>
    </p>
   </div>
   <div class='ocr_carea' id='block_1_29' title="bbox 748 4173 2309 4250">
    <p class='ocr_par' dir='ltr' id='par_1_29' title="bbox 748 4173 2309 4250">
     <span class='ocr_line' id='line_1_29' title="bbox 748 4173 2309 4250; baseline -0.014 -5"><span class='ocrx_word' id='word_1_169' title='bbox 748 4193 1036 4250; x_wconf 78' lang='lat' dir='ltr'><strong>mensium,</strong></span> <span class='ocrx_word' id='word_1_170' title='bbox 1075 4185 1423 4242; x_wconf 76' lang='lat' dir='ltr'><strong>saeculorum,</strong></span> <span class='ocrx_word' id='word_1_171' title='bbox 1464 4189 1516 4232; x_wconf 91' lang='lat' dir='ltr'><strong>et</strong></span> <span class='ocrx_word' id='word_1_172' title='bbox 1544 4190 1834 4237; x_wconf 86' lang='lat' dir='ltr'><strong>annorum,</strong></span> <span class='ocrx_word' id='word_1_173' title='bbox 1872 4176 2009 4227; x_wconf 90' lang='lat' dir='ltr'><strong>utin</strong></span> <span class='ocrx_word' id='word_1_174' title='bbox 2055 4173 2172 4240; x_wconf 88' lang='lat' dir='ltr'><strong>ejus</strong></span> <span class='ocrx_word' id='word_1_175' title='bbox 2215 4186 2309 4225; x_wconf 87' lang='lat' dir='ltr'><strong>co-</strong></span> 
     </span>
    </p>
   </div>
   <div class='ocr_carea' id='block_1_30' title="bbox 2411 2994 3983 3068">
    <p class='ocr_par' dir='ltr' id='par_1_30' title="bbox 2411 2994 3983 3068">
     <span class='ocr_line' id='line_1_30' title="bbox 2411 2994 3983 3068; baseline 0.001 -18"><span class='ocrx_word' id='word_1_176' title='bbox 2411 3000 2689 3065; x_wconf 80' lang='lat' dir='ltr'><strong>capiemus</strong></span> <span class='ocrx_word' id='word_1_177' title='bbox 2724 3010 2752 3048; x_wconf 92' lang='lat' dir='ltr'><strong>a</strong></span> <span class='ocrx_word' id='word_1_178' title='bbox 2788 2997 2945 3049; x_wconf 85' lang='lat' dir='ltr'><strong>laude</strong></span> <span class='ocrx_word' id='word_1_179' title='bbox 2986 2994 3199 3049; x_wconf 88' lang='lat' dir='ltr'><strong>Domini</strong></span> <span class='ocrx_word' id='word_1_180' title='bbox 3226 2999 3396 3049; x_wconf 89' lang='lat' dir='ltr'><strong>nostri</strong></span> <span class='ocrx_word' id='word_1_181' title='bbox 3448 3008 3502 3050; x_wconf 91' lang='lat' dir='ltr'><strong>et</strong></span> <span class='ocrx_word' id='word_1_182' title='bbox 3556 2999 3836 3052; x_wconf 76' lang='lat' dir='ltr'><strong>Cre:it0ris</strong></span> <span class='ocrx_word' id='word_1_183' title='bbox 3886 3003 3983 3068; x_wconf 77' lang='lat' dir='ltr'><strong>qui</strong></span> 
     </span>
    </p>
   </div>
   <div class='ocr_carea' id='block_1_31' title="bbox 2412 3086 3984 3159">
    <p class='ocr_par' dir='ltr' id='par_1_31' title="bbox 2412 3086 3984 3159">
     <span class='ocr_line' id='line_1_31' title="bbox 2412 3086 3984 3159; baseline 0.001 -18"><span class='ocrx_word' id='word_1_184' title='bbox 2412 3102 2511 3141; x_wconf 91' lang='lat' dir='ltr'><strong>nos</strong></span> <span class='ocrx_word' id='word_1_185' title='bbox 2545 3087 2809 3153; x_wconf 83' lang='lat' dir='ltr'><strong>condidit,</strong></span> <span class='ocrx_word' id='word_1_186' title='bbox 2836 3098 2889 3141; x_wconf 90' lang='lat' dir='ltr'><strong>et</strong></span> <span class='ocrx_word' id='word_1_187' title='bbox 2920 3089 2971 3141; x_wconf 93' lang='lat' dir='ltr'><strong>in</strong></span> <span class='ocrx_word' id='word_1_188' title='bbox 3010 3088 3171 3141; x_wconf 89' lang='lat' dir='ltr'><strong>vitam</strong></span> <span class='ocrx_word' id='word_1_189' title='bbox 3208 3086 3482 3157; x_wconf 76' lang='lat' dir='ltr'><strong>perduxit,</strong></span> <span class='ocrx_word' id='word_1_190' title='bbox 3509 3088 3668 3155; x_wconf 85' lang='lat' dir='ltr'><strong>cujus</strong></span> <span class='ocrx_word' id='word_1_191' title='bbox 3693 3088 3835 3143; x_wconf 74' lang='lat' dir='ltr'><strong>fama</strong></span> <span class='ocrx_word' id='word_1_192' title='bbox 3864 3093 3984 3159; x_wconf 75' lang='lat' dir='ltr'><strong>glo-</strong></span> 
     </span>
    </p>
   </div>
   <div class='ocr_carea' id='block_1_32' title="bbox 2414 3180 3984 3249">
    <p class='ocr_par' dir='ltr' id='par_1_32' title="bbox 2414 3180 3984 3249">
     <span class='ocr_line' id='line_1_32' title="bbox 2414 3180 3984 3249; baseline -0.001 -17"><span class='ocrx_word' id='word_1_193' title='bbox 2414 3181 2553 3232; x_wconf 84' lang='lat' dir='ltr'><strong>riosa</strong></span> <span class='ocrx_word' id='word_1_194' title='bbox 2585 3190 2689 3243; x_wconf 92' lang='lat' dir='ltr'><strong>est,</strong></span> <span class='ocrx_word' id='word_1_195' title='bbox 2725 3194 2848 3233; x_wconf 91' lang='lat' dir='ltr'><strong>cum</strong></span> <span class='ocrx_word' id='word_1_196' title='bbox 2874 3181 3043 3249; x_wconf 84' lang='lat' dir='ltr'><strong>ipsius</strong></span> <span class='ocrx_word' id='word_1_197' title='bbox 3067 3180 3185 3233; x_wconf 89' lang='lat' dir='ltr'><strong>laus</strong></span> <span class='ocrx_word' id='word_1_198' title='bbox 3206 3181 3597 3247; x_wconf 84' lang='lat' dir='ltr'><strong>(sanetiticetnr</strong></span> <span class='ocrx_word' id='word_1_199' title='bbox 3615 3182 3733 3249; x_wconf 88' lang='lat' dir='ltr'><strong>ejus</strong></span> <span class='ocrx_word' id='word_1_200' title='bbox 3758 3186 3984 3249; x_wconf 51' lang='lat' dir='ltr'><strong>nomen)</strong></span> 
     </span>
    </p>
   </div>
   <div class='ocr_carea' id='block_1_33' title="bbox 2412 3270 3983 3342">
    <p class='ocr_par' dir='ltr' id='par_1_33' title="bbox 2412 3270 3983 3342">
     <span class='ocr_line' id='line_1_33' title="bbox 2412 3270 3983 3342; baseline 0.001 -19"><span class='ocrx_word' id='word_1_201' title='bbox 2412 3271 2580 3325; x_wconf 84' lang='lat' dir='ltr'><strong>clavis</strong></span> <span class='ocrx_word' id='word_1_202' title='bbox 2611 3270 2680 3323; x_wconf 91' lang='lat' dir='ltr'><strong>sit</strong></span> <span class='ocrx_word' id='word_1_203' title='bbox 2712 3272 2955 3323; x_wconf 88' lang='lat' dir='ltr'><strong>omnium</strong></span> <span class='ocrx_word' id='word_1_204' title='bbox 2988 3271 3249 3324; x_wconf 87' lang='lat' dir='ltr'><strong>librorum</strong></span> <span class='ocrx_word' id='word_1_205' title='bbox 3298 3279 3351 3323; x_wconf 90' lang='lat' dir='ltr'><strong>ct</strong></span> <span class='ocrx_word' id='word_1_206' title='bbox 3406 3279 3756 3325; x_wconf 84' lang='lat' dir='ltr'><strong>tractatuum.</strong></span> <span class='ocrx_word' id='word_1_207' title='bbox 3799 3273 3983 3342; x_wconf 81' lang='lat' dir='ltr'><strong>Ipsum</strong></span> 
     </span>
    </p>
   </div>
   <div class='ocr_carea' id='block_1_34' title="bbox 2411 3360 3984 3429">
    <p class='ocr_par' dir='ltr' id='par_1_34' title="bbox 2411 3360 3984 3429">
     <span class='ocr_line' id='line_1_34' title="bbox 2411 3360 3984 3429; baseline 0.001 -16"><span class='ocrx_word' id='word_1_208' title='bbox 2411 3360 2882 3428; x_wconf 72' lang='lat' dir='ltr'><strong>(potentissimum</strong></span> <span class='ocrx_word' id='word_1_209' title='bbox 2919 3369 2971 3413; x_wconf 91' lang='lat' dir='ltr'><strong>et</strong></span> <span class='ocrx_word' id='word_1_210' title='bbox 3005 3361 3497 3429; x_wconf 81' lang='lat' dir='ltr'><strong>gloriosissimum)</strong></span> <span class='ocrx_word' id='word_1_211' title='bbox 3560 3372 3853 3428; x_wconf 74' lang='lat' dir='ltr'><strong>rOgantes,</strong></span> <span class='ocrx_word' id='word_1_212' title='bbox 3925 3375 3984 3415; x_wconf 85' lang='lat' dir='ltr'><strong>nt</strong></span> 
     </span>
    </p>
   </div>
   <div class='ocr_carea' id='block_1_35' title="bbox 2412 3450 3985 3521">
    <p class='ocr_par' dir='ltr' id='par_1_35' title="bbox 2412 3450 3985 3521">
     <span class='ocr_line' id='line_1_35' title="bbox 2412 3450 3985 3521; baseline 0 -16"><span class='ocrx_word' id='word_1_213' title='bbox 2412 3468 2566 3521; x_wconf 84' lang='lat' dir='ltr'><strong>Opem</strong></span> <span class='ocrx_word' id='word_1_214' title='bbox 2620 3451 2777 3505; x_wconf 87' lang='lat' dir='ltr'><strong>nobis</strong></span> <span class='ocrx_word' id='word_1_215' title='bbox 2821 3452 3068 3504; x_wconf 80' lang='lat' dir='ltr'><strong>conferat</strong></span> <span class='ocrx_word' id='word_1_216' title='bbox 3124 3452 3189 3503; x_wconf 89' lang='lat' dir='ltr'><strong>ad</strong></span> <span class='ocrx_word' id='word_1_217' title='bbox 3247 3450 3376 3504; x_wconf 88' lang='lat' dir='ltr'><strong>illud</strong></span> <span class='ocrx_word' id='word_1_218' title='bbox 3438 3453 3838 3520; x_wconf 67' lang='lat' dir='ltr'><strong>praestandum,</strong></span> <span class='ocrx_word' id='word_1_219' title='bbox 3886 3470 3985 3520; x_wconf 73' lang='lat' dir='ltr'><strong>pro</strong></span> 
     </span>
    </p>
   </div>
   <div class='ocr_carea' id='block_1_36' title="bbox 2417 3540 3982 3612">
    <p class='ocr_par' dir='ltr' id='par_1_36' title="bbox 2417 3540 3982 3612">
     <span class='ocr_line' id='line_1_36' title="bbox 2417 3540 3982 3612; baseline -0.001 -15"><span class='ocrx_word' id='word_1_220' title='bbox 2417 3544 2665 3597; x_wconf 72' lang='lat' dir='ltr'><strong>bonitate</strong></span> <span class='ocrx_word' id='word_1_221' title='bbox 2696 3557 2791 3595; x_wconf 90' lang='lat' dir='ltr'><strong>sua</strong></span> <span class='ocrx_word' id='word_1_222' title='bbox 2828 3553 3112 3595; x_wconf 79' lang='lat' dir='ltr'><strong>con-uela.</strong></span> <span class='ocrx_word' id='word_1_223' title='bbox 3146 3540 3326 3594; x_wconf 77' lang='lat' dir='ltr'><strong>Gioria</strong></span> <span class='ocrx_word' id='word_1_224' title='bbox 3359 3558 3489 3612; x_wconf 79' lang='lat' dir='ltr'><strong>etgo</strong></span> <span class='ocrx_word' id='word_1_225' title='bbox 3522 3544 3652 3603; x_wconf 61' lang='lat' dir='ltr'><strong>Deo.</strong></span> <span class='ocrx_word' id='word_1_226' title='bbox 3684 3545 3775 3611; x_wconf 89' lang='lat' dir='ltr'><strong>qui</strong></span> <span class='ocrx_word' id='word_1_227' title='bbox 3805 3546 3982 3612; x_wconf 68' lang='lat' dir='ltr'><strong>gloria</strong></span> 
     </span>
    </p>
   </div>
   <div class='ocr_carea' id='block_1_37' title="bbox 2414 3632 3982 3704">
    <p class='ocr_par' dir='ltr' id='par_1_37' title="bbox 2414 3632 3982 3704">
     <span class='ocr_line' id='line_1_37' title="bbox 2414 3632 3982 3704; baseline -0.002 -15"><span class='ocrx_word' id='word_1_228' title='bbox 2414 3638 2612 3704; x_wconf 71' lang='lat' dir='ltr'><strong>dignus</strong></span> <span class='ocrx_word' id='word_1_229' title='bbox 2646 3644 2727 3688; x_wconf 88' lang='lat' dir='ltr'><strong>est</strong></span> <span class='ocrx_word' id='word_1_230' title='bbox 2752 3635 2980 3702; x_wconf 82' lang='lat' dir='ltr'><strong>ejusque</strong></span> <span class='ocrx_word' id='word_1_231' title='bbox 3013 3632 3308 3695; x_wconf 87' lang='lat' dir='ltr'><strong>Dominus,</strong></span> <span class='ocrx_word' id='word_1_232' title='bbox 3348 3643 3399 3686; x_wconf 88' lang='lat' dir='ltr'><strong>et</strong></span> <span class='ocrx_word' id='word_1_233' title='bbox 3440 3634 3508 3685; x_wconf 88' lang='lat' dir='ltr'><strong>ob</strong></span> <span class='ocrx_word' id='word_1_234' title='bbox 3558 3648 3717 3701; x_wconf 86' lang='lat' dir='ltr'><strong>quam</strong></span> <span class='ocrx_word' id='word_1_235' title='bbox 3768 3635 3982 3701; x_wconf 74' lang='lat' dir='ltr'><strong>gratias</strong></span> 
     </span>
    </p>
   </div>
   <div class='ocr_carea' id='block_1_38' title="bbox 2412 3721 3980 3792">
    <p class='ocr_par' dir='ltr' id='par_1_38' title="bbox 2412 3721 3980 3792">
     <span class='ocr_line' id='line_1_38' title="bbox 2412 3721 3980 3792; baseline -0.003 -13"><span class='ocrx_word' id='word_1_236' title='bbox 2412 3736 2693 3792; x_wconf 74' lang='lat' dir='ltr'><strong>exspectat</strong></span> <span class='ocrx_word' id='word_1_237' title='bbox 2726 3740 2752 3776; x_wconf 91' lang='lat' dir='ltr'><strong>a</strong></span> <span class='ocrx_word' id='word_1_238' title='bbox 2796 3726 2967 3777; x_wconf 79' lang='lat' dir='ltr'><strong>servis</strong></span> <span class='ocrx_word' id='word_1_239' title='bbox 3010 3724 3147 3783; x_wconf 72' lang='lat' dir='ltr'><strong>suis.</strong></span> <span class='ocrx_word' id='word_1_240' title='bbox 3184 3725 3274 3790; x_wconf 88' lang='lat' dir='ltr'><strong>qui</strong></span> <span class='ocrx_word' id='word_1_241' title='bbox 3310 3738 3397 3775; x_wconf 83' lang='lat' dir='ltr'><strong>res</strong></span> <span class='ocrx_word' id='word_1_242' title='bbox 3420 3721 3980 3790; x_wconf 70' lang='lat' dir='ltr'><strong>dect-evitantequani</strong></span> 
     </span>
    </p>
   </div>
   <div class='ocr_carea' id='block_1_39' title="bbox 2411 3813 3977 3883">
    <p class='ocr_par' dir='ltr' id='par_1_39' title="bbox 2411 3813 3977 3883">
     <span class='ocr_line' id='line_1_39' title="bbox 2411 3813 3977 3883; baseline -0.005 -10"><span class='ocrx_word' id='word_1_243' title='bbox 2411 3827 2617 3875; x_wconf 83' lang='lat' dir='ltr'><strong>essent.</strong></span> <span class='ocrx_word' id='word_1_244' title='bbox 2647 3831 2848 3883; x_wconf 84' lang='lat' dir='ltr'><strong>easque</strong></span> <span class='ocrx_word' id='word_1_245' title='bbox 2882 3816 3147 3881; x_wconf 73' lang='lat' dir='ltr'><strong>gubernat</strong></span> <span class='ocrx_word' id='word_1_246' title='bbox 3180 3822 3462 3881; x_wconf 84' lang='lat' dir='ltr'><strong>postquam</strong></span> <span class='ocrx_word' id='word_1_247' title='bbox 3495 3813 3771 3880; x_wconf 74' lang='lat' dir='ltr'><strong>producta:</strong></span> <span class='ocrx_word' id='word_1_248' title='bbox 3804 3825 3933 3865; x_wconf 67' lang='lat' dir='ltr'><strong>sunt</strong></span> <span class='ocrx_word' id='word_1_249' title='bbox 3964 3832 3977 3877; x_wconf 88' lang='lat'><strong>;</strong></span> 
     </span>
    </p>
   </div>
   <div class='ocr_carea' id='block_1_40' title="bbox 2412 3904 3987 3978">
    <p class='ocr_par' dir='ltr' id='par_1_40' title="bbox 2412 3904 3987 3978">
     <span class='ocr_line' id='line_1_40' title="bbox 2412 3904 3987 3978; baseline -0.004 -16"><span class='ocrx_word' id='word_1_250' title='bbox 2412 3912 2500 3978; x_wconf 78' lang='lat' dir='ltr'><strong>qui</strong></span> <span class='ocrx_word' id='word_1_251' title='bbox 2538 3907 2961 3961; x_wconf 76' lang='lat' dir='ltr'><strong>misericordiam</strong></span> <span class='ocrx_word' id='word_1_252' title='bbox 2992 3916 3039 3957; x_wconf 87' lang='lat' dir='ltr'><strong>et</strong></span> <span class='ocrx_word' id='word_1_253' title='bbox 3071 3905 3337 3971; x_wconf 87' lang='lat' dir='ltr'><strong>justitiam</strong></span> <span class='ocrx_word' id='word_1_254' title='bbox 3371 3917 3401 3955; x_wconf 89' lang='lat' dir='ltr'><strong>e</strong></span> <span class='ocrx_word' id='word_1_255' title='bbox 3444 3904 3547 3955; x_wconf 76' lang='lat' dir='ltr'><strong>viis</strong></span> <span class='ocrx_word' id='word_1_256' title='bbox 3577 3905 3819 3955; x_wconf 69' lang='lat' dir='ltr'><strong>veritatis</strong></span> <span class='ocrx_word' id='word_1_257' title='bbox 3846 3919 3987 3955; x_wconf 82' lang='lat' dir='ltr'><strong>eun-</strong></span> 
     </span>
    </p>
   </div>
   <div class='ocr_carea' id='block_1_41' title="bbox 2414 3992 3978 4065">
    <p class='ocr_par' dir='ltr' id='par_1_41' title="bbox 2414 3992 3978 4065">
     <span class='ocr_line' id='line_1_41' title="bbox 2414 3992 3978 4065; baseline -0.005 -14"><span class='ocrx_word' id='word_1_258' title='bbox 2414 4006 2630 4052; x_wconf 85' lang='lat' dir='ltr'><strong>stttutas</strong></span> <span class='ocrx_word' id='word_1_259' title='bbox 2660 3995 2947 4065; x_wconf 70' lang='lat' dir='ltr'><strong>prrecepit;</strong></span> <span class='ocrx_word' id='word_1_260' title='bbox 2993 3992 3287 4059; x_wconf 85' lang='lat' dir='ltr'><strong>nequitiam</strong></span> <span class='ocrx_word' id='word_1_261' title='bbox 3320 4000 3501 4043; x_wconf 80' lang='lat' dir='ltr'><strong>autem</strong></span> <span class='ocrx_word' id='word_1_262' title='bbox 3558 4002 3609 4043; x_wconf 93' lang='lat' dir='ltr'><strong>et</strong></span> <span class='ocrx_word' id='word_1_263' title='bbox 3656 3992 3978 4060; x_wconf 64' lang='lat' dir='ltr'><strong>injusttiatn</strong></span> 
     </span>
    </p>
   </div>
   <div class='ocr_carea' id='block_1_42' title="bbox 2414 4083 3985 4151">
    <p class='ocr_par' dir='ltr' id='par_1_42' title="bbox 2414 4083 3985 4151">
     <span class='ocr_line' id='line_1_42' title="bbox 2414 4083 3985 4151; baseline -0.013 -8"><span class='ocrx_word' id='word_1_264' title='bbox 2414 4105 2443 4143; x_wconf 88' lang='lat' dir='ltr'><strong>e</strong></span> <span class='ocrx_word' id='word_1_265' title='bbox 2469 4089 2569 4141; x_wconf 87' lang='lat' dir='ltr'><strong>viis</strong></span> <span class='ocrx_word' id='word_1_266' title='bbox 2600 4086 2717 4139; x_wconf 82' lang='lat' dir='ltr'><strong>falsi</strong></span> <span class='ocrx_word' id='word_1_267' title='bbox 2754 4086 2922 4137; x_wconf 86' lang='lat' dir='ltr'><strong>vetuit</strong></span> <span class='ocrx_word' id='word_1_268' title='bbox 2962 4101 2974 4135; x_wconf 93' lang='lat'>:</span> <span class='ocrx_word' id='word_1_269' title='bbox 3008 4083 3097 4151; x_wconf 76' lang='lat' dir='ltr'><strong>qui</strong></span> <span class='ocrx_word' id='word_1_270' title='bbox 3134 4099 3240 4135; x_wconf 89' lang='lat' dir='ltr'><strong>non</strong></span> <span class='ocrx_word' id='word_1_271' title='bbox 3278 4083 3423 4147; x_wconf 73' lang='lat' dir='ltr'><strong>cogit</strong></span> <span class='ocrx_word' id='word_1_272' title='bbox 3466 4097 3652 4135; x_wconf 88' lang='lat' dir='ltr'><strong>servos</strong></span> <span class='ocrx_word' id='word_1_273' title='bbox 3677 4084 3742 4134; x_wconf 88' lang='lat' dir='ltr'><strong>ad</strong></span> <span class='ocrx_word' id='word_1_274' title='bbox 3772 4085 3985 4135; x_wconf 73' lang='lat' dir='ltr'><strong>farier...</strong></span> 
     </span>
    </p>
   </div>
   <div class='ocr_carea' id='block_1_43' title="bbox 2413 4174 3984 4245">
    <p class='ocr_par' dir='ltr' id='par_1_43' title="bbox 2413 4174 3984 4245">
     <span class='ocr_line' id='line_1_43' title="bbox 2413 4174 3984 4245; baseline -0.004 -12"><span class='ocrx_word' id='word_1_275' title='bbox 2413 4180 2539 4233; x_wconf 87' lang='lat' dir='ltr'><strong>dum</strong></span> <span class='ocrx_word' id='word_1_276' title='bbox 2576 4177 2871 4245; x_wconf 85' lang='lat' dir='ltr'><strong>quidquam</strong></span> <span class='ocrx_word' id='word_1_277' title='bbox 2903 4175 3045 4244; x_wconf 86' lang='lat' dir='ltr'><strong>quod</strong></span> <span class='ocrx_word' id='word_1_278' title='bbox 3083 4178 3222 4226; x_wconf 70' lang='lat' dir='ltr'><strong>vires</strong></span> <span class='ocrx_word' id='word_1_279' title='bbox 3257 4174 3497 4241; x_wconf 88' lang='lat' dir='ltr'><strong>ipsorum</strong></span> <span class='ocrx_word' id='word_1_280' title='bbox 3527 4174 3773 4233; x_wconf 81' lang='lat' dir='ltr'><strong>excedit;</strong></span> <span class='ocrx_word' id='word_1_281' title='bbox 3804 4190 3984 4240; x_wconf 81' lang='lat' dir='ltr'><strong>neque</strong></span> 
     </span>
    </p>
   </div>
   <div class='ocr_carea' id='block_1_44' title="bbox 748 4262 3985 4351">
    <p class='ocr_par' dir='ltr' id='par_1_44' title="bbox 748 4262 3985 4351">
     <span class='ocr_line' id='line_1_44' title="bbox 748 4262 3985 4351; baseline -0.006 -15"><span class='ocrx_word' id='word_1_282' title='bbox 748 4284 991 4351; x_wconf 65' lang='lat' dir='ltr'><strong>pnitione</strong></span> <span class='ocrx_word' id='word_1_283' title='bbox 1026 4277 1094 4330; x_wconf 91' lang='lat' dir='ltr'><strong>sit</strong></span> <span class='ocrx_word' id='word_1_284' title='bbox 1134 4273 1277 4341; x_wconf 84' lang='lat' dir='ltr'><strong>quod</strong></span> <span class='ocrx_word' id='word_1_285' title='bbox 1321 4269 1535 4324; x_wconf 81' lang='lat' dir='ltr'><strong>abunde</strong></span> <span class='ocrx_word' id='word_1_286' title='bbox 1581 4268 1675 4319; x_wconf 89' lang='lat' dir='ltr'><strong>tibi</strong></span> <span class='ocrx_word' id='word_1_287' title='bbox 1721 4263 1950 4318; x_wconf 80' lang='lat' dir='ltr'><strong>suﬂiciat</strong></span> <span class='ocrx_word' id='word_1_288' title='bbox 1977 4304 1990 4326; x_wconf 87' lang='lat'><strong>,</strong></span> <span class='ocrx_word' id='word_1_289' title='bbox 2047 4278 2112 4315; x_wconf 86' lang='lat' dir='ltr'><strong>ne</strong></span> <span class='ocrx_word' id='word_1_290' title='bbox 2166 4276 2304 4328; x_wconf 71' lang='lat' dir='ltr'><strong>opus</strong></span> <span class='ocrx_word' id='word_1_291' title='bbox 2337 4266 2383 4324; x_wconf 76' lang='grc' dir='ltr'><strong>Β</strong></span> <span class='ocrx_word' id='word_1_292' title='bbox 2416 4268 2707 4337; x_wconf 74' lang='lat' dir='ltr'><strong>prtestituit</strong></span> <span class='ocrx_word' id='word_1_293' title='bbox 2741 4266 3008 4321; x_wconf 85' lang='lat' dir='ltr'><strong>creaturis</strong></span> <span class='ocrx_word' id='word_1_294' title='bbox 3040 4265 3152 4316; x_wconf 93' lang='lat' dir='ltr'><strong>suis</strong></span> <span class='ocrx_word' id='word_1_295' title='bbox 3182 4278 3345 4331; x_wconf 86' lang='lat' dir='ltr'><strong>opera</strong></span> <span class='ocrx_word' id='word_1_296' title='bbox 3372 4262 3569 4328; x_wconf 88' lang='lat' dir='ltr'><strong>quibus</strong></span> <span class='ocrx_word' id='word_1_297' title='bbox 3600 4263 3833 4329; x_wconf 84' lang='lat' dir='ltr'><strong>impares</strong></span> <span class='ocrx_word' id='word_1_298' title='bbox 3853 4274 3985 4315; x_wconf 77' lang='lat' dir='ltr'><strong>sunt</strong></span> 
     </span>
    </p>
   </div>
   <div class='ocr_carea' id='block_1_45' title="bbox 747 4357 2310 4440">
    <p class='ocr_par' dir='ltr' id='par_1_45' title="bbox 747 4357 2310 4440">
     <span class='ocr_line' id='line_1_45' title="bbox 747 4357 2310 4440; baseline -0.015 -11"><span class='ocrx_word' id='word_1_299' title='bbox 747 4378 949 4429; x_wconf 63' lang='lat' dir='ltr'><strong>habeas</strong></span> <span class='ocrx_word' id='word_1_300' title='bbox 982 4368 1285 4440; x_wconf 78' lang='lat' dir='ltr'><strong>quemlibet</strong></span> <span class='ocrx_word' id='word_1_301' title='bbox 1313 4380 1343 4416; x_wconf 92' lang='lat' dir='ltr'><strong>e</strong></span> <span class='ocrx_word' id='word_1_302' title='bbox 1378 4361 1680 4431; x_wconf 78' lang='lat' dir='ltr'><strong>petiorilius</strong></span> <span class='ocrx_word' id='word_1_303' title='bbox 1732 4366 1826 4411; x_wconf 87' lang='lat' dir='ltr'><strong>ant</strong></span> <span class='ocrx_word' id='word_1_304' title='bbox 1866 4358 2021 4425; x_wconf 78' lang='lat' dir='ltr'><strong>vulgo</strong></span> <span class='ocrx_word' id='word_1_305' title='bbox 2074 4357 2310 4408; x_wconf 86' lang='lat' dir='ltr'><strong>interro-</strong></span> 
     </span>
    </p>
   </div>
   <div class='ocr_carea' id='block_1_46' title="bbox 746 4446 2309 4534">
    <p class='ocr_par' dir='ltr' id='par_1_46' title="bbox 746 4446 2309 4534">
     <span class='ocr_line' id='line_1_46' title="bbox 746 4446 2309 4534; baseline -0.012 -16"><span class='ocrx_word' id='word_1_306' title='bbox 746 4480 916 4534; x_wconf 73' lang='lat' dir='ltr'><strong>gare;</strong></span> <span class='ocrx_word' id='word_1_307' title='bbox 950 4458 1318 4527; x_wconf 72' lang='lat' dir='ltr'><strong>descripsique</strong></span> <span class='ocrx_word' id='word_1_308' title='bbox 1350 4453 1443 4506; x_wconf 89' lang='lat' dir='ltr'><strong>tibi</strong></span> <span class='ocrx_word' id='word_1_309' title='bbox 1482 4449 1722 4519; x_wconf 82' lang='lat' dir='ltr'><strong>(indicet</strong></span> <span class='ocrx_word' id='word_1_310' title='bbox 1761 4448 1858 4500; x_wconf 87' lang='lat' dir='ltr'><strong>tibi</strong></span> <span class='ocrx_word' id='word_1_311' title='bbox 1888 4446 2028 4501; x_wconf 85' lang='lat' dir='ltr'><strong>Deus</strong></span> <span class='ocrx_word' id='word_1_312' title='bbox 2078 4449 2215 4499; x_wconf 90' lang='lat' dir='ltr'><strong>viam</strong></span> <span class='ocrx_word' id='word_1_313' title='bbox 2243 4446 2309 4499; x_wconf 88' lang='lat' dir='ltr'><strong>ad</strong></span> 
     </span>
    </p>
   </div>
   <div class='ocr_carea' id='block_1_47' title="bbox 750 4538 2306 4612">
    <p class='ocr_par' dir='ltr' id='par_1_47' title="bbox 750 4538 2306 4612">
     <span class='ocr_line' id='line_1_47' title="bbox 750 4538 2306 4612; baseline -0.022 -1"><span class='ocrx_word' id='word_1_314' title='bbox 750 4557 1054 4611; x_wconf 82' lang='lat' dir='ltr'><strong>Ielicitatem</strong></span> <span class='ocrx_word' id='word_1_315' title='bbox 1090 4551 1325 4603; x_wconf 70' lang='lat' dir='ltr'><strong>maxime</strong></span> <span class='ocrx_word' id='word_1_316' title='bbox 1351 4542 1683 4612; x_wconf 79' lang='lat' dir='ltr'><strong>expeditam,</strong></span> <span class='ocrx_word' id='word_1_317' title='bbox 1713 4550 1767 4593; x_wconf 89' lang='lat' dir='ltr'><strong>et</strong></span> <span class='ocrx_word' id='word_1_318' title='bbox 1809 4551 1990 4593; x_wconf 91' lang='lat' dir='ltr'><strong>notam</strong></span> <span class='ocrx_word' id='word_1_319' title='bbox 2045 4538 2138 4592; x_wconf 93' lang='lat' dir='ltr'><strong>tibi</strong></span> <span class='ocrx_word' id='word_1_320' title='bbox 2183 4553 2306 4606; x_wconf 74' lang='lat' dir='ltr'><strong>per-</strong></span> 
     </span>
    </p>
   </div>
   <div class='ocr_carea' id='block_1_48' title="bbox 749 4629 2307 4718">
    <p class='ocr_par' dir='ltr' id='par_1_48' title="bbox 749 4629 2307 4718">
     <span class='ocr_line' id='line_1_48' title="bbox 749 4629 2307 4718; baseline -0.013 -18"><span class='ocrx_word' id='word_1_321' title='bbox 749 4658 909 4718; x_wconf 86' lang='lat' dir='ltr'><strong>petno</strong></span> <span class='ocrx_word' id='word_1_322' title='bbox 945 4644 1107 4697; x_wconf 84' lang='lat' dir='ltr'><strong>faciat</strong></span> <span class='ocrx_word' id='word_1_323' title='bbox 1136 4638 1422 4692; x_wconf 81' lang='lat' dir='ltr'><strong>scientiam</strong></span> <span class='ocrx_word' id='word_1_324' title='bbox 1454 4674 1468 4698; x_wconf 92' lang='lat'><strong>,</strong></span> <span class='ocrx_word' id='word_1_325' title='bbox 1497 4642 1553 4687; x_wconf 90' lang='lat' dir='ltr'><strong>et</strong></span> <span class='ocrx_word' id='word_1_326' title='bbox 1587 4632 1876 4685; x_wconf 85' lang='lat' dir='ltr'><strong>utilitatem</strong></span> <span class='ocrx_word' id='word_1_327' title='bbox 1939 4629 2307 4698; x_wconf 66' lang='lat' dir='ltr'><strong>praecipuam)</strong></span> 
     </span>
    </p>
   </div>
   <div class='ocr_carea' id='block_1_49' title="bbox 747 4720 2309 4811">
    <p class='ocr_par' dir='ltr' id='par_1_49' title="bbox 747 4720 2309 4811">
     <span class='ocr_line' id='line_1_49' title="bbox 747 4720 2309 4811; baseline -0.017 -16"><span class='ocrx_word' id='word_1_328' title='bbox 747 4754 955 4811; x_wconf 75' lang='lat' dir='ltr'><strong>typum,</strong></span> <span class='ocrx_word' id='word_1_329' title='bbox 985 4732 1276 4798; x_wconf 81' lang='lat' dir='ltr'><strong>exemplar,</strong></span> <span class='ocrx_word' id='word_1_330' title='bbox 1308 4736 1360 4780; x_wconf 88' lang='lat' dir='ltr'><strong>et</strong></span> <span class='ocrx_word' id='word_1_331' title='bbox 1392 4738 1674 4788; x_wconf 88' lang='lat' dir='ltr'><strong>normam;</strong></span> <span class='ocrx_word' id='word_1_332' title='bbox 1708 4735 1830 4791; x_wconf 68' lang='lat' dir='ltr'><strong>qua:</strong></span> <span class='ocrx_word' id='word_1_333' title='bbox 1855 4720 2115 4774; x_wconf 87' lang='lat' dir='ltr'><strong>constitui</strong></span> <span class='ocrx_word' id='word_1_334' title='bbox 2160 4735 2309 4772; x_wconf 83' lang='lat' dir='ltr'><strong>com-</strong></span> 
     </span>
    </p>
   </div>
   <div class='ocr_carea' id='block_1_50' title="bbox 748 4810 2307 4900">
    <p class='ocr_par' dir='ltr' id='par_1_50' title="bbox 748 4810 2307 4900">
     <span class='ocr_line' id='line_1_50' title="bbox 748 4810 2307 4900; baseline -0.015 -15"><span class='ocrx_word' id='word_1_335' title='bbox 748 4829 1007 4900; x_wconf 85' lang='lat' dir='ltr'><strong>pendiosa</strong></span> <span class='ocrx_word' id='word_1_336' title='bbox 1040 4833 1093 4878; x_wconf 89' lang='lat' dir='ltr'><strong>et</strong></span> <span class='ocrx_word' id='word_1_337' title='bbox 1131 4821 1307 4883; x_wconf 87' lang='lat' dir='ltr'><strong>utilia,</strong></span> <span class='ocrx_word' id='word_1_338' title='bbox 1337 4826 1498 4886; x_wconf 89' lang='lat' dir='ltr'><strong>prout</strong></span> <span class='ocrx_word' id='word_1_339' title='bbox 1523 4813 1762 4883; x_wconf 86' lang='lat' dir='ltr'><strong>judicavi</strong></span> <span class='ocrx_word' id='word_1_340' title='bbox 1800 4820 2108 4879; x_wconf 86' lang='lat' dir='ltr'><strong>c0mpetere</strong></span> <span class='ocrx_word' id='word_1_341' title='bbox 2140 4810 2307 4863; x_wconf 90' lang='lat' dir='ltr'><strong>animi</strong></span> 
     </span>
    </p>
   </div>
   <div class='ocr_carea' id='block_1_51' title="bbox 746 4899 2307 4986">
    <p class='ocr_par' dir='ltr' id='par_1_51' title="bbox 746 4899 2307 4986">
     <span class='ocr_line' id='line_1_51' title="bbox 746 4899 2307 4986; baseline -0.014 -13"><span class='ocrx_word' id='word_1_342' title='bbox 746 4899 821 4973; x_wconf 84' lang='lat' dir='ltr'><strong>tui</strong></span> <span class='ocrx_word' id='word_1_343' title='bbox 854 4910 1097 4986; x_wconf 64' lang='lat' dir='ltr'><strong>prceclari</strong></span> <span class='ocrx_word' id='word_1_344' title='bbox 1132 4904 1467 4966; x_wconf 88' lang='lat' dir='ltr'><strong>celsitudini,</strong></span> <span class='ocrx_word' id='word_1_345' title='bbox 1496 4912 1551 4956; x_wconf 89' lang='lat' dir='ltr'><strong>et</strong></span> <span class='ocrx_word' id='word_1_346' title='bbox 1580 4900 1861 4955; x_wconf 82' lang='lat' dir='ltr'><strong>eonforme</strong></span> <span class='ocrx_word' id='word_1_347' title='bbox 1902 4915 2024 4955; x_wconf 83' lang='lat' dir='ltr'><strong>esse</strong></span> <span class='ocrx_word' id='word_1_348' title='bbox 2075 4899 2307 4952; x_wconf 89' lang='lat' dir='ltr'><strong>acumini</strong></span> 
     </span>
    </p>
   </div>
   <div class='ocr_carea' id='block_1_52' title="bbox 747 4989 2307 5078">
    <p class='ocr_par' dir='ltr' id='par_1_52' title="bbox 747 4989 2307 5078">
     <span class='ocr_line' id='line_1_52' title="bbox 747 4989 2307 5078; baseline -0.015 -16"><span class='ocrx_word' id='word_1_349' title='bbox 747 5006 945 5078; x_wconf 77' lang='lat' dir='ltr'><strong>ingenii</strong></span> <span class='ocrx_word' id='word_1_350' title='bbox 970 5007 1046 5057; x_wconf 91' lang='lat' dir='ltr'><strong>tul</strong></span> <span class='ocrx_word' id='word_1_351' title='bbox 1072 4997 1379 5070; x_wconf 69' lang='lat' dir='ltr'><strong>praestantis</strong></span> <span class='ocrx_word' id='word_1_352' title='bbox 1406 5002 1457 5047; x_wconf 90' lang='lat' dir='ltr'><strong>et</strong></span> <span class='ocrx_word' id='word_1_353' title='bbox 1488 4992 1757 5054; x_wconf 90' lang='lat' dir='ltr'><strong>sublimis,</strong></span> <span class='ocrx_word' id='word_1_354' title='bbox 1781 4989 2060 5045; x_wconf 85' lang='lat' dir='ltr'><strong>succincte</strong></span> <span class='ocrx_word' id='word_1_355' title='bbox 2087 4998 2140 5044; x_wconf 93' lang='lat' dir='ltr'><strong>et</strong></span> <span class='ocrx_word' id='word_1_356' title='bbox 2163 5005 2307 5044; x_wconf 66' lang='lat' dir='ltr'><strong>sum.</strong></span> 
     </span>
    </p>
   </div>
   <div class='ocr_carea' id='block_1_53' title="bbox 746 5079 2310 5153">
    <p class='ocr_par' dir='ltr' id='par_1_53' title="bbox 746 5079 2310 5153">
     <span class='ocr_line' id='line_1_53' title="bbox 746 5079 2310 5153; baseline -0.011 -5"><span class='ocrx_word' id='word_1_357' title='bbox 746 5096 933 5149; x_wconf 88' lang='lat' dir='ltr'><strong>matim</strong></span> <span class='ocrx_word' id='word_1_358' title='bbox 963 5089 1102 5144; x_wconf 85' lang='lat' dir='ltr'><strong>tradi</strong></span> <span class='ocrx_word' id='word_1_359' title='bbox 1132 5102 1193 5140; x_wconf 89' lang='lat' dir='ltr'><strong>ea</strong></span> <span class='ocrx_word' id='word_1_360' title='bbox 1218 5098 1340 5153; x_wconf 70' lang='lat' dir='ltr'><strong>qua:</strong></span> <span class='ocrx_word' id='word_1_361' title='bbox 1366 5098 1396 5137; x_wconf 92' lang='lat' dir='ltr'><strong>e</strong></span> <span class='ocrx_word' id='word_1_362' title='bbox 1425 5082 1541 5151; x_wconf 69' lang='lat' dir='ltr'><strong>lege</strong></span> <span class='ocrx_word' id='word_1_363' title='bbox 1569 5090 1622 5133; x_wconf 86' lang='lat' dir='ltr'><strong>et</strong></span> <span class='ocrx_word' id='word_1_364' title='bbox 1662 5079 1971 5149; x_wconf 79' lang='lat' dir='ltr'><strong>Evangelio,</strong></span> <span class='ocrx_word' id='word_1_365' title='bbox 1991 5079 2310 5147; x_wconf 60' lang='lat' dir='ltr'><strong>ca&#39;terisque</strong></span> 
     </span>
    </p>
   </div>
   <div class='ocr_carea' id='block_1_54' title="bbox 745 5170 2306 5240">
    <p class='ocr_par' dir='ltr' id='par_1_54' title="bbox 745 5170 2306 5240">
     <span class='ocr_line' id='line_1_54' title="bbox 745 5170 2306 5240; baseline -0.013 0"><span class='ocrx_word' id='word_1_366' title='bbox 745 5185 899 5240; x_wconf 85' lang='lat' dir='ltr'><strong>liln-is</strong></span> <span class='ocrx_word' id='word_1_367' title='bbox 934 5177 1207 5235; x_wconf 82' lang='lat' dir='ltr'><strong>veteribus</strong></span> <span class='ocrx_word' id='word_1_368' title='bbox 1231 5185 1283 5228; x_wconf 89' lang='lat' dir='ltr'><strong>et</strong></span> <span class='ocrx_word' id='word_1_369' title='bbox 1324 5172 1481 5227; x_wconf 84' lang='lat' dir='ltr'><strong>novis</strong></span> <span class='ocrx_word' id='word_1_370' title='bbox 1535 5170 1762 5224; x_wconf 79' lang='lat' dir='ltr'><strong>collecta</strong></span> <span class='ocrx_word' id='word_1_371' title='bbox 1808 5170 2127 5239; x_wconf 75' lang='lat' dir='ltr'><strong>complexus</strong></span> <span class='ocrx_word' id='word_1_372' title='bbox 2187 5183 2306 5222; x_wconf 88' lang='lat' dir='ltr'><strong>sum</strong></span> 
     </span>
    </p>
   </div>
   <div class='ocr_carea' id='block_1_55' title="bbox 746 5261 2304 5335">
    <p class='ocr_par' dir='ltr' id='par_1_55' title="bbox 746 5261 2304 5335">
     <span class='ocr_line' id='line_1_55' title="bbox 746 5261 2304 5335; baseline -0.01 -6"><span class='ocrx_word' id='word_1_373' title='bbox 746 5277 885 5329; x_wconf 88' lang='lat' dir='ltr'><strong>libro</strong></span> <span class='ocrx_word' id='word_1_374' title='bbox 918 5274 1016 5325; x_wconf 86' lang='lat' dir='ltr'><strong>hoc</strong></span> <span class='ocrx_word' id='word_1_375' title='bbox 1051 5282 1170 5321; x_wconf 88' lang='lat' dir='ltr'><strong>meo</strong></span> <span class='ocrx_word' id='word_1_376' title='bbox 1193 5279 1351 5335; x_wconf 81' lang='lat' dir='ltr'><strong>quem</strong></span> <span class='ocrx_word' id='word_1_377' title='bbox 1388 5262 1696 5331; x_wconf 88' lang='lat' dir='ltr'><strong>composui.</strong></span> <span class='ocrx_word' id='word_1_378' title='bbox 1718 5262 1861 5330; x_wconf 90' lang='lat' dir='ltr'><strong>quod</strong></span> <span class='ocrx_word' id='word_1_379' title='bbox 1881 5261 1948 5314; x_wconf 91' lang='lat' dir='ltr'><strong>ad</strong></span> <span class='ocrx_word' id='word_1_380' title='bbox 1968 5261 2304 5324; x_wconf 86' lang='lat' dir='ltr'><strong>methodmn,</strong></span> 
     </span>
    </p>
   </div>
   <div class='ocr_carea' id='block_1_56' title="bbox 745 5352 2310 5428">
    <p class='ocr_par' dir='ltr' id='par_1_56' title="bbox 745 5352 2310 5428">
     <span class='ocr_line' id='line_1_56' title="bbox 745 5352 2310 5428; baseline -0.009 -8"><span class='ocrx_word' id='word_1_381' title='bbox 745 5366 906 5421; x_wconf 87' lang='lat' dir='ltr'><strong>rebus</strong></span> <span class='ocrx_word' id='word_1_382' title='bbox 925 5358 1308 5428; x_wconf 81' lang='lat' dir='ltr'><strong>investigandis</strong></span> <span class='ocrx_word' id='word_1_383' title='bbox 1324 5352 2010 5427; x_wconf 48' lang='lat' dir='ltr'><strong>prastantissimttmmuod</strong></span> <span class='ocrx_word' id='word_1_384' title='bbox 2022 5352 2086 5405; x_wconf 92' lang='lat' dir='ltr'><strong>ad</strong></span> <span class='ocrx_word' id='word_1_385' title='bbox 2105 5353 2277 5407; x_wconf 81' lang='lat' dir='ltr'><strong>docui</strong></span> <span class='ocrx_word' id='word_1_386' title='bbox 2296 5381 2310 5392; x_wconf 89' lang='lat'><strong><em>-</em></strong></span> 
     </span>
    </p>
   </div>
   <div class='ocr_carea' id='block_1_57' title="bbox 748 5447 2307 5521">
    <p class='ocr_par' dir='ltr' id='par_1_57' title="bbox 748 5447 2307 5521">
     <span class='ocr_line' id='line_1_57' title="bbox 748 5447 2307 5521; baseline -0.009 -9"><span class='ocrx_word' id='word_1_387' title='bbox 748 5473 893 5521; x_wconf 89' lang='lat' dir='ltr'><strong>nam,</strong></span> <span class='ocrx_word' id='word_1_388' title='bbox 944 5455 1285 5509; x_wconf 81' lang='lat' dir='ltr'><strong>verissimum</strong></span> <span class='ocrx_word' id='word_1_389' title='bbox 1314 5464 1472 5516; x_wconf 90' lang='lat' dir='ltr'><strong>;eum</strong></span> <span class='ocrx_word' id='word_1_390' title='bbox 1496 5448 1548 5500; x_wconf 91' lang='lat' dir='ltr'><strong>in</strong></span> <span class='ocrx_word' id='word_1_391' title='bbox 1573 5448 1690 5510; x_wconf 79' lang='lat' dir='ltr'><strong>ipso</strong></span> <span class='ocrx_word' id='word_1_392' title='bbox 1715 5455 1998 5500; x_wconf 87' lang='lat' dir='ltr'><strong>assecutus</strong></span> <span class='ocrx_word' id='word_1_393' title='bbox 2018 5447 2307 5498; x_wconf 79' lang='lat' dir='ltr'><strong>terminum</strong></span> 
     </span>
    </p>
   </div>
   <div class='ocr_carea' id='block_1_58' title="bbox 745 5536 2307 5618">
    <p class='ocr_par' dir='ltr' id='par_1_58' title="bbox 745 5536 2307 5618">
     <span class='ocr_line' id='line_1_58' title="bbox 745 5536 2307 5618; baseline -0.009 -15"><span class='ocrx_word' id='word_1_394' title='bbox 745 5551 834 5618; x_wconf 91' lang='lat' dir='ltr'><strong>qui</strong></span> <span class='ocrx_word' id='word_1_395' title='bbox 856 5545 1105 5617; x_wconf 82' lang='lat' dir='ltr'><strong>prudenti</strong></span> <span class='ocrx_word' id='word_1_396' title='bbox 1125 5552 1308 5611; x_wconf 80' lang='lat' dir='ltr'><strong>gratus</strong></span> <span class='ocrx_word' id='word_1_397' title='bbox 1323 5541 1413 5604; x_wconf 85' lang='lat' dir='ltr'><strong>sit,</strong></span> <span class='ocrx_word' id='word_1_398' title='bbox 1436 5547 1487 5591; x_wconf 91' lang='lat' dir='ltr'><strong>et</strong></span> <span class='ocrx_word' id='word_1_399' title='bbox 1509 5538 1779 5591; x_wconf 86' lang='lat' dir='ltr'><strong>intellectu</strong></span> <span class='ocrx_word' id='word_1_400' title='bbox 1803 5536 2027 5603; x_wconf 74' lang='lat' dir='ltr'><strong>prze-Jito</strong></span> <span class='ocrx_word' id='word_1_401' title='bbox 2048 5537 2307 5599; x_wconf 76' lang='lat' dir='ltr'><strong>sufﬁciat,</strong></span> 
     </span>
    </p>
   </div>
   <div class='ocr_carea' id='block_1_59' title="bbox 745 5628 2300 5705">
    <p class='ocr_par' dir='ltr' id='par_1_59' title="bbox 745 5628 2300 5705">
     <span class='ocr_line' id='line_1_59' title="bbox 745 5628 2300 5705; baseline -0.006 -14"><span class='ocrx_word' id='word_1_402' title='bbox 745 5656 916 5705; x_wconf 72' lang='lat' dir='ltr'><strong>eaque</strong></span> <span class='ocrx_word' id='word_1_403' title='bbox 940 5637 1033 5691; x_wconf 89' lang='lat' dir='ltr'><strong>tibi</strong></span> <span class='ocrx_word' id='word_1_404' title='bbox 1066 5644 1119 5690; x_wconf 90' lang='lat' dir='ltr'><strong>et</strong></span> <span class='ocrx_word' id='word_1_405' title='bbox 1168 5634 1422 5687; x_wconf 85' lang='lat' dir='ltr'><strong>tratribns</strong></span> <span class='ocrx_word' id='word_1_406' title='bbox 1447 5632 1554 5684; x_wconf 82' lang='lat' dir='ltr'><strong>tuis</strong></span> <span class='ocrx_word' id='word_1_407' title='bbox 1573 5628 1992 5698; x_wconf 70' lang='lat' dir='ltr'><strong>ct&#39;identta(res)</strong></span> <span class='ocrx_word' id='word_1_408' title='bbox 2040 5631 2300 5699; x_wconf 77' lang='lat' dir='ltr'><strong>explicui.</strong></span> 
     </span>
    </p>
   </div>
   <div class='ocr_carea' id='block_1_60' title="bbox 743 5722 2302 5799">
    <p class='ocr_par' dir='ltr' id='par_1_60' title="bbox 743 5722 2302 5799">
     <span class='ocr_line' id='line_1_60' title="bbox 743 5722 2302 5799; baseline -0.005 -16"><span class='ocrx_word' id='word_1_409' title='bbox 743 5746 865 5799; x_wconf 60' lang='lat' dir='ltr'><strong>etne</strong></span> <span class='ocrx_word' id='word_1_410' title='bbox 893 5730 1044 5784; x_wconf 85' lang='lat' dir='ltr'><strong>nobis</strong></span> <span class='ocrx_word' id='word_1_411' title='bbox 1069 5727 1275 5796; x_wconf 88' lang='lat' dir='ltr'><strong>tibique</strong></span> <span class='ocrx_word' id='word_1_412' title='bbox 1294 5724 1495 5794; x_wconf 64' lang='lat' dir='ltr'><strong>praemii</strong></span> <span class='ocrx_word' id='word_1_413' title='bbox 1524 5733 1576 5778; x_wconf 92' lang='lat' dir='ltr'><strong>et</strong></span> <span class='ocrx_word' id='word_1_414' title='bbox 1596 5722 1716 5777; x_wconf 92' lang='lat' dir='ltr'><strong>boni</strong></span> <span class='ocrx_word' id='word_1_415' title='bbox 1739 5722 2103 5791; x_wconf 79' lang='lat' dir='ltr'><strong>consequendi</strong></span> <span class='ocrx_word' id='word_1_416' title='bbox 2139 5737 2302 5776; x_wconf 90' lang='lat' dir='ltr'><strong>causa</strong></span> 
     </span>
    </p>
   </div>
   <div class='ocr_carea' id='block_1_61' title="bbox 730 5842 834 5878">
    <p class='ocr_par' dir='ltr' id='par_1_61' title="bbox 730 5842 834 5878">
     <span class='ocr_line' id='line_1_61' title="bbox 730 5842 834 5878; baseline 0 0"><span class='ocrx_word' id='word_1_417' title='bbox 730 5842 834 5878; x_wconf 64' lang='lat' dir='ltr'><strong>&#39;Sll.</strong></span> 
     </span>
    </p>
   </div>
   <div class='ocr_carea' id='block_1_62' title="bbox 2411 4356 3982 4427">
    <p class='ocr_par' dir='ltr' id='par_1_62' title="bbox 2411 4356 3982 4427">
     <span class='ocr_line' id='line_1_62' title="bbox 2411 4356 3982 4427; baseline -0.007 -13"><span class='ocrx_word' id='word_1_418' title='bbox 2411 4365 2554 4414; x_wconf 89' lang='lat' dir='ltr'><strong>vires</strong></span> <span class='ocrx_word' id='word_1_419' title='bbox 2582 4363 2843 4427; x_wconf 83' lang='lat' dir='ltr'><strong>ipsarum,</strong></span> <span class='ocrx_word' id='word_1_420' title='bbox 2879 4373 3066 4411; x_wconf 90' lang='lat' dir='ltr'><strong>verum</strong></span> <span class='ocrx_word' id='word_1_421' title='bbox 3102 4356 3245 4423; x_wconf 84' lang='lat' dir='ltr'><strong>ipsas</strong></span> <span class='ocrx_word' id='word_1_422' title='bbox 3280 4356 3559 4408; x_wconf 87' lang='lat' dir='ltr'><strong>aetionum</strong></span> <span class='ocrx_word' id='word_1_423' title='bbox 3610 4369 3836 4407; x_wconf 87' lang='lat' dir='ltr'><strong>suarum</strong></span> <span class='ocrx_word' id='word_1_424' title='bbox 3892 4370 3982 4404; x_wconf 83' lang='lat' dir='ltr'><strong>ai-</strong></span> 
     </span>
    </p>
   </div>
   <div class='ocr_carea' id='block_1_63' title="bbox 2410 4446 3982 4518">
    <p class='ocr_par' dir='ltr' id='par_1_63' title="bbox 2410 4446 3982 4518">
     <span class='ocr_line' id='line_1_63' title="bbox 2410 4446 3982 4518; baseline -0.008 -12"><span class='ocrx_word' id='word_1_425' title='bbox 2410 4453 2601 4509; x_wconf 86' lang='lat' dir='ltr'><strong>bitras.</strong></span> <span class='ocrx_word' id='word_1_426' title='bbox 2642 4464 2975 4518; x_wconf 84' lang='lat' dir='ltr'><strong>operumque</strong></span> <span class='ocrx_word' id='word_1_427' title='bbox 3016 4462 3237 4499; x_wconf 89' lang='lat' dir='ltr'><strong>suorum</strong></span> <span class='ocrx_word' id='word_1_428' title='bbox 3298 4446 3685 4498; x_wconf 80' lang='lat' dir='ltr'><strong>moderatrices</strong></span> <span class='ocrx_word' id='word_1_429' title='bbox 3716 4483 3731 4505; x_wconf 91' lang='lat'><strong>,</strong></span> <span class='ocrx_word' id='word_1_430' title='bbox 3774 4460 3837 4496; x_wconf 87' lang='lat' dir='ltr'><strong>ac</strong></span> <span class='ocrx_word' id='word_1_431' title='bbox 3900 4463 3982 4495; x_wconf 66' lang='lat' dir='ltr'><strong>It:—</strong></span> 
     </span>
    </p>
   </div>
   <div class='ocr_carea' id='block_1_64' title="bbox 2410 4534 3975 4600">
    <p class='ocr_par' dir='ltr' id='par_1_64' title="bbox 2410 4534 3975 4600">
     <span class='ocr_line' id='line_1_64' title="bbox 2410 4534 3975 4600; baseline -0.006 -3"><span class='ocrx_word' id='word_1_432' title='bbox 2410 4559 2529 4597; x_wconf 86' lang='lat' dir='ltr'><strong>rum</strong></span> <span class='ocrx_word' id='word_1_433' title='bbox 2562 4555 2783 4595; x_wconf 85' lang='lat' dir='ltr'><strong>suarum</strong></span> <span class='ocrx_word' id='word_1_434' title='bbox 2822 4539 3173 4591; x_wconf 88' lang='lat' dir='ltr'><strong>administras</strong></span> <span class='ocrx_word' id='word_1_435' title='bbox 3211 4536 3537 4597; x_wconf 80' lang='lat' dir='ltr'><strong>constituit;</strong></span> <span class='ocrx_word' id='word_1_436' title='bbox 3577 4543 3737 4600; x_wconf 81' lang='lat' dir='ltr'><strong>atque</strong></span> <span class='ocrx_word' id='word_1_437' title='bbox 3768 4534 3834 4587; x_wconf 90' lang='lat' dir='ltr'><strong>ad</strong></span> <span class='ocrx_word' id='word_1_438' title='bbox 3867 4534 3975 4587; x_wconf 82' lang='lat' dir='ltr'><strong>hoc</strong></span> 
     </span>
    </p>
   </div>
   <div class='ocr_carea' id='block_1_65' title="bbox 2412 4624 3983 4694">
    <p class='ocr_par' dir='ltr' id='par_1_65' title="bbox 2412 4624 3983 4694">
     <span class='ocr_line' id='line_1_65' title="bbox 2412 4624 3983 4694; baseline -0.008 -7"><span class='ocrx_word' id='word_1_439' title='bbox 2412 4636 2532 4687; x_wconf 89' lang='lat' dir='ltr'><strong>illas</strong></span> <span class='ocrx_word' id='word_1_440' title='bbox 2574 4632 2833 4685; x_wconf 77' lang='lat' dir='ltr'><strong>instruxit</strong></span> <span class='ocrx_word' id='word_1_441' title='bbox 2859 4628 3175 4683; x_wconf 85' lang='lat' dir='ltr'><strong>excellentia</strong></span> <span class='ocrx_word' id='word_1_442' title='bbox 3199 4626 3387 4694; x_wconf 87' lang='lat' dir='ltr'><strong>jndicii</strong></span> <span class='ocrx_word' id='word_1_443' title='bbox 3419 4635 3471 4679; x_wconf 93' lang='lat' dir='ltr'><strong>et</strong></span> <span class='ocrx_word' id='word_1_444' title='bbox 3499 4624 3712 4677; x_wconf 86' lang='lat' dir='ltr'><strong>consilii</strong></span> <span class='ocrx_word' id='word_1_445' title='bbox 3744 4664 3757 4685; x_wconf 96' lang='lat'><strong>,</strong></span> <span class='ocrx_word' id='word_1_446' title='bbox 3791 4639 3855 4677; x_wconf 88' lang='lat' dir='ltr'><strong>ac</strong></span> <span class='ocrx_word' id='word_1_447' title='bbox 3884 4626 3983 4676; x_wconf 84' lang='lat' dir='ltr'><strong>bo-</strong></span> 
     </span>
    </p>
   </div>
   <div class='ocr_carea' id='block_1_66' title="bbox 2412 4716 3985 4786">
    <p class='ocr_par' dir='ltr' id='par_1_66' title="bbox 2412 4716 3985 4786">
     <span class='ocr_line' id='line_1_66' title="bbox 2412 4716 3985 4786; baseline -0.008 -7"><span class='ocrx_word' id='word_1_448' title='bbox 2412 4726 2582 4779; x_wconf 89' lang='lat' dir='ltr'><strong>nitate</strong></span> <span class='ocrx_word' id='word_1_449' title='bbox 2610 4720 3018 4777; x_wconf 79' lang='lat' dir='ltr'><strong>deliberationis</strong></span> <span class='ocrx_word' id='word_1_450' title='bbox 3039 4729 3089 4773; x_wconf 89' lang='lat' dir='ltr'><strong>et</strong></span> <span class='ocrx_word' id='word_1_451' title='bbox 3131 4719 3395 4780; x_wconf 54' lang='lat' dir='ltr'><strong>scientia,</strong></span> <span class='ocrx_word' id='word_1_452' title='bbox 3424 4732 3524 4786; x_wconf 87' lang='lat' dir='ltr'><strong>ope</strong></span> <span class='ocrx_word' id='word_1_453' title='bbox 3546 4716 3665 4784; x_wconf 91' lang='lat' dir='ltr'><strong>ejus</strong></span> <span class='ocrx_word' id='word_1_454' title='bbox 3697 4730 3862 4783; x_wconf 88' lang='lat' dir='ltr'><strong>quem</strong></span> <span class='ocrx_word' id='word_1_455' title='bbox 3900 4717 3985 4767; x_wconf 91' lang='lat' dir='ltr'><strong>in—</strong></span> 
     </span>
    </p>
   </div>
   <div class='ocr_carea' id='block_1_67' title="bbox 2409 4806 3984 4882">
    <p class='ocr_par' dir='ltr' id='par_1_67' title="bbox 2409 4806 3984 4882">
     <span class='ocr_line' id='line_1_67' title="bbox 2409 4806 3984 4882; baseline -0.006 -13"><span class='ocrx_word' id='word_1_456' title='bbox 2409 4815 2545 4870; x_wconf 90' lang='lat' dir='ltr'><strong>didit</strong></span> <span class='ocrx_word' id='word_1_457' title='bbox 2572 4814 2722 4882; x_wconf 88' lang='lat' dir='ltr'><strong>ipsis,</strong></span> <span class='ocrx_word' id='word_1_458' title='bbox 2753 4814 2819 4867; x_wconf 91' lang='lat' dir='ltr'><strong>de</strong></span> <span class='ocrx_word' id='word_1_459' title='bbox 2850 4824 3039 4865; x_wconf 87' lang='lat' dir='ltr'><strong>natura</strong></span> <span class='ocrx_word' id='word_1_460' title='bbox 3069 4812 3374 4863; x_wconf 86' lang='lat' dir='ltr'><strong>intellectus</strong></span> <span class='ocrx_word' id='word_1_461' title='bbox 3401 4827 3417 4876; x_wconf 89' lang='lat'><strong>;</strong></span> <span class='ocrx_word' id='word_1_462' title='bbox 3454 4824 3615 4877; x_wconf 85' lang='lat' dir='ltr'><strong>quem</strong></span> <span class='ocrx_word' id='word_1_463' title='bbox 3670 4806 3798 4861; x_wconf 82' lang='lat' dir='ltr'><strong>fecit</strong></span> <span class='ocrx_word' id='word_1_464' title='bbox 3846 4822 3984 4861; x_wconf 80' lang='lat' dir='ltr'><strong>oau-</strong></span> 
     </span>
    </p>
   </div>
   <div class='ocr_carea' id='block_1_68' title="bbox 2412 4898 3981 4973">
    <p class='ocr_par' dir='ltr' id='par_1_68' title="bbox 2412 4898 3981 4973">
     <span class='ocr_line' id='line_1_68' title="bbox 2412 4898 3981 4973; baseline -0.007 -13"><span class='ocrx_word' id='word_1_465' title='bbox 2412 4921 2526 4961; x_wconf 89' lang='lat' dir='ltr'><strong>sam</strong></span> <span class='ocrx_word' id='word_1_466' title='bbox 2558 4905 2916 4973; x_wconf 87' lang='lat' dir='ltr'><strong>impellentem</strong></span> <span class='ocrx_word' id='word_1_467' title='bbox 2974 4903 3040 4955; x_wconf 90' lang='lat' dir='ltr'><strong>ad</strong></span> <span class='ocrx_word' id='word_1_468' title='bbox 3093 4902 3526 4953; x_wconf 73' lang='lat' dir='ltr'><strong>confirmandum</strong></span> <span class='ocrx_word' id='word_1_469' title='bbox 3581 4908 3769 4951; x_wconf 84' lang='lat' dir='ltr'><strong>contra</strong></span> <span class='ocrx_word' id='word_1_470' title='bbox 3828 4898 3981 4966; x_wconf 83' lang='lat' dir='ltr'><strong>ipsns</strong></span> 
     </span>
    </p>
   </div>
   <div class='ocr_carea' id='block_1_69' title="bbox 2411 4990 3981 5063">
    <p class='ocr_par' dir='ltr' id='par_1_69' title="bbox 2411 4990 3981 5063">
     <span class='ocr_line' id='line_1_69' title="bbox 2411 4990 3981 5063; baseline -0.004 -15"><span class='ocrx_word' id='word_1_471' title='bbox 2411 5004 2815 5063; x_wconf 79' lang='lat' dir='ltr'><strong>argumentum,</strong></span> <span class='ocrx_word' id='word_1_472' title='bbox 2846 5005 2899 5047; x_wconf 90' lang='lat' dir='ltr'><strong>et</strong></span> <span class='ocrx_word' id='word_1_473' title='bbox 2936 4995 3075 5046; x_wconf 82' lang='lat' dir='ltr'><strong>viain</strong></span> <span class='ocrx_word' id='word_1_474' title='bbox 3130 5008 3251 5061; x_wconf 80' lang='lat' dir='ltr'><strong>qua:</strong></span> <span class='ocrx_word' id='word_1_475' title='bbox 3302 4993 3450 5060; x_wconf 91' lang='lat' dir='ltr'><strong>ipsos</strong></span> <span class='ocrx_word' id='word_1_476' title='bbox 3501 5000 3773 5057; x_wconf 80' lang='lat' dir='ltr'><strong>compotes</strong></span> <span class='ocrx_word' id='word_1_477' title='bbox 3829 4990 3981 5041; x_wconf 83' lang='lat' dir='ltr'><strong>dire-</strong></span> 
     </span>
    </p>
   </div>
   <div class='ocr_carea' id='block_1_70' title="bbox 2410 5080 3980 5155">
    <p class='ocr_par' dir='ltr' id='par_1_70' title="bbox 2410 5080 3980 5155">
     <span class='ocr_line' id='line_1_70' title="bbox 2410 5080 3980 5155; baseline -0.008 -12"><span class='ocrx_word' id='word_1_478' title='bbox 2410 5089 2606 5143; x_wconf 88' lang='lat' dir='ltr'><strong>ctionis</strong></span> <span class='ocrx_word' id='word_1_479' title='bbox 2638 5087 2861 5148; x_wconf 81' lang='lat' dir='ltr'><strong>faceret,</strong></span> <span class='ocrx_word' id='word_1_480' title='bbox 2897 5087 3043 5155; x_wconf 91' lang='lat' dir='ltr'><strong>quod</strong></span> <span class='ocrx_word' id='word_1_481' title='bbox 3072 5086 3206 5152; x_wconf 86' lang='lat' dir='ltr'><strong>ipsis</strong></span> <span class='ocrx_word' id='word_1_482' title='bbox 3238 5084 3585 5137; x_wconf 89' lang='lat' dir='ltr'><strong>commodum</strong></span> <span class='ocrx_word' id='word_1_483' title='bbox 3611 5090 3694 5133; x_wconf 86' lang='lat' dir='ltr'><strong>est</strong></span> <span class='ocrx_word' id='word_1_484' title='bbox 3745 5080 3980 5146; x_wconf 78' lang='lat' dir='ltr'><strong>eligens,</strong></span> 
     </span>
    </p>
   </div>
   <div class='ocr_carea' id='block_1_71' title="bbox 2409 5170 3981 5246">
    <p class='ocr_par' dir='ltr' id='par_1_71' title="bbox 2409 5170 3981 5246">
     <span class='ocr_line' id='line_1_71' title="bbox 2409 5170 3981 5246; baseline -0.01 -12"><span class='ocrx_word' id='word_1_485' title='bbox 2409 5189 2464 5235; x_wconf 90' lang='lat' dir='ltr'><strong>et</strong></span> <span class='ocrx_word' id='word_1_486' title='bbox 2496 5179 2873 5234; x_wconf 87' lang='lat' dir='ltr'><strong>misericordia</strong></span> <span class='ocrx_word' id='word_1_487' title='bbox 2900 5193 3026 5246; x_wconf 79' lang='lat' dir='ltr'><strong>erga</strong></span> <span class='ocrx_word' id='word_1_488' title='bbox 3061 5177 3206 5243; x_wconf 78' lang='lat' dir='ltr'><strong>ipsos</strong></span> <span class='ocrx_word' id='word_1_489' title='bbox 3238 5173 3603 5243; x_wconf 87' lang='lat' dir='ltr'><strong>pr0pendcns.</strong></span> <span class='ocrx_word' id='word_1_490' title='bbox 3657 5170 3802 5223; x_wconf 87' lang='lat' dir='ltr'><strong>Laus</strong></span> <span class='ocrx_word' id='word_1_491' title='bbox 3845 5183 3981 5236; x_wconf 82' lang='lat' dir='ltr'><strong>ergo</strong></span> 
     </span>
    </p>
   </div>
   <div class='ocr_carea' id='block_1_72' title="bbox 2411 5264 3980 5341">
    <p class='ocr_par' dir='ltr' id='par_1_72' title="bbox 2411 5264 3980 5341">
     <span class='ocr_line' id='line_1_72' title="bbox 2411 5264 3980 5341; baseline -0.01 -15"><span class='ocrx_word' id='word_1_492' title='bbox 2411 5274 2521 5326; x_wconf 78' lang='lat' dir='ltr'><strong>Deo</strong></span> <span class='ocrx_word' id='word_1_493' title='bbox 2553 5273 2645 5341; x_wconf 91' lang='lat' dir='ltr'><strong>qui</strong></span> <span class='ocrx_word' id='word_1_494' title='bbox 2682 5270 2993 5325; x_wconf 76' lang='lat' dir='ltr'><strong>individuus</strong></span> <span class='ocrx_word' id='word_1_495' title='bbox 3028 5276 3111 5321; x_wconf 85' lang='lat' dir='ltr'><strong>est</strong></span> <span class='ocrx_word' id='word_1_496' title='bbox 3149 5269 3359 5319; x_wconf 78' lang='lat' dir='ltr'><strong>ratione</strong></span> <span class='ocrx_word' id='word_1_497' title='bbox 3393 5265 3616 5317; x_wconf 88' lang='lat' dir='ltr'><strong>unitatis</strong></span> <span class='ocrx_word' id='word_1_498' title='bbox 3661 5278 3774 5315; x_wconf 73' lang='lat' dir='ltr'><strong>sust:</strong></span> <span class='ocrx_word' id='word_1_499' title='bbox 3801 5301 3814 5322; x_wconf 82' lang='lat'><strong>,</strong></span> <span class='ocrx_word' id='word_1_500' title='bbox 3850 5264 3980 5328; x_wconf 85' lang='lat' dir='ltr'><strong>qut-</strong></span> 
     </span>
    </p>
   </div>
   <div class='ocr_carea' id='block_1_73' title="bbox 2411 5355 3980 5431">
    <p class='ocr_par' dir='ltr' id='par_1_73' title="bbox 2411 5355 3980 5431">
     <span class='ocr_line' id='line_1_73' title="bbox 2411 5355 3980 5431; baseline -0.008 -18"><span class='ocrx_word' id='word_1_501' title='bbox 2411 5378 2515 5431; x_wconf 84' lang='lat' dir='ltr'><strong>que</strong></span> <span class='ocrx_word' id='word_1_502' title='bbox 2550 5366 2566 5430; x_wconf 87' lang='lat'>(</span> <span class='ocrx_word' id='word_1_503' title='bbox 2592 5362 3001 5430; x_wconf 78' lang='lat' dir='ltr'><strong>potentissimus</strong></span> <span class='ocrx_word' id='word_1_504' title='bbox 3030 5358 3087 5427; x_wconf 79' lang='lat'><strong>8</strong></span> <span class='ocrx_word' id='word_1_505' title='bbox 3116 5369 3165 5409; x_wconf 82' lang='lat' dir='ltr'><strong>et</strong></span> <span class='ocrx_word' id='word_1_506' title='bbox 3196 5355 3655 5424; x_wconf 74' lang='lat' dir='ltr'><strong>gloriosissimus)</strong></span> <span class='ocrx_word' id='word_1_507' title='bbox 3683 5355 3754 5404; x_wconf 90' lang='lat' dir='ltr'><strong>ob</strong></span> <span class='ocrx_word' id='word_1_508' title='bbox 3780 5368 3980 5405; x_wconf 83' lang='lat' dir='ltr'><strong>essen-</strong></span> 
     </span>
    </p>
   </div>
   <div class='ocr_carea' id='block_1_74' title="bbox 2419 5444 3979 5520">
    <p class='ocr_par' dir='ltr' id='par_1_74' title="bbox 2419 5444 3979 5520">
     <span class='ocr_line' id='line_1_74' title="bbox 2419 5444 3979 5520; baseline -0.008 -13"><span class='ocrx_word' id='word_1_509' title='bbox 2419 5456 2548 5507; x_wconf 89' lang='lat' dir='ltr'><strong>tiam</strong></span> <span class='ocrx_word' id='word_1_510' title='bbox 2581 5468 2755 5514; x_wconf 87' lang='lat' dir='ltr'><strong>suam,</strong></span> <span class='ocrx_word' id='word_1_511' title='bbox 2792 5452 3145 5520; x_wconf 88' lang='lat' dir='ltr'><strong>sapientiam,</strong></span> <span class='ocrx_word' id='word_1_512' title='bbox 3172 5459 3227 5503; x_wconf 92' lang='lat' dir='ltr'><strong>et</strong></span> <span class='ocrx_word' id='word_1_513' title='bbox 3256 5449 3417 5500; x_wconf 85' lang='lat' dir='ltr'><strong>vitam</strong></span> <span class='ocrx_word' id='word_1_514' title='bbox 3455 5456 3686 5500; x_wconf 69' lang='lat' dir='ltr'><strong>aeternas</strong></span> <span class='ocrx_word' id='word_1_515' title='bbox 3714 5484 3728 5505; x_wconf 91' lang='lat'><strong>,</strong></span> <span class='ocrx_word' id='word_1_516' title='bbox 3773 5444 3979 5511; x_wconf 71' lang='lat' dir='ltr'><strong>dignus</strong></span> 
     </span>
    </p>
   </div>
   <div class='ocr_carea' id='block_1_75' title="bbox 2411 5537 3982 5607">
    <p class='ocr_par' dir='ltr' id='par_1_75' title="bbox 2411 5537 3982 5607">
     <span class='ocr_line' id='line_1_75' title="bbox 2411 5537 3982 5607; baseline -0.01 -8"><span class='ocrx_word' id='word_1_517' title='bbox 2411 5554 2493 5599; x_wconf 79' lang='lat' dir='ltr'><strong>est</strong></span> <span class='ocrx_word' id='word_1_518' title='bbox 2521 5546 2676 5599; x_wconf 90' lang='lat' dir='ltr'><strong>laude</strong></span> <span class='ocrx_word' id='word_1_519' title='bbox 2706 5552 2762 5597; x_wconf 88' lang='lat' dir='ltr'><strong>et</strong></span> <span class='ocrx_word' id='word_1_520' title='bbox 2792 5544 3157 5597; x_wconf 88' lang='lat' dir='ltr'><strong>celebratione</strong></span> <span class='ocrx_word' id='word_1_521' title='bbox 3180 5582 3193 5603; x_wconf 92' lang='lat'><strong>,</strong></span> <span class='ocrx_word' id='word_1_522' title='bbox 3246 5550 3589 5607; x_wconf 78' lang='lat' dir='ltr'><strong>utereturque</strong></span> <span class='ocrx_word' id='word_1_523' title='bbox 3640 5537 3869 5605; x_wconf 60' lang='lat' dir='ltr'><strong>gloriam</strong></span> <span class='ocrx_word' id='word_1_524' title='bbox 3925 5546 3982 5585; x_wconf 74' lang='lat' dir='ltr'><strong>ct</strong></span> 
     </span>
    </p>
   </div>
   <div class='ocr_carea' id='block_1_76' title="bbox 2414 5628 3979 5704">
    <p class='ocr_par' dir='ltr' id='par_1_76' title="bbox 2414 5628 3979 5704">
     <span class='ocr_line' id='line_1_76' title="bbox 2414 5628 3979 5704; baseline -0.008 -13"><span class='ocrx_word' id='word_1_525' title='bbox 2414 5638 2794 5691; x_wconf 64' lang='lat' dir='ltr'><strong>exultationem</strong></span> <span class='ocrx_word' id='word_1_526' title='bbox 2825 5653 2837 5701; x_wconf 89' lang='lat'><strong>;</strong></span> <span class='ocrx_word' id='word_1_527' title='bbox 2871 5635 2962 5704; x_wconf 78' lang='lat' dir='ltr'><strong>qui</strong></span> <span class='ocrx_word' id='word_1_528' title='bbox 3001 5634 3136 5687; x_wconf 87' lang='lat' dir='ltr'><strong>niltil</strong></span> <span class='ocrx_word' id='word_1_529' title='bbox 3174 5636 3224 5685; x_wconf 82' lang='lat' dir='ltr'><strong>in</strong></span> <span class='ocrx_word' id='word_1_530' title='bbox 3263 5633 3376 5701; x_wconf 48' lang='lat' dir='ltr'><strong>leg»</strong></span> <span class='ocrx_word' id='word_1_531' title='bbox 3421 5648 3516 5685; x_wconf 89' lang='lat' dir='ltr'><strong>sua</strong></span> <span class='ocrx_word' id='word_1_532' title='bbox 3568 5634 3751 5700; x_wconf 84' lang='lat' dir='ltr'><strong>posuit</strong></span> <span class='ocrx_word' id='word_1_533' title='bbox 3797 5628 3979 5681; x_wconf 86' lang='lat' dir='ltr'><strong>ambi-</strong></span> 
     </span>
    </p>
   </div>
   <div class='ocr_carea' id='block_1_77' title="bbox 2413 5723 3985 5798">
    <p class='ocr_par' dir='ltr' id='par_1_77' title="bbox 2413 5723 3985 5798">
     <span class='ocr_line' id='line_1_77' title="bbox 2413 5723 3985 5798; baseline -0.006 -17"><span class='ocrx_word' id='word_1_534' title='bbox 2413 5745 2598 5798; x_wconf 76' lang='lat' dir='ltr'><strong>guum,</strong></span> <span class='ocrx_word' id='word_1_535' title='bbox 2634 5727 2780 5797; x_wconf 92' lang='lat' dir='ltr'><strong>quod</strong></span> <span class='ocrx_word' id='word_1_536' title='bbox 2806 5726 3090 5779; x_wconf 85' lang='lat' dir='ltr'><strong>dubitandi</strong></span> <span class='ocrx_word' id='word_1_537' title='bbox 3125 5740 3312 5777; x_wconf 80' lang='lat' dir='ltr'><strong>ansam</strong></span> <span class='ocrx_word' id='word_1_538' title='bbox 3363 5725 3657 5793; x_wconf 55' lang='lat' dir='ltr'><strong>praeberet,</strong></span> <span class='ocrx_word' id='word_1_539' title='bbox 3712 5736 3893 5787; x_wconf 78' lang='lat' dir='ltr'><strong>neque</strong></span> <span class='ocrx_word' id='word_1_540' title='bbox 3926 5723 3985 5772; x_wconf 76' lang='lat' dir='ltr'><strong>in</strong></span> 
     </span>
    </p>
   </div>
   <div class='ocr_carea' id='block_1_78' title="bbox 2412 5816 3976 5892">
    <p class='ocr_par' dir='ltr' id='par_1_78' title="bbox 2412 5816 3976 5892">
     <span class='ocr_line' id='line_1_78' title="bbox 2412 5816 3976 5892; baseline -0.003 -19"><span class='ocrx_word' id='word_1_541' title='bbox 2412 5824 2694 5892; x_wconf 69' lang='lat' dir='ltr'><strong>prmeeptis</strong></span> <span class='ocrx_word' id='word_1_542' title='bbox 2725 5820 2836 5874; x_wconf 85' lang='lat' dir='ltr'><strong>suis</strong></span> <span class='ocrx_word' id='word_1_543' title='bbox 2866 5820 3153 5884; x_wconf 84' lang='lat' dir='ltr'><strong>incertum,</strong></span> <span class='ocrx_word' id='word_1_544' title='bbox 3192 5816 3336 5886; x_wconf 83' lang='lat' dir='ltr'><strong>quod</strong></span> <span class='ocrx_word' id='word_1_545' title='bbox 3364 5817 3763 5873; x_wconf 77' lang='lat' dir='ltr'><strong>dissensionem</strong></span> <span class='ocrx_word' id='word_1_546' title='bbox 3811 5831 3976 5882; x_wconf 75' lang='lat' dir='ltr'><strong>part:-</strong></span> 
     </span>
    </p>
   </div>
  </div>
