4200 6432
162 476 265 535 909

1587 458 1943 516 ANNALES.

3284 441 3387 505 910

162 596 238 636 ret
268 599 282 644 ',
319 583 414 634 sed
446 580 561 646 ipsa
598 575 885 629 constituit
921 572 1205 639 perspicua
1241 580 1288 622 et
1317 566 1600 620 manifesta
1630 582 1726 632 po-
1756 565 1803 626 Α
1836 570 1973 619 inter
2000 582 2052 618 ει·
2078 567 2387 631 ύὶεςητυνςιηι
2427 562 2672 615 homines
2704 561 2756 611 in
2793 558 3018 612 historia
3048 596 3063 620 ,
3094 555 3238 624 quod
3294 569 3390 605 au-

162 674 333 744 pulis,
365 688 472 725 non
505 670 757 721 obstante
789 666 1069 720 nationum
1100 670 1153 715 et
1183 662 1462 730 regionum
1516 658 1727 710 discre-

164 770 387 838 pantia,
440 777 494 816 et
538 760 821 815 scientiam
871 757 1074 810 claram
1137 754 1389 807 omnibus
1443 750 1726 818 gentibus,

162 854 564 929 quantumlibet
597 865 847 906 sermone
874 855 928 902 et
962 846 1210 899 dialectis
1258 843 1485 895 invicem
1534 841 1727 894 distiu-

170 953 299 1006 ctis.
338 963 437 1017 per
474 943 864 1000 revelationem
913 940 1193 1008 prophetis
1227 935 1346 987 suis
1382 942 1434 986 ct
1474 933 1732 1002 apostolis

169 1041 407 1113 [factam
436 1037 456 1109 ]
484 1046 538 1091 et
570 1050 689 1104 qure
724 1031 873 1085 misit
904 1030 969 1083 ad
1006 1030 1152 1097 ipsos
1178 1026 1437 1078 miracula
1467 1025 1733 1093 signaque

166 1131 452 1186 tremenda
494 1129 557 1182 ad
591 1128 796 1181 cultum
829 1138 988 1177 suum
1026 1122 1303 1181 inritans;
1343 1127 1393 1171 et
1440 1117 1732 1181 benignum

167 1235 449 1292 aspectum
476 1221 523 1273 ei
555 1218 646 1287 qui
680 1217 781 1284 ipsi
819 1212 1114 1268 crediderit
1148 1212 1463 1279 promittens
1487 1252 1501 1275 ,
1529 1208 1733 1261 exitum

167 1331 299 1368 vero
342 1313 639 1379 pessimum
671 1308 749 1369 ei,
782 1307 874 1373 qui
910 1306 976 1358 ab
1004 1305 1121 1371 ipso
1148 1317 1207 1355 se
1240 1302 1495 1355 averterit
1528 1299 1734 1368 ipsum-

166 1420 275 1470 que
330 1398 655 1469 negaverit,
712 1396 974 1447 minatus.
1011 1388 1408 1460 [Celebretur,
1470 1381 1735 1453 inquam]

167 1490 330 1543 laude
391 1502 513 1555 quae
542 1486 800 1553 majorem
836 1483 1012 1549 ipsius
1042 1477 1453 1532 beneﬁcentiam
1484 1482 1737 1541 provocet

167 1594 532 1634 ttat-cessum
562 1578 628 1631 ad
657 1579 835 1644 ipsutn
882 1578 1131 1641 pratstet.
1179 1569 1360 1636 Ipsum
1411 1580 1538 1635 rogo
1568 1609 1580 1628 ,
1636 1566 1737 1633 ipsi

172 1673 429 1739 supplico
456 1710 469 1731 ,
507 1681 567 1722 ut
622 1669 867 1719 sinceras
923 1662 1112 1715 reddat
1144 1659 1474 1711 intentiones
1524 1666 1739 1710 nostras

168 1769 233 1819 ad
268 1760 710 1832 amplectendam
747 1759 889 1827 quod
926 1756 1027 1824 ipsi
1058 1764 1268 1821 gratum
1298 1753 1388 1816 sit,
1422 1759 1475 1805 et
1515 1763 1741 1802 conver-

171 1870 244 1909 tat
270 1860 489 1907 intimos
514 1850 735 1904 affectus
760 1859 975 1901 nostros
994 1844 1057 1897 ad
1092 1842 1223 1898 illud
1248 1843 1392 1911 quod
1414 1839 1737 1906 obsequium

170 1950 270 2017 ipsi
298 1945 666 2013 prarstandutu
710 1946 1122 2008 promoveat,et
1147 1933 1411 2002 consequi
1446 1947 1546 1987 nos
1581 1931 1740 1985 faciat
1777 1904 1813 1957 υ

170 2040 402 2108 gradum
431 2038 534 2090 sibi
567 2033 957 2103 propinquum.

245 2129 373 2183 llaec
403 2128 687 2181 hactenus.
713 2125 1036 2189 Quicunque
1067 2134 1175 2174 non
1211 2120 1461 2174 habuerit
1488 2119 1738 2172 notitiam

169 2218 514 2275 fundamenti
553 2215 785 2282 alicujus
815 2211 1097 2274 scientiae,
1150 2210 1219 2264 de
1266 2223 1374 2277 qua
1436 2222 1740 2262 sermonem

170 2314 465 2366 instituere
500 2308 647 2371 velit,
693 2312 751 2358 ut
781 2303 908 2358 inde
942 2302 1176 2355 deducat
1226 2314 1367 2368 quas
1420 2298 1518 2367 ipsi
1564 2299 1739 2349 visum

171 2402 340 2454 fuerit
392 2396 857 2467 consequentias,
910 2406 1140 2461 quarum
1192 2390 1353 2443 etiam
1404 2388 1741 2455 cognitioni,

167 2492 366 2561 9-1]
426 2504 549 2542 cum
596 2489 668 2542 sit
716 2498 955 2555 propago
1009 2480 1250 2547 ejusdem
1312 2478 1591 2537 scientiae,
1636 2493 1741 2529 non

171 2584 365 2634 subest
391 2578 539 2631 aliud
565 2576 787 2642 aliquod
816 2572 1231 2625 tundamentum
1254 2569 1319 2621 ad
1345 2568 1488 2637 quod
1513 2566 1745 2622 subinde

170 2682 515 2732 recurratur,
549 2676 708 2723 erunt
743 2681 925 2721 sermo
943 2674 995 2719 et
1024 2666 1166 2718 ratio
1189 2663 1547 2716 concludendi
1570 2661 1741 2729 ipsius

171 2780 311 2817 vana
352 2773 406 2816 et
444 2762 640 2824 futilis,
672 2761 934 2825 laborque
962 2768 1015 2811 et
1050 2756 1290 2809 studium
1342 2756 1390 2805 ei
1424 2755 1500 2805 rei
1536 2755 1743 2819 impen-

172 2871 293 2909 Sum
326 2858 639 2905 frustranea
666 2859 722 2903 et
752 2849 1002 2902 ridicula.
1034 2846 1299 2899 Parabola
1337 2854 1551 2905 autem,
1578 2858 1740 2910 quam

174 2947 346 2999 edidit
376 2943 637 2995 Dominus
661 2949 715 2994 et
742 2941 999 2992 Servatur
1032 2947 1218 2989 noster
1244 2937 1295 2987 in
1326 2935 1619 3002 Evangelio
1644 2949 1744 2985 suo

177 3046 391 3097 Sancto,
427 3034 615 3086 dicens
650 3050 663 3083 :
696 3030 754 3083 Si
780 3030 894 3096 quis
926 3028 1139 3079 domum
1170 3043 1319 3077 suam
1349 3042 1505 3092 super
1527 3041 1742 3077 arenam

175 3128 433 3180 struxerit
465 3125 542 3177 tel
583 3123 920 3175 tenuissimus
960 3127 1138 3171 ventus
1187 3119 1540 3183 perlrausiens
1574 3118 1741 3183 ipsam

1836 668 1942 710 tem
1971 656 2099 707 n-ihi
2131 657 2229 708 hac
2261 656 2313 707 in
2339 670 2397 707 re
2457 663 2578 722 post
2609 650 3043 719 disquisitionem
3092 648 3307 716 longam
3339 657 3393 698 et

1834 750 2075 801 laborem
2110 747 2366 806 multum,
2399 757 2737 814 compertum
2775 750 2893 805 est,
2932 742 3062 793 illud
3112 750 3195 794 est
3247 736 3407 807 quod

1833 855 1896 891 ex
1934 839 2000 893 iis
2047 853 2167 907 qme
2194 837 2245 890 in
2279 836 2395 905 lege
2433 835 2755 903 ueterisque
2787 830 3105 885 indubitata:
3158 830 3277 884 ﬁdei
3328 830 3395 882 li—

1834 931 1948 983 bris
1973 929 2299 992 exhibitum,
2331 926 2856 995 explicationejusta
2885 930 2938 975 et
2964 921 3256 975 sufﬁcienti
3296 937 3395 974 ex-

1838 1024 2140 1091 plicaturus
2164 1037 2305 1083 sum,
2343 1020 2616 1088 adiunctis
2647 1019 2694 1069 ei
2739 1014 3150 1069 narrationibus
3179 1012 3396 1066 succin—

1838 1115 1963 1176 clis,
2000 1111 2430 1180 compendiosis,
2464 1124 2573 1178 quo
2610 1109 2681 1161 sit
2707 1107 2803 1160 tibi
2832 1107 3085 1160 Iiberiste
3116 1119 3270 1158 meus
3301 1119 3397 1170 per

1840 1222 1900 1261 se
1924 1205 2225 1269 sufficiens,
2264 1203 2538 1271 faciatque
2599 1218 2664 1256 ne
2719 1215 2859 1268 opus
2913 1200 2985 1253 sit
3034 1201 3098 1252 ad
3150 1200 3400 1267 quemvis

1840 1296 2030 1359 alium,
2067 1295 2143 1347 rei
2178 1291 2414 1359 alicujus
2454 1294 2505 1343 in
2533 1290 2760 1345 historia
2785 1289 3177 1359 cognoscendae
3206 1289 3400 1356 gratia.

1840 1403 2142 1442 recurrere.
2188 1385 2529 1452 Propositum
2560 1394 2739 1437 autem
2796 1391 2878 1437 est
2908 1382 3076 1436 ordiri
3107 1381 3175 1435 ab
3198 1382 3353 1434 initio
3388 1422 3403 1441 .

1842 1496 1950 1549 quo
1986 1482 2126 1532 flens
2159 1478 2420 1528 Adamum
2454 1474 2695 1527 condidit
2729 1490 2898 1539 usque
2930 1473 2995 1525 ad
3056 1483 3267 1538 tempus
3303 1473 3403 1522 hoc

1844 1583 2113 1633 nostrum,
2143 1582 2201 1623 ut
2224 1572 2298 1622 sit
2331 1568 2452 1636 ejus
2479 1566 2718 1633 cognitio
2748 1564 2842 1617 tibi
2876 1565 3181 1617 manifesta.
3206 1563 3259 1614 In
3298 1563 3405 1613 Ιιυυ

1846 1673 2023 1716 autem
2053 1670 2135 1715 est
2168 1660 2431 1714 auxilium
2468 1667 2521 1710 et
2557 1657 2700 1715 vires
2725 1664 2777 1708 et
2814 1656 3072 1723 potentia,
3098 1669 3217 1718 quze
3247 1667 3404 1720 Opem

1806 1796 1807 1799 η
1845 1754 2003 1806 nobis
2036 1753 2211 1806 ferant
2246 1751 2309 1801 ad
2343 1750 2524 1801 omnia
2557 1765 2676 1816 quae
2695 1759 3015 1816 quaeruntur
3036 1744 3405 1813 percipienda,

1847 1855 1899 1897 et
1923 1845 2153 1898 directio
2182 1844 2248 1895 ad
2280 1842 2433 1904 illud,
2473 1855 2583 1908 quo
2620 1847 3012 1908 prosperentur
3057 1853 3143 1891 res
3184 1845 3406 1897 nostra;

1843 1939 2167 2005 Obsequium
2203 1936 2304 2003 ipsi
2333 1932 2699 2003 prmstandum
2729 1940 2780 1984 et
2807 1930 3205 1996 beneplacitum
3236 1925 3407 1992 ipsius

1842 2029 2273 2096 adimplendnm,
2306 2042 2424 2077 cunt
2459 2029 2572 2091 ipse
2602 2026 2674 2077 sit
2699 2022 3071 2091 omnipotens.
3103 2021 3246 2074 Laus
3282 2035 3408 2088 ergo

1845 2122 1977 2179 Deo.
2010 2121 2238 2171 Domino
2263 2127 2665 2170 creaturarum.

1918 2210 2155 2280 13-15
2179 2210 2393 2262 Creavit
2441 2208 2602 2272 Deus,
2628 2207 3053 2274 potentissimus,
3085 2203 3411 2273 gloriosissi—

1844 2319 1986 2364 mus,
2019 2302 2277 2354 mundum
2328 2316 2449 2353 cum
2509 2300 2575 2355 iis
2605 2315 2725 2367 quae
2762 2299 2814 2352 in
2866 2313 2930 2350 eo
2974 2306 3121 2362 sunt,
3156 2312 3255 2351 ncc
3305 2312 3409 2348 non

1844 2396 2109 2447 Atlamum
2141 2402 2192 2445 et
2230 2392 2417 2453 Evam,
2447 2408 2540 2445 sex
2574 2392 2792 2444 diebus.
2835 2390 3065 2442 Creatus
3108 2398 3189 2440 est
3230 2398 3408 2440 autem

1847 2485 2014 2536 Adam
2044 2485 2131 2537 die.
2168 2493 2344 2543 sexto,
2393 2483 2778 2547 bcncdixitqne
2829 2480 2970 2534 Deus
3013 2481 3120 2533 diei
3158 2480 3410 2547 septimo,

1844 2575 2101 2640 quoniam
2160 2576 2211 2624 in
2263 2588 2327 2626 eo
2388 2588 2523 2640 opus
2577 2571 2867 2625 creationis
2898 2571 3146 2623 absolvit.
3206 2570 3413 2620 Adamo

1844 2676 2021 2716 autem
2052 2674 2103 2716 ct
2140 2675 2260 2715 lava:
2299 2666 2351 2715 in
2408 2663 2715 2730 paradisum
2763 2660 3091 2714 intromissis
3139 2660 3412 2726 praecepit,

1848 2765 1903 2806 ut
1932 2756 1996 2807 de
2029 2754 2288 2806 ottznibtts
2323 2755 2608 2805 arboribus
2663 2752 3026 2808 comedereut.
3072 2758 3290 2816 excepta
3324 2766 3412 2800 ar-

1848 2846 1979 2897 bore
2010 2844 2269 2905 sciemitn,
2314 2846 2382 2896 de
2416 2859 2474 2895 ea
2516 2858 2638 2895 vero
2665 2858 2731 2895 ne
2757 2843 3120 2894 eomedrrent.
3150 2840 3415 2893 Tentante

1847 2944 2022 2988 autem
2058 2937 2224 2988 Evam
2253 2934 2489 2998 diabolo,
2541 2945 2882 3001 transgressa
2926 2942 3007 2985 est
3057 2933 3144 2984 illa
3191 2932 3414 2983 matula—

1845 3036 1958 3080 tum
1987 3027 2104 3090 Dei,
2128 3040 2181 3081 et
2218 3028 2455 3080 comedit
2489 3028 2553 3078 de
2605 3028 2801 3079 arbore
2866 3026 2987 3089 ista,
3033 3040 3094 3077 ac
3127 3025 3414 3078 comeden-

1845 3117 1973 3170 dum
2008 3122 2074 3170 de
2106 3132 2167 3169 ea
2193 3118 2420 3185 praebuit
2453 3116 2680 3168 Adamn.
2720 3115 2854 3168 Cum
2888 3131 3015 3184 ergo
3042 3117 3094 3168 in
3127 3114 3412 3167 Dominum

174 3219 409 3284 dejiciel,
445 3224 491 3265 et
562 3214 808 3264 minimus
859 3224 1009 3278 aqua!
1064 3218 1265 3260 torrem
1330 3210 1497 3271 ipsum
1549 3208 1745 3267 diruet;
1773 3229 1814 3282 ε
1850 3226 2007 3263 suum
2051 3210 2424 3271 rebellassent,
2461 3208 2665 3286 expulit
2695 3209 2896 3276 ipsose
2962 3208 3236 3275 paradiso,
3285 3208 3414 3259 hora

189 3306 331 3372 quod
392 3306 440 3355 si
489 3317 603 3353 eam
662 3314 816 3366 super
876 3310 1073 3364 petram
1126 3295 1489 3361 wdiﬁcarerit,
1524 3311 1684 3361 neque
1714 3312 1745 3346 ιι

177 3396 341 3447 tentis
369 3392 550 3459 dejici,
601 3403 765 3457 neque
809 3372 862 3439 al
904 3395 1137 3439 torrente
1180 3385 1408 3437 subverti
1454 3387 1641 3451 pomrit
1697 3390 1746 3447 ',

178 3484 366 3551 regula
391 3490 478 3535 est
505 3488 558 3533 et
592 3478 894 3545 exemplum
931 3474 1276 3544 intelligenti.
1320 3472 1579 3542 Quisquis
1601 3474 1744 3526 enim

188 3574 411 3627 locutus
443 3571 609 3623 fuerit
642 3570 707 3623 de
732 3568 910 3635 aliqua
942 3566 1169 3619 scicntia
1232 3565 1349 3618 sine
1399 3565 1747 3617 fundamento

179 3663 246 3717 ad
275 3664 421 3730 quod
462 3658 719 3727 respiciat
776 3658 974 3726 cuique
1006 3656 1268 3709 innitatur
1296 3695 1309 3716 ,
1346 3654 1525 3707 subito
1572 3654 1751 3708 incas-

177 3769 301 3806 sum
340 3752 520 3815 cedet,
551 3759 605 3804 et
627 3764 794 3819 quam
832 3748 1099 3803 citissime
1120 3745 1353 3811 deﬁciet,
1382 3748 1550 3800 instar
1576 3745 1748 3799 aedili-

179 3844 361 3897 cantis
391 3848 611 3897 domum
636 3857 790 3897 suam
827 3856 991 3910 super
1035 3853 1252 3892 arenam
1281 3855 1297 3904 ;
1325 3848 1379 3890 at
1419 3840 1462 3892 si
1512 3839 1633 3906 quis
1682 3837 1749 3891 de

180 3935 411 3992 et-ientia
448 3934 668 4001 aliqua,
727 3933 1045 4001 percognito
1104 3931 1257 3999 prius
1324 3931 1496 3998 ipsius
1552 3929 1745 3983 funda-

181 4036 391 4087 mento,
425 4027 699 4092 loquatur,
739 4022 954 4078 futurus
988 4031 1073 4077 est
1101 4038 1278 4076 sermo
1318 4022 1492 4089 ipsius
1545 4036 1703 4073 verus
1730 4060 1744 4083 ,

181 4118 492 4171 luculentus
519 4152 534 4176 ,
590 4116 909 4183 perspicuus
929 4154 943 4177 ,
991 4111 1180 4166 ﬁrmus
1205 4152 1219 4174 ,
1243 4113 1505 4180 quoniam
1535 4112 1748 4165 locutus

179 4219 264 4264 est
293 4208 576 4262 substrato
606 4204 982 4269 fundamento,
1021 4204 1165 4272 quod
1207 4203 1503 4271 respiciat,
1551 4204 1751 4270 cuique

184 4302 476 4361 innitatur,
510 4309 569 4350 ut
604 4312 728 4349 eum
766 4294 891 4364 quis
921 4295 1143 4348 domum
1184 4309 1339 4347 suam
1368 4303 1534 4363 petrae
1557 4308 1749 4360 supcr-

181 4390 465 4446 struxerit.
500 4387 667 4440 I’orro
726 4387 778 4439 in
824 4387 966 4440 hanc
1015 4387 1340 4440 sententiam
1385 4386 1553 4438 multa
1604 4385 1752 4438 dixe-

183 4493 309 4534 runt
342 4482 494 4533 l’lato
518 4489 572 4532 et
599 4478 919 4531 Aristoteles
958 4478 1011 4529 in
1047 4477 1201 4535 libris
1232 4476 1558 4538 dialecticis,
1600 4477 1751 4530 aliis-

1848 3314 1990 3352 nona
2016 3299 2120 3351 diei
2155 3298 2396 3359 Veneris,
2441 3301 2493 3351 iu
2520 3300 2809 3366 qttcutdam
2839 3316 2866 3351 e
2911 3300 3189 3352 montibus
3233 3299 3414 3362 iltdltl‘,

1849 3391 2249 3458 collocatosque
2301 3392 2351 3442 iu
2392 3401 2532 3441 terra
2588 3391 2749 3458 jus:-it
2806 3392 3047 3445 sobolem
3104 3407 3413 3457 procreu-e,

1846 3498 1953 3550 quo
2014 3483 2524 3551 tnultiplicarcntur,
2564 3494 2615 3535 et
2664 3483 2949 3549 implerent
2996 3492 3219 3534 terram.
3267 3480 3415 3535 Cum

1848 3584 2072 3641 gressus
2103 3587 2232 3641 ergo
2262 3582 2344 3625 est
2395 3572 2565 3624 Adam
2605 3588 2723 3623 ('llllt
2760 3571 2887 3632 lira,
2921 3588 3060 3637 quae,
3099 3588 3221 3622 cum
3271 3587 3419 3624 con-

1848 3663 2100 3731 Cepisset,
2127 3667 2335 3731 peperit
2369 3679 2597 3731 puerum
2625 3672 2677 3715 ct
2733 3662 2997 3729 puellam;
3047 3678 3271 3731 puerum
3324 3679 3419 3730 ap-

1850 3752 2066 3820 pellavit
2092 3751 2251 3815 Kain,
2284 3754 2517 3820 puellam
2554 3754 2756 3805 Aztun.
2796 3751 2934 3805 Tum
2994 3767 3185 3805 rursus
3239 3753 3421 3804 conci-

1854 3845 2033 3913 piente
2061 3843 2191 3906 Eva,
2229 3860 2293 3896 ac
2347 3859 2571 3910 puerum
2625 3855 2676 3897 et
2730 3846 2961 3911 puellam
3019 3847 3203 3905 enixa,
3252 3859 3421 3912 puero

1852 3951 2044 3987 nomen
2096 3937 2352 4002 imposuit
2398 3935 2552 3998 Abel,
2586 3937 2777 4002 puellm
2819 3935 3031 3999 Owain,
3069 3950 3190 4003 qua!
3236 3934 3420 3989 Graece

1852 4023 2125 4091 Laphura.
2176 4024 2424 4090 Cumque
2476 4024 2585 4089 jam
2633 4025 3001 4091 provectiores
3056 4024 3183 4079 facti
3236 4032 3421 4079 essent

1853 4116 2026 4181 pueri,
2068 4115 2202 4167 dixit
2233 4115 2403 4167 Adam
2441 4115 2603 4167 Erae:
2645 4114 2814 4167 Ducat
2855 4117 2998 4167 Kain
3046 4113 3253 4178 Owaiu,
3302 4130 3422 4182 qua:

1854 4228 1958 4264 una
1997 4225 2118 4263 cum
2144 4211 2310 4263 Abele
2349 4220 2468 4262 nata
2501 4219 2605 4273 est,
2642 4212 2777 4263 Abel
2824 4221 3005 4263 autem
3043 4211 3249 4273 Azrun,
3300 4226 3421 4278 qua!

1854 4319 1974 4355 cum
2025 4301 2197 4354 Kaino
2255 4312 2400 4354 nata.
2452 4301 2589 4353 Dixit
2641 4311 2819 4355 autem
2868 4300 3003 4355 Kain
3050 4301 3208 4353 matri
3240 4317 3400 4354 sum:

1862 4391 2067 4446 Ducam
2100 4408 2199 4459 ego
2222 4406 2463 4444 sororem
2504 4406 2697 4454 meam,
2730 4400 2782 4444 et
2818 4393 2979 4443 ducat
3005 4392 3135 4443 Abel
3173 4406 3418 4443 sororem

1860 4466 2030 4534 suam.
2073 4482 2280 4549 Quippe
2313 4482 2592 4550 pulchrior
2626 4491 2739 4533 erat
2768 4481 2949 4533 Azrun
2985 4480 3231 4533 Owaina.
3261 4480 3416 4545 Quod

181 4594 310 4643 que,
343 4575 412 4626 de
446 4570 812 4624 fundamentis
844 4570 1189 4623 scientiarum
1220 4584 1520 4637 earumque
1559 4570 1751 4623 deﬁni-
1788 4567 1829 4621 D
1860 4588 1985 4624 ctnu
2013 4574 2255 4624 audisset
2291 4572 2483 4633 Adam,
2521 4571 2655 4622 male
2682 4571 2975 4623 admodum
3005 4572 3182 4639 ipsum
3211 4571 3417 4633 habuit,

185 4668 450 4724 tionibus,
497 4670 549 4716 et
581 4661 956 4714 arithmetices
1024 4652 1397 4714 fundamentis
1447 4676 1510 4714 ac
1544 4661 1750 4713 delini-

183 4760 446 4815 tionibus,
472 4765 524 4806 et
550 4768 711 4821 quam
745 4752 1009 4807 rationem
1035 4760 1217 4806 tenere
1238 4754 1429 4807 debeat
1451 4753 1750 4815 studiosus,

182 4864 304 4901 cum
332 4845 584 4917 peritiam
632 4847 880 4913 cujusvis
930 4847 1142 4899 tandem
1192 4846 1431 4899 scientia:
1472 4848 1754 4913 acquirere

182 4942 331 5001 velit,
370 4938 491 4991 fuse
523 4951 645 5005 qua:
674 4937 777 4989 huc
813 4944 1064 5005 spectant
1090 4937 1424 5007 explicantes
1456 4936 1557 5005 12
1583 4949 1639 4991 et
1661 4955 1754 4992 ex-

184 5038 473 5100 ponentes,
505 5028 646 5096 quae,
684 5046 789 5082 non
819 5044 955 5098 opus
985 5040 1069 5083 est
1096 5031 1373 5105 nobis‘(ne
1401 5032 1753 5099 Iongioreva-
1782 5038 1787 5043 ‘

181 5124 270 5172 dat
304 5122 445 5173 liber
480 5119 581 5171 iste
608 5119 834 5187 noster)
867 5127 1127 5187 repetere.
1160 5120 1295 5174 Cum
1329 5130 1533 5181 autem.
1571 5120 1654 5173 his
1692 5120 1743 5171 in

181 5210 504 5273 praefatione
547 5210 668 5263 libri
712 5212 811 5263 mei
850 5211 1141 5279 pnetnissis
1169 5251 1182 5276 ,
1228 5212 1454 5266 dixerim
1500 5227 1749 5280 Oportere

180 5302 482 5369 quemlibet
526 5303 617 5368 qui
671 5303 817 5369 loqtti
872 5304 1001 5356 velit
1051 5303 1119 5356 de
1155 5303 1466 5374 cognitione
1515 5305 1747 5375 alicujus

180 5395 447 5455 scientiae,
466 5393 707 5461 ejusdem
728 5393 1075 5448 fundamenta
1091 5396 1316 5456 callere;
1338 5411 1458 5450 cum
1480 5397 1745 5467 (inquam)

182 5488 295 5539 haec
326 5487 401 5539 ita
430 5501 491 5539 se
522 5487 778 5549 habeant,
806 5502 1029 5542 necesse
1088 5496 1175 5543 est
1228 5498 1287 5542 ut
1330 5492 1748 5553 substernamus

179 5578 228 5628 ei
261 5578 405 5644 quod
438 5580 726 5646 postulasti
757 5579 1169 5634 fundamentum
1228 5582 1295 5635 ad
1327 5584 1471 5651 quod
1505 5597 1751 5637 recurra-

183 5664 294 5735 tu'r;
329 5671 529 5739 cuique
554 5670 831 5725 innitaris.
874 5672 1160 5728 Mauil‘cslo
1195 5684 1341 5727 certe
1371 5684 1423 5727 ct
1458 5674 1746 5742 plurimum

250 5859 265 5888 ⁸
299 5855 488 5910 .llzttth.
527 5867 619 5917 \‘tt,
654 5851 837 5907 94-27.

1864 4664 1967 4732 16
1996 4664 2239 4730 dixitque
2274 4681 2285 4714 :
2326 4662 2431 4715 Hoc
2467 4672 2545 4715 est
2594 4676 2781 4715 contra
2835 4674 3180 4728 praeceptum,
3225 4674 3283 4713 ιιι
3332 4678 3419 4714 so-

1861 4769 2038 4807 rorem
2079 4764 2225 4806 tuam
2254 4755 2534 4822 genu-llam
2559 4752 2747 4805 dtu-as.
2778 4752 2838 4805 Et
2871 4751 2968 4803 fuit
3003 4753 3135 4804 Cain
3160 4754 3417 4820 agricola,

1862 4845 1991 4898 Abel
2030 4855 2214 4911 pastor
2253 4847 2455 4897 ovium.
2497 4845 2746 4909 Dixitque
2779 4844 2887 4896 illis
2936 4843 3105 4895 Adam
3140 4843 3418 4910 :Accipite

1860 4940 1928 4994 de
1960 4938 2225 4993 fructibus
2258 4947 2439 5001 terrm,
2476 4937 2618 4992 etde
2645 4938 2754 4991 fetu
2792 4939 2991 4999 ovitnn,
3030 4947 3080 4990 ct
3117 4932 3418 4991 conscenso

1862 5034 2061 5098 montis
2092 5032 2254 5100 hujus
2287 5034 2428 5087 sacri
2463 5032 2683 5101 fastigio
2728 5030 2915 5084 oﬁ‘ertc
2966 5047 3186 5083 munera
3220 5043 3413 5090 chIra,

1851 5124 2045 5178 deinde
2086 5138 2283 5177 uxores
2314 5134 2523 5176 vestras
2557 5121 2859 5190 accipietis.
2894 5122 3085 5173 Attulit
3108 5136 3236 5189 ergo
3272 5121 3412 5171 Kaiu

1851 5219 1918 5271 de
1954 5217 2222 5271 fructibus
2268 5228 2424 5270 terra:
2482 5216 2533 5267 in
2581 5214 2910 5268 oblationem
2970 5215 3097 5275 Deo,
3154 5214 3416 5280 Optimos,

1849 5312 2273 5375 selectissimos;
2308 5312 2436 5367 Abel
2468 5325 2497 5363 e
2545 5309 2917 5377 pl‘ilDOgt‘llilis
2967 5310 3146 5361 Ovium
3194 5323 3414 5360 suarum

1857 5403 2089 5469 optimas
2119 5411 2170 5453 et
2208 5400 2613 5454 selecttssimas.
2676 5399 2880 5451 Interea
2921 5407 3098 5450 autem
3152 5400 3278 5449 dum
3323 5411 3409 5448 ca-

1859 5510 2050 5546 cumen
2092 5493 2292 5546 montis
2357 5492 2733 5553 ascenderunt,
2804 5490 2997 5542 indidit
3059 5488 3286 5541 Satanas
3342 5487 3416 5555 (in

1861 5586 2116 5655 mentem)
2141 5584 2335 5647 Kaino,
2367 5592 2423 5636 ιιι
2448 5585 2667 5636 fratrem
2695 5598 2851 5635 suum
2882 5582 3099 5635 Abelem
3127 5578 3418 5645 occideret,

1860 5677 2061 5732 sororis
2086 5692 2195 5731 sua:
2228 5678 2408 5729 Azrun
2440 5677 2631 5746 gratia.
2660 5674 2901 5744 Cumque
2957 5672 3213 5728 offerrent
3267 5673 3417 5726 obla-
