4200 6432
789 434 887 500 ΘῙΙ

1819 438 2174 500 EUl'YClIll
2224 441 2752 505 ALEXANDBINI
2802 448 2840 505 i’
2867 449 3016 510 \Tfl.

3913 466 4021 536 9|?

793 557 964 599 tiones
1020 559 1163 605 suas,
1219 552 1494 614 acceptam
1574 545 1759 600 halttit
1825 546 1962 602 Deus
2024 547 2432 613 oblationemA
2464 554 2638 607 sancti
2675 559 3128 623 conscendentes,
3191 565 3346 631 proni
3393 564 3559 622 Deum
3613 568 3933 636 adorabunt.
3967 589 4016 630 et

791 633 1000 699 Abelis,
1026 651 1132 690 non
1164 645 1340 690 autem
1379 637 1560 690 Kaini.
1593 636 1775 702 Quare
1827 639 1997 708 ntagis
2029 639 2080 692 in
2128 640 2348 694 Abelem

789 726 870 782 ira
895 737 946 780 et
973 733 1106 781 aestu
1140 735 1453 782 commotus
1485 727 1637 789 Kain.
1663 728 1854 783 invidit
1875 728 2027 783 fratri
2057 744 2350 795 suo,cum-

785 834 892 888 que
917 818 982 872 de
1013 827 1197 874 monte
1223 817 1659 884 descendissent,
1695 819 1746 872 in
1779 819 1956 888 ipsum
1994 820 2236 883 irruens,
2287 836 2350 876 ac

785 906 963 976 lapide
993 917 1157 976 caput
1184 906 1300 974 ejus
1331 905 1555 972 feriens,
1592 907 1767 977 ipsum
1799 905 2094 963 interfecit.
2120 911 2350 966 Summo

784 1013 916 1069 ergo
949 1013 1178 1053 maerore
1218 997 1392 1052 affecti
1425 997 1593 1052 Adam
1639 1009 1693 1052 et
1741 999 1850 1053 Eva
1895 1011 2114 1055 centum
2175 1016 2349 1058 annos

784 1091 1000 1147 Abelem
1030 1092 1302 1160 lugebant.
1334 1092 1609 1148 Maledixit
1661 1102 1840 1148 autem
1875 1093 2020 1150 Deus
2070 1094 2245 1149 Kaino
2295 1104 2349 1150 et

785 1185 957 1238 soboli
989 1183 1194 1251 ipsius;
1244 1183 1457 1254 fuitque
1487 1185 1626 1237 Kain
1689 1185 1938 1253 pavidus,
1990 1186 2232 1253 trepidus
2285 1200 2348 1239 ac

783 1273 1130 1329 errabundus
1157 1275 1412 1329 omnibus
1441 1275 1560 1328 vitae
1607 1289 1719 1329 sua:
1747 1276 1968 1330 diebus.
2022 1276 2092 1330 Et
2143 1277 2347 1346 expulit

786 1365 962 1433 ipsum
985 1364 1150 1428 Deus,
1170 1367 1294 1420 dum
1318 1365 1497 1419 adhuc
1518 1365 1712 1420 caelebs
1737 1376 1903 1432 esset,
1931 1368 1982 1420 in
2031 1367 2347 1438 (regionem)

784 1459 925 1513 Nud.
957 1458 1108 1527 Cepit
1143 1473 1271 1527 ergo
1297 1457 1434 1512 Kain
1465 1473 1649 1514 secum
1679 1475 1925 1513 sororem
1964 1476 2118 1514 suam
2159 1461 2340 1514 Azruu

784 1551 964 1618 ibique
994 1550 1274 1602 habitavit.
1314 1548 1444 1602 lude
1475 1563 1769 1616 congresso
1801 1550 2009 1604 Adamo
2055 1566 2176 1604 cuni
2216 1554 2344 1617 Eva,

782 1639 1030 1709 concepit
1055 1639 1166 1702 illa,
1203 1656 1325 1694 cum
1353 1639 1562 1693 Adamo
1601 1641 1728 1692 anni
1770 1651 1951 1694 essent
1983 1642 2203 1696 ducenti
2251 1644 2347 1696 ll'i-

785 1734 959 1800 ginta,
990 1733 1306 1800 peperitque
1342 1746 1569 1799 puerum
1602 1747 1758 1799 quem
1790 1731 2012 1786 Setlium
2036 1734 2344 1803 appellavit.

777 1821 1012 1892 Fuitque
1041 1823 1170 1877 Seth
1199 1823 1424 1891 pulchra
1455 1821 1614 1886 facie,
1654 1824 1829 1887 fartis,
1871 1833 2079 1877 statura
2106 1825 2344 1892 perfecta

2455 659 2658 713 corpus
2700 647 2889 700 Adami
2927 651 3195 722 (visendo)
3225 655 3660 714 benedictionem
3702 665 4012 732 captabant.

2453 735 2700 804 Cumque
2757 736 2869 805 jam
2914 744 3372 812 apprOpinquaret
3427 747 3575 802 Settii
3640 768 3808 817 mors,
3877 759 4011 811 filias

2453 840 2582 880 suos
2619 841 2716 896 per
2749 829 2934 884 Abelis
2964 835 3286 902 sanguinem
3321 837 3614 906 adjuravit,
3657 845 3927 899 neminem
3951 862 4011 899 cx

2453 920 2584 987 ipsis
2615 918 2905 976 de‘monte
2931 923 3036 977 isto
3079 938 3273 982 sancto
3298 927 3714 994 descensurum,
3765 951 3864 990 nec
3893 954 4015 1002 per-

2450 1011 2718 1066 missuros
2767 1027 2826 1068 se
2877 1023 2932 1068 ut
2968 1016 3239 1086 quispiam
3279 1034 3310 1074 e
3347 1020 3534 1076 liberis
3581 1025 3694 1080 suis
3732 1028 3796 1078 ad
3843 1027 4016 1082 Kuilto

2449 1103 2738 1158 maledicto
2788 1118 3084 1177 prognatos
3131 1113 3412 1181 migraret.
3459 1113 3818 1187 Totum'ergo
3867 1123 4012 1188 quod

2448 1191 2580 1245 vixit
2613 1192 2813 1250 Sethus
2849 1208 2968 1253 crat
3021 1214 3291 1255 annorum
3350 1217 3750 1274 nongentarum
3781 1220 3835 1262 et
3877 1210 4015 1262 duo-

2447 1286 2647 1339 decim.
2706 1287 2948 1352 Enosho.
3007 1307 3130 1346 eum
3180 1309 3448 1350 annorum
3501 1308 3646 1354 esset
3691 1315 3910 1355 centum
3960 1313 4015 1355 et

2446 1380 2765 1447 nonaginta,
2801 1391 2961 1435 natus
2986 1393 3071 1437 est
3115 1384 3364 1450 Kainan;
3410 1391 3567 1458 cujus
3607 1402 3849 1460 tempore
3886 1411 4016 1447 can-

2447 1467 2812 1525 ficiebantfllii
2869 1472 3024 1526 Kaini
3079 1477 3360 1531 maledicti
3420 1488 3692 1550 tympana,
3743 1485 4014 1552 cymbala,

2446 1560 2657 1615 barbita
2689 1574 2743 1617 et
2796 1565 3161 1619 instrumenta
3208 1570 3440 1635 musica,
3495 1572 3766 1642 primique
3807 1575 4010 1628 ferrum

2444 1659 2496 1702 et
2525 1665 2597 1704 res
2621 1653 3004 1718 elaborabant,
3055 1673 3282 1725 quaeque
3332 1676 3393 1713 ex
3451 1663 3581 1730 ipsis
3638 1667 4008 1718 conficiuntur

2445 1745 2624 1796 omnia
2663 1744 3008 1800 tabernacula
3049 1750 3292 1819 21-23
3316 1753 3478 1804 etiam
3521 1757 3756 1808 fixerunt
3790 1759 3840 1808 in
3874 1758 3998 1824 qui-

2449 1836 2550 1888 bus
2580 1837 2855 1905 degerent.
2893 1837 3062 1891 Porro
3119 1856 3262 1896 anno
3315 1844 3435 1897 vita:
3489 1843 3694 1898 Euoshi
3745 1856 4014 1900 trecente-

777 1916 954 1969 instar
985 1914 1155 1983 patris
1212 1914 1319 1977 sui,
1361 1915 1582 1982 ipseque
1619 1923 1766 1981 pater
1796 1914 2071 1984 gigantum
2099 1916 2190 1983 qui
2219 1925 2344 1970 ante
2379 1901 2416 1954 Β

2379 1901 2416 1954 Β
2449 1929 2587 1980 sima
2615 1931 2827 1982 occisus
2881 1941 2964 1985 est
3001 1931 3133 1984 Kain
3190 1936 3534 1996 maledictus.
3591 1938 3782 1993 Adami
3845 1940 4010 1999 fi-ius.

778 2008 1031 2060 diluvium
1065 2004 1304 2058 fuerunt.
1336 2004 1467 2072 17-
1488 2003 1591 2073 19
1618 2003 1864 2072 Cumque
1895 2003 2064 2058 Setho
2101 2006 2341 2059 dedisset

775 2100 945 2151 Adam
973 2099 1024 2150 in
1061 2112 1287 2150 uxorem
1342 2095 1556 2156 Owain,
1617 2096 1798 2149 Abelis
1857 2112 2125 2159 sororem,
2183 2109 2340 2151 natus

775 2189 978 2258 cstipsi
1006 2205 1068 2241 ex
1104 2190 1190 2240 illa
1223 2186 1435 2251 Euasit;
1471 2195 1733 2255 natusque
1762 2199 1845 2239 est
1870 2186 2336 2251 EnoshaJiainan,

773 2295 875 2334 nec
906 2296 1010 2332 non
1049 2281 1253 2330 Adamo
1294 2278 1631 2342 postmodum
1688 2278 1840 2330 liberi
1898 2280 2228 2346 complures.

847 2369 1087 2421 Adamus
1107 2376 1285 2426 antea,
1314 2367 1791 2436 appropinquante
1810 2371 1918 2434 jam
1945 2378 2118 2422 morte
2145 2371 2335 2436 ipsius,

776 2459 1093 2516 convocatis
1150 2457 1265 2512 filio
1317 2473 1418 2512 suo
1475 2457 1685 2522 Setho,
1749 2459 2011 2528 Sclhique
2077 2461 2334 2525 Enosho,

775 2551 974 2605 Enoslii
1001 2547 1274 2609 Kainauo,
1308 2558 1360 2601 et
1396 2547 1625 2601 Kainani
1666 2550 1994 2612 Mahlaliele,
2063 2555 2332 2619 prmi-cpit,

775 2645 963 2697 dicens
1017 2640 1309 2711 ipsis:Sit
1365 2643 1471 2694 hoc
1525 2642 1838 2696 mandatum
1890 2644 2147 2697 omnibus
2211 2645 2334 2699 liliis

773 2734 991 2786 vestris.
1030 2731 1128 2784 Ubi
1164 2739 1411 2782 mortuus
1442 2729 1620 2793 fuero,
1655 2744 1856 2799 corpus
1887 2746 2064 2783 meum
2091 2730 2333 2797 myrrha,

777 2827 934 2874 thure
981 2829 1035 2874 ct
1085 2821 1262 2875 cassia
1317 2821 1604 2873 conditum
1667 2821 1912 2888 reponite
1965 2821 2021 2872 in
2076 2821 2332 2888 spelunca

772 2913 1010 2966 Alcauuz
1047 2927 1064 2964 :
1101 2922 1154 2964 et
1185 2904 1498 2978 quicunque
1551 2908 1714 2962 fuerit
1767 2923 1796 2962 e
1848 2909 1970 2964 liliis
2016 2910 2214 2963 vestris
2269 2925 2334 2962 eo

776 3013 1013 3072 tempore
1043 3017 1165 3056 cum
1194 3016 1223 3053 e
1264 2999 1517 3054 confiniis
1567 3000 1804 3068 paradisi
1841 3001 2146 3054 abeundum
2181 3001 2331 3053 vobis

773 3093 867 3155 sit,
895 3107 1095 3160 corpus
1136 3105 1316 3144 meum
1343 3103 1528 3143 secum
1563 3091 1837 3142 sublatum
1872 3099 2036 3157 ponat
2067 3089 2121 3141 in
2148 3089 2327 3142 medio

2446 2018 2535 2084 qui
2583 2019 2806 2074 fratrem
2861 2040 3018 2075 suum
3079 2025 3300 2079 Ahelem
3361 2027 3655 2082 interfecit.
3733 2029 4015 2099 Septimus

2445 2111 2586 2162 enim
2613 2127 2641 2164 e
2677 2115 2911 2178 posteris
2966 2113 3145 2179 Kaini,
3182 2116 3400 2171 nomine
3426 2117 3680 2179 Lamech.
3711 2138 3800 2188 qui
3827 2137 4014 2188 pastor

2445 2199 2566 2262 fuit,
2607 2204 2827 2270 sagitta,
2881 2222 3042 2273 quam
3105 2209 3249 2260 inter
3299 2209 3596 2264 ludendum
3645 2211 3800 2277 jecit.
3847 2216 4015 2265 corde

2440 2294 2520 2342 avi
2549 2294 2629 2343 sui
2666 2293 2815 2344 Kaini
2851 2299 3134 2360 transfixo,
3167 2301 3338 2366 ipsum
3376 2301 3677 2360 interfecit;
3718 2302 3850 2354 [iniu
3901 2305 4014 2354 sci-

2443 2382 2566 2432 licet
2594 2382 2646 2433 in
2679 2397 2899 2436 nemore
2929 2387 3460 2455 circumragabatnr,
3509 2399 3696 2457 utpote
3740 2392 3830 2457 qui
3882 2406 4016 2442 (utt-

2401 2479 2412 2490 ‘
2441 2481 2716 2525 sternatus
2745 2489 2852 2526 uno
2875 2475 2928 2526 in
2966 2476 3082 2530 loco
3114 2492 3219 2529 non
3255 2479 3600 2533 consisteret.
3652 2481 3900 2535 Mortuus
3933 2492 4018 2534 eat

2437 2578 2564 2630 ergo
2597 2564 2733 2615 Kain
2768 2566 3095 2619 ttialedictus
3139 2584 3260 2620 cum
3311 2584 3486 2623 annos
3538 2571 3916 2638 septingentos
3960 2583 4016 2623 et

2439 2655 2655 2721 triginta
2690 2657 2935 2709 vixisset.
2971 2656 3166 2709 Totum
3213 2670 3393 2712 autem
3443 2661 3568 2713 vita:
3620 2662 3824 2714 Enashi
3880 2678 4014 2729 spa~

2439 2743 2571 2795 tium
2637 2753 2753 2795 erat
2817 2761 3083 2799 annorum
3144 2758 3537 2817 nongentarmn
3613 2761 3666 2804 et
3742 2754 4011 2821 quinque.

2435 2833 2682 2886 Kaiuano
2728 2850 2855 2888 ΗΞτο
2886 2851 3008 2888 Clllll
3060 2852 3326 2890 annorum
3360 2852 3503 2893 CSSCI
3553 2850 3772 2893 centqu
3823 2850 3878 2894 ει
3927 2857 4016 2896 εε-

2443 2925 2747 2993 ptuaginta,
2774 2937 2931 2979 natus
2961 2937 3039 2980 est
3067 2927 3350 2983 Mablaliel.
3382 2931 3594 2984 Kainan
3626 2947 3778 3001 ergo,
3812 2948 4015 3000 appro-

2435 3022 2733 3085 pinquante
2756 3017 2865 3084 jam
2901 3029 3096 3081 morte,
3123 3021 3448 3074 accersitqu
3500 3022 3857 3076 Mahlalielem
3914 3025 4016 3076 ad-

2431 3109 2635 3175 juravit
2671 3123 2764 3176 per
2797 3109 2983 3161 Abelis
3033 3111 3380 3178 sanguinem,
3438 3128 3545 3165 non
3598 3115 4009 3181 permissurum

773 3199 951 3249 terra},
977 3184 1231 3253 quoniam
1266 3182 1390 3235 inde
1417 3180 1601 3234 futura
1627 3191 1712 3236 est
1745 3182 1896 3234 salus
1922 3196 2062 3242 mea,
2097 3188 2150 3234 et
2181 3181 2330 3234 salus
2356 3217 2400 3278 Ο

2356 3217 2400 3278 C
2435 3213 2494 3252 se
2521 3210 2574 3250 ut
2605 3213 2634 3251 e
2668 3199 2859 3252 liberis
2886 3199 2998 3252 suis
3025 3201 3322 3268 quispiam,
3375 3203 3441 3255 de
3493 3180 3672 3256 monte
3723 3205 3788 3256 ad
3837 3204 4010 3258 Kaini

773 3275 1012 3329 omnium
1067 3274 1300 3326 filiorum
1377 3286 1649 3327 meorum.
1711 3271 1909 3326 Totum
1979 3280 2155 3325 autem
2209 3272 2331 3325 vitte

770 3368 960 3422 Adami
1001 3365 1233 3434 spatiqu
1267 3370 1385 3418 erat
1438 3372 1835 3432 nongentarum
1889 3361 2107 3429 triginta
2157 3375 2330 3414 anno-

775 3474 916 3520 rum,
977 3471 1040 3508 ac
1087 3464 1330 3508 mortuus
1385 3462 1467 3508 est
1501 3454 1588 3506 die
1623 3453 1873 3518 Veneris,
1943 3456 2071 3509 luna
2124 3453 2333 3509 decima

771 3554 988 3619 quarta,
1019 3553 1170 3602 sexto
1205 3543 1368 3601 Nisan
1404 3546 1519 3616 (qui
1551 3557 1634 3600 est
1661 3545 1996 3616 Barmudah)
2029 3548 2162 3600 liora
2191 3560 2330 3599 noua

771 3642 876 3696 diei
898 3638 1122 3695 Veneris
1142 3655 1156 3703 ;
1175 3652 1278 3709 qua
1308 3639 1470 3691 etiam
1499 3637 1630 3690 hora
1658 3651 1688 3690 e
1719 3637 1970 3704 paradiso
2005 3637 2192 3704 pulsus
2221 3643 2325 3688 est.

773 3730 1047 3784 Mortuum
1107 3742 1238 3797 ergo
1292 3726 1560 3781 Adamum
1618 3727 1888 3796 pollinxit,
1941 3727 2095 3795 juxta
2161 3727 2333 3796 ipsius

773 3820 1111 3884 mandatum,
1171 3817 1315 3872 filius
1370 3818 1490 3887 ejus
1540 3817 1696 3881 Setb,
1748 3831 2058 3886 corpusque
2107 3817 2228 3881 ejus
2263 3817 2330 3869 ad

774 3910 1048 3979 fastigium
1095 3909 1302 3962 montis
1342 3909 1619 3962 sublatum
1676 3909 1730 3960 in
1784 3908 2038 3977 spelunca
2090 3906 2331 3962 Alcauuz

772 4001 1083 4071 sepelivit:
1145 3999 1437 4070 ipsumque
1494 4010 1712 4054 centum
1777 3999 2138 4068 quadraginta
2217 4000 2333 4054 dies

772 4093 1118 4158 planxerunt.
1833 4087 1838 4098 “

841 4182 1028 4246 Setho,
1077 4195 1201 4235 cum
1255 4178 1619 4232 ducentorum
1678 4186 1732 4231 et
1780 4177 2021 4247 quinque
2064 4194 2329 4232 annorum

772 4279 940 4336 esset,
974 4282 1135 4324 natus
1164 4279 1248 4324 est
1275 4269 1475 4322 Enosh.
1508 4267 1639 4320 Post
1672 4277 1901 4322 mortem
1928 4279 2108 4322 autem
2136 4270 2329 4321 Adami

771 4363 1030 4415 subduxit
1059 4376 1119 4416 se
1147 4361 1350 4414 familia
1376 4358 1530 4412 Sethi
1562 4373 1592 4410 a
1624 4357 1829 4411 familia
1852 4357 2009 4411 Kaiui
2036 4358 2328 4412 maledicti.

775 4455 1108 4522 Sethergo,
1168 4451 1473 4520 assumptis
1534 4464 1722 4503 secum
1801 4449 1910 4500 ﬁlio
1971 4449 2332 4518 primogenita

2435 3287 2706 3340 maledicti
2789 3296 3038 3357 posteros
3137 3289 3515 3344 descenderet.
3617 3291 3748 3343 Tota
3822 3303 4009 3347 autent

2435 3375 2665 3430 Kainani
2737 3386 2868 3430 aetas
2927 3393 3196 3432 annorum
3289 3391 3405 3433 erat
3487 3395 3884 3450 nongentarum
3955 3393 4013 3437 et

2439 3469 2645 3522 decem.
2675 3467 2969 3524 Mahlalieli
2999 3470 3108 3539 jam
3140 3485 3407 3524 annorum
3436 3479 3656 3525 centum
3717 3475 4012 3540 sexaginta

2432 3559 2671 3626 quinque
2706 3569 2868 3614 natus
2901 3569 2985 3613 est
3031 3559 3214 3624 Jared,
3283 3574 3533 3629 annoque
3570 3564 3868 3616 centesimo
3916 3566 4013 3616 tri-

2433 3646 2636 3699 cesimo
2657 3647 2850 3715 quinto
2865 3649 3040 3702 azt'ttis
3064 3648 3404 3712 Mablalielis,
3431 3661 3673 3704 mortuus
3690 3662 3770 3704 est
3795 3651 4010 3704 Kainan

2432 3749 2484 3790 et
2516 3739 2764 3806 sepultus
2816 3737 2868 3790 in
2918 3738 3174 3806 spelunca
3234 3738 3442 3794 Canus.
3495 3741 3766 3794 Mablaliel
3819 3753 4006 3794 autem

2433 3829 2906 3896 appropinquante
2929 3828 3040 3896 jam
3082 3838 3255 3881 morte
3285 3831 3458 3898 ipsius
3487 3832 3658 3884 filium
3717 3848 3877 3886 suum
3910 3830 4010 3884 Ja-

2437 3920 2626 3972 rednm
2667 3919 2990 3973 accersitum
3023 3935 3117 3987 per
3141 3923 3458 3990 sanguinem
3496 3924 3677 3976 Abt-lis
3704 3923 4008 3991 adjuravit.

2436 4026 2502 4063 ne
2533 4011 2875 4078 permitteret
2898 4020 2956 4063 ut
2987 4025 3016 4064 e
3044 4012 3188 4064 natis
3215 4011 3387 4081 ipsius
3417 4015 3691 4082 quispiam
3720 4017 3786 4068 de
3820 4027 4009 4069 monte

2433 4101 2498 4153 ad
2532 4113 2776 4167 posteros
2810 4100 2967 4154 Kaini
2996 4103 3264 4155 maledicti
3292 4105 3578 4157 homicidae
3620 4105 4004 4159 descenderet.

2433 4186 2628 4240 Tutum
2655 4204 2783 4258 ergo
2817 4192 2959 4257 quod
2998 4190 3129 4242 vixit
3155 4189 3264 4259 24
3293 4191 3587 4254 Mahlaliel,
3624 4195 3858 4259 spatium
3905 4209 4008 4244 an-

2435 4294 2629 4330 norum
2679 4290 2795 4333 erat
2864 4281 3307 4350 octingentorum
3363 4283 3656 4352 nonaginta
3737 4285 4006 4351 quinque.

2431 4366 2653 4429 Jaredo,
2713 4384 2838 4422 cum
2897 4384 3165 4423 annorum
3240 4379 3387 4424 esset
3441 4385 3658 4424 centum
3718 4376 4007 4440 sexaginta

2433 4460 2689 4523 duorum,
2720 4470 2880 4526 natus
2900 4472 2984 4514 est
3021 4461 3225 4514 Euoch.
3253 4460 3410 4525 Quod
3449 4462 3514 4515 ad
3543 4470 3790 4531 posteros
3818 4475 4004 4517 autem

774 4545 1018 4604 Enoslio,
1068 4554 1120 4596 et
1178 4541 1425 4594 Kailtano
1457 4538 1691 4593 ‘EIIOSIIi
1755 4541 1863 4594 ίῑιὶο
1921 4548 1974 4593 ει
2027 4540 2327 4593 Mahlﬂlielc
2362 4554 2402 4610 D
2432 4549 2586 4602 Kaini
2618 4551 2922 4610 homicidas.
2959 4550 3356 4603 adhinniebant
3399 4552 3496 4603 viri
3544 4553 3867 4605 mulieribus
3924 4556 4008 4607 in-

774 4635 1031 4695 Kainani,
1065 4649 1169 4686 una
1202 4632 1310 4700 20
1332 4646 1454 4683 cum
1480 4631 1741 4684 uxoribus
1770 4639 1824 4684 et
1854 4630 2038 4684 liberis
2061 4631 2328 4699 ipsorum,

770 4726 1006 4778 traduxit
1063 4726 1116 4775 in
1179 4723 1378 4776 montis
1432 4723 1734 4792 fastigium,
1790 4723 1883 4775 ubi
1940 4723 2188 4790 sepultus
2249 4731 2332 4776 est

768 4818 960 4878 Adam,
999 4813 1135 4866 Kain
1168 4827 1315 4876 vero,
1353 4829 1650 4882 omnesque
1685 4814 1853 4881 ipsius
1896 4812 1989 4866 ﬁlii
2021 4814 2158 4866 infra
2193 4815 2328 4869 sub-

769 4908 1025 4960 stiterunt
1063 4905 1115 4957 in
1146 4903 1284 4959 valle
1319 4904 1411 4958 ubi
1447 4906 1665 4957 occisus
1695 4912 1781 4958 est
1820 4905 1971 4958 Abel.

838 4999 1137 5052 Coluerunt
1181 5006 1363 5050 autem
1391 4994 1486 5047 filii
1528 4994 1676 5048 Sethi
1717 4997 1771 5047 in
1809 4997 1911 5048 isto
1949 5005 2130 5051 monte
2174 4998 2326 5066 puri-

771 5102 936 5144 tatem
973 5098 1024 5144 et
1065 5088 1505 5149 sanctimoniam,
1535 5102 1718 5141 vocem
1762 5088 2099 5157 angelorum,
2138 5106 2165 5142 a
2200 5092 2320 5159 qui-

770 5182 874 5235 bus
911 5195 1081 5250 prope
1106 5179 1355 5241 aberant,
1385 5177 1692 5238 audientes,
1748 5193 1965 5247 unaque
2016 5194 2139 5231 cum
2196 5181 2330 5248 ipsis

775 5277 938 5327 Deum
979 5273 1260 5325 laudantes
1295 5277 1350 5322 et
1378 5267 1756 5334 celebrantes;
1788 5273 2158 5340 appellatique
2204 5282 2330 5326 sunt

772 5367 872 5435 ipsi
906 5380 1028 5418 cum
1066 5361 1328 5415 uxoribus
1371 5367 1425 5414 et
1452 5359 1640 5415 liberis
1674 5364 1814 5426 suis,
1842 5364 1933 5415 lilii
1985 5364 2096 5417 Dei.
2143 5364 2330 5432 Neque

771 5462 884 5507 erat
918 5454 1048 5520 ipsis
1077 5452 1371 5518 Opilicium,
1425 5463 1528 5502 nec
1576 5464 1754 5519 seges,
1806 5467 1906 5504 nec
1953 5454 2189 5515 messis;
2224 5453 2318 5504 Sed

773 5548 971 5598 victum
1038 5541 1349 5611 przebebant
1411 5540 1668 5594 arborum
1703 5543 1960 5597 fructus:
2024 5558 2122 5594 nec
2185 5544 2325 5594 ultus

772 5636 913 5705 apud
968 5638 1113 5703 ipsos
1171 5633 1324 5685 locus
1378 5631 1614 5697 invidias,
1668 5633 1971 5701 injustitia‘,
2027 5644 2122 5686 aut
2177 5650 2326 5684 men-

774 5732 965 5791 dacio;
997 5731 1370 5794 juramentum
1402 5727 1643 5795 ipsorum
1677 5737 1829 5779 erat:
1865 5726 2005 5788 Non,
2061 5742 2154 5794 per
2201 5741 2330 5777 san-

777 5823 988 5885 guinem
1038 5819 1209 5871 Abt-li.
1254 5819 1506 5882 Quotidie
1557 5828 1734 5871 autem
1788 5820 2060 5889 faSligitltn
2122 5821 2322 5872 montis

2435 4654 2549 4695 star
2597 4656 2884 4710 equorum,
2936 4642 3242 4711 eodemque
3298 4643 3456 4695 modo
3512 4644 3718 4710 absque
3794 4645 4007 4712 pudore

2435 4733 2564 4784 viris
2591 4730 2825 4793 feminae,
2856 4738 3178 4793 scortautes,
3215 4731 3423 4797 aliique
3468 4744 3591 4782 cum
3640 4729 3762 4782 aliis
3820 4733 4003 4799 turpia

2433 4829 2732 4891 patrantes,
2790 4821 3078 4890 palamque
3132 4819 3571 4888 congredientes,
3621 4821 3810 4873 eadem
3873 4838 4002 4873 cum

2435 4912 2630 4964 femina
2683 4911 2814 4964 viris
2852 4911 3067 4964 duabus
3109 4919 3202 4962 aut
3254 4910 3430 4963 tribus
3492 4924 3603 4961 rem
3639 4909 4001 4975 habentibus,

2431 5009 2693 5068 erantque
2720 5000 3220 5065 vetulaejuveuibus
3269 5002 3598 5064 salaeiores;
3653 5011 3837 5068 patres
3872 5020 3999 5056 cuin

2433 5091 2668 5152 filiabus,
2723 5092 2954 5160 juvenes
2982 5105 3104 5144 cum
3155 5093 3423 5145 matribus
3481 5093 3599 5147 suis
3635 5109 3833 5147 venere
3873 5110 4001 5161 pro-

2435 5181 2643 5234 miscua
2687 5183 2996 5246 utebantur,
3032 5182 3168 5236 adeo
3204 5191 3263 5235 ut
3295 5198 3396 5237 nec
3427 5183 3582 5237 liberi
3631 5192 3813 5250 patres
3855 5200 3992 5238 suos

2435 5287 2535 5325 uec
2570 5283 2752 5339 patres
2789 5274 2994 5327 liberos
3026 5275 3433 5343 dignoscereut,
3470 5275 3724 5329 omnibus
3778 5278 4002 5330 interim

2435 5362 2818 5418 instrumentis
2850 5366 3077 5419 musicis
3115 5367 3427 5431 utebantur,
3468 5369 3605 5423 adeo
3631 5378 3690 5421 ut
3737 5370 4003 5423 clamoris

2433 5463 2486 5506 ct
2511 5455 2666 5508 lusus
2697 5457 2934 5524 ipsorum
2961 5471 3131 5510 sonus
3163 5458 3230 5511 ad
3262 5459 3534 5528 fastigium
3567 5461 3766 5514 montis
3809 5461 4001 5514 sancti

2432 5551 2969 5616 ascenderet;quem
3022 5563 3143 5602 cum
3190 5549 3530 5605 audivissent
3575 5550 3724 5605 Sethi
3767 5554 3996 5620 posteri.

2430 5651 2806 5694 convenerunt
2850 5656 2915 5693 ex
2967 5642 3098 5710 ipsis
3124 5651 3342 5696 centum
3386 5644 3482 5695 viri
3531 5655 3586 5696 ut
3621 5661 3651 5696 e
3689 5654 3872 5697 mante
3923 5647 3993 5698 ad

2431 5741 2679 5796 posteros
2710 5731 2868 5785 Kaiui
2907 5734 3179 5788 maledicti
3202 5735 3628 5798 descenderent,
3662 5752 3802 5804 quos
3841 5739 3998 5803 jura-

2434 5832 2614 5875 ntcnlo
2651 5839 2745 5891 per
2771 5825 3092 5894 Sanguinem
3147 5827 3333 5880 Abelis
3376 5829 3750 5882 obstrinxerat
3803 5828 3994 5889 Jated,
