  <div class='ocr_page' id='page_1' title='image "/cluster/home/n/w/nwhite01/storage/ocr_20150623/111/nnc1.0046979743/462.png"; bbox 0 0 4200 6432; ppageno 0'>
   <div class='ocr_carea' id='block_1_1' title="bbox 181 418 284 484">
    <p class='ocr_par' dir='ltr' id='par_1_1' title="bbox 181 418 284 484">
     <span class='ocr_line' id='line_1_1' title="bbox 181 418 284 484; baseline 0.049 -6"><span class='ocrx_word' id='word_1_1' title='bbox 181 418 284 484; x_wconf 72' lang='grc'><strong>913</strong></span> 
     </span>
    </p>
   </div>
   <div class='ocr_carea' id='block_1_2' title="bbox 1636 426 2009 487">
    <p class='ocr_par' dir='ltr' id='par_1_2' title="bbox 1636 426 2009 487">
     <span class='ocr_line' id='line_1_2' title="bbox 1636 426 2009 487; baseline -0.005 -2"><span class='ocrx_word' id='word_1_2' title='bbox 1636 426 2009 487; x_wconf 64' lang='lat' dir='ltr'><strong>ANNMES.</strong></span> 
     </span>
    </p>
   </div>
   <div class='ocr_carea' id='block_1_3' title="bbox 3339 449 3443 516">
    <p class='ocr_par' dir='ltr' id='par_1_3' title="bbox 3339 449 3443 516">
     <span class='ocr_line' id='line_1_3' title="bbox 3339 449 3443 516; baseline 0.029 -4"><span class='ocrx_word' id='word_1_3' title='bbox 3339 449 3443 516; x_wconf 76' lang='lat' dir='ltr'><strong>9H</strong></span> 
     </span>
    </p>
   </div>
   <div class='ocr_carea' id='block_1_4' title="bbox 177 537 3440 630">
    <p class='ocr_par' dir='ltr' id='par_1_4' title="bbox 177 537 3440 630">
     <span class='ocr_line' id='line_1_4' title="bbox 177 537 3440 630; baseline 0.011 -43"><span class='ocrx_word' id='word_1_4' title='bbox 177 554 242 589; x_wconf 83' lang='lat' dir='ltr'><strong>ne</strong></span> <span class='ocrx_word' id='word_1_5' title='bbox 282 537 351 590; x_wconf 88' lang='lat' dir='ltr'><strong>de</strong></span> <span class='ocrx_word' id='word_1_6' title='bbox 399 549 587 593; x_wconf 83' lang='lat' dir='ltr'><strong>monte</strong></span> <span class='ocrx_word' id='word_1_7' title='bbox 643 552 837 595; x_wconf 86' lang='lat' dir='ltr'><strong>sancto</strong></span> <span class='ocrx_word' id='word_1_8' title='bbox 899 544 1319 599; x_wconf 87' lang='lat' dir='ltr'><strong>descenderent.</strong></span> <span class='ocrx_word' id='word_1_9' title='bbox 1386 545 1494 617; x_wconf 87' lang='lat' dir='ltr'><strong>Ipsi</strong></span> <span class='ocrx_word' id='word_1_10' title='bbox 1558 556 1761 605; x_wconf 87' lang='lat' dir='ltr'><strong>tamen,</strong></span> <span class='ocrx_word' id='word_1_11' title='bbox 1796 540 1839 595; x_wconf 84' lang='lat' dir='ltr'><strong>A</strong></span> <span class='ocrx_word' id='word_1_12' title='bbox 1873 539 2098 595; x_wconf 84' lang='lat' dir='ltr'><strong>Sabbati</strong></span> <span class='ocrx_word' id='word_1_13' title='bbox 2132 545 2413 601; x_wconf 78' lang='lat' dir='ltr'><strong>occidente</strong></span> <span class='ocrx_word' id='word_1_14' title='bbox 2459 552 2569 619; x_wconf 87' lang='lat' dir='ltr'><strong>jam</strong></span> <span class='ocrx_word' id='word_1_15' title='bbox 2603 553 2740 617; x_wconf 88' lang='lat' dir='ltr'><strong>sole,</strong></span> <span class='ocrx_word' id='word_1_16' title='bbox 2783 558 2943 609; x_wconf 86' lang='lat' dir='ltr'><strong>tertio</strong></span> <span class='ocrx_word' id='word_1_17' title='bbox 2974 558 3194 613; x_wconf 86' lang='lat' dir='ltr'><strong>&#39;l‘ishrin</strong></span> <span class='ocrx_word' id='word_1_18' title='bbox 3221 566 3440 630; x_wconf 73' lang='lat' dir='ltr'><strong>prioris.</strong></span> 
     </span>
    </p>
   </div>
   <div class='ocr_carea' id='block_1_5' title="bbox 172 630 1760 708">
    <p class='ocr_par' dir='ltr' id='par_1_5' title="bbox 172 630 1760 708">
     <span class='ocr_line' id='line_1_5' title="bbox 172 630 1760 708; baseline 0.008 -26"><span class='ocrx_word' id='word_1_19' title='bbox 172 631 381 683; x_wconf 79' lang='lat' dir='ltr'><strong>dictutll</strong></span> <span class='ocrx_word' id='word_1_20' title='bbox 413 630 539 697; x_wconf 87' lang='lat' dir='ltr'><strong>ejus</strong></span> <span class='ocrx_word' id='word_1_21' title='bbox 565 634 700 686; x_wconf 89' lang='lat' dir='ltr'><strong>nihil</strong></span> <span class='ocrx_word' id='word_1_22' title='bbox 750 637 969 698; x_wconf 89' lang='lat' dir='ltr'><strong>morati,</strong></span> <span class='ocrx_word' id='word_1_23' title='bbox 1026 638 1477 705; x_wconf 85' lang='lat' dir='ltr'><strong>descenderunt;</strong></span> <span class='ocrx_word' id='word_1_24' title='bbox 1524 655 1760 708; x_wconf 85' lang='lat' dir='ltr'><strong>etnuque</strong></span> 
     </span>
    </p>
   </div>
   <div class='ocr_carea' id='block_1_6' title="bbox 172 722 1756 801">
    <p class='ocr_par' dir='ltr' id='par_1_6' title="bbox 172 722 1756 801">
     <span class='ocr_line' id='line_1_6' title="bbox 172 722 1756 801; baseline 0.009 -27"><span class='ocrx_word' id='word_1_25' title='bbox 172 725 600 778; x_wconf 83' lang='lat' dir='ltr'><strong>descendissent</strong></span> <span class='ocrx_word' id='word_1_26' title='bbox 630 726 768 791; x_wconf 83' lang='lat' dir='ltr'><strong>ﬁlias</strong></span> <span class='ocrx_word' id='word_1_27' title='bbox 801 729 965 783; x_wconf 85' lang='lat' dir='ltr'><strong>Kaini</strong></span> <span class='ocrx_word' id='word_1_28' title='bbox 994 731 1268 789; x_wconf 76' lang='lat' dir='ltr'><strong>malediCIi</strong></span> <span class='ocrx_word' id='word_1_29' title='bbox 1296 722 1481 801; x_wconf 78' lang='lat' dir='ltr'><strong>specie</strong></span> <span class='ocrx_word' id='word_1_30' title='bbox 1500 734 1756 801; x_wconf 87' lang='lat' dir='ltr'><strong>pulchras</strong></span> 
     </span>
    </p>
   </div>
   <div class='ocr_carea' id='block_1_7' title="bbox 172 808 1758 895">
    <p class='ocr_par' dir='ltr' id='par_1_7' title="bbox 172 808 1758 895">
     <span class='ocr_line' id='line_1_7' title="bbox 172 808 1758 895; baseline 0.009 -28"><span class='ocrx_word' id='word_1_31' title='bbox 172 827 223 868; x_wconf 82' lang='lat' dir='ltr'><strong>et</strong></span> <span class='ocrx_word' id='word_1_32' title='bbox 290 817 414 870; x_wconf 86' lang='lat' dir='ltr'><strong>sine</strong></span> <span class='ocrx_word' id='word_1_33' title='bbox 468 819 675 887; x_wconf 87' lang='lat' dir='ltr'><strong>pudore</strong></span> <span class='ocrx_word' id='word_1_34' title='bbox 737 821 916 877; x_wconf 85' lang='lat' dir='ltr'><strong>nudas</strong></span> <span class='ocrx_word' id='word_1_35' title='bbox 990 826 1414 894; x_wconf 74' lang='lat' dir='ltr'><strong>conspicientes,</strong></span> <span class='ocrx_word' id='word_1_36' title='bbox 1502 808 1758 895; x_wconf 86' lang='lat' dir='ltr'><strong>cupidine</strong></span> 
     </span>
    </p>
   </div>
   <div class='ocr_carea' id='block_1_8' title="bbox 170 915 1755 986">
    <p class='ocr_par' dir='ltr' id='par_1_8' title="bbox 170 915 1755 986">
     <span class='ocr_line' id='line_1_8' title="bbox 170 915 1755 986; baseline 0.008 -25"><span class='ocrx_word' id='word_1_37' title='bbox 170 920 532 965; x_wconf 81' lang='lat' dir='ltr'><strong>exarserunt:</strong></span> <span class='ocrx_word' id='word_1_38' title='bbox 561 926 655 966; x_wconf 90' lang='lat' dir='ltr'><strong>eos</strong></span> <span class='ocrx_word' id='word_1_39' title='bbox 703 915 953 968; x_wconf 77' lang='lat' dir='ltr'><strong>similiter</strong></span> <span class='ocrx_word' id='word_1_40' title='bbox 981 919 1381 986; x_wconf 80' lang='lat' dir='ltr'><strong>conspicientes</strong></span> <span class='ocrx_word' id='word_1_41' title='bbox 1418 919 1578 975; x_wconf 86' lang='lat' dir='ltr'><strong>Kaiui</strong></span> <span class='ocrx_word' id='word_1_42' title='bbox 1613 921 1755 985; x_wconf 73' lang='lat' dir='ltr'><strong>ﬁlim,</strong></span> 
     </span>
    </p>
   </div>
   <div class='ocr_carea' id='block_1_9' title="bbox 171 1002 1756 1080">
    <p class='ocr_par' dir='ltr' id='par_1_9' title="bbox 171 1002 1756 1080">
     <span class='ocr_line' id='line_1_9' title="bbox 171 1002 1756 1080; baseline 0.009 -29"><span class='ocrx_word' id='word_1_43' title='bbox 171 1002 317 1051; x_wconf 83' lang='lat' dir='ltr'><strong>viros</strong></span> <span class='ocrx_word' id='word_1_44' title='bbox 338 1003 522 1069; x_wconf 84' lang='lat' dir='ltr'><strong>specie</strong></span> <span class='ocrx_word' id='word_1_45' title='bbox 545 1004 796 1070; x_wconf 89' lang='lat' dir='ltr'><strong>pulchra,</strong></span> <span class='ocrx_word' id='word_1_46' title='bbox 820 1016 1029 1061; x_wconf 89' lang='lat' dir='ltr'><strong>statura</strong></span> <span class='ocrx_word' id='word_1_47' title='bbox 1052 1009 1319 1080; x_wconf 89' lang='lat' dir='ltr'><strong>gigantea,</strong></span> <span class='ocrx_word' id='word_1_48' title='bbox 1340 1011 1488 1079; x_wconf 88' lang='lat' dir='ltr'><strong>ipsos</strong></span> <span class='ocrx_word' id='word_1_49' title='bbox 1512 1011 1756 1066; x_wconf 82' lang='lat' dir='ltr'><strong>ferarum</strong></span> 
     </span>
    </p>
   </div>
   <div class='ocr_carea' id='block_1_10' title="bbox 172 1091 1753 1171">
    <p class='ocr_par' dir='ltr' id='par_1_10' title="bbox 172 1091 1753 1171">
     <span class='ocr_line' id='line_1_10' title="bbox 172 1091 1753 1171; baseline 0.008 -29"><span class='ocrx_word' id='word_1_50' title='bbox 172 1091 352 1144; x_wconf 87' lang='lat' dir='ltr'><strong>instar</strong></span> <span class='ocrx_word' id='word_1_51' title='bbox 422 1092 733 1148; x_wconf 87' lang='lat' dir='ltr'><strong>insilientes</strong></span> <span class='ocrx_word' id='word_1_52' title='bbox 799 1112 1031 1159; x_wconf 85' lang='lat' dir='ltr'><strong>corpora</strong></span> <span class='ocrx_word' id='word_1_53' title='bbox 1109 1113 1302 1154; x_wconf 85' lang='lat' dir='ltr'><strong>eorum</strong></span> <span class='ocrx_word' id='word_1_54' title='bbox 1368 1101 1753 1171; x_wconf 90' lang='lat' dir='ltr'><strong>inquinarunt,</strong></span> 
     </span>
    </p>
   </div>
   <div class='ocr_carea' id='block_1_11' title="bbox 170 1186 1757 1265">
    <p class='ocr_par' dir='ltr' id='par_1_11' title="bbox 170 1186 1757 1265">
     <span class='ocr_line' id='line_1_11' title="bbox 170 1186 1757 1265; baseline 0.011 -32"><span class='ocrx_word' id='word_1_55' title='bbox 170 1192 337 1252; x_wconf 87' lang='lat' dir='ltr'><strong>atque</strong></span> <span class='ocrx_word' id='word_1_56' title='bbox 376 1186 450 1239; x_wconf 90' lang='lat' dir='ltr'><strong>ita</strong></span> <span class='ocrx_word' id='word_1_57' title='bbox 486 1202 610 1240; x_wconf 90' lang='lat' dir='ltr'><strong>cum</strong></span> <span class='ocrx_word' id='word_1_58' title='bbox 665 1188 883 1245; x_wconf 88' lang='lat' dir='ltr'><strong>ﬁliabus</strong></span> <span class='ocrx_word' id='word_1_59' title='bbox 914 1190 1073 1246; x_wconf 82' lang='lat' dir='ltr'><strong>Kaini</strong></span> <span class='ocrx_word' id='word_1_60' title='bbox 1118 1194 1420 1249; x_wconf 89' lang='lat' dir='ltr'><strong>scortando</strong></span> <span class='ocrx_word' id='word_1_61' title='bbox 1473 1198 1757 1265; x_wconf 87' lang='lat' dir='ltr'><strong>perierunt</strong></span> 
     </span>
    </p>
   </div>
   <div class='ocr_carea' id='block_1_12' title="bbox 172 1275 1753 1357">
    <p class='ocr_par' dir='ltr' id='par_1_12' title="bbox 172 1275 1753 1357">
     <span class='ocr_line' id='line_1_12' title="bbox 172 1275 1753 1357; baseline 0.009 -29"><span class='ocrx_word' id='word_1_62' title='bbox 172 1276 265 1328; x_wconf 85' lang='lat' dir='ltr'><strong>ﬁlii</strong></span> <span class='ocrx_word' id='word_1_63' title='bbox 324 1275 504 1331; x_wconf 86' lang='lat' dir='ltr'><strong>Sethi.</strong></span> <span class='ocrx_word' id='word_1_64' title='bbox 547 1278 880 1349; x_wconf 84' lang='lat' dir='ltr'><strong>Pepererunt</strong></span> <span class='ocrx_word' id='word_1_65' title='bbox 914 1293 1092 1338; x_wconf 88' lang='lat' dir='ltr'><strong>autem</strong></span> <span class='ocrx_word' id='word_1_66' title='bbox 1124 1286 1372 1357; x_wconf 81' lang='lat'><strong>25-27</strong></span> <span class='ocrx_word' id='word_1_67' title='bbox 1420 1288 1541 1342; x_wconf 63' lang='lat' dir='ltr'><strong>ﬁlia:</strong></span> <span class='ocrx_word' id='word_1_68' title='bbox 1597 1289 1753 1343; x_wconf 84' lang='lat' dir='ltr'><strong>Kaini</strong></span> 
     </span>
    </p>
   </div>
   <div class='ocr_carea' id='block_1_13' title="bbox 171 1367 1750 1446">
    <p class='ocr_par' dir='ltr' id='par_1_13' title="bbox 171 1367 1750 1446">
     <span class='ocr_line' id='line_1_13' title="bbox 171 1367 1750 1446; baseline 0.013 -33"><span class='ocrx_word' id='word_1_69' title='bbox 171 1367 445 1421; x_wconf 86' lang='lat' dir='ltr'><strong>maledicti</strong></span> <span class='ocrx_word' id='word_1_70' title='bbox 499 1369 624 1425; x_wconf 92' lang='lat' dir='ltr'><strong>ﬁliis</strong></span> <span class='ocrx_word' id='word_1_71' title='bbox 675 1373 828 1426; x_wconf 86' lang='lat' dir='ltr'><strong>Sethi</strong></span> <span class='ocrx_word' id='word_1_72' title='bbox 896 1374 1163 1443; x_wconf 81' lang='lat' dir='ltr'><strong>gigantes.</strong></span> <span class='ocrx_word' id='word_1_73' title='bbox 1217 1378 1275 1431; x_wconf 94' lang='lat' dir='ltr'><strong>ln</strong></span> <span class='ocrx_word' id='word_1_74' title='bbox 1314 1378 1429 1445; x_wconf 84' lang='lat' dir='ltr'><strong>lege</strong></span> <span class='ocrx_word' id='word_1_75' title='bbox 1479 1380 1750 1446; x_wconf 90' lang='lat' dir='ltr'><strong>siquidem</strong></span> 
     </span>
    </p>
   </div>
   <div class='ocr_carea' id='block_1_14' title="bbox 169 1460 1751 1539">
    <p class='ocr_par' dir='ltr' id='par_1_14' title="bbox 169 1460 1751 1539">
     <span class='ocr_line' id='line_1_14' title="bbox 169 1460 1751 1539; baseline 0.009 -27"><span class='ocrx_word' id='word_1_76' title='bbox 169 1462 245 1512; x_wconf 86' lang='lat' dir='ltr'><strong>ait</strong></span> <span class='ocrx_word' id='word_1_77' title='bbox 280 1478 295 1513; x_wconf 87' lang='lat'><strong>:</strong></span> <span class='ocrx_word' id='word_1_78' title='bbox 342 1460 515 1516; x_wconf 80' lang='lat' dir='ltr'><strong>Filios</strong></span> <span class='ocrx_word' id='word_1_79' title='bbox 557 1463 649 1518; x_wconf 84' lang='lat' dir='ltr'><strong>Dei</strong></span> <span class='ocrx_word' id='word_1_80' title='bbox 678 1466 833 1533; x_wconf 83' lang='lat' dir='ltr'><strong>(Bani</strong></span> <span class='ocrx_word' id='word_1_81' title='bbox 870 1466 1079 1522; x_wconf 82' lang='lat' dir='ltr'><strong>Elohim</strong></span> <span class='ocrx_word' id='word_1_82' title='bbox 1116 1471 1439 1539; x_wconf 87' lang='lat' dir='ltr'><strong>appellatos)</strong></span> <span class='ocrx_word' id='word_1_83' title='bbox 1488 1490 1604 1525; x_wconf 83' lang='lat' dir='ltr'><strong>cum</strong></span> <span class='ocrx_word' id='word_1_84' title='bbox 1630 1490 1751 1526; x_wconf 86' lang='lat' dir='ltr'><strong>con-</strong></span> 
     </span>
    </p>
   </div>
   <div class='ocr_carea' id='block_1_15' title="bbox 168 1554 1751 1631">
    <p class='ocr_par' dir='ltr' id='par_1_15' title="bbox 168 1554 1751 1631">
     <span class='ocr_line' id='line_1_15' title="bbox 168 1554 1751 1631; baseline 0.011 -28"><span class='ocrx_word' id='word_1_85' title='bbox 168 1554 469 1617; x_wconf 70' lang='lat' dir='ltr'><strong>spexissent</strong></span> <span class='ocrx_word' id='word_1_86' title='bbox 496 1557 638 1621; x_wconf 75' lang='lat' dir='ltr'><strong>filias</strong></span> <span class='ocrx_word' id='word_1_87' title='bbox 657 1557 821 1612; x_wconf 80' lang='grc' dir='ltr'><strong>Καἰηὶ</strong></span> <span class='ocrx_word' id='word_1_88' title='bbox 846 1561 1120 1629; x_wconf 82' lang='lat' dir='ltr'><strong>pulchras,</strong></span> <span class='ocrx_word' id='word_1_89' title='bbox 1146 1562 1215 1615; x_wconf 89' lang='lat' dir='ltr'><strong>ad</strong></span> <span class='ocrx_word' id='word_1_90' title='bbox 1235 1565 1377 1631; x_wconf 82' lang='lat' dir='ltr'><strong>ipsas</strong></span> <span class='ocrx_word' id='word_1_91' title='bbox 1404 1566 1751 1629; x_wconf 73' lang='lat' dir='ltr'><strong>descendisse,</strong></span> 
     </span>
    </p>
   </div>
   <div class='ocr_carea' id='block_1_16' title="bbox 170 1650 1244 1723">
    <p class='ocr_par' dir='ltr' id='par_1_16' title="bbox 170 1650 1244 1723">
     <span class='ocr_line' id='line_1_16' title="bbox 170 1650 1244 1723; baseline 0.014 -27"><span class='ocrx_word' id='word_1_92' title='bbox 170 1657 327 1713; x_wconf 76' lang='lat' dir='ltr'><strong>atque</strong></span> <span class='ocrx_word' id='word_1_93' title='bbox 357 1665 424 1700; x_wconf 76' lang='lat' dir='ltr'><strong>ex</strong></span> <span class='ocrx_word' id='word_1_94' title='bbox 458 1650 583 1716; x_wconf 84' lang='lat' dir='ltr'><strong>ipsis</strong></span> <span class='ocrx_word' id='word_1_95' title='bbox 617 1663 905 1721; x_wconf 78' lang='lat' dir='ltr'><strong>prognatos</strong></span> <span class='ocrx_word' id='word_1_96' title='bbox 940 1657 1176 1723; x_wconf 74' lang='lat' dir='ltr'><strong>gigantes</strong></span> <span class='ocrx_word' id='word_1_97' title='bbox 1202 1660 1244 1710; x_wconf 81' lang='lat'><strong>’.</strong></span> 
     </span>
    </p>
   </div>
   <div class='ocr_carea' id='block_1_17' title="bbox 240 1738 1750 1819">
    <p class='ocr_par' dir='ltr' id='par_1_17' title="bbox 240 1738 1750 1819">
     <span class='ocr_line' id='line_1_17' title="bbox 240 1738 1750 1819; baseline 0.008 -30"><span class='ocrx_word' id='word_1_98' title='bbox 240 1738 347 1803; x_wconf 80' lang='lat' dir='ltr'><strong>Qui</strong></span> <span class='ocrx_word' id='word_1_99' title='bbox 407 1751 588 1795; x_wconf 88' lang='lat' dir='ltr'><strong>autem</strong></span> <span class='ocrx_word' id='word_1_100' title='bbox 642 1754 852 1809; x_wconf 77' lang='lat' dir='ltr'><strong>errant,</strong></span> <span class='ocrx_word' id='word_1_101' title='bbox 885 1762 1061 1816; x_wconf 87' lang='lat' dir='ltr'><strong>neque</strong></span> <span class='ocrx_word' id='word_1_102' title='bbox 1114 1748 1298 1802; x_wconf 87' lang='lat' dir='ltr'><strong>sciunt</strong></span> <span class='ocrx_word' id='word_1_103' title='bbox 1344 1751 1474 1819; x_wconf 89' lang='lat' dir='ltr'><strong>quid</strong></span> <span class='ocrx_word' id='word_1_104' title='bbox 1540 1751 1750 1813; x_wconf 82' lang='lat' dir='ltr'><strong>dicant,</strong></span> 
     </span>
    </p>
   </div>
   <div class='ocr_carea' id='block_1_18' title="bbox 170 1831 1742 1904">
    <p class='ocr_par' dir='ltr' id='par_1_18' title="bbox 170 1831 1742 1904">
     <span class='ocr_line' id='line_1_18' title="bbox 170 1831 1742 1904; baseline 0.011 -25"><span class='ocrx_word' id='word_1_105' title='bbox 170 1831 326 1882; x_wconf 67' lang='lat' dir='ltr'><strong>aiunt</strong></span> <span class='ocrx_word' id='word_1_106' title='bbox 356 1834 583 1901; x_wconf 81' lang='lat' dir='ltr'><strong>angelos</strong></span> <span class='ocrx_word' id='word_1_107' title='bbox 611 1834 965 1891; x_wconf 69' lang='lat' dir='ltr'><strong>descendisse</strong></span> <span class='ocrx_word' id='word_1_108' title='bbox 996 1840 1061 1891; x_wconf 87' lang='lat' dir='ltr'><strong>ad</strong></span> <span class='ocrx_word' id='word_1_109' title='bbox 1108 1840 1245 1893; x_wconf 83' lang='lat' dir='ltr'><strong>tilias</strong></span> <span class='ocrx_word' id='word_1_110' title='bbox 1282 1842 1587 1904; x_wconf 87' lang='lat' dir='ltr'><strong>homimnn,</strong></span> <span class='ocrx_word' id='word_1_111' title='bbox 1620 1858 1742 1896; x_wconf 89' lang='lat' dir='ltr'><strong>cum</strong></span> 
     </span>
    </p>
   </div>
   <div class='ocr_carea' id='block_1_19' title="bbox 171 1925 1747 2000">
    <p class='ocr_par' dir='ltr' id='par_1_19' title="bbox 171 1925 1747 2000">
     <span class='ocr_line' id='line_1_19' title="bbox 171 1925 1747 2000; baseline 0.009 -26"><span class='ocrx_word' id='word_1_112' title='bbox 171 1925 561 1995; x_wconf 69' lang='lat' dir='ltr'><strong>(intelligendi)</strong></span> <span class='ocrx_word' id='word_1_113' title='bbox 608 1929 719 1983; x_wconf 92' lang='lat' dir='ltr'><strong>sint</strong></span> <span class='ocrx_word' id='word_1_114' title='bbox 774 1930 869 1983; x_wconf 91' lang='lat' dir='ltr'><strong>ﬁlii</strong></span> <span class='ocrx_word' id='word_1_115' title='bbox 922 1929 1075 1985; x_wconf 73' lang='lat' dir='ltr'><strong>Scthi</strong></span> <span class='ocrx_word' id='word_1_116' title='bbox 1112 1934 1203 2000; x_wconf 90' lang='lat' dir='ltr'><strong>qui</strong></span> <span class='ocrx_word' id='word_1_117' title='bbox 1265 1949 1292 1986; x_wconf 91' lang='lat' dir='ltr'><strong>a</strong></span> <span class='ocrx_word' id='word_1_118' title='bbox 1338 1945 1519 1989; x_wconf 90' lang='lat' dir='ltr'><strong>monte</strong></span> <span class='ocrx_word' id='word_1_119' title='bbox 1554 1946 1747 1989; x_wconf 83' lang='lat' dir='ltr'><strong>sancto</strong></span> 
     </span>
    </p>
   </div>
   <div class='ocr_carea' id='block_1_20' title="bbox 169 2016 1751 2081">
    <p class='ocr_par' dir='ltr' id='par_1_20' title="bbox 169 2016 1751 2081">
     <span class='ocr_line' id='line_1_20' title="bbox 169 2016 1751 2081; baseline 0.008 -12"><span class='ocrx_word' id='word_1_120' title='bbox 169 2016 233 2069; x_wconf 76' lang='lat' dir='ltr'><strong>ad</strong></span> <span class='ocrx_word' id='word_1_121' title='bbox 296 2017 436 2070; x_wconf 84' lang='lat' dir='ltr'><strong>ﬁlias</strong></span> <span class='ocrx_word' id='word_1_122' title='bbox 465 2019 619 2073; x_wconf 72' lang='grc' dir='ltr'><strong>Κηίηί</strong></span> <span class='ocrx_word' id='word_1_123' title='bbox 673 2022 945 2077; x_wconf 88' lang='lat' dir='ltr'><strong>maledicti</strong></span> <span class='ocrx_word' id='word_1_124' title='bbox 996 2026 1422 2081; x_wconf 82' lang='lat' dir='ltr'><strong>descenderunt.</strong></span> <span class='ocrx_word' id='word_1_125' title='bbox 1479 2026 1751 2081; x_wconf 71' lang='lat' dir='ltr'><strong>Sethiada:</strong></span> 
     </span>
    </p>
   </div>
   <div class='ocr_carea' id='block_1_21' title="bbox 168 2110 1748 2186">
    <p class='ocr_par' dir='ltr' id='par_1_21' title="bbox 168 2110 1748 2186">
     <span class='ocr_line' id='line_1_21' title="bbox 168 2110 1748 2186; baseline 0.009 -26"><span class='ocrx_word' id='word_1_126' title='bbox 168 2110 317 2161; x_wconf 81' lang='lat' dir='ltr'><strong>enim</strong></span> <span class='ocrx_word' id='word_1_127' title='bbox 352 2111 425 2163; x_wconf 88' lang='lat' dir='ltr'><strong>ob</strong></span> <span class='ocrx_word' id='word_1_128' title='bbox 452 2114 800 2167; x_wconf 76' lang='lat' dir='ltr'><strong>sanctitatem</strong></span> <span class='ocrx_word' id='word_1_129' title='bbox 836 2132 1016 2178; x_wconf 88' lang='lat' dir='ltr'><strong>suam,</strong></span> <span class='ocrx_word' id='word_1_130' title='bbox 1046 2128 1098 2171; x_wconf 90' lang='lat' dir='ltr'><strong>et</strong></span> <span class='ocrx_word' id='word_1_131' title='bbox 1131 2121 1275 2186; x_wconf 83' lang='lat' dir='ltr'><strong>quod</strong></span> <span class='ocrx_word' id='word_1_132' title='bbox 1331 2131 1568 2174; x_wconf 81' lang='lat' dir='ltr'><strong>montem</strong></span> <span class='ocrx_word' id='word_1_133' title='bbox 1618 2139 1748 2174; x_wconf 84' lang='lat' dir='ltr'><strong>san-</strong></span> 
     </span>
    </p>
   </div>
   <div class='ocr_carea' id='block_1_22' title="bbox 168 2205 1748 2276">
    <p class='ocr_par' dir='ltr' id='par_1_22' title="bbox 168 2205 1748 2276">
     <span class='ocr_line' id='line_1_22' title="bbox 168 2205 1748 2276; baseline 0.006 -21"><span class='ocrx_word' id='word_1_134' title='bbox 168 2212 318 2255; x_wconf 78' lang='lat' dir='ltr'><strong>ctum</strong></span> <span class='ocrx_word' id='word_1_135' title='bbox 374 2205 699 2265; x_wconf 76' lang='lat' dir='ltr'><strong>incolerent.</strong></span> <span class='ocrx_word' id='word_1_136' title='bbox 752 2209 1006 2276; x_wconf 83' lang='lat' dir='ltr'><strong>appellati</strong></span> <span class='ocrx_word' id='word_1_137' title='bbox 1062 2220 1191 2265; x_wconf 91' lang='lat' dir='ltr'><strong>sunt</strong></span> <span class='ocrx_word' id='word_1_138' title='bbox 1237 2211 1377 2265; x_wconf 79' lang='lat' dir='ltr'><strong>Boni</strong></span> <span class='ocrx_word' id='word_1_139' title='bbox 1429 2214 1657 2274; x_wconf 63' lang='lat' dir='ltr'><strong>[ilo/tim,</strong></span> <span class='ocrx_word' id='word_1_140' title='bbox 1699 2214 1748 2265; x_wconf 89' lang='lat' dir='ltr'><strong>id</strong></span> 
     </span>
    </p>
   </div>
   <div class='ocr_carea' id='block_1_23' title="bbox 169 2294 1753 2373">
    <p class='ocr_par' dir='ltr' id='par_1_23' title="bbox 169 2294 1753 2373">
     <span class='ocr_line' id='line_1_23' title="bbox 169 2294 1753 2373; baseline 0.009 -27"><span class='ocrx_word' id='word_1_141' title='bbox 169 2308 272 2358; x_wconf 71' lang='lat' dir='ltr'><strong>est,</strong></span> <span class='ocrx_word' id='word_1_142' title='bbox 314 2294 449 2348; x_wconf 81' lang='lat' dir='ltr'><strong>Filii</strong></span> <span class='ocrx_word' id='word_1_143' title='bbox 531 2296 645 2353; x_wconf 85' lang='lat' dir='ltr'><strong>Dei.</strong></span> <span class='ocrx_word' id='word_1_144' title='bbox 681 2298 877 2353; x_wconf 82' lang='lat' dir='ltr'><strong>Errant</strong></span> <span class='ocrx_word' id='word_1_145' title='bbox 934 2317 1084 2369; x_wconf 81' lang='lat' dir='ltr'><strong>ergo.</strong></span> <span class='ocrx_word' id='word_1_146' title='bbox 1134 2305 1226 2370; x_wconf 92' lang='lat' dir='ltr'><strong>qui</strong></span> <span class='ocrx_word' id='word_1_147' title='bbox 1292 2306 1479 2361; x_wconf 79' lang='lat' dir='ltr'><strong>dicunt</strong></span> <span class='ocrx_word' id='word_1_148' title='bbox 1529 2309 1753 2373; x_wconf 65' lang='lat' dir='ltr'><strong>angrlos</strong></span> 
     </span>
    </p>
   </div>
   <div class='ocr_carea' id='block_1_24' title="bbox 169 2388 1749 2459">
    <p class='ocr_par' dir='ltr' id='par_1_24' title="bbox 169 2388 1749 2459">
     <span class='ocr_line' id='line_1_24' title="bbox 169 2388 1749 2459; baseline 0.009 -22"><span class='ocrx_word' id='word_1_149' title='bbox 169 2388 528 2443; x_wconf 67' lang='lat' dir='ltr'><strong>descendisse</strong></span> <span class='ocrx_word' id='word_1_150' title='bbox 563 2390 629 2442; x_wconf 87' lang='lat' dir='ltr'><strong>ad</strong></span> <span class='ocrx_word' id='word_1_151' title='bbox 684 2390 823 2446; x_wconf 81' lang='lat' dir='ltr'><strong>ﬁlias</strong></span> <span class='ocrx_word' id='word_1_152' title='bbox 886 2393 1193 2459; x_wconf 88' lang='lat' dir='ltr'><strong>hominum,</strong></span> <span class='ocrx_word' id='word_1_153' title='bbox 1256 2412 1381 2450; x_wconf 91' lang='lat' dir='ltr'><strong>cum</strong></span> <span class='ocrx_word' id='word_1_154' title='bbox 1442 2400 1749 2452; x_wconf 77' lang='lat' dir='ltr'><strong>substantia</strong></span> 
     </span>
    </p>
   </div>
   <div class='ocr_carea' id='block_1_25' title="bbox 170 2480 1753 2557">
    <p class='ocr_par' dir='ltr' id='par_1_25' title="bbox 170 2480 1753 2557">
     <span class='ocr_line' id='line_1_25' title="bbox 170 2480 1753 2557; baseline 0.007 -26"><span class='ocrx_word' id='word_1_155' title='bbox 170 2480 495 2549; x_wconf 81' lang='lat' dir='ltr'><strong>angelorum</strong></span> <span class='ocrx_word' id='word_1_156' title='bbox 532 2482 842 2537; x_wconf 80' lang='lat' dir='ltr'><strong>sobstautia</strong></span> <span class='ocrx_word' id='word_1_157' title='bbox 895 2485 1125 2553; x_wconf 84' lang='lat' dir='ltr'><strong>simplex</strong></span> <span class='ocrx_word' id='word_1_158' title='bbox 1187 2487 1276 2547; x_wconf 86' lang='lat' dir='ltr'><strong>sit,</strong></span> <span class='ocrx_word' id='word_1_159' title='bbox 1334 2503 1435 2540; x_wconf 84' lang='lat' dir='ltr'><strong>nec</strong></span> <span class='ocrx_word' id='word_1_160' title='bbox 1480 2499 1753 2557; x_wconf 72' lang='lat' dir='ltr'><strong>competat</strong></span> 
     </span>
    </p>
   </div>
   <div class='ocr_carea' id='block_1_26' title="bbox 173 2573 1752 2643">
    <p class='ocr_par' dir='ltr' id='par_1_26' title="bbox 173 2573 1752 2643">
     <span class='ocr_line' id='line_1_26' title="bbox 173 2573 1752 2643; baseline 0.006 -20"><span class='ocrx_word' id='word_1_161' title='bbox 173 2583 394 2626; x_wconf 79' lang='lat' dir='ltr'><strong>natura:</strong></span> <span class='ocrx_word' id='word_1_162' title='bbox 432 2573 673 2643; x_wconf 90' lang='lat' dir='ltr'><strong>ipsorum</strong></span> <span class='ocrx_word' id='word_1_163' title='bbox 725 2577 940 2629; x_wconf 82' lang='lat' dir='ltr'><strong>veneris</strong></span> <span class='ocrx_word' id='word_1_164' title='bbox 977 2592 1131 2640; x_wconf 65' lang='lat' dir='ltr'><strong>usus,</strong></span> <span class='ocrx_word' id='word_1_165' title='bbox 1176 2578 1339 2631; x_wconf 90' lang='lat' dir='ltr'><strong>homo</strong></span> <span class='ocrx_word' id='word_1_166' title='bbox 1386 2590 1562 2633; x_wconf 88' lang='lat' dir='ltr'><strong>autem</strong></span> <span class='ocrx_word' id='word_1_167' title='bbox 1626 2581 1752 2635; x_wconf 83' lang='lat' dir='ltr'><strong>sub-</strong></span> 
     </span>
    </p>
   </div>
   <div class='ocr_carea' id='block_1_27' title="bbox 171 2666 1753 2740">
    <p class='ocr_par' dir='ltr' id='par_1_27' title="bbox 171 2666 1753 2740">
     <span class='ocr_line' id='line_1_27' title="bbox 171 2666 1753 2740; baseline 0.007 -24"><span class='ocrx_word' id='word_1_168' title='bbox 171 2666 390 2717; x_wconf 67' lang='lat' dir='ltr'><strong>stantim</strong></span> <span class='ocrx_word' id='word_1_169' title='bbox 444 2667 762 2734; x_wconf 75' lang='lat' dir='ltr'><strong>compositae</strong></span> <span class='ocrx_word' id='word_1_170' title='bbox 822 2670 909 2731; x_wconf 86' lang='lat' dir='ltr'><strong>sit,</strong></span> <span class='ocrx_word' id='word_1_171' title='bbox 959 2672 1116 2737; x_wconf 84' lang='lat' dir='ltr'><strong>cujus</strong></span> <span class='ocrx_word' id='word_1_172' title='bbox 1178 2680 1389 2725; x_wconf 68' lang='lat' dir='ltr'><strong>natur-te</strong></span> <span class='ocrx_word' id='word_1_173' title='bbox 1444 2674 1566 2740; x_wconf 82' lang='lat' dir='ltr'><strong>ejus</strong></span> <span class='ocrx_word' id='word_1_174' title='bbox 1617 2690 1753 2727; x_wconf 86' lang='lat' dir='ltr'><strong>usus</strong></span> 
     </span>
    </p>
   </div>
   <div class='ocr_carea' id='block_1_28' title="bbox 170 2757 1741 2829">
    <p class='ocr_par' dir='ltr' id='par_1_28' title="bbox 170 2757 1741 2829">
     <span class='ocr_line' id='line_1_28' title="bbox 170 2757 1741 2829; baseline 0.008 -23"><span class='ocrx_word' id='word_1_175' title='bbox 170 2764 471 2821; x_wconf 85' lang='lat' dir='ltr'><strong>competat,</strong></span> <span class='ocrx_word' id='word_1_176' title='bbox 521 2757 835 2826; x_wconf 83' lang='lat' dir='ltr'><strong>pariterque</strong></span> <span class='ocrx_word' id='word_1_177' title='bbox 872 2762 1058 2816; x_wconf 88' lang='lat' dir='ltr'><strong>omnia</strong></span> <span class='ocrx_word' id='word_1_178' title='bbox 1112 2765 1433 2818; x_wconf 82' lang='lat' dir='ltr'><strong>animantia.</strong></span> <span class='ocrx_word' id='word_1_179' title='bbox 1488 2765 1645 2829; x_wconf 77' lang='lat' dir='ltr'><strong>Quod</strong></span> <span class='ocrx_word' id='word_1_180' title='bbox 1698 2766 1741 2818; x_wconf 89' lang='lat' dir='ltr'><strong>si</strong></span> 
     </span>
    </p>
   </div>
   <div class='ocr_carea' id='block_1_29' title="bbox 172 2847 1753 2922">
    <p class='ocr_par' dir='ltr' id='par_1_29' title="bbox 172 2847 1753 2922">
     <span class='ocr_line' id='line_1_29' title="bbox 172 2847 1753 2922; baseline 0.007 -26"><span class='ocrx_word' id='word_1_181' title='bbox 172 2847 352 2914; x_wconf 79' lang='lat' dir='ltr'><strong>angeli</strong></span> <span class='ocrx_word' id='word_1_182' title='bbox 406 2847 555 2916; x_wconf 81' lang='lat' dir='ltr'><strong>(cum</strong></span> <span class='ocrx_word' id='word_1_183' title='bbox 609 2850 953 2915; x_wconf 79' lang='lat' dir='ltr'><strong>mulieribus)</strong></span> <span class='ocrx_word' id='word_1_184' title='bbox 999 2857 1491 2922; x_wconf 82' lang='lat' dir='ltr'><strong>congrederentur,</strong></span> <span class='ocrx_word' id='word_1_185' title='bbox 1553 2856 1753 2909; x_wconf 88' lang='lat' dir='ltr'><strong>nullam</strong></span> 
     </span>
    </p>
   </div>
   <div class='ocr_carea' id='block_1_30' title="bbox 172 2938 1756 3017">
    <p class='ocr_par' dir='ltr' id='par_1_30' title="bbox 172 2938 1756 3017">
     <span class='ocr_line' id='line_1_30' title="bbox 172 2938 1756 3017; baseline 0.009 -28"><span class='ocrx_word' id='word_1_186' title='bbox 172 2938 387 3004; x_wconf 70' lang='lat' dir='ltr'><strong>uspiam</strong></span> <span class='ocrx_word' id='word_1_187' title='bbox 417 2955 446 2992; x_wconf 91' lang='lat' dir='ltr'><strong>e</strong></span> <span class='ocrx_word' id='word_1_188' title='bbox 482 2939 695 2994; x_wconf 88' lang='lat' dir='ltr'><strong>ﬁlialms</strong></span> <span class='ocrx_word' id='word_1_189' title='bbox 739 2944 1020 2998; x_wconf 87' lang='lat' dir='ltr'><strong>hominum</strong></span> <span class='ocrx_word' id='word_1_190' title='bbox 1054 2948 1346 3014; x_wconf 80' lang='lat' dir='ltr'><strong>virginem,</strong></span> <span class='ocrx_word' id='word_1_191' title='bbox 1383 2949 1756 3017; x_wconf 88' lang='lat' dir='ltr'><strong>incorruptam</strong></span> 
     </span>
    </p>
   </div>
   <div class='ocr_carea' id='block_1_31' title="bbox 173 3033 1758 3113">
    <p class='ocr_par' dir='ltr' id='par_1_31' title="bbox 173 3033 1758 3113">
     <span class='ocr_line' id='line_1_31' title="bbox 173 3033 1758 3113; baseline 0.008 -29"><span class='ocrx_word' id='word_1_192' title='bbox 173 3033 549 3102; x_wconf 82' lang='lat' dir='ltr'><strong>reliquissent.</strong></span> <span class='ocrx_word' id='word_1_193' title='bbox 579 3034 715 3088; x_wconf 82' lang='lat' dir='ltr'><strong>Cum</strong></span> <span class='ocrx_word' id='word_1_194' title='bbox 748 3046 931 3093; x_wconf 85' lang='lat' dir='ltr'><strong>autem</strong></span> <span class='ocrx_word' id='word_1_195' title='bbox 985 3042 1186 3095; x_wconf 79' lang='lat' dir='ltr'><strong>vellent</strong></span> <span class='ocrx_word' id='word_1_196' title='bbox 1226 3042 1315 3095; x_wconf 93' lang='lat' dir='ltr'><strong>ﬁlii</strong></span> <span class='ocrx_word' id='word_1_197' title='bbox 1355 3042 1530 3105; x_wconf 87' lang='lat' dir='ltr'><strong>Scthi,</strong></span> <span class='ocrx_word' id='word_1_198' title='bbox 1595 3044 1685 3113; x_wconf 87' lang='lat' dir='ltr'><strong>qui</strong></span> <span class='ocrx_word' id='word_1_199' title='bbox 1728 3060 1758 3097; x_wconf 89' lang='lat' dir='ltr'><strong>e</strong></span> 
     </span>
    </p>
   </div>
   <div class='ocr_carea' id='block_1_32' title="bbox 172 3126 1753 3195">
    <p class='ocr_par' dir='ltr' id='par_1_32' title="bbox 172 3126 1753 3195">
     <span class='ocr_line' id='line_1_32' title="bbox 172 3126 1753 3195; baseline 0.009 -19"><span class='ocrx_word' id='word_1_200' title='bbox 172 3134 360 3178; x_wconf 86' lang='lat' dir='ltr'><strong>monte</strong></span> <span class='ocrx_word' id='word_1_201' title='bbox 387 3126 457 3179; x_wconf 87' lang='lat' dir='ltr'><strong>ad</strong></span> <span class='ocrx_word' id='word_1_202' title='bbox 509 3127 647 3180; x_wconf 86' lang='lat' dir='ltr'><strong>ﬁlias</strong></span> <span class='ocrx_word' id='word_1_203' title='bbox 692 3127 849 3182; x_wconf 83' lang='lat' dir='ltr'><strong>Kaini</strong></span> <span class='ocrx_word' id='word_1_204' title='bbox 906 3132 1182 3185; x_wconf 78' lang='lat' dir='ltr'><strong>maledicti</strong></span> <span class='ocrx_word' id='word_1_205' title='bbox 1240 3134 1662 3195; x_wconf 76' lang='lat' dir='ltr'><strong>descenderant,</strong></span> <span class='ocrx_word' id='word_1_206' title='bbox 1704 3138 1753 3190; x_wconf 90' lang='lat' dir='ltr'><strong>in</strong></span> 
     </span>
    </p>
   </div>
   <div class='ocr_carea' id='block_1_33' title="bbox 1868 637 3444 726">
    <p class='ocr_par' dir='ltr' id='par_1_33' title="bbox 1868 637 3444 726">
     <span class='ocr_line' id='line_1_33' title="bbox 1868 637 3444 726; baseline 0.015 -39"><span class='ocrx_word' id='word_1_207' title='bbox 1868 637 1961 704; x_wconf 92' lang='lat' dir='ltr'><strong>qui</strong></span> <span class='ocrx_word' id='word_1_208' title='bbox 1994 637 2133 691; x_wconf 89' lang='lat' dir='ltr'><strong>idem</strong></span> <span class='ocrx_word' id='word_1_209' title='bbox 2158 649 2243 693; x_wconf 90' lang='lat' dir='ltr'><strong>est</strong></span> <span class='ocrx_word' id='word_1_210' title='bbox 2274 656 2335 695; x_wconf 88' lang='lat' dir='ltr'><strong>ac</strong></span> <span class='ocrx_word' id='word_1_211' title='bbox 2368 642 2573 710; x_wconf 86' lang='lat' dir='ltr'><strong>Babah,</strong></span> <span class='ocrx_word' id='word_1_212' title='bbox 2609 663 2731 701; x_wconf 88' lang='lat' dir='ltr'><strong>cmn</strong></span> <span class='ocrx_word' id='word_1_213' title='bbox 2783 649 3011 705; x_wconf 87' lang='lat' dir='ltr'><strong>vixisset</strong></span> <span class='ocrx_word' id='word_1_214' title='bbox 3047 668 3226 709; x_wconf 86' lang='lat' dir='ltr'><strong>annos</strong></span> <span class='ocrx_word' id='word_1_215' title='bbox 3289 660 3444 726; x_wconf 87' lang='lat' dir='ltr'><strong>quin-</strong></span> 
     </span>
    </p>
   </div>
   <div class='ocr_carea' id='block_1_34' title="bbox 1867 729 3445 816">
    <p class='ocr_par' dir='ltr' id='par_1_34' title="bbox 1867 729 3445 816">
     <span class='ocr_line' id='line_1_34' title="bbox 1867 729 3445 816; baseline 0.017 -38"><span class='ocrx_word' id='word_1_216' title='bbox 1867 742 1973 793; x_wconf 90' lang='lat' dir='ltr'><strong>quc</strong></span> <span class='ocrx_word' id='word_1_217' title='bbox 2035 729 2174 783; x_wconf 89' lang='lat' dir='ltr'><strong>ultra</strong></span> <span class='ocrx_word' id='word_1_218' title='bbox 2217 745 2522 802; x_wconf 88' lang='lat' dir='ltr'><strong>nongentos</strong></span> <span class='ocrx_word' id='word_1_219' title='bbox 2576 757 2588 792; x_wconf 89' lang='lat'><strong>:</strong></span> <span class='ocrx_word' id='word_1_220' title='bbox 2646 756 2809 809; x_wconf 90' lang='lat' dir='ltr'><strong>quem</strong></span> <span class='ocrx_word' id='word_1_221' title='bbox 2861 748 3105 813; x_wconf 88' lang='lat' dir='ltr'><strong>myrrha,</strong></span> <span class='ocrx_word' id='word_1_222' title='bbox 3154 749 3334 816; x_wconf 86' lang='lat' dir='ltr'><strong>thure,</strong></span> <span class='ocrx_word' id='word_1_223' title='bbox 3389 760 3445 804; x_wconf 87' lang='lat' dir='ltr'><strong>et</strong></span> 
     </span>
    </p>
   </div>
   <div class='ocr_carea' id='block_1_35' title="bbox 1868 822 3442 906">
    <p class='ocr_par' dir='ltr' id='par_1_35' title="bbox 1868 822 3442 906">
     <span class='ocr_line' id='line_1_35' title="bbox 1868 822 3442 906; baseline 0.017 -33"><span class='ocrx_word' id='word_1_224' title='bbox 1868 822 2041 875; x_wconf 71' lang='lat' dir='ltr'><strong>eassia</strong></span> <span class='ocrx_word' id='word_1_225' title='bbox 2073 824 2392 891; x_wconf 89' lang='lat' dir='ltr'><strong>pollinctum</strong></span> <span class='ocrx_word' id='word_1_226' title='bbox 2442 832 2656 899; x_wconf 89' lang='lat' dir='ltr'><strong>sepeliit</strong></span> <span class='ocrx_word' id='word_1_227' title='bbox 2686 834 2831 890; x_wconf 93' lang='lat' dir='ltr'><strong>ﬁlius</strong></span> <span class='ocrx_word' id='word_1_228' title='bbox 2881 837 3055 906; x_wconf 91' lang='lat' dir='ltr'><strong>ipsius</strong></span> <span class='ocrx_word' id='word_1_229' title='bbox 3106 842 3322 897; x_wconf 82' lang='lat' dir='ltr'><strong>Kainan</strong></span> <span class='ocrx_word' id='word_1_230' title='bbox 3387 845 3442 899; x_wconf 93' lang='lat' dir='ltr'><strong>in</strong></span> 
     </span>
    </p>
   </div>
   <div class='ocr_carea' id='block_1_36' title="bbox 1867 909 3445 1001">
    <p class='ocr_par' dir='ltr' id='par_1_36' title="bbox 1867 909 3445 1001">
     <span class='ocr_line' id='line_1_36' title="bbox 1867 909 3445 1001; baseline 0.018 -40"><span class='ocrx_word' id='word_1_231' title='bbox 1867 909 2125 975; x_wconf 85' lang='lat' dir='ltr'><strong>Spelunca</strong></span> <span class='ocrx_word' id='word_1_232' title='bbox 2157 912 2399 969; x_wconf 80' lang='lat' dir='ltr'><strong>Alcanuz</strong></span> <span class='ocrx_word' id='word_1_233' title='bbox 2435 933 2448 969; x_wconf 91' lang='lat'><strong>:</strong></span> <span class='ocrx_word' id='word_1_234' title='bbox 2486 919 2929 995; x_wconf 83' lang='lat' dir='ltr'><strong>planxeruntque</strong></span> <span class='ocrx_word' id='word_1_235' title='bbox 2978 926 3157 997; x_wconf 92' lang='lat' dir='ltr'><strong>ipsum</strong></span> <span class='ocrx_word' id='word_1_236' title='bbox 3205 935 3445 1001; x_wconf 78' lang='lat' dir='ltr'><strong>quadra-</strong></span> 
     </span>
    </p>
   </div>
   <div class='ocr_carea' id='block_1_37' title="bbox 1868 998 3442 1079">
    <p class='ocr_par' dir='ltr' id='par_1_37' title="bbox 1868 998 3442 1079">
     <span class='ocr_line' id='line_1_37' title="bbox 1868 998 3442 1079; baseline 0.019 -30"><span class='ocrx_word' id='word_1_237' title='bbox 1868 998 2016 1067; x_wconf 83' lang='lat' dir='ltr'><strong>ginta</strong></span> <span class='ocrx_word' id='word_1_238' title='bbox 2101 1003 2237 1057; x_wconf 85' lang='lat' dir='ltr'><strong>dies.</strong></span> <span class='ocrx_word' id='word_1_239' title='bbox 2314 1006 2588 1065; x_wconf 88' lang='lat' dir='ltr'><strong>Lamecho</strong></span> <span class='ocrx_word' id='word_1_240' title='bbox 2673 1017 2880 1071; x_wconf 80' lang='lat' dir='ltr'><strong>exactis</strong></span> <span class='ocrx_word' id='word_1_241' title='bbox 2956 1020 3118 1075; x_wconf 88' lang='lat' dir='ltr'><strong>annis</strong></span> <span class='ocrx_word' id='word_1_242' title='bbox 3209 998 3442 1079; x_wconf 63' lang='lat' dir='ltr'><strong>centum</strong></span> 
     </span>
    </p>
   </div>
   <div class='ocr_carea' id='block_1_38' title="bbox 1866 1091 3444 1181">
    <p class='ocr_par' dir='ltr' id='par_1_38' title="bbox 1866 1091 3444 1181">
     <span class='ocr_line' id='line_1_38' title="bbox 1866 1091 3444 1181; baseline 0.018 -41"><span class='ocrx_word' id='word_1_243' title='bbox 1866 1091 2144 1157; x_wconf 84' lang='lat' dir='ltr'><strong>octoginta</strong></span> <span class='ocrx_word' id='word_1_244' title='bbox 2205 1094 2441 1161; x_wconf 87' lang='lat' dir='ltr'><strong>duobus,</strong></span> <span class='ocrx_word' id='word_1_245' title='bbox 2506 1108 2668 1157; x_wconf 86' lang='lat' dir='ltr'><strong>natus</strong></span> <span class='ocrx_word' id='word_1_246' title='bbox 2709 1113 2792 1158; x_wconf 87' lang='lat' dir='ltr'><strong>est</strong></span> <span class='ocrx_word' id='word_1_247' title='bbox 2829 1105 3016 1172; x_wconf 78' lang='lat' dir='ltr'><strong>Noah;</strong></span> <span class='ocrx_word' id='word_1_248' title='bbox 3072 1118 3245 1165; x_wconf 91' lang='lat' dir='ltr'><strong>totum</strong></span> <span class='ocrx_word' id='word_1_249' title='bbox 3314 1128 3444 1181; x_wconf 84' lang='lat' dir='ltr'><strong>ergo</strong></span> 
     </span>
    </p>
   </div>
   <div class='ocr_carea' id='block_1_39' title="bbox 1866 1180 3444 1266">
    <p class='ocr_par' dir='ltr' id='par_1_39' title="bbox 1866 1180 3444 1266">
     <span class='ocr_line' id='line_1_39' title="bbox 1866 1180 3444 1266; baseline 0.018 -33"><span class='ocrx_word' id='word_1_250' title='bbox 1866 1180 1976 1249; x_wconf 84' lang='lat'><strong>29</strong></span> <span class='ocrx_word' id='word_1_251' title='bbox 2010 1182 2112 1250; x_wconf 82' lang='lat'><strong>31</strong></span> <span class='ocrx_word' id='word_1_252' title='bbox 2172 1188 2315 1252; x_wconf 89' lang='lat' dir='ltr'><strong>quod</strong></span> <span class='ocrx_word' id='word_1_253' title='bbox 2349 1189 2481 1244; x_wconf 87' lang='lat' dir='ltr'><strong>vixit</strong></span> <span class='ocrx_word' id='word_1_254' title='bbox 2530 1190 2840 1252; x_wconf 86' lang='lat' dir='ltr'><strong>Lamecbus</strong></span> <span class='ocrx_word' id='word_1_255' title='bbox 2881 1201 3119 1266; x_wconf 88' lang='lat' dir='ltr'><strong>spatium</strong></span> <span class='ocrx_word' id='word_1_256' title='bbox 3172 1180 3444 1261; x_wconf 85' lang='lat' dir='ltr'><strong>annorum</strong></span> 
     </span>
    </p>
   </div>
   <div class='ocr_carea' id='block_1_40' title="bbox 1867 1270 3447 1361">
    <p class='ocr_par' dir='ltr' id='par_1_40' title="bbox 1867 1270 3447 1361">
     <span class='ocr_line' id='line_1_40' title="bbox 1867 1270 3447 1361; baseline 0.02 -40"><span class='ocrx_word' id='word_1_257' title='bbox 1867 1270 1969 1323; x_wconf 80' lang='lat' dir='ltr'><strong>fuit</strong></span> <span class='ocrx_word' id='word_1_258' title='bbox 2036 1279 2506 1345; x_wconf 85' lang='lat' dir='ltr'><strong>septingentorum</strong></span> <span class='ocrx_word' id='word_1_259' title='bbox 2560 1287 2905 1356; x_wconf 83' lang='lat' dir='ltr'><strong>septuaginta</strong></span> <span class='ocrx_word' id='word_1_260' title='bbox 2979 1303 3184 1361; x_wconf 86' lang='lat' dir='ltr'><strong>septem</strong></span> <span class='ocrx_word' id='word_1_261' title='bbox 3240 1312 3447 1351; x_wconf 89' lang='lat' dir='ltr'><strong>:anno</strong></span> 
     </span>
    </p>
   </div>
   <div class='ocr_carea' id='block_1_41' title="bbox 1863 1368 3443 1449">
    <p class='ocr_par' dir='ltr' id='par_1_41' title="bbox 1863 1368 3443 1449">
     <span class='ocr_line' id='line_1_41' title="bbox 1863 1368 3443 1449; baseline 0.018 -34"><span class='ocrx_word' id='word_1_262' title='bbox 1863 1373 2048 1417; x_wconf 89' lang='lat' dir='ltr'><strong>autem</strong></span> <span class='ocrx_word' id='word_1_263' title='bbox 2114 1368 2240 1422; x_wconf 76' lang='lat' dir='ltr'><strong>vitze</strong></span> <span class='ocrx_word' id='word_1_264' title='bbox 2292 1368 2552 1429; x_wconf 72' lang='lat' dir='ltr'><strong>Lana-chi</strong></span> <span class='ocrx_word' id='word_1_265' title='bbox 2630 1379 2847 1435; x_wconf 89' lang='lat' dir='ltr'><strong>decimo</strong></span> <span class='ocrx_word' id='word_1_266' title='bbox 2901 1385 3085 1449; x_wconf 90' lang='lat' dir='ltr'><strong>tertio,</strong></span> <span class='ocrx_word' id='word_1_267' title='bbox 3161 1388 3443 1443; x_wconf 88' lang='lat' dir='ltr'><strong>Enochum</strong></span> 
     </span>
    </p>
   </div>
   <div class='ocr_carea' id='block_1_42' title="bbox 1863 1458 3443 1549">
    <p class='ocr_par' dir='ltr' id='par_1_42' title="bbox 1863 1458 3443 1549">
     <span class='ocr_line' id='line_1_42' title="bbox 1863 1458 3443 1549; baseline 0.017 -40"><span class='ocrx_word' id='word_1_268' title='bbox 1863 1458 2094 1511; x_wconf 80' lang='lat' dir='ltr'><strong>electum</strong></span> <span class='ocrx_word' id='word_1_269' title='bbox 2126 1462 2191 1515; x_wconf 90' lang='lat' dir='ltr'><strong>ad</strong></span> <span class='ocrx_word' id='word_1_270' title='bbox 2226 1478 2284 1517; x_wconf 89' lang='lat' dir='ltr'><strong>se</strong></span> <span class='ocrx_word' id='word_1_271' title='bbox 2308 1469 2525 1520; x_wconf 90' lang='lat' dir='ltr'><strong>sustulit</strong></span> <span class='ocrx_word' id='word_1_272' title='bbox 2566 1470 2832 1531; x_wconf 89' lang='lat' dir='ltr'><strong>Dominus</strong></span> <span class='ocrx_word' id='word_1_273' title='bbox 2857 1476 3091 1546; x_wconf 80' lang='lat' dir='ltr'><strong>(Arabes</strong></span> <span class='ocrx_word' id='word_1_274' title='bbox 3112 1494 3244 1534; x_wconf 88' lang='lat' dir='ltr'><strong>vero</strong></span> <span class='ocrx_word' id='word_1_275' title='bbox 3267 1481 3443 1549; x_wconf 87' lang='lat' dir='ltr'><strong>ipsum</strong></span> 
     </span>
    </p>
   </div>
   <div class='ocr_carea' id='block_1_43' title="bbox 1866 1547 3442 1644">
    <p class='ocr_par' dir='ltr' id='par_1_43' title="bbox 1866 1547 3442 1644">
     <span class='ocr_line' id='line_1_43' title="bbox 1866 1547 3442 1644; baseline 0.02 -45"><span class='ocrx_word' id='word_1_276' title='bbox 1866 1547 2023 1604; x_wconf 85' lang='lat' dir='ltr'><strong>Edris</strong></span> <span class='ocrx_word' id='word_1_277' title='bbox 2054 1556 2295 1621; x_wconf 88' lang='lat' dir='ltr'><strong>vocant),</strong></span> <span class='ocrx_word' id='word_1_278' title='bbox 2340 1558 2647 1630; x_wconf 86' lang='lat' dir='ltr'><strong>habuitque</strong></span> <span class='ocrx_word' id='word_1_279' title='bbox 2684 1566 2958 1633; x_wconf 86' lang='lat' dir='ltr'><strong>Enocbus,</strong></span> <span class='ocrx_word' id='word_1_280' title='bbox 2996 1572 3217 1640; x_wconf 90' lang='lat' dir='ltr'><strong>quando</strong></span> <span class='ocrx_word' id='word_1_281' title='bbox 3263 1547 3442 1644; x_wconf 84' lang='lat' dir='ltr'><strong>ipsum</strong></span> 
     </span>
    </p>
   </div>
   <div class='ocr_carea' id='block_1_44' title="bbox 1863 1640 3442 1734">
    <p class='ocr_par' dir='ltr' id='par_1_44' title="bbox 1863 1640 3442 1734">
     <span class='ocr_line' id='line_1_44' title="bbox 1863 1640 3442 1734; baseline 0.018 -43"><span class='ocrx_word' id='word_1_282' title='bbox 1863 1640 1927 1693; x_wconf 92' lang='lat' dir='ltr'><strong>ad</strong></span> <span class='ocrx_word' id='word_1_283' title='bbox 1958 1657 2016 1695; x_wconf 90' lang='lat' dir='ltr'><strong>se</strong></span> <span class='ocrx_word' id='word_1_284' title='bbox 2045 1647 2249 1712; x_wconf 88' lang='lat' dir='ltr'><strong>recepit</strong></span> <span class='ocrx_word' id='word_1_285' title='bbox 2284 1650 2569 1715; x_wconf 85' lang='lat' dir='ltr'><strong>Dominus.</strong></span> <span class='ocrx_word' id='word_1_286' title='bbox 2597 1670 2774 1711; x_wconf 87' lang='lat' dir='ltr'><strong>annos</strong></span> <span class='ocrx_word' id='word_1_287' title='bbox 2806 1670 3114 1716; x_wconf 88' lang='lat' dir='ltr'><strong>tercentum</strong></span> <span class='ocrx_word' id='word_1_288' title='bbox 3159 1665 3442 1734; x_wconf 81' lang='lat' dir='ltr'><strong>sexaginta</strong></span> 
     </span>
    </p>
   </div>
   <div class='ocr_carea' id='block_1_45' title="bbox 1862 1734 3445 1816">
    <p class='ocr_par' dir='ltr' id='par_1_45' title="bbox 1862 1734 3445 1816">
     <span class='ocr_line' id='line_1_45' title="bbox 1862 1734 3445 1816; baseline 0.018 -34"><span class='ocrx_word' id='word_1_289' title='bbox 1862 1734 2125 1801; x_wconf 88' lang='lat' dir='ltr'><strong>quinque.</strong></span> <span class='ocrx_word' id='word_1_290' title='bbox 2160 1736 2499 1810; x_wconf 84' lang='lat' dir='ltr'><strong>Sublatoque</strong></span> <span class='ocrx_word' id='word_1_291' title='bbox 2528 1747 2641 1814; x_wconf 88' lang='lat' dir='ltr'><strong>jam</strong></span> <span class='ocrx_word' id='word_1_292' title='bbox 2678 1747 2930 1816; x_wconf 83' lang='lat' dir='ltr'><strong>Enocho,</strong></span> <span class='ocrx_word' id='word_1_293' title='bbox 2967 1752 3125 1807; x_wconf 86' lang='lat' dir='ltr'><strong>Kaiui</strong></span> <span class='ocrx_word' id='word_1_294' title='bbox 3170 1756 3445 1811; x_wconf 84' lang='lat' dir='ltr'><strong>maledicti</strong></span> 
     </span>
    </p>
   </div>
   <div class='ocr_carea' id='block_1_46' title="bbox 1864 1826 3445 1914">
    <p class='ocr_par' dir='ltr' id='par_1_46' title="bbox 1864 1826 3445 1914">
     <span class='ocr_line' id='line_1_46' title="bbox 1864 1826 3445 1914; baseline 0.018 -40"><span class='ocrx_word' id='word_1_295' title='bbox 1864 1826 2089 1889; x_wconf 78' lang='lat' dir='ltr'><strong>posteri,</strong></span> <span class='ocrx_word' id='word_1_296' title='bbox 2124 1843 2248 1883; x_wconf 88' lang='lat' dir='ltr'><strong>cum</strong></span> <span class='ocrx_word' id='word_1_297' title='bbox 2289 1832 2393 1887; x_wconf 90' lang='lat' dir='ltr'><strong>illis</strong></span> <span class='ocrx_word' id='word_1_298' title='bbox 2433 1834 2582 1890; x_wconf 83' lang='lat' dir='ltr'><strong>Sethi</strong></span> <span class='ocrx_word' id='word_1_299' title='bbox 2623 1839 2746 1895; x_wconf 89' lang='lat' dir='ltr'><strong>ﬁliis</strong></span> <span class='ocrx_word' id='word_1_300' title='bbox 2778 1844 2869 1909; x_wconf 90' lang='lat' dir='ltr'><strong>qui</strong></span> <span class='ocrx_word' id='word_1_301' title='bbox 2907 1844 2973 1898; x_wconf 90' lang='lat' dir='ltr'><strong>ad</strong></span> <span class='ocrx_word' id='word_1_302' title='bbox 3030 1845 3182 1914; x_wconf 88' lang='lat' dir='ltr'><strong>ipsos</strong></span> <span class='ocrx_word' id='word_1_303' title='bbox 3211 1848 3445 1902; x_wconf 81' lang='lat' dir='ltr'><strong>descen-</strong></span> 
     </span>
    </p>
   </div>
   <div class='ocr_carea' id='block_1_47' title="bbox 1802 1899 3444 2009">
    <p class='ocr_par' dir='ltr' id='par_1_47' title="bbox 1802 1899 3444 2009">
     <span class='ocr_line' id='line_1_47' title="bbox 1802 1899 3444 2009; baseline 0.018 -45"><span class='ocrx_word' id='word_1_304' title='bbox 1802 1899 1823 1952; x_wconf 58' lang='grc' dir='ltr'>ί</span> <span class='ocrx_word' id='word_1_305' title='bbox 1852 1916 2065 2009; x_wconf 74' lang='lat' dir='ltr'><strong>derant,</strong></span> <span class='ocrx_word' id='word_1_306' title='bbox 2098 1926 2475 1996; x_wconf 87' lang='lat' dir='ltr'><strong>unusquisque</strong></span> <span class='ocrx_word' id='word_1_307' title='bbox 2498 1932 2643 1999; x_wconf 89' lang='lat' dir='ltr'><strong>quod</strong></span> <span class='ocrx_word' id='word_1_308' title='bbox 2675 1932 2776 2000; x_wconf 92' lang='lat' dir='ltr'><strong>ipsi</strong></span> <span class='ocrx_word' id='word_1_309' title='bbox 2797 1899 3066 2003; x_wconf 57' lang='lat' dir='ltr'><strong>placeret:</strong></span> <span class='ocrx_word' id='word_1_310' title='bbox 3084 1899 3179 1993; x_wconf 85' lang='lat' dir='ltr'><strong>aut</strong></span> <span class='ocrx_word' id='word_1_311' title='bbox 3291 1899 3444 2009; x_wconf 73' lang='lat' dir='ltr'><strong>quod</strong></span> 
     </span>
    </p>
   </div>
   <div class='ocr_carea' id='block_1_48' title="bbox 1854 2003 3438 2098">
    <p class='ocr_par' dir='ltr' id='par_1_48' title="bbox 1854 2003 3438 2098">
     <span class='ocr_line' id='line_1_48' title="bbox 1854 2003 3438 2098; baseline 0.018 -41"><span class='ocrx_word' id='word_1_312' title='bbox 1854 2003 2158 2078; x_wconf 85' lang='lat' dir='ltr'><strong>inclinaret,</strong></span> <span class='ocrx_word' id='word_1_313' title='bbox 2184 2020 2654 2092; x_wconf 86' lang='lat' dir='ltr'><strong>propenderetque</strong></span> <span class='ocrx_word' id='word_1_314' title='bbox 2678 2027 2899 2082; x_wconf 90' lang='lat' dir='ltr'><strong>animus</strong></span> <span class='ocrx_word' id='word_1_315' title='bbox 2922 2029 3438 2098; x_wconf 87' lang='lat' dir='ltr'><strong>ipsius,coluerunt.</strong></span> 
     </span>
    </p>
   </div>
   <div class='ocr_carea' id='block_1_49' title="bbox 1928 2105 3439 2191">
    <p class='ocr_par' dir='ltr' id='par_1_49' title="bbox 1928 2105 3439 2191">
     <span class='ocr_line' id='line_1_49' title="bbox 1928 2105 3439 2191; baseline 0.014 -35"><span class='ocrx_word' id='word_1_316' title='bbox 1928 2105 2087 2159; x_wconf 85' lang='lat' dir='ltr'><strong>Anno</strong></span> <span class='ocrx_word' id='word_1_317' title='bbox 2134 2118 2312 2165; x_wconf 87' lang='lat' dir='ltr'><strong>autem</strong></span> <span class='ocrx_word' id='word_1_318' title='bbox 2380 2114 2502 2167; x_wconf 76' lang='lat' dir='ltr'><strong>vita:</strong></span> <span class='ocrx_word' id='word_1_319' title='bbox 2556 2115 2811 2174; x_wconf 80' lang='lat' dir='ltr'><strong>Lameclti</strong></span> <span class='ocrx_word' id='word_1_320' title='bbox 2861 2124 3206 2191; x_wconf 78' lang='lat' dir='ltr'><strong>sexagesimo</strong></span> <span class='ocrx_word' id='word_1_321' title='bbox 3259 2125 3439 2191; x_wconf 88' lang='lat' dir='ltr'><strong>primo</strong></span> 
     </span>
    </p>
   </div>
   <div class='ocr_carea' id='block_1_50' title="bbox 1855 2196 3438 2271">
    <p class='ocr_par' dir='ltr' id='par_1_50' title="bbox 1855 2196 3438 2271">
     <span class='ocr_line' id='line_1_50' title="bbox 1855 2196 3438 2271; baseline 0.015 -23"><span class='ocrx_word' id='word_1_322' title='bbox 1855 2196 1991 2251; x_wconf 88' lang='lat' dir='ltr'><strong>obiit</strong></span> <span class='ocrx_word' id='word_1_323' title='bbox 2029 2198 2265 2265; x_wconf 85' lang='lat' dir='ltr'><strong>Kaiuan,</strong></span> <span class='ocrx_word' id='word_1_324' title='bbox 2300 2202 2389 2258; x_wconf 89' lang='lat' dir='ltr'><strong>die</strong></span> <span class='ocrx_word' id='word_1_325' title='bbox 2412 2206 2671 2262; x_wconf 88' lang='lat' dir='ltr'><strong>Mercurii</strong></span> <span class='ocrx_word' id='word_1_326' title='bbox 2708 2210 2856 2265; x_wconf 90' lang='lat' dir='ltr'><strong>circa</strong></span> <span class='ocrx_word' id='word_1_327' title='bbox 2890 2214 3182 2267; x_wconf 83' lang='lat' dir='ltr'><strong>meridiem</strong></span> <span class='ocrx_word' id='word_1_328' title='bbox 3222 2216 3438 2271; x_wconf 88' lang='lat' dir='ltr'><strong>decimo</strong></span> 
     </span>
    </p>
   </div>
   <div class='ocr_carea' id='block_1_51' title="bbox 1856 2292 3442 2377">
    <p class='ocr_par' dir='ltr' id='par_1_51' title="bbox 1856 2292 3442 2377">
     <span class='ocr_line' id='line_1_51' title="bbox 1856 2292 3442 2377; baseline 0.012 -34"><span class='ocrx_word' id='word_1_329' title='bbox 1856 2293 2020 2345; x_wconf 88' lang='lat' dir='ltr'><strong>tertio</strong></span> <span class='ocrx_word' id='word_1_330' title='bbox 2080 2292 2367 2361; x_wconf 86' lang='lat' dir='ltr'><strong>llaziraui,</strong></span> <span class='ocrx_word' id='word_1_331' title='bbox 2409 2299 2612 2365; x_wconf 88' lang='lat' dir='ltr'><strong>quiest</strong></span> <span class='ocrx_word' id='word_1_332' title='bbox 2669 2300 2927 2368; x_wconf 86' lang='lat' dir='ltr'><strong>Baunab;</strong></span> <span class='ocrx_word' id='word_1_333' title='bbox 2976 2321 3137 2371; x_wconf 89' lang='lat' dir='ltr'><strong>quem</strong></span> <span class='ocrx_word' id='word_1_334' title='bbox 3191 2308 3442 2377; x_wconf 86' lang='lat' dir='ltr'><strong>myrrha,</strong></span> 
     </span>
    </p>
   </div>
   <div class='ocr_carea' id='block_1_52' title="bbox 1858 2386 3440 2470">
    <p class='ocr_par' dir='ltr' id='par_1_52' title="bbox 1858 2386 3440 2470">
     <span class='ocr_line' id='line_1_52' title="bbox 1858 2386 3440 2470; baseline 0.013 -33"><span class='ocrx_word' id='word_1_335' title='bbox 1858 2386 2018 2440; x_wconf 84' lang='lat' dir='ltr'><strong>thure</strong></span> <span class='ocrx_word' id='word_1_336' title='bbox 2066 2396 2120 2440; x_wconf 88' lang='lat' dir='ltr'><strong>et</strong></span> <span class='ocrx_word' id='word_1_337' title='bbox 2171 2389 2348 2443; x_wconf 86' lang='lat' dir='ltr'><strong>cassia</strong></span> <span class='ocrx_word' id='word_1_338' title='bbox 2408 2391 2727 2459; x_wconf 89' lang='lat' dir='ltr'><strong>pollinctum</strong></span> <span class='ocrx_word' id='word_1_339' title='bbox 2790 2396 3011 2465; x_wconf 90' lang='lat' dir='ltr'><strong>sepeliit</strong></span> <span class='ocrx_word' id='word_1_340' title='bbox 3066 2398 3215 2455; x_wconf 89' lang='lat' dir='ltr'><strong>lilius</strong></span> <span class='ocrx_word' id='word_1_341' title='bbox 3265 2400 3440 2470; x_wconf 81' lang='lat' dir='ltr'><strong>ipsius</strong></span> 
     </span>
    </p>
   </div>
   <div class='ocr_carea' id='block_1_53' title="bbox 1857 2478 3443 2564">
    <p class='ocr_par' dir='ltr' id='par_1_53' title="bbox 1857 2478 3443 2564">
     <span class='ocr_line' id='line_1_53' title="bbox 1857 2478 3443 2564; baseline 0.011 -33"><span class='ocrx_word' id='word_1_342' title='bbox 1857 2478 2129 2533; x_wconf 80' lang='lat' dir='ltr'><strong>Ilahlaliel</strong></span> <span class='ocrx_word' id='word_1_343' title='bbox 2191 2481 2242 2533; x_wconf 93' lang='lat' dir='ltr'><strong>in</strong></span> <span class='ocrx_word' id='word_1_344' title='bbox 2299 2484 2560 2547; x_wconf 84' lang='lat' dir='ltr'><strong>spelunca</strong></span> <span class='ocrx_word' id='word_1_345' title='bbox 2614 2486 2894 2549; x_wconf 79' lang='lat' dir='ltr'><strong>Aleanuz;</strong></span> <span class='ocrx_word' id='word_1_346' title='bbox 2944 2490 3238 2561; x_wconf 90' lang='lat' dir='ltr'><strong>ipsumque</strong></span> <span class='ocrx_word' id='word_1_347' title='bbox 3305 2508 3443 2564; x_wconf 89' lang='lat' dir='ltr'><strong>qua-</strong></span> 
     </span>
    </p>
   </div>
   <div class='ocr_carea' id='block_1_54' title="bbox 1859 2571 3443 2649">
    <p class='ocr_par' dir='ltr' id='par_1_54' title="bbox 1859 2571 3443 2649">
     <span class='ocr_line' id='line_1_54' title="bbox 1859 2571 3443 2649; baseline 0.011 -25"><span class='ocrx_word' id='word_1_348' title='bbox 1859 2571 2110 2640; x_wconf 85' lang='lat' dir='ltr'><strong>draginta</strong></span> <span class='ocrx_word' id='word_1_349' title='bbox 2173 2572 2291 2629; x_wconf 91' lang='lat' dir='ltr'><strong>dies</strong></span> <span class='ocrx_word' id='word_1_350' title='bbox 2339 2576 2687 2644; x_wconf 85' lang='lat' dir='ltr'><strong>planxerunt.</strong></span> <span class='ocrx_word' id='word_1_351' title='bbox 2722 2577 2980 2649; x_wconf 81' lang='lat' dir='ltr'><strong>Vixilque</strong></span> <span class='ocrx_word' id='word_1_352' title='bbox 3023 2582 3230 2638; x_wconf 85' lang='lat' dir='ltr'><strong>Kainan</strong></span> <span class='ocrx_word' id='word_1_353' title='bbox 3266 2600 3443 2641; x_wconf 92' lang='lat' dir='ltr'><strong>annos</strong></span> 
     </span>
    </p>
   </div>
   <div class='ocr_carea' id='block_1_55' title="bbox 1858 2664 3441 2738">
    <p class='ocr_par' dir='ltr' id='par_1_55' title="bbox 1858 2664 3441 2738">
     <span class='ocr_line' id='line_1_55' title="bbox 1858 2664 3441 2738; baseline 0.01 -21"><span class='ocrx_word' id='word_1_354' title='bbox 1858 2664 2047 2719; x_wconf 80' lang='lat' dir='ltr'><strong>decem</strong></span> <span class='ocrx_word' id='word_1_355' title='bbox 2107 2666 2251 2720; x_wconf 91' lang='lat' dir='ltr'><strong>ultra</strong></span> <span class='ocrx_word' id='word_1_356' title='bbox 2312 2678 2647 2738; x_wconf 78' lang='lat' dir='ltr'><strong>nongentos.</strong></span> <span class='ocrx_word' id='word_1_357' title='bbox 2702 2670 2928 2737; x_wconf 86' lang='lat' dir='ltr'><strong>Noaho,</strong></span> <span class='ocrx_word' id='word_1_358' title='bbox 2984 2691 3109 2729; x_wconf 89' lang='lat' dir='ltr'><strong>cum</strong></span> <span class='ocrx_word' id='word_1_359' title='bbox 3170 2693 3441 2733; x_wconf 89' lang='lat' dir='ltr'><strong>annorum</strong></span> 
     </span>
    </p>
   </div>
   <div class='ocr_carea' id='block_1_56' title="bbox 1857 2758 3441 2838">
    <p class='ocr_par' dir='ltr' id='par_1_56' title="bbox 1857 2758 3441 2838">
     <span class='ocr_line' id='line_1_56' title="bbox 1857 2758 3441 2838; baseline 0.01 -29"><span class='ocrx_word' id='word_1_360' title='bbox 1857 2766 2003 2809; x_wconf 87' lang='lat' dir='ltr'><strong>esset</strong></span> <span class='ocrx_word' id='word_1_361' title='bbox 2036 2758 2491 2827; x_wconf 85' lang='lat' dir='ltr'><strong>quingentorum,</strong></span> <span class='ocrx_word' id='word_1_362' title='bbox 2532 2764 2645 2816; x_wconf 91' lang='lat' dir='ltr'><strong>nati</strong></span> <span class='ocrx_word' id='word_1_363' title='bbox 2691 2776 2821 2819; x_wconf 90' lang='lat' dir='ltr'><strong>sunt</strong></span> <span class='ocrx_word' id='word_1_364' title='bbox 2870 2774 2984 2821; x_wconf 88' lang='lat' dir='ltr'><strong>tres</strong></span> <span class='ocrx_word' id='word_1_365' title='bbox 3033 2768 3149 2833; x_wconf 89' lang='lat' dir='ltr'><strong>ﬁlii,</strong></span> <span class='ocrx_word' id='word_1_366' title='bbox 3207 2786 3441 2838; x_wconf 88' lang='lat' dir='ltr'><strong>quorum</strong></span> 
     </span>
    </p>
   </div>
   <div class='ocr_carea' id='block_1_57' title="bbox 1862 2847 3442 2926">
    <p class='ocr_par' dir='ltr' id='par_1_57' title="bbox 1862 2847 3442 2926">
     <span class='ocr_line' id='line_1_57' title="bbox 1862 2847 3442 2926; baseline 0.012 -28"><span class='ocrx_word' id='word_1_367' title='bbox 1862 2847 2124 2915; x_wconf 86' lang='lat' dir='ltr'><strong>majorem</strong></span> <span class='ocrx_word' id='word_1_368' title='bbox 2176 2851 2467 2918; x_wconf 83' lang='lat' dir='ltr'><strong>appellavit</strong></span> <span class='ocrx_word' id='word_1_369' title='bbox 2527 2852 2776 2917; x_wconf 87' lang='lat' dir='ltr'><strong>Semum,</strong></span> <span class='ocrx_word' id='word_1_370' title='bbox 2829 2858 3132 2913; x_wconf 89' lang='lat' dir='ltr'><strong>secundum</strong></span> <span class='ocrx_word' id='word_1_371' title='bbox 3183 2858 3442 2926; x_wconf 85' lang='lat' dir='ltr'><strong>Hamum,</strong></span> 
     </span>
    </p>
   </div>
   <div class='ocr_carea' id='block_1_58' title="bbox 1863 2941 3444 3024">
    <p class='ocr_par' dir='ltr' id='par_1_58' title="bbox 1863 2941 3444 3024">
     <span class='ocr_line' id='line_1_58' title="bbox 1863 2941 3444 3024; baseline 0.01 -33"><span class='ocrx_word' id='word_1_372' title='bbox 1863 2941 2085 2995; x_wconf 90' lang='lat' dir='ltr'><strong>tertium</strong></span> <span class='ocrx_word' id='word_1_373' title='bbox 2124 2941 2441 3010; x_wconf 85' lang='lat' dir='ltr'><strong>.laphetum.</strong></span> <span class='ocrx_word' id='word_1_374' title='bbox 2491 2944 2689 3000; x_wconf 91' lang='lat' dir='ltr'><strong>Totum</strong></span> <span class='ocrx_word' id='word_1_375' title='bbox 2719 2957 2900 3003; x_wconf 85' lang='lat' dir='ltr'><strong>autent</strong></span> <span class='ocrx_word' id='word_1_376' title='bbox 2955 2952 3079 3005; x_wconf 81' lang='lat' dir='ltr'><strong>vitae</strong></span> <span class='ocrx_word' id='word_1_377' title='bbox 3123 2951 3272 3007; x_wconf 81' lang='lat' dir='ltr'><strong>Noah</strong></span> <span class='ocrx_word' id='word_1_378' title='bbox 3313 2970 3444 3024; x_wconf 88' lang='lat' dir='ltr'><strong>spa-</strong></span> 
     </span>
    </p>
   </div>
   <div class='ocr_carea' id='block_1_59' title="bbox 1863 3033 3445 3116">
    <p class='ocr_par' dir='ltr' id='par_1_59' title="bbox 1863 3033 3445 3116">
     <span class='ocr_line' id='line_1_59' title="bbox 1863 3033 3445 3116; baseline 0.012 -33"><span class='ocrx_word' id='word_1_379' title='bbox 1863 3033 1997 3085; x_wconf 90' lang='lat' dir='ltr'><strong>tium</strong></span> <span class='ocrx_word' id='word_1_380' title='bbox 2052 3033 2154 3087; x_wconf 83' lang='lat' dir='ltr'><strong>luit</strong></span> <span class='ocrx_word' id='word_1_381' title='bbox 2206 3048 2479 3089; x_wconf 90' lang='lat' dir='ltr'><strong>annorum</strong></span> <span class='ocrx_word' id='word_1_382' title='bbox 2531 3050 2940 3108; x_wconf 89' lang='lat' dir='ltr'><strong>nongentorum</strong></span> <span class='ocrx_word' id='word_1_383' title='bbox 2996 3045 3445 3116; x_wconf 83' lang='lat' dir='ltr'><strong>quinquaginta,</strong></span> 
     </span>
    </p>
   </div>
   <div class='ocr_carea' id='block_1_60' title="bbox 1866 3125 3446 3197">
    <p class='ocr_par' dir='ltr' id='par_1_60' title="bbox 1866 3125 3446 3197">
     <span class='ocr_line' id='line_1_60' title="bbox 1866 3125 3446 3197; baseline 0.011 -22"><span class='ocrx_word' id='word_1_384' title='bbox 1866 3138 2119 3192; x_wconf 85' lang='lat' dir='ltr'><strong>annoque</strong></span> <span class='ocrx_word' id='word_1_385' title='bbox 2146 3125 2433 3181; x_wconf 87' lang='lat' dir='ltr'><strong>tricesimo</strong></span> <span class='ocrx_word' id='word_1_386' title='bbox 2464 3142 2664 3197; x_wconf 90' lang='lat' dir='ltr'><strong>quarto</strong></span> <span class='ocrx_word' id='word_1_387' title='bbox 2697 3132 2823 3184; x_wconf 71' lang='lat' dir='ltr'><strong>vita:</strong></span> <span class='ocrx_word' id='word_1_388' title='bbox 2855 3131 3028 3188; x_wconf 89' lang='lat' dir='ltr'><strong>Noahi</strong></span> <span class='ocrx_word' id='word_1_389' title='bbox 3074 3136 3209 3191; x_wconf 90' lang='lat' dir='ltr'><strong>obiit</strong></span> <span class='ocrx_word' id='word_1_390' title='bbox 3239 3137 3446 3192; x_wconf 63' lang='lat' dir='ltr'><strong>Mahlao</strong></span> 
     </span>
    </p>
   </div>
   <div class='ocr_carea' id='block_1_61' title="bbox 173 3216 1755 3299">
    <p class='ocr_par' dir='ltr' id='par_1_61' title="bbox 173 3222 1755 3295">
     <span class='ocr_line' id='line_1_61' title="bbox 173 3222 1755 3295; baseline 0.011 -31"><span class='ocrx_word' id='word_1_391' title='bbox 173 3224 417 3269; x_wconf 87' lang='lat' dir='ltr'><strong>montem</strong></span> <span class='ocrx_word' id='word_1_392' title='bbox 467 3226 717 3271; x_wconf 88' lang='lat' dir='ltr'><strong>sanctum</strong></span> <span class='ocrx_word' id='word_1_393' title='bbox 781 3222 1116 3287; x_wconf 86' lang='lat' dir='ltr'><strong>ascendere,</strong></span> <span class='ocrx_word' id='word_1_394' title='bbox 1183 3224 1310 3279; x_wconf 79' lang='lat' dir='ltr'><strong>laeti</strong></span> <span class='ocrx_word' id='word_1_395' title='bbox 1366 3236 1495 3281; x_wconf 89' lang='lat' dir='ltr'><strong>sunt</strong></span> <span class='ocrx_word' id='word_1_396' title='bbox 1549 3228 1755 3295; x_wconf 88' lang='lat' dir='ltr'><strong>lapides</strong></span> 
     </span>
    </p>
   </div>
   <div class='ocr_carea' id='block_1_62' title="bbox 1860 3216 3443 3299">
    <p class='ocr_par' dir='ltr' id='par_1_62' title="bbox 1865 3216 3443 3299">
     <span class='ocr_line' id='line_1_62' title="bbox 1865 3216 3443 3299; baseline 0.009 -30"><span class='ocrx_word' id='word_1_397' title='bbox 1865 3216 1976 3277; x_wconf 86' lang='lat' dir='ltr'><strong>liel,</strong></span> <span class='ocrx_word' id='word_1_398' title='bbox 2015 3217 2102 3271; x_wconf 91' lang='lat' dir='ltr'><strong>die</strong></span> <span class='ocrx_word' id='word_1_399' title='bbox 2138 3219 2293 3280; x_wconf 85' lang='lat' dir='ltr'><strong>solis,</strong></span> <span class='ocrx_word' id='word_1_400' title='bbox 2334 3220 2465 3273; x_wconf 87' lang='lat' dir='ltr'><strong>hora</strong></span> <span class='ocrx_word' id='word_1_401' title='bbox 2502 3220 2609 3274; x_wconf 92' lang='lat' dir='ltr'><strong>diei</strong></span> <span class='ocrx_word' id='word_1_402' title='bbox 2654 3224 2814 3276; x_wconf 87' lang='lat' dir='ltr'><strong>tertia</strong></span> <span class='ocrx_word' id='word_1_403' title='bbox 2866 3235 3065 3280; x_wconf 89' lang='lat' dir='ltr'><strong>exacto</strong></span> <span class='ocrx_word' id='word_1_404' title='bbox 3092 3226 3278 3282; x_wconf 85' lang='lat' dir='ltr'><strong>Nisani</strong></span> <span class='ocrx_word' id='word_1_405' title='bbox 3313 3228 3443 3299; x_wconf 92' lang='lat' dir='ltr'><strong>(qui</strong></span> 
     </span>
    </p>
   </div>
   <div class='ocr_carea' id='block_1_63' title="bbox 173 3308 1764 3388">
    <p class='ocr_par' dir='ltr' id='par_1_63' title="bbox 173 3308 1764 3388">
     <span class='ocr_line' id='line_1_63' title="bbox 173 3308 1764 3388; baseline 0.009 -30"><span class='ocrx_word' id='word_1_406' title='bbox 173 3308 383 3361; x_wconf 88' lang='lat' dir='ltr'><strong>montis</strong></span> <span class='ocrx_word' id='word_1_407' title='bbox 440 3309 605 3379; x_wconf 83' lang='lat' dir='ltr'><strong>ignis,</strong></span> <span class='ocrx_word' id='word_1_408' title='bbox 662 3312 733 3365; x_wconf 90' lang='lat' dir='ltr'><strong>ita</strong></span> <span class='ocrx_word' id='word_1_409' title='bbox 774 3322 833 3365; x_wconf 91' lang='lat' dir='ltr'><strong>ut</strong></span> <span class='ocrx_word' id='word_1_410' title='bbox 884 3315 1042 3368; x_wconf 93' lang='lat' dir='ltr'><strong>nullo</strong></span> <span class='ocrx_word' id='word_1_411' title='bbox 1082 3316 1245 3370; x_wconf 90' lang='lat' dir='ltr'><strong>modo</strong></span> <span class='ocrx_word' id='word_1_412' title='bbox 1278 3328 1488 3386; x_wconf 84' lang='lat' dir='ltr'><strong>pateret</strong></span> <span class='ocrx_word' id='word_1_413' title='bbox 1542 3318 1677 3388; x_wconf 77' lang='lat' dir='ltr'><strong>ipsis</strong></span> <span class='ocrx_word' id='word_1_414' title='bbox 1711 3321 1764 3373; x_wconf 92' lang='lat' dir='ltr'><strong>iu</strong></span> 
     </span>
    </p>
   </div>
   <div class='ocr_carea' id='block_1_64' title="bbox 171 3405 1766 3480">
    <p class='ocr_par' dir='ltr' id='par_1_64' title="bbox 171 3405 1766 3480">
     <span class='ocr_line' id='line_1_64' title="bbox 171 3405 1766 3480; baseline 0.008 -27"><span class='ocrx_word' id='word_1_415' title='bbox 171 3411 420 3457; x_wconf 88' lang='lat' dir='ltr'><strong>montem</strong></span> <span class='ocrx_word' id='word_1_416' title='bbox 458 3405 687 3461; x_wconf 87' lang='lat' dir='ltr'><strong>reditus.</strong></span> <span class='ocrx_word' id='word_1_417' title='bbox 728 3407 932 3461; x_wconf 84' lang='lat' dir='ltr'><strong>Deinde</strong></span> <span class='ocrx_word' id='word_1_418' title='bbox 986 3419 1275 3469; x_wconf 74' lang='lat' dir='ltr'><strong>cmoerunt</strong></span> <span class='ocrx_word' id='word_1_419' title='bbox 1327 3412 1416 3464; x_wconf 73' lang='lat' dir='ltr'><strong>alii</strong></span> <span class='ocrx_word' id='word_1_420' title='bbox 1455 3420 1576 3480; x_wconf 80' lang='lat' dir='ltr'><strong>post</strong></span> <span class='ocrx_word' id='word_1_421' title='bbox 1629 3414 1766 3465; x_wconf 86' lang='lat' dir='ltr'><strong>alios</strong></span> 
     </span>
    </p>
   </div>
   <div class='ocr_carea' id='block_1_65' title="bbox 172 3498 1762 3558">
    <p class='ocr_par' dir='ltr' id='par_1_65' title="bbox 172 3498 1762 3558">
     <span class='ocr_line' id='line_1_65' title="bbox 172 3498 1762 3558; baseline 0.004 -8"><span class='ocrx_word' id='word_1_422' title='bbox 172 3498 237 3550; x_wconf 89' lang='lat' dir='ltr'><strong>de</strong></span> <span class='ocrx_word' id='word_1_423' title='bbox 280 3508 473 3552; x_wconf 88' lang='lat' dir='ltr'><strong>monte</strong></span> <span class='ocrx_word' id='word_1_424' title='bbox 524 3508 715 3553; x_wconf 88' lang='lat' dir='ltr'><strong>sancto</strong></span> <span class='ocrx_word' id='word_1_425' title='bbox 764 3501 1101 3556; x_wconf 84' lang='lat' dir='ltr'><strong>descendere</strong></span> <span class='ocrx_word' id='word_1_426' title='bbox 1147 3504 1213 3558; x_wconf 90' lang='lat' dir='ltr'><strong>ad</strong></span> <span class='ocrx_word' id='word_1_427' title='bbox 1258 3504 1418 3557; x_wconf 73' lang='grc' dir='ltr'><strong>ΚειῙηί</strong></span> <span class='ocrx_word' id='word_1_428' title='bbox 1481 3505 1762 3558; x_wconf 87' lang='lat' dir='ltr'><strong>maledicti</strong></span> 
     </span>
    </p>
   </div>
   <div class='ocr_carea' id='block_1_66' title="bbox 172 3589 1757 3663">
    <p class='ocr_par' dir='ltr' id='par_1_66' title="bbox 172 3589 1757 3663">
     <span class='ocr_line' id='line_1_66' title="bbox 172 3589 1757 3663; baseline 0.006 -21"><span class='ocrx_word' id='word_1_429' title='bbox 172 3589 333 3643; x_wconf 84' lang='lat' dir='ltr'><strong>ﬁlias.</strong></span> <span class='ocrx_word' id='word_1_430' title='bbox 363 3590 501 3643; x_wconf 89' lang='lat' dir='ltr'><strong>Cum</strong></span> <span class='ocrx_word' id='word_1_431' title='bbox 539 3607 671 3661; x_wconf 88' lang='lat' dir='ltr'><strong>ergo</strong></span> <span class='ocrx_word' id='word_1_432' title='bbox 705 3592 814 3660; x_wconf 86' lang='lat' dir='ltr'><strong>jam</strong></span> <span class='ocrx_word' id='word_1_433' title='bbox 850 3596 1320 3663; x_wconf 85' lang='lat' dir='ltr'><strong>appropinquaret</strong></span> <span class='ocrx_word' id='word_1_434' title='bbox 1349 3595 1532 3651; x_wconf 87' lang='lat' dir='ltr'><strong>Jaredi</strong></span> <span class='ocrx_word' id='word_1_435' title='bbox 1587 3613 1757 3657; x_wconf 85' lang='lat' dir='ltr'><strong>mors.</strong></span> 
     </span>
    </p>
   </div>
   <div class='ocr_carea' id='block_1_67' title="bbox 171 3682 1762 3749">
    <p class='ocr_par' dir='ltr' id='par_1_67' title="bbox 171 3682 1762 3749">
     <span class='ocr_line' id='line_1_67' title="bbox 171 3682 1762 3749; baseline 0.008 -18"><span class='ocrx_word' id='word_1_436' title='bbox 171 3686 498 3735; x_wconf 82' lang='lat' dir='ltr'><strong>convocatis</strong></span> <span class='ocrx_word' id='word_1_437' title='bbox 543 3682 653 3736; x_wconf 91' lang='lat' dir='ltr'><strong>ﬁlio</strong></span> <span class='ocrx_word' id='word_1_438' title='bbox 678 3698 779 3738; x_wconf 93' lang='lat' dir='ltr'><strong>suo</strong></span> <span class='ocrx_word' id='word_1_439' title='bbox 822 3684 1071 3749; x_wconf 89' lang='lat' dir='ltr'><strong>Enocho,</strong></span> <span class='ocrx_word' id='word_1_440' title='bbox 1126 3688 1334 3742; x_wconf 84' lang='lat' dir='ltr'><strong>Enochi</strong></span> <span class='ocrx_word' id='word_1_441' title='bbox 1387 3688 1762 3745; x_wconf 82' lang='lat' dir='ltr'><strong>Mathusbale-</strong></span> 
     </span>
    </p>
   </div>
   <div class='ocr_carea' id='block_1_68' title="bbox 171 3772 1759 3847">
    <p class='ocr_par' dir='ltr' id='par_1_68' title="bbox 171 3772 1759 3847">
     <span class='ocr_line' id='line_1_68' title="bbox 171 3772 1759 3847; baseline 0.006 -24"><span class='ocrx_word' id='word_1_442' title='bbox 171 3773 297 3835; x_wconf 73' lang='lat' dir='ltr'><strong>rho,</strong></span> <span class='ocrx_word' id='word_1_443' title='bbox 343 3772 779 3830; x_wconf 77' lang='lat' dir='ltr'><strong>Mathushalechi</strong></span> <span class='ocrx_word' id='word_1_444' title='bbox 809 3777 1104 3840; x_wconf 82' lang='lat' dir='ltr'><strong>Lamecho.</strong></span> <span class='ocrx_word' id='word_1_445' title='bbox 1140 3792 1194 3835; x_wconf 88' lang='lat' dir='ltr'><strong>et</strong></span> <span class='ocrx_word' id='word_1_446' title='bbox 1236 3781 1493 3837; x_wconf 84' lang='lat' dir='ltr'><strong>Lamechi</strong></span> <span class='ocrx_word' id='word_1_447' title='bbox 1548 3784 1759 3847; x_wconf 66' lang='lat' dir='ltr'><strong>Noalto,</strong></span> 
     </span>
    </p>
   </div>
   <div class='ocr_carea' id='block_1_69' title="bbox 169 3858 1760 3943">
    <p class='ocr_par' dir='ltr' id='par_1_69' title="bbox 169 3858 1760 3943">
     <span class='ocr_line' id='line_1_69' title="bbox 169 3858 1760 3943; baseline 0.008 -29"><span class='ocrx_word' id='word_1_448' title='bbox 169 3864 304 3915; x_wconf 75' lang='lat' dir='ltr'><strong>dixit</strong></span> <span class='ocrx_word' id='word_1_449' title='bbox 346 3858 503 3935; x_wconf 78' lang='lat'><strong>:28</strong></span> <span class='ocrx_word' id='word_1_450' title='bbox 541 3867 741 3921; x_wconf 84' lang='lat' dir='ltr'><strong>Cavete</strong></span> <span class='ocrx_word' id='word_1_451' title='bbox 797 3886 863 3923; x_wconf 91' lang='lat' dir='ltr'><strong>ne</strong></span> <span class='ocrx_word' id='word_1_452' title='bbox 908 3872 1203 3925; x_wconf 85' lang='lat' dir='ltr'><strong>descendat</strong></span> <span class='ocrx_word' id='word_1_453' title='bbox 1248 3882 1492 3927; x_wconf 82' lang='lat' dir='ltr'><strong>vestrum</strong></span> <span class='ocrx_word' id='word_1_454' title='bbox 1533 3877 1655 3943; x_wconf 87' lang='lat' dir='ltr'><strong>quis</strong></span> <span class='ocrx_word' id='word_1_455' title='bbox 1694 3876 1760 3929; x_wconf 84' lang='lat' dir='ltr'><strong>de</strong></span> 
     </span>
    </p>
   </div>
   <div class='ocr_carea' id='block_1_70' title="bbox 172 3957 1760 4032">
    <p class='ocr_par' dir='ltr' id='par_1_70' title="bbox 172 3957 1760 4032">
     <span class='ocr_line' id='line_1_70' title="bbox 172 3957 1760 4032; baseline 0.009 -27"><span class='ocrx_word' id='word_1_456' title='bbox 172 3963 362 4007; x_wconf 82' lang='lat' dir='ltr'><strong>monte</strong></span> <span class='ocrx_word' id='word_1_457' title='bbox 393 3957 495 4009; x_wconf 90' lang='lat' dir='ltr'><strong>hoc</strong></span> <span class='ocrx_word' id='word_1_458' title='bbox 522 3966 735 4011; x_wconf 87' lang='lat' dir='ltr'><strong>sancto.</strong></span> <span class='ocrx_word' id='word_1_459' title='bbox 772 3958 894 4011; x_wconf 83' lang='lat' dir='ltr'><strong>Filii</strong></span> <span class='ocrx_word' id='word_1_460' title='bbox 942 3962 1088 4014; x_wconf 90' lang='lat' dir='ltr'><strong>enim</strong></span> <span class='ocrx_word' id='word_1_461' title='bbox 1126 3964 1292 4016; x_wconf 81' lang='lat' dir='ltr'><strong>vestri</strong></span> <span class='ocrx_word' id='word_1_462' title='bbox 1351 3965 1489 4032; x_wconf 66' lang='lat' dir='ltr'><strong>lapsi</strong></span> <span class='ocrx_word' id='word_1_463' title='bbox 1542 3976 1668 4019; x_wconf 87' lang='lat' dir='ltr'><strong>sunt</strong></span> <span class='ocrx_word' id='word_1_464' title='bbox 1708 3977 1760 4019; x_wconf 88' lang='lat' dir='ltr'><strong>et</strong></span> 
     </span>
    </p>
   </div>
   <div class='ocr_carea' id='block_1_71' title="bbox 173 4046 1756 4123">
    <p class='ocr_par' dir='ltr' id='par_1_71' title="bbox 173 4046 1756 4123">
     <span class='ocr_line' id='line_1_71' title="bbox 173 4046 1756 4123; baseline 0.007 -27"><span class='ocrx_word' id='word_1_465' title='bbox 173 4046 489 4110; x_wconf 84' lang='lat' dir='ltr'><strong>perierunt.</strong></span> <span class='ocrx_word' id='word_1_466' title='bbox 522 4047 659 4101; x_wconf 89' lang='lat' dir='ltr'><strong>Novi</strong></span> <span class='ocrx_word' id='word_1_467' title='bbox 682 4058 863 4102; x_wconf 82' lang='lat' dir='ltr'><strong>autem</strong></span> <span class='ocrx_word' id='word_1_468' title='bbox 894 4052 1059 4104; x_wconf 84' lang='lat' dir='ltr'><strong>Deum</strong></span> <span class='ocrx_word' id='word_1_469' title='bbox 1089 4060 1363 4119; x_wconf 80' lang='lat' dir='ltr'><strong>potentem</strong></span> <span class='ocrx_word' id='word_1_470' title='bbox 1390 4054 1756 4123; x_wconf 83' lang='lat' dir='ltr'><strong>etgloriosum</strong></span> 
     </span>
    </p>
   </div>
   <div class='ocr_carea' id='block_1_72' title="bbox 172 4138 1759 4215">
    <p class='ocr_par' dir='ltr' id='par_1_72' title="bbox 172 4138 1759 4215">
     <span class='ocr_line' id='line_1_72' title="bbox 172 4138 1759 4215; baseline 0.009 -28"><span class='ocrx_word' id='word_1_471' title='bbox 172 4151 281 4188; x_wconf 85' lang='lat' dir='ltr'><strong>non</strong></span> <span class='ocrx_word' id='word_1_472' title='bbox 314 4138 641 4192; x_wconf 88' lang='lat' dir='ltr'><strong>relicturum</strong></span> <span class='ocrx_word' id='word_1_473' title='bbox 675 4156 773 4193; x_wconf 89' lang='lat' dir='ltr'><strong>vos</strong></span> <span class='ocrx_word' id='word_1_474' title='bbox 800 4142 851 4193; x_wconf 91' lang='lat' dir='ltr'><strong>in</strong></span> <span class='ocrx_word' id='word_1_475' title='bbox 893 4143 992 4195; x_wconf 87' lang='lat' dir='ltr'><strong>hoc</strong></span> <span class='ocrx_word' id='word_1_476' title='bbox 1030 4154 1215 4198; x_wconf 89' lang='lat' dir='ltr'><strong>monte</strong></span> <span class='ocrx_word' id='word_1_477' title='bbox 1248 4155 1460 4199; x_wconf 86' lang='lat' dir='ltr'><strong>sancto.</strong></span> <span class='ocrx_word' id='word_1_478' title='bbox 1494 4146 1759 4215; x_wconf 86' lang='lat' dir='ltr'><strong>Quisquis</strong></span> 
     </span>
    </p>
   </div>
   <div class='ocr_carea' id='block_1_73' title="bbox 170 4233 1755 4299">
    <p class='ocr_par' dir='ltr' id='par_1_73' title="bbox 170 4233 1755 4299">
     <span class='ocr_line' id='line_1_73' title="bbox 170 4233 1755 4299; baseline 0.008 -20"><span class='ocrx_word' id='word_1_479' title='bbox 170 4246 300 4296; x_wconf 72' lang='lat' dir='ltr'><strong>ergo</strong></span> <span class='ocrx_word' id='word_1_480' title='bbox 336 4238 581 4283; x_wconf 86' lang='lat' dir='ltr'><strong>vestrum</strong></span> <span class='ocrx_word' id='word_1_481' title='bbox 624 4248 688 4285; x_wconf 84' lang='lat' dir='ltr'><strong>ex</strong></span> <span class='ocrx_word' id='word_1_482' title='bbox 725 4233 827 4286; x_wconf 90' lang='lat' dir='ltr'><strong>hoc</strong></span> <span class='ocrx_word' id='word_1_483' title='bbox 871 4235 990 4288; x_wconf 88' lang='lat' dir='ltr'><strong>loco</strong></span> <span class='ocrx_word' id='word_1_484' title='bbox 1016 4236 1353 4299; x_wconf 89' lang='lat' dir='ltr'><strong>discesserit,</strong></span> <span class='ocrx_word' id='word_1_485' title='bbox 1390 4238 1539 4292; x_wconf 90' lang='lat' dir='ltr'><strong>tollat</strong></span> <span class='ocrx_word' id='word_1_486' title='bbox 1568 4255 1755 4293; x_wconf 80' lang='lat' dir='ltr'><strong>secum</strong></span> 
     </span>
    </p>
   </div>
   <div class='ocr_carea' id='block_1_74' title="bbox 172 4321 1758 4397">
    <p class='ocr_par' dir='ltr' id='par_1_74' title="bbox 172 4321 1758 4397">
     <span class='ocr_line' id='line_1_74' title="bbox 172 4321 1758 4397; baseline 0.006 -22"><span class='ocrx_word' id='word_1_487' title='bbox 172 4337 377 4389; x_wconf 85' lang='lat' dir='ltr'><strong>corpus</strong></span> <span class='ocrx_word' id='word_1_488' title='bbox 408 4321 631 4385; x_wconf 78' lang='lat' dir='ltr'><strong>Adami,</strong></span> <span class='ocrx_word' id='word_1_489' title='bbox 660 4340 761 4377; x_wconf 87' lang='lat' dir='ltr'><strong>una</strong></span> <span class='ocrx_word' id='word_1_490' title='bbox 797 4341 921 4379; x_wconf 90' lang='lat' dir='ltr'><strong>cum</strong></span> <span class='ocrx_word' id='word_1_491' title='bbox 953 4328 1326 4384; x_wconf 79' lang='lat' dir='ltr'><strong>oblationibus</strong></span> <span class='ocrx_word' id='word_1_492' title='bbox 1373 4330 1517 4394; x_wconf 90' lang='lat' dir='ltr'><strong>istis,</strong></span> <span class='ocrx_word' id='word_1_493' title='bbox 1549 4334 1758 4397; x_wconf 85' lang='lat' dir='ltr'><strong>ipsum-</strong></span> 
     </span>
    </p>
   </div>
   <div class='ocr_carea' id='block_1_75' title="bbox 172 4412 1753 4486">
    <p class='ocr_par' dir='ltr' id='par_1_75' title="bbox 172 4412 1753 4486">
     <span class='ocr_line' id='line_1_75' title="bbox 172 4412 1753 4486; baseline 0.008 -23"><span class='ocrx_word' id='word_1_494' title='bbox 172 4429 280 4480; x_wconf 79' lang='lat' dir='ltr'><strong>que</strong></span> <span class='ocrx_word' id='word_1_495' title='bbox 309 4412 515 4465; x_wconf 84' lang='lat' dir='ltr'><strong>condat</strong></span> <span class='ocrx_word' id='word_1_496' title='bbox 548 4412 858 4483; x_wconf 79' lang='lat' dir='ltr'><strong>ubicunque</strong></span> <span class='ocrx_word' id='word_1_497' title='bbox 888 4416 1087 4470; x_wconf 77' lang='lat' dir='ltr'><strong>dixerit</strong></span> <span class='ocrx_word' id='word_1_498' title='bbox 1115 4418 1217 4486; x_wconf 92' lang='lat' dir='ltr'><strong>ipsi</strong></span> <span class='ocrx_word' id='word_1_499' title='bbox 1246 4420 1527 4473; x_wconf 89' lang='lat' dir='ltr'><strong>Dominus.</strong></span> <span class='ocrx_word' id='word_1_500' title='bbox 1555 4418 1753 4475; x_wconf 91' lang='lat' dir='ltr'><strong>Totum</strong></span> 
     </span>
    </p>
   </div>
   <div class='ocr_carea' id='block_1_76' title="bbox 173 4503 1754 4583">
    <p class='ocr_par' dir='ltr' id='par_1_76' title="bbox 173 4503 1754 4583">
     <span class='ocr_line' id='line_1_76' title="bbox 173 4503 1754 4583; baseline 0.006 -28"><span class='ocrx_word' id='word_1_501' title='bbox 173 4514 355 4558; x_wconf 88' lang='lat' dir='ltr'><strong>autem</strong></span> <span class='ocrx_word' id='word_1_502' title='bbox 385 4505 518 4558; x_wconf 71' lang='lat' dir='ltr'><strong>vitae</strong></span> <span class='ocrx_word' id='word_1_503' title='bbox 565 4503 746 4559; x_wconf 82' lang='lat' dir='ltr'><strong>Jaredi</strong></span> <span class='ocrx_word' id='word_1_504' title='bbox 782 4510 1019 4575; x_wconf 89' lang='lat' dir='ltr'><strong>spatium</strong></span> <span class='ocrx_word' id='word_1_505' title='bbox 1076 4525 1345 4563; x_wconf 91' lang='lat' dir='ltr'><strong>annorum</strong></span> <span class='ocrx_word' id='word_1_506' title='bbox 1374 4521 1491 4565; x_wconf 89' lang='lat' dir='ltr'><strong>erat</strong></span> <span class='ocrx_word' id='word_1_507' title='bbox 1511 4527 1754 4583; x_wconf 80' lang='lat' dir='ltr'><strong>nongen-</strong></span> 
     </span>
    </p>
   </div>
   <div class='ocr_carea' id='block_1_77' title="bbox 172 4598 1754 4665">
    <p class='ocr_par' dir='ltr' id='par_1_77' title="bbox 172 4598 1754 4665">
     <span class='ocr_line' id='line_1_77' title="bbox 172 4598 1754 4665; baseline 0.004 -15"><span class='ocrx_word' id='word_1_508' title='bbox 172 4608 352 4651; x_wconf 83' lang='lat' dir='ltr'><strong>turum</strong></span> <span class='ocrx_word' id='word_1_509' title='bbox 381 4598 668 4665; x_wconf 79' lang='lat' dir='ltr'><strong>sexaginta</strong></span> <span class='ocrx_word' id='word_1_510' title='bbox 712 4599 969 4654; x_wconf 87' lang='lat' dir='ltr'><strong>duorum.</strong></span> <span class='ocrx_word' id='word_1_511' title='bbox 1003 4600 1223 4655; x_wconf 87' lang='lat' dir='ltr'><strong>Euocho</strong></span> <span class='ocrx_word' id='word_1_512' title='bbox 1264 4618 1393 4657; x_wconf 87' lang='lat' dir='ltr'><strong>vero</strong></span> <span class='ocrx_word' id='word_1_513' title='bbox 1418 4618 1543 4657; x_wconf 92' lang='lat' dir='ltr'><strong>cum</strong></span> <span class='ocrx_word' id='word_1_514' title='bbox 1578 4619 1754 4658; x_wconf 89' lang='lat' dir='ltr'><strong>anno-</strong></span> 
     </span>
    </p>
   </div>
   <div class='ocr_carea' id='block_1_78' title="bbox 172 4694 1755 4765">
    <p class='ocr_par' dir='ltr' id='par_1_78' title="bbox 172 4694 1755 4765">
     <span class='ocr_line' id='line_1_78' title="bbox 172 4694 1755 4765; baseline 0.006 -22"><span class='ocrx_word' id='word_1_515' title='bbox 172 4709 290 4744; x_wconf 87' lang='lat' dir='ltr'><strong>rum</strong></span> <span class='ocrx_word' id='word_1_516' title='bbox 325 4698 476 4745; x_wconf 84' lang='lat' dir='ltr'><strong>esset</strong></span> <span class='ocrx_word' id='word_1_517' title='bbox 524 4700 743 4744; x_wconf 84' lang='lat' dir='ltr'><strong>centum</strong></span> <span class='ocrx_word' id='word_1_518' title='bbox 810 4694 1094 4763; x_wconf 77' lang='lat' dir='ltr'><strong>sexaginta</strong></span> <span class='ocrx_word' id='word_1_519' title='bbox 1147 4696 1413 4765; x_wconf 88' lang='lat' dir='ltr'><strong>quinque,</strong></span> <span class='ocrx_word' id='word_1_520' title='bbox 1474 4707 1634 4752; x_wconf 88' lang='lat' dir='ltr'><strong>natus</strong></span> <span class='ocrx_word' id='word_1_521' title='bbox 1673 4710 1755 4752; x_wconf 83' lang='lat' dir='ltr'><strong>cst</strong></span> 
     </span>
    </p>
   </div>
   <div class='ocr_carea' id='block_1_79' title="bbox 174 4782 1751 4852">
    <p class='ocr_par' dir='ltr' id='par_1_79' title="bbox 174 4782 1751 4852">
     <span class='ocr_line' id='line_1_79' title="bbox 174 4782 1751 4852; baseline 0.004 -17"><span class='ocrx_word' id='word_1_522' title='bbox 174 4782 624 4845; x_wconf 68' lang='lat' dir='ltr'><strong>.“rtllllISllaleL‘ll;</strong></span> <span class='ocrx_word' id='word_1_523' title='bbox 673 4797 926 4852; x_wconf 89' lang='lat' dir='ltr'><strong>annoque</strong></span> <span class='ocrx_word' id='word_1_524' title='bbox 1007 4784 1215 4839; x_wconf 85' lang='lat' dir='ltr'><strong>Enochi</strong></span> <span class='ocrx_word' id='word_1_525' title='bbox 1289 4788 1549 4841; x_wconf 89' lang='lat' dir='ltr'><strong>vicesimo</strong></span> <span class='ocrx_word' id='word_1_526' title='bbox 1615 4790 1751 4843; x_wconf 88' lang='lat' dir='ltr'><strong>obiit</strong></span> 
     </span>
    </p>
   </div>
   <div class='ocr_carea' id='block_1_80' title="bbox 173 4874 1752 4949">
    <p class='ocr_par' dir='ltr' id='par_1_80' title="bbox 173 4874 1752 4949">
     <span class='ocr_line' id='line_1_80' title="bbox 173 4874 1752 4949; baseline 0.001 -20"><span class='ocrx_word' id='word_1_527' title='bbox 173 4876 303 4929; x_wconf 82' lang='lat' dir='ltr'><strong>Seth</strong></span> <span class='ocrx_word' id='word_1_528' title='bbox 331 4876 420 4928; x_wconf 90' lang='lat' dir='ltr'><strong>die</strong></span> <span class='ocrx_word' id='word_1_529' title='bbox 455 4874 665 4938; x_wconf 80' lang='lat' dir='ltr'><strong>Martis,</strong></span> <span class='ocrx_word' id='word_1_530' title='bbox 704 4874 837 4928; x_wconf 90' lang='lat' dir='ltr'><strong>hora</strong></span> <span class='ocrx_word' id='word_1_531' title='bbox 868 4875 973 4929; x_wconf 91' lang='lat' dir='ltr'><strong>dici</strong></span> <span class='ocrx_word' id='word_1_532' title='bbox 1005 4892 1170 4940; x_wconf 86' lang='lat' dir='ltr'><strong>nona,</strong></span> <span class='ocrx_word' id='word_1_533' title='bbox 1202 4879 1470 4931; x_wconf 88' lang='lat' dir='ltr'><strong>vicesimo</strong></span> <span class='ocrx_word' id='word_1_534' title='bbox 1515 4883 1752 4949; x_wconf 71' lang='lat' dir='ltr'><strong>Septimo</strong></span> 
     </span>
    </p>
   </div>
   <div class='ocr_carea' id='block_1_81' title="bbox 174 4966 1752 5036">
    <p class='ocr_par' dir='ltr' id='par_1_81' title="bbox 174 4966 1752 5036">
     <span class='ocr_line' id='line_1_81' title="bbox 174 4966 1752 5036; baseline 0.004 -17"><span class='ocrx_word' id='word_1_535' title='bbox 174 4968 382 5022; x_wconf 82' lang='lat' dir='ltr'><strong>tuensis</strong></span> <span class='ocrx_word' id='word_1_536' title='bbox 436 4966 522 5020; x_wconf 80' lang='lat' dir='ltr'><strong>Ab</strong></span> <span class='ocrx_word' id='word_1_537' title='bbox 567 4967 682 5036; x_wconf 89' lang='lat' dir='ltr'><strong>(qui</strong></span> <span class='ocrx_word' id='word_1_538' title='bbox 730 4976 813 5023; x_wconf 87' lang='lat' dir='ltr'><strong>est</strong></span> <span class='ocrx_word' id='word_1_539' title='bbox 860 4968 1085 5035; x_wconf 66' lang='lat' dir='ltr'><strong>Mcshri)</strong></span> <span class='ocrx_word' id='word_1_540' title='bbox 1135 4984 1257 5022; x_wconf 85' lang='lat' dir='ltr'><strong>cum</strong></span> <span class='ocrx_word' id='word_1_541' title='bbox 1308 4971 1532 5025; x_wconf 76' lang='lat' dir='ltr'><strong>vixisset</strong></span> <span class='ocrx_word' id='word_1_542' title='bbox 1582 4989 1752 5025; x_wconf 85' lang='lat' dir='ltr'><strong>annos</strong></span> 
     </span>
    </p>
   </div>
   <div class='ocr_carea' id='block_1_82' title="bbox 172 5058 1751 5131">
    <p class='ocr_par' dir='ltr' id='par_1_82' title="bbox 172 5058 1751 5131">
     <span class='ocr_line' id='line_1_82' title="bbox 172 5058 1751 5131; baseline 0.001 -20"><span class='ocrx_word' id='word_1_543' title='bbox 172 5058 461 5113; x_wconf 85' lang='lat' dir='ltr'><strong>duodecim</strong></span> <span class='ocrx_word' id='word_1_544' title='bbox 484 5060 625 5114; x_wconf 92' lang='lat' dir='ltr'><strong>ultra</strong></span> <span class='ocrx_word' id='word_1_545' title='bbox 649 5071 970 5129; x_wconf 88' lang='lat' dir='ltr'><strong>nongentos,</strong></span> <span class='ocrx_word' id='word_1_546' title='bbox 993 5062 1281 5130; x_wconf 81' lang='lat' dir='ltr'><strong>ipsumque</strong></span> <span class='ocrx_word' id='word_1_547' title='bbox 1301 5064 1541 5131; x_wconf 79' lang='lat' dir='ltr'><strong>myrrha,</strong></span> <span class='ocrx_word' id='word_1_548' title='bbox 1566 5065 1751 5128; x_wconf 74' lang='lat' dir='ltr'><strong>lltllre,</strong></span> 
     </span>
    </p>
   </div>
   <div class='ocr_carea' id='block_1_83' title="bbox 174 5152 1747 5223">
    <p class='ocr_par' dir='ltr' id='par_1_83' title="bbox 174 5152 1747 5223">
     <span class='ocr_line' id='line_1_83' title="bbox 174 5152 1747 5223; baseline 0.003 -18"><span class='ocrx_word' id='word_1_549' title='bbox 174 5164 223 5205; x_wconf 85' lang='lat' dir='ltr'><strong>et</strong></span> <span class='ocrx_word' id='word_1_550' title='bbox 251 5152 429 5207; x_wconf 84' lang='lat' dir='ltr'><strong>cassia</strong></span> <span class='ocrx_word' id='word_1_551' title='bbox 458 5153 775 5221; x_wconf 88' lang='lat' dir='ltr'><strong>pollinctum</strong></span> <span class='ocrx_word' id='word_1_552' title='bbox 806 5154 1017 5221; x_wconf 82' lang='lat' dir='ltr'><strong>sepeliit</strong></span> <span class='ocrx_word' id='word_1_553' title='bbox 1060 5153 1205 5208; x_wconf 87' lang='lat' dir='ltr'><strong>ﬁlius</strong></span> <span class='ocrx_word' id='word_1_554' title='bbox 1258 5154 1433 5223; x_wconf 78' lang='lat' dir='ltr'><strong>ipsius</strong></span> <span class='ocrx_word' id='word_1_555' title='bbox 1480 5156 1662 5211; x_wconf 80' lang='lat' dir='ltr'><strong>Euoslt</strong></span> <span class='ocrx_word' id='word_1_556' title='bbox 1696 5160 1747 5211; x_wconf 91' lang='lat' dir='ltr'><strong>in</strong></span> 
     </span>
    </p>
   </div>
   <div class='ocr_carea' id='block_1_84' title="bbox 174 5245 1755 5319">
    <p class='ocr_par' dir='ltr' id='par_1_84' title="bbox 174 5245 1755 5319">
     <span class='ocr_line' id='line_1_84' title="bbox 174 5245 1755 5319; baseline 0.003 -22"><span class='ocrx_word' id='word_1_557' title='bbox 174 5246 436 5313; x_wconf 76' lang='lat' dir='ltr'><strong>spelunca</strong></span> <span class='ocrx_word' id='word_1_558' title='bbox 486 5245 727 5299; x_wconf 86' lang='lat' dir='ltr'><strong>Alcanuz</strong></span> <span class='ocrx_word' id='word_1_559' title='bbox 766 5246 920 5314; x_wconf 80' lang='lat' dir='ltr'><strong>juxta</strong></span> <span class='ocrx_word' id='word_1_560' title='bbox 963 5246 1255 5314; x_wconf 85' lang='lat' dir='ltr'><strong>Adatnum,</strong></span> <span class='ocrx_word' id='word_1_561' title='bbox 1318 5249 1755 5319; x_wconf 73' lang='lat' dir='ltr'><strong>planiteruntque</strong></span> 
     </span>
    </p>
   </div>
   <div class='ocr_carea' id='block_1_85' title="bbox 175 5338 1756 5408">
    <p class='ocr_par' dir='ltr' id='par_1_85' title="bbox 175 5338 1756 5408">
     <span class='ocr_line' id='line_1_85' title="bbox 175 5338 1756 5408; baseline 0.004 -19"><span class='ocrx_word' id='word_1_562' title='bbox 175 5353 357 5405; x_wconf 68' lang='lat' dir='ltr'><strong>Ipsum</strong></span> <span class='ocrx_word' id='word_1_563' title='bbox 415 5338 775 5408; x_wconf 82' lang='lat' dir='ltr'><strong>quadraginta</strong></span> <span class='ocrx_word' id='word_1_564' title='bbox 825 5340 963 5394; x_wconf 86' lang='lat' dir='ltr'><strong>dies.</strong></span> <span class='ocrx_word' id='word_1_565' title='bbox 1016 5340 1494 5405; x_wconf 81' lang='lat' dir='ltr'><strong>Mathushalecho,</strong></span> <span class='ocrx_word' id='word_1_566' title='bbox 1547 5346 1756 5396; x_wconf 81' lang='lat' dir='ltr'><strong>exactis</strong></span> 
     </span>
    </p>
   </div>
   <div class='ocr_carea' id='block_1_86' title="bbox 175 5430 1760 5500">
    <p class='ocr_par' dir='ltr' id='par_1_86' title="bbox 175 5430 1760 5500">
     <span class='ocr_line' id='line_1_86' title="bbox 175 5430 1760 5500; baseline 0.002 -19"><span class='ocrx_word' id='word_1_567' title='bbox 175 5430 340 5481; x_wconf 81' lang='lat' dir='ltr'><strong>annis</strong></span> <span class='ocrx_word' id='word_1_568' title='bbox 380 5440 601 5482; x_wconf 86' lang='lat' dir='ltr'><strong>centum</strong></span> <span class='ocrx_word' id='word_1_569' title='bbox 627 5434 907 5500; x_wconf 88' lang='lat' dir='ltr'><strong>octoginta</strong></span> <span class='ocrx_word' id='word_1_570' title='bbox 933 5439 1167 5500; x_wconf 89' lang='lat' dir='ltr'><strong>septem,</strong></span> <span class='ocrx_word' id='word_1_571' title='bbox 1194 5444 1355 5487; x_wconf 86' lang='lat' dir='ltr'><strong>natus</strong></span> <span class='ocrx_word' id='word_1_572' title='bbox 1385 5442 1467 5487; x_wconf 88' lang='lat' dir='ltr'><strong>est</strong></span> <span class='ocrx_word' id='word_1_573' title='bbox 1491 5432 1760 5496; x_wconf 85' lang='lat' dir='ltr'><strong>Lamech;</strong></span> 
     </span>
    </p>
   </div>
   <div class='ocr_carea' id='block_1_87' title="bbox 179 5522 1755 5589">
    <p class='ocr_par' dir='ltr' id='par_1_87' title="bbox 179 5522 1755 5589">
     <span class='ocr_line' id='line_1_87' title="bbox 179 5522 1755 5589; baseline 0.003 -18"><span class='ocrx_word' id='word_1_574' title='bbox 179 5530 356 5572; x_wconf 79' lang='lat' dir='ltr'><strong>totum</strong></span> <span class='ocrx_word' id='word_1_575' title='bbox 393 5528 575 5574; x_wconf 87' lang='lat' dir='ltr'><strong>autem</strong></span> <span class='ocrx_word' id='word_1_576' title='bbox 606 5522 752 5589; x_wconf 90' lang='lat' dir='ltr'><strong>quod</strong></span> <span class='ocrx_word' id='word_1_577' title='bbox 788 5522 922 5576; x_wconf 80' lang='lat' dir='ltr'><strong>vixit</strong></span> <span class='ocrx_word' id='word_1_578' title='bbox 976 5524 1390 5579; x_wconf 79' lang='lat' dir='ltr'><strong>Mathushab-ch</strong></span> <span class='ocrx_word' id='word_1_579' title='bbox 1439 5526 1566 5578; x_wconf 81' lang='lat' dir='ltr'><strong>anni</strong></span> <span class='ocrx_word' id='word_1_580' title='bbox 1626 5535 1755 5579; x_wconf 85' lang='lat' dir='ltr'><strong>sunt</strong></span> 
     </span>
    </p>
   </div>
   <div class='ocr_carea' id='block_1_88' title="bbox 181 5611 1756 5686">
    <p class='ocr_par' dir='ltr' id='par_1_88' title="bbox 181 5611 1756 5686">
     <span class='ocr_line' id='line_1_88' title="bbox 181 5611 1756 5686; baseline 0.004 -25"><span class='ocrx_word' id='word_1_581' title='bbox 181 5611 441 5679; x_wconf 83' lang='lat' dir='ltr'><strong>nongenti</strong></span> <span class='ocrx_word' id='word_1_582' title='bbox 469 5613 754 5680; x_wconf 77' lang='lat' dir='ltr'><strong>sexaginta</strong></span> <span class='ocrx_word' id='word_1_583' title='bbox 780 5630 998 5668; x_wconf 87' lang='lat' dir='ltr'><strong>novem.</strong></span> <span class='ocrx_word' id='word_1_584' title='bbox 1048 5615 1216 5670; x_wconf 78' lang='lat' dir='ltr'><strong>Porro</strong></span> <span class='ocrx_word' id='word_1_585' title='bbox 1243 5633 1387 5668; x_wconf 81' lang='lat' dir='ltr'><strong>anno</strong></span> <span class='ocrx_word' id='word_1_586' title='bbox 1415 5616 1756 5686; x_wconf 81' lang='lat' dir='ltr'><strong>quinquage-</strong></span> 
     </span>
    </p>
   </div>
   <div class='ocr_carea' id='block_1_89' title="bbox 180 5703 1756 5773">
    <p class='ocr_par' dir='ltr' id='par_1_89' title="bbox 180 5703 1756 5773">
     <span class='ocr_line' id='line_1_89' title="bbox 180 5703 1756 5773; baseline 0.004 -18"><span class='ocrx_word' id='word_1_587' title='bbox 180 5717 323 5755; x_wconf 80' lang='lat' dir='ltr'><strong>s::uo</strong></span> <span class='ocrx_word' id='word_1_588' title='bbox 382 5703 545 5756; x_wconf 80' lang='lat' dir='ltr'><strong>tertio</strong></span> <span class='ocrx_word' id='word_1_589' title='bbox 574 5704 694 5757; x_wconf 64' lang='lat' dir='ltr'><strong>vitm</strong></span> <span class='ocrx_word' id='word_1_590' title='bbox 755 5704 1186 5760; x_wconf 72' lang='lat' dir='ltr'><strong>Malhushalerhi</strong></span> <span class='ocrx_word' id='word_1_591' title='bbox 1231 5707 1362 5760; x_wconf 87' lang='lat' dir='ltr'><strong>obiit</strong></span> <span class='ocrx_word' id='word_1_592' title='bbox 1417 5706 1619 5773; x_wconf 70' lang='lat' dir='ltr'><strong>Enosh,</strong></span> <span class='ocrx_word' id='word_1_593' title='bbox 1668 5706 1756 5762; x_wconf 83' lang='lat' dir='ltr'><strong>die</strong></span> 
     </span>
    </p>
   </div>
   <div class='ocr_carea' id='block_1_90' title="bbox 259 5877 629 5941">
    <p class='ocr_par' dir='ltr' id='par_1_90' title="bbox 259 5877 629 5941">
     <span class='ocr_line' id='line_1_90' title="bbox 259 5877 629 5941; baseline 0.008 -11"><span class='ocrx_word' id='word_1_594' title='bbox 259 5877 444 5931; x_wconf 84' lang='lat' dir='ltr'><strong>&#39;Gen.</strong></span> <span class='ocrx_word' id='word_1_595' title='bbox 480 5895 551 5941; x_wconf 57' lang='grc' dir='ltr'><strong>τι,</strong></span> <span class='ocrx_word' id='word_1_596' title='bbox 580 5882 629 5935; x_wconf 58' lang='grc'><strong>4.</strong></span> 
     </span>
    </p>
   </div>
   <div class='ocr_carea' id='block_1_91' title="bbox 1874 3306 3440 3389">
    <p class='ocr_par' dir='ltr' id='par_1_91' title="bbox 1874 3306 3440 3389">
     <span class='ocr_line' id='line_1_91' title="bbox 1874 3306 3440 3389; baseline 0.011 -33"><span class='ocrx_word' id='word_1_597' title='bbox 1874 3306 2012 3358; x_wconf 88' lang='lat' dir='ltr'><strong>idem</strong></span> <span class='ocrx_word' id='word_1_598' title='bbox 2054 3315 2137 3361; x_wconf 89' lang='lat' dir='ltr'><strong>est</strong></span> <span class='ocrx_word' id='word_1_599' title='bbox 2185 3323 2248 3359; x_wconf 91' lang='lat' dir='ltr'><strong>ac</strong></span> <span class='ocrx_word' id='word_1_600' title='bbox 2289 3307 2637 3380; x_wconf 88' lang='lat' dir='ltr'><strong>Barmudah)</strong></span> <span class='ocrx_word' id='word_1_601' title='bbox 2693 3314 2954 3379; x_wconf 89' lang='lat' dir='ltr'><strong>secundo,</strong></span> <span class='ocrx_word' id='word_1_602' title='bbox 2982 3332 3142 3386; x_wconf 89' lang='lat' dir='ltr'><strong>quem</strong></span> <span class='ocrx_word' id='word_1_603' title='bbox 3199 3320 3440 3389; x_wconf 87' lang='lat' dir='ltr'><strong>myrrha,</strong></span> 
     </span>
    </p>
   </div>
   <div class='ocr_carea' id='block_1_92' title="bbox 1873 3400 3444 3478">
    <p class='ocr_par' dir='ltr' id='par_1_92' title="bbox 1873 3400 3444 3478">
     <span class='ocr_line' id='line_1_92' title="bbox 1873 3400 3444 3478; baseline 0.011 -30"><span class='ocrx_word' id='word_1_604' title='bbox 1873 3400 2031 3452; x_wconf 78' lang='lat' dir='ltr'><strong>thure</strong></span> <span class='ocrx_word' id='word_1_605' title='bbox 2083 3410 2137 3451; x_wconf 92' lang='lat' dir='ltr'><strong>et</strong></span> <span class='ocrx_word' id='word_1_606' title='bbox 2178 3401 2357 3453; x_wconf 82' lang='lat' dir='ltr'><strong>cassia</strong></span> <span class='ocrx_word' id='word_1_607' title='bbox 2411 3401 2757 3469; x_wconf 88' lang='lat' dir='ltr'><strong>pollinctum,</strong></span> <span class='ocrx_word' id='word_1_608' title='bbox 2813 3407 3026 3475; x_wconf 88' lang='lat' dir='ltr'><strong>sepeliit</strong></span> <span class='ocrx_word' id='word_1_609' title='bbox 3077 3408 3221 3463; x_wconf 88' lang='lat' dir='ltr'><strong>ﬁlius</strong></span> <span class='ocrx_word' id='word_1_610' title='bbox 3268 3410 3444 3478; x_wconf 90' lang='lat' dir='ltr'><strong>ipsius</strong></span> 
     </span>
    </p>
   </div>
   <div class='ocr_carea' id='block_1_93' title="bbox 1867 3490 3441 3571">
    <p class='ocr_par' dir='ltr' id='par_1_93' title="bbox 1867 3490 3441 3571">
     <span class='ocr_line' id='line_1_93' title="bbox 1867 3490 3441 3571; baseline 0.007 -27"><span class='ocrx_word' id='word_1_611' title='bbox 1867 3490 2025 3544; x_wconf 83' lang='lat' dir='ltr'><strong>Jared</strong></span> <span class='ocrx_word' id='word_1_612' title='bbox 2076 3494 2126 3547; x_wconf 91' lang='lat' dir='ltr'><strong>in</strong></span> <span class='ocrx_word' id='word_1_613' title='bbox 2156 3494 2415 3561; x_wconf 86' lang='lat' dir='ltr'><strong>spelunca</strong></span> <span class='ocrx_word' id='word_1_614' title='bbox 2469 3496 2733 3565; x_wconf 84' lang='lat' dir='ltr'><strong>Alcanuz,</strong></span> <span class='ocrx_word' id='word_1_615' title='bbox 2766 3499 3052 3568; x_wconf 89' lang='lat' dir='ltr'><strong>ipsumque</strong></span> <span class='ocrx_word' id='word_1_616' title='bbox 3079 3503 3441 3571; x_wconf 83' lang='lat' dir='ltr'><strong>quadraginta</strong></span> 
     </span>
    </p>
   </div>
   <div class='ocr_carea' id='block_1_94' title="bbox 1868 3583 3443 3651">
    <p class='ocr_par' dir='ltr' id='par_1_94' title="bbox 1868 3583 3443 3651">
     <span class='ocr_line' id='line_1_94' title="bbox 1868 3583 3443 3651; baseline 0.008 -15"><span class='ocrx_word' id='word_1_617' title='bbox 1868 3583 1983 3636; x_wconf 76' lang='lat' dir='ltr'><strong>dies</strong></span> <span class='ocrx_word' id='word_1_618' title='bbox 2009 3584 2355 3651; x_wconf 82' lang='lat' dir='ltr'><strong>planxerunt.</strong></span> <span class='ocrx_word' id='word_1_619' title='bbox 2379 3586 2524 3641; x_wconf 85' lang='lat' dir='ltr'><strong>Vixit</strong></span> <span class='ocrx_word' id='word_1_620' title='bbox 2556 3597 2735 3644; x_wconf 90' lang='lat' dir='ltr'><strong>autem</strong></span> <span class='ocrx_word' id='word_1_621' title='bbox 2773 3590 3042 3647; x_wconf 84' lang='lat' dir='ltr'><strong>Mahlaliel</strong></span> <span class='ocrx_word' id='word_1_622' title='bbox 3065 3608 3242 3647; x_wconf 86' lang='lat' dir='ltr'><strong>annos</strong></span> <span class='ocrx_word' id='word_1_623' title='bbox 3265 3596 3443 3649; x_wconf 88' lang='lat' dir='ltr'><strong>octin-</strong></span> 
     </span>
    </p>
   </div>
   <div class='ocr_carea' id='block_1_95' title="bbox 1867 3678 3441 3749">
    <p class='ocr_par' dir='ltr' id='par_1_95' title="bbox 1867 3678 3441 3749">
     <span class='ocr_line' id='line_1_95' title="bbox 1867 3678 3441 3749; baseline 0.01 -22"><span class='ocrx_word' id='word_1_624' title='bbox 1867 3684 2057 3742; x_wconf 81' lang='lat' dir='ltr'><strong>gentos</strong></span> <span class='ocrx_word' id='word_1_625' title='bbox 2086 3678 2379 3746; x_wconf 85' lang='lat' dir='ltr'><strong>nonaginta</strong></span> <span class='ocrx_word' id='word_1_626' title='bbox 2410 3680 2674 3749; x_wconf 89' lang='lat' dir='ltr'><strong>quinque.</strong></span> <span class='ocrx_word' id='word_1_627' title='bbox 2700 3680 2870 3735; x_wconf 86' lang='lat' dir='ltr'><strong>Porro</strong></span> <span class='ocrx_word' id='word_1_628' title='bbox 2918 3698 3060 3738; x_wconf 90' lang='lat' dir='ltr'><strong>anno</strong></span> <span class='ocrx_word' id='word_1_629' title='bbox 3108 3686 3234 3740; x_wconf 67' lang='lat' dir='ltr'><strong>vitae</strong></span> <span class='ocrx_word' id='word_1_630' title='bbox 3264 3686 3441 3742; x_wconf 86' lang='lat' dir='ltr'><strong>Noahi</strong></span> 
     </span>
    </p>
   </div>
   <div class='ocr_carea' id='block_1_96' title="bbox 1864 3764 3439 3845">
    <p class='ocr_par' dir='ltr' id='par_1_96' title="bbox 1864 3764 3439 3845">
     <span class='ocr_line' id='line_1_96' title="bbox 1864 3764 3439 3845; baseline 0.011 -29"><span class='ocrx_word' id='word_1_631' title='bbox 1864 3764 1968 3833; x_wconf 82' lang='lat'><strong>32</strong></span> <span class='ocrx_word' id='word_1_632' title='bbox 2016 3767 2359 3836; x_wconf 82' lang='lat' dir='ltr'><strong>sexagesimo</strong></span> <span class='ocrx_word' id='word_1_633' title='bbox 2409 3779 2586 3833; x_wconf 83' lang='lat' dir='ltr'><strong>sexto,</strong></span> <span class='ocrx_word' id='word_1_634' title='bbox 2640 3770 2779 3825; x_wconf 91' lang='lat' dir='ltr'><strong>obiit</strong></span> <span class='ocrx_word' id='word_1_635' title='bbox 2807 3769 2992 3836; x_wconf 80' lang='lat' dir='ltr'><strong>Jarcd,</strong></span> <span class='ocrx_word' id='word_1_636' title='bbox 3049 3772 3138 3829; x_wconf 90' lang='lat' dir='ltr'><strong>die</strong></span> <span class='ocrx_word' id='word_1_637' title='bbox 3188 3774 3439 3845; x_wconf 82' lang='lat' dir='ltr'><strong>Veneris,</strong></span> 
     </span>
    </p>
   </div>
   <div class='ocr_carea' id='block_1_97' title="bbox 1863 3857 3445 3934">
    <p class='ocr_par' dir='ltr' id='par_1_97' title="bbox 1863 3857 3445 3934">
     <span class='ocr_line' id='line_1_97' title="bbox 1863 3857 3445 3934; baseline 0.008 -24"><span class='ocrx_word' id='word_1_638' title='bbox 1863 3857 2148 3911; x_wconf 83' lang='lat' dir='ltr'><strong>occidente</strong></span> <span class='ocrx_word' id='word_1_639' title='bbox 2193 3859 2327 3922; x_wconf 89' lang='lat' dir='ltr'><strong>sole,</strong></span> <span class='ocrx_word' id='word_1_640' title='bbox 2379 3861 2545 3914; x_wconf 84' lang='lat' dir='ltr'><strong>Adari</strong></span> <span class='ocrx_word' id='word_1_641' title='bbox 2595 3861 2825 3931; x_wconf 87' lang='lat' dir='ltr'><strong>(quiest</strong></span> <span class='ocrx_word' id='word_1_642' title='bbox 2875 3862 3199 3934; x_wconf 81' lang='lat' dir='ltr'><strong>Bormahat)</strong></span> <span class='ocrx_word' id='word_1_643' title='bbox 3230 3866 3445 3922; x_wconf 88' lang='lat' dir='ltr'><strong>decimo</strong></span> 
     </span>
    </p>
   </div>
   <div class='ocr_carea' id='block_1_98' title="bbox 1865 3948 3443 4029">
    <p class='ocr_par' dir='ltr' id='par_1_98' title="bbox 1865 3948 3443 4029">
     <span class='ocr_line' id='line_1_98' title="bbox 1865 3948 3443 4029; baseline 0.009 -30"><span class='ocrx_word' id='word_1_644' title='bbox 1865 3948 2060 4013; x_wconf 87' lang='lat' dir='ltr'><strong>tertio;</strong></span> <span class='ocrx_word' id='word_1_645' title='bbox 2094 3964 2254 4018; x_wconf 88' lang='lat' dir='ltr'><strong>quem</strong></span> <span class='ocrx_word' id='word_1_646' title='bbox 2308 3952 2632 4020; x_wconf 80' lang='lat' dir='ltr'><strong>pollinctum</strong></span> <span class='ocrx_word' id='word_1_647' title='bbox 2678 3955 3036 4023; x_wconf 84' lang='lat' dir='ltr'><strong>sepelierunt,</strong></span> <span class='ocrx_word' id='word_1_648' title='bbox 3091 3957 3232 4011; x_wconf 90' lang='lat' dir='ltr'><strong>ﬁlius</strong></span> <span class='ocrx_word' id='word_1_649' title='bbox 3269 3958 3443 4029; x_wconf 90' lang='lat' dir='ltr'><strong>ipsius</strong></span> 
     </span>
    </p>
   </div>
   <div class='ocr_carea' id='block_1_99' title="bbox 1863 4043 3443 4118">
    <p class='ocr_par' dir='ltr' id='par_1_99' title="bbox 1863 4043 3443 4118">
     <span class='ocr_line' id='line_1_99' title="bbox 1863 4043 3443 4118; baseline 0.008 -22"><span class='ocrx_word' id='word_1_650' title='bbox 1863 4043 2298 4109; x_wconf 83' lang='lat' dir='ltr'><strong>Mathushalech,</strong></span> <span class='ocrx_word' id='word_1_651' title='bbox 2316 4046 2548 4101; x_wconf 88' lang='lat' dir='ltr'><strong>Lamech</strong></span> <span class='ocrx_word' id='word_1_652' title='bbox 2563 4059 2615 4102; x_wconf 89' lang='lat' dir='ltr'><strong>et</strong></span> <span class='ocrx_word' id='word_1_653' title='bbox 2635 4047 2808 4113; x_wconf 87' lang='lat' dir='ltr'><strong>Noab,</strong></span> <span class='ocrx_word' id='word_1_654' title='bbox 2827 4051 2881 4105; x_wconf 93' lang='lat' dir='ltr'><strong>in</strong></span> <span class='ocrx_word' id='word_1_655' title='bbox 2899 4053 3154 4118; x_wconf 77' lang='lat' dir='ltr'><strong>Spelunca</strong></span> <span class='ocrx_word' id='word_1_656' title='bbox 3176 4054 3443 4118; x_wconf 82' lang='lat' dir='ltr'><strong>Alcanuz;</strong></span> 
     </span>
    </p>
   </div>
   <div class='ocr_carea' id='block_1_100' title="bbox 1864 4137 3443 4215">
    <p class='ocr_par' dir='ltr' id='par_1_100' title="bbox 1864 4137 3443 4215">
     <span class='ocr_line' id='line_1_100' title="bbox 1864 4137 3443 4215; baseline 0.008 -27"><span class='ocrx_word' id='word_1_657' title='bbox 1864 4137 2154 4205; x_wconf 88' lang='lat' dir='ltr'><strong>ipsumque</strong></span> <span class='ocrx_word' id='word_1_658' title='bbox 2204 4139 2566 4206; x_wconf 87' lang='lat' dir='ltr'><strong>quadraginta</strong></span> <span class='ocrx_word' id='word_1_659' title='bbox 2618 4141 2735 4197; x_wconf 87' lang='lat' dir='ltr'><strong>dies</strong></span> <span class='ocrx_word' id='word_1_660' title='bbox 2778 4143 3145 4212; x_wconf 84' lang='lat' dir='ltr'><strong>planxerunt;</strong></span> <span class='ocrx_word' id='word_1_661' title='bbox 3196 4145 3443 4215; x_wconf 86' lang='lat' dir='ltr'><strong>vixitque</strong></span> 
     </span>
    </p>
   </div>
   <div class='ocr_carea' id='block_1_101' title="bbox 1860 4227 3443 4304">
    <p class='ocr_par' dir='ltr' id='par_1_101' title="bbox 1860 4227 3443 4304">
     <span class='ocr_line' id='line_1_101' title="bbox 1860 4227 3443 4304; baseline 0.006 -22"><span class='ocrx_word' id='word_1_662' title='bbox 1860 4227 2019 4283; x_wconf 81' lang='lat' dir='ltr'><strong>Jared</strong></span> <span class='ocrx_word' id='word_1_663' title='bbox 2054 4245 2228 4284; x_wconf 90' lang='lat' dir='ltr'><strong>annos</strong></span> <span class='ocrx_word' id='word_1_664' title='bbox 2262 4244 2570 4302; x_wconf 88' lang='lat' dir='ltr'><strong>nongentos</strong></span> <span class='ocrx_word' id='word_1_665' title='bbox 2601 4237 2884 4304; x_wconf 82' lang='lat' dir='ltr'><strong>sexaginta</strong></span> <span class='ocrx_word' id='word_1_666' title='bbox 2908 4235 3067 4291; x_wconf 90' lang='lat' dir='ltr'><strong>duos.</strong></span> <span class='ocrx_word' id='word_1_667' title='bbox 3102 4236 3276 4292; x_wconf 87' lang='lat' dir='ltr'><strong>Porro</strong></span> <span class='ocrx_word' id='word_1_668' title='bbox 3298 4254 3443 4292; x_wconf 92' lang='lat' dir='ltr'><strong>anno</strong></span> 
     </span>
    </p>
   </div>
   <div class='ocr_carea' id='block_1_102' title="bbox 1861 4321 3444 4397">
    <p class='ocr_par' dir='ltr' id='par_1_102' title="bbox 1861 4321 3444 4397">
     <span class='ocr_line' id='line_1_102' title="bbox 1861 4321 3444 4397; baseline 0.006 -23"><span class='ocrx_word' id='word_1_669' title='bbox 1861 4323 1981 4376; x_wconf 75' lang='lat' dir='ltr'><strong>vita:</strong></span> <span class='ocrx_word' id='word_1_670' title='bbox 2020 4321 2651 4393; x_wconf 85' lang='lat' dir='ltr'><strong>Noahiquingentesimo</strong></span> <span class='ocrx_word' id='word_1_671' title='bbox 2692 4329 3050 4397; x_wconf 86' lang='lat' dir='ltr'><strong>nonagesimo</strong></span> <span class='ocrx_word' id='word_1_672' title='bbox 3072 4328 3266 4396; x_wconf 88' lang='lat' dir='ltr'><strong>quinto</strong></span> <span class='ocrx_word' id='word_1_673' title='bbox 3306 4330 3444 4383; x_wconf 87' lang='lat' dir='ltr'><strong>obiit</strong></span> 
     </span>
    </p>
   </div>
   <div class='ocr_carea' id='block_1_103' title="bbox 1860 4413 3440 4483">
    <p class='ocr_par' dir='ltr' id='par_1_103' title="bbox 1860 4413 3440 4483">
     <span class='ocr_line' id='line_1_103' title="bbox 1860 4413 3440 4483; baseline 0.002 -15"><span class='ocrx_word' id='word_1_674' title='bbox 1860 4423 2011 4483; x_wconf 90' lang='lat' dir='ltr'><strong>pater</strong></span> <span class='ocrx_word' id='word_1_675' title='bbox 2037 4414 2210 4483; x_wconf 89' lang='lat' dir='ltr'><strong>ipsius</strong></span> <span class='ocrx_word' id='word_1_676' title='bbox 2243 4413 2502 4468; x_wconf 90' lang='lat' dir='ltr'><strong>Lamech.</strong></span> <span class='ocrx_word' id='word_1_677' title='bbox 2537 4414 2774 4471; x_wconf 87' lang='lat' dir='ltr'><strong>Lamech</strong></span> <span class='ocrx_word' id='word_1_678' title='bbox 2822 4425 3005 4471; x_wconf 91' lang='lat' dir='ltr'><strong>autem</strong></span> <span class='ocrx_word' id='word_1_679' title='bbox 3041 4426 3167 4473; x_wconf 88' lang='lat' dir='ltr'><strong>ante</strong></span> <span class='ocrx_word' id='word_1_680' title='bbox 3209 4426 3440 4473; x_wconf 90' lang='lat' dir='ltr'><strong>mortem</strong></span> 
     </span>
    </p>
   </div>
   <div class='ocr_carea' id='block_1_104' title="bbox 1860 4506 3442 4574">
    <p class='ocr_par' dir='ltr' id='par_1_104' title="bbox 1860 4506 3442 4574">
     <span class='ocr_line' id='line_1_104' title="bbox 1860 4506 3442 4574; baseline 0.002 -14"><span class='ocrx_word' id='word_1_681' title='bbox 1860 4523 2036 4571; x_wconf 88' lang='lat' dir='ltr'><strong>suam,</strong></span> <span class='ocrx_word' id='word_1_682' title='bbox 2065 4506 2256 4561; x_wconf 87' lang='lat' dir='ltr'><strong>Noaho</strong></span> <span class='ocrx_word' id='word_1_683' title='bbox 2290 4507 2399 4561; x_wconf 93' lang='lat' dir='ltr'><strong>ﬁlio</strong></span> <span class='ocrx_word' id='word_1_684' title='bbox 2441 4522 2543 4561; x_wconf 90' lang='lat' dir='ltr'><strong>suo</strong></span> <span class='ocrx_word' id='word_1_685' title='bbox 2591 4509 2880 4574; x_wconf 87' lang='lat' dir='ltr'><strong>accersito,</strong></span> <span class='ocrx_word' id='word_1_686' title='bbox 2923 4509 3061 4563; x_wconf 86' lang='lat' dir='ltr'><strong>dixit</strong></span> <span class='ocrx_word' id='word_1_687' title='bbox 3095 4528 3110 4564; x_wconf 90' lang='lat'><strong>:</strong></span> <span class='ocrx_word' id='word_1_688' title='bbox 3144 4507 3261 4564; x_wconf 88' lang='lat' dir='ltr'><strong>Non</strong></span> <span class='ocrx_word' id='word_1_689' title='bbox 3298 4511 3442 4564; x_wconf 86' lang='lat' dir='ltr'><strong>sinet</strong></span> 
     </span>
    </p>
   </div>
   <div class='ocr_carea' id='block_1_105' title="bbox 1865 4598 3439 4667">
    <p class='ocr_par' dir='ltr' id='par_1_105' title="bbox 1865 4598 3439 4667">
     <span class='ocr_line' id='line_1_105' title="bbox 1865 4598 3439 4667; baseline 0.003 -16"><span class='ocrx_word' id='word_1_690' title='bbox 1865 4608 1917 4653; x_wconf 88' lang='lat' dir='ltr'><strong>te</strong></span> <span class='ocrx_word' id='word_1_691' title='bbox 1964 4598 2105 4653; x_wconf 90' lang='lat' dir='ltr'><strong>Deus</strong></span> <span class='ocrx_word' id='word_1_692' title='bbox 2155 4605 2370 4667; x_wconf 90' lang='lat' dir='ltr'><strong>potens,</strong></span> <span class='ocrx_word' id='word_1_693' title='bbox 2421 4598 2715 4667; x_wconf 84' lang='lat' dir='ltr'><strong>gloriosus,</strong></span> <span class='ocrx_word' id='word_1_694' title='bbox 2762 4598 2815 4652; x_wconf 94' lang='lat' dir='ltr'><strong>in</strong></span> <span class='ocrx_word' id='word_1_695' title='bbox 2868 4607 3053 4653; x_wconf 88' lang='lat' dir='ltr'><strong>monte</strong></span> <span class='ocrx_word' id='word_1_696' title='bbox 3112 4599 3258 4667; x_wconf 89' lang='lat' dir='ltr'><strong>isto;</strong></span> <span class='ocrx_word' id='word_1_697' title='bbox 3312 4615 3439 4655; x_wconf 89' lang='lat' dir='ltr'><strong>cum</strong></span> 
     </span>
    </p>
   </div>
   <div class='ocr_carea' id='block_1_106' title="bbox 1863 4690 3442 4763">
    <p class='ocr_par' dir='ltr' id='par_1_106' title="bbox 1863 4690 3442 4763">
     <span class='ocr_line' id='line_1_106' title="bbox 1863 4690 3442 4763; baseline 0.002 -17"><span class='ocrx_word' id='word_1_698' title='bbox 1863 4706 1992 4762; x_wconf 82' lang='lat' dir='ltr'><strong>ergo</strong></span> <span class='ocrx_word' id='word_1_699' title='bbox 2023 4690 2350 4753; x_wconf 88' lang='lat' dir='ltr'><strong>descendes,</strong></span> <span class='ocrx_word' id='word_1_700' title='bbox 2379 4690 2537 4744; x_wconf 89' lang='lat' dir='ltr'><strong>tollas</strong></span> <span class='ocrx_word' id='word_1_701' title='bbox 2568 4698 2747 4745; x_wconf 88' lang='lat' dir='ltr'><strong>tecum</strong></span> <span class='ocrx_word' id='word_1_702' title='bbox 2775 4690 2969 4746; x_wconf 81' lang='lat' dir='ltr'><strong>Adami</strong></span> <span class='ocrx_word' id='word_1_703' title='bbox 2994 4706 3197 4761; x_wconf 88' lang='lat' dir='ltr'><strong>corpus</strong></span> <span class='ocrx_word' id='word_1_704' title='bbox 3224 4708 3442 4763; x_wconf 86' lang='lat' dir='ltr'><strong>unaque</strong></span> 
     </span>
    </p>
   </div>
   <div class='ocr_carea' id='block_1_107' title="bbox 1864 4783 3442 4857">
    <p class='ocr_par' dir='ltr' id='par_1_107' title="bbox 1864 4783 3442 4857">
     <span class='ocr_line' id='line_1_107' title="bbox 1864 4783 3442 4857; baseline 0.001 -18"><span class='ocrx_word' id='word_1_705' title='bbox 1864 4796 1973 4839; x_wconf 88' lang='lat' dir='ltr'><strong>tres</strong></span> <span class='ocrx_word' id='word_1_706' title='bbox 2000 4784 2325 4849; x_wconf 84' lang='lat' dir='ltr'><strong>oblationes,</strong></span> <span class='ocrx_word' id='word_1_707' title='bbox 2359 4783 2565 4838; x_wconf 88' lang='lat' dir='ltr'><strong>scilicet</strong></span> <span class='ocrx_word' id='word_1_708' title='bbox 2597 4799 2817 4848; x_wconf 90' lang='lat' dir='ltr'><strong>aurum,</strong></span> <span class='ocrx_word' id='word_1_709' title='bbox 2867 4785 3173 4857; x_wconf 84' lang='lat' dir='ltr'><strong>myrrham,</strong></span> <span class='ocrx_word' id='word_1_710' title='bbox 3223 4793 3279 4841; x_wconf 91' lang='lat' dir='ltr'><strong>et</strong></span> <span class='ocrx_word' id='word_1_711' title='bbox 3311 4786 3442 4842; x_wconf 84' lang='lat' dir='ltr'><strong>thus</strong></span> 
     </span>
    </p>
   </div>
   <div class='ocr_carea' id='block_1_108' title="bbox 1866 4876 3440 4946">
    <p class='ocr_par' dir='ltr' id='par_1_108' title="bbox 1866 4876 3440 4946">
     <span class='ocr_line' id='line_1_108' title="bbox 1866 4876 3440 4946; baseline 0.002 -17"><span class='ocrx_word' id='word_1_712' title='bbox 1866 4879 2098 4939; x_wconf 80' lang='lat' dir='ltr'><strong>deferas,</strong></span> <span class='ocrx_word' id='word_1_713' title='bbox 2150 4877 2369 4945; x_wconf 89' lang='lat' dir='ltr'><strong>ﬁlioque</strong></span> <span class='ocrx_word' id='word_1_714' title='bbox 2404 4885 2497 4931; x_wconf 92' lang='lat' dir='ltr'><strong>tuo</strong></span> <span class='ocrx_word' id='word_1_715' title='bbox 2530 4876 2765 4946; x_wconf 66' lang='lat' dir='ltr'><strong>praecipe</strong></span> <span class='ocrx_word' id='word_1_716' title='bbox 2799 4884 2857 4930; x_wconf 85' lang='grc' dir='ltr'><strong>ιιι</strong></span> <span class='ocrx_word' id='word_1_717' title='bbox 2910 4891 3035 4931; x_wconf 87' lang='lat' dir='ltr'><strong>mox</strong></span> <span class='ocrx_word' id='word_1_718' title='bbox 3079 4891 3110 4931; x_wconf 91' lang='lat' dir='ltr'><strong>a</strong></span> <span class='ocrx_word' id='word_1_719' title='bbox 3139 4888 3319 4932; x_wconf 89' lang='lat' dir='ltr'><strong>morte</strong></span> <span class='ocrx_word' id='word_1_720' title='bbox 3348 4888 3440 4935; x_wconf 89' lang='lat' dir='ltr'><strong>tua</strong></span> 
     </span>
    </p>
   </div>
   <div class='ocr_carea' id='block_1_109' title="bbox 1865 4962 3436 5039">
    <p class='ocr_par' dir='ltr' id='par_1_109' title="bbox 1865 4962 3436 5039">
     <span class='ocr_line' id='line_1_109' title="bbox 1865 4962 3436 5039; baseline 0.003 -19"><span class='ocrx_word' id='word_1_721' title='bbox 1865 4984 2066 5036; x_wconf 76' lang='lat' dir='ltr'><strong>l&#39;Ol&#39;pllS</strong></span> <span class='ocrx_word' id='word_1_722' title='bbox 2118 4962 2307 5019; x_wconf 79' lang='lat' dir='ltr'><strong>Adami</strong></span> <span class='ocrx_word' id='word_1_723' title='bbox 2368 4966 2640 5021; x_wconf 86' lang='lat' dir='ltr'><strong>sublatum</strong></span> <span class='ocrx_word' id='word_1_724' title='bbox 2697 4967 2751 5021; x_wconf 93' lang='lat' dir='ltr'><strong>in</strong></span> <span class='ocrx_word' id='word_1_725' title='bbox 2810 4967 2988 5022; x_wconf 90' lang='lat' dir='ltr'><strong>medio</strong></span> <span class='ocrx_word' id='word_1_726' title='bbox 3042 4975 3203 5024; x_wconf 71' lang='lat' dir='ltr'><strong>terra:</strong></span> <span class='ocrx_word' id='word_1_727' title='bbox 3248 4981 3436 5039; x_wconf 89' lang='lat' dir='ltr'><strong>ponat,</strong></span> 
     </span>
    </p>
   </div>
   <div class='ocr_carea' id='block_1_110' title="bbox 1866 5058 3435 5129">
    <p class='ocr_par' dir='ltr' id='par_1_110' title="bbox 1866 5058 3435 5129">
     <span class='ocr_line' id='line_1_110' title="bbox 1866 5058 3435 5129; baseline 0.002 -16"><span class='ocrx_word' id='word_1_728' title='bbox 1866 5062 2045 5127; x_wconf 85' lang='lat' dir='ltr'><strong>ibique</strong></span> <span class='ocrx_word' id='word_1_729' title='bbox 2082 5062 2146 5112; x_wconf 72' lang='lat' dir='ltr'><strong>aut</strong></span> <span class='ocrx_word' id='word_1_730' title='bbox 2180 5059 2528 5113; x_wconf 78' lang='lat' dir='ltr'><strong>serviendum</strong></span> <span class='ocrx_word' id='word_1_731' title='bbox 2566 5073 2595 5112; x_wconf 89' lang='lat' dir='ltr'><strong>e</strong></span> <span class='ocrx_word' id='word_1_732' title='bbox 2632 5058 2756 5113; x_wconf 89' lang='lat' dir='ltr'><strong>ﬁliis</strong></span> <span class='ocrx_word' id='word_1_733' title='bbox 2806 5058 2923 5113; x_wconf 91' lang='lat' dir='ltr'><strong>suis</strong></span> <span class='ocrx_word' id='word_1_734' title='bbox 2967 5060 3258 5129; x_wconf 88' lang='lat' dir='ltr'><strong>quemdam</strong></span> <span class='ocrx_word' id='word_1_735' title='bbox 3301 5078 3435 5116; x_wconf 86' lang='lat' dir='ltr'><strong>con-</strong></span> 
     </span>
    </p>
   </div>
   <div class='ocr_carea' id='block_1_111' title="bbox 1866 5150 3434 5221">
    <p class='ocr_par' dir='ltr' id='par_1_111' title="bbox 1866 5150 3434 5221">
     <span class='ocr_line' id='line_1_111' title="bbox 1866 5150 3434 5221; baseline -0.001 -14"><span class='ocrx_word' id='word_1_736' title='bbox 1866 5154 2073 5214; x_wconf 88' lang='lat' dir='ltr'><strong>stitnat,</strong></span> <span class='ocrx_word' id='word_1_737' title='bbox 2104 5150 2197 5219; x_wconf 90' lang='lat' dir='ltr'><strong>qui</strong></span> <span class='ocrx_word' id='word_1_738' title='bbox 2230 5151 2301 5205; x_wconf 88' lang='lat' dir='ltr'><strong>sit</strong></span> <span class='ocrx_word' id='word_1_739' title='bbox 2336 5165 2431 5219; x_wconf 91' lang='lat' dir='ltr'><strong>per</strong></span> <span class='ocrx_word' id='word_1_740' title='bbox 2478 5158 2649 5203; x_wconf 90' lang='lat' dir='ltr'><strong>totam</strong></span> <span class='ocrx_word' id='word_1_741' title='bbox 2693 5150 2864 5204; x_wconf 89' lang='lat' dir='ltr'><strong>vitam</strong></span> <span class='ocrx_word' id='word_1_742' title='bbox 2920 5164 3077 5205; x_wconf 88' lang='lat' dir='ltr'><strong>suam</strong></span> <span class='ocrx_word' id='word_1_743' title='bbox 3125 5152 3434 5221; x_wconf 88' lang='lat' dir='ltr'><strong>religiosus,</strong></span> 
     </span>
    </p>
   </div>
   <div class='ocr_carea' id='block_1_112' title="bbox 1862 5240 3438 5312">
    <p class='ocr_par' dir='ltr' id='par_1_112' title="bbox 1862 5240 3438 5312">
     <span class='ocr_line' id='line_1_112' title="bbox 1862 5240 3438 5312; baseline -0.003 -12"><span class='ocrx_word' id='word_1_744' title='bbox 1862 5246 2077 5305; x_wconf 78' lang='lat' dir='ltr'><strong>caelebs,</strong></span> <span class='ocrx_word' id='word_1_745' title='bbox 2117 5259 2293 5312; x_wconf 87' lang='lat' dir='ltr'><strong>neque</strong></span> <span class='ocrx_word' id='word_1_746' title='bbox 2322 5243 2644 5309; x_wconf 88' lang='lat' dir='ltr'><strong>sanguinem</strong></span> <span class='ocrx_word' id='word_1_747' title='bbox 2688 5240 2903 5307; x_wconf 82' lang='lat' dir='ltr'><strong>fundat,</strong></span> <span class='ocrx_word' id='word_1_748' title='bbox 2959 5256 3135 5311; x_wconf 83' lang='lat' dir='ltr'><strong>neque</strong></span> <span class='ocrx_word' id='word_1_749' title='bbox 3182 5243 3234 5296; x_wconf 95' lang='lat' dir='ltr'><strong>in</strong></span> <span class='ocrx_word' id='word_1_750' title='bbox 3264 5243 3438 5298; x_wconf 88' lang='lat' dir='ltr'><strong>sacri-</strong></span> 
     </span>
    </p>
   </div>
   <div class='ocr_carea' id='block_1_113' title="bbox 1864 5331 3435 5402">
    <p class='ocr_par' dir='ltr' id='par_1_113' title="bbox 1864 5331 3435 5402">
     <span class='ocr_line' id='line_1_113' title="bbox 1864 5331 3435 5402; baseline -0.002 -13"><span class='ocrx_word' id='word_1_751' title='bbox 1864 5336 2045 5389; x_wconf 89' lang='lat' dir='ltr'><strong>ﬁcium</strong></span> <span class='ocrx_word' id='word_1_752' title='bbox 2075 5333 2263 5388; x_wconf 74' lang='lat' dir='ltr'><strong>oﬁ‘erat</strong></span> <span class='ocrx_word' id='word_1_753' title='bbox 2305 5335 2389 5387; x_wconf 89' lang='lat' dir='ltr'><strong>vel</strong></span> <span class='ocrx_word' id='word_1_754' title='bbox 2420 5332 2700 5386; x_wconf 89' lang='lat' dir='ltr'><strong>volucrem</strong></span> <span class='ocrx_word' id='word_1_755' title='bbox 2734 5332 2817 5387; x_wconf 90' lang='lat' dir='ltr'><strong>vel</strong></span> <span class='ocrx_word' id='word_1_756' title='bbox 2870 5331 3061 5395; x_wconf 80' lang='lat' dir='ltr'><strong>feram,</strong></span> <span class='ocrx_word' id='word_1_757' title='bbox 3108 5333 3206 5387; x_wconf 89' lang='lat' dir='ltr'><strong>sed</strong></span> <span class='ocrx_word' id='word_1_758' title='bbox 3240 5348 3435 5402; x_wconf 85' lang='lat' dir='ltr'><strong>panem</strong></span> 
     </span>
    </p>
   </div>
   <div class='ocr_carea' id='block_1_114' title="bbox 1864 5417 3433 5489">
    <p class='ocr_par' dir='ltr' id='par_1_114' title="bbox 1864 5417 3433 5489">
     <span class='ocr_line' id='line_1_114' title="bbox 1864 5417 3433 5489; baseline -0.003 -10"><span class='ocrx_word' id='word_1_759' title='bbox 1864 5435 2073 5479; x_wconf 87' lang='lat' dir='ltr'><strong>tantum</strong></span> <span class='ocrx_word' id='word_1_760' title='bbox 2105 5432 2159 5475; x_wconf 89' lang='lat' dir='ltr'><strong>et</strong></span> <span class='ocrx_word' id='word_1_761' title='bbox 2186 5421 2406 5485; x_wconf 87' lang='lat' dir='ltr'><strong>vinum;</strong></span> <span class='ocrx_word' id='word_1_762' title='bbox 2437 5418 2691 5489; x_wconf 87' lang='lat' dir='ltr'><strong>quoniam</strong></span> <span class='ocrx_word' id='word_1_763' title='bbox 2727 5418 2793 5473; x_wconf 90' lang='lat' dir='ltr'><strong>ab</strong></span> <span class='ocrx_word' id='word_1_764' title='bbox 2817 5417 2922 5473; x_wconf 92' lang='lat' dir='ltr'><strong>isto</strong></span> <span class='ocrx_word' id='word_1_765' title='bbox 2954 5418 3075 5473; x_wconf 89' lang='lat' dir='ltr'><strong>loco</strong></span> <span class='ocrx_word' id='word_1_766' title='bbox 3110 5419 3214 5473; x_wconf 89' lang='lat' dir='ltr'><strong>erit</strong></span> <span class='ocrx_word' id='word_1_767' title='bbox 3241 5420 3433 5475; x_wconf 80' lang='lat' dir='ltr'><strong>Adami</strong></span> 
     </span>
    </p>
   </div>
   <div class='ocr_carea' id='block_1_115' title="bbox 1862 5511 3436 5584">
    <p class='ocr_par' dir='ltr' id='par_1_115' title="bbox 1862 5511 3436 5584">
     <span class='ocr_line' id='line_1_115' title="bbox 1862 5511 3436 5584; baseline -0.004 -11"><span class='ocrx_word' id='word_1_768' title='bbox 1862 5528 2046 5584; x_wconf 85' lang='lat' dir='ltr'><strong>satus;</strong></span> <span class='ocrx_word' id='word_1_769' title='bbox 2101 5516 2471 5583; x_wconf 87' lang='lat' dir='ltr'><strong>induaturque</strong></span> <span class='ocrx_word' id='word_1_770' title='bbox 2531 5512 2764 5582; x_wconf 90' lang='lat' dir='ltr'><strong>pellibus</strong></span> <span class='ocrx_word' id='word_1_771' title='bbox 2820 5511 3049 5575; x_wconf 75' lang='lat' dir='ltr'><strong>ferinis,</strong></span> <span class='ocrx_word' id='word_1_772' title='bbox 3103 5526 3205 5566; x_wconf 90' lang='lat' dir='ltr'><strong>nec</strong></span> <span class='ocrx_word' id='word_1_773' title='bbox 3250 5512 3436 5566; x_wconf 89' lang='lat' dir='ltr'><strong>crines</strong></span> 
     </span>
    </p>
   </div>
   <div class='ocr_carea' id='block_1_116' title="bbox 1865 5602 3432 5677">
    <p class='ocr_par' dir='ltr' id='par_1_116' title="bbox 1865 5602 3432 5677">
     <span class='ocr_line' id='line_1_116' title="bbox 1865 5602 3432 5677; baseline -0.004 -11"><span class='ocrx_word' id='word_1_774' title='bbox 1865 5612 2041 5673; x_wconf 86' lang='lat' dir='ltr'><strong>radat,</strong></span> <span class='ocrx_word' id='word_1_775' title='bbox 2080 5625 2178 5664; x_wconf 87' lang='lat' dir='ltr'><strong>nec</strong></span> <span class='ocrx_word' id='word_1_776' title='bbox 2213 5623 2424 5677; x_wconf 81' lang='lat' dir='ltr'><strong>ungues</strong></span> <span class='ocrx_word' id='word_1_777' title='bbox 2455 5614 2739 5675; x_wconf 70' lang='lat' dir='ltr'><strong>prtesecet,</strong></span> <span class='ocrx_word' id='word_1_778' title='bbox 2776 5602 3035 5673; x_wconf 87' lang='lat' dir='ltr'><strong>solusque</strong></span> <span class='ocrx_word' id='word_1_779' title='bbox 3066 5611 3381 5673; x_wconf 88' lang='lat' dir='ltr'><strong>permaneat</strong></span> <span class='ocrx_word' id='word_1_780' title='bbox 3416 5622 3432 5659; x_wconf 86' lang='lat'><strong>:</strong></span> 
     </span>
    </p>
   </div>
   <div class='ocr_carea' id='block_1_117' title="bbox 1867 5689 3434 5760">
    <p class='ocr_par' dir='ltr' id='par_1_117' title="bbox 1867 5689 3434 5760">
     <span class='ocr_line' id='line_1_117' title="bbox 1867 5689 3434 5760; baseline -0.007 -4"><span class='ocrx_word' id='word_1_781' title='bbox 1867 5699 2153 5756; x_wconf 84' lang='lat' dir='ltr'><strong>vocabitur</strong></span> <span class='ocrx_word' id='word_1_782' title='bbox 2178 5698 2321 5754; x_wconf 88' lang='lat' dir='ltr'><strong>enim</strong></span> <span class='ocrx_word' id='word_1_783' title='bbox 2361 5694 2618 5751; x_wconf 86' lang='lat' dir='ltr'><strong>sacerdos</strong></span> <span class='ocrx_word' id='word_1_784' title='bbox 2651 5693 2895 5760; x_wconf 86' lang='lat' dir='ltr'><strong>Domini;</strong></span> <span class='ocrx_word' id='word_1_785' title='bbox 2940 5695 3174 5747; x_wconf 89' lang='lat' dir='ltr'><strong>innueus</strong></span> <span class='ocrx_word' id='word_1_786' title='bbox 3211 5689 3434 5746; x_wconf 81' lang='lat' dir='ltr'><strong>Melchi-</strong></span> 
     </span>
    </p>
   </div>
  </div>
