4200 6432
776 384 881 450 915

1830 388 2195 447 EUTYCllIl
2240 387 2765 447 ALEXANDRINI
2808 390 3025 448 PATR.

3915 382 4015 447 9i5

770 498 1086 551 smlechum.
1135 498 1267 553 Cum
1315 514 1443 566 ergo
1494 500 1841 569 prrcccpisset
1871 497 2048 566 (ista)
2106 495 2337 550 Lamech
2373 527 2413 581 Α
2444 499 2652 562 cribus,
2689 497 2840 554 feris.
2876 499 3186 561 reptilibus,
3233 501 3455 557 dici-ns:
3489 503 3814 555 introducas
3840 511 4016 554 terum

774 590 887 643 ﬁlio
913 605 1015 643 suo
1046 588 1258 652 Nolina,
1292 598 1541 644 mortuus
1570 600 1673 650 est,
1694 590 1779 641 die
1813 584 2093 641 Dominico
2117 586 2218 640 sub
2248 601 2341 639 oc-

771 695 961 735 casum
1012 681 1176 742 solis,
1230 680 1391 731 Adari
1449 680 1561 747 (qui
1616 691 1701 732 est
1757 678 2068 745 Bormaliat)
2124 676 2341 729 decimo

770 788 952 837 nono;
1008 774 1294 839 ipsmnque
1343 772 1661 839 pollinctum
1695 772 1907 840 sepeliit
1950 768 2099 823 Noah
2134 770 2184 822 in
2219 783 2341 837 spe-

769 867 931 918 lunca
960 864 1223 927 Alcanuz,
1257 864 1689 932 planxcrttntqtte
1712 866 1890 934 ipsum
1942 864 2059 917 dies
2101 862 2340 931 quadra-

770 958 939 1023 ginta.
978 955 1083 1025 33
1114 955 1220 1025 35
1246 954 1369 1007 Fuit
1405 964 1588 1007 autem
1618 956 1727 1007 vita
1772 952 2023 1006 Lameelii
2067 956 2337 1004 annorum

768 1049 1241 1117 septingentorum
1283 1051 1627 1117 septuaginta
1681 1058 1912 1112 septem.
1963 1046 2130 1096 Porro
2192 1058 2338 1097 anno

768 1144 897 1197 vitae
926 1141 1051 1195 Non:
1082 1143 1481 1197 sexcentesimo
1525 1150 1768 1194 mortm-s
1799 1152 1877 1193 εει
1913 1138 2339 1202 Mathusitalech,

769 1234 859 1288 die
904 1232 1129 1289 Veneris
1161 1234 1304 1290 circa
1329 1234 1635 1298 meridiem,
1684 1233 1943 1285 vicesimo
1992 1231 2166 1299 primo
2215 1229 2337 1288 llul.

769 1328 861 1395 qui
898 1336 981 1381 est
1008 1327 1197 1380 'l'but:
1238 1342 1397 1395 quem
1440 1326 1760 1391 pollinctum
1814 1324 2146 1393 sepelierunt
2188 1321 2337 1375 Noah

768 1430 821 1471 et
856 1419 979 1471 Sem
1014 1419 1066 1470 in
1096 1418 1351 1487 spelunca
1378 1418 1637 1475 Alcanuz,
1670 1417 1956 1484 ipsumque
1980 1414 2340 1482 quadraginta

770 1509 887 1561 dies
941 1507 1287 1572 planxerunt.
1340 1503 1464 1557 Fuit
1518 1516 1695 1557 autem
1753 1503 1860 1556 vita
1911 1500 2340 1554 Matlmsbalecbi

771 1613 1038 1650 annorum
1106 1606 1505 1666 nongentorum
1561 1594 1837 1662 sexaginta
1884 1608 2096 1647 novem.
2160 1591 2343 1658 Neque

767 1690 876 1757 jam
907 1690 1031 1757 quis
1070 1689 1337 1758 superfuit
1372 1695 1421 1741 in
1460 1698 1640 1741 monte
1688 1698 1877 1741 sancto
1930 1693 2126 1755 prmter
2164 1684 2340 1737 solum

771 1782 1020 1835 Nouium
1058 1784 1335 1851 il-siusque
1366 1797 1588 1835 uxorem
1617 1781 1725 1848 (cui
1758 1795 1952 1833 nomen
1981 1787 2098 1831 erat
2130 1774 2337 1844 llaical)

2443 601 2507 640 ex
2570 586 2676 640 illis
2726 586 2972 657 37-39
3008 604 3130 655 qua:
3187 590 3328 642 inter
3384 593 3497 644 lucc
3558 590 3759 643 munda
3818 590 4021 643 fuerint

2443 691 2649 751 septeni
2685 684 2857 751 paria,
2890 698 3067 738 mares
3098 694 3329 752 septem,
3360 695 3413 737 et
3448 685 3691 739 femellas
3732 684 3959 737 totidem
3993 701 4006 738 :

2440 782 2504 821 ex
2555 766 2848 821 immundis
2915 777 3094 822 autem
3158 772 3324 832 bina,
3401 787 3603 824 marem
3680 772 3891 824 scilicet
3968 779 4020 824 et

2442 857 2720 913 feminam.
2752 858 3037 929 ingressus
3072 876 3200 931 ergo
3242 862 3391 916 Noah
3443 862 3623 916 navim
3658 878 3779 915 cum
3827 877 4016 924 uxore,

2441 949 2588 1013 ﬁliis,
2623 950 2967 1022 ﬁliorumque
2995 955 3280 1014 uxoribus.
3309 970 3508 1022 corpus
3533 953 3721 1006 Adami
3753 954 3806 1006 in
3835 953 4015 1005 navim

2442 1043 2790 1112 importatum
2826 1044 2878 1098 in
2908 1046 3028 1114 ejus
3060 1047 3236 1099 medio
3263 1048 3574 1108 collocavit,
3610 1047 3888 1113 imposilis
3918 1046 4019 1113 ipsi

2441 1134 2838 1190 oblationibus.
2875 1135 3223 1206 Fueruntque
3256 1138 3408 1191 Noah
3447 1148 3497 1192 et
3531 1138 3619 1190 lilii
3660 1138 3775 1202 eius
3804 1138 3870 1189 ad
3899 1152 4025 1205 par-

2443 1236 2549 1280 tem
2587 1228 2740 1282 navis
2774 1229 3132 1294 orientalem;
3165 1245 3303 1283 uxor
3332 1245 3456 1281 vero
3488 1231 3659 1297 ipsius
3690 1239 3739 1280 et
3781 1230 4020 1281 ﬁliorum

2446 1333 2643 1373 uxores
2677 1318 2741 1372 ad
2778 1320 3193 1381 occidentalem,
3261 1336 3325 1374 ne
3373 1322 3473 1373 viri
3519 1322 3584 1372 ad
3622 1320 3873 1379 feminas.
3929 1331 4024 1372 aut

2446 1412 2659 1466 femime
2704 1414 2769 1467 ad
2802 1415 2951 1468 viros
2985 1415 3329 1469 accederent.
3360 1413 3606 1482 Cumque
3666 1414 3848 1466 omnia
3897 1426 4020 1479 qua!

2443 1506 2631 1560 inferri
2678 1507 2919 1575 jusserat
2964 1508 3106 1560 Deus
3161 1522 3348 1560 secum
3392 1506 3701 1565 intulisset,
3736 1506 4017 1571 aperiente

2447 1598 2673 1650 Domino
2725 1613 2987 1667 aquarum
3036 1598 3244 1662 fontes,
3292 1599 3579 1651 scaturivit
3632 1608 3812 1658 terra,
3867 1611 4025 1650 com:

2446 1690 2599 1743 misla
2640 1700 2767 1743 sunt
2799 1692 2990 1755 maria,
3032 1692 3384 1761 pluviamque
3431 1689 3571 1745 Deus
3615 1704 3645 1743 e
3678 1690 3818 1742 ρωῐο
3850 1688 4029 1740 demi-

2446 1782 2539 1834 sit.
2587 1780 2815 1849 Fuitque
2861 1782 3126 1835 diluvium
3182 1797 3305 1836 cum
3344 1781 3494 1834 Noah
3549 1795 3817 1834 annorum
3874 1786 4030 1831 esset

777 1875 939 1926 tiliam
993 1874 1241 1926 Namnsa:
1296 1874 1389 1925 lilii
1442 1873 1670 1937 Enoelii,
1725 1888 1845 1925 cum
1896 1872 2072 1925 tribus
2100 1870 2340 1938 ipsorum
2376 1879 2415 1933 Β
2446 1884 2851 1939 sexcentorum,
2886 1873 3029 1927 ﬁlius
3062 1888 3188 1928 vero
3220 1874 3396 1942 ipsius
3428 1873 3555 1927 S.'m
3587 1886 3828 1925 centum.
3884 1870 4024 1923 Pro-

774 1962 898 2015 ﬁliis
946 1962 1132 2027 Semo,
1187 1961 1379 2023 ||a=no,
1428 1970 1478 2014 et
1522 1959 1769 2028 .laplieto,
1824 1962 2111 2028 tribusque
2153 1972 2342 2010 eorum

771 2055 1102 2121 coniugibus
1136 2069 1254 2121 qum
1302 2070 1331 2106 e
1379 2052 1596 2106 filiabus
1656 2052 2095 2106 Mathuslialeclii
2147 2049 2341 2103 luere:

774 2147 927 2199 uxori
960 2144 1102 2198 Semi
1139 2161 1335 2198 nomen
1390 2146 1556 2204 Salit;
1606 2144 1783 2207 Humi,
1830 2145 2071 2207 Nahlat;
2108 2141 2344 2211 Japbeti,

774 2238 1042 2289 Arisisab.

848 2326 1261 2394 Ingravescente
1307 2337 1486 2382 autem
1542 2330 1596 2382 in
1648 2338 1792 2381 terra
1849 2328 2174 2396 iniquitate,
2218 2341 2343 2379 cum

773 2418 923 2471 Setini
971 2418 1194 2487 posteri.
1246 2418 1403 2471 Kaini
1452 2419 1728 2473 malediCIi
1776 2418 2017 2488 posmris
2068 2416 2342 2486 permisti,

774 2510 979 2563 secli-ra
1030 2512 1455 2572 committerent,
1509 2511 1685 2579 turpia
1727 2517 2026 2581 patrantes,
2062 2516 2114 2563 et
2161 2508 2225 2561 ad
2264 2508 2348 2559 lu-

775 2602 925 2654 dicra
963 2604 1250 2665 conversi,
1302 2604 1563 2656 indicavit
1618 2603 1759 2657 Deus
1812 2618 1906 2670 per
1958 2601 2342 2654 revelationem

775 2692 964 2747 Noalio
999 2713 1012 2748 :
1054 2694 1321 2750 Missurus
1350 2712 1468 2751 sum
1503 2696 1554 2748 in
1585 2704 1786 2749 terram
1816 2695 2104 2755 diluvium,
2142 2703 2196 2746 et
2227 2708 2346 2745 om-

776 2784 866 2836 nia
906 2800 1027 2852 quze
1056 2800 1221 2852 super
1248 2801 1309 2837 ea
1360 2788 1699 2855 reperientur
1735 2786 2074 2854 perditurus.
2126 2781 2346 2850 Ipsique

776 2875 843 2928 de
891 2893 921 2926 ιι
944 2886 1070 2930 onte
1104 2886 1314 2941 sancto,
1373 2892 1479 2930 una
1520 2894 1641 2931 cum
1691 2879 1816 2931 ﬁliis
1856 2885 1908 2929 et
1959 2889 2148 2936 uxore,
2205 2873 2346 2925 ﬁlio-

777 2984 1007 3035 rumque
1038 2970 1323 3031 uxoribus,
1350 2970 1683 3025 descendere
1717 2970 1895 3034 jusso,
1934 2968 2190 3038 prteccpit
2223 2974 2282 3019 ut
2315 2981 2344 3018 e

778 3058 937 3126 lignis
972 3060 1255 3128 quadratis
1284 3062 1465 3114 navim
1493 3069 1799 3114 exstrueret
1831 3060 2007 3129 (juxta
2046 3058 2344 3111 nonnullos

774 3162 805 3200 e
839 3150 1001 3219 lignis
1022 3154 1222 3219 platani
1255 3148 1473 3218 Indicae)
1516 3152 1675 3220 cujus
1710 3151 1993 3215 longitudo
2019 3158 2165 3204 essm
2199 3148 2348 3201 cubi-

777 3218 959 3295 torum
994 3251 1077 3295 ter
1105 3252 1349 3307 centum,
1386 3218 1616 3297 latitudo
1651 3243 2068 3312 quinquaginta,
2113 3240 2346 3293 altitudo
2373 3218 2417 3276 θ

776 3337 1036 3404 triginta;
1069 3353 1297 3407 eamque
1331 3339 1565 3393 interius
1596 3346 1651 3391 et
1688 3339 1929 3392 exterius
1964 3339 2080 3407 pice
2106 3353 2170 3391 ac
2203 3337 2350 3390 bitu-

780 3430 927 3485 mine
972 3431 1199 3484 oblitam
1246 3432 1298 3483 in
1351 3442 1460 3485 tres
1509 3432 1950 3502 contignationes
2001 3430 2110 3499 36
2150 3431 2348 3484 distin-

779 3532 991 3592 gueret,
1039 3538 1270 3591 quarum
1314 3524 1520 3587 inﬁma,
1580 3525 1707 3581 feris
1760 3535 1908 3580 esset
1950 3531 2006 3578 et
2047 3525 2347 3591 jumentis;

779 3612 978 3677 media,
1025 3614 1374 3678 volucribus;
1430 3630 1706 3683 suprema,
1758 3616 1859 3683 ipsi
1919 3624 1972 3668 et
2018 3615 2146 3668 ﬁliis
2195 3617 2349 3681 suis;

778 3710 1037 3769 essetque
1089 3716 1243 3771 porta
1287 3704 1441 3759 navis
1496 3705 1549 3757 in
1600 3705 1768 3759 latere
1820 3705 1992 3774 ipsius
2036 3705 2101 3758 ad
2140 3713 2349 3773 partem

778 3793 1124 3858 orientalem,
1149 3795 1448 3865 ﬁerentque
1472 3798 1521 3849 in
1547 3797 1661 3866 ipsa
1694 3798 1797 3851 loci
1821 3813 1977 3866 aqua:
2004 3797 2348 3863 recipiendae,

780 3898 845 3937 ac
881 3886 1035 3940 locus
1063 3887 1207 3939 cibo.
1245 3888 1532 3957 ingressus
1559 3904 1690 3957 ergo
1733 3888 1882 3943 Noah
1914 3890 2229 3959 speluncam
2258 3890 2351 3944 Al-

779 3993 975 4039 eanuz,
1032 3988 1086 4030 et
1146 3977 1333 4040 Setini,
1390 3980 1622 4043 Enoclii,
1681 3979 1952 4044 Kaioani,
2003 3977 2349 4043 Mablalielis,

778 4069 981 4133 Jaredi,
1006 4070 1459 4135 Matimsbalecbi,
1482 4082 1535 4125 et
1557 4072 1811 4126 Lameclii
1839 4088 2069 4143 corpora
2119 4072 2350 4127 deoscu-

785 4162 949 4223 latus,
984 4177 1187 4231 corpus
1242 4162 1434 4216 Adami
1488 4181 1702 4232 unaque
1748 4166 2055 4220 oblationes
2105 4166 2350 4231 sustulit,

782 4252 989 4306 ferente
1037 4254 1198 4307 Semo
1236 4271 1464 4318 aurum,
1513 4253 1685 4309 llamo
1740 4260 2052 4328 myrrham,
2118 4257 2351 4327 Japbeto

782 4348 927 4399 thus.
962 4343 1177 4413 Egressi
1216 4348 1380 4417 igitur
1415 4356 1471 4401 ut
1523 4365 1552 4401 c
1591 4359 1771 4403 monte
1812 4361 2004 4403 sancto
2053 4351 2351 4404 descende-

780 4447 923 4500 rent,
955 4440 1189 4493 sublatis
1221 4442 1286 4493 ad
1320 4442 1636 4509 paradisum
1678 4444 1878 4507 oculis,
1926 4442 2120 4496 ﬁevere
2164 4443 2353 4495 dicen-

2450 1970 2732 2029 rumpente
2762 1971 2938 2015 autezu
2979 1972 3178 2016 eterra
3222 1978 3383 2032 aqua,
3414 1963 3705 2033 pluviaque
3751 1960 3818 2013 de
3856 1963 4028 2020 carm,

2449 2055 2805 2124 quadraginta
2836 2054 2954 2109 dies
2988 2066 3287 2123 noctesque
3321 2057 3614 2109 continuos
3663 2071 3836 2122 usque
3887 2056 4030 2106 adeo

2452 2148 2679 2203 invaluit
2726 2164 2864 2217 aqua
2920 2165 3082 2217 super
3118 2160 3344 2213 terram,
3376 2159 3434 2202 ut
3477 2152 3805 2204 altissimum
3836 2152 3930 2215 qui
3967 2151 4024 2203 in

2449 2248 2591 2295 terra
2629 2241 2800 2311 (sunt)
2832 2244 3093 2295 montium
3134 2242 3443 2312 quindecim
3472 2243 3673 2296 cubitis
3711 2253 4031 2307 superaret,

2447 2341 2718 2401 terrmque
2751 2331 3094 2401 superﬁciem
3127 2340 3345 2386 centum
3383 2341 3435 2385 et
3469 2333 3866 2402 quinquaginta
3903 2332 4029 2385 dies

2448 2428 2707 2492 oneriret,
2742 2428 2916 2483 donec
2948 2444 3055 2482 non
3082 2436 3396 2497 superesset
3426 2427 3480 2479 in
3516 2436 3661 2480 terra
3699 2427 3904 2479 animal
3946 2428 4030 2477 vel

2450 2521 2631 2588 planta
2666 2521 2794 2588 quin
2848 2520 3187 2589 perderetur.
3246 2519 3365 2574 Jam
3419 2524 3486 2577 ab
3518 2520 3726 2572 Adamo
3776 2520 3841 2571 ad
3889 2521 4037 2571 diiu-

2451 2612 2591 2663 viu-n
2644 2611 2771 2663 anni
2809 2619 2969 2664 erant
3020 2610 3106 2663 bis
3154 2612 3301 2664 mille
3349 2611 3569 2664 ducenti
3629 2611 4033 2678 quinquaginta

2449 2716 2565 2755 sex.
2596 2699 2727 2753 Post
2754 2700 2869 2754 dies
2905 2711 3030 2752 vero
3063 2716 3091 2754 a
3133 2701 3344 2755 diluvio
3374 2711 3590 2755 centum
3646 2712 3700 2755 et
3748 2703 4038 2768 quinqua-

2449 2793 2621 2863 ginta,
2660 2794 2906 2846 mittente
2943 2792 3053 2845 Deo
3085 2800 3305 2845 ventum
3339 2792 3432 2862 qui
3471 2806 3636 2861 super
3681 2801 3889 2845 terram
3940 2792 4038 2843 lla-

2451 2893 2555 2948 ret,
2584 2884 2721 2938 adeo
2754 2892 2811 2937 ut
2838 2883 3149 2951 quiesceret
3202 2898 3359 2951 aqua,
3407 2890 3687 2937 cessarent
3739 2883 3943 2943 fontes,
3983 2893 4038 2935 et

2451 2986 2801 3030 coerceretur
2831 2976 3039 3045 pluvia,
3074 2976 3240 3046 cmpit
3291 2991 3427 3044 aqua
3467 2976 3726 3029 continue
3754 2974 3862 3044 40
3895 2974 4035 3027 sub-

2451 3070 2627 3124 sidere
2666 3077 2720 3121 et
2750 3068 3068 3123 decrescere
3097 3083 3268 3137 usque
3312 3068 3379 3120 ad
3408 3083 3647 3121 mensem
3702 3069 4031 3133 SCptitnnn.

2457 3158 2660 3211 lleusis
2706 3164 2888 3210 autem
2940 3157 3184 3225 septimi,
3244 3159 3459 3210 scilicet
3514 3158 3718 3210 mensis
3760 3156 3863 3208 llul
3910 3158 4034 3225 (qui

2453 3248 2593 3303 idem
2644 3257 2729 3303 est
2762 3247 2930 3319 Tliut)
2986 3249 3073 3303 die
3112 3249 3320 3302 decimo
3352 3249 3581 3316 septimo
3628 3248 3835 3301 resedit
3880 3251 4040 3302 natis

2453 3357 2617 3410 Super
2645 3350 2830 3394 monte
2875 3340 3023 3395 dicto
3067 3340 3283 3399 Ararat.
3322 3339 3415 3408 qui
3444 3347 3527 3392 est
3564 3355 3719 3392 mons
3750 3339 3949 3391 Alluda
3981 3340 4039 3390 in

2452 3430 2643 3493 Musal,
2703 3429 2755 3484 in
2783 3430 3003 3499 regione
3064 3429 3397 3493 Diarrabiar,
3454 3430 3505 3481 in
3572 3429 3693 3481 vico
3757 3430 4043 3497 appellato

2453 3521 2665 3584 Korda;
2710 3529 2941 3575 vocatur
2976 3527 3156 3573 autem
3196 3521 3360 3574 hodie
3403 3530 3547 3574 terra
3600 3518 3937 3583 Tltamanin,
3981 3532 4043 3573 et

2453 3613 2629 3667 insula
2662 3612 2791 3666 Bani
2830 3612 3014 3666 Omar.
3045 3612 3295 3682 Cmnque
3327 3628 3436 3667 non
3475 3622 3719 3667 cessaret
3755 3628 3899 3682 aqua
3939 3614 4038 3665 de-

2452 3718 2703 3757 crescere
2729 3713 2779 3757 et
2816 3702 3101 3758 subsidere
3142 3720 3314 3773 usque
3354 3703 3419 3755 ad
3452 3719 3692 3757 mensem
3725 3704 4039 3765 decimum,

2456 3795 2631 3862 primo
2666 3796 2751 3845 die
2785 3796 2987 3847 mensis
3017 3793 3215 3847 decimi
3249 3808 3549 3863 apparuere
3582 3795 3847 3846 montium
3874 3794 4037 3860 juga,

2455 3884 2651 3938 deinde
2680 3894 2805 3953 post
2845 3884 3207 3953 quadraginta
3257 3883 3396 3946 dies,
3441 3894 3629 3952 aperta
3660 3885 3813 3936 navis
3848 3896 4034 3952 porta,

2453 3978 2629 4032 emisit
2666 3976 2817 4031 Noah
2860 3992 3085 4030 corvmn
3147 3976 3211 4030 ad
3260 3975 3652 4046 explorandum
3686 3992 3814 4029 num
3853 3978 4038 4029 exsic-

2453 4078 2572 4122 cata
2618 4077 2762 4123 esset
2809 4084 2946 4136 aqua
2981 4083 3008 4119 a
3039 4068 3329 4137 superlicie
3367 4076 3546 4130 terrm,
3583 4068 3675 4136 qui
3719 4068 3916 4121 abiens
3949 4086 4037 4119 re-

2455 4177 2647 4215 versus
2704 4177 2811 4214 non
2854 4170 2956 4215 est.
3002 4160 3151 4213 Misit
3195 4174 3326 4229 ergo
3375 4159 3708 4222 columbam,
3739 4174 3860 4227 qum
3913 4162 4039 4213 sine

2457 4269 2607 4306 mora
2645 4267 2864 4306 reversa
2903 4261 2987 4306 est
3018 4252 3251 4320 pedibus
3288 4266 3428 4321 aqua
3462 4250 3833 4314 madentibus,
3888 4253 4039 4307 unde

2453 4348 2707 4415 cognovit
2729 4345 2878 4399 Noah
2911 4345 3088 4399 adhuc
3125 4360 3247 4400 esse
3288 4360 3482 4415 aquam
3513 4359 3679 4413 super
3710 4354 3935 4399 terram.
3967 4347 4041 4398 ἧι

2455 4448 2576 4506 post
2599 4448 2799 4507 septem
2835 4438 2954 4490 dies
2985 4452 3110 4488 cum
3156 4438 3394 4488 mitteret
3437 4452 3631 4489 rursus
3684 4438 4031 4499 columbam,

778 4537 863 4582 tes
897 4549 909 4583 :
945 4530 1091 4591 Vale,
1124 4535 1370 4600 paradise
1396 4546 1583 4588 sancte
1622 4552 1635 4586 :
1674 4534 1992 4603 lapidesque
2024 4535 2347 4599 deosculati,
2383 4561 2427 4615 ο
2456 4542 2519 4580 ea
2560 4526 2625 4579 ad
2662 4528 2837 4597 ipsum
2874 4525 3109 4595 vesperi.
3162 4524 3215 4576 in
3249 4539 3344 4575 ore
3378 4522 3566 4576 Γοιίιιῐη
3610 4524 3763 4577 0|im
3808 4541 4032 4595 serens,

782 4635 845 4673 ac
871 4623 1092 4678 arbores
1122 4626 1353 4693 amplexi
1380 4626 1445 4678 de
1472 4633 1652 4681 monte
1698 4638 1888 4681 sancto
1913 4627 2348 4692 descenderunt;

784 4712 1190 4785 fabricatusque
1222 4725 1306 4770 est
1345 4715 1495 4769 Noah
1525 4718 1727 4771 navim.
1759 4718 1857 4771 Cui
1897 4718 2154 4772 indicavit
2186 4719 2349 4773 etiam

782 4804 1047 4861 Dominus
1091 4814 1147 4859 ut
1178 4823 1495 4876 campanam
1530 4824 1560 4863 e
1586 4808 1731 4877 ligno
1762 4808 1964 4877 platani
1998 4810 2194 4865 Indica:
2228 4826 2353 4863 cen-

784 4898 971 4951 ﬁccrct
1006 4910 1118 4953 tres
1156 4900 1373 4954 cubitos
1427 4900 1670 4970 longam,
1721 4901 2008 4956 latitudine
2060 4905 2350 4969 sesquicuc

782 4992 1025 5051 bitalem,
1056 4994 1211 5059 cuius
1246 4993 1407 5044 etiam
1454 4991 1681 5045 malleus
1707 5008 1770 5045 ex
1818 4992 2005 5045 eadem
2052 5002 2197 5047 esset
2244 5010 2351 5047 ma-

786 5084 916 5135 teria
949 5102 962 5136 :
991 5097 1154 5151 quam
1194 5093 1275 5135 ter
1316 5082 1561 5147 quotidie
1593 5084 1894 5150 pulsaret;
1933 5098 2113 5145 mane,
2146 5099 2254 5150 quo
2284 5084 2349 5135 ad

784 5173 960 5239 ipsum
990 5180 1687 5245 congregarenturoperte,
1723 5172 1923 5227 deinde
1954 5172 2021 5226 ad
2047 5174 2350 5237 meridiem,

783 5272 1030 5332 tempore
1057 5259 1309 5332 prandii;
1340 5278 1401 5317 ac
1424 5271 1617 5317 rurSus
1649 5252 2025 5337 vesperi,cum
2068 5264 2351 5317 disceden-

783 5355 911 5407 dum
940 5363 1119 5417 esset;
1151 5354 1401 5423 dixitque
1432 5355 1530 5423 ipsi
1572 5373 1585 5407 :
1620 5354 1756 5409 Cum
1791 5357 2074 5410 audientes
2120 5366 2170 5409 te
2203 5371 2351 5407 can:-

787 5461 981 5515 pauam
1024 5446 1351 5515 pulsantem,
1381 5428 1618 5500 dixerint
1652 5448 1748 5500 tibi
1788 5466 1801 5500 :
1836 5446 1976 5512 Quid
2017 5448 2114 5500 hoc
2154 5448 2225 5501 rei
2273 5457 2356 5500 est

784 5540 930 5607 quod
963 5539 1132 5593 facis?
1167 5540 1433 5608 responde
1486 5543 1661 5609 ipsis:
1721 5540 2077 5595 lmmissurus
2120 5552 2201 5593 est
2247 5539 2353 5594 Do-

786 5630 971 5684 minus
995 5630 1281 5684 diluvium.
1305 5629 1457 5686 Fecit
1489 5647 1617 5701 crgo
1651 5630 1801 5685 Noah
1831 5633 2012 5686 omnia
2042 5648 2162 5701 quas
2188 5632 2351 5700 jussit

788 5722 963 5788 ipsum
1020 5722 1299 5777 Dominus.
1355 5722 1607 5794 Misitque
1656 5725 1721 5776 ad
1784 5740 1906 5777 eum
1975 5723 2236 5777 Dominus
2285 5741 2348 5776 ex

791 5813 937 5866 omni
968 5814 1325 5870 animantium
1359 5832 1576 5888 genere.
1606 5817 1819 5873 scilicet
1845 5818 2163 5879 neemlilms,
2200 5817 2349 5870 volu-

2456 4632 2669 4671 reversa
2719 4625 2823 4672 est.
2872 4615 3009 4669 Tum
3046 4615 3136 4668 ubi
3173 4625 3377 4681 septem
3433 4616 3614 4670 adhuc
3661 4616 3777 4670 dies
3827 4632 4032 4688 exspe-

2454 4716 2678 4771 ctasset,
2709 4708 3016 4763 columbam
3063 4708 3257 4761 iterum
3305 4707 3508 4768 emisit.
3554 4722 3674 4778 qua:
3727 4710 3794 4763 ad
3840 4712 4029 4782 ipsum

2456 4817 2561 4855 non
2590 4801 2773 4855 rediit.
2802 4801 2936 4855 Cum
2984 4815 3114 4869 ergo
3148 4808 3269 4865 post
3310 4799 3422 4854 haec
3453 4816 3655 4870 septem
3697 4804 3815 4859 dies
3846 4820 4034 4860 mora-

2457 4906 2566 4954 tus.
2620 4896 2775 4949 navis
2811 4904 3022 4965 portam
3070 4897 3399 4965 aperuisset,
3440 4897 3744 4965 prospexit,
3784 4905 3840 4950 et
3897 4913 4033 4952 ecce

2455 4996 2598 5040 tv-rra
2655 4988 2878 5042 herbam
2919 4989 3143 5042 viridem
3180 4989 3530 5058 produxerat,
3586 4998 3639 5043 et
3682 4988 3751 5042 ab
3790 4990 3912 5059 ipsa
3947 5007 4037 5046 rc-

2455 5089 2738 5133 cesserant
2773 5094 2949 5148 aqum.
2992 5078 3257 5149 Egressus
3289 5089 3373 5136 est
3424 5097 3553 5151 ergo
3613 5082 3767 5137 Noah
3820 5100 3851 5137 e
3891 5101 4034 5140 nave

2460 5187 2579 5225 cum
2616 5172 2741 5226 ﬁliis
2772 5173 2908 5234 suis,
2939 5173 3120 5236 Samo,
3164 5172 3334 5225 "amo
3362 5180 3416 5227 et
3447 5173 3698 5243 Japheto,
3736 5191 3948 5244 suaque
3976 5188 4033 5231 et

2458 5265 2691 5317 filiorum
2725 5265 3011 5328 uxoribus,
3057 5265 3425 5335 omnibusque.
3458 5282 3578 5335 qua:
3628 5267 3677 5319 in
3727 5271 3852 5323 navi
3902 5285 4032 5323 cum

2457 5357 2576 5424 ipso
2616 5355 2766 5410 fuere
2812 5358 3202 5419 animantibus,
3254 5367 3383 5427 post
3438 5359 3574 5412 duos
3629 5359 3771 5412 ultra
3822 5376 4033 5415 annum

2457 5463 2693 5509 incuses,
2731 5450 2816 5502 die
2845 5449 3057 5503 decimo
3111 5452 3339 5519 septimo
3384 5448 3631 5522 ήιοάθ
3684 5454 3892 5507 mensis
3942 5472 4033 5508 sc-

2455 5542 2641 5604 condi,
2672 5540 2859 5595 Nisani
2887 5541 3096 5594 scilicet
3122 5543 3213 5609 qui
3243 5552 3296 5595 et
3317 5541 3458 5595 idem
3492 5540 3820 5595 Barmudab.
3851 5544 3991 5597 Cum
4014 5575 4026 5585 -

2456 5649 2560 5699 que
2609 5634 2816 5702 egressi
2871 5642 3055 5688 essent
3124 5634 3315 5686 urbem
3366 5642 3801 5697 exstruxerunt,
3862 5653 4029 5705 quam

2456 5724 2761 5778 Tliamaniu
2828 5724 3208 5793 appellarunt,
3281 5723 3437 5791 juxta
3495 5740 3783 5776 numerum
3868 5742 4026 5779 suum

2457 5819 2611 5888 quasi
2647 5819 2786 5872 dicat
2821 5838 2833 5871 :
2906 5817 3018 5871 Nos
3066 5827 3188 5869 octo
3226 5831 3438 5869 sumus.
3463 5817 3713 5884 Dixitque
3755 5818 4019 5871 Dominus
