4200 6432
185 426 290 489 917

187 549 405 611 potens,
439 539 728 607 glutiosus,
762 536 949 589 Noalm
988 550 1000 583 :

188 634 286 686 hac
321 648 563 700 unquam
600 630 889 684 diluvium.

254 721 402 787 Quin
460 728 512 773 et
553 720 736 787 posuit
795 720 1054 772 Dominus
1095 714 1281 769 Noalio
1318 715 1516 778 fmdus,
1555 713 1763 767 scilicet

192 829 381 867 arcum
416 813 471 865 in
513 812 750 864 nubibus
801 818 1184 879 apparentem,
1231 808 1421 862 dicens
1466 807 1569 874 ipsi
1607 826 1617 860 :
1658 804 1759 861 Ubi

187 904 541 973 conspexeris
573 918 757 957 arcum
792 904 980 964 istum,
1010 902 1113 955 erit
1152 902 1265 970 ipse
1286 902 1383 957 tibi
1413 902 1627 967 signum
1662 900 1761 954 fte-

185 999 356 1051 deris.
394 996 828 1064 Plantaruntque
865 995 958 1048 ﬁlii
996 993 1122 1049 Note
1157 997 1394 1057 vineam,
1441 1009 1471 1048 e
1500 1008 1605 1063 qua
1637 1010 1759 1048 cum

186 1088 373 1140 vinum
407 1102 596 1140 recens
634 1101 950 1153 expressum
978 1088 1116 1153 patri
1148 1101 1251 1141 suo
1282 1085 1468 1139 Noaiio
1494 1086 1762 1154 praabuis-

185 1190 330 1241 sent,
394 1180 590 1233 bibens
648 1179 765 1247 ipse
822 1179 1129 1233 inebriatus
1177 1187 1281 1242 est,
1319 1181 1455 1232 adeo
1507 1189 1565 1231 ut
1620 1179 1761 1233 inter

185 1271 648 1324 obdormieudum
703 1280 1038 1339 retegeretur
1068 1271 1348 1339 turpitudo
1380 1271 1580 1339 ipsius;
1616 1270 1759 1340 quod

186 1363 384 1415 videns
431 1362 659 1423 “annos,
705 1362 849 1425 risit,
884 1377 947 1417 ac
1001 1362 1268 1415 fratribus
1307 1362 1422 1416 suis
1472 1361 1757 1415 indicavit.

185 1457 482 1522 Axeeptam
533 1468 666 1523 ergo
702 1462 908 1508 vestem
967 1453 1093 1508 Sem
1146 1462 1199 1507 et
1236 1454 1433 1522 Japliet
1488 1454 1588 1508 sibi
1638 1455 1762 1523 inji-

183 1550 421 1607 cientes,
476 1546 767 1613 aversique
813 1553 1032 1612 euntes,
1085 1561 1151 1598 ne
1180 1547 1441 1616 pudorem
1475 1549 1645 1616 patris
1677 1548 1761 1602 sui

183 1640 601 1708 conspicerent,
654 1638 830 1707 pattis
873 1639 1134 1708 pudorem
1169 1639 1513 1693 obtcxerunt.
1555 1639 1757 1707 Exper-

188 1745 377 1785 reelus
430 1741 611 1787 autem
663 1747 692 1785 e
728 1746 925 1785 somno
976 1745 1077 1785 suo
1129 1729 1303 1794 Noali,
1349 1744 1607 1786 narrante
1656 1733 1756 1801 ipsi

188 1825 321 1890 quid
375 1833 590 1890 gestum
630 1823 827 1885 fuerat,
878 1838 1069 1883 uxore,
1104 1824 1277 1876 llamo
1306 1839 1407 1879 suo
1444 1825 1556 1878 lilio
1587 1826 1758 1880 iratus
1791 1862 1833 1916 Β

184 1915 491 1976 maledixit,
524 1915 753 1969 dicens:
781 1914 1099 1969 Maledictus
1154 1916 1225 1969 sit
1271 1916 1435 1981 ﬁam,
1461 1927 1514 1970 et
1566 1932 1757 1973 servus

188 2008 458 2060 fratribus
505 2007 638 2060 sitis.
678 2008 807 2061 Post
845 2008 979 2070 haec,
1010 2023 1131 2061 cum
1162 2009 1458 2072 accepisset
1489 2009 1589 2063 sibi
1624 2008 1754 2063 llam

185 2100 372 2150 onmia
428 2098 793 2151 instrumenta
848 2098 1078 2163 ludicra,
1128 2100 1229 2153 bac
1278 2102 1444 2153 etiam
1496 2116 1557 2154 ex
1607 2112 1758 2169 parte

186 2192 543 2243 maledictum
573 2202 655 2245 est
687 2191 813 2260 ipsi,
846 2192 1133 2260 factusque
1159 2202 1244 2247 est
1274 2209 1467 2248 servus
1498 2194 1757 2249 fratribus

189 2299 344 2343 sms;
414 2283 529 2350 ipse
588 2283 798 2336 scilicet
853 2298 915 2336 ac
975 2284 1175 2352 posteri
1234 2285 1426 2352 ipsius,
1480 2286 1571 2355 qui
1629 2296 1757 2338 sunt

187 2374 457 2443 Aigvptii,
514 2371 754 2443 Nigritm,
786 2372 1096 2443 Ethiopes,
1128 2385 1180 2429 ct
1229 2375 1320 2444 (ut
1357 2377 1590 2441 dieitur)
1626 2367 1756 2429 itar-

185 2463 326 2514 liari.
374 2463 594 2516 Duobus
655 2475 838 2523 autem
888 2472 1013 2533 post
1064 2465 1329 2518 diluvium
1386 2467 1545 2520 annis
1596 2477 1757 2523 natus

185 2565 270 2608 est
295 2552 463 2609 Semo
510 2555 926 2621 Arpliaebsliad,
960 2556 1123 2612 Semo
1153 2558 1263 2625 jam
1288 2567 1504 2612 centum
1540 2568 1591 2612 et
1623 2559 1769 2621 duos,

184 2662 365 2701 annos
411 2655 564 2701 nato.
601 2646 854 2714 Vixitque
881 2646 1032 2700 Noab
1067 2647 1176 2719 44
1206 2658 1328 2718 post
1367 2650 1627 2703 diluvium
1657 2665 1755 2703 an-

185 2755 285 2793 nos
333 2748 638 2793 tercentum
676 2750 727 2792 et
762 2740 1178 2811 quinquaginta.

254 2829 418 2882 Morti
447 2841 627 2883 autem
666 2830 775 2897 jam
812 2831 1023 2885 vicinus
1050 2832 1306 2900 praecepit
1331 2831 1477 2886 Noab
1505 2832 1668 2887 Semo
1700 2835 1758 2886 li-
1786 2897 1795 2903 δ

185 2924 255 2975 lio
284 2937 407 2979 suo.
436 2924 573 2975 clam
613 2924 716 2991 ipsi
759 2924 945 2983 dicens
972 2924 1114 2978 :Fac
1142 2934 1199 2979 ut
1240 2940 1471 2995 corpore
1513 2927 1702 2980 Adami
1729 2944 1758 2982 e

184 3015 330 3078 navi,
364 3014 582 3066 nemine
607 3016 854 3070 conscio.
896 3015 1135 3081 sublato,
1189 3020 1539 3087 acceptisque
1582 3029 1757 3073 terum

183 3108 236 3159 in
278 3105 541 3158 viaticqu
570 3120 705 3172 pane
748 3122 809 3161 ac
852 3108 999 3170 vino,
1042 3119 1093 3162 et
1121 3110 1292 3163 ascito
1332 3110 1759 3165 Melchisedcclio

186 3201 408 3254 l‘haleki
438 3201 565 3264 lilio,
593 3201 1203 3269 proﬁciscamini‘donec
1229 3204 1299 3257 ibi
1324 3205 1496 3273 ipsum
1518 3206 1759 3273 depona-
1792 3210 1834 3270 (ἶ
1869 3206 2081 3266 Adami,

184 3295 255 3347 tis
301 3292 392 3345 ubi
428 3292 772 3346 indicaturus
804 3304 885 3347 est
915 3297 1141 3363 angelus
1175 3295 1412 3349 Domini.
1441 3294 1504 3350 Et
1531 3297 1755 3352 Melchi-

183 3385 422 3440 sedeclio
452 3386 987 3455 pragcipiensjubeas
1028 3389 1202 3458 ipsum
1258 3405 1322 3443 eo
1363 3390 1465 3444 loci
1493 3393 1651 3447 sedes
1700 3395 1763 3447 li-

182 3492 330 3541 gere,
382 3492 607 3530 uxorem
656 3494 765 3531 non
817 3479 1038 3542 ducere,
1068 3480 1164 3533 sed
1212 3481 1402 3549 pietati
1450 3497 1543 3550 per
1590 3491 1759 3539 totam

181 3572 346 3621 vitam
376 3586 435 3624 se
464 3570 1029 3639 addicere;quoniam
1073 3572 1248 3640 ipsum
1294 3574 1455 3640 elegit
1496 3576 1759 3632 Dominus

186 3675 241 3713 ut
267 3662 441 3715 enltui
485 3663 603 3729 ejus
636 3664 925 3718 inserviat.
952 3662 1060 3717 Nec
1104 3679 1230 3729 ergo
1271 3665 1490 3719 domum
1535 3667 1636 3720 sibi
1666 3684 1760 3722 ex-

183 3762 398 3815 struat;
426 3766 525 3804 nec
544 3754 863 3822 sanguinem
890 3753 957 3805 ibi
988 3752 1089 3804 lori
1112 3752 1322 3815 fundat,
1348 3754 1428 3806 vel
1449 3755 1653 3821 bestia},
1680 3757 1761 3809 vel

181 3844 449 3905 volucris,
488 3844 569 3896 vel
617 3844 867 3897 animalis
908 3844 1193 3911 cujusvis;
1256 3860 1434 3915 neque
1469 3846 1629 3899 alia-n
1689 3845 1761 3901 ibi

183 3936 378 3989 oll'erat
440 3934 776 3989 oblationem
833 3951 995 4005 quam
1043 3951 1235 4004 panem
1288 3946 1341 3989 et
1386 3937 1591 4001 vinum,
1641 3953 1761 4006 qure

188 4029 423 4082 Domino
460 4027 675 4089 oﬂ'eret.
725 4029 906 4095 sitque
956 4045 985 4081 e
1040 4028 1267 4097 pellibus
1321 4028 1553 4084 leoninis
1602 4030 1762 4083 indu-

186 4132 435 4175 mentum
490 4123 696 4198 ipsius;
750 4138 849 4177 nec
889 4124 1073 4190 crines
1124 4121 1365 4185 tondeat,
1411 4140 1509 4176 nee.
1553 4141 1762 4194 ungues

186 4213 473 4282 prme’dat,
536 4200 795 4283 Solusque
852 4224 1191 4282 permaneat,
1256 4217 1457 4284 quippe
1518 4217 1607 4285 qui
1671 4218 1759 4272 Dei

186 4307 446 4360 altissimi
500 4307 762 4360 sacerdos
795 4316 899 4377 est.
936 4306 1154 4361 Prmibit
1196 4317 1378 4362 autem
1407 4309 1565 4364 vobis
1598 4325 1762 4376 ange-

187 4399 272 4451 lus
324 4396 542 4449 Domini
599 4397 774 4452 donee
826 4400 892 4451 ad
951 4399 1130 4452 locum
1169 4401 1257 4453 ubi
1312 4401 1581 4470 sepulturi
1630 4402 1763 4455 estis

142 4486 386 4540 ‘Adami
455 4502 655 4555 Corpus
715 4489 1085 4561 pervenistis;
1142 4491 1285 4544 scias
1344 4499 1525 4543 autem
1581 4492 1757 4544 locum

1627 412 1994 472 ANNALES.

1044 531 1159 583 Non
1196 532 1441 583 futurum
1494 537 1577 579 est
1611 532 1758 595 post-
1785 521 1834 579 Α
1865 540 1976 583 ιιιιιι
2018 542 2195 582 autem
2233 530 2353 581 vita:
2389 530 2621 583 liaiuani
2672 530 2797 581 anni
2847 527 3223 597 quadringenti
3259 536 3305 579 et
3336 535 3432 585 tri-

3324 418 3431 487 918

1864 624 2034 693 ginta.
2097 621 2367 676 Slzalecbo
2426 633 2550 689 post
2604 636 2780 675 anuos
2828 632 3048 675 centum
3104 632 3155 675 ct
3210 622 3431 690 triginta

1866 728 2029 771 natus
2086 728 2171 771 est
2232 716 2410 779 Elter;
2470 724 2753 785 totamque
2809 714 2957 784 quod
3012 715 3146 769 vixit
3199 713 3431 775 Slialeclt

1864 812 2247 880 quadringenti
2278 823 2325 861 et
2362 810 2671 878 sexaginta,
2694 809 2844 863 ,Eber
2869 816 3049 861 autem
3084 808 3431 862 Hebraeorum

1864 915 2015 973 pater
2044 910 2147 964 est,
2185 918 2344 970 quem
2383 903 2588 955 Arabes
2622 900 2737 953 llud
2768 901 3065 971 appellant.
3103 898 3279 952 Ebero
3310 909 3432 968 post

1864 1012 2035 1051 annos
2074 1004 2292 1050 centum
2345 996 2564 1065 triginta
2601 1003 2835 1058 quatuor
2872 1003 3029 1047 natus
3070 1003 3152 1045 est
3189 990 3427 1056 Plialek;

1865 1092 1957 1156 qui
1996 1091 2118 1143 ideo
2155 1090 2259 1141 boc
2313 1088 2531 1141 nomine
2564 1086 2872 1157 appellatus
2924 1094 3007 1139 est
3057 1084 3200 1154 quod
3254 1083 3429 1153 ipsius

1866 1193 2113 1253 tempore
2141 1182 2316 1237 divisa
2347 1191 2498 1237 esset
2528 1190 2698 1235 terra.

1936 1272 2105 1325 Porro
2136 1271 2332 1334 Ebero,
2382 1279 2504 1341 post
2535 1270 2855 1333 Plialekum,
2891 1274 3051 1323 natus
3080 1277 3166 1323 est
3191 1268 3429 1334 Kalitau,

1863 1368 1956 1435 qui
2006 1364 2240 1420 Arabum
2284 1374 2455 1435 pater.
2492 1364 2621 1431 Ejus
2652 1376 2893 1433 tempore
2924 1364 3168 1433 cujusvis
3201 1364 3282 1416 vel
3318 1362 3430 1417 for-

1865 1457 2122 1517 titudine.
2165 1456 2248 1510 vel
2297 1456 2484 1511 forma:
2526 1457 2835 1524 praestantia
2871 1456 3124 1524 insignis,
3174 1454 3262 1508 Vel
3294 1470 3428 1509 con-

1867 1550 1991 1604 silio
2024 1550 2351 1617 prmstautis,
2395 1549 2473 1603 vel
2508 1547 2649 1601 fama
2683 1547 2906 1600 illustris
2947 1548 3238 1616 imaginem
3275 1546 3430 1613 depi-

1863 1648 2006 1693 ctam
2036 1640 2287 1693 colebant
2315 1640 2585 1693 homines.
2618 1638 2796 1693 Causa
2844 1638 2987 1692 enim
3023 1638 3207 1692 cultus
3239 1638 3432 1707 imagi-

1863 1731 2023 1785 nibus
2055 1730 2281 1797 prtestiti
2312 1731 2424 1784 inec
2458 1731 2577 1789 fuit.
2610 1730 2751 1799 quod
2784 1730 2913 1784 olim
2945 1745 3067 1782 cum
3120 1739 3431 1782 moreretur

1863 1838 1926 1877 ex
1970 1822 2099 1891 ipsis
2133 1824 2216 1877 vir
2254 1823 2451 1892 aliquis
2484 1823 2773 1893 prudentia
2805 1833 2857 1877 et
2885 1821 3119 1876 consilio
3167 1823 3283 1877 sive
3322 1820 3433 1874 for-

1867 1916 2104 1970 titudine
2146 1925 2436 1981 praestans,
2484 1914 2716 1984 eﬂigietu
2755 1916 2926 1983 ipsius
2973 1915 3027 1966 in
3074 1914 3430 1968 concessions

1866 2008 2262 2077 depingerent;
2295 2006 2492 2063 deinde
2534 2022 2656 2060 eum
2693 2006 2822 2074 quid
2860 2006 2995 2075 grati
3032 2006 3169 2075 ipsis
3214 2006 3428 2060 accide-

1867 2110 1947 2153 ret
1981 2102 2047 2155 de
2075 2116 2185 2169 quo
2213 2099 2539 2167 captandum
2571 2107 2717 2153 esset
2762 2098 3080 2161 consilium,
3115 2100 3255 2167 apud
3288 2097 3433 2150 ima-

1867 2194 2045 2260 ginem
2082 2192 2239 2246 istam
2281 2191 2670 2246 convenientes
2701 2188 2812 2261 48
2843 2188 3241 2253 consultarent,
3274 2188 3430 2258 quasi

1868 2287 2083 2339 adesset
2132 2285 2261 2351 ipsis
2317 2284 2461 2338 inter
2506 2282 2931 2337 consultandum
2974 2284 3153 2351 imago
3203 2282 3329 2356 ista,
3365 2297 3433 2336 ne

1864 2378 2080 2432 deesset
2134 2371 2270 2445 ipsis
2326 2377 2377 2429 in
2432 2376 2669 2430 consilio
2725 2374 2961 2440 alicujus
3017 2383 3428 2428 antecessorum

1867 2469 2047 2538 imago
2082 2485 2097 2521 ε
2130 2468 2272 2537 quod
2309 2483 2432 2523 cum
2470 2468 2649 2522 facere
2678 2477 3112 2537 perseverarent,
3142 2467 3206 2519 ad
3240 2467 3432 2536 imagi—

1866 2578 1996 2614 num
2033 2560 2238 2615 cultum
2290 2559 2498 2628 delapsi
2533 2569 2683 2614 sunt.
2725 2561 2770 2615 Α
2799 2569 3045 2629 tempore
3077 2570 3257 2619 autem
3292 2560 3435 2613 dilu-

1866 2655 1938 2707 vii
1986 2654 2050 2708 ad
2090 2653 2428 2707 nativitatem
2463 2651 2683 2707 Plialeki
2758 2651 3249 2721 (intercesserunt)
3303 2651 3430 2705 anni

1866 2746 2144 2813 quingenti
2177 2744 2399 2813 triginta
2430 2753 2483 2799 et
2514 2760 2677 2799 unus.
2708 2744 2786 2797 Ab
2810 2745 3020 2797 Adamn
3039 2744 3103 2797 ad
3135 2742 3431 2796 Phalekum

1870 2845 2059 2892 natum
2094 2837 2218 2891 anni
2246 2837 2331 2890 bis
2364 2836 2508 2890 mille
2535 2836 2858 2903 septingenti
2888 2842 3161 2903 octoginta
3196 2845 3430 2902 septem.

1868 2928 2040 2984 Natus
2081 2939 2164 2983 est
2215 2939 2396 2982 autem
2453 2926 2687 2983 Plialrko
2737 2926 3100 2981 lileleliisedek
3152 2926 3451 2983 sacerdos..

1868 3021 2018 3075 Fecit
2066 3037 2195 3089 ergo
2233 3020 2357 3074 Sem
2394 3021 2533 3073 sicut
2588 3028 2921 3088 prmeeperat
2962 3020 3061 3086 ipsi
3095 3029 3249 3088 pater
3287 3020 3428 3084 ejus,

1866 3111 2062 3175 Noah;
2121 3122 2175 3166 et
2233 3114 2411 3165 navim
2474 3120 2635 3165 noctu
2700 3110 2978 3179 ingressus
3043 3110 3168 3165 inde
3225 3125 3426 3177 corpus

2158 3205 2373 3257 nemine
2431 3202 2554 3257 facti
2615 3205 2863 3264 conscio,
2923 3202 3177 3267 susntlit;
3233 3201 3431 3255 deinde

1862 3297 2173 3349 convoeatis
2226 3295 2505 3360 fratribus,
2548 3294 2686 3348 dixit
2713 3313 2726 3348 :
2756 3294 2815 3348 In
2846 3293 3117 3348 mandatis
3164 3292 3297 3345 milii
3330 3293 3434 3346 sub

1864 3399 2037 3443 morte
2087 3405 2182 3441 sua
2239 3388 2389 3441 dedit
2441 3394 2613 3455 pater,
2651 3396 2711 3439 ut
2769 3386 2821 3439 in
2877 3395 3022 3439 terra
3075 3383 3434 3455 progrederer

1863 3478 2047 3549 usque'
2083 3480 2212 3534 dum
2247 3477 2313 3531 ad
2337 3478 2877 3547 marepertingerem,
2912 3476 3264 3543 videremque
3292 3491 3431 3543 quo-

1862 3573 2023 3626 modo
2068 3585 2126 3626 se
2176 3571 2400 3627 haberet
2445 3578 2587 3624 terra
2636 3569 2865 3637 ejusque
2909 3568 3058 3621 ﬂuvii
3123 3583 3185 3622 ac
3241 3568 3428 3630 valles,

1864 3676 1976 3719 tum
2015 3662 2081 3717 ad
2143 3678 2240 3717 vos
2290 3670 2616 3717 reverterer.
2656 3660 2889 3715 Uxorem
2940 3675 3070 3731 ergo
3117 3676 3181 3715 ac
3231 3661 3430 3714 liberos

1866 3774 2015 3811 meos
2075 3756 2213 3823 apud
2271 3771 2366 3809 vos
2425 3755 2693 3824 relinquo,
2752 3769 2891 3824 quos
2952 3753 3182 3808 servetis
3264 3753 3426 3805 velim

1863 3866 2035 3917 usque
2085 3850 2213 3902 dum
2261 3850 2324 3901 ad
2361 3864 2458 3903 vos
2505 3856 2785 3911 revertar;
2824 3845 3060 3900 Plialeko
3113 3852 3292 3897 autem
3329 3845 3429 3897 di-

1864 3944 1943 3997 xit
1979 3964 1991 3997 :
2034 3941 2177 3996 Cede
2220 3940 2351 3994 mihi
2405 3939 2570 3991 lilium
2615 3949 2764 3991 tuum
2818 3936 3275 3991 ltlelcbisedeknm
3334 3935 3426 4002 qui

1865 4036 2007 4107 mihi,
2048 4034 2248 4089 auxilio
2285 4034 2360 4089 sit
2400 4035 2453 4085 in
2503 4033 2615 4087 via.
2647 4031 2781 4085 Cum
2815 4044 2970 4098 ergo,
3017 4029 3314 4095 assumptis
3347 4043 3433 4080 se-

1866 4144 1985 4182 cum
2038 4108 2504 4194 Adami'corpore
2538 4133 2591 4178 et
2650 4124 3111 4182 Melcliisedeclio.
3156 4123 3433 4191 profectus

1866 4228 2012 4274 esset
2063 4218 2212 4281 Seni,
2240 4218 2484 4272 occurrit
2526 4217 2660 4285 ipsis
2690 4216 2916 4286 angelus
2949 4215 3193 4277 Demini,
3231 4230 3331 4268 nec
3366 4215 3434 4267 ab

1867 4312 2002 4380 ipsis
2053 4311 2325 4372 discessit,
2373 4310 2549 4363 donec
2600 4309 2681 4363 eis
2718 4308 2784 4362 ad
2832 4308 3067 4361 medium
3115 4315 3273 4361 terra:
3307 4322 3431 4372 per-

1869 4405 2043 4459 ductis
2099 4404 2278 4459 locum
2312 4403 2678 4468 ostendisset;
2721 4402 2807 4456 cui
2838 4416 2961 4484 cum
3007 4415 3213 4469 corpus
3244 4401 3433 4454 Adami

1870 4496 2281 4564 imposuissent.
2350 4503 2541 4563 Sponte
2611 4508 2710 4547 sua
2779 4492 3099 4547 dehiscebat
3163 4509 3178 4545 :
3241 4492 3437 4546 deimle

190 4583 358 4634 istum
416 4587 576 4632 terra:
633 4580 868 4633 medium
919 4576 1069 4636 esse."
1097 4579 1222 4634 Haec
1253 4598 1376 4634 cum
1429 4581 1591 4635 Semo
1622 4598 1763 4651 prae-
1870 4588 2120 4657 deposito
2172 4588 2226 4639 iu
2274 4587 2393 4656 ipso
2441 4576 2692 4653 corpore,
2752 4582 2973 4638 rursum
3026 4584 3281 4637 occiusus
3329 4594 3433 4638 est.

190 4673 451 4738 cepisset,
507 4681 752 4726 mortuus
793 4682 876 4725 est
928 4673 1103 4731 Noah.
1159 4675 1248 4727 die
1298 4671 1575 4735 Mercurii,
1630 4677 1761 4728 liora

188 4763 297 4816 diei
352 4763 619 4823 secunda,
656 4765 901 4816 secundo
944 4765 1153 4819 mensis
1184 4765 1347 4835 Ayar,
1385 4766 1474 4833 qui
1508 4767 1648 4819 idem
1684 4779 1767 4820 est

197 4868 260 4903 ac
308 4836 611 4931 ‘Bashnes;
652 4854 882 4922 fuitque.
917 4856 1027 4917 vita
1078 4854 1252 4908 Noahi
1305 4871 1568 4908 annorum
1623 4872 1763 4911 non-

190 4956 483 5011 gentorum
522 4947 937 5014 quinquaginta.
970 4946 1213 5015 Contigit
1257 4959 1435 5000 autem
1473 4947 1575 5003 hoc
1622 4964 1767 5001 anno

191 5037 373 5089 atatis
400 5035 548 5089 Semi
576 5036 1122 5107 quadringentesimo
1148 5016 1618 5106 quinquagesimo.
1646 5038 1768 5093 Pol-

190 5132 424 5198 tinctum
454 5146 585 5199 ergo
612 5132 790 5200 ipsum
822 5132 1153 5201 sepelierunt
1198 5130 1440 5204 45-47
1475 5134 1567 5187 filii
1593 5134 1766 5204 ipsius

148 5224 151 5225 ⁷
194 5225 347 5286 Sem,
382 5221 541 5282 llam,
594 5232 647 5275 et
682 5221 898 5293 Japliet,
934 5239 997 5277 ac
1038 5225 1401 5293 quadraginta
1458 5226 1573 5280 dies
1611 5226 1767 5296 plan-

189 5323 421 5369 xerunt.
454 5313 649 5367 Totum
697 5325 879 5369 autem
937 5320 1083 5386 quod
1136 5316 1273 5369 vixit
1308 5316 1454 5380 Seni,
1499 5333 1767 5385 annorum

190 5414 309 5458 erat
343 5413 772 5472 sescentorum;
804 5422 1036 5476 quorum
1070 5418 1285 5461 centum
1319 5418 1448 5462 ante
1484 5409 1771 5474 diluvium,

201 5506 325 5566 post
374 5498 641 5552 diluvium
678 5500 984 5569 quingenti.
1022 5500 1474 5570 Arphaclisbado,
1521 5511 1645 5570 post
1675 5516 1773 5553 an-

198 5607 299 5644 nos
349 5599 569 5644 centum
633 5592 857 5659 triginta.
905 5592 1169 5661 quinque,
1210 5602 1368 5646 natus
1412 5601 1493 5645 est
1527 5592 1771 5659 Kainan;

194 5693 366 5761 totum
397 5695 579 5736 autem
608 5684 753 5751 quod
780 5684 914 5737 vixit-
941 5684 1330 5750 A—rpliacbsliad
1353 5694 1470 5739 erat
1502 5699 1765 5739 annorum

196 5776 723 5845 quadringentorum
756 5778 1032 5846 sexaginta
1064 5778 1325 5846 quinque.
1364 5775 1611 5828 Kainaao
1646 5784 1766 5843 post

202 5882 375 5924 annos
430 5877 651 5925 centum
680 5877 735 5925 et
784 5870 1004 5939 triginta
1054 5879 1214 5925 natus
1247 5878 1327 5926 cst
1361 5869 1633 5933 Slialet'it;
1687 5879 1767 5923 l0-

1820 4655 1831 4683 i
1867 4655 2070 4731 Nomen
2118 4655 2307 4731 autem
2336 4677 2437 4731 loci
2482 4677 2638 4731 istius
2675 4685 2759 4731 est
2795 4674 3046 4744 Jaljalah,
3080 4674 3318 4746 49-51
3380 4675 3431 4729 id

1866 4776 1970 4832 est,
2008 4766 2278 4819 cranium.

1939 4858 2076 4912 Tum
2108 4859 2362 4927 praecepit
2390 4857 2511 4911 Seni
2540 4855 2934 4910 Melchisedeko
2967 4857 3149 4909 omnia
3180 4872 3301 4924 qure
3322 4856 3438 4923 jus-

1870 4959 2014 5008 serat
2045 4951 2219 5018 ipsum
2255 4948 2428 5012 Noah,
2462 4949 2647 5003 dicens
2679 4947 2751 5001 illi
2787 4963 2801 5000 :
2830 4944 2928 5000 llic
2956 4961 3183 5001 manens
3215 4947 3293 4999 sis
3328 4946 3437 5000 Do-

1820 5090 1823 5093 .
1872 5041 2019 5096 mino
2050 5039 2329 5102 sacerdos,
2358 5039 2614 5108 quoniam
2648 5038 2813 5107 elegit
2847 5045 2899 5093 te
2924 5037 3187 5091 Dominus
3219 5037 3285 5089 ad
3320 5038 3441 5091 cul-

1874 5133 2120 5185 tum‘sibi
2156 5132 2562 5199 praestandum;
2595 5139 2760 5200 atque
2808 5131 3034 5199 angelus
3082 5131 3184 5184 iste
3226 5129 3439 5182 Domini

1824 5203 1834 5223 ’
1875 5225 1943 5279 ad
1972 5232 2025 5277 te
2056 5224 2318 5278 continue
2347 5223 2661 5277 descendet.
2706 5223 2910 5277 Deinde
2950 5222 3014 5275 ad
3065 5223 3262 5276 fratres
3317 5238 3444 5275 suos

1875 5332 2148 5379 reversus,
2192 5304 2546 5384 interroganti
2587 5314 2842 5379 Plialeko,
2878 5315 3097 5368 ubinam
3128 5324 3275 5368 esset
3307 5312 3442 5365 Mel-

1878 5406 2132 5461 chisedek
2160 5407 2330 5477 puer?
2357 5406 2657 5475 respondit,
2684 5421 2742 5462 se
2774 5406 2950 5474 ipsum
2980 5410 3033 5460 iu
3058 5408 3139 5459 via
3167 5417 3442 5459 mortuum

1880 5499 2194 5568 sepeliisse;
2233 5514 2423 5569 magna
2456 5512 2583 5565 ergo
2638 5498 2706 5549 ob
2760 5496 2937 5567 ipsmn
2992 5496 3214 5550 tristitia
3267 5496 3443 5551 allecti

1880 5603 2028 5648 sunt.
2064 5591 2220 5645 Anno
2255 5601 2431 5644 autem
2465 5591 2587 5643 vitae
2621 5589 2781 5643 Eberi
2847 5589 3247 5657 septuagesimo
3297 5603 3446 5641 mor-

1882 5694 2005 5739 tuus
2041 5681 2561 5751 estArpbachsliad.
2595 5696 2780 5736 mense
2813 5681 2978 5734 Nisan
3009 5680 3123 5749 (qui
3176 5688 3260 5731 est
3308 5678 3445 5731 llar-

1883 5776 2137 5845 mudab);
2176 5774 2385 5843 fuitque
2421 5776 2531 5827 vita
2565 5774 2739 5843 ipsius
2776 5788 3043 5826 annorum
3075 5770 3445 5839 quadringen-

1883 5878 2061 5924 totum
2106 5868 2386 5936 sexaginta
2440 5866 2700 5935 quinque.
2747 5862 2903 5918 Anno
2949 5876 3077 5916 vero
3110 5862 3230 5916 vita:
3284 5858 3445 5914 liberi
