4200 6432
755 367 859 426 919

1806 373 2164 432 EU'i'YCHlI
2218 374 2743 436 ALEXANUlilNl
2795 379 3006 436 ΡΑΤιι.

3891 379 3999 444 9ἓο

756 482 1058 533 ('CIIII'Silllt)
1091 485 1508 540 tertiommtutts
1532 495 1614 541 est
1644 487 1766 539 Seni
1798 530 1811 549 ,
1847 487 2010 542 Noabi
2045 488 2207 549 filius,
2242 489 2328 542 die
2355 492 2401 547 A
2434 490 2727 559 Togalgar,
2757 492 3018 554 Al—Tobt,
3057 489 3208 560 Yajui
3240 502 3292 545 et
3322 490 3506 560 ilajui,
3537 492 3865 555 Al-Cliozar,
3910 495 3999 547 Al-

760 570 1006 633 Veneris,
1038 588 1221 627 nn-nse
1258 574 1353 628 llul
1389 580 1498 645 (qui
1530 587 1611 630 est
1641 577 1809 642 Thm)
1842 594 1964 632 cum
1992 594 2168 632 annos
2192 596 2317 633 sett-

755 669 945 713 centos
980 664 1227 717 ViXiSSl‘l.
1270 667 1573 736 Tutumque
1611 669 1754 736 quod
1792 670 1920 722 vixit
1963 669 2101 723 Eber
2138 687 2313 724 anno-

755 766 873 804 rum
902 762 1019 806 erat
1046 756 1569 826 quadringentorum
1598 770 1877 827 sexaginta
1906 774 2160 831 quatuor.
2194 762 2323 816 Fuit

755 852 886 898 tunc
926 847 1190 915 temporis
1220 848 1396 916 lingua
1431 851 1709 904 hominum
1732 867 1858 912 una,
1895 867 2075 906 sermo
2115 870 2258 907 unus
2300 868 2315 905 :

752 936 938 1004 lingua
997 939 1203 993 scilicet
1228 938 1383 1008 juxta
1420 944 1711 995 nonnullos
1740 942 1984 1013 Syriaca,
2007 945 2161 1013 juxta
2187 945 2322 1000 alios

754 1028 1047 1092 llebraica,
1100 1031 1255 1099 juxta
1316 1033 1455 1089 alios
1496 1034 1711 1101 Graeca;
1766 1052 1995 1105 quorum
2050 1038 2323 1091 sententia

753 1123 884 1176 mihi
922 1125 1231 1178 verisimilis
1272 1127 1488 1180 videtur
1520 1168 1536 1192 ,
1570 1131 1712 1197 quod
1746 1131 1927 1199 lingua
1966 1131 2176 1198 Graeca,
2222 1131 2323 1203 Sy—

755 1218 899 1267 riaca
934 1227 988 1271 et
1034 1215 1297 1273 Hebraica
1344 1220 1553 1274 firmius
1589 1221 1837 1284 fundata,
1872 1224 2138 1290 latiorque
2164 1226 2235 1278 sit
2265 1238 2329 1278 ac

753 1307 1006 1376 amplior.
1041 1309 1367 1378 Congregali
1400 1324 1532 1381 ergo
1567 1326 1628 1365 ex
1662 1312 1796 1380 ipsis
1843 1314 1940 1366 viri
1988 1316 2327 1385 septuaginta

753 1404 863 1449 duo
910 1397 1167 1450 dixerunt
1223 1416 1236 1450 :
1284 1397 1601 1454 Condamus
1637 1400 1871 1464 urbem,
1926 1416 2157 1470 eamque
2206 1417 2329 1457 arce

756 1490 1067 1544 muniamus
1103 1490 1154 1542 in
1193 1506 1298 1559 qna
1331 1492 1519 1544 turrim
1551 1501 1899 1547 cxstruamus
1937 1509 2057 1562 quae
2095 1494 2157 1547 ad
2208 1509 2325 1549 ca:-

756 1584 867 1634 lmn
907 1585 1204 1651 pertingat,
1238 1593 1297 1637 ut
1334 1590 1381 1638 si
1416 1584 1555 1637 forte
1598 1585 1882 1654 contingat
1917 1586 2208 1654 aliquando
2244 1587 2330 1639 di-

756 1674 983 1737 luvium,
1014 1674 1083 1728 ab
1108 1690 1171 1727 eo
1192 1675 1509 1728 liberemur.
1535 1672 1669 1729 Tres
1695 1690 1825 1743 ergo
1859 1691 2032 1729 annos
2064 1676 2331 1731 lateribus

754 1760 1114 1815 conficiendis
1132 1772 1183 1815 et
1202 1761 1503 1829 coquendis
1526 1762 1955 1829 insumpserunt;
1976 1763 2077 1832 52
2101 1780 2329 1832 quorum

2424 583 2557 637 Lan.
2601 582 2942 642 Al-Anchaz.
2977 583 3035 633 AI
3072 580 3387 635 Sauarehab
3412 623 3425 645 ,
3459 582 3657 637 Jarzan
3683 624 3696 644 ,
3736 584 3993 635 Armenia

2425 674 2597 738 major
2636 682 2688 726 et
2718 676 2918 735 minor,
2958 672 3198 738 llauran,
3242 672 3553 738 Antiochia,
3583 672 3998 735 Al—Chalediah,

2426 765 2826 835 Aphlaguniah,
2853 764 3221 834 Cappadocia,
3253 764 3633 829 Charshenah,
3666 763 3863 828 Grzeci,
3898 764 4001 817 Ro-

2429 856 2572 909 mani
2601 898 2614 920 ,
2650 855 2968 926 Byzantium
2999 898 3014 920 ,
3062 857 3297 911 Rutheni
3327 898 3342 921 ,
3377 857 3643 910 Al—Dilam
3671 897 3686 919 ,
3742 857 3957 926 Bolgari
3984 900 3998 920 ,

2431 947 2638 1008 Sclavi,
2667 946 3060 1012 Al-Ancirdah,
3111 947 3330 1013 Franci,
3361 946 3716 1009 Al-lalfatini,
3752 948 3999 1017 lllspani.

2428 1039 2673 1107 Suntque
2703 1037 2839 1107 ipsis
2872 1041 3067 1094 insulae
3102 1040 3415 1106 duodecim,
3442 1054 3472 1094 e
3504 1042 3706 1109 quibus
3743 1042 3996 1105 Rhodus,

2431 1129 2641 1192 Sicilia,
2679 1130 2913 1200 Cyprus.
2950 1131 3165 1193 Samos,
3201 1140 3334 1193 etc.;
3369 1143 3422 1186 et
3447 1134 3730 1202 scriptura:
3758 1134 4005 1203 (genera)

2430 1239 2547 1289 sex,
2579 1224 2796 1277 scilicet
2823 1223 3011 1278 Graeca
3037 1262 3052 1287 ,
3083 1224 3325 1279 Romana
3354 1268 3366 1285 .
3400 1225 3725 1279 Armeniaca
3755 1267 3769 1289 ,
3806 1223 4010 1294 Hispa-

2430 1316 2573 1381 nica,
2594 1314 2870 1378 Franciea,
2892 1314 3194 1370 Darbanica
3224 1334 3240 1381 ;
3285 1323 3337 1370 et
3362 1314 3591 1385 Japheto
3623 1331 3653 1370 e
3688 1316 3870 1370 ﬂuviis
3901 1316 4012 1385 56

2429 1404 2813 1473 grandioribus
2865 1403 3066 1474 Tigris.
3155 1404 3327 1459 Porro
3385 1420 3413 1458 a
3461 1405 3668 1459 diluvio
3722 1420 3892 1474 usque
3941 1405 4009 1459 ad

2431 1496 2842 1551 aedificationem
2900 1496 3065 1550 turris
3145 1505 3198 1550 et
3254 1496 3566 1565 linguarum
3622 1498 4007 1552 confusionem

2432 1588 2558 1641 anni
2606 1595 2734 1642 sunt
2781 1588 3060 1656 quingenti
3100 1588 3373 1653 octoginta
3423 1599 3653 1656 septem;
3686 1591 3754 1642 ab
3800 1589 4012 1642 Adamo

2433 1686 2611 1731 autem
2661 1678 2727 1731 ad
2785 1679 2976 1731 turrim
3013 1679 3287 1733 conditam
3324 1681 3453 1732 anni
3504 1679 3588 1733 bis
3638 1680 3787 1732 mille
3832 1680 4013 1732 octin-

2433 1772 2578 1837 genti
2624 1771 2842 1837 triginta
2870 1782 3125 1838 quatuor.
3157 1769 3394 1826 Pbaleko
3433 1782 3554 1840 post
3584 1785 3758 1825 annos
3788 1778 4010 1824 centum

756 1852 952 1920 singuli
987 1851 1246 1905 tredecim
1275 1851 1488 1906 cubitos
1523 1854 1692 1923 longi,
1726 1855 1913 1907 decem
1945 1854 2061 1917 lati,
2082 1870 2143 1908 ac
2174 1854 2334 1922 quin.
2366 1847 2404 1901 Β
2437 1860 2655 1928 triginta
2694 1872 2852 1915 natus
2889 1870 2973 1915 est
3005 1859 3155 1930 Ragu
3185 1878 3199 1925 ;
3228 1876 3375 1915 anno
3411 1871 3591 1915 autem
3646 1864 3764 1915 vita:
3789 1861 4014 1915 Phaleki

756 1963 863 2015 que
885 1947 977 2000 alti
1002 1958 1223 2011 eSSent;
1257 1948 1560 2016 urbemque
1602 1949 1741 2000 inter
1764 1947 1966 2015 Tyrmn
1997 1955 2047 2001 et
2077 1947 2328 2001 Babelem

756 2047 1148 2093 exstruxerunt
1169 2053 1364 2109 orgyas
1392 2040 1603 2107 longam
1632 2048 1931 2093 tercentum
1966 2049 2019 2091 et
2051 2038 2330 2096 tredecim,

759 2133 923 2185 latam
956 2141 1172 2185 centum
1209 2133 1600 2201 quinquaginta
1632 2147 1794 2186 unam
1832 2150 1844 2184 :
1881 2131 2040 2196 cujus
2066 2131 2206 2183 muri
2232 2131 2327 2182 alti

760 2238 960 2293 ogyras
1012 2223 1306 2292 quinquies
1359 2224 1507 2279 mille
1554 2225 1882 2293 quingentas
1926 2224 2146 2292 triginta
2173 2232 2331 2287 tres;

764 2316 857 2368 lati
894 2315 1116 2384 triginta
1153 2326 1298 2382 tres;
1324 2317 1493 2370 turris
1535 2327 1712 2370 autem
1752 2331 1951 2385 orgyas
1978 2315 2161 2369 decies
2186 2315 2332 2368 mille

762 2409 868 2459 alta
898 2424 910 2459 :
941 2407 1138 2476 quibus
1170 2409 1891 2477 exstruendisquadraginta
1919 2422 2090 2461 annos
2123 2408 2335 2461 insum-

760 2508 1009 2563 pserunt.
1070 2498 1261 2553 Adhuc
1328 2510 1509 2554 autem
1566 2500 1965 2553 aedificantibus
2018 2498 2150 2568 ipsis
2207 2512 2335 2551 ecce

762 2592 991 2646 immisit
1024 2592 1163 2647 Deus
1196 2591 1448 2662 angelum
1486 2607 1515 2645 e
1550 2592 1689 2646 coelo
1715 2592 1807 2658 qui
1842 2591 2054 2658 linguas
2088 2591 2331 2658 ipsorum

762 2682 1160 2746 confunderet,
1192 2693 1244 2737 et
1282 2683 1542 2737 dialectos
1590 2692 1870 2744 mutaret,
1922 2682 2057 2736 adeo
2103 2689 2160 2735 ut
2209 2695 2332 2733 cum

761 2773 884 2841 quis
914 2774 1228 2841 loqueretur
1269 2790 1375 2827 non
1414 2774 1738 2840 intelligeret
1767 2775 1909 2827 alius
1943 2774 2072 2842 quid
2107 2773 2333 2826 diceret.

766 2864 890 2916 lude
921 2865 1221 2931 appellatus
1264 2876 1349 2919 est
1378 2867 1529 2919 locus
1566 2865 1665 2918 iste
1696 2865 1881 2926 Babel,
1916 2864 2062 2931 quod
2098 2863 2167 2914 ibi
2202 2878 2332 2915 Cun-

767 2958 900 3009 fusa:
931 2964 1113 3010 essent
1149 2956 1346 3027 lingure
1391 2971 1403 3009 :
1447 2968 1612 3021 atque
1653 2958 1725 3011 ita
1758 2957 1991 3024 dispersi
2027 2956 2247 3008 fuerunt
2278 2954 2334 3007 in

763 3058 950 3112 trra;
984 3048 1143 3114 idque
1177 3062 1319 3101 anno
1371 3066 1399 3101 a
1448 3049 1682 3102 Phalcko
1734 3058 1862 3104 nato
1914 3047 2338 3117 quadragesimo

766 3148 939 3191 sexto.
978 3138 1047 3189 Ex
1084 3139 1191 3192 illis
1224 3151 1407 3192 autem
1441 3139 1782 3208 septuaginta
1839 3148 1891 3191 et
1936 3136 2151 3190 duobus
2184 3134 2335 3195 viris,

764 3238 921 3281 erant
955 3245 984 3282 e
1020 3230 1143 3281 ﬁliis
1196 3229 1343 3283 Semi
1394 3230 1581 3297 viginti
1640 3230 1924 3297 quinque,
1979 3227 2069 3296 qui
2112 3226 2181 3279 ab
2233 3224 2340 3277 Eu-

769 3322 960 3387 phrate
987 3320 1227 3373 et..\iusal
1261 3319 1327 3373 ad
1359 3329 1663 3373 extremum
1693 3335 1863 3388 usque
1885 3317 2160 3373 Orientem
2192 3314 2343 3368 habi-

768 3422 954 3464 tarunt
993 3430 1004 3463 :
1049 3428 1078 3465 e
1115 3413 1312 3476 quibus
1344 3420 1471 3466 sunt
1506 3411 1627 3482 Syri
1662 3452 1673 3473 ,
1729 3412 1923 3465 incola:
1956 3411 2121 3477 Diyar
2159 3406 2343 3461 Rabim

767 3518 818 3556 «ιι
856 3503 1278 3571 Mesopotamiae,
1312 3504 1647 3567 Jarmakani,
1686 3502 1919 3557 Challtci
1952 3503 2170 3570 (incolae
2235 3498 2343 3553 sci-

771 3596 893 3647 licet
925 3594 1157 3661 Babelis)
1186 3605 1238 3647 et
1272 3594 1508 3664 (populi)
1558 3595 1755 3649 Persia:
1779 3636 1793 3660 ,
1827 3604 1879 3649 et
1909 3595 2189 3647 Chorasan
2219 3631 2232 3654 ,
2282 3600 2336 3645 et

771 3686 1091 3754 i‘harganab
1120 3726 1134 3749 ,
1164 3695 1216 3739 et
1242 3687 1445 3739 Sindia:
1466 3726 1479 3749 ,
1510 3696 1563 3740 et
1592 3686 1778 3750 Indiae,
1811 3695 1863 3738 et
1898 3684 2091 3739 insula:
2122 3682 2217 3736 Sin
2249 3720 2264 3743 ,
2294 3689 2348 3734 et

775 3777 1005 3840 Hebraei,
1042 3786 1094 3831 et
1128 3777 1365 3846 (incolat)
1396 3776 1627 3838 Yaman,
1656 3788 1708 3832 et
1736 3775 2025 3847 Al-Payef,
2058 3787 2112 3830 et
2140 3773 2345 3827 Al-Ya-

774 3869 1013 3932 mamah,
1045 3876 1099 3921 et
1122 3867 1475 3930 Al-Bahrain,
1501 3875 1554 3921 et
1580 3870 1796 3921 diversa
1836 3866 2074 3920 Arabum
2108 3879 2303 3933 genera
2331 3882 2344 3929 ;

774 3968 1008 4026 suntque
1041 3958 1170 4025 ipsis
1223 3959 1509 4027 scriptura:
1540 3975 1736 4028 genera
1774 3968 1935 4020 octo;
1991 3957 2201 4011 scilicet
2232 3955 2345 4009 lie-

774 4049 985 4111 iiraica,
1022 4048 1269 4117 Syriaca,
1307 4046 1545 4108 Persica,
1573 4047 1777 4109 Indica,
1806 4046 2056 4100 Chalilma
2100 4045 2243 4110 (qua:
2287 4052 2341 4097 et

777 4140 1128 4210 Babylonica)
1166 4139 1435 4200 Sinensis,
1469 4138 1887 4207 llamyarensis;
1924 4136 2167 4206 53-55
2214 4137 2350 4189 Ara-

778 4234 898 4286 hica
936 4250 949 4286 :
983 4242 1219 4301 suntque
1252 4233 1413 4287 Semo
1466 4231 1619 4285 ﬂuvii
1663 4230 1898 4300 majores
1947 4229 2249 4299 Euphrates
2296 4236 2350 4282 et

778 4325 975 4378 fluvius
1009 4324 1198 4377 Balcb.

851 4414 891 4465 Ε
922 4414 1048 4473 filiis
1096 4424 1277 4468 autem
1327 4412 1484 4466 Hami
1517 4413 1614 4466 viri
1652 4413 1874 4480 triginta
1906 4413 2036 4473 duo,
2066 4412 2157 4479 qui
2192 4411 2346 4461 inco-

2437 1951 2712 2007 tricesimo
2746 1960 2901 2007 sexto
2955 1952 3090 2007 obiit
3135 1952 3348 2006 Kainan
3376 1992 3391 2016 ,
3451 1967 3635 2006 mense
3686 1952 3767 2005 Ab
3804 1952 3922 2020 (qui
3955 1962 4013 2003 et

2436 2044 2632 2099 biesbri
2680 2045 2787 2111 est)
2833 2045 3042 2113 fuitque
3078 2046 3185 2097 vita
3228 2044 3400 2112 ipsius
3432 2059 3699 2098 annorum
3735 2043 4009 2112 quadrin-

2436 2146 2720 2204 gentorum
2759 2144 2812 2189 et
2843 2136 3085 2203 triginta.
3120 2134 3430 2203 Totumque
3461 2137 3606 2201 quod
3642 2134 3776 2187 vixit
3811 2132 4017 2187 Pbah-k

2435 2226 2560 2279 anni
2602 2234 2904 2279 tercentum
2942 2226 3165 2296 triginta
3202 2240 3421 2279 novem.
3451 2226 3626 2295 Ragu,
3662 2234 3785 2293 post
3821 2242 4006 2278 annos

2436 2325 2653 2370 centum
2686 2315 2905 2385 triginta
2930 2317 3091 2379 duos,
3122 2326 3281 2370 natus
3309 2323 3394 2370 est
3420 2314 3653 2377 Sharna,
3682 2316 3843 2384 cujus
3876 2326 4020 2369 tern-

2438 2407 2659 2476 poribus
2691 2408 2982 2461 coluerunt
3016 2406 3268 2461 homines
3302 2405 3465 2467 idola,
3501 2419 3833 2474 unoquoque
3862 2406 4016 2473 quod

2438 2498 2538 2551 sibi
2572 2497 2821 2551 alliberet
2852 2497 3067 2552 colente
3103 2509 3157 2551 et
3190 2496 3476 2552 adorante.
3514 2494 3758 2549 Fuerunt
3790 2510 3922 2563 ergo
3950 2511 4022 2548 ex

2440 2588 2576 2654 ipsis
2602 2587 2690 2641 alii
2721 2587 2815 2655 qui
2849 2588 3073 2650 caelum,
3102 2588 3195 2641 alii
3224 2588 3315 2656 qni
3341 2587 3537 2647 solem,
3570 2586 3659 2639 alii
3685 2587 3775 2653 qui
3804 2586 4019 2647 lunam,

2436 2680 2527 2731 alii
2568 2678 2660 2747 qui
2693 2678 2882 2732 stellas
2910 2719 2924 2742 ,
2959 2675 3049 2731 alii
3082 2678 3173 2746 qui
3209 2677 3484 2738 volucres,
3512 2676 3603 2729 alii
3636 2676 3727 2742 qui
3774 2686 3979 2727 terram
4002 2716 4020 2737 ,

2439 2769 2530 2823 alii
2568 2770 2658 2838 qui
2696 2768 2861 2833 feras,
2894 2769 2984 2822 alii
3025 2770 3115 2838 qui
3166 2767 3361 2823 ﬂuvios
3398 2808 3413 2831 ,
3461 2767 3551 2820 alii
3606 2767 3696 2835 qui
3735 2766 3972 2820 arbores
4003 2808 4017 2829 ,

2440 2860 2528 2914 alii
2564 2862 2655 2929 qui
2686 2869 2899 2914 montes
2928 2860 3205 2926 colerent;
3243 2860 3331 2913 alii
3364 2859 3455 2929 qui
3489 2859 3555 2912 ad
3586 2858 4019 2912 similitudinem

2441 2952 2610 3022 patris
2645 2961 2740 3006 aut
2775 2952 2967 3006 matris
2997 2952 3104 3017 sui,
3141 2961 3236 3005 aut
3263 2952 3380 3019 ejus
3410 2967 3570 3020 quem
3603 2967 3666 3004 es
3700 2949 3804 3003 sibi
3837 2949 4028 3002 charis

2441 3043 2648 3097 honore
2684 3052 3165 3112 prosequerentur,
3202 3058 3325 3095 eum
3378 3050 3628 3095 mortuus
3677 3049 3850 3100 essu-t,
3892 3042 4030 3093 ima-

2449 3138 2629 3205 ginem
2663 3135 2966 3189 conﬂarent
2995 3149 3156 3204 quam
3198 3134 3469 3193 colerent,
3512 3147 3576 3186 ac
3610 3132 3711 3185 sibi
3755 3132 3809 3183 in
3853 3131 4026 3183 Deum

2448 3235 2832 3288 assumerent;
2879 3226 2970 3279 alii
3007 3226 3097 3294 qui
3151 3225 3440 3292 imaginem
3479 3239 3541 3276 ex
3578 3238 3733 3285 auro,
3768 3230 4027 3288 argento.

2448 3313 2647 3383 lapide,
2690 3324 2781 3364 aut
2815 3313 2961 3383 ligno
3004 3313 3359 3367 conficerent.
3388 3312 3552 3364 Primi
3584 3321 3763 3366 autem
3800 3311 3909 3365 hoc
3945 3312 4030 3365 [θ-

2448 3410 2643 3457 cernnt
2696 3402 2965 3473 ZEgyplii,
3014 3401 3321 3472 Babylonii,
3373 3399 3596 3465 Franci,
3653 3411 3707 3456 et
3769 3402 4029 3456 locorum

2454 3493 2856 3546 maritimormn
2906 3493 3124 3547 incolae.
3159 3491 3365 3545 Dicitur
3413 3494 3577 3545 etiam
3613 3492 3798 3546 cultus
3842 3494 4029 3549 idolo-

2450 3601 2569 3639 rum
2603 3586 2869 3653 originem
2924 3586 3060 3638 hanc
3105 3583 3299 3642 fuisse.
3344 3584 3486 3652 quod
3537 3598 3660 3639 cum
3714 3598 4032 3639 moreretur

2451 3678 2593 3746 apud
2625 3678 2745 3731 illos
2782 3676 3054 3746 quispiam
3091 3675 3382 3744 imaginem
3433 3677 3499 3730 ad
3548 3677 3668 3744 ejus
3704 3676 4032 3732 similitudi-

2452 3786 2575 3823 nem
2608 3769 2851 3840 57-59
2880 3768 3169 3824 conﬂatam
3203 3770 3415 3825 tumulo
3446 3769 3617 3840 ipsius
3650 3771 4029 3839 imponerent,

2451 3880 2558 3932 quo
2604 3864 2784 3917 minus
2828 3862 3087 3916 oblivioni
3140 3862 3451 3917 traderetur
3496 3862 3757 3917 memoria
3809 3863 3988 3932 ipsius
4015 3903 4033 3926 ,

2453 3956 2577 4026 (qua
2611 3955 2843 4023 ratione)
2877 3955 3094 4025 impleta
3124 3964 3208 4011 est
3241 3965 3382 4010 terra
3413 3955 3609 4011 idolis:
3638 3956 3883 4010 virorum
3918 3958 4032 4013 sci-

2454 4052 2600 4112 licet,
2643 4047 2966 4101 feminarum
2997 4056 3051 4101 et
3081 4061 3372 4116 puerorum
3409 4046 3742 4101 simulacris.

2522 4140 2721 4193 Eodem
2754 4151 2993 4210 tempore
3027 4155 3149 4194 cum
3184 4148 3433 4194 mortuus
3485 4146 3632 4192 esset
3679 4140 3762 4192 vir
3800 4139 4032 4208 quidam

2453 4232 2624 4293 dives,
2663 4232 2806 4285 Illius
2841 4232 3017 4302 ipsius
3054 4241 3288 4285 statuam
3326 4232 3466 4295 Sibi,
3517 4232 3583 4285 ad
3615 4231 3786 4300 patris
3816 4232 3904 4285 sui
3959 4234 4041 4288 si-

2456 4323 2816 4375 militudinem
2876 4322 3203 4387 confectam,
3248 4323 3454 4377 tumqu
3499 4323 3670 4393 ipsius
3721 4323 4033 4391 imposuit,

2455 4416 2723 4470 collocato
2746 4415 2905 4473 etiam
2937 4415 3006 4468 ibi
3035 4431 3193 4470 servo
3215 4415 3307 4485 qui
3340 4415 3515 4483 ipsam
3540 4415 3865 4470 custodiret.
3890 4415 4035 4471 Cum

779 4505 998 4559 luerunt
1028 4504 1262 4573 Syriam,
1298 4518 1415 4571 quae
1446 4511 1500 4555 et
1529 4512 1670 4555 terra
1709 4502 2049 4555 Chanaanaaa
2097 4501 2240 4553 dicta
2268 4512 2349 4552 est
2384 4511 2425 4565 ι)
2456 4506 2807 4558 mlvcniemcs
2856 4504 3052 4558 deinde
3089 4504 3236 4559 fures
3268 4504 3534 4575 quidquid
3576 4505 3687 4558 [ilio
3722 4504 3869 4559 domi
3920 4520 4036 4560 sua:

782 4598 943 4663 (qttod
977 4605 1123 4648 esset
1152 4594 1321 4647 llamo
1346 4593 1487 4647 filius
1518 4594 1602 4646 cui
1643 4609 1839 4645 nomen
1864 4592 2140 4655 Chanaan)
2174 4605 2348 4658 usque

781 4689 844 4739 ‘.!‘i
876 4696 1152 4741 extremos
1190 4685 1499 4739 Occidentis
1526 4686 1824 4737 terminos:
1852 4694 2086 4751 suntque
2119 4699 2182 4735 ex
2217 4681 2349 4748 ipsis

780 4780 1103 4834 tilianaanmi
1126 4820 1141 4840 ,
1180 4778 1436 4831 ΡΙιίΙὶειιῐξὶ
1466 4817 1479 4837 ,
1516 4779 1703 4829 incola:
1734 4777 1945 4845 .‘Egypti
1972 4816 1986 4837 ,
2018 4776 2287 4843 liophtittc
2319 4815 2333 4835 ,

782 4870 1244 4929 il.u'isii,diversa
1276 4869 1610 4937 Nigritarmn
1644 4884 1863 4937 genera,
1898 4867 2208 4936 1E1hiopes,
2243 4865 2350 4919 Nu-

783 4963 1020 5021 lfmnses,
1072 4960 1405 5025 Al-Bajaitac,
1458 4960 1728 5024 Al-Zenii,
1777 4961 1837 5013 Al
1870 4960 2038 5021 Zntti,
2073 4958 2301 5011 liarrani
2334 4998 2348 5019 ,

786 5055 1090 5114 Samaritm,
1126 5051 1433 5113 Al-Zabcii,
1467 5053 1878 5121 Ai~3logrebini,
1918 5051 2160 5105 Barbari.
2189 5049 2355 5104 Sunt-

783 5160 889 5209 que
945 5144 1051 5196 illis
1103 5143 1294 5197 insule
1340 5144 1530 5209 viginti
1577 5159 1694 5205 sex,
1732 5160 1760 5196 e
1801 5143 1997 5211 quibus
2052 5141 2303 5195 Sardinia
2335 5182 2348 5203 ,

786 5237 943 5288 i‘rialta
970 5280 980 5296 ,
1012 5235 1171 5290 Creta
1195 5277 1208 5295 ,
1252 5246 1305 5289 ct
1339 5252 1465 5305 pars
1514 5236 1707 5289 insul-.13
1757 5236 1955 5305 Cypri.
2009 5250 2130 5287 cum
2188 5235 2353 5297 aliis;

787 5330 1070 5397 scriptura:
1097 5338 1275 5383 autem
1310 5330 1553 5397 (general
1588 5346 1678 5383 sex
1710 5346 1720 5380 :
1756 5329 1983 5383 scilicet
2010 5328 2353 5398 IEgyptiaca,

794 5420 1115 5486 Nuhiensis,
1148 5422 1480 5491 Aithiopica,
1518 5421 1778 5477 Francica
1817 5462 1830 5483 ,
1870 5421 2095 5483 Punica,
2141 5421 2357 5474 Kanke—

797 5515 924 5567 lira.
965 5516 1132 5567 I'orro
1164 5514 1333 5568 llamo
1363 5530 1391 5569 e
1420 5515 1597 5569 ﬂuviis
1627 5514 2007 5585 grandioribus
2039 5512 2209 5567 Nilus.
2258 5513 2362 5567 Eo-

793 5623 915 5661 rum
966 5608 1200 5676 denique
1236 5626 1264 5661 c
1301 5608 1427 5661 filiis
1474 5607 1669 5677 Japhet
1729 5607 1824 5661 viri
1878 5606 2213 5675 quindecim,
2268 5607 2358 5675 qui

795 5699 1105 5752 habitarunt
1139 5716 1165 5750 a
1190 5698 1336 5767 Tigri
1358 5715 1531 5768 usque
1551 5700 1616 5752 ad
1643 5712 1914 5755 extremas
1941 5700 1977 5752 S
2000 5698 2358 5766 eptcntrioids

796 5801 1009 5859 partes;
1056 5798 1293 5859 suntque
1328 5806 1388 5845 ex
1451 5792 1581 5861 ipsis
1634 5791 1867 5857 Turcm,
1923 5790 2225 5857 Al-Daitac,
2266 5792 2359 5845 Al-

2458 4596 2557 4649 fnit
2587 4598 2706 4650 subl
2724 4596 3015 4664 ipuissent,
3043 4596 3316 4665 profectus
3343 4596 3430 4649 ille
3454 4595 3518 4649 ad
3544 4595 3714 4665 patris
3741 4595 3824 4649 sui
3850 4604 4038 4649 tumu-

2456 4689 2507 4741 Iu
2536 4708 2563 4740 ιι
2608 4688 2732 4742 ﬂere
2761 4699 2814 4741 et
2852 4690 3115 4756 conqueri
3143 4687 3285 4757 apud
3319 4697 3557 4742 statuam
3585 4688 3743 4741 istam
3783 4701 4034 4751 auream,

2456 4780 2610 4846 quasi
2660 4778 2802 4848 apud
2849 4790 3055 4847 patrem
3110 4793 3297 4833 suum.
3335 4779 3619 4833 Allocutus
3668 4794 3799 4849 ergo
3856 4780 4039 4847 ipsum

2457 4871 2705 4925 diabolus
2737 4886 2766 4924 e
2794 4880 2981 4924 ventre
3018 4879 3210 4923 statuae
3236 4886 3252 4923 :
3280 4867 3355 4924 Ne
3383 4868 3532 4933 ﬂeas,
3569 4870 3765 4939 inquit,
3792 4870 3880 4922 abi
3917 4883 4045 4923 tan-

2460 4972 2594 5023 tum,
2628 4969 2680 5013 et
2709 4962 2870 5014 allato
2896 4960 3004 5015 ﬂlio
3030 4969 3125 5014 tuo
3158 4968 3288 5013 natu
3324 4960 3549 5013 minimo
3582 4962 3758 5028 ipsum
3786 4960 3922 5013 mihi
3974 4960 4030 5013 in

2461 5053 2789 5107 sacriﬁcium
2814 5062 3060 5106 mactans
3085 5053 3350 5121 sanguine
3369 5053 3487 5119 ejus
3513 5050 3708 5105 calenti
3739 5062 3790 5105 te
3818 5052 4041 5111 abluas.

2462 5146 2534 5198 ita
2598 5145 2711 5208 (fiet
2754 5146 2830 5208 ut)
2862 5160 2961 5209 ego
3000 5141 3183 5197 omnia
3230 5142 3326 5197 tibi
3365 5158 3487 5212 qua:
3529 5143 3831 5213 perdideris
3884 5146 4047 5198 resti-

2464 5245 2632 5289 tuam.
2684 5234 2820 5288 Cum
2850 5249 2981 5302 ergo
3027 5234 3117 5287 ille
3164 5232 3337 5287 filium
3374 5248 3535 5287 suum
3582 5232 3803 5285 allatum
3856 5248 4043 5287 coram

2465 5327 2607 5381 idola
2658 5333 2970 5388 mactasset,
3025 5325 3255 5393 ejusque
3310 5324 3576 5393 sanguine
3628 5339 3686 5378 se
3740 5324 4041 5384 ahluisset.

2464 5434 2716 5488 egressus
2750 5434 2813 5471 ex
2849 5417 2993 5471 idolo
3024 5418 3298 5478 diabolus,
3335 5418 3725 5483 hominemque
3766 5415 3922 5469 ilium
3956 5418 4043 5468 in-

2467 5526 2715 5579 gressus,
2737 5511 2910 5579 ipsum
2947 5508 3250 5579 przcstigias
3273 5518 3325 5561 et
3349 5508 3752 5561 incantamenta
3779 5506 4035 5559 edocuit:

2470 5614 2632 5671 atque
2662 5602 2788 5655 hinc
2841 5612 3127 5671 coeperunt
3174 5588 3435 5653 homines
3459 5598 3599 5654 ﬁlios
3647 5613 3778 5652 suos
3807 5598 4043 5651 diabolis

2474 5707 2731 5757 mactare,
2765 5707 2815 5748 et
2849 5695 3137 5764 prarstigiis
3163 5693 3288 5762 (uti)
3321 5691 3647 5746 didicerunt.

2542 5788 2710 5843 l‘orro
2738 5787 2926 5844 diebus
2955 5786 3104 5859 Ragu
3130 5786 3331 5843 multos
3362 5798 3537 5841 annos
3584 5782 3829 5853 regnavit
3861 5780 4041 5852 regina
