4200 6432
188 362 283 423 921

1627 376 2000 439 ANNALES.

3330 390 3437 452 9‘22

191 481 351 533 Saba:
377 519 389 538 .
423 493 485 532 ea
523 493 643 547 qua:
672 479 857 532 urbem
890 477 1089 533 Sabatn
1125 482 1388 537 condidit.
1427 483 1556 537 Post
1594 497 1758 552 quam
1790 505 1836 559 Α
1865 488 2154 554 accedens,
2191 492 2366 561 ipsum
2406 494 2716 551 adoraverit
2745 514 2757 550 :
2792 498 2974 567 ibiqne
3008 501 3295 567 quemdam
3327 512 3440 557 sta-

185 573 303 625 urbi
340 570 518 634 Saba,
557 586 727 640 usque
764 572 829 624 ad
862 586 1089 640 regnum
1118 570 1430 627 Salomonis
1460 572 1554 626 lilii
1601 574 1761 627 Davi-

184 666 290 730 dis,
320 667 584 720 continue
611 669 946 736 imperarunt
971 668 1081 739 60
1113 667 1345 723 feminae.
1373 670 1570 726 Diebus
1596 672 1759 724 et’atn

187 755 340 827 Ragu
384 759 635 827 regnavit
674 756 861 813 Karon
894 762 985 830 qui
1031 761 1219 815 urbem
1253 761 1452 815 Ukinin
1488 763 1758 817 condidit.

185 849 384 903 Fertur
426 858 609 903 autem
641 852 814 920 ipsum
844 852 1105 909 lateribus
1137 869 1201 908 ex
1235 870 1369 907 auro
1408 858 1529 910 fuso
1555 856 1760 911 conﬂa-

187 944 256 995 tis
304 943 499 996 urbem
554 941 756 997 Ultinin
812 947 1179 1001 exStruxisse.
1240 946 1399 1000 Anno
1443 950 1561 1001 vita:
1615 950 1760 1018 [lugu

185 1037 536 1103 sexagesimo
595 1045 750 1090 sexto
814 1046 1065 1091 mortttus
1123 1046 1205 1092 est
1274 1038 1527 1103 Shalech,
1579 1057 1764 1095 mense

185 1126 470 1195 Adar(qui
505 1135 589 1181 est
612 1128 959 1198 Bormahut,)
1000 1145 1123 1183 cum
1158 1131 1384 1185 vixisset
1416 1148 1589 1186 annos
1623 1150 1752 1199 qua-

187 1215 514 1285 dringentos
542 1230 595 1272 et
642 1220 947 1288 sexaginta.
980 1219 1177 1274 Totmn
1215 1233 1392 1276 autent
1440 1223 1585 1291 quod
1634 1224 1765 1275 \‘ixit

186 1309 339 1379 ltagn
375 1324 645 1364 annorum
673 1320 789 1365 erat
829 1320 1130 1366 tercentum
1168 1314 1385 1381 triginta
1414 1330 1627 1368 novem.
1663 1315 1764 1367 Sa-

186 1418 349 1470 rugo,
382 1415 502 1473 post
530 1419 707 1458 annos
734 1416 953 1458 centum
985 1414 1039 1459 et
1075 1406 1320 1475 triginta,
1346 1417 1504 1461 natus
1543 1416 1625 1460 est
1656 1406 1763 1460 Na-

182 1496 357 1559 ehor;
387 1510 530 1550 anno
561 1506 741 1550 autem
777 1497 902 1549 vitae
937 1496 1130 1566 Sarugi
1186 1499 1523 1565 sexagesimo
1564 1510 1758 1553 octavo

179 1587 322 1640 obiit
371 1586 511 1641 liber
555 1602 740 1641 mense
791 1588 986 1641 Canun
1022 1588 1291 1651 secundo,
1330 1590 1444 1659 (qui
1484 1596 1537 1643 et
1578 1588 1761 1642 Tubuli

180 1679 361 1748 audit)
397 1694 520 1735 cum
556 1680 782 1734 vixisset
808 1694 982 1733 annos
1014 1681 1455 1749 quadringentos
1483 1682 1763 1751 sexaginta

178 1784 442 1842 quatuor.
480 1773 749 1842 Annoque
795 1772 919 1826 vita:
949 1771 1144 1843 Sarugi
1185 1773 1590 1843 septuagesimo
1626 1788 1758 1841 sep-

1870 579 2035 632 tuerit
2066 582 2158 648 qui
2194 582 2302 652 igni
2334 585 2639 651 inserviret,
2677 587 2832 655 eique
2868 589 2993 645 thus
3028 590 3274 665 injiceret
3305 611 3317 647 :
3350 602 3438 648 at-

1869 685 1975 738 que
2014 685 2077 724 ex
2109 686 2174 725 eo
2208 682 2446 743 tempore
2492 687 2777 745 cmperunt
2832 682 2973 751 magi
3016 682 3194 751 ignem
3237 684 3436 751 colere,

1864 777 2099 832 eumque
2148 764 2396 821 adorare.
2439 766 2571 823 Fuit
2606 779 2787 824 autem
2823 771 2955 837 viri,
2998 790 3155 843 quem
3209 775 3276 828 ad
3328 778 3435 846 igni

1866 853 2236 911 famulandum
2270 862 2554 915 constituit
2583 861 2827 927 Nitnrod,
2860 881 3055 920 nomen
3094 867 3386 924 Andeshatt
3420 888 3434 936 ;

1866 947 1972 1011 cui,
2000 962 2029 1002 e
2064 949 2241 1003 medio
2283 951 2429 1019 ignis
2468 952 2645 1021 ipsum
2679 955 2974 1021 allocutus,
3002 958 3251 1015 diabolus
3277 962 3436 1016 dixit:

1867 1035 1982 1091 Neu
2049 1050 2231 1107 potest
2283 1044 2406 1111 quis
2458 1043 2566 1112 igni
2621 1045 2910 1110 inservire,
2968 1056 3060 1101 aut
3125 1050 3439 1117 religionem

1869 1144 2043 1182 meam
2076 1132 2379 1194 addiscere,
2415 1136 2517 1188 nisi
2557 1136 2708 1205 prius
2736 1151 2859 1190 eum
2912 1151 3085 1195 matre
3132 1156 3252 1206 sua,
3286 1158 3441 1197 soro—

1869 1234 2033 1290 requc
2062 1231 2116 1275 et
2151 1224 2257 1278 ﬁlia
2310 1241 2422 1279 rem
2477 1228 2750 1282 habuerit.
2784 1227 2937 1285 Fecit
2969 1248 3099 1301 ergo
3150 1235 3441 1289 Andeshan

1868 1316 2013 1369 sicut
2039 1317 2177 1371 dixit
2205 1319 2309 1387 ipsi
2345 1319 2630 1386 diabolus;
2666 1331 2831 1391 atque
2863 1324 3057 1379 exinde
3090 1326 3259 1389 (soliti
3291 1327 3438 1389 sunt)

1870 1423 2149 1475 magorum
2189 1412 2500 1463 sacerdotes
2531 1426 2652 1463 cunt
2711 1416 2998 1479 matribus,
3034 1418 3314 1471 sororibus
3337 1456 3353 1479 ,
3390 1426 3443 1469 et

1870 1497 2081 1549 liliabus
2119 1499 2229 1551 suis
2266 1514 2371 1550 rem
2406 1500 2623 1553 habere.
2655 1501 2867 1556 Primus
2899 1513 3079 1559 autent
3119 1505 3283 1575 hujus
3317 1522 3437 1560 sen-

1871 1589 2049 1639 tentia:
2085 1600 2273 1642 auctor
2310 1590 2409 1641 fuit
2444 1590 2737 1646 Andesltan
2793 1593 2919 1647 iste.
2956 1596 3125 1651 l’orro
3176 1599 3445 1651 exstruxit

1870 1675 2058 1729 Nitnto
2104 1718 2117 1740 ,
2146 1678 2456 1747 Aderbijan,
2490 1681 2764 1744 Babelem,
2803 1681 3044 1737 Nineven
3067 1722 3082 1745 ,
3123 1685 3320 1748 limen,
3354 1703 3444 1740 ur-

1872 1770 2075 1839 besque
2124 1785 2282 1838 quam
2338 1772 2628 1839 plurimas.
2665 1772 2863 1827 Totum
2915 1783 3095 1829 autem
3132 1777 3275 1844 quod
3312 1777 3444 1830 vixit

183 1868 339 1928 timo,
378 1865 516 1919 obiit
541 1864 807 1928 Pltaleeh,
842 1881 1032 1921 mense
1067 1866 1167 1919 llnl
1201 1866 1314 1935 (qui
1347 1876 1398 1921 et
1445 1865 1610 1930 Thut)
1636 1880 1760 1919 cum
1799 1860 1839 1916 Β
1870 1860 2115 1914 Tharer
2173 1862 2300 1914 anui
2357 1874 2486 1916 sunt
2540 1864 2754 1918 ducenti
2821 1867 3107 1937 sexaginta
3161 1870 3401 1938 quinque
3427 1909 3441 1933 ,

181 1958 413 2012 vixisset
457 1972 633 2011 annos
690 1966 965 2011 trecentos
1016 1957 1237 2025 triginta
1298 1973 1514 2013 novem.
1570 1957 1764 2011 Totum

187 2057 370 2102 autem
400 2048 545 2115 quod
579 2047 717 2100 vixit
759 2046 935 2117 Sarug
971 2049 1098 2101 anni
1148 2058 1277 2103 sunt
1321 2050 1547 2103 trecenti
1583 2056 1637 2102 et
1669 2048 1767 2101 tri-

180 2140 357 2210 ginta.
400 2138 650 2193 Nachoro
682 2149 802 2208 post
850 2156 1027 2194 annos
1054 2140 1398 2209 septuaginta
1439 2156 1630 2195 novem
1664 2157 1766 2194 na-

182 2244 270 2286 tus
304 2241 389 2285 est
419 2232 671 2287 Tltarech
700 2250 715 2297 ;
746 2233 975 2301 ejusque
1019 2232 1212 2287 diebus
1249 2234 1600 2301 multiplicati
1634 2242 1765 2288 sunt

181 2327 455 2391 gigantes.
514 2325 746 2394 Fuitqttc
782 2326 895 2379 Aad
947 2325 1091 2381 illius
1136 2327 1341 2390 Aratni,
1395 2327 1536 2381 illius
1578 2326 1761 2390 Semi,

180 2417 329 2469 tilius
368 2414 498 2469 Noae
535 2434 546 2469 :
593 2415 693 2469 sub
719 2417 909 2469 eodem
947 2416 1210 2471 institutae
1238 2425 1368 2471 sunt
1414 2430 1682 2470 mensura:
1711 2423 1767 2469 et

180 2509 449 2576 pondera.
501 2510 635 2576 Ejus
676 2510 842 2563 etiam
886 2518 1131 2579 tempore
1164 2508 1370 2564 accidit
1424 2519 1764 2565 terraemotus

180 2600 440 2670 insignis,
471 2601 792 2663 vehemens,
825 2615 950 2652 cum
1002 2600 1184 2655 nullus
1216 2608 1373 2654 antea
1424 2608 1765 2654 terraemotus

182 2694 403 2753 fuisset,
435 2692 596 2759 idque
622 2690 765 2756 quod
797 2690 885 2743 ubi
920 2691 1270 2758 multiplicati
1299 2688 1792 2746 essentidololatraa

179 2787 271 2848 qui
308 2785 451 2837 titios
479 2799 609 2839 suos
660 2794 711 2837 et
757 2780 904 2838 tilias
940 2784 1232 2838 daemoniis
1262 2785 1630 2847 immolarent,
1659 2786 1760 2838 im-

177 2880 425 2931 mitteret
454 2878 506 2929 in
562 2879 710 2945 ipsos
764 2887 987 2932 ventum
1047 2878 1407 2946 procellosum
1439 2917 1452 2939 ,
1504 2886 1759 2944 essetque

176 2970 341 3022 turbo
367 2970 460 3037 qtti
501 2969 637 3022 idola
684 2972 869 3023 omnia
902 2972 1288 3039 contingeret,
1325 2981 1629 3036 eorumque
1660 2966 1757 3018 de-

179 3062 338 3114 lubra
373 3063 651 3125 dirtteret;
684 3063 933 3132 61-63
958 3062 1095 3115 adeo
1144 3070 1203 3114 ut
1249 3059 1491 3129 pulveris
1541 3058 1761 3112 tumulis

176 3154 572 3212 oin-uerentur;
605 3152 695 3220 qui
725 3154 1023 3205 etiamnum
1056 3152 1352 3206 exsistunt.

249 3246 411 3295 Annio
437 3251 613 3295 autem
650 3243 770 3296 vita:
793 3243 1031 3297 Nachori
1065 3246 1467 3312 septuagesimo
1503 3245 1744 3312 septimo

180 3345 438 3388 mortuus
476 3346 561 3388 est
583 3334 758 3403 Ragu.
794 3351 981 3390 mense
1011 3335 1177 3390 Nisan
1210 3338 1324 3404 (qui
1358 3336 1496 3388 idem
1527 3344 1607 3391 est
1636 3337 1763 3389 Bar-

178 3428 412 3492 mntlah)
442 3441 567 3480 cum
602 3442 775 3481 annos
807 3438 1084 3482 trecentos
1122 3430 1343 3497 triginta
1377 3445 1567 3483 novem
1593 3428 1762 3481 vivis-

176 3527 277 3571 set.
320 3516 576 3585 Ejusdem
628 3527 870 3586 tempore
919 3518 1099 3572 ﬂoruit
1134 3521 1214 3572 vir
1253 3520 1471 3586 quidam
1505 3519 1757 3587 (origine)

176 3610 368 3670 Persa,
403 3611 623 3662 nomine
654 3609 959 3663 Zorodasht
985 3650 999 3671 ,
1029 3611 1121 3677 qui
1158 3610 1435 3678 religionis
1469 3609 1756 3662 Sabiorum

184 3711 380 3755 auctor
424 3701 568 3761 fuit,
628 3712 887 3769 regnante
945 3704 997 3755 in
1051 3702 1231 3757 Persia
1290 3719 1411 3772 rege
1466 3702 1761 3756 Tachtnurt

175 3788 473 3857 appellato.
541 3790 841 3843 Atttumant
881 3806 1007 3845 vero
1059 3791 1301 3845 nonnulli
1354 3795 1583 3859 primum
1630 3792 1759 3845 reli-

177 3883 361 3951 gionis
399 3881 689 3935 Sabiorum
724 3893 1003 3936 auctorem
1045 3884 1217 3937 fuisse
1265 3884 1512 3937 Grarcum
1563 3900 1761 3953 quent-

176 3975 300 4027 dam
335 3974 561 4026 nomine
591 3972 793 4034 Junan,
830 3972 1154 4029 Jearakliusi
1193 3974 1386 4036 tilium,
1420 3976 1577 4044 cujus
1602 3977 1759 4031 sedes

175 4066 280 4119 fuit
308 4065 477 4135 Alyas
508 4081 523 4118 :
552 4074 607 4119 at
631 4065 783 4131 juxta
807 4067 944 4118 alios
979 4066 1077 4119 fuit
1106 4082 1168 4120 ex
1203 4067 1336 4119 urbe
1361 4066 1757 4131 Al-Zaitunah,

174 4172 296 4223 quas
320 4156 543 4209 condita
573 4167 654 4210 est
687 4156 738 4209 in
767 4156 1101 4210 Athenarum
1139 4158 1428 4226 (regione.)
1457 4157 1626 4213 Grmei
1658 4176 1758 4214 au~

180 4267 285 4301 tem
332 4250 495 4317 primi
549 4249 690 4304 hanc
745 4250 1071 4303 sententiam
1112 4250 1342 4317 amplexi
1382 4261 1552 4314 sunt,
1588 4252 1761 4321 deque

174 4352 457 4395 astrorum
522 4340 781 4401 scientia,
835 4356 898 4392 ac
957 4342 1170 4393 orbium
1250 4342 1553 4397 cmlestium
1608 4353 1757 4398 motu

176 4434 348 4485 libros
382 4430 582 4483 multos
619 4433 1089 4498 conscripserunt.
1133 4432 1329 4486 Fertur
1383 4435 1546 4488 etiam
1602 4436 1751 4490 illum

1871 1951 2062 2006 deinde
2095 1952 2249 2007 obiit.
2281 1952 2400 2007 Jam
2436 1970 2464 2007 a
2496 1956 2733 2011 Phaleko
2781 1957 2845 2011 ad
2897 1959 3263 2013 Abrahamttm
3316 1962 3442 2013 anni

1870 2056 1996 2098 sunt
2043 2046 2327 2114 quingenti
2362 2048 2721 2117 quadraginta
2758 2058 2812 2102 et
2847 2064 3021 2112 unus;
3059 2066 3086 2102 a
3134 2049 3339 2104 diluvio
3375 2054 3441 2105 ad

1868 2135 2233 2188 Abrahamunt
2267 2136 2414 2192 mille
2457 2139 2801 2207 septuaginta
2832 2139 2982 2205 duo;
3021 2140 3089 2193 ab
3134 2141 3338 2193 Adamo
3372 2142 3439 2193 a.l

1867 2227 2237 2282 Abrahamum
2297 2239 2378 2283 ter
2434 2230 2581 2283 mille
2633 2239 2717 2283 ter
2764 2242 2982 2285 centum
3046 2232 3236 2301 viginti
3295 2243 3439 2287 octo.

1867 2319 2202 2385 Abrahamo,
2232 2336 2357 2375 cum
2392 2337 2660 2377 annorum
2708 2335 2853 2380 esset
2896 2326 3238 2393 septuaginta
3277 2326 3440 2394 quit.-

1867 2426 1993 2479 que,
2032 2413 2286 2482 praecepit
2324 2411 2465 2466 Deus
2498 2422 2555 2467 ut
2582 2430 2611 2469 e
2643 2423 2785 2468 terra
2813 2417 2985 2485 patria
3022 2415 3228 2471 Ilarran
3253 2434 3442 2488 egres-

1868 2518 1964 2559 sus
2000 2503 2050 2557 in
2087 2512 2231 2557 terra
2264 2503 2569 2558 (.‘hananaea
2604 2505 2747 2574 (qua:
2775 2506 2994 2560 Alsbatn
3019 2506 3124 2573 est)
3151 2507 3441 2560 habitaret.

1865 2596 2090 2665 Accepit
2119 2612 2246 2666 ergo
2276 2596 2551 2651 Abraham
2599 2612 2821 2652 uxorem
2866 2597 3110 2669 65-67
3155 2613 3309 2653 suam
3342 2598 3442 2652 Sa-

1866 2705 2004 2753 ram,
2034 2706 2152 2759 qum
2182 2702 2235 2745 et
2262 2691 2364 2759 ipsi
2399 2705 2463 2744 ex
2498 2698 2650 2759 patre
2675 2706 2833 2744 soror
2864 2701 2977 2744 erat
2998 2692 3275 2751 ;'l‘harcch
3295 2692 3437 2745 enim

1865 2779 2157 2834 Abrahami
2186 2789 2359 2847 pater,
2397 2789 2608 2834 mortua
2650 2779 2865 2843 Ynana,
2905 2780 3198 2833 Abrahami
3232 2791 3435 2846 matre,

1864 2872 2025 2925 aliam
2058 2871 2213 2924 duxit
2249 2888 2469 2926 uxorem
2503 2872 2719 2926 nomine
2750 2872 3018 2936 Tohwait,
3054 2888 3121 2927 ex
3173 2888 3279 2941 qua
3314 2884 3441 2927 nata

1863 2973 1946 3020 est
1986 2966 2083 3034 ipsi
2118 2967 2314 3026 Sarah,
2346 2982 2509 3034 quam
2540 2967 2695 3020 duxit
2726 2967 3043 3032 Abraham;
3078 2974 3245 3036 atque
3298 2969 3438 3022 hanc

1862 3060 1932 3113 ob
1963 3074 2182 3113 causam
2217 3059 2355 3111 dixit
2396 3059 2669 3112 Abraham
2701 3076 2714 3111 :
2750 3058 2913 3113 Soror
2961 3076 3074 3113 mea
3115 3069 3197 3114 est
3222 3098 3237 3120 ,
3272 3061 3441 3128 patris

1863 3152 2008 3211 mei,
2051 3161 2103 3201 at
2145 3167 2248 3203 non
2296 3152 2479 3203 matris
2517 3167 2645 3204 metu
2697 3151 2813 3219 ﬁlia
2846 3151 2887 3203 ³.
2922 3150 3233 3220 Assttmpsit
3280 3153 3443 3205 etiam

1876 3240 2145 3303 Lothttt'n,
2185 3241 2368 3295 fratris
2402 3243 2481 3294 sui
2508 3241 2674 3295 filium
2702 3282 2715 3303 ,
2755 3250 2809 3295 et
2843 3243 2894 3293 in
2930 3251 3127 3295 terram
3163 3240 3445 3294 Al-lllana-

1867 3332 2129 3386 riensium
2188 3334 2589 3385 Amorneorum
2653 3333 2928 3399 profectus
2987 3340 3109 3392 est,
3179 3331 3264 3384 ubi
3318 3346 3439 3383 cum

1865 3424 2067 3491 egressi
2096 3433 2281 3477 contra
2306 3424 2480 3490 ipsum
2511 3424 2757 3477 nonnulli
2790 3423 3017 3477 Lothum
3043 3423 3311 3493 captivum
3345 3424 3438 3475 ab«

1878 3513 2182 3577 duxissent,
2218 3514 2499 3568 insecutus
2528 3514 2673 3582 ipsos
2699 3514 2997 3578 Abraham,
3030 3513 3262 3566 Lothum
3282 3528 3311 3567 e
3331 3528 3442 3564 ma-

1868 3609 2025 3661 nibus
2064 3607 2307 3675 ipsorum
2340 3608 2610 3662 liberavit.
2648 3606 2888 3661 Reverso
2917 3613 3095 3660 autem
3124 3606 3190 3658 ad
3224 3612 3438 3657 montes

1864 3701 2232 3757 Jebnsaeorum
2272 3702 2513 3756 occurrit
2553 3700 2935 3764 Melchisedek,
2982 3700 3073 3767 qui
3103 3699 3251 3770 pacis
3286 3714 3377 3751 rex
3410 3736 3425 3760 ,

1869 3795 1958 3847 Dei
2001 3795 2289 3850 cclsissimi
2345 3797 2604 3850 sacerdos
2627 3837 2642 3859 ,
2674 3796 2846 3850 audit.
2885 3795 3055 3861 Quem
3086 3809 3116 3848 e
3143 3793 3438 3863 longinquo

1866 3896 2218 3955 conspectum
2254 3888 2500 3941 adoravit
2525 3888 2820 3949 Abraham,
2851 3887 3045 3941 deinde
3079 3888 3255 3956 ipsum
3290 3900 3438 3937 eom-

1869 3980 2058 4047 plexns
2110 3989 2273 4050 atque
2319 3981 2695 4041 deosculatus,
2746 3980 3180 4035 benedictionem
3217 3978 3283 4032 ab
3317 3980 3435 4046 ipso

1865 4074 2035 4140 petiit.
2071 4072 2358 4126 Benedixit
2385 4088 2513 4140 ergo
2548 4075 2648 4143 ipsi
2679 4072 3045 4128 Melehisedek
3074 4112 3089 4135 ,
3129 4084 3435 4140 panemque

1863 4173 1916 4217 et
1945 4166 2124 4216 vinum
2162 4165 2262 4232 ipsi
2313 4166 2508 4220 obtulit
2536 4184 2550 4232 ;
2604 4167 2752 4221 dedit
2784 4174 2961 4219 autem
2994 4164 3266 4217 Abraham
3303 4163 3436 4217 Mel-

1863 4255 2155 4311 chisetleko
2191 4258 2433 4311 omnium
2465 4274 2585 4327 qua:
2640 4259 2827 4313 habuit
2877 4256 3138 4311 decimas.
3171 4255 3307 4310 Tum
3342 4272 3430 4326 per

1866 4348 2248 4401 revelationem
2297 4348 2434 4401 dixit
2488 4349 2627 4403 Deus
2663 4349 2971 4404 Abrahamo
3012 4368 3024 4404 :
3064 4350 3137 4403 Ab
3174 4350 3269 4402 hoc
3301 4358 3435 4402 tem-

1866 4455 1987 4506 pore
2027 4454 2246 4507 magnus
2270 4439 2475 4502 evades,
2517 4439 2817 4493 benedicam
2860 4443 2996 4494 enim
3031 4440 3155 4503 tibi,
3188 4450 3234 4493 et
3267 4454 3438 4492 semen

175 4524 266 4587 qui
297 4523 510 4591 primus
534 4521 823 4575 Sabiorum
861 4522 1175 4591 religionem
1209 4524 1447 4588 instituit
1471 4542 1534 4580 cx
1562 4542 1750 4581 eorum
1789 4539 1829 4592 n
1861 4537 2006 4579 tuum
2032 4526 2408 4591 multiplicabo.
2446 4528 2687 4595 Cumque
2710 4528 2820 4596 jam
2859 4529 3186 4582 innotuisset
3217 4527 3437 4581 Melchi-

175 4628 410 4667 numero
445 4612 614 4668 fuisse
645 4614 737 4683 qui
781 4614 921 4667 turri
956 4614 1170 4669 Babelis
1201 4618 1541 4671 exstruendae
1567 4618 1757 4672 adfue-

174 4716 324 4761 runt.
374 4705 573 4761 Totum
606 4716 785 4761 autem
823 4706 967 4775 quod
1007 4707 1140 4761 vixit
1192 4708 1426 4774 Nachor,
1478 4724 1745 4763 annorum

170 4800 274 4853 iuit
305 4798 669 4853 ducentorum
709 4811 761 4853 et
789 4810 935 4856 octo.
970 4799 1255 4856 Tharecho
1290 4812 1412 4871 post
1445 4817 1619 4857 annos
1661 4818 1748 4857 sc-

173 4892 456 4962 ptuagittta
499 4900 657 4946 natus
688 4902 773 4948 est
824 4895 1125 4949 Abraham.
1177 4894 1354 4965 Hujus
1385 4906 1624 4963 tempore
1658 4896 1759 4950 fuit

172 4983 402 5039 Μιντυά
460 4985 634 5053 gigas,
682 5000 777 5039 rex
831 4985 1064 5053 Babelis,
1116 4985 1208 5039 ubi
1255 4986 1464 5056 primus
1514 4986 1754 5039 omnium

173 5090 437 5144 regnasse
470 5075 675 5141 fertur;
720 5092 956 5146 cumque
988 5078 1042 5132 in
1082 5078 1225 5133 coelo
1272 5093 1488 5133 corona:
1523 5077 1750 5132 formam

170 5181 198 5217 e
230 5166 379 5219 nube
414 5165 659 5226 vidisset.
703 5170 970 5222 accersito
1002 5167 1392 5239 [metallorum]
1426 5167 1614 5222 lusere
1645 5180 1742 5218 co-

170 5270 368 5308 ronam
400 5255 504 5309 sibi
538 5255 828 5320 conﬂasse,
858 5273 1023 5326 quam
1056 5257 1222 5328 capiti
1250 5258 1577 5327 imponeret,
1612 5253 1754 5307 unde

169 5349 377 5403 factum
409 5348 737 5405 utdieerent
767 5351 1019 5407 homines
1065 5368 1326 5408 coronam
1384 5352 1488 5423 ipsi
1535 5365 1563 5405 e
1609 5350 1750 5405 ccclo

169 5441 460 5507 delapsam
489 5456 636 5496 esse.
670 5442 879 5497 Dicitur
906 5442 1017 5514 64
1049 5454 1102 5497 et
1134 5445 1278 5498 hunc
1304 5444 1537 5513 primum
1570 5442 1746 5511 ignem

169 5532 429 5596 coluisse,
468 5535 614 5600 quod
648 5534 861 5590 scilicet
908 5534 975 5589 ad
1017 5537 1214 5606 ignem,
1260 5551 1420 5605 quem
1471 5534 1655 5603 procul
1690 5533 1742 5585 itt

168 5623 389 5679 Oriente
411 5641 441 5679 e
469 5636 610 5679 terra
635 5630 994 5696 prodeuntem
1023 5630 1421 5700 conspexisset,
1450 5628 1739 5685 videndum

246 5803 425 5859 "Gett.
468 5822 554 5871 xx,
596 5807 675 5859 l2.

1861 4616 2043 4679 sedek,
2078 4618 2170 4685 qtti
2204 4619 2269 4672 de
2308 4634 2371 4669 eo
2408 4618 2759 4672 audivissent
2786 4633 2959 4687 reges,
2990 4618 3057 4672 ad
3082 4620 3259 4688 ipsum
3305 4630 3443 4671 con-

1862 4713 2067 4779 gregati
2101 4721 2264 4775 sunt;
2304 4727 2331 4763 e
2363 4712 2561 4779 quibus
2607 4720 2725 4765 erat
2771 4711 3083 4765 Abimelech
3116 4726 3207 4764 rex
3240 4709 3435 4771 Gerar,

1866 4803 2065 4857 Matkal
2096 4820 2187 4857 rex
2220 4804 2381 4866 Zoar,
2413 4802 2613 4857 Ariush
2645 4818 2736 4857 rex
2764 4802 2975 4867 Destar,
3006 4802 3323 4855 .lardaomer
3345 4817 3437 4855 rex

1865 4896 1976 4950 llau
2006 4936 2018 4957 ,
2054 4894 2268 4964 Targali
2303 4912 2393 4950 rex
2445 4896 2629 4966 Zaglai
2658 4935 2670 4956 ,
2704 4896 2841 4949 Baaz
2879 4911 2973 4948 rex
3009 4895 3219 4950 Gailath
3247 4933 3262 4957 ,
3296 4899 3437 4958 Yaez

1868 5005 1957 5043 rex
1990 4987 2233 5050 Sndomi,
2280 4988 2480 5041 Barsha
2531 5004 2620 5040 rex
2661 4986 2980 5042 Gomorrhae
3007 5026 3022 5047 ,
3053 4985 3286 5040 Sebaath
3318 4986 3431 5055 68

1866 5096 1956 5133 rex
1989 5079 2179 5143 Edom,
2211 5080 2397 5133 Banbu
2434 5094 2525 5132 rex
2559 5076 2828 5139 Damasci,
2869 5077 3066 5131 Baktar
3101 5092 3194 5131 rex
3225 5075 3433 5130 Al-Ra-

1863 5172 1991 5227 balt.
2025 5170 2258 5225 Samaan
2293 5187 2384 5224 rex
2421 5169 2837 5224 Amorbteorum
2884 5186 2895 5221 :
2931 5184 3084 5234 reges
3117 5169 3202 5223 isti
3231 5168 3436 5222 duode-

1867 5266 1971 5321 cim
2000 5264 2064 5317 ad
2090 5261 2568 5325 Melchisctlekum,
2588 5262 2679 5332 qui
2708 5272 2865 5317 etrex
2902 5262 3049 5331 pacis
3081 5260 3252 5323 audit,
3278 5274 3434 5313 acce-

1863 5358 2069 5416 dentes,
2111 5354 2203 5408 ttbi
2250 5356 2423 5421 ipsum
2461 5353 2900 5423 conspexissent,
2939 5360 2993 5407 et
3025 5351 3195 5419 ipsius
3224 5364 3433 5404 sermo-

1862 5464 1957 5502 nes
1994 5447 2320 5509 audiisscnt,
2346 5447 2413 5501 ab
2465 5447 2559 5501 illo
2619 5455 2675 5499 ut
2704 5460 2805 5498 una
2826 5460 2946 5499 cum
2977 5444 3106 5514 ipsis
3128 5443 3304 5496 abiret
3340 5456 3432 5496 ro-

1858 5549 2052 5608 garunt
2081 5580 2093 5601 ,
2149 5542 2241 5608 qui
2308 5540 2629 5606 respondit:
2665 5538 2781 5592 Non
2820 5552 3039 5607 possum
3075 5549 3174 5605 ego
3202 5534 3269 5586 ab
3324 5532 3425 5585 hoc

1854 5631 1969 5684 loto
1989 5632 2123 5686 (Περι
2139 5630 2598 5686 ἀριρ.(ἰοιιδίιίιιιη
2623 5645 2748 5701 ergo
2770 5630 2908 5686 inter
2930 5643 2989 5683 se
3011 5625 3075 5683 de
3099 5621 3426 5683 cxstrucnda
