4200 6432
168 376 272 440 925

1607 378 1971 439 ΛΝΝΜᾸΞΞ.

3306 379 3416 449 926

173 491 465 561 gemellos;
499 504 728 557 quorum
763 489 996 558 primum
1021 489 1308 558 appellavit
1339 487 1484 542 Isaac
1518 486 1740 548 Esaum;
1772 492 1816 550 Α
1844 491 1952 560 83
1999 489 2155 544 Mane
2177 506 2306 559 ergo
2353 489 2492 547 dixit
2517 489 2687 546 Iacob
2711 489 2980 547 avunculo
3017 506 3119 547 suo
3197 492 3417 561 Septem

168 580 500 642 secundum,
528 577 812 641 IaCobum,
832 579 919 630 cui
955 578 1078 630 ideo
1103 575 1290 630 Jacobi
1327 592 1521 630 nomen
1547 577 1743 629 indidit

173 671 316 740 quod
347 687 473 725 cum
502 689 564 724 ex
609 681 762 723 utero
816 681 1059 724 materno
1091 671 1352 740 prodiret,
1378 685 1538 723 manu
1575 669 1740 722 Esaui

169 761 488 813 cale-uncum
548 768 768 812 teneret.
829 759 996 810 Porro
1049 757 1200 813 Isaac
1255 759 1452 812 Esaum
1516 759 1742 822 amavit,

171 853 421 907 Rebecca
465 867 591 906 vero
624 851 911 905 Iacobum.
960 850 1082 904 Fuit
1141 860 1318 905 autem
1370 851 1510 908 Esau
1563 852 1745 904 hirsuo

168 960 278 1013 tus,
308 947 545 1016 pilosus,
604 945 915 1000 subolidus.
945 944 1129 999 {Etate
1160 960 1287 996 vero
1311 945 1420 1013 jam
1451 954 1742 1011 provectus

168 1040 315 1094 Isaac
351 1041 464 1092 tilio
521 1054 622 1092 suo
674 1038 855 1092 Esauo
905 1039 1172 1092 accersito
1205 1033 1374 1091 dixit:
1424 1038 1605 1091 Armis
1632 1037 1742 1091 tuis

168 1135 500 1198 assumptis,
546 1131 600 1184 in
634 1147 886 1200 campum
912 1146 1235 1200 progressus
1271 1129 1518 1200 77-79
1551 1143 1747 1183 venare

166 1225 298 1274 mihi
324 1225 564 1291 praedam
601 1239 631 1277 c.
657 1239 762 1291 qua
795 1223 977 1275 cibum
1015 1223 1144 1274 mihi
1173 1238 1331 1291 pares
1364 1238 1522 1290 quem
1556 1235 1742 1273 cmuc-

165 1317 324 1371 dens.
360 1315 460 1368 tibi
493 1324 779 1384 antequam
810 1317 1013 1368 moriar
1059 1313 1402 1368 benedieam.
1433 1313 1582 1376 Quod
1614 1327 1738 1364 cmn

167 1407 471 1460 audivisset
515 1405 785 1466 Rebecca,
831 1414 1112 1474 acceptum
1142 1404 1404 1459 Iacobum
1440 1403 1604 1458 Esani
1653 1419 1742 1457 ve-

164 1502 346 1554 stibus
375 1501 573 1566 induit,
616 1501 864 1569 haedique
905 1500 1038 1570 pelle
1068 1501 1336 1568 prehensa
1389 1507 1593 1565 partem
1626 1498 1746 1562 ejus

167 1595 406 1658 pectori,
449 1593 720 1652 humeris,
757 1602 810 1644 et
845 1592 1084 1645 brachiis
1111 1591 1285 1659 ipsius
1318 1589 1748 1657 snperimposuit

164 1697 473 1754 parataque
503 1685 628 1739 cibo
653 1685 788 1738 dixit
814 1685 950 1752 ipsi:
979 1687 1052 1737 Ad
1083 1693 1288 1752 patrem
1322 1694 1470 1736 tuum
1498 1682 1742 1737 lsaacum

165 1779 456 1846 ingressus
501 1777 684 1829 dicas:
733 1776 841 1844 Ego
889 1791 1008 1829 srzm
1062 1775 1203 1828 Esau
1254 1773 1398 1828 filius
1439 1784 1586 1840 tuus,
1639 1791 1747 1844 quo

163 1870 262 1922 tibi
302 1880 433 1923 ante
469 1879 697 1922 mortem
736 1884 891 1920 suam
927 1868 1233 1919 lienedicat.

235 1963 490 2030 Ingresso
515 1976 644 2030 ergo
676 1964 738 2012 al
767 1962 1008 2013 lsa-ieum
1031 1959 1256 2023 Iacobo,
1280 1961 1416 2013 dixit
1447 1961 1547 2028 ipsi
1571 1961 1744 2014 Isaac:

164 2056 415 2108 Act-edas
446 2053 510 2106 ad
548 2070 657 2106 me.
693 2053 1162 2119 Accezlentemque
1189 2069 1310 2106 cum
1351 2062 1746 2106 contrectaSset

163 2149 340 2200 dixit:
394 2146 586 2200 Sermo
623 2155 768 2199 certe
801 2143 990 2198 Jacobi
1029 2160 1209 2197 SCI'IIIO
1244 2153 1348 2206 est,
1383 2157 1429 2197 at
1464 2157 1744 2198 cenlzcus

166 2237 331 2290 Esatti
362 2245 669 2290 contactus.
693 2234 996 2289 Conicdens
1019 2250 1151 2302 ergo
1178 2235 1324 2288 Isaae
1355 2233 1558 2288 Iacobo
1583 2237 1626 2288 b:
1652 2251 1684 2288 ιι
1708 2255 1746 2275 ·-

163 2331 326 2392 dixit,
346 2344 583 2394 eumque
622 2327 776 2381 fratri
813 2343 914 2381 suo
948 2329 1247 2396 principem
1276 2328 1582 2380 constituit.
1604 2325 1742 2379 Tum

164 2437 424 2476 reversus
458 2420 598 2472 Esau
637 2436 666 2473 a
700 2428 898 2473 venatu
937 2420 1145 2488 paravit
1181 2420 1343 2471 etiam
1371 2419 1550 2472 cibum
1582 2435 1742 2488 quem

165 2513 308 2581 patri
357 2528 460 2566 suo
501 2513 686 2566 l<aaco
731 2511 951 2564 obtulit.
999 2510 1100 2564 Cui
1160 2511 1297 2563 dixit
1340 2519 1492 2580 pater
1528 2511 1741 2580 ipsius:

165 2606 304 2668 Quis
353 2612 440 2655 est
486 2618 579 2670 qm
627 2614 678 2655 te
711 2601 968 2670 prawenit
1018 2609 1076 2654 ttt
1124 2601 1554 2656 benedictionem
1603 2601 1744 2653 acci-

165 2695 356 2764 peret?
384 2695 545 2749 Flens
567 2710 695 2760 ergo
723 2693 898 2749 Esau:
931 2692 975 2747 Ο
996 2695 1062 2746 mi
1098 2705 1269 2762 pater,
1320 2693 1516 2760 inquit,
1563 2707 1741 2744 annon

162 2796 247 2840 est
274 2787 375 2840 tibi
417 2795 612 2854 przeter
641 2801 803 2838 unam
839 2782 1316 2837 benedictionem?
1367 2781 1511 2835 Dixit
1555 2781 1741 2836 Isaac:

165 2878 301 2930 Eum
328 2878 428 2930 tibi
457 2877 752 2945 principem
788 2875 1063 2937 constitui,
1123 2873 1336 2940 etquid
1372 2875 1467 2926 tibi
1510 2873 1746 2927 faciam?

164 2969 487 3024 Accedente
534 2977 716 3021 autem
761 2967 968 3029 Esauo,
1009 2967 1285 3020 benedixit
1325 2966 1426 3034 ipsi
1481 2963 1652 3028 Isaac,
1688 2972 1744 3019 at

161 3061 431 3115 Iacobum
460 3061 560 3128 ipsi
614 3061 911 3128 principem
956 3059 1275 3122 constituit;
1332 3073 1502 3128 quare
1562 3058 1744 3112 animo

1848 598 2019 636 anues
2047 582 2138 636 tibi
2166 585 2330 638 sevivi
2349 595 2402 637 ut
2427 585 2558 638 mihi
2587 584 2873 638 Rachelem
2897 585 2948 638 in
2977 601 3198 639 uxorem
3223 586 3415 650 dares;

1847 673 2119 739 quomodo
2143 688 2270 741 ergo
2301 674 2364 726 ad
2397 690 2480 726 me
2521 689 2763 728 sororem
2820 674 2938 737 ejus
2973 673 3134 727 Leam
3168 676 3420 728 intromi—

1853 765 2012 817 sisti?
2048 761 2346 831 Respondit
2375 765 2452 818 illi
2483 765 2701 818 Laban:
2757 764 2810 816 Si
2843 766 2970 816 mihi
3003 782 3174 819 annos
3209 777 3415 835 septem

1846 853 1985 905 alios
2020 854 2394 914 iuserviveris.
2436 856 2598 906 etiam
2628 855 2920 909 Rachclem
2950 856 3042 908 tibi
3079 854 3241 910 dabo.
3290 856 3419 922 Sep-

1849 955 1955 998 tem
1977 962 2108 1013 ergo
2138 962 2311 999 anuos
2344 947 2483 1000 alios
2517 963 2640 998 enm
2671 947 2765 1012 ipsi
2796 949 3101 1008 Serviisset,
3125 948 3414 1001 llaehelezu

1850 1037 1949 1107 ipsi
1991 1054 2212 1091 uxorem
2255 1039 2422 1098 dedit.
2452 1049 2609 1109 atque
2641 1039 2712 1091 ita
2748 1039 2881 1091 duas
2918 1041 3073 1093 duxit
3105 1055 3341 1094 sorores.

1920 1131 2133 1200 Peperit
2167 1141 2346 1184 autem
2379 1129 2481 1184 Lea
2508 1133 2731 1193 Iacobo,
2757 1131 3055 1194 llubcuem,
3079 1132 3414 1194 Simeonem,

1852 1225 2057 1288 Levim,
2092 1226 2309 1288 Iudam,
2339 1227 2707 1290 lssacbarum,
2745 1227 3102 1286 Zabulonem,
3127 1241 3248 1280 cum
3275 1241 3416 1280 non-

1848 1317 1974 1370 dum
2010 1320 2307 1386 peperisset
2346 1317 2561 1370 Rachel.
2610 1317 2750 1371 Dixit
2779 1333 2908 1385 ergo
2942 1315 3139 1369 Rachel
3179 1312 3410 1370 Iacobo:

1850 1409 2100 1476 Accipias
2131 1410 2380 1463 ancillam
2416 1424 2590 1462 meam
2624 1411 2857 1472 Bilham,
2899 1419 2979 1474 ut,
3009 1409 3098 1462 illa
3123 1424 3186 1462 ex
3218 1417 3266 1462 te
3296 1421 3416 1476 gra-

1853 1500 1972 1552 vida
2016 1499 2184 1564 facta,
2222 1503 2291 1553 sit
2321 1500 2451 1553 mihi
2489 1499 2687 1569 proles.
2719 1501 2931 1569 Peperit
2969 1500 3131 1569 igitur
3157 1500 3283 1552 liilla
3311 1497 3416 1552 Ra-

1851 1594 2026 1647 chelis
2067 1595 2264 1646 ancilla
2309 1593 2512 1646 Iacobo
2554 1610 2754 1662 pueros
2805 1595 2965 1656 duos,
3005 1593 3118 1646 Dan
3151 1598 3204 1645 et
3234 1591 3415 1658 Naph-

1855 1684 2028 1747 talim;
2067 1697 2176 1736 tum
2205 1683 2345 1737 dixit
2372 1683 2475 1737 Lea
2501 1684 2725 1739 Iacobo:
2759 1686 2903 1752 Cape
2939 1684 3104 1736 etiam
3159 1681 3415 1734 ancillam

1851 1790 2023 1826 meam
2054 1784 2110 1827 ut
2142 1773 2228 1828 illa
2263 1790 2326 1826 ex
2385 1785 2436 1828 te
2459 1776 2798 1845 concipiente
2832 1777 2939 1831 siu‘.
2974 1774 3108 1828 mihi
3148 1773 3288 1826 ultra
3323 1787 3418 1824 na-

1853 1874 1936 1916 tos
1970 1866 2281 1927 nicosnati,
2330 1865 2548 1935 Peperit
2593 1883 2722 1934 ergo
2770 1867 2932 1919 etiam
2981 1864 3172 1933 Zilpha
3220 1856 3417 1918 ancilla

1850 1956 1972 2012 Lcae
2005 1957 2140 2010 duos
2163 1955 2364 2010 Iacobo
2390 1958 2549 2017 filios.
2582 1957 2696 2010 Gad
2720 1967 2773 2011 et
2801 1956 2998 2010 Asber.
3023 1956 3270 2009 Postlimc
3299 1968 3422 2023 gra-

1850 2049 2028 2100 vidata
2078 2047 2273 2102 Rachel
2325 2051 2533 2116 peperit
2583 2047 2878 2116 Ioseplutm
2923 2058 2974 2102 et
3019 2047 3417 2116 Benjaminum,

1850 2138 2096 2204 Suntque
2119 2140 2206 2192 isti
2231 2141 2513 2193 duodecim
2535 2140 2716 2193 Jacobi
2738 2140 2851 2202 lilii,
2881 2156 2910 2192 c
2933 2139 3128 2208 quibus
3171 2139 3274 2190 orti
3297 2146 3422 2192 sunt

1849 2246 2038 2284 omnes
2067 2231 2157 2284 lilii
2185 2231 2422 2286 lsraelis.
2451 2230 2586 2284 Tum
2628 2246 2878 2283 reversus
2911 2238 2992 2284 est
3026 2228 3194 2283 Iacob
3233 2229 3286 2283 in
3314 2237 3422 2282 ter-

1851 2325 2253 2389 ram(‘.hanaan;
2282 2323 2533 2377 lsraelem
2562 2336 2737 2378 autent
2760 2324 3234 2394 ipsumappellavit
3259 2322 3420 2376 Deus.

1851 2419 1886 2469 Α
1899 2434 2004 2469 uno
2025 2418 2208 2472 Jacobi
2241 2420 2575 2484 oi-lugcsituo
2596 2422 2823 2485 septimo
2850 2418 3055 2485 peperit
3080 2416 3184 2471 Lca
3211 2415 3418 2476 Levim,

1850 2513 2068 2562 tert'unt
2133 2509 2304 2575 ipsius
2347 2509 2538 2562 liiitt'u.
2591 2509 2764 2563 Porro
2815 2511 3150 2579 descriptum
3177 2519 3258 2563 est
3289 2518 3424 2561 telit-

1849 2617 1950 2670 pus
1983 2603 2092 2656 nati
2126 2601 2250 2654 Levi
2292 2616 2403 2670 prae
2457 2605 2667 2655 ca’teris
2721 2602 3009 2666 fratribus,
3061 2618 3125 2656 eo
3169 2601 3314 2672 quod
3353 2617 3423 2656 ex

1851 2691 2026 2755 ipsius
2064 2692 2232 2759 stirpe
2282 2692 2446 2746 fuerit
2497 2693 2692 2747 Moses.
2743 2692 3073 2748 Prosecutus
3125 2703 3208 2748 est
3237 2702 3419 2747 autem

1848 2784 2016 2838 Iacob
2068 2785 2367 2853 Iosephutn
2425 2800 2609 2840 amore
2663 2784 2989 2849 vehementi,
3036 2784 3147 2856 84
3185 2800 3417 2854 eumque

1851 2875 2112 2931 fratribus
2153 2877 2265 2931 suis
2298 2878 2556 2945 przetulit,
2613 2878 2755 2930 unde
2799 2877 2874 2929 illi
2907 2876 3108 2930 invidia
3147 2879 3200 2931 in
3231 2879 3410 2946 ipsum

1848 2969 2106 3022 commoti
2144 2969 2208 3022 de
2243 2969 2410 3038 ipsoe
2433 2971 2608 3023 medio
2643 2969 2879 3023 tollendo
2923 2971 3250 3038 cogitarunt.
3279 2971 3415 3023 Dum

1851 3063 2016 3129 igitur
2051 3063 2151 3130 ipsi
2193 3078 2323 3116 oves
2355 3079 2484 3116 suas
2523 3071 2579 3116 ct
2634 3064 2873 3118 camelos
2910 3073 3219 3132 pascerent,
3284 3077 3411 3118 ecce

166 3153 360 3205 statuit
411 3150 550 3202 Esau
591 3149 859 3202 Iacobum
892 3149 1218 3202 interlicere.
1249 3149 1472 3218 Aufugit
1502 3163 1630 3217 ergo
1658 3147 1739 3202 Ia-
1774 3154 1814 3210 C
1853 3151 2068 3204 transiit
2121 3151 2275 3219 juxta
2324 3153 2470 3218 ipsos
2527 3165 2891 3206 mercatormu
2941 3151 3417 3223 Madayenitarum

165 3244 340 3297 cobus
369 3259 398 3296 a
433 3243 596 3295 fratre
627 3258 726 3296 suo
746 3241 925 3296 Esauo
954 3241 1284 3308 llarranum,
1319 3242 1383 3295 ad
1416 3241 1668 3292 avuncul;
1697 3255 1744 3292 m

167 3352 325 3389 suum
357 3333 663 3388 Labanum.
694 3333 864 3387 Porro
901 3341 1145 3402 tempore
1174 3331 1338 3385 lsaaci
1361 3371 1374 3393 ,
1417 3333 1631 3384 condita
1669 3340 1748 3382 est

166 3427 418 3486 Iericho,
454 3424 867 3478 exstruentibus
899 3425 1072 3491 ipsam
1117 3431 1323 3490 septem
1361 3421 1583 3488 regibus
1617 3437 1748 3487 quo-

167 3538 287 3573 rnm
319 3519 693 3586 unusquisque
734 3517 845 3586 80
874 3531 1086 3568 murum
1129 3514 1204 3568 illi
1251 3515 1540 3568 exstruxit.
1592 3515 1747 3565 Anno

168 3622 351 3666 autem
384 3614 504 3663 vita:
537 3609 703 3663 Isaaei
731 3608 1134 3676 septuagesimo
1172 3605 1362 3672 qu'nto
1396 3612 1642 3656 mortuus
1665 3611 1748 3657 est

166 3706 441 3758 Abraham
464 3715 650 3753 mense
682 3697 844 3750 Nisan
872 3695 1084 3763 (quiest
1107 3692 1436 3757 Barniudab)
1465 3691 1543 3762 [at
1571 3692 1624 3745 in
1643 3691 1749 3742 alio

167 3794 468 3862 exemplati
501 3793 716 3859 legitur,
777 3804 961 3842 niense
1013 3788 1200 3847 Adar,
1261 3787 1354 3854 qui
1398 3797 1482 3838 est
1530 3784 1749 3837 Borma-

169 3886 296 3955 halJl
336 3901 460 3936 cum
505 3884 731 3935 vixisset
767 3897 942 3934 annos
975 3888 1193 3932 centum
1219 3877 1566 3945 septuaginta
1589 3875 1750 3944 quin-

171 3995 299 4047 que.
351 3980 509 4029 Anno
547 3975 674 4027 vita:
727 3971 892 4027 lsaaci
941 3969 1242 4025 centesimo
1291 3968 1555 4022 vietesimo
1590 3969 1749 4021 tertio

172 4081 426 4125 mortuus
459 4077 545 4121 est
569 4067 781 4128 lsmael,
816 4081 1003 4119 mense
1036 4064 1202 4116 Nisan
1245 4062 1378 4131 (qtti
1409 4068 1495 4114 est
1523 4061 1749 4112 Barmu-

170 4164 311 4233 dab)
357 4178 483 4214 cum
533 4161 758 4213 vixisset
797 4173 973 4210 annos
1013 4163 1230 4210 centum
1274 4155 1486 4223 triginta
1517 4161 1748 4220 septem.

173 4255 371 4308 Totum
409 4266 590 4306 autem
625 4252 769 4320 quod
799 4252 931 4304 vixit
961 4250 1111 4302 Isaac
1141 4247 1268 4301 anni
1297 4253 1425 4300 sunt
1457 4254 1672 4299 centum
1698 4247 1752 4295 et

171 4347 475 4415 octoginta.
547 4345 688 4396 Esau
728 4357 902 4396 annos
972 4351 1133 4395 natus
1196 4337 1556 4408 quadraginta
1617 4349 1752 4387 uxo-

171 4455 284 4494 rem
338 4438 494 4492 duxit
537 4453 566 4491 e
605 4437 819 4490 filiabus
848 4436 1024 4504 patrui
1076 4434 1160 4488 sui
1205 4433 1472 4493 lsmaelis,
1530 4428 1751 4482 nomine

1853 3242 1976 3311 (qui
2032 3241 2312 3296 lsmaeli'm
2363 3257 2508 3306 sunt,
2539 3253 2591 3297 ct
2630 3244 2914 3313 Arabes),
2945 3260 3175 3314 quorum
3213 3259 3420 3298 merces

1851 3342 2005 3387 erant
2028 3351 2194 3388 nuces
2223 3335 2413 3403 pineta.
2437 3336 2836 3396 terebinthinae,
2862 3347 2916 3389 et
2945 3337 3144 3396 oleum,
3171 3336 3221 3388 in
3253 3331 3420 3405 Egy-

1851 3437 2001 3496 ptum
2036 3425 2374 3480 tendentium
2410 3439 2655 3490 caterva,
2694 3431 2892 3495 quibus
2923 3425 3417 3496 prebeusumIosc-

1853 3520 2016 3588 phum
2051 3519 2419 3573 vendiderunt
2472 3517 2668 3571 fratres
2720 3519 2889 3586 ipsius
2921 3519 3110 3585 viginti
3157 3517 3414 3578 nummis,

1854 3625 2025 3662 annos
2073 3619 2257 3661 natum
2301 3607 2868 3678 septemdecim.'l'um
2930 3618 3150 3677 accepto
3196 3605 3416 3674 Iosephi

1853 3702 2070 3755 iudusio
2100 3701 2438 3770 manicisque
2480 3704 2603 3771 ejus
2667 3701 2928 3769 sanguine
2957 3700 3222 3768 impletis,
3265 3699 3419 3751 dixe-

1853 3801 1979 3844 runt
2007 3790 2252 3846 Iacobo:
2303 3791 3088 3861 llevoravitIosepbumlupus.
3124 3788 3420 3860 Iosephum

1854 3893 2032 3937 autem
2063 3883 2114 3936 in
2149 3881 2443 3954 Egyptum
2489 3901 2519 3938 a
2568 3885 2962 3939 mercatoribus
3012 3885 3304 3937 abductum
3353 3884 3420 3935 ab

1855 3975 1960 4030 illis
2003 3975 2136 4028 emit
2167 3975 2470 4029 Pharaonis
2518 3991 2750 4037 servus,
2803 3976 3097 4030 satellitum
3142 3976 3421 4046 princeps:

1853 4067 2011 4136 cujus
2044 4083 2180 4120 uxor
2205 4083 2327 4121 cum
2359 4068 2506 4121 illum
2540 4067 2829 4136 deperiret,
2859 4071 2924 4123 ab
2957 4083 3017 4122 ea
3058 4083 3116 4120 se
3150 4067 3419 4130 cohibuit;

1854 4175 2024 4229 quare
2051 4160 2141 4213 illa
2169 4159 2235 4214 de
2266 4161 2382 4228 ipso
2401 4161 2538 4226 apud
2565 4162 2818 4214 maritum
2854 4175 3012 4214 suum
3043 4160 3264 4212 mentita
3295 4174 3419 4212 cum

1865 4252 2101 4305 diceret:
2138 4250 2281 4304 Puer
2305 4253 2406 4303 iste
2445 4251 2702 4304 llebneus
2735 4267 2817 4303 me
2859 4253 3030 4320 petiit,
3061 4251 3295 4320 conjccit
3336 4250 3424 4304 ille

1857 4345 2031 4413 ipsum
2073 4345 2125 4395 in
2163 4358 2460 4396 carcerein.
2508 4349 2665 4396 Auno
2706 4342 2892 4397 Jacobi
2937 4344 3241 4396 centesimo
3279 4342 3423 4396 vice-

1859 4435 2002 4487 simo
2051 4433 2185 4485 obiit
2230 4433 2380 4486 lsaac
2429 4449 2617 4486 mense
2649 4434 2812 4504 Aiyar
2850 4433 2976 4502 (qui
3028 4444 3108 4487 cst
3144 4432 3423 4498 Bashnes)

171 4532 443 4595 Nahalat,
482 4545 602 4596 quae
638 4529 776 4582 lilios
811 4529 910 4598 ipsi
945 4528 1294 4596 quamplurcs
1320 4525 1545 4594 peperit.
1585 4520 1746 4575 Duxit
1783 4519 1826 4574 D
1857 4541 1978 4578 eum
2016 4538 2191 4576 annos
2214 4533 2434 4576 centum
2466 4533 2518 4576 et
2552 4525 2827 4592 oetoginta
2862 4522 3109 4578 vixisset.
3145 4524 3301 4576 Auno
3328 4539 3426 4576 au-

169 4629 338 4681 etiam
394 4642 425 4676 e
488 4623 702 4677 filiabus
757 4621 980 4676 Canaan
1033 4620 1291 4672 feminam
1347 4617 1566 4671 nomine
1613 4614 1748 4678 ΑεΙτι,

171 4721 340 4773 filiam
389 4718 522 4770 Elon
559 4715 776 4769 lliltmi:
830 4729 930 4768 nec
968 4730 1072 4766 non
1114 4730 1144 4765 e
1184 4711 1398 4764 filiabus
1433 4708 1750 4762 Gt°a3corum

171 4815 319 4866 unde
354 4812 430 4864 illi
462 4812 603 4862 inter
629 4809 780 4877 ipsos
806 4807 1120 4875 progenies.
1153 4804 1445 4871 Progenies
1474 4806 1752 4854 autemest

175 4907 252 4960 illi
280 4903 732 4969 conlusiorquam
769 4911 824 4953 ut
849 4898 1122 4952 numerari
1158 4897 1350 4966 possit.
1388 4895 1523 4949 Sunt
1557 4908 1586 4947 e
1613 4892 1750 4946 stir-

177 5016 240 5066 pe
268 4998 394 5064 ejus
434 4994 747 5047 Amalekita:
776 5006 831 5046 et
868 4989 1066 5044 Korei.
1123 4989 1429 5057 Totumquc
1471 4985 1616 5054 quod
1663 4984 1746 5036 vi-

179 5094 256 5145 xit
280 5091 423 5143 Esau
446 5102 713 5140 annorum
742 5093 1099 5141 eratccntum
1121 5082 1314 5150 viginti
1344 5095 1559 5134 novem.
1582 5077 1751 5132 Iacob

175 5196 308 5235 vero
357 5179 425 5233 ad
455 5177 784 5231 avunculum
826 5191 986 5230 suum
1013 5173 1196 5227 Laban
1225 5172 1526 5225 llarranum
1557 5184 1748 5238 perve-

179 5275 262 5328 nit
287 5315 300 5335 ,
331 5273 421 5326 cui
465 5272 605 5324 bitur.
633 5277 789 5323 crant
838 5268 981 5331 filiae,
1013 5281 1243 5336 Quarum
1276 5272 1402 5316 natu
1430 5261 1621 5327 majori
1651 5275 1751 5312 no-

179 5383 303 5419 tuen
354 5363 614 5416 fuitLeah
646 5360 1044 5430 (eaqueoculis
1073 5356 1272 5427 lippa),
1294 5355 1490 5409 tninori
1526 5351 1748 5405 Rachel.

179 5455 398 5510 Amavit
434 5462 619 5507 autem
639 5452 809 5505 Iacob
827 5451 1142 5511 Rachclem,
1173 5461 1402 5514 eanrquc
1424 5445 1491 5500 ab
1513 5460 1672 5497 avunr
1692 5459 1752 5494 u-

183 5551 232 5604 lo
262 5563 367 5603 suo
399 5547 454 5600 in
487 5559 713 5599 uxorem
749 5544 928 5613 petiit;
981 5543 1068 5596 cui
1107 5542 1323 5595 illez-Si
1361 5539 1516 5598 mihi,
1551 5538 1748 5604 inquit,

181 5653 386 5708 septem
431 5655 606 5693 annos
635 5638 1012 5701 insernveris,
1056 5635 1354 5705 Rachclcm
1391 5635 1482 5687 tibi
1526 5649 1748 5685 uxorem

181 5733 344 5793 dabo;
371 5737 426 5782 at
451 5743 574 5783 cum
599 5739 802 5797 septem
837 5741 1011 5782 annos
1043 5727 1142 5796 ipsi
1178 5725 1459 5780 serviissct
1491 5732 1650 5776 uucttt
1681 5723 1747 5775 ad

185 5825 362 5895 ipsum
418 5818 607 5886 Leam,
655 5819 906 5876 llacbelis
947 5835 1191 5875 sororem
1240 5815 1563 5873 introduxit.
1611 5815 1750 5884 ει-

1859 4627 1963 4671 tem
2003 4618 2125 4668 vita:
2163 4615 2348 4668 Iacobi
2377 4617 2676 4668 centesimo
2705 4615 2963 4668 vicesimo
2996 4631 3141 4668 nono
3172 4625 3422 4666 mortuus

1858 4717 1942 4761 est
1984 4706 2150 4772 Esau,
2193 4723 2379 4761 mense
2409 4707 2628 4762 Tishrin
2673 4708 2850 4776 primo
2902 4709 3032 4775 (qui
3078 4720 3134 4762 et
3185 4707 3423 4767 Babab).

1857 4813 2027 4852 annos
2053 4807 2210 4852 natus
2233 4809 2444 4854 centum
2476 4799 2662 4868 viginti
2685 4816 2902 4855 novem.
2950 4800 3120 4854 Porro
3152 4801 3204 4854 in
3234 4814 3423 4853 carcee

1857 4907 1967 4944 rem
2001 4907 2106 4943 una
2134 4907 2256 4945 cum
2289 4890 2547 4958 Iosepho,
2576 4892 2811 4961 conjecit
2848 4892 3098 4946 Pharaoh
3154 4893 3422 4960 pistorum

1854 4993 1904 5039 ct
1941 4985 2318 5052 poeillatorum
2355 4985 2656 5054 principes,
2693 4986 2782 5040 ubi
2817 4985 3204 5040 dormientium
3251 4998 3422 5045 more,

1856 5078 1985 5131 vidit
2016 5077 2160 5145 quia
2192 5077 2400 5146 poculis
2433 5086 2552 5130 erat
2588 5094 2645 5131 se
2667 5079 2826 5145 quasi
2861 5079 3112 5132 manibus
3145 5084 3424 5129 tenentem

1855 5185 2076 5224 uvarum
2105 5185 2403 5231 racemum,
2427 5185 2456 5223 e
2479 5185 2588 5238 quo
2602 5169 2710 5239 85
2741 5169 2850 5239 87
2874 5183 3094 5222 succum
3115 5184 3232 5236 expt
3250 5169 3423 5220 imens

1856 5261 2122 5317 Pharaoni
2165 5262 2454 5315 bibendum
2503 5263 2784 5330 prcberet;
2841 5262 2927 5313 cui
2983 5259 3289 5329 Iosephus:
3344 5258 3422 5311 Ita

1855 5355 2104 5423 (inquit)
2137 5355 2239 5408 erit
2271 5355 2417 5407 sicut
2450 5353 2654 5415 vidisti;
2686 5353 2783 5404 mei
2831 5363 3013 5404 autem
3056 5349 3195 5416 apud
3244 5349 3422 5403 domi-

1856 5462 1979 5498 num
2018 5455 2168 5498 tuum
2199 5444 2511 5499 memoriane
2532 5443 2871 5497 l‘acias.\'ii|:t
2899 5445 3056 5496 etiam
3090 5441 3260 5510 pistor
3283 5455 3420 5507 qua~

1853 5541 1897 5593 si
1917 5538 2210 5591 canistrum
2247 5539 2399 5606 panis
2419 5553 2582 5607 super
2606 5535 2783 5605 capite.
2817 5549 2936 5597 suo,
2972 5549 3001 5588 e
3035 5548 3143 5601 quo
3165 5531 3421 5585 comede-

1857 5639 1977 5684 rent
2006 5631 2301 5685 volucres:
2337 5631 2424 5684 cui
2453 5629 2757 5701 Iosephus:
2791 5627 2973 5692 Cruci,
3013 5623 3208 5693 inquit,
3241 5622 3420 5687 allige-

1856 5725 1951 5786 ris,
1989 5723 2385 5792 comedentquc
2417 5739 2635 5779 carnem
2673 5731 2820 5777 tuam
2858 5719 3145 5775 volucres:
3177 5714 3321 5784 quo!
3364 5719 3415 5765 ct

1857 5819 2055 5871 factum
2098 5825 2199 5870 est.
