4200 6432
796 371 895 434 927

1818 388 2045 448 EUTY;
2065 391 2185 451 IIll
2230 394 2533 459 ALEXAN
2550 402 2764 461 DRlNl
2814 405 3032 466 ΡΛΤιῖ.

3923 416 4032 477 998

889 486 1084 539 Deinde
1114 503 1234 540 cum
1272 491 1493 548 vidisset
1526 496 1685 549 etiam
1721 497 1966 555 l’haraoh
2006 504 2355 572 insomnium,

2469 518 2603 570 uixit
2632 534 2644 569 :
2686 516 2740 570 Si
2769 533 2988 572 veraces
3003 519 3120 573 sitis
3146 534 3242 572 nec
3264 521 3655 585 exploratores,
3687 523 3875 577 relicto
3895 527 4042 591 apud

794 579 929 629 dixit
974 578 1048 631 illi
1086 580 1175 648 qui
1227 599 1256 636 a
1310 588 1519 653 poculis
1566 588 1665 657 ipsi
1697 606 1836 658 erat,
1884 610 2005 649 esse
2056 599 2109 650 in
2144 615 2363 655 carcere

796 685 1022 734 puerum
1061 673 1343 730 llcbrmum
1380 679 1470 746 qui
1503 682 1715 736 somnia
1767 684 2241 757 interpretaretur;
2274 696 2359 747 cui

793 777 925 830 ergo
955 763 1149 820 adduci
1176 768 1333 837 jusso
1360 770 1493 824 dixit
1527 771 1803 839 l'haraoh,
1834 778 2038 834 vidisse
2062 796 2121 837 se
2152 794 2358 852 septem

790 868 1023 919 vaccas,
1060 860 1285 927 pingues
1319 875 1348 914 e
1378 865 1517 919 mari
1554 868 1901 937 prodeuntes,
1931 880 1984 926 et
2020 885 2140 943 post
2166 890 2257 929 eas
2278 892 2363 931 sc-

795 957 938 1014 ptem
958 951 1419 1023 maeilentas,quw
1439 958 1663 1026 pingues
1685 961 2040 1020 devorarent:
2066 978 2177 1021 tum
2197 970 2360 1024 etiant

794 1038 994 1093 vidisse
1027 1055 1087 1094 se
1115 1052 1321 1112 septem
1355 1049 1534 1115 spicas
1559 1065 1773 1107 crassas
1803 1069 1833 1108 e
1865 1067 2003 1109 terra
2030 1061 2360 1128 prodeuntes

791 1129 990 1184 deinde
1027 1144 1233 1201 septem
1266 1139 1519 1206 graciles,
1553 1142 1755 1206 aridas,
1807 1161 1927 1213 quae
1976 1164 2191 1206 crassas
2242 1154 2361 1208 illas

792 1221 1158 1290 deglutirent;
1194 1228 1332 1281 dixit
1369 1246 1497 1298 ergo
1543 1233 1620 1286 illi
1655 1234 1887 1303 Jeseph:
1929 1238 2119 1296 Futuri
2152 1247 2359 1300 suntin

792 1328 957 1380 regno
987 1324 1077 1368 tuo
1106 1327 1309 1386 scptetn
1345 1324 1471 1375 anni
1499 1324 1707 1381 feraces
1730 1366 1746 1390 ,
1773 1329 1967 1385 deinde
1989 1342 2110 1401 post
2134 1350 2228 1391 eos
2270 1352 2359 1393 se-

788 1414 933 1471 ptem
986 1411 1112 1460 anni
1168 1412 1369 1477 quibus
1397 1416 1499 1467 erit
1534 1431 1763 1474 annonae
1814 1424 2039 1489 penuria
2098 1438 2151 1479 et
2193 1427 2360 1484 fames

790 1496 1045 1562 insignis.
1078 1500 1212 1552 Tum
1247 1502 1505 1572 imposuit
1543 1508 1788 1565 Pharaon
1823 1511 2061 1584 Josepho
2094 1521 2243 1587 regni
2272 1523 2358 1576 sui

789 1584 1213 1645 administrandi
1246 1610 1458 1662 curam,
1501 1602 1701 1655 tradito
1721 1602 1819 1671 ipsi
1843 1609 2047 1661 annulo
2068 1584 2189 1665 suo.
2212 1613 2356 1667 Con-

785 1676 923 1729 didii.
955 1695 1085 1747 ergo
1116 1680 1385 1753 Joseplms
1412 1698 1614 1756 septem
1649 1693 1805 1749 annis
1833 1696 2091 1752 uberibus
2119 1701 2359 1758 frumen-

786 1776 899 1821 tum
943 1771 994 1823 itt
1030 1773 1197 1839 Spicis
1228 1778 1344 1830 suis
1365 1816 1378 1841 ,
1413 1779 1587 1835 donec
1618 1783 1974 1853 implerentur
2000 1807 2117 1858 qua:
2166 1810 2354 1849 nume-

787 1874 903 1911 rum
946 1874 1209 1931 superant
1264 1872 1537 1935 granaria.
1577 1875 1718 1929 Anni
1765 1888 1892 1933 tunc
1920 1892 2075 1936 erant
2115 1884 2354 1957 Jnsepho

787 1952 1006 2017 triginta
1034 1992 1048 2015 ,
1101 1959 1195 2025 qui
1227 1975 1447 2015 uxorem
1477 1963 1633 2019 duxit
1662 1970 1879 2026 nomine
1926 1973 2150 2030 Asinath
2201 1981 2354 2037 urbis

788 2040 1106 2102 l'Jinshemes
1128 2053 1637 2123 sacerdotisfiliam,
1670 2078 1790 2129 qua:
1825 2064 1981 2120 binos
2014 2070 2112 2137 ipsi
2145 2075 2352 2140 peperit

785 2136 945 2198 filios.
978 2154 1205 2209 quorum
1229 2147 1512 2213 majorctn,
1541 2152 1959 2223 primogenitum
1984 2176 2024 2213 Si
2045 2161 2213 2225 ilicet,
2244 2163 2354 2215 Ma-

782 2240 981 2279 nassen
1016 2230 1129 2299 88
1152 2236 1463 2302 appellavit,
1496 2241 1724 2295 alterum
1759 2245 2136 2313 Ephraimum.
2176 2251 2349 2309 Porro

781 2324 1056 2373 exstruxit
1088 2325 1363 2394 Joscphtts
1411 2333 1694 2390 columnas
1750 2340 2072 2406 mettsorias,
2147 2348 2351 2411 quibus

781 2426 954 2477 aqua},
985 2428 1264 2473 crescente
1297 2420 1437 2487 Nilo,
1465 2439 1719 2482 mensura
1758 2432 1972 2500 capitur
1998 2435 2049 2487 in
2089 2435 2349 2508 Egypto,

788 2503 905 2558 loco
930 2521 1087 2574 quem
1125 2510 1392 2581 Memphin
1428 2528 1643 2574 vocant.
1707 2523 1895 2579 Sinttm
1949 2529 2109 2582 etiam
2144 2503 2352 2598 citi-“odit,

787 2597 877 2658 qui
906 2596 1095 2651 Metilia
1129 2603 1279 2655 audit
1310 2621 1323 2665 ;
1380 2608 1510 2673 quin
1548 2620 1601 2661 et
1638 2610 1844 2679 lapides
1885 2616 2092 2669 viarum
2145 2596 2355 2676 indices

782 2688 972 2740 ct't'Xll.
1000 2689 1167 2745 Natus
1189 2704 1273 2748 est
1296 2706 1478 2751 autem
1509 2698 1657 2765 Levi,
1689 2702 1873 2759 Jacobi
1902 2708 2033 2771 filio.
2068 2720 2187 2779 post
2218 2727 2357 2781 qua-9

778 2777 1026 2844 draginta
1065 2797 1239 2837 annos
1275 2787 1478 2851 Kaltat,
1512 2791 1562 2844 in
1592 2802 1730 2847 terra
1750 2777 2134 2865 Chauanitica,
2180 2777 2354 2859 tribus

778 2878 1072 2941 antequam
1106 2874 1403 2947 Egyptum
1429 2883 1848 2951 ingredereutur
1881 2892 2061 2945 anuis.
2095 2893 2204 2947 Illis
2238 2897 2354 2950 die-

781 2960 885 3015 bus
912 2965 1111 3019 accidit
1143 2968 1194 3020 itt
1238 2969 1471 3040 {Egypto
1499 2984 1551 3027 et
1580 2977 1732 3046 Syria
1759 2980 1927 3035 fames
1960 2983 2206 3051 insignis;
2234 3002 2356 3042 coe-

782 3066 998 3109 merunt
1033 3073 1161 3128 ergo
1184 3076 1213 3114 a
1249 3060 1487 3134 Josepho
1519 3066 1759 3138 Egyptii
1797 3070 2154 3141 frumentum,
2181 3076 2355 3133 donec

2469 622 2553 659 me
2592 617 2826 662 vestrum
2861 626 2988 674 uno,
3023 612 3088 663 ad
3126 623 3331 680 patrem
3371 624 3611 666 vestrum
3649 614 3988 667 revertimini
4024 658 4040 678 ,

2467 713 2528 751 ac
2561 700 2777 753 fratrem
2811 709 3053 755 vestrum
3091 703 3398 768 minimum,
3437 704 3599 772 cujus
3624 702 3849 757 fratrem
3880 707 4043 759 devo-

2470 791 2608 843 ravit
2638 791 2821 860 lupus,
2856 792 3133 857 adducite,
3154 809 3265 860 quo
3291 794 3561 848 dictorum
3596 803 3902 850 vestrorum
3943 810 4038 849 ve-

2468 880 2679 936 ritatent
2714 894 3047 954 perspectam
3088 887 3336 943 habeam.

2573 974 2707 1027 Cum
2756 991 2889 1043 ergo
2958 975 3176 1030 fratrem
3234 977 3475 1044 ipsorum
3505 978 3816 1032 Simeonem
3890 979 4038 1047 apud

2468 1067 2645 1134 ipsum
2714 1069 3082 1136 reliquissent,
3132 1072 3275 1123 sacci
3326 1072 3570 1140 ipsorum
3610 1070 3831 1140 Joscphi
3873 1074 4039 1139 jussu

2467 1156 2741 1211 frumento
2789 1158 2997 1226 impleti
3031 1168 3190 1220 sunt,
3232 1158 3667 1227 uniuscujusque
3720 1158 3950 1227 pecunia
3988 1159 4040 1209 in

2465 1261 2626 1301 sacco
2674 1262 2774 1299 suo
2823 1249 3085 1315 reposita.
3124 1248 3255 1301 Cum
3290 1248 3568 1316 igituread
3616 1258 3825 1316 patrem
3875 1264 4039 1301 suum

2462 1336 2725 1391 Jacobunt
2778 1339 3187 1406 pervenientes,
3232 1353 3295 1392 ac
3340 1340 3469 1408 quid
3514 1338 3854 1410 [accidisset]
3909 1354 4043 1391 nar-

2466 1438 2649 1483 rantes
2690 1434 2979 1498 pccuniam
3035 1446 3188 1483 suam
3240 1432 3292 1484 in
3338 1433 3515 1485 saccis
3551 1433 3925 1500 reperissent,
3972 1434 4040 1484 ad

2465 1520 2793 1575 frumentum
2842 1538 2905 1576 ex
2940 1521 3176 1592 Egypto
3212 1525 3568 1577 coemendum
3606 1525 3832 1582 reversi.
3870 1539 4041 1592 pecu-

2462 1612 2606 1664 niam
2644 1613 2824 1675 istam,
2884 1629 2948 1667 ac
2983 1630 3227 1669 summas
3260 1615 3396 1668 istas
3441 1625 3791 1682 acceperunt,
3817 1631 4041 1682 unaque

2462 1701 2876 1771 Benjaminum,
2928 1706 3036 1775 92
3073 1705 3293 1773 Joscplti
3339 1706 3559 1759 fratrem
3608 1706 3904 1765 uterinuut,
3936 1705 4038 1757 ad-

2462 1795 2757 1850 duxerunt.
2792 1784 2912 1862 Quo
2957 1799 3072 1851 viso
3109 1798 3416 1851 honorifice
3446 1799 3593 1866 ipsos
3617 1799 3838 1852 tractari
3870 1798 4041 1864 jussit

2460 1886 2659 1956 Joseph
2693 1888 3072 1942 misericordia
3111 1904 3236 1957 erga
3272 1888 3423 1957 ipsos
3454 1888 4039 1956 commotus.ltnpleta

2463 1988 2590 2034 sunt
2638 1994 2772 2048 ergo
2823 1995 2949 2032 vasa
2988 1980 3231 2047 ipsorum
3264 1979 3577 2042 frumento,
3628 1990 3683 2034 et
3771 1978 4042 2031 uniuscu-

2457 2074 2656 2140 jusque
2691 2072 2802 2124 vasi
2840 2074 3063 2140 pecunia
3091 2073 3267 2141 ipsius
3298 2072 3551 2139 imposita
3584 2079 3675 2135 ;at
3699 2074 3813 2126 vasi
3849 2072 4044 2126 fratris

2462 2162 2543 2217 Stti
2576 2160 2874 2229 lienjamiui
2930 2160 3182 2229 poculum
3241 2174 3492 2221 aureum,
3542 2162 3685 2227 quod
3728 2157 4042 2211 Pharaonis

2463 2253 2659 2313 fuerat,
2717 2252 2999 2320 imposuit.
3052 2244 3299 2320 Cumque
3336 2267 3366 2304 a
3405 2251 3643 2320 Joscpho
3683 2251 3889 2320 egressi
3944 2266 4041 2304 es-

2461 2354 2605 2407 sent,
2633 2346 2844 2416 Syriam
2879 2360 3067 2398 versus
3097 2344 3402 2405 tendentes,
3438 2343 3667 2397 insecuti
3698 2344 3849 2411 ipsos
3879 2342 4043 2396 Jose-

2462 2438 2554 2508 phi
2615 2436 2755 2492 servi
2805 2435 3064 2489 dixerunt
3127 2432 3661 2504 ipsis:0tnnitnotle
3708 2434 3845 2487 bene
3880 2434 4043 2486 vobis

2462 2528 2587 2582 fecit
2642 2527 2896 2580 dominus
2951 2536 3154 2588 uoster,
3208 2540 3305 2579 vos
3338 2540 3469 2577 vero
3504 2524 3818 2577 omnimode
3872 2526 4039 2581 male.

2460 2620 2721 2689 poculum
2748 2618 2891 2685 regis
2942 2633 3164 2671 aureum
3194 2615 3379 2671 furati.
3409 2615 3832 2684 Responderunt
3863 2615 4041 2682 ipsis:

2460 2710 2615 2779 Apud
2642 2725 3025 2778 quemcunque
3054 2709 3226 2776 ipsum
3246 2707 3578 2775 repet-eritis,
3604 2706 3855 2761 abducite
3885 2707 4042 2759 illum

2466 2812 2521 2856 ut
2543 2803 2615 2858 sit
2654 2802 2879 2854 domino
2908 2808 3094 2855 vestro
3134 2816 3346 2855 servus.
3381 2799 3582 2852 Saccos
3616 2813 3745 2867 ergo
3771 2798 3783 2850 i
3808 2813 4043 2866 psornm

2464 2893 2817 2962 perscrutati,
2874 2895 3128 2962 poculum
3165 2894 3218 2946 in
3257 2891 3561 2959 Beujamini
3609 2905 3767 2944 sacco
3805 2889 4045 2944 invene—

2463 2994 2631 3038 runt:
2689 2995 2864 3053 quem.
2902 2999 3031 3051 ergo
3078 2984 3411 3053 prehensum
3459 2982 3523 3032 ad
3581 2981 3883 3050 .losephum
3952 2998 4046 3034 re-

2464 3080 2759 3139 duxerunt,
2798 3078 3159 3131 redeuntibus
3209 3092 3317 3129 una
3368 3075 3630 3129 fratribus
3669 3076 3884 3141 ipsius,
3946 3075 4041 3142 qui

782 3147 916 3213 ipsis
949 3166 1054 3203 non
1084 3164 1392 3221 superesset
1418 3174 1671 3214 nummus
1700 3177 1902 3218 aureus
1934 3166 2017 3219 vel
2042 3176 2354 3236 argenteus.
2388 3201 2430 3258 ϐ
2463 3168 2698 3237 Josepho
2751 3168 3008 3220 dixerunt
3042 3184 3055 3219 :
3121 3166 3368 3226 Domine,
3415 3174 3565 3233 pater
3625 3176 3811 3217 noster
3866 3181 4044 3219 senex

784 3239 928 3303 qtmd
957 3241 1151 3297 deinde
1175 3247 1321 3315 agris
1346 3288 1360 3311 ,
1380 3248 1657 3315 jumeutis
1685 3261 1739 3307 et
1790 3255 1999 3311 aedibus
2044 3260 2159 3313 suis
2205 3275 2355 3314 eme-

784 3338 1029 3392 runt;ac
1083 3347 1291 3403 postea,
1339 3355 1459 3393 cum
1504 3343 1635 3395 nihil
1684 3344 1816 3414 ipsis
1848 3349 2117 3416 reliquum
2165 3363 2351 3419 esset,

780 3422 1033 3476 dixerunt
1060 3422 1298 3496 Joscpho
1340 3429 1493 3485 :Nos
1553 3434 1699 3501 ipsos
1753 3434 2020 3492 Pharaoni
2063 3441 2114 3493 itt
2169 3458 2356 3499 servos

780 3513 1100 3578 \ettdemus,
1128 3519 1288 3572 modo
1312 3522 1472 3576 nobis
1507 3524 1839 3581 frumentum
1875 3533 1939 3582 ad
1964 3534 2354 3587 comedendum

777 3612 829 3651 ct
860 3605 1149 3658 serendum
1187 3609 1468 3678 largiatur.
1536 3615 1680 3671 Emit
1726 3632 1855 3687 ergo
1907 3619 2181 3691 Iosephus
2218 3627 2356 3679 Pha-

781 3696 931 3747 raoni
968 3711 994 3748 a
1029 3699 1220 3768 scipsis
1258 3702 1562 3774 AEgyptios,
1598 3709 1846 3764 datoillis
1884 3713 2343 3786 frumento,quod

778 3786 1005 3842 ederunt
1030 3801 1084 3844 et
1106 3802 1261 3847 terrae
1283 3797 1633 3862 mandarunt,
1668 3803 1970 3870 accipiente
2004 3806 2073 3859 ab
2106 3807 2239 3875 ipsis
2262 3808 2352 3862 Jo-

781 3881 950 3947 scplto
983 3881 1247 3936 decimam
1294 3896 1523 3954 partem,
1556 3892 1699 3958 quod
1732 3892 1799 3945 ad
1823 3894 1923 3946 hoc
1947 3912 2115 3962 usque
2148 3906 2357 3967 tempus

781 3974 832 4022 in
870 3976 1037 4037 lugent
1071 3975 1224 4039 abiit,
1259 3976 1495 4047 factique
1521 3990 1647 4034 sunt
1673 3981 1911 4054 [Egyptii
1949 3985 2353 4043 l’haraoniser-

778 4066 851 4119 vi.
893 4065 1021 4134 l'ljtts
1045 4068 1240 4123 diebus
1291 4069 1476 4124 ﬂoruit
1505 4071 1605 4127 Job
1632 4075 1718 4127 ille
1756 4076 1964 4144 justus,
2013 4081 2218 4135 scilicet
2249 4082 2353 4136 Job

781 4160 920 4213 ﬁlius
967 4162 1151 4216 Antosi
1186 4203 1202 4226 ,
1267 4162 1361 4216 ﬁlii
1428 4164 1699 4232 Zarachi,
1754 4170 1845 4222 filii
1898 4169 2197 4240 Itaguelis,
2258 4175 2352 4229 filii

781 4251 967 4314 tisaui,
993 4253 1082 4305 filii
1110 4254 1307 4317 lsaahi,
1326 4255 1746 4322 filiiAbraltatni,
1771 4276 1933 4327 opum
1953 4262 2127 4325 dives,
2152 4266 2355 4333 quique

778 4337 1048 4403 aLiiigctttc
1074 4343 1248 4409 ipsum
1281 4344 1526 4409 Domino,
1562 4349 1764 4416 gratias
1788 4351 1896 4416 egit
1918 4360 1971 4403 et
1994 4353 2262 4418 patienter
2298 4371 2356 4409 se

779 4430 969 4491 μυθείι,
1000 4444 1168 4497 quare
1204 4442 1380 4485 amota
1411 4433 1477 4487 ab
1503 4435 1617 4503 ipso
1660 4436 1954 4494 afﬂictione
1984 4442 2220 4496 testituit
2250 4444 2352 4508 ipsi

781 4519 921 4573 lletts
961 4536 1091 4589 opes
1119 4538 1272 4577 suas.

853 4613 1065 4664 Accidit
1082 4613 1243 4666 etiam
1266 4615 1318 4667 iit
1339 4617 1557 4684 regione
1580 4618 1749 4688 Syriae
1767 4619 1934 4677 fames
1958 4623 2199 4693 89-91
2227 4642 2352 4694 gra-

784 4702 887 4765 vis,
917 4705 1051 4757 adeo
1093 4714 1149 4757 ut
1182 4705 1385 4760 diceret
1415 4706 1648 4765 Jacobus
1682 4712 1807 4766 ﬁliis
1837 4729 1898 4767 su
1926 4730 1950 4767 s
1986 4732 2003 4771 :
2031 4715 2265 4772 Profecti
2299 4721 2353 4773 in

782 4794 1073 4864 Jﬁgyptum
1097 4798 1258 4851 emite
1290 4798 1444 4852 nobis
1474 4799 1826 4856 frumentum:
1855 4803 2131 4859 Venerunt
2156 4809 2352 4874 ergoin

778 4881 1071 4953 .Egyptum
1095 4883 1313 4955 Iosephi
1364 4888 1577 4953 fratres,
1601 4906 1735 4959 quos
1786 4893 1928 4947 visos
1952 4896 2132 4948 statim
2155 4912 2356 4966 cogno-

778 4978 854 5028 vit
880 4975 1171 5045 Josephus,
1202 4980 1317 5048 ipse
1340 4981 1409 5035 ab
1431 4980 1535 5036 illis
1565 4983 1894 5052 incognitus,
1918 5003 2022 5040 non
2045 4998 2223 5043 autem
2253 4992 2354 5047 fuit

777 5083 899 5121 cu-n
937 5071 1066 5140 ipsis
1086 5070 1253 5125 frater
1283 5074 1401 5143 ejus
1435 5076 1682 5132 utcrinus
1708 5078 1988 5147 Benjamin
2015 5097 2026 5132 :
2061 5082 2196 5136 dixit
2224 5099 2353 5154 ergo

780 5161 914 5227 ipsis
961 5160 1229 5232 Josephus
1288 5183 1300 5217 :
1352 5166 1583 5232 Quinam
1639 5170 1774 5224 estis
1820 5173 1965 5227 vos?
2003 5174 2146 5228 unde
2197 5177 2350 5229 veni-

780 5253 905 5306 stis?
937 5262 988 5307 et
1023 5255 1152 5323 quid
1176 5257 1495 5314 vultis?Ctti
1532 5260 1608 5314 illi
1638 5278 1651 5314 :
1682 5261 1882 5317 Sumus
1907 5264 2349 5332 nosJacobiiilii;

780 5345 1070 5399 duodecim
1106 5347 1211 5417 ipsi
1243 5365 1367 5403 eum
1404 5352 1515 5405 nati
1564 5367 1838 5417 essemus,
1892 5370 2060 5408 unum
2116 5358 2353 5413 comedit

783 5440 963 5507 lupus,
996 5439 1153 5508 cujus
1204 5441 1369 5496 etiam
1414 5444 1582 5498 frater
1643 5446 1893 5501 utcrinus
1944 5448 2085 5517 apud
2142 5457 2348 5518 patrem

782 5545 940 5583 suum
975 5540 1096 5594 cst;
1128 5543 1277 5600 pater
1298 5544 1446 5589 entm
1470 5546 1677 5600 noster,
1713 5552 1836 5591 cum
1866 5553 2030 5594 senex
2060 5538 2350 5595 admodum

783 5624 876 5685 sit,
907 5633 1069 5678 noctu
1100 5638 1258 5695 atque
1280 5629 1517 5684 interdiu
1569 5629 1737 5683 filium
1777 5647 1935 5685 suum
1963 5647 1989 5683 a
2026 5632 2154 5700 lupo
2181 5631 2350 5687 devo-

789 5724 965 5768 ratum
1010 5718 1177 5781 lttgel.
1251 5720 1545 5789 Iicspuntlit
1614 5721 1719 5774 illis
1769 5720 2005 5790 JuSt-plt:
2053 5721 2168 5776 Nan
2217 5724 2352 5780 estis

788 5823 884 5862 vos
916 5809 1001 5860 alii
1035 5826 1193 5878 quam
1222 5815 1614 5882 t'XltiUt‘alUFCé.
1646 5816 1706 5867 Et
1736 5816 2048 5891 jurantibtts
2082 5815 2182 5885 ip~i
2217 5817 2347 5883 illis,

2464 3268 2547 3313 cst
2590 3266 2746 3311 actate
2780 3267 3089 3325 provectus,
3126 3257 3291 3324 hujus
3333 3267 3510 3308 autem
3552 3256 3770 3308 fratrem
3818 3274 3845 3306 :I
3887 3257 4040 3323 lupo.

2462 3353 2540 3404 uti
2579 3350 2676 3403 tibi
2716 3350 3082 3412 narravimus,
3126 3349 3443 3403 devoratum
3486 3348 3587 3401 hoc
3612 3363 3785 3416 usque
3823 3359 4045 3415 tempus

2459 3442 2654 3506 deflet;
2718 3442 2763 3495 si
2813 3457 2942 3511 ergo
2990 3442 3135 3495 hunc
3182 3456 3211 3493 a
3257 3441 3420 3493 nobis
3469 3438 3783 3503 abstuleris,
3834 3456 4046 3507 nequa-

2459 3551 2622 3604 quam
2656 3535 2811 3589 nobis
2853 3545 2938 3588 cst
2966 3535 3029 3586 ad
3067 3542 3273 3601 patrem
3309 3532 3669 3595 redeundum,
3700 3544 3896 3599 Ulpttle
3919 3533 4039 3600 qui.

2460 3628 2562 3681 nisi
2627 3628 2911 3679 nobiscum
2968 3623 3204 3678 adfuerit
3267 3640 3425 3691 puer,
3474 3623 3658 3677 dolore
3731 3625 4042 3675 moriturus

2455 3728 2535 3768 est
2558 3732 2569 3766 :
2596 3712 2825 3765 dimisso
2858 3725 2988 3778 ergo
3021 3710 3139 3777 ipso
3168 3718 3224 3760 ttt
3256 3708 3321 3760 ad
3355 3719 3558 3775 patrem
3590 3709 3794 3769 redeat,
3823 3728 3852 3761 e
3879 3714 4038 3763 nobis

2459 3817 2838 3873 quemcunque
2875 3799 3113 3852 volucris
3158 3798 3254 3851 tibi
3306 3798 3356 3851 in
3398 3814 3615 3850 Servum
3660 3798 3883 3851 habeas.
3927 3799 4034 3851 lie-

2461 3896 2677 3964 spundit
2695 3894 2894 3961 Joscph
2921 3911 2932 3944 :
2951 3892 3105 3945 Absit
3123 3903 3178 3942 ut
3198 3891 3365 3942 aliutn
3388 3904 3548 3957 quam
3570 3902 3691 3940 eum
3711 3890 3855 3956 apud
3871 3906 4037 3955 quem

2464 4005 2551 4041 res
2584 3996 2799 4040 nostras
2826 3974 3196 4035 invenerimus
3228 3983 3587 4032 detineamus.
3617 3978 3754 4032 Tum
3786 3979 4037 4047 ipsorum

2465 4086 2725 4138 misertus
2764 4100 2777 4132 :
2815 4080 2947 4145 ligo,
2991 4079 3186 4144 inquit,
3220 4073 3458 4144 93-95
3490 4074 3656 4126 frater
3694 4090 3815 4127 sum
3855 4083 4040 4128 vester

2466 4176 2689 4241 Joscph,
2728 4188 2794 4225 ne
2838 4171 2976 4223 male
3010 4186 3104 4221 vos
3136 4170 3347 4230 habeat,
3379 4182 3554 4234 neque
3597 4166 3854 4219 timentis.

2531 4266 2707 4320 Missis
2752 4279 2882 4331 ergo
2935 4263 2998 4313 ad
3031 4259 3315 4329 [Iacobum
3352 4260 3604 4312 tentoriis
3657 4268 3709 4310 et
3742 4260 4040 4326 plaustris,

2460 4356 2633 4422 ipsum
2691 4371 2815 4408 cum
2880 4361 2989 4405 tota
3039 4351 3295 4419 progenie
3334 4366 3430 4404 sua
3485 4364 3514 4401 a
3564 4359 3705 4403 terra
3770 4351 4036 4403 Chanaan

2462 4448 2514 4498 itt
2569 4444 2859 4513 [Egyptnm
2913 4442 3176 4495 traduxit.
3235 4439 3636 4507 Ingressusque
3697 4448 3783 4491 est
3863 4437 4042 4493 Jaeoh

2391 4533 2432 4586 D
2464 4536 2757 4609 Ajgyptunt
2815 4548 2958 4585 anno
3019 4533 3180 4586 famis
3230 4529 3472 4583 secuudo
3532 4528 3639 4599 [vel
3681 4530 3836 4597 juxta
3885 4532 4038 4583 aliu-J

2457 4627 2753 4695 exemplar,
2786 4622 2989 4694 tertio],
3050 4638 3266 4689 unaque
3296 4638 3420 4675 eum
3443 4623 3563 4690 ipso
3609 4623 3720 4674 nati
3758 4624 3959 4690 ipsius,
3985 4635 4041 4676 et

2456 4728 2680 4786 nepotes
2709 4730 2774 4769 ex
2809 4716 2983 4783 ipsius
3026 4714 3226 4767 lumbis
3258 4713 3530 4783 prognati,
3566 4722 3760 4779 praeter
3792 4714 4037 4765 liliurttm

2457 4824 2653 4862 uxores
2698 4808 2765 4860 al)
2818 4808 2938 4875 ipso
2989 4822 3095 4859 non
3148 4817 3468 4874 prognatas.
3515 4821 3636 4857 cum
3680 4802 3923 4873 Jescphu
3974 4822 4040 4857 ac

2455 4898 2861 4965 duobusipsius
2912 4897 3036 4950 filiis
3094 4896 3345 4950 homines
3395 4896 3739 4965 septuaginta
3771 4937 3785 4959 ,
3841 4894 4047 4949 Jacobo

2460 5002 2589 5046 tunc
2628 4992 2890 5059 temporis
2923 5003 3099 5042 annos
3129 4997 3346 5041 Centum
3370 4996 3425 5040 ct
3456 4988 3677 5054 triginta
3705 4998 3854 5040 nato.
3889 4989 4040 5041 Sub-

2455 5083 2591 5138 stitit
2621 5090 2800 5134 autem
2828 5079 2997 5133 Jac-ob
3033 5082 3084 5131 in
3106 5077 3341 5147 :Egypto
3388 5091 3562 5131 :muos
3597 5079 4035 5145 septemdecim;

2456 5176 2544 5229 ubi
2609 5151 2905 5228 anno’vita:
2942 5171 3068 5226 Levi
3100 5172 3439 5234 octogesimo
3482 5171 3623 5222 diem
3665 5171 3841 5223 obiit:
3887 5173 4037 5225 unde

2454 5269 2507 5322 in
2546 5279 2747 5321 terram
2794 5267 3053 5321 Chanaan
3088 5272 3418 5332 reportatum
3452 5263 3784 5331 ευνριίρτιιιιι
3816 5262 4024 5331 Joseph

2454 5358 2745 5425 caeterique
2802 5357 2920 5424 (jus
2958 5354 3048 5407 filii
3097 5352 3250 5422 juxta
3291 5351 3529 5406 lsaacum
3579 5362 3783 5421 patrem
3835 5368 4021 5407 suum.

2453 5452 2650 5504 Totum
2682 5459 2860 5502 autem
2902 5447 3045 5516 quod
3088 5447 3221 5499 vixit
3263 5444 3434 5499 Jacob
3461 5445 3586 5498 anni
3625 5455 3753 5499 sunt
3793 5456 4018 5499 centum

2455 5542 2812 5614 quadraginta
2853 5553 3083 5607 septem.
3119 5538 3332 5591 Kahato
3371 5547 3491 5606 post
3514 5536 3802 5605 sexaginta
3840 5554 4020 5593 annus

2457 5646 2621 5688 natus
2667 5645 2749 5687 est
2798 5634 2849 5684 itt
2905 5631 3141 5701 Aigypto
3183 5630 3430 5683 Atnram.
3473 5632 3631 5682 Anno
3671 5637 3856 5682 autem
3906 5633 4030 5683 vita:

2460 5724 2650 5778 liahati
2698 5723 2912 5776 decimo
2945 5724 3156 5790 quinto,
3204 5720 3340 5773 obiit
3387 5717 3627 5787 Just-ph,
3673 5736 3837 5787 quem
3889 5738 4035 5775 arta:

2462 5816 2777 5887 impositum
2813 5815 3147 5883 Sf‘pt‘ilﬂ‘lllll
3220 5812 3415 5867 fratres
3466 5811 3637 5881 ipsius
3683 5812 3733 5865 in
3766 5811 4029 5883 :Egyptu,
