4200 6432
117 428 224 489 929

1563 422 1927 486 .-\N.\';\I.E.<.

3258 430 3363 496 930

116 562 234 598 iu,"
270 560 451 599 annos
491 552 709 598 erutum
746 551 797 595 et
834 543 1017 595 decem
1066 539 1307 594 vixisset.
1358 537 1558 592 Ferunt
1602 538 1689 589 ulii
1726 539 1765 595 Α
1798 538 2007 603 μίοιινηι
2044 537 2224 607 llejnzi
2266 536 2512 609 aufugit,
2549 537 2637 593 ubi
2688 539 2740 594 in
2786 539 2918 596 urbe
2950 538 3173 612 Madyan
3212 546 3363 601 habi-

114 634 338 704 Jusepbi
372 648 576 703 corpus
624 646 765 687 arcae
811 643 1128 685 marmorea:
1159 627 1468 696 impositum
1507 622 1560 678 in
1598 622 1688 677 Ni-

117 732 223 781 lum
261 727 571 797 projectum
631 723 819 779 fuisse.
866 721 1034 777 l‘orro
1073 721 1311 773 Amrano
1345 725 1468 783 post
1515 727 1688 768 annos

116 820 473 888 septuaginta
517 803 630 871 tres
677 822 841 870 natus
880 821 963 870 est
1000 811 1251 875 Miriam;
1304 814 1426 876 post
1467 812 1687 875 septuav

116 914 261 979 ginta
319 920 529 979 septem
568 906 804 961 Ahron:
861 912 984 974 post
1025 902 1303 971 octoginta
1348 897 1545 961 Moses,
1595 896 1683 951 cui

116 1017 235 1070 pax.
277 999 428 1054 Vixit
460 1009 640 1054 autem
677 998 729 1051 in
762 1005 937 1050 totum
986 992 1187 1045 Amran
1244 1004 1417 1044 annos
1463 999 1683 1042 centum

115 1092 338 1161 triginta
388 1105 509 1145 sex.
546 1090 704 1143 Anno
732 1087 854 1140 vitae
884 1083 1107 1139 Amrani
1157 1083 1433 1136 tricesimo
1456 1079 1688 1148 septimo

115 1196 375 1238 mortuus
406 1192 491 1237 est
519 1181 631 1251 96
660 1179 813 1241 Levi,
848 1191 973 1230 cum
1009 1189 1183 1229 annos
1213 1180 1430 1228 centum
1469 1170 1688 1238 triginta

116 1285 327 1341 septem
375 1273 625 1327 vixisset.
673 1270 832 1323 Anno
874 1269 999 1321 vitai
1054 1264 1300 1335 ejusdem
1348 1258 1690 1326 sexagesimo

116 1367 355 1432 septimo
386 1364 524 1416 obiit
565 1360 767 1426 Kahat,
820 1372 993 1412 annos
1026 1366 1187 1409 natus
1235 1362 1454 1408 centum
1500 1346 1687 1416 viginti

117 1469 351 1520 septem.
411 1455 637 1508 Mortuis
666 1461 844 1507 autem
874 1448 1112 1517 Josepho
1142 1454 1197 1500 et
1229 1443 1491 1498 fratribus
1516 1442 1689 1510 ipsius

117 1546 453 1612 meterisque
504 1545 621 1613 ejus
656 1542 844 1597 saeculi
872 1538 1148 1599 on'nibus,
1186 1551 1312 1589 cum
1349 1528 1687 1600 tnultiplicati

114 1646 300 1686 essent
361 1634 459 1687 filii
510 1632 726 1687 lsraelis
795 1629 1045 1698 filiosque
1121 1627 1439 1695 genuissent
1491 1623 1690 1688 quibus

117 1724 441 1791 impleretur
490 1734 633 1777 terra
682 1719 924 1791 Egypti,
976 1719 1265 1788 praefectus
1314 1714 1548 1785 Egypto
1597 1732 1688 1770 rex

115 1818 207 1881 qui
260 1816 563 1885 Josephum
620 1831 725 1869 tton
761 1821 944 1873 norat,
988 1810 1128 1863 dixit
1168 1808 1504 1863 consiliariis
1539 1810 1687 1862 suis:

121 1908 275 1960 Multi
302 1915 599 1961 evaserunt
629 1904 909 1966 lsraelitae,
944 1917 1121 1971 neque
1144 1902 1317 1955 securi
1351 1915 1471 1953 esse
1499 1913 1691 1967 possu-

118 2017 263 2061 mus,
293 1999 428 2065 quin
466 1998 509 2049 si
538 1997 763 2065 prodeat
796 1996 851 2050 in
886 2010 985 2049 nos
1027 1994 1246 2048 rebellis
1293 1992 1493 2059 aliquis
1532 2005 1689 2058 οριιιιι

117 2090 217 2157 ipsi
256 2089 431 2141 laturi
455 2089 565 2143 sint
594 2089 657 2141 ad
694 2103 792 2142 nos
834 2102 899 2141 ex
930 2072 1166 2157 IEgypto
1193 2084 1495 2154 pellendus.
1547 2082 1691 2135 Prte-

118 2184 249 2235 teeit
277 2197 411 2250 ergo
448 2181 582 2250 ipsis
627 2179 914 2250 Egyptios
953 2179 1045 2246 qui
1080 2177 1227 2245 ipsos
1262 2174 1316 2228 in
1368 2173 1688 2229 servitutem

117 2272 450 2340 redigentes,
489 2273 623 2325 dure
668 2271 877 2325 servire
924 2276 1219 2337 coegerunt
1279 2266 1424 2319 circa
1483 2265 1690 2328 lutum,

120 2363 347 2419 lateres.
385 2368 439 2413 et
484 2360 687 2429 lapides
729 2369 1054 2428 montesque
1091 2356 1460 2418 exravandos,
1509 2370 1697 2409 caver-

122 2470 218 2507 nas
280 2451 670 2524 [effodiendas]
722 2462 776 2506 et
814 2462 1016 2506 terram
1067 2448 1394 2504 colendam:
1468 2449 1597 2517 quin
1640 2457 1693 2501 et

122 2546 445 2596 mandatum
476 2543 871 2596 obstetricibus
902 2541 1049 2595 dedit
1076 2552 1267 2592 omnes
1298 2538 1387 2606 qui
1426 2536 1689 2591 lsraelitis

122 2643 489 2688 noscerentur
520 2648 697 2685 mares
732 2648 762 2685 e
793 2630 974 2684 medio
1025 2628 1273 2692 tollendi,
1303 2638 1466 2696 atque
1498 2629 1548 2679 in
1593 2625 1691 2678 fin-

120 2729 269 2779 vium
335 2723 661 2793 projicientli
716 2744 729 2778 :
798 2722 932 2776 adeo
982 2730 1037 2774 ut
1094 2720 1258 2774 occisi
1311 2729 1365 2773 et
1431 2720 1483 2773 itt
1528 2717 1692 2771 fluvio

121 2815 403 2867 submersi
465 2812 667 2866 fuerint
730 2812 963 2865 infantes
1012 2811 1105 2880 qui
1172 2825 1458 2864 numerqu
1527 2823 1688 2863 cxce-

118 2908 275 2959 dant.

190 2998 332 3050 Cum
388 3011 518 3067 ergo
571 3002 733 3049 natus
784 3002 929 3049 esset
970 2992 1169 3054 Moses,
1218 2998 1466 3047 metuens
1519 3001 1691 3045 mater

125 3089 300 3157 ipsius
330 3104 400 3142 ne
430 3104 459 3142 e
498 3088 676 3141 medio
716 3087 1025 3148 tolleretur,
1057 3083 1235 3152 ipsum
1272 3084 1446 3136 tribus
1490 3084 1691 3136 mensi-

122 3180 224 3232 bus
272 3178 606 3232 abseondit:
658 3175 852 3230 deinde
887 3176 989 3229 sibi
1040 3182 1286 3228 metuens
1319 3172 1540 3244 (nomen
1587 3174 1689 3244 ipsi
1721 3208 1766 3267 ο

120 3279 237 3323 erat
270 3268 578 3336 Jocltabad)
628 3281 812 3319 arcam
835 3282 863 3319 e
887 3267 1069 3335 juncis
1096 3265 1337 3319 confecit
1382 3267 1459 3333 (in
1498 3267 1633 3333 lege,
1664 3283 1693 3321 e

123 3360 285 3427 lignis
325 3358 501 3426 pineis
530 3356 775 3410 confecta
808 3356 1035 3423 dicitur)
1085 3370 1148 3408 ac
1176 3356 1295 3424 pice
1328 3355 1494 3420 intus,
1529 3367 1694 3424 atque

121 3460 273 3505 extra
301 3449 531 3508 oblevit,
572 3448 659 3501 cui
692 3462 916 3516 puerum
952 3447 1267 3516 impositum
1308 3448 1358 3501 in
1410 3448 1593 3502 bretia
1627 3449 1692 3502 ad

121 3541 224 3594 bili
260 3539 423 3593 littus
455 3536 707 3607 prnjecit,
742 3538 795 3590 in
829 3539 961 3590 urbe
998 3536 1148 3589 Dhau
1179 3539 1483 3606 appellata,
1528 3544 1692 3595 ditio-

124 3632 205 3685 nis
256 3629 610 3697 (Egyptiacae,
655 3641 763 3694 quo
802 3625 1047 3679 sublatus
1077 3624 1366 3688 ﬂuetibus.
1421 3630 1535 3697 ipsa
1586 3647 1691 3685 non

122 3722 343 3773 vidente
373 3720 843 3787 submergeretur.
881 3715 1134 3785 97-99
1187 3716 1336 3771 Sedit
1372 3731 1555 3771 autem
1602 3720 1693 3773 Mi-

122 3812 255 3863 riam
303 3824 469 3864 soror
520 3807 687 3861 Mosis
721 3822 752 3862 e
789 3808 1089 3877 longinquo
1138 3819 1195 3859 ut
1245 3808 1378 3877 quid
1428 3810 1493 3863 de
1526 3828 1693 3879 puero

123 3902 275 3954 fieret
320 3900 552 3952 videret.
613 3896 959 3951 Descendens
1001 3912 1133 3965 ergo
1176 3895 1483 3954 Pharaonis
1544 3903 1689 3965 lilia,

123 3994 342 4045 nomine
376 3988 574 4058 Siyun,
604 3996 663 4041 ut
691 4003 749 4041 se
778 3988 830 4041 in
854 3986 976 4040 Nilo
1019 3973 1280 4051 ablueret,
1316 3991 1501 4044 auditu
1536 3994 1686 4060 pueri

122 4085 172 4135 in
203 4095 337 4135 arca
373 4082 578 4149 vagitu,
612 4089 667 4133 et
698 4079 1097 4143 misericordia,
1151 4090 1450 4152 teneroque
1488 4084 1688 4137 affectu

120 4188 247 4239 erga
280 4173 464 4239 ipsum
495 4178 794 4232 commota,
832 4170 1011 4238 ipsum
1037 4170 1102 4223 ad
1133 4186 1191 4225 se
1219 4175 1445 4241 recepit,
1488 4175 1691 4243 jubens

121 4262 290 4331 quaeri
341 4262 609 4313 nutricem
657 4275 778 4329 quae
825 4260 1002 4329 ipsum
1040 4261 1267 4317 lnctaret
1297 4274 1462 4334 atque
1492 4267 1688 4321 educa-

122 4364 226 4405 ret.
260 4353 577 4404 Accurrens
622 4365 753 4418 ergo
783 4350 848 4402 ad
895 4352 1075 4419 ipsum
1111 4354 1349 4419 Miriam,
1403 4356 1569 4411 Mosis
1595 4373 1688 4411 so-

121 4458 232 4504 ror,
286 4440 452 4504 dixit,
504 4440 855 4508 quaasituram
902 4456 963 4495 se
1016 4444 1284 4497 nutricem
1320 4460 1384 4499 ex
1422 4444 1687 4502 lsraelitis

1802 632 1980 694 tavit,
2040 631 2221 700 ibique
2263 647 2489 687 uxorem
2532 629 2725 696 duxit,
2792 634 3011 690 nomine
3068 633 3361 704 Siphuram

1798 719 1964 776 filiam
2016 719 2207 775 Jcthro
2268 728 2450 795 (quem
2499 723 2705 778 Arabes
2756 722 2969 781 Sltoatb
3022 726 3366 800 appellant),

1796 810 2047 874 Ismacle,
2094 811 2387 866 Abrahami
2442 811 2571 875 filio,
2619 810 2863 877 oriundi,
2899 815 3083 883 templi
3118 814 3170 870 in
3229 816 3367 870 urbe

1798 903 2037 973 Madyan
2108 904 2427 959 sacerdotis.
2483 905 2812 977 Peperitque
2869 904 3142 977 Siplturah
3201 908 3364 965 Mosis

1796 994 1931 1049 duos
1962 996 2123 1059 filios,
2158 994 2382 1051 Gersom
2434 1004 2487 1051 et
2527 996 2770 1068 Elyazer.
2802 995 2937 1051 Dum
2960 1006 3149 1061 autem
3174 1013 3364 1067 pasee-

1796 1094 1876 1139 ret
1913 1086 2068 1155 100
2098 1086 2272 1141 Moses
2309 1101 2440 1141 oves
2481 1089 2657 1142 soceri
2698 1090 2781 1144 sui
2820 1088 3032 1152 Jethro,
3070 1104 3197 1143 ecce
3232 1103 3365 1144 con-

1796 1177 1974 1248 Spexit
2010 1178 2061 1230 in
2097 1188 2279 1232 monte
2306 1178 2501 1232 rubum
2534 1178 2679 1248 igne,
2712 1179 2891 1232 medio
2922 1179 3033 1241 die,
3072 1178 3365 1233 ﬂamman-

1795 1282 1923 1335 tem,
1957 1270 2157 1323 arbore
2203 1269 2322 1338 igne
2356 1285 2461 1323 non
2500 1280 2844 1339 consumpta.
2877 1270 3031 1334 Quod
3062 1280 3119 1324 ut
3156 1272 3365 1326 rideret

1795 1360 2476 1429 accedentenrginclamavit
2502 1361 2763 1415 Dominus
2787 1362 3009 1429 ejrubo:
3040 1359 3112 1413 Ne
3139 1364 3361 1425 timeas,

1796 1452 1990 1516 Moses,
2038 1469 2139 1522 ego
2192 1452 2459 1522 siquidem
2505 1454 2763 1508 Dominus
2796 1469 2939 1507 smn.
2981 1452 3061 1505 Ad
3115 1453 3362 1506 Pharao-

1796 1558 1918 1597 nem
1967 1544 2155 1598 abiens
2189 1545 2387 1615 jubeas
2422 1544 2593 1612 ipsum
2639 1545 2777 1598 filios
2832 1543 3051 1599 ISraelis
3088 1542 3364 1597 dimittere

1796 1651 1907 1704 quo
1957 1636 2094 1688 mihi
2144 1637 2406 1691 serviant.
2444 1636 2589 1689 Abiit
2630 1650 2761 1702 ergo
2796 1634 2972 1689 Moses
3016 1636 3081 1689 ad
3120 1633 3363 1687 Pharao-

1799 1742 1941 1789 nem,
1976 1741 2168 1789 annos,
2199 1743 2308 1796 quo
2341 1738 2581 1795 tempore
2625 1726 2899 1779 allocutus
2929 1737 3012 1780 est
3040 1726 3216 1793 ipsum
3264 1725 3364 1777 Do-

1798 1818 2020 1881 minus,
2086 1826 2242 1871 natus
2296 1818 2596 1887 octoginta,
2637 1816 2858 1869 Ahrone
2913 1815 3185 1885 octoginta
3250 1823 3363 1868 tres

1732 1884 1770 1938 Β
1800 1920 1947 1973 nato,
1986 1906 2233 1961 Miriama
2282 1922 2469 1960 sorore
2514 1908 2756 1976 ipsorum
2796 1908 3072 1975 octoginta
3127 1917 3359 1975 septem.

1797 1999 1966 2053 Porro
2000 2012 2145 2052 anno
2173 1998 2295 2051 vita:
2329 1996 2494 2052 Mosis
2531 1998 2983 2067 quinquagesimo
3016 2008 3173 2053 sexto
3217 2013 3363 2050 mor-

1794 2104 1922 2146 tuus
1944 2101 2028 2146 est
2060 2099 2220 2159 pater
2246 2090 2418 2159 ipsius
2454 2094 2678 2151 Amran.
2709 2090 2870 2157 cujus
2894 2092 3003 2143 vita
3043 2099 3159 2143 erat
3191 2104 3363 2143 atmo-

1796 2199 1911 2235 rum
1940 2191 2158 2236 centum
2202 2182 2422 2250 triginta
2468 2196 2584 2234 sex.
2635 2180 3037 2250 Prophetarum
3079 2191 3257 2234 autem
3307 2182 3361 2233 in

1793 2271 2029 2341 Egypto
2069 2271 2123 2323 in
2150 2270 2412 2325 lsraelitis
2442 2269 2674 2333 Zarach,
2710 2286 2738 2324 e
2779 2270 2899 2325 filiis
2928 2269 3100 2335 1ιιιιίρ,
3132 2269 3312 2322 Zamri
3340 2307 3354 2326 .

1794 2362 2073 2425 Abiutltar,
2116 2360 2367 2424 liaiman,
2420 2358 2642 2425 "ah-ue,
2690 2360 2889 2424 Darda,
2925 2369 2980 2415 et
3015 2361 3211 2414 deinde
3247 2360 3361 2413 Mo-

1794 2468 1903 2507 ses.
1948 2450 2071 2505 Fuit
2112 2465 2375 2505 numerus
2408 2451 2643 2503 filiorum
2697 2451 2866 2505 Israel
2904 2465 3025 2504 cum
3058 2451 3359 2521 IEgyptum

1793 2545 2204 2613 ingrederentur
2227 2541 2505 2595 hominum
2535 2542 2898 2611 septuaginta,
2938 2543 3364 2609 Itabitul'tltthtte

1793 2637 1846 2688 in
1872 2633 2105 2704 Egypto
2136 2648 2311 2689 annos
2336 2633 2600 2687 ducentos
2631 2644 2687 2687 et
2708 2633 3119 2703 septemdecim,
3159 2649 3186 2685 a
3226 2633 3364 2687 Pha-

1794 2730 2051 2783 raonibns
2092 2727 2191 2780 sibi
2226 2726 2458 2780 invicem
2493 2725 2918 2780 succedentibus
2956 2727 3009 2778 in
3038 2727 3359 2778 servitutem

1794 2817 2020 2869 redacti.
2045 2813 2198 2879 Quod
2228 2813 2283 2869 si
2304 2814 2504 2867 dixerit
2525 2814 2669 2880 quis,
2696 2814 2961 2882 scriptum
2988 2814 3182 2867 essein
3219 2814 3360 2882 lege,

1794 2898 1931 2953 ﬁlios
1984 2900 2280 2953 Abrahami
2332 2900 2387 2951 in
2448 2899 2708 2952 servitute
2755 2902 3033 2953 detentum
3082 2901 3145 2954 iri
3187 2916 3361 2953 annos

1792 2989 2243 3057 quadringentos,
2296 2987 2371 3059 [in
2426 2989 2535 3042 alio
2589 2992 2905 3057 exemplari,
2939 2992 3077 3044 filios
3125 2992 3362 3065 lsraelis]

1792 3077 2067 3143 quomodo
2097 3089 2227 3144 ergo
2257 3074 2407 3130 dicas
2435 3076 2587 3145 ipsos
2621 3078 2879 3132 serviisse
2899 3093 3072 3134 annos
3092 3083 3361 3142 ducentos

1794 3175 1848 3219 et
1883 3165 2308 3234 Septemdecim?
2344 3169 2735 3236 respondemus
2781 3164 2905 3237 ipsi,
2942 3176 3155 3228 nescire
3183 3178 3357 3247 ipsmn

1796 3270 1824 3309 a
1856 3270 1965 3324 quo
1990 3266 2229 3322 tempore
2264 3263 2562 3323 supputare
2602 3257 2796 3311 debeat
2832 3269 2891 3312 ut
2922 3275 3187 3318 annorum
3225 3285 3361 3337 qua-

1795 3349 2205 3414 dringentornm
2248 3350 2479 3416 spatinnt
2521 3350 2795 3405 conficiat.
2851 3352 3006 3408 Scias
3042 3356 3178 3411 libro
3226 3362 3358 3430 legis

1795 3442 1969 3509 primo
2019 3441 2361 3510 101-103
2416 3440 2579 3493 Deum
2634 3443 2814 3509 (cujus
2855 3445 2970 3499 laus
3011 3449 3355 3519 celebranda)

1793 3532 1998 3586 dixisse
2027 3532 2339 3586 Abrahamo
2372 3552 2383 3586 :
2415 3533 2602 3599 Aspice
2631 3535 2816 3588 ctelnm
2857 3548 2903 3589 ct
2949 3541 3149 3605 ste/fas,
3187 3546 3233 3595 si
3264 3562 3359 3610 pn-

1795 3626 1939 3683 teris,
1970 3641 2259 3688 enumeres,
2310 3626 2384 3677 ita
2442 3628 2579 3678 enim
2610 3644 2664 3680 se
2716 3628 2919 3682 habebit
2967 3648 3136 3685 semen
3186 3645 3355 3699 tuum,

1798 3715 1943 3769 Dixit
1975 3715 2141 3769 etiam
2176 3714 2277 3783 ipsi
2315 3713 2616 3768 Dominus:
2649 3715 2765 3784 Ego
2817 3733 2935 3769 sunt
2989 3718 3238 3771 Dominus
3272 3738 3360 3788 qni

1795 3822 1843 3863 te
1871 3808 2030 3862 eduxi
2062 3823 2088 3859 e
2120 3805 2295 3859 Karra
2320 3806 2687 3860 Chaldazorum
2739 3809 2790 3859 in
2821 3810 2974 3869 lianc,
2996 3828 3152 3878 quant
3183 3812 3276 3863 tibi
3307 3814 3359 3864 in

1795 3898 2150 3950 hwredJatent
2204 3897 2322 3948 dedi
2372 3907 2586 3949 terram.
2661 3896 2719 3950 Et
2770 3898 2972 3951 dicenti
3032 3901 3356 3964 Abrahanm,

1795 3987 2015 4041 Domine
2055 3990 2146 4052 mi,
2192 3988 2451 4057 quomodo
2511 3990 2673 4041 sciant
2722 4007 2799 4042 me
2840 4008 2957 4043 eam
3012 3992 3358 4046 Im'reditatu-

1793 4080 1959 4131 rum?
2010 4080 2146 4133 dixit
2180 4078 2439 4132 Dominus
2471 4098 2482 4131 :
2516 4080 3045 4149 Acceptis,juvenco,
3079 4086 3263 4149 ariete,
3310 4096 3359 4137 et

1793 4187 1951 4237 capra
1984 4171 2290 4230 triennibus,
2342 4186 2546 4239 unaque
2574 4181 2777 4224 turture
2807 4182 2855 4225 et
2889 4174 3155 4240 columba,
3198 4177 3361 4242 ipsis-

1792 4280 1887 4331 que
1912 4262 2183 4332 wqualiter
2211 4263 2415 4326 divisis,
2451 4265 2631 4316 omnia
2660 4264 2895 4331 ipsorum
2923 4269 3155 4319 membra
3198 4284 3234 4326 ε,
3270 4286 3354 4322 re-

1792 4356 1940 4422 gione
1982 4357 2195 4421 parium
2244 4372 2459 4408 suorum
2494 4365 2721 4419 statuas,
2771 4358 2954 4410 avibus
3009 4369 3213 4412 tantum
3258 4378 3288 4413 η
3328 4379 3359 4413 ιι

1792 4447 1971 4500 divisis
1996 4452 2038 4499 ⁵.
2102 4448 2254 4511 Quod
2334 4463 2453 4500 tum
2523 4448 2745 4502 fecisset
2830 4448 3130 4514 Abraham,
3191 4468 3358 4519 prope

119 4550 239 4603 qua:
271 4534 377 4602 ipsi
404 4533 571 4585 ubera
602 4532 869 4600 praeberet
892 4543 946 4584 et
976 4532 1202 4587 foveret.
1239 4535 1556 4605 Abiensque
1582 4552 1685 4590 nia~
1722 4528 1764 4583 Ι)
1793 4540 1977 4593 aberat
2025 4546 2084 4593 ut
2139 4538 2442 4593 involarent
2481 4554 2607 4593 aves
2674 4540 2726 4593 in
2775 4548 2956 4609 partes
3008 4543 3081 4594 ita
3128 4543 3353 4607 diris-as,

122 4636 254 4679 trem
293 4638 453 4676 suam
491 4628 633 4691 (quae
664 4622 835 4676 Mosis
866 4623 1028 4676 etiam
1068 4628 1260 4694 mater)
1308 4627 1555 4691 adduxit,
1588 4646 1683 4682 ne-

119 4720 327 4771 sciente
369 4713 668 4769 Pharaonis
698 4712 807 4767 filia
838 4715 1012 4785 ipsam
1051 4726 1275 4770 matrem
1318 4718 1437 4786 ejus
1472 4718 1641 4773 fuisse
1668 4761 1682 4785 ,

120 4825 240 4878 qua:
306 4823 533 4877 puerum
599 4810 703 4877 ipsi
752 4810 1063 4864 lactandum
1116 4818 1281 4878 atque
1335 4810 1678 4864 educandum

124 4902 369 4955 tradidit.

186 4995 325 5048 Cum
379 5004 560 5046 autem
604 4993 669 5047 ad
698 5002 912 5048 aetatem
942 4993 1053 5062 jam
1092 4992 1307 5048 virilem
1347 4994 1682 5061 pervenisset

125 5086 325 5151 Moses,
356 5098 650 5155 conspecto
694 5084 939 5141 Israelita
979 5084 1214 5154 quodam
1243 5086 1334 5153 qui
1370 5100 1491 5138 cum
1521 5084 1685 5155 [ΕΗ-

124 5180 233 5246 ptio
262 5177 643 5239 contenderet,
678 5177 795 5245 ipse
824 5175 1143 5245 Egyptium
1179 5174 1384 5228 inflictu
1431 5177 1537 5229 ictu
1589 5191 1682 5228 oc-

122 5272 273 5331 cidit,
302 5277 469 5337 atque
497 5268 549 5321 in
590 5283 756 5322 arena
787 5268 1076 5337 sepelitit;
1106 5274 1271 5335 atque
1312 5267 1519 5334 aliquot
1569 5275 1687 5335 post

122 5366 336 5427 diebus,
391 5378 512 5415 cum
546 5362 689 5416 inter
721 5377 781 5415 se
805 5361 1149 5416 certantibus
1175 5360 1440 5414 lsraelitis
1469 5360 1683 5413 duobus

122 5468 470 5523 sequestrum
497 5469 556 5508 se
585 5455 872 5523 ingereret,
917 5454 1177 5507 dixerunt
1211 5453 1284 5506 illi
1326 5470 1337 5505 :
1388 5452 1594 5507 Forsan
1632 5462 1683 5506 et

124 5562 371 5605 nostrum
400 5548 629 5600 alterum
682 5547 1073 5602 interfecturus
1130 5564 1190 5601 es
1239 5548 1312 5600 uti
1371 5546 1483 5599 lteri
1518 5545 1683 5615 IEgy-

125 5645 291 5713 ptium
312 5639 655 5693 interfecisti.
684 5637 862 5703 Quare
891 5652 1142 5693 metuens
1174 5640 1274 5693 sibi
1309 5636 1485 5695 Moses
1512 5640 1565 5692 in
1604 5654 1679 5692 re-

192 5818 462 5885 ‘Gen.xv,
488 5818 603 5872 5-9.
683 5818 857 5877 ‘ibid.
894 5819 980 5881 1'5,
1018 5819 1103 5873 15.

1794 4646 1928 4699 quas
1960 4645 2082 4683 cum
2117 4637 2367 4685 vocasset
2415 4629 2716 4695 Abraham,
2753 4632 2855 4684 illa:
2882 4634 2947 4684 ad
2982 4633 3157 4701 ipsum
3193 4648 3355 4687 vene-

1798 4732 1941 4776 runt.
1978 4721 2203 4775 Factum
2230 4733 2315 4775 est
2349 4722 2451 4775 hoc
2475 4726 2538 4773 ad
2569 4737 2826 4775 occasum
2856 4722 2989 4777 solis
3015 4740 3029 4788 ;
3074 4736 3359 4793 occuparat

1792 4821 1969 4866 auten
2016 4812 2386 4865 Abrahamum
2442 4811 2621 4880 quies,
2666 4821 2719 4864 et
2745 4811 2908 4864 timor
2933 4828 3180 4882 tnagnus.
3231 4832 3360 4879 ope-

1790 4905 2056 4957 rientibus
2090 4906 2265 4971 ipsum
2304 4902 2545 4957 tenebris
2600 4902 2816 4972 spissis.
2866 4901 3117 4974 Dixitque
3179 4902 3358 4958 Domi-

1791 5010 1892 5047 nus
1908 4992 2215 5045 Abrahstno
2242 5007 2256 5043 :
2288 4990 2449 5045 Certo
2474 4993 2611 5044 scias
2630 5007 2800 5046 senisu
2829 5000 2977 5045 tuum
2994 4993 3355 5047 habitaturum

1786 5086 1839 5137 in
1895 5095 2030 5137 terra
2078 5085 2381 5152 peregrina,
2418 5085 2471 5136 in
2493 5100 2597 5153 qna
2628 5084 2948 5137 laborabunt
2980 5086 3031 5136 in
3058 5088 3354 5139 servitutem

1789 5175 1987 5227 redacti
2032 5176 2185 5227 annis
2238 5173 2657 5243 quadringentis.
2686 5175 2794 5242 Ego
2838 5188 2957 5227 vero
3004 5175 3351 5241 judicaturus

1788 5282 1901 5319 sum
1924 5274 2119 5333 gentem
2148 5282 2264 5333 qua:
2288 5282 2375 5319 eos
2407 5268 2459 5319 in
2480 5266 2781 5319 servitutem
2808 5265 3006 5336 rediget
3044 5268 3357 5336 exibuntque

1793 5357 1997 5410 laudent
2046 5360 2098 5409 in
2140 5360 2277 5411 hunc
2301 5361 2471 5413 locum
2501 5377 2617 5413 cum
2656 5363 2839 5431 opibus
2881 5364 3107 5433 magnis.
3149 5365 3223 5417 Tu
3251 5383 3353 5416 au-

1795 5463 1894 5503 tem
1942 5450 2007 5501 ad
2048 5461 2224 5517 patres
2284 5464 2398 5505 tuos
2446 5454 2497 5505 in
2548 5469 2679 5520 pace
2730 5455 3050 5519 translatus,
3093 5469 3357 5511 senectute

1794 5545 1915 5596 bene
1941 5554 2060 5594 acta
2094 5545 2351 5610 sepelieris
2378 5546 2414 5597 ⁸.
2450 5544 2566 5598 Jant
2593 5549 2659 5600 ab
2684 5548 2790 5601 isto
2815 5558 3055 5617 tempore
3082 5565 3189 5618 quo
3219 5554 3354 5605 dixit

1795 5634 2049 5689 Dominus
2110 5635 2436 5700 Abrahatno,
2463 5637 2648 5694 Semen
2673 5650 2820 5695 tuum
2850 5641 3038 5694 servire
3068 5642 3257 5709 [aciem
3283 5661 3352 5694 an
