4200 6432
782 378 889 439 933

1810 378 2173 442 EUTYClIll
2216 374 2519 435 ALEXAN
2533 378 2634 437 BR
2648 381 2748 439 lNl
2799 381 3017 441 PATR.

3938 391 4046 455 936

777 498 948 540 tutcm
981 488 1257 553 redegisse
1283 486 1540 542 Jabimuu
1579 490 1858 544 Chanaani
1895 509 2073 555 regem
2105 510 2117 551 ;
2173 491 2360 559 [transis
2394 500 2433 543 Α
2467 494 2674 558 νυνι-τῖε
2716 496 2817 563 ipsi
2853 497 3041 559 lilium,
3076 512 3234 566 quem
3272 500 3674 555 Abimetecbum
3728 506 4043 574 appellaviz.

779 594 912 647 ergo
948 579 1211 634 lsraelitis
1249 595 1454 650 eosque
1486 599 1515 635 e
1550 600 1709 636 manu
1762 585 1936 651 ipsius
1988 583 2208 652 eripias.
2262 583 2362 635 De-

781 671 951 723 borab
1040 686 1171 739 ergo
1249 684 1587 741 assumptum
1670 674 1957 738 llarakum,
2041 673 2363 727 Abi-Nuami

780 763 1141 833 121-123
1197 763 1366 819 ﬁlium
1400 805 1413 827 ,
1482 781 1513 819 e
1554 766 1697 818 tribu
1752 765 2095 836 Neplitalitu,
2167 766 2364 834 populo

779 856 966 927 [juxta
1017 857 1165 911 aliud
1219 858 1514 927 exemplar,
1588 859 1880 931 exercitui]
1942 858 2179 926 regendo
2224 872 2363 924 pne-

777 944 935 1002 fecit.
992 948 1165 1002 Barak
1243 964 1373 1017 ergo
1441 949 1629 1003 ascitis
1731 951 1835 1004 sibi
1913 949 2107 1003 'decies
2218 946 2365 1001 mille

782 1041 1064 1107 lsraelitis,
1095 1057 1123 1096 e
1155 1042 1279 1096 ﬁliis
1311 1043 1624 1110 Nepbtalitn
1656 1054 1709 1098 et
1742 1043 1981 1097 Zabulon
2006 1080 2023 1103 ,
2068 1041 2366 1095 comitante

783 1130 1034 1186 Deborab
1075 1144 1312 1187 montem
1347 1132 1531 1189 Tabor
1568 1135 1925 1199 conscendit,
1969 1148 2204 1203 quorum
2238 1147 2362 1186 cum

784 1223 851 1275 ad
908 1224 1146 1276 Siseram
1184 1223 1365 1279 labini
1394 1227 1651 1280 vicarium
1685 1226 2027 1295 pervenisset
2054 1225 2193 1277 fama
2227 1263 2241 1285 ,
2277 1224 2366 1278 ille

780 1314 846 1365 ad
886 1315 1033 1384 ipsos
1069 1318 1239 1369 movit
1273 1337 1287 1383 ;
1336 1319 1400 1370 ad
1462 1334 1623 1387 quem
1668 1335 1697 1373 e
1749 1330 1934 1371 monte
1973 1317 2364 1369 descendentes

784 1405 1009 1459 victoria
1042 1410 1093 1459 in
1126 1410 1303 1476 ipsum
1333 1410 1521 1462 denati
1579 1421 1703 1464 sunt
1733 1451 1749 1473 ,
1814 1409 1948 1462 adeo
1988 1416 2045 1460 ut
2102 1410 2192 1476 qui
2240 1422 2361 1459 cum

783 1498 968 1553 Sisera
1000 1499 1178 1553 Jabiui
1211 1501 1417 1555 vicario
1446 1513 1630 1557 essent
1660 1518 1873 1564 omnes,
1903 1501 2186 1554 occidione
2215 1501 2365 1553 dele-

782 1603 971 1643 rentur
1000 1610 1013 1649 ;
1049 1592 1163 1657 ipse
1193 1582 1324 1646 vero
1359 1594 1575 1661 fugiens
1630 1595 2011 1662 ingrederetur
2058 1594 2359 1646 tentorium

779 1680 946 1736 Jaelis
982 1686 1170 1738 uxoris
1207 1684 1396 1739 llebcri
1424 1686 1606 1738 Κριιωί
1640 1684 1725 1753 (id
1756 1694 1837 1738 est
1870 1688 2138 1753 eposteris
2180 1687 2362 1749 Kaini,

2470 582 2763 651 Postquam
2806 603 2934 657 ergo
2963 590 3221 659 populum
3275 594 3632 664 quadraginta
3673 597 3832 652 annis
3867 602 4047 653 rexis-

2469 686 2548 731 set
2582 676 2789 731 Gidcon
2816 718 2831 741 ,
2872 693 3122 737 mortuus
3157 692 3274 745 est,
3304 701 3365 738 ac
3389 686 3542 751 juxta
3584 689 3895 756 sepulcrum
3948 707 4046 762 p2-

2469 770 2569 824 tris
2596 770 2679 824 sui
2703 768 2869 826 Joasb
2900 774 2953 825 in
2996 775 3176 844 Opbra
3205 776 3415 831 Azariae
3439 779 3707 849 sepultus.

2540 862 2749 918 Mottuo
2774 874 2951 918 autem
2985 865 3226 922 Gideone
3256 884 3377 923 cum
3409 856 3613 926 reversi
3652 882 3835 929 essent
3874 876 4051 933 Israe-

2468 955 2576 1008 lita:
2621 956 2687 1009 ad
2722 957 2929 1011 cultum
2964 957 3239 1014 idolorum
3295 961 3503 1014 liaalim
3552 974 3605 1016 et
3653 967 3955 1021 Asbtarotb
3999 982 4051 1023 et

2466 1047 2617 1110 Ba-l,
2668 1049 2951 1117 profectus
2993 1050 3304 1105 Abimelech
3358 1052 3708 1119 Nabelesum,
3755 1058 3821 1111 ad
3869 1075 4047 1112 avun-

2468 1142 2624 1194 culus
2663 1158 2817 1208 suos,
2868 1145 3004 1198 dixit
3056 1146 3226 1215 ipsis:
3260 1145 3479 1202 Fratres
3540 1151 3641 1204 mei
3695 1160 4045 1222 septuagnta

2470 1234 2670 1302 populo
2705 1238 2973 1302 imperare
3000 1224 3253 1306 cupiunt,
3282 1253 3377 1291 vos
3399 1250 3581 1293 autem
3612 1252 3855 1296 vestrum
3892 1248 4048 1297 auxi-

2470 1327 2601 1381 lium
2639 1328 2767 1380 milii
2808 1329 3063 1395 praebete,
3095 1346 3203 1397 quo
3238 1332 3389 1385 solus
3425 1334 3529 1386 illis
3575 1335 3863 1401 imperent,
3912 1353 4051 1389 llm's

2468 1419 2612 1471 enim
2641 1420 2836 1472 melius
2860 1436 3017 1489 quam
3049 1426 3395 1492 septuag'nta
3422 1424 3682 1493 pupulum
3712 1437 3881 1494 reget.
3910 1428 4045 1480 Cum

2468 1524 2598 1579 ergo
2634 1512 2974 1579 septuaginta
3021 1513 3225 1565 talenta
3269 1516 3480 1582 argenti
3515 1516 3617 1584 ipsi
3650 1531 3678 1570 e
3716 1517 3881 1570 domo
3913 1520 4047 1571 idnli

2470 1600 2597 1655 Bael
2636 1601 3014 1666 tradidissent,
3055 1605 3295 1671 acceptis
3334 1606 3422 1659 ille
3453 1622 3639 1661 secum
3688 1609 3844 1667 viris,
3898 1619 3951 1661 et
3985 1611 4047 1661 ad

2470 1692 2688 1744 domum
2743 1692 2915 1758 patris
2959 1692 3043 1745 sui
3095 1692 3276 1761 Opbra
3326 1693 3633 1760 profec:us,
3697 1698 4051 1763 septuaginti

781 1775 873 1843 qui
904 1791 1061 1829 socer
1098 1775 1198 1828 fuit
1231 1776 1417 1839 Musis,
1473 1777 1607 1831 alias
1636 1776 1825 1829 Jetbro
1852 1778 2201 1846 appellatus)
2234 1792 2355 1843 qua:
2402 1815 2446 1873 Β
2474 1782 2674 1835 fratres
2707 1798 2837 1837 suos
2884 1784 3183 1849 interfecit,
3215 1801 3322 1839 uno
3376 1792 3588 1838 tantum
3623 1800 3686 1838 ex
3742 1787 3874 1851 ipsis
3927 1801 4026 1835 eva

782 1865 984 1933 ipsum,
1010 1863 1150 1933 apud
1185 1882 1243 1920 se
1274 1866 1659 1919 abscmditutn
1684 1907 1698 1929 ,
1729 1866 1870 1933 quod
1930 1867 2135 1918 biberet
2176 1875 2360 1932 peten-

784 1967 912 2018 tem,
948 1956 1082 2009 lartc
1111 1958 1353 2024 potavit,
1409 1958 1474 2011 ad
1525 1959 1695 2026 ipsum
1747 1956 2141 2024 probandum,
2199 1966 2366 2025 utque

785 2048 1127 2115 perspiceret
1169 2063 1295 2100 num
1357 2063 1489 2102 sano
1552 2058 1695 2101 esset
1751 2049 2073 2111 intellectu,
2146 2065 2365 2102 necne:

781 2140 928 2209 quod
987 2140 1078 2193 ille
1125 2148 1354 2209 epotum
1417 2154 1611 2207 aquam
1656 2154 1778 2193 esse
1829 2141 2181 2195 existimavit.
2234 2142 2367 2194 Cum

781 2245 912 2300 ergo
943 2231 1119 2297 ipsum
1147 2230 1481 2284 decumbere
1502 2230 1743 2294 fecisset,
1772 2239 2014 2298 tempora
2047 2232 2145 2298 ipsi
2169 2232 2367 2298 paxillo

788 2321 1011 2375 tentorii
1048 2321 1322 2375 transﬁxit
1358 2322 1492 2377 adeo
1525 2331 1582 2375 ut
1613 2323 1852 2391 paxillus
1893 2334 2048 2375 terra:
2092 2325 2365 2390 ﬁgeretur,

783 2413 1006 2480 ipseque
1037 2421 1380 2476 moreretur;
1418 2413 1568 2465 illum
1594 2428 1722 2479 ergo
1770 2422 2043 2465 mortuum
2090 2427 2212 2465 cum
2268 2428 2358 2463 rc-

786 2506 1017 2574 perisset
1058 2504 1341 2577 Deborab,
1368 2506 1482 2574 ipsa
1515 2520 1577 2559 ac
1612 2506 1784 2560 Barac
1836 2508 1901 2558 ad
1938 2506 2192 2559 Jabinum
2227 2504 2370 2558 Cha-

788 2597 956 2649 naani
992 2611 1169 2665 regem
1206 2595 1432 2664 profecti
1463 2637 1476 2659 ,
1508 2597 1658 2649 illum
1711 2606 2024 2665 superatum
2079 2613 2182 2649 ttna
2245 2611 2367 2649 cum

786 2688 1014 2743 asseclis
1052 2688 1227 2756 ipsius
1265 2688 1519 2741 omnibus
1546 2688 1957 2742 interfecerunt.
1995 2687 2218 2740 Prmfuit
2272 2703 2368 2739 au-

786 2790 895 2834 tem
921 2781 1123 2848 populo
1163 2779 1411 2831 Deborab
1441 2793 1626 2841 annos
1662 2780 2050 2849 quadraginta.

858 2870 972 2935 Qua
1001 2876 1216 2921 mortua
1248 2884 1500 2923 reversos
1533 2871 1598 2923 ad
1627 2870 1988 2923 itlulolatriam
2047 2870 2323 2923 lsraelitas
2356 2910 2368 2929 ,

788 2964 842 3016 in
878 2967 1205 3031 potestatem
1238 2974 1390 3013 suam
1421 2962 1750 3029 redegerunt
1781 2960 2087 3013 Matlianita:
2148 2960 2287 3013 Oreb
2322 2969 2371 3011 et

787 3055 924 3119 Zeb,
960 3056 1053 3124 qui
1090 3056 1216 3108 illos
1253 3063 1461 3122 septem
1489 3054 1646 3106 annis
1674 3052 1809 3107 dure
1842 3061 1897 3105 ct
1934 3052 2229 3105 crudeliter
2288 3067 2374 3105 τε·

2458 1872 2661 1935 .dente,
2704 1876 2950 1926 omnium
3006 1875 3252 1939 minimo,
3299 1877 3387 1929 cui
3430 1891 3625 1929 nomen
3677 1875 3924 1935 Jotbam,
3961 1878 4050 1943 qui

2474 1964 2699 2018 Beeram
2765 1964 2977 2033 fugiens
3027 1964 3099 2018 ibi
3162 1970 3486 2033 permansit.
3535 1968 3672 2019 Cum
3724 1969 4055 2036 imperasset

2475 2065 2654 2110 autem
2683 2056 2992 2111 Abitnelech
3016 2056 3190 2108 tribus
3214 2056 3393 2117 annis,
3416 2058 3763 2123 insurgentes
3792 2059 3846 2108 in
3874 2061 4051 2125 ipsum

2477 2149 2672 2203 incolae
2707 2146 2940 2201 Nabeles
2977 2147 3153 2215 ipsum
3188 2145 3390 2212 pellere
3436 2145 3750 2199 voluerunt.
3796 2146 3887 2197 Ille
3914 2161 4050 2213 ergo

2475 2240 2719 2293 collectis
2750 2240 2922 2309 sociis
2956 2240 3073 2291 suis
3106 2252 3301 2305 magna
3351 2239 3503 2305 ipsos
3533 2247 3712 2303 strage
3753 2237 4054 2293 interetni:,

2474 2345 2838 2401 egressusque
2886 2346 2950 2382 ex
3007 2329 3144 2381 urbe
3206 2329 3481 2397 congestis
3531 2327 3673 2380 circa
3728 2340 3848 2379 eam
3896 2324 4061 2390 lignis

2475 2426 2651 2496 ignem
2686 2425 2793 2494 ipsi
2829 2402 3039 2491 injecit,
3073 2419 3208 2474 adeo
3236 2430 3316 2482 ιιι,
3363 2432 3469 2471 una
3504 2433 3627 2472 eum
3670 2417 3931 2469 omnibus
3963 2415 4058 2482 qui

2476 2518 2529 2570 in
2575 2518 2688 2584 ipsa
2721 2523 2925 2577 essent,
2956 2511 3337 2578 conflagraret.
3371 2507 3508 2561 Tum
3544 2511 3611 2561 ad
3657 2516 3899 2561 montem
3948 2506 4063 2557 Ναι-

2476 2608 2632 2661 belesi
2666 2620 2925 2675 egressus
2964 2604 3138 2673 ipsum
3172 2604 3464 2657 obsidione
3510 2602 3703 2662 cinxit,
3742 2599 3904 2664 cujus
3955 2612 4051 2648 arx

2475 2700 2697 2770 grandis
2728 2696 2890 2766 128
2918 2696 3211 2750 admodum
3253 2696 3373 2756 fuit,
3422 2707 3452 2746 a
3482 2694 3644 2760 cujus
3678 2690 3897 2757 fastigio
3938 2706 4063 2739 mu-

2477 2791 2577 2845 lier
2616 2790 2863 2859 qmedatn
2912 2787 3145 2855 lapidem
3198 2786 3430 2852 deiecit,
3468 2784 3561 2853 qui
3618 2784 3672 2835 in
3714 2780 4057 2834 Abimelecbi

2477 2892 2641 2952 caput
2669 2882 2892 2935 decidit.
2922 2878 3018 2933 Ille
3044 2888 3228 2932 autem
3263 2877 3355 2929 ubi
3403 2884 3634 2928 mortem
3664 2867 4062 2943 [ingruentem]

2476 2977 2671 3038 sensit,
2702 2986 2868 3041 puero
2896 2970 2985 3042 qui
3026 2970 3127 3039 ipsi
3159 2982 3326 3037 prope
3363 2966 3535 3018 a5titit
3584 2964 3765 3017 dixit:
3801 2962 4063 3031 Jugulum

2480 3068 2611 3123 mibi
2626 3066 2802 3137 gladio
2821 3063 2986 3118 ferito
3002 3076 3111 3131 quo
3131 3061 3355 3120 moriar,
3384 3073 3451 3110 ne
3463 3056 3681 3109 dicatur
3695 3054 3969 3106 occidisse
3983 3068 4071 3105 me

794 3158 1017 3209 xerunt,
1043 3147 1111 3201 ab
1137 3148 1267 3213 ipsis
1296 3160 1488 3214 pecora
1516 3184 1531 3209 ,
1567 3144 1725 3214 124
1752 3147 1914 3198 boves
1959 3152 2012 3197 ct
2059 3159 2188 3213 epes
2234 3144 2370 3197 acci-

2482 3164 2786 3221 mulierem;
2801 3157 2893 3226 qui
2917 3156 3090 3222 ipsum
3108 3152 3284 3219 gladio
3304 3164 3621 3218 percussum
3643 3147 3946 3200 interfecit.

796 3240 1031 3308 pienles.
1074 3239 1279 3291 Contra
1311 3253 1450 3306 quos
1483 3253 1740 3304 egressus
1770 3236 1977 3289 Gideon
2025 3235 2171 3289 Joasi
2206 3234 2369 3295 lilius,

787 3347 818 3386 e
853 3331 996 3386 tribu
1031 3330 1320 3384 Manassis.
1351 3329 1650 3397 assumptis
1686 3343 1870 3381 secum
1906 3336 2067 3381 noctu
2128 3342 2157 3381 e
2192 3327 2365 3381 servis

796 3423 915 3477 suis
953 3424 1143 3476 decem
1177 3420 1333 3483 viris,
1372 3418 1547 3474 Baelis
1579 3419 1709 3473 idoli
1737 3419 1995 3487 templum
2021 3419 2208 3481 diruit,
2229 3418 2373 3486 quod

792 3529 919 3568 cum
951 3512 1264 3567 Madianitis
1306 3512 1543 3563 innotuit
1576 3546 1594 3575 ,
1629 3510 1697 3562 ab
1742 3510 1875 3577 ipsis
1902 3509 2035 3577 fuga.
2085 3524 2145 3562 se
2207 3509 2376 3575 prori-

797 3605 957 3673 puit;
997 3604 1193 3657 deinde
1219 3601 1565 3669 congregatis
1598 3617 1658 3653 ex
1693 3600 1952 3653 lsraelitis
1994 3599 2125 3653 viris
2161 3607 2371 3653 trecen-

787 3696 859 3748 tis
886 3695 1007 3748 illos
1035 3701 1199 3747 noctu
1224 3692 1514 3753 accedens,
1548 3691 1634 3743 ubi
1670 3691 1734 3742 ad
1764 3689 2178 3742 Madianitarum
2208 3703 2373 3742 exer-

789 3788 960 3840 citum
1015 3788 1367 3854 pervenissa,
1422 3785 1554 3837 viris
1621 3784 1736 3835 suis
1802 3783 2010 3835 circqu
2075 3782 2375 3833 exercitum

790 3877 1074 3945 dispersis,
1115 3885 1371 3946 tympana
1404 3875 1667 3944 pulsavit,
1706 3872 1963 3941 tubisque
1998 3872 2244 3942 clanxit(
2272 3887 2379 3939 q-to

793 3966 995 4035 pacto)
1030 3968 1185 4021 fracti
1224 3967 1529 4020 Madianitze
1555 4005 1572 4031 ,
1637 3966 1868 4033 aliisque
1929 3964 2065 4016 alios
2110 3965 2379 4017 caedentes

793 4076 974 4113 coram
1003 4060 1271 4114 lsraelitis
1335 4061 1616 4127 fugerunt.
1660 4055 1894 4125 Scripsit
1952 4065 2135 4107 autem
2172 4052 2378 4106 Gideuu

795 4152 860 4204 al
892 4149 1169 4202 lsraelitas
1200 4162 1229 4201 e
1264 4148 1409 4201 tribu
1442 4146 1734 4214 Ephraim,
1772 4146 1863 4213 qui
1896 4145 1949 4197 in
1977 4143 2233 4211 partibus
2254 4142 2380 4195 Jor-

795 4243 921 4295 daui
954 4242 1334 4310 adjacentibus
1364 4239 1648 4307 degerent,
1683 4245 1742 4289 ut
1772 4236 1976 4305 egressi
2027 4236 2337 4289 Madiauitis
2366 4276 2379 4299 ,

798 4341 982 4401 utpote
1018 4335 1068 4385 in
1096 4332 1281 4400 fugam
1306 4330 1609 4393 conversis,
1642 4340 2035 4381 occurrerent:
2064 4329 2156 4396 qui
2180 4328 2383 4395 egressi

799 4439 994 4493 magna
1025 4424 1145 4476 illos
1177 4430 1358 4492 strage
1406 4427 1796 4489 peremerunt,
1859 4420 2147 4488 captisque
2203 4418 2383 4472 Orebo

2548 3254 2669 3323 Ipso
2709 3258 2923 3303 mortuo
2963 3244 3160 3314 populo
3197 3242 3481 3311 imperavit
3519 3238 3648 3293 Joas
3671 3238 3816 3291 filius
3838 3236 4065 3292 Pbudat.

2484 3347 2578 3401 lilii
2603 3343 2762 3397 llalat
2782 3355 2811 3394 e
2831 3339 2974 3393 tribu
2994 3335 3234 3395 lsacbar,
3257 3348 3430 3385 annos
3451 3331 3635 3399 viginti
3657 3339 3788 3393 tres;
3808 3329 3899 3397 qui
3916 3328 4075 3381 dein-

2479 3438 2546 3491 de
2567 3445 2817 3491 mortuus
2838 3434 2889 3485 in
2926 3429 3103 3483 Samir
3124 3425 3370 3496 sepultus
3394 3432 3497 3478 est.
3538 3423 3863 3488 POStipsum
3899 3437 4077 3491 popu-

2480 3528 2530 3582 lo
2560 3527 2771 3597 praefuit
2792 3523 2906 3578 Jair
2943 3522 3129 3589 Algadi
3153 3521 3296 3572 lilius
3313 3535 3341 3572 e
3359 3518 3500 3570 tribu
3516 3515 3783 3569 Manassis
3802 3530 3979 3567 annos
3997 3515 4079 3565 vi-

2487 3619 2625 3689 ginti
2653 3618 2820 3681 duos;
2842 3613 2929 3668 cui
2949 3613 3041 3665 lilii
3063 3620 3217 3665 erant
3238 3608 3457 3677 triginta
3482 3607 3587 3659 duo
3601 3606 3692 3673 qui
3712 3608 3892 3673 ipsum
3917 3604 4074 3673 equis

2482 3710 2621 3765 vecti
2688 3707 3091 3776 sequebantur;
3152 3700 3349 3754 deinde
3412 3706 3660 3752 mortuus
3719 3697 3771 3746 in
3835 3694 4071 3746 Katnara

2482 3801 2726 3869 sepultus
2764 3803 2868 3851 est.
2905 3796 3001 3848 lllo
3028 3801 3244 3845 mortuo
3270 3806 3393 3844 cum
3434 3789 3639 3842 reversi
3670 3797 3858 3839 essent
3896 3786 4071 3838 Israc-

2483 3891 2591 3945 lita!
2620 3890 2688 3944 ad
2730 3890 2940 3943 cultum
2991 3886 3259 3938 idolorum
3300 3880 3529 3940 Baalim,
3569 3888 3622 3931 et
3670 3878 3978 3930 Aslttarotb
4022 3885 4077 3926 et

2487 3983 2641 4046 Bael,
2695 3994 2796 4034 nec
2845 3993 2956 4031 nou
3011 3977 3236 4029 deorum
3287 3971 3495 4041 Syrias,
3546 3967 3811 4026 Sidonis,
3878 3967 4068 4023 Moab,

2486 4076 2743 4138 Ammon,
2770 4080 2824 4125 et
2851 4068 3183 4130 Palaestinae,
3212 4063 3572 4131 pnevalentes
3608 4058 3805 4127 populo
3838 4057 4073 4109 Ammo-

2487 4169 2632 4231 uitae,
2664 4165 2799 4231 ipsis
2826 4177 2949 4216 cum
2985 4158 3231 4221 tristitia,
3260 4155 3459 4207 duritie
3486 4162 3537 4205 et
3561 4149 3884 4204 crudelitate
3917 4152 4079 4203 annis

2486 4256 2786 4311 octodecim
2841 4253 3233 4318 imperarunt:
3284 4245 3417 4313 quin
3474 4249 3527 4295 et
3574 4239 3871 4293 Iordanem
3927 4249 4082 4289 tran-

2488 4350 2699 4403 sierunt
2730 4342 2798 4397 od
2823 4337 3220 4411 oppugnandos
3267 4333 3568 4391 lsraelitas,
3599 4328 3755 4384 Judae
3792 4343 3993 4397 nempe
4026 4339 4080 4379 et

2489 4435 2831 4505 Benjaminis
2878 4432 3037 4492 ﬁlios,
3077 4429 3167 4497 qui
3206 4427 3278 4480 ob
3322 4426 3472 4493 ipsos
3509 4436 3705 4491 magno
3752 4432 3907 4473 metu
3941 4436 4078 4470 eon-

797 4525 853 4567 et
887 4514 1077 4578 Zeibo,
1109 4512 1528 4565 Madianitarum
1556 4512 1796 4577 regibus,
1825 4511 1967 4564 Oreb
1995 4512 2045 4563 in
2078 4512 2193 4578 ripa
2218 4511 2378 4572 Ureb,
2412 4508 2459 4567 D
2496 4528 2723 4585 ειεηηιιί
2758 4533 2909 4579 sum.
2937 4520 3076 4574 cum
3120 4533 3250 4587 ergo
3276 4530 3449 4582 usque
3479 4512 3689 4564 uncam
3732 4512 3926 4562 urbe...
3959 4526 4083 4576 per-

802 4605 932 4660 Zeib
970 4606 1021 4658 in
1061 4619 1185 4657 area
1222 4601 1373 4655 Zeibi
1407 4603 1717 4654 occisorum
1765 4602 1949 4669 capita
1983 4601 2051 4655 ad
2076 4599 2374 4655 Gideonein

802 4700 869 4752 ad
902 4698 1090 4751 urbem
1128 4696 1375 4749 Sbuccut
1424 4693 1738 4757 miserunt;
1796 4693 1952 4761 cujus
2006 4692 2285 4765 [incolas]
2328 4703 2384 4744 ut

804 4791 1067 4846 exercitui
1104 4804 1208 4843 suo
1241 4788 1424 4842 cibum
1460 4788 1765 4856 praeberent
1792 4801 1996 4855 eosque
2025 4787 2262 4855 ltOSpitio
2293 4804 2386 4838 ex-

804 4885 1053 4952 ciperent
1082 4896 1204 4934 cum
1239 4889 1482 4949 rogaret,
1544 4881 1947 4949 responderunt
2004 4880 2127 4932 illi:
2175 4880 2289 4932 lmu
2340 4880 2385 4932 si

807 4986 995 5031 essent
1037 4986 1219 5030 tecum
1247 4976 1426 5045 capita
1463 4974 1629 5028 Zabai
1664 4985 1719 5029 et
1753 4975 2027 5029 Saltuauai
2053 4992 2237 5045 regum
2272 4975 2351 5027 illa
2373 5006 2389 5017 -

815 5069 1176 5133 diauitarnm,
1202 5076 1317 5120 tntn
1342 5068 1642 5121 exercitum
1672 5080 1822 5121 tuum
1852 5069 1975 5123 cibo
2000 5078 2051 5121 ct
2080 5083 2388 5122 commeatu

813 5162 1181 5216 reﬁceremus.
1216 5161 1441 5215 llelictis
1473 5175 1604 5232 ergo
1634 5162 1742 5216 illis
1782 5171 1973 5216 contra
2036 5161 2274 5216 Zabaum
2334 5173 2393 5217 et

814 5256 1204 5319 Salmanaum,
1244 5253 1662 5309 Madianitarum
1763 5271 1915 5326 reges
1950 5256 2229 5324 profectus
2255 5272 2267 5308 :
2293 5256 2385 5324 qui

816 5366 942 5403 cum
981 5350 1271 5417 quinquies
1310 5349 1457 5402 mille
1486 5349 1630 5402 bello
1676 5349 1887 5403 idoneis
1927 5348 2183 5410 fuerunt.
2230 5361 2286 5402 et
2334 5350 2386 5401 in

821 5440 969 5503 ipsos
998 5438 1227 5491 victoria
1268 5439 1495 5503 potitus,
1523 5439 1671 5507 ipsos
1707 5454 1827 5492 cum
1875 5440 2103 5493 asseclis
2157 5439 2271 5492 Suis
2304 5440 2390 5491 in-

818 5532 1051 5584 tct‘cntit.
1084 5530 1286 5583 Deinde
1318 5531 1383 5583 ad
1416 5531 1660 5583 Sbuccut
1686 5545 1939 5584 reversus
1960 5546 2100 5594 eam,
2135 5532 2387 5585 omnibus

816 5624 906 5692 qui
944 5620 1294 5691 125-127
1332 5622 1384 5675 in
1420 5622 1533 5689 ipsa
1566 5637 1721 5675 erant
1787 5639 1817 5678 e
1884 5624 2063 5677 medio
2112 5624 2343 5677 sublatis
2376 5664 2389 5683 .

815 5715 1032 5769 delevit.
1069 5712 1311 5768 Fuerunt
1348 5727 1524 5769 autem
1552 5714 1785 5768 (iideoni
1841 5716 1933 5769 ﬁlii
2004 5717 2343 5784 septuaginta
2374 5735 2387 5779 ;

820 5810 917 5865 fuit
948 5814 1110 5865 etiam
1149 5810 1249 5879 ipsi
1284 5812 1583 5866 concubina
1620 5827 1676 5865 et
1718 5810 1936 5883 [urbe]
1995 5811 2219 5867 Nabcles
2268 5829 2385 5883 qua:

2492 4622 2770 4675 venissent
2797 4612 3143 4672 Auttnonitm,
3180 4604 3499 4674 congregati
3553 4602 3833 4671 principes
3862 4604 4078 4668 populi,

2496 4713 2752 4766 dixerunt
2789 4726 2802 4762 :
2838 4706 2891 4760 Si
2943 4705 3069 4773 quis
3122 4699 3479 4754 Ammonilas
3517 4709 3692 4764 pugna
3730 4694 4084 4762 aggredietur

2493 4806 2597 4858 erit
2642 4801 2799 4854 nobis
2845 4801 2897 4850 in
2936 4795 3259 4865 principem.
3296 4790 3419 4844 Fuit
3483 4799 3662 4842 autem
3711 4784 3950 4852 Jepbtab
3985 4784 4079 4835 Gi-

2498 4896 2639 4951 leadi
2677 4893 2842 4955 ﬁlius,
2888 4906 2917 4944 e
2947 4890 3091 4943 tribu
3140 4886 3427 4944 Manassis,
3475 4882 3559 4934 vir
3601 4879 3766 4933 fortis
3794 4888 3847 4930 et
3883 4878 4082 4929 robore

2500 4997 2802 5056 praestans;
2831 4994 3107 5051 quemque
3130 4992 3256 5031 cum
3296 4976 3442 5028 lilius
3470 4980 3616 5026 esset
3642 4970 3896 5023 mulieris
3932 4968 4083 5020 fura-

2500 5080 2601 5143 cis,
2635 5078 2955 5145 repulerunt
3004 5074 3202 5124 fratres
3236 5065 3581 5137 129—131
3628 5064 3804 5134 ipsius
3854 5059 4082 5112 abdica-

2501 5181 2726 5238 tumque
2774 5168 2838 5221 ad
2874 5164 3246 5219 liaarcditatcm
3291 5175 3395 5214 non
3429 5158 3813 5213 admiserunt,
3853 5150 3994 5204 adeo
4025 5162 4083 5201 ut

2500 5263 2556 5317 in
2594 5270 2795 5314 terram
2828 5255 2941 5310 Tob
2978 5256 3045 5309 ab
3089 5254 3223 5324 ipsis
3257 5252 3484 5320 fugeret.
3523 5247 3602 5300 Ad
3650 5245 3800 5299 illum
3848 5257 4084 5311 congre-

2501 5353 2609 5421 gati
2638 5351 2740 5404 viri
2776 5362 3043 5419 pauperes
3083 5344 3426 5399 Ammonitas
3463 5347 3867 5409 oppugnarunt.

2580 5446 2763 5512 Quare
2797 5442 3003 5512 egressi
3051 5442 3113 5493 ad
3142 5438 3471 5506 Jepbtabum
3504 5434 3770 5503 primores
3803 5429 3957 5482 urbis
3985 5428 4085 5482 Gi-

2506 5538 2665 5599 leatl,
2699 5537 2879 5604 ipsum
2932 5538 3193 5601 rogarunt
3239 5539 3297 5582 ut
3337 5542 3497 5581 manu
3548 5540 3647 5578 sua
3695 5524 3909 5574 ﬁrmata
3962 5535 4086 5573 cum

2506 5626 2838 5683 Atumonitis
2888 5632 3178 5695 pugnaret,
3242 5621 3486 5691 ipsisque
3540 5617 3793 5686 princeps
3858 5627 3923 5665 ac
3980 5621 4090 5661 oux

2509 5729 2675 5774 esset.
2713 5716 2928 5782 Quibus
2973 5728 3221 5768 annuens
3260 5707 3645 5789 ille,cullectis
3680 5706 3855 5773 copiis
3914 5698 4096 5768 profe—

2514 5824 2636 5868 etus
2666 5823 2745 5867 est
2775 5808 2841 5864 ad
2875 5808 3073 5865 bellum
3096 5821 3216 5862 cum
3252 5794 3575 5858 Anunouitis
3610 5797 3929 5867 gerendum,
3966 5800 4093 5847 voto
