4200 6432
264 341 371 403 937

1703 351 2067 412 ANNALES.

3392 367 3493 429 938

268 446 329 482 se
362 434 576 485 interim
616 435 721 487 Deo
751 435 1117 503 obstringens.
1143 452 1264 488 eum
1295 438 1395 505 ipsi
1427 442 1476 489 in
1513 440 1633 492 illos
1661 441 1832 491 victo-
1855 447 1903 503 Α
1934 447 2306 512 imposuerunt
2334 449 2598 505 Samson.
2643 451 2741 507 Hic
2770 456 2876 523 jam
2908 457 3165 525 grandior
3197 458 3392 524 factus,
3427 464 3492 515 ad

270 523 407 574 riam
456 524 775 579 concederet
823 525 1102 589 Dominus,
1146 530 1381 595 primum
1434 544 1493 581 se
1542 531 1631 596 qui
1668 529 1765 597 ipsi
1799 546 1827 582 e

266 615 435 666 domo
463 629 559 667 sua
588 626 902 669 occurreret
935 619 985 670 in
1031 618 1304 671 victimam
1361 618 1467 673 Deo
1494 620 1825 675 oblaturum.

273 704 570 759 Victoriam
615 716 797 760 autem
826 710 1099 763 concessit
1137 710 1240 777 ipsi
1292 709 1574 775 Dominus,
1606 713 1738 765 adeo
1770 721 1829 766 ttt

267 796 609 851 Amtnonitas
658 808 838 866 strage
891 815 1079 867 magna
1124 800 1378 866 alliceret,
1423 813 1476 854 et.
1520 804 1708 872 viginti
1760 805 1826 856 ab

267 886 404 953 ipsis
457 889 617 941 urbes
664 891 945 957 eriperet:
983 907 1091 957 qtto
1150 894 1333 944 audito
1384 911 1602 962 egressa
1653 896 1824 955 ipsius

268 974 379 1027 lilia
420 974 486 1025 ad
527 986 738 1043 portam
775 992 897 1028 cum
946 979 1201 1033 omnibus
1256 982 1407 1035 lusus
1452 982 1826 1063 instrumentis

266 1062 479 1135 [veluti]
518 1068 786 1135 tympanis
816 1074 871 1119 et
914 1070 1194 1136 cymbalis,
1239 1070 1289 1124 in
1342 1084 1630 1125 occursum
1662 1077 1829 1141 patris

265 1156 349 1207 sui
383 1159 548 1217 stetit,
581 1160 717 1210 adeo
753 1170 811 1211 ut
860 1162 1033 1227 primo
1064 1164 1164 1230 ipsi
1215 1163 1278 1215 ad
1322 1166 1516 1217 domus
1568 1182 1677 1218 sua:
1707 1180 1830 1234 por-

266 1254 377 1297 tem
408 1246 619 1297 obviam
666 1246 814 1300 fieret
850 1250 959 1303 filia
1000 1251 1190 1320 ipsius.
1244 1266 1441 1321 praeter
1473 1270 1636 1324 quam
1682 1257 1824 1309 nulla

267 1335 367 1401 ipsi
405 1340 584 1402 proles
631 1336 750 1393 fuit.
787 1338 909 1393 Visa
941 1357 1069 1409 ergo
1116 1342 1229 1404 illa,
1265 1356 1438 1397 vestes
1484 1362 1610 1398 suas
1639 1346 1825 1407 scidit,

266 1424 472 1491 ingenti
505 1425 729 1484 allectus
752 1431 961 1484 dolore.
996 1431 1087 1483 Illa
1126 1442 1304 1485 autem
1336 1451 1349 1487 :
1388 1434 1463 1489 Ne
1490 1437 1698 1493 doleas.
1743 1437 1826 1487 itt-

264 1516 401 1581 quit,
438 1532 471 1569 o
513 1529 687 1586 pater,
732 1523 826 1575 sed
860 1522 1004 1589 quod
1040 1525 1226 1578 vovisti
1264 1527 1465 1590 farias;
1504 1527 1713 1579 dimitte
1745 1546 1827 1583 me

263 1616 493 1671 tanlttm,
524 1619 602 1675 ut,
630 1615 969 1680 congregatis
990 1616 1178 1680 puellis
1198 1619 1329 1671 meis
1354 1620 1673 1687 virginibus,
1701 1637 1822 1674 cum

264 1694 397 1760 ipsis
435 1708 670 1751 montem
718 1706 1089 1757 conscendens
1144 1707 1405 1771 meipsatn
1460 1708 1707 1776 lugeam,
1769 1723 1824 1763 et

257 1786 597 1851 jnventutem
630 1806 803 1844 meam
853 1792 1099 1846 deﬂeam.
1132 1794 1189 1848 lit
1226 1807 1407 1849 monte
1433 1813 1560 1867 ergo
1590 1801 1825 1866 scipsam

260 1876 524 1945 plangi-ns
556 1880 692 1933 duos
729 1898 941 1936 menses
971 1887 1286 1952 permansit.
1318 1887 1570 1955 Jephtahi
1607 1891 1825 1943 interim

260 1969 419 2019 amici
451 1971 553 2037 ipsi
584 1974 872 2025 consilium
903 1972 1193 2042 dederunt,
1238 1988 1295 2030 ttt
1344 1977 1675 2034 Phineasutn
1709 1998 1831 2050 pro-

260 2057 498 2122 phetam,
543 2061 696 2129 132
727 2062 894 2116 tilium
930 2064 1198 2131 Eleazari,
1234 2068 1328 2121 filii
1360 2070 1620 2137 Abrouis,
1653 2074 1825 2140 ipsuzu

258 2151 614 2204 consulturus
670 2157 871 2215 adiret,
929 2159 1022 2225 qui
1085 2160 1185 2227 ipsi
1241 2160 1423 2215 forsan
1504 2178 1825 2233 responsum

260 2238 415 2290 daret
462 2256 569 2307 qtto
624 2244 947 2298 liberaretur
1007 2249 1177 2317 ipsius
1236 2253 1363 2304 lilia.
1423 2252 1587 2306 Mevit
1646 2266 1825 2307 autem

264 2330 440 2395 ipsum
490 2335 747 2400 tuajestas
790 2338 934 2404 regia
984 2354 1052 2393 ne
1087 2341 1234 2393 illum
1284 2343 1475 2407 adiret,
1510 2355 1563 2396 et
1596 2345 1827 2399 Phinea-

259 2434 379 2472 sum
427 2421 666 2490 dignitas
710 2430 1029 2496 prophetica
1080 2448 1146 2483 tte
1187 2434 1251 2484 ad
1307 2436 1479 2501 ipsum
1518 2440 1823 2492 aet-ederet.

259 2510 385 2563 Post
412 2514 552 2567 dues
592 2532 719 2585 ergo
755 2536 968 2574 nienses
997 2525 1341 2578 constituens
1371 2525 1598 2595 Jt-pltlalt
1624 2531 1824 2587 Jtttlteis

257 2610 450 2654 lt-stutn
488 2619 762 2673 maguum,
798 2612 984 2661 eodem
1018 2612 1103 2664 die
1131 2613 1293 2666 liliatn
1324 2632 1473 2667 suam
1506 2618 1821 2681 immolavit,

256 2699 569 2762 festumque
626 2700 759 2752 illttd
809 2702 1002 2754 festum
1034 2705 1282 2770 planctus
1337 2710 1639 2773 appellavit.
1681 2712 1813 2761 'l‘utn

254 2785 319 2835 ad
361 2783 594 2853 Jcphtab
629 2796 939 2858 congregati
979 2791 1327 2860 Epltraimitze
1378 2800 1428 2848 iu
1461 2800 1590 2850 urbe
1619 2799 1822 2862 Sckitn,

255 2878 516 2929 dixerunt
546 2880 621 2931 illi
657 2898 669 2933 :
710 2883 889 2944 Quare
921 2882 985 2935 ad
1019 2885 1213 2936 bellum
1245 2898 1432 2939 contra
1484 2891 1823 2943 Atutnonitas

254 2969 529 3034 p.ofectus
558 2987 616 3023 es
654 2972 809 3025 nobis
844 2975 1163 3028 inconsultis
1193 3014 1208 3040 ,
1240 2993 1336 3030 nec
1369 2996 1396 3030 e
1447 2981 1600 3033 nobis
1626 2998 1817 3051 quem-

253 3061 395 3124 piam
426 3069 600 3113 tecum
635 3065 1020 3131 assuntpsisti?
1054 3064 1164 3119 Nos
1194 3069 1358 3136 igitur
1395 3078 1445 3121 te
1492 3071 1818 3141 domumque

250 3162 399 3202 tuam
446 3150 567 3218 igne
621 3154 1020 3210 cumburenuts.
1061 3155 1237 3219 Quare
1287 3173 1460 3225 pugna
1532 3162 1676 3227 ipsos
1720 3178 1813 3230 ag-

248 3254 472 3305 gressus
499 3239 728 3308 Jepbtah
752 3252 804 3294 et
826 3244 1050 3297 victoria
1081 3248 1132 3298 in
1158 3248 1302 3313 ipsos
1330 3252 1559 3315 potitus,
1584 3248 1815 3319 quadra-

249 3331 393 3396 ginta
426 3330 537 3382 duo
566 3332 727 3383 millia
752 3333 992 3400 ipsorum
1023 3337 1316 3390 interfecit.
1342 3337 1572 3406 Jeplttalt
1607 3353 1810 3407 autem,

246 3438 371 3472 tum
430 3426 631 3489 popqu
665 3439 755 3475 sex
816 3438 989 3479 annos
1040 3426 1384 3495 imperasset,
1424 3444 1691 3495 mortuus,
1732 3453 1817 3489 se-

245 3512 431 3578 pultus
479 3524 564 3566 est
613 3515 665 3565 in
713 3514 924 3569 Gilead.
975 3516 1171 3572 Eodem
1221 3532 1465 3589 tempore
1506 3528 1707 3579 accidit
1758 3531 1809 3580 in

246 3605 465 3669 regione
518 3603 829 3658 Grtecorum
883 3605 1051 3662 fames
1102 3626 1315 3679 magna,
1350 3630 1412 3666 ex
1452 3631 1556 3683 qua
1611 3622 1809 3673 mortui

245 3703 373 3745 sunt
425 3694 670 3749 homines
703 3696 837 3749 adeo
870 3707 928 3750 ut
960 3702 1186 3756 mortuis
1234 3704 1586 3771 intplerentttr
1622 3711 1719 3763 viae
1754 3721 1808 3763 et

244 3788 456 3853 platetr,
484 3787 658 3854 iisque
680 3803 1028 3845 vescerentur
1051 3809 1234 3848 canes.
1261 3800 1327 3848 At
1349 3813 1469 3849 tum
1493 3800 1811 3869 frequenter

246 3879 345 3930 bac
374 3878 548 3937 fieret,
586 3881 745 3933 fossis
777 3883 1045 3949 sepulcris
1080 3898 1325 3941 mortuos
1377 3899 1534 3943 teme
1581 3898 1804 3949 manda-

241 3976 389 4030 runt,
423 3982 486 4019 ac
522 3978 631 4020 tum
666 3973 894 4037 primum
933 3978 1075 4027 t'osSa
1100 3986 1227 4029 sunt
1260 3983 1530 4048 sepulcra.

311 4055 520 4107 Not-nn
569 4056 854 4125 Jt-pbtabo,
904 4066 1105 4131 pepulo
1139 4077 1342 4135 septem
1385 4078 1542 4127 anuis
1586 4082 1803 4144 praefuit

240 4146 457 4213 Ephsau
498 4164 527 4201 e
565 4150 727 4203 tribu
781 4148 934 4205 Judze
990 4153 1377 4227 Bethlaeutita,
1435 4166 1521 4218 cui
1586 4170 1799 4239 triginta

234 4248 393 4291 erant
441 4241 557 4304 lilii,
613 4247 829 4312 triginta
866 4250 1009 4309 liba:,
1046 4262 1097 4303 et
1149 4267 1343 4307 uxores
1395 4256 1654 4325 triginta;
1688 4263 1803 4330 qui-

234 4346 361 4395 que,
384 4318 507 4385 eum
542 4347 787 4391 mortuus
816 4349 979 4401 esset,
1014 4343 1067 4394 in
1093 4342 1401 4399 Betltlebetu
1424 4352 1672 4420 sepultus
1696 4370 1796 4408 c5t.

236 4423 340 4488 Ipsi
374 4424 426 4475 in
457 4426 685 4492 imperio
709 4435 974 4484 successit
1000 4431 1166 4486 Eblan
1200 4417 1576 4504 Zabulmtites,
1608 4443 1795 4501 decem
1831 4417 1872 4471 υ

233 4516 395 4567 annis
429 4532 443 4565 :
483 4517 847 4591 133-135
895 4526 1134 4591 quicum
1179 4530 1425 4591 obiisset,
1459 4534 1511 4586 in
1549 4534 1792 4592 Zabulon

233 4608 481 4672 sepultus
506 4618 611 4662 est.
641 4610 765 4665 Post
790 4614 963 4682 ipsum
991 4619 1129 4670 rexit
1158 4624 1412 4688 populum
1432 4627 1623 4680 Abdon
1656 4632 1798 4685 lilius

234 4695 463 4757 llillegis,
482 4716 509 4750 e
530 4703 670 4753 tribu
696 4700 968 4772 Epitraim,
986 4720 1110 4762 octo
1135 4726 1306 4767 annos
1329 4731 1343 4778 ;
1364 4718 1447 4767 cui
1468 4715 1559 4770 lilii
1580 4719 1799 4778 fuerunt

229 4790 613 4855 quadraginta,
637 4802 855 4858 nepotes
882 4798 1124 4867 triginta,
1147 4804 1237 4870 qui
1261 4806 1416 4873 equis
1440 4812 1577 4863 vecti
1616 4814 1792 4881 ipsum

230 4883 637 4945 sequebantur;
670 4887 759 4950 qui
787 4896 839 4937 et
875 4897 1149 4953 mortuus,
1175 4897 1422 4963 sepultus
1463 4909 1547 4953 est
1597 4902 1649 4955 itt
1691 4902 1794 4957 Pa-

231 4976 447 5038 rathon,
480 4991 510 5028 e
549 4981 767 5045 regione
810 4980 1089 5052 Ephraiut,
1119 4988 1171 5041 in
1211 4995 1489 5050 montibus
1521 4999 1797 5055 Antaleki-

228 5072 422 5117 larunt.

298 5153 393 5206 lllo
423 5168 660 5225 mortuo,
696 5177 818 5216 cum
865 5170 930 5219 ad
976 5168 1339 5227 idololatriam
1382 5180 1583 5233 reversi
1610 5194 1792 5238 essent

226 5245 502 5310 lsraelttze,
540 5254 732 5318 populo
773 5260 1171 5322 praevaluerunt
1220 5267 1645 5336 alienigenarum
1687 5278 1789 5329 tri-

227 5338 347 5400 bus,
379 5356 503 5407 quae
532 5345 665 5410 ipsis
695 5350 1052 5419 quadraginta
1088 5359 1248 5412 annis
1279 5360 1636 5429 imperarunt.
1664 5366 1793 5422 Fuit

223 5446 401 5488 autem
431 5451 464 5490 e
490 5440 632 5493 tribu
667 5440 777 5497 Dan
811 5446 893 5499 vir
917 5451 1002 5502 cui
1046 5466 1240 5509 nomen
1275 5456 1526 5526 Mauoah,
1557 5478 1624 5516 ex
1657 5467 1792 5521 urbe

223 5526 453 5588 Suraah.
499 5532 657 5598 cujus
696 5550 835 5589 uxor
874 5541 1082 5597 sterilis
1121 5558 1261 5613 erat,
1313 5551 1379 5604 ad
1413 5568 1575 5621 quam
1624 5573 1784 5613 acce-

222 5618 352 5672 dens
385 5620 438 5672 in
493 5637 682 5678 somno
710 5632 954 5697 angelus,
994 5637 1287 5704 pari'uratu
1327 5644 1494 5711 ipsum
1532 5664 1786 5717 praenun-

222 5711 391 5766 tiavit.
444 5712 736 5773 Gravidata
786 5736 918 5793 ergo
975 5729 1138 5783 lilium
1195 5738 1542 5805 peperit,cui
1596 5760 1787 5801 nomen

488 5810 738 5874 Parnm.
797 5820 912 5879 Gtt.
955 5823 1097 5885 CXI.

1937 540 2122 590 urbem
2176 540 2546 599 Themnanam
2602 546 2900 615 profectus.
2934 552 3226 617 quamdam
3281 567 3346 605 ex
3395 554 3494 607 tri-

1937 630 2099 682 bumn
2149 633 2570 704 alienigenarum
2620 639 2835 693 filiabus
2863 644 3164 711 conspexit,
3190 658 3352 714 quam
3392 646 3495 699 sibi

1934 737 2155 776 uxorem
2183 724 2356 786 duxit.
2386 739 2438 781 et
2466 732 2606 798 apud
2630 733 2800 798 ipsam
2827 731 3008 801 aliquo
3033 737 3290 801 temporis
3319 737 3499 804 spatio

1936 816 2249 880 permansit.
2310 815 2509 872 Deinde
2534 821 2718 875 relicta
2757 838 2842 885 ea,
2869 823 2934 877 ad
2982 822 3265 880 Askclouis
3316 839 3495 897 partes

1932 903 2226 969 profectus,
2260 906 2330 959 ibi
2378 908 2721 965 latrocinium
2786 916 3032 970 exercuit
3081 934 3094 969 :
3149 924 3494 973 transeuntes

1932 1011 2060 1062 ergo
2088 998 2212 1051 ilhc
2241 998 2384 1053 viros
2414 1002 2654 1070 triginta,
2697 1020 2818 1059 cum
2858 1009 2907 1060 vi
2941 1023 3228 1077 aggressus
3252 1011 3493 1065 vestibus

1934 1088 2244 1152 spoliasset,
2278 1091 2343 1140 ad
2395 1094 2581 1147 uxoris
2626 1108 2739 1147 sua:
2781 1096 2997 1150 domum
3031 1099 3402 1153 Tltcmnanam
3437 1118 3496 1157 se

1936 1179 2183 1229 contulit.
2220 1178 2369 1231 llltttu
2412 1198 2542 1233 vero
2578 1186 2647 1237 ab
2677 1186 2789 1253 ipsa
2832 1188 3077 1242 cohibuit
3111 1201 3261 1258 pater
3297 1192 3490 1262 ipsius.

1936 1266 2163 1320 dierns:
2204 1270 2350 1323 Illam
2406 1276 2496 1326 alii
2552 1277 2602 1329 in
2646 1294 2867 1331 uxorem
2922 1281 3069 1345 dedi,
3104 1294 3188 1337 est
3232 1300 3362 1341 vero
3393 1288 3492 1356 ipsi

1936 1373 2088 1410 soror
2118 1370 2245 1414 natu
2268 1368 2467 1426 minor,
2498 1382 2688 1433 quam,
2735 1374 2777 1423 si
2814 1372 3051 1431 libuerit.
3094 1376 3187 1430 tibi
3219 1378 3381 1432 dabo.
3414 1380 3492 1433 Ira

1934 1448 2096 1518 igitur
2126 1468 2429 1509 commetus
2459 1457 2715 1525 Samson,
2738 1464 3009 1530 profectus
3039 1469 3227 1534 vulpes
3254 1478 3335 1524 ter
3371 1487 3498 1526 cet.-

1935 1549 2048 1590 tum
2102 1546 2265 1610 cepit,
2318 1563 2546 1613 qttarutn
2596 1554 2787 1605 caudis
2829 1570 2951 1606 cum
2995 1556 3140 1611 faces
3192 1560 3490 1630 alligasset,

1936 1633 2079 1699 ipsas
2108 1634 2164 1687 in
2199 1645 2435 1702 segetem
2473 1641 2631 1711 136
2664 1642 2889 1705 dimisit,
2926 1658 3086 1715 atque
3127 1652 3201 1703 ita
3242 1654 3363 1722 igne
3389 1656 3485 1709 ab-

1863 1771 1903 1821 “
1937 1734 2149 1791 sumpta
2202 1738 2285 1780 est
2325 1731 2504 1784 omnis
2555 1734 2797 1787 tribuum
2840 1738 3267 1808 alienigenarum
3336 1763 3490 1817 seges

1938 1819 2196 1883 usquead
2226 1818 2449 1875 arbores
2486 1823 2748 1890 ipsarum.
2794 1827 2895 1883 Ubi
2940 1832 3267 1889 inuotuisset
3308 1848 3486 1894 autem

1935 1906 2180 1961 tribubus
2214 1908 2332 1964 istis
2375 1913 2504 1979 quid
2539 1912 2759 1971 fecisset
2808 1918 3060 1989 Samson,
3095 1927 3352 1994 profectae
3384 1932 3490 1985 illa:

1933 1992 1998 2046 ad
2051 1998 2233 2051 uxoris
2290 2000 2461 2066 ipsius
2511 2002 2690 2070 aedes,
2732 2022 2823 2062 eas
2876 2027 3088 2081 unaque
3140 2017 3312 2085 ipsam
3366 2021 3491 2089 igne

1932 2088 2377 2144 (ιοιιιὺυεεθτιιηι.
2415 2094 2617 2151 Deinde
2646 2103 2961 2169 congregati
2993 2104 3218 2171 profecti
3270 2088 3407 2164 sunt,
3425 2116 3489 2166 ad

1933 2178 2128 2231 bellum
2165 2180 2288 2235 liliis
2321 2181 2471 2239 Iuda:
2515 2187 2878 2253 inferendum.
2912 2197 3003 2262 qui
3044 2198 3263 2265 abipsis
3290 2202 3489 2258 timue-

1932 2280 2077 2341 runt.
2112 2272 2375 2328 Samsone
2407 2288 2584 2332 autem
2617 2281 2671 2335 in
2707 2298 2838 2351 rupe
2864 2287 3032 2341 Eitant
3064 2292 3305 2355 sedente.
3339 2295 3489 2350 dixe-

1933 2370 2054 2410 runt
2083 2361 2249 2428 ipsis:
2289 2363 2343 2416 Si
2381 2368 2539 2422 nobis
2572 2369 2890 2429 Samsonem
2926 2382 3279 2446 tradider.tis,
3307 2402 3489 2442 rever—

1930 2458 2108 2504 temur
2154 2470 2328 2523 neque
2378 2474 2474 2513 vos
2529 2463 2668 2516 bello
2717 2467 3068 2526 lacessenms.
3117 2476 3483 2535 Accesserunt

1927 2558 2053 2607 ergo
2096 2546 2162 2597 ad
2218 2547 2536 2605 Samsonetn
2594 2571 2762 2624 usque
2796 2559 2988 2626 Eitatn,
3023 2581 3051 2619 e
3089 2565 3229 2622 Juda
3274 2572 3375 2626 viri
3409 2585 3491 2627 ter

1932 2635 2091 2694 Illiiit‘,
2126 2637 2324 2705 quibus
2370 2641 2508 2694 dixit
2550 2645 2677 2699 ille:
2712 2647 3014 2709 Promittite
3064 2660 3192 2711 mihi
3251 2678 3345 2716 vos
3399 2682 3483 2721 me

1930 2740 2033 2774 non
2084 2727 2501 2795 interfecturos,
2550 2751 2724 2804 neque
2773 2742 3198 2812 aiienigcnarum
3243 2754 3490 2809 tribubus

1929 2818 2247 2875 tradituros.
2283 2819 2435 2883 Quod
2490 2839 2613 2878 cum
2652 2834 3053 2898 promisissvnt,
3081 2839 3271 2895 fraude
3308 2854 3483 2901 tamen

1925 2919 2163 2974 captum,
2198 2914 2446 2969 tribubus
2486 2919 2909 2988 alienigenarum
2966 2930 3204 2983 vinetum
3245 2938 3485 2990 tradide-

1928 3010 2067 3052 runt.
2105 3002 2173 3054 At
2214 3004 2323 3069 ille,
2348 3009 2537 3064 solutis
2570 3013 2822 3077 vinculis,
2871 3021 3087 3073 maxilla
3135 3026 3273 3079 asini
3321 3044 3480 3097 quam

1848 3102 1887 3155 ο
1923 3094 2126 3146 invenit
2164 3101 2363 3151 mortui
2398 3114 2634 3169 arrepta,
2680 3110 2825 3159 viros
2879 3111 3000 3176 plus
3046 3129 3208 3181 quam
3249 3120 3391 3173 mille
3420 3136 3482 3174 ex

1924 3181 2349 3251 alienigenarum
2400 3190 2648 3247 tribubus
2699 3195 3004 3266 interfecit;
3044 3205 3237 3258 deinde
3293 3210 3484 3263 sitiens

1924 3272 2209 3327 Dominum
2263 3291 2516 3343 precatus
2547 3294 2650 3345 est,
2698 3289 2790 3353 qui
2829 3290 2931 3356 ipsi
2965 3308 3029 3345 ex
3072 3296 3209 3349 asini
3268 3302 3480 3355 maxilla

1919 3379 2110 3430 aquam
2144 3370 2409 3423 scaturire
2460 3372 2586 3427 fecit
2618 3394 2776 3443 quam
2814 3382 3047 3437 biberet.
3078 3386 3212 3439 Tutu
3255 3391 3481 3459 devictis

1917 3456 2344 3524 alti-ttigettarunt
2380 3464 2654 3531 tribubus,
2696 3474 2894 3539 populo
2933 3478 3119 3543 viginti
3176 3484 3332 3537 anuis
3380 3486 3480 3539 im-

1918 3552 2147 3612 peravit,
2200 3551 2397 3607 Deinde
2448 3562 2684 3614 mulieris
2731 3581 2759 3615 e
2798 3564 2953 3619 Cane
3002 3572 3233 3635 inenlis,
3291 3593 3476 3633 amore

1916 3650 2128 3707 captus,
2161 3643 2666 3714 Gazam-profectus
2709 3666 2813 3717 est,
2840 3660 2999 3723 cujus
3034 3664 3224 3717 incolae.
3252 3670 3318 3718 ab
3355 3668 3475 3737 ipso

1917 3732 2235 3788 timuerunt.
2270 3737 2359 3790 Ille
2382 3755 2509 3793 vero
2540 3745 2716 3798 media
2751 3762 2906 3803 nocte
2938 3760 3145 3819 portaat
3182 3758 3322 3811 arcis
3355 3762 3475 3828 ejus

1915 3824 2120 3883 adiens.
2155 3826 2325 3894 ipsam
2362 3831 2478 3884 loco
2512 3836 2775 3891 revulsam
2805 3840 3048 3897 humeris
3079 3848 3190 3901 suis
3222 3855 3473 3917 gestavit,

1911 3914 2081 3965 donec
2135 3932 2251 3969 eam
2317 3919 2368 3970 itt
2417 3922 2634 3990 fastigio
2693 3929 2894 3982 montis
2951 3945 3115 3999 prope
3168 3914 3471 3992 llebrouem

1911 4002 2270 4075 relinqueret,
2312 4021 2367 4061 et
2410 4014 2689 4067 mulierem
2748 4019 2997 4075 abduxit.
3051 4024 3252 4080 Deinde
3304 4030 3465 4083 aliam

1913 4094 2263 4168 137-139
2298 4118 2458 4168 quam
2506 4106 2736 4175 deperiit
2795 4113 3110 4178 mulierem,
3160 4132 3225 4172 ex
3280 4120 3476 4177 incolis

1908 4188 2204 4256 Secltairze,
2270 4194 2458 4260 duxit,
2509 4201 2728 4256 nomine
2782 4202 3038 4271 Dalilam;
3091 4211 3178 4263 cui
3218 4213 3473 4268 dixerunt

1906 4279 2142 4333 tribttutu
2171 4284 2596 4352 alienigenarum
2644 4293 2920 4362 principes
2955 4314 2969 4349 :
3008 4297 3205 4368 Decipe
3264 4302 3465 4371 ipsum,

1906 4379 1964 4420 ut
1995 4370 2091 4421 tibi
2131 4370 2327 4425 indicet
2361 4390 2464 4443 qua
2500 4390 2649 4445 parte
2681 4386 2930 4450 corporis
2966 4388 3128 4439 situm
3188 4390 3260 4443 sit
3291 4370 3462 4459 ipsius

1902 4463 2085 4515 robur.

1971 4552 2060 4607 Illa
2096 4571 2225 4623 ergo
2255 4556 2541 4612 SamsOni:
2575 4562 2668 4613 Die
2702 4564 2855 4625 mihi,
2884 4567 3079 4634 inquit,
3103 4570 3147 4621 si
3178 4587 3261 4623 me
3292 4586 3463 4639 ames,

1902 4658 2007 4711 qua
2066 4656 2218 4713 parte
2261 4652 2506 4715 corporis
2548 4655 2625 4705 tui
2670 4658 2786 4708 sita:
2835 4660 2946 4710 sint
2998 4662 3140 4714 vires
3179 4670 3307 4715 tute.
3360 4664 3461 4719 Cui

1902 4734 1990 4788 ille
2024 4753 2037 4786 :
2072 4736 2125 4787 Si
2157 4753 2242 4790 me
2277 4738 2493 4808 (inquit)
2523 4751 2728 4809 septem
2763 4749 2949 4801 nervis
2979 4754 3312 4813 recentibus.
3341 4772 3458 4824 quae

1901 4824 2127 4877 necdum
2156 4828 2419 4892 aruerint,
2456 4832 2759 4897 ligaverint,
2789 4836 3033 4891 inlirnms
3058 4841 3270 4897 reddar.
3308 4851 3462 4899 Attu-

1901 4914 2079 4968 lerunt
2114 4932 2244 4987 ergo
2294 4932 2495 4988 septem
2548 4938 2745 4978 nervos
2780 4943 3043 4993 recentes,
3096 4934 3294 5000 quibus
3333 4950 3457 4989 eum

1900 5006 2012 5074 ipsa
2052 5007 2203 5061 illum
2239 5010 2479 5078 ligasset,
2514 5014 2603 5067 ille
2633 5015 2701 5070 iis
2733 5019 3057 5073 incumbens
3103 5025 3309 5093 dirupit
3339 5042 3455 5082 eos.

1897 5096 2031 5150 Tum
2062 5099 2148 5151 illa
2181 5117 2195 5152 :
2228 5099 2345 5156 Non
2376 5119 2456 5157 me
2492 5120 2667 5170 antas,
2705 5110 2911 5178 inquit;
2942 5112 2987 5164 si
3017 5115 3160 5168 enim
3192 5131 3275 5171 me
3306 5133 3459 5171 ama-

1898 5206 2003 5254 res,
2037 5191 2271 5248 dixisses
2314 5197 2441 5249 mihi
2496 5213 2601 5266 qua
2651 5204 2897 5270 corporis
2927 5214 3079 5272 parte
3113 5206 3278 5260 situm
3310 5220 3457 5263 esset

1896 5284 2062 5336 robur
2090 5294 2263 5341 tuum.
2300 5285 2440 5340 Disit
2470 5304 2599 5360 ergo
2629 5292 2704 5345 illi
2736 5309 2750 5345 :
2785 5292 2840 5345 Si
2880 5308 2966 5349 me
2997 5306 3204 5366 septem
3233 5299 3453 5354 funibus

1892 5376 2252 5433 cannabaceis
2300 5380 2459 5435 novis
2510 5382 2817 5453 ligaverint,
2873 5386 3123 5445 inlirnuts
3154 5406 3270 5445 ero.
3298 5395 3449 5457 Quod

1891 5488 2012 5524 cum
2048 5473 2137 5526 illa
2170 5474 2275 5541 ipsi
2304 5473 2548 5540 fecisset,
2588 5479 2704 5548 ipse
2736 5478 2892 5534 funes
2926 5482 3099 5536 instar
3121 5484 3193 5536 lili
3220 5485 3448 5557 dirupit.

1893 5564 2035 5619 Dixit
2063 5581 2194 5637 ergo
2228 5570 2315 5623 illa
2348 5588 2359 5623 :
2390 5568 2506 5624 Non
2558 5586 2643 5627 me
2678 5586 2853 5640 amas,
2903 5584 3052 5630 certe
3085 5579 3229 5632 enim
3267 5579 3313 5633 si
3359 5595 3444 5633 me

1890 5672 2153 5721 amasses,
2188 5661 2486 5717 iudicasses
2520 5678 2624 5730 qua
2660 5663 2713 5718 in
2742 5675 2893 5734 parte
2916 5670 3162 5738 corporis
3199 5670 3273 5723 tui
3303 5681 3448 5725 esset

1897 5748 2062 5805 robur
2094 5761 2266 5808 tuum.
2301 5753 2432 5809 Tum
2467 5755 2554 5810 ille
2586 5770 2601 5811 :
2633 5755 2690 5813 Si
2725 5770 2954 5827 septem,
2983 5762 3180 5830 inquit,
3224 5764 3448 5834 capilla-

3085 5853 3161 5915 30
