  <div class='ocr_page' id='page_1' title='image "/cluster/home/n/w/nwhite01/storage/ocr_20150623/111/nnc1.0046979743/475.png"; bbox 0 0 4200 6432; ppageno 0'>
   <div class='ocr_carea' id='block_1_1' title="bbox 743 404 844 461">
    <p class='ocr_par' dir='ltr' id='par_1_1' title="bbox 743 404 844 461">
     <span class='ocr_line' id='line_1_1' title="bbox 743 404 844 461; baseline 0.01 -1"><span class='ocrx_word' id='word_1_1' title='bbox 743 404 844 461; x_wconf 74' lang='grc'><strong>939</strong></span> 
     </span>
    </p>
   </div>
   <div class='ocr_carea' id='block_1_2' title="bbox 1733 405 2937 465">
    <p class='ocr_par' dir='ltr' id='par_1_2' title="bbox 1733 405 2937 465">
     <span class='ocr_line' id='line_1_2' title="bbox 1733 405 2937 465; baseline 0.002 -3"><span class='ocrx_word' id='word_1_2' title='bbox 1733 405 2098 464; x_wconf 80' lang='lat' dir='ltr'><strong>EUTYCHII</strong></span> <span class='ocrx_word' id='word_1_3' title='bbox 2147 408 2187 462; x_wconf 81' lang='grc' dir='ltr'><strong>Λ</strong></span> <span class='ocrx_word' id='word_1_4' title='bbox 2203 405 2679 465; x_wconf 78' lang='lat' dir='ltr'><strong>LEXANDRINI</strong></span> <span class='ocrx_word' id='word_1_5' title='bbox 2718 407 2937 465; x_wconf 78' lang='grc' dir='ltr'><strong>ΡΑΤιι.</strong></span> 
     </span>
    </p>
   </div>
   <div class='ocr_carea' id='block_1_3' title="bbox 3851 414 3958 474">
    <p class='ocr_par' dir='ltr' id='par_1_3' title="bbox 3851 414 3958 474">
     <span class='ocr_line' id='line_1_3' title="bbox 3851 414 3958 474; baseline 0.019 -2"><span class='ocrx_word' id='word_1_6' title='bbox 3851 414 3958 474; x_wconf 79' lang='grc' dir='ltr'><strong>9ἱο</strong></span> 
     </span>
    </p>
   </div>
   <div class='ocr_carea' id='block_1_4' title="bbox 745 515 3956 586">
    <p class='ocr_par' dir='ltr' id='par_1_4' title="bbox 745 515 3956 586">
     <span class='ocr_line' id='line_1_4' title="bbox 745 515 3956 586; baseline 0.001 -20"><span class='ocrx_word' id='word_1_7' title='bbox 745 515 911 568; x_wconf 90' lang='lat' dir='ltr'><strong>menti</strong></span> <span class='ocrx_word' id='word_1_8' title='bbox 983 530 1083 566; x_wconf 86' lang='lat' dir='ltr'><strong>met</strong></span> <span class='ocrx_word' id='word_1_9' title='bbox 1146 515 1427 568; x_wconf 88' lang='lat' dir='ltr'><strong>cincmnos</strong></span> <span class='ocrx_word' id='word_1_10' title='bbox 1490 516 1772 582; x_wconf 68' lang='lat' dir='ltr'><strong>Spithamm</strong></span> <span class='ocrx_word' id='word_1_11' title='bbox 1809 517 2140 583; x_wconf 70' lang='lat' dir='ltr'><strong>longitudine</strong></span> <span class='ocrx_word' id='word_1_12' title='bbox 2179 517 2301 568; x_wconf 80' lang='lat' dir='ltr'><strong>licio</strong></span> <span class='ocrx_word' id='word_1_13' title='bbox 2328 543 2373 586; x_wconf 63' lang='grc' dir='ltr'><em>Α</em></span> <span class='ocrx_word' id='word_1_14' title='bbox 2406 525 2548 576; x_wconf 91' lang='lat' dir='ltr'><strong>runt,</strong></span> <span class='ocrx_word' id='word_1_15' title='bbox 2583 516 3154 582; x_wconf 80' lang='lat' dir='ltr'><strong>quaincmnitatisunt</strong></span> <span class='ocrx_word' id='word_1_16' title='bbox 3181 516 3255 569; x_wconf 82' lang='lat' dir='ltr'><strong>Eli</strong></span> <span class='ocrx_word' id='word_1_17' title='bbox 3281 519 3584 571; x_wconf 86' lang='lat' dir='ltr'><strong>sacerdotis</strong></span> <span class='ocrx_word' id='word_1_18' title='bbox 3609 518 3722 578; x_wconf 85' lang='lat' dir='ltr'><strong>filii,</strong></span> <span class='ocrx_word' id='word_1_19' title='bbox 3748 515 3956 584; x_wconf 79' lang='lat' dir='ltr'><strong>fiuplui</strong></span> 
     </span>
    </p>
   </div>
   <div class='ocr_carea' id='block_1_5' title="bbox 743 602 2296 672">
    <p class='ocr_par' dir='ltr' id='par_1_5' title="bbox 743 602 2296 672">
     <span class='ocr_line' id='line_1_5' title="bbox 743 602 2296 672; baseline -0.001 -15"><span class='ocrx_word' id='word_1_20' title='bbox 743 605 1003 666; x_wconf 83' lang='lat' dir='ltr'><strong>texueris,</strong></span> <span class='ocrx_word' id='word_1_21' title='bbox 1045 604 1292 657; x_wconf 84' lang='lat' dir='ltr'><strong>infirmus</strong></span> <span class='ocrx_word' id='word_1_22' title='bbox 1318 603 1464 656; x_wconf 83' lang='lat' dir='ltr'><strong>fiam.</strong></span> <span class='ocrx_word' id='word_1_23' title='bbox 1490 602 1642 668; x_wconf 83' lang='lat' dir='ltr'><strong>Quod</strong></span> <span class='ocrx_word' id='word_1_24' title='bbox 1678 615 1855 657; x_wconf 91' lang='lat' dir='ltr'><strong>tamen</strong></span> <span class='ocrx_word' id='word_1_25' title='bbox 1897 621 2019 657; x_wconf 92' lang='lat' dir='ltr'><strong>cum</strong></span> <span class='ocrx_word' id='word_1_26' title='bbox 2072 607 2186 672; x_wconf 80' lang='lat' dir='ltr'><strong>ipsa</strong></span> <span class='ocrx_word' id='word_1_27' title='bbox 2222 605 2296 656; x_wconf 87' lang='lat' dir='ltr'>illi</span> 
     </span>
    </p>
   </div>
   <div class='ocr_carea' id='block_1_6' title="bbox 743 693 2294 764">
    <p class='ocr_par' dir='ltr' id='par_1_6' title="bbox 743 693 2294 764">
     <span class='ocr_line' id='line_1_6' title="bbox 743 693 2294 764; baseline -0.001 -17"><span class='ocrx_word' id='word_1_28' title='bbox 743 696 985 758; x_wconf 85' lang='lat' dir='ltr'><strong>fecisset,</strong></span> <span class='ocrx_word' id='word_1_29' title='bbox 1023 693 1225 764; x_wconf 78' lang='lat' dir='ltr'><strong>[facile]</strong></span> <span class='ocrx_word' id='word_1_30' title='bbox 1264 695 1524 750; x_wconf 75' lang='lat' dir='ltr'><strong>excussit.</strong></span> <span class='ocrx_word' id='word_1_31' title='bbox 1557 698 1734 759; x_wconf 70' lang='lat' dir='ltr'><strong>Quare</strong></span> <span class='ocrx_word' id='word_1_32' title='bbox 1779 696 1866 746; x_wconf 88' lang='lat' dir='ltr'><strong>illa</strong></span> <span class='ocrx_word' id='word_1_33' title='bbox 1901 715 1912 747; x_wconf 93' lang='lat'><strong>:</strong></span> <span class='ocrx_word' id='word_1_34' title='bbox 1947 696 2294 763; x_wconf 81' lang='lat' dir='ltr'><strong>Nequaquam</strong></span> 
     </span>
    </p>
   </div>
   <div class='ocr_carea' id='block_1_7' title="bbox 743 785 2297 853">
    <p class='ocr_par' dir='ltr' id='par_1_7' title="bbox 743 785 2297 853">
     <span class='ocr_line' id='line_1_7' title="bbox 743 785 2297 853; baseline 0 -16"><span class='ocrx_word' id='word_1_35' title='bbox 743 785 962 853; x_wconf 84' lang='lat' dir='ltr'><strong>(inquit)</strong></span> <span class='ocrx_word' id='word_1_36' title='bbox 998 800 1081 838; x_wconf 90' lang='lat' dir='ltr'><strong>me</strong></span> <span class='ocrx_word' id='word_1_37' title='bbox 1113 801 1287 849; x_wconf 90' lang='lat' dir='ltr'><strong>amas,</strong></span> <span class='ocrx_word' id='word_1_38' title='bbox 1315 785 1360 837; x_wconf 92' lang='lat' dir='ltr'>si</span> <span class='ocrx_word' id='word_1_39' title='bbox 1390 786 1532 838; x_wconf 92' lang='lat' dir='ltr'><strong>enim</strong></span> <span class='ocrx_word' id='word_1_40' title='bbox 1569 803 1831 850; x_wconf 76' lang='lat' dir='ltr'><strong>:unassrs,</strong></span> <span class='ocrx_word' id='word_1_41' title='bbox 1875 798 2022 840; x_wconf 91' lang='lat' dir='ltr'><strong>certe</strong></span> <span class='ocrx_word' id='word_1_42' title='bbox 2055 786 2184 838; x_wconf 88' lang='lat' dir='ltr'><strong>mihi</strong></span> <span class='ocrx_word' id='word_1_43' title='bbox 2219 786 2297 837; x_wconf 85' lang='lat' dir='ltr'><strong>in-</strong></span> 
     </span>
    </p>
   </div>
   <div class='ocr_carea' id='block_1_8' title="bbox 739 875 2292 943">
    <p class='ocr_par' dir='ltr' id='par_1_8' title="bbox 739 875 2292 943">
     <span class='ocr_line' id='line_1_8' title="bbox 739 875 2292 943; baseline -0.001 -17"><span class='ocrx_word' id='word_1_44' title='bbox 739 875 977 926; x_wconf 87' lang='lat' dir='ltr'><strong>dicasses</strong></span> <span class='ocrx_word' id='word_1_45' title='bbox 1008 889 1114 942; x_wconf 89' lang='lat' dir='ltr'><strong>qua</strong></span> <span class='ocrx_word' id='word_1_46' title='bbox 1166 876 1218 927; x_wconf 92' lang='lat' dir='ltr'><strong>in</strong></span> <span class='ocrx_word' id='word_1_47' title='bbox 1272 884 1421 943; x_wconf 90' lang='lat' dir='ltr'><strong>parte</strong></span> <span class='ocrx_word' id='word_1_48' title='bbox 1465 875 1709 940; x_wconf 72' lang='lat' dir='ltr'><strong>corpoiis</strong></span> <span class='ocrx_word' id='word_1_49' title='bbox 1743 876 2009 927; x_wconf 90' lang='lat' dir='ltr'><strong>fortitudo</strong></span> <span class='ocrx_word' id='word_1_50' title='bbox 2039 885 2126 926; x_wconf 91' lang='lat' dir='ltr'><strong>tua</strong></span> <span class='ocrx_word' id='word_1_51' title='bbox 2161 890 2292 925; x_wconf 89' lang='lat' dir='ltr'><strong>con—</strong></span> 
     </span>
    </p>
   </div>
   <div class='ocr_carea' id='block_1_9' title="bbox 739 961 2293 1028">
    <p class='ocr_par' dir='ltr' id='par_1_9' title="bbox 739 961 2293 1028">
     <span class='ocr_line' id='line_1_9' title="bbox 739 961 2293 1028; baseline -0.002 -14"><span class='ocrx_word' id='word_1_52' title='bbox 739 962 976 1016; x_wconf 88' lang='lat' dir='ltr'><strong>sisteret.</strong></span> <span class='ocrx_word' id='word_1_53' title='bbox 1005 961 1140 1016; x_wconf 85' lang='lat' dir='ltr'><strong>Tum</strong></span> <span class='ocrx_word' id='word_1_54' title='bbox 1171 964 1255 1015; x_wconf 93' lang='lat' dir='ltr'><strong>ille</strong></span> <span class='ocrx_word' id='word_1_55' title='bbox 1293 963 1452 1016; x_wconf 63' lang='lat' dir='ltr'><strong>tardio</strong></span> <span class='ocrx_word' id='word_1_56' title='bbox 1499 965 1725 1016; x_wconf 82' lang='lat' dir='ltr'><strong>adactus</strong></span> <span class='ocrx_word' id='word_1_57' title='bbox 1753 982 1765 1015; x_wconf 75' lang='grc' dir='ltr'>ε</span> <span class='ocrx_word' id='word_1_58' title='bbox 1797 965 1947 1024; x_wconf 82' lang='lat' dir='ltr'><strong>Mihi,</strong></span> <span class='ocrx_word' id='word_1_59' title='bbox 1991 961 2188 1028; x_wconf 84' lang='lat' dir='ltr'><strong>inquit,</strong></span> <span class='ocrx_word' id='word_1_60' title='bbox 2227 963 2293 1013; x_wconf 91' lang='lat' dir='ltr'><strong>ah</strong></span> 
     </span>
    </p>
   </div>
   <div class='ocr_carea' id='block_1_10' title="bbox 742 1055 2293 1122">
    <p class='ocr_par' dir='ltr' id='par_1_10' title="bbox 742 1055 2293 1122">
     <span class='ocr_line' id='line_1_10' title="bbox 742 1055 2293 1122; baseline -0.001 -17"><span class='ocrx_word' id='word_1_61' title='bbox 742 1061 898 1105; x_wconf 82' lang='lat' dir='ltr'><strong>utero</strong></span> <span class='ocrx_word' id='word_1_62' title='bbox 919 1055 1104 1106; x_wconf 84' lang='lat' dir='ltr'><strong>matris</strong></span> <span class='ocrx_word' id='word_1_63' title='bbox 1127 1055 1504 1107; x_wconf 88' lang='lat' dir='ltr'><strong>annuntiatum</strong></span> <span class='ocrx_word' id='word_1_64' title='bbox 1527 1061 1608 1108; x_wconf 92' lang='lat' dir='ltr'><strong>est</strong></span> <span class='ocrx_word' id='word_1_65' title='bbox 1638 1069 1702 1106; x_wconf 92' lang='lat' dir='ltr'><strong>ne</strong></span> <span class='ocrx_word' id='word_1_66' title='bbox 1721 1062 2037 1122; x_wconf 89' lang='lat' dir='ltr'><strong>potestatem</strong></span> <span class='ocrx_word' id='word_1_67' title='bbox 2061 1056 2112 1104; x_wconf 92' lang='lat' dir='ltr'><strong>in</strong></span> <span class='ocrx_word' id='word_1_68' title='bbox 2134 1060 2293 1118; x_wconf 86' lang='lat' dir='ltr'><strong>caput</strong></span> 
     </span>
    </p>
   </div>
   <div class='ocr_carea' id='block_1_11' title="bbox 742 1143 2289 1212">
    <p class='ocr_par' dir='ltr' id='par_1_11' title="bbox 742 1143 2289 1212">
     <span class='ocr_line' id='line_1_11' title="bbox 742 1143 2289 1212; baseline 0 -16"><span class='ocrx_word' id='word_1_69' title='bbox 742 1161 915 1197; x_wconf 88' lang='lat' dir='ltr'><strong>meum</strong></span> <span class='ocrx_word' id='word_1_70' title='bbox 948 1145 1166 1198; x_wconf 80' lang='lat' dir='ltr'><strong>haberet</strong></span> <span class='ocrx_word' id='word_1_71' title='bbox 1195 1143 1432 1210; x_wconf 90' lang='lat' dir='ltr'><strong>ferrum;</strong></span> <span class='ocrx_word' id='word_1_72' title='bbox 1463 1145 1506 1198; x_wconf 88' lang='lat' dir='ltr'><strong>si</strong></span> <span class='ocrx_word' id='word_1_73' title='bbox 1550 1159 1674 1211; x_wconf 85' lang='lat' dir='ltr'><strong>ergo</strong></span> <span class='ocrx_word' id='word_1_74' title='bbox 1703 1145 1921 1196; x_wconf 82' lang='lat' dir='ltr'><strong>radatur</strong></span> <span class='ocrx_word' id='word_1_75' title='bbox 1949 1143 2077 1195; x_wconf 90' lang='lat' dir='ltr'><strong>mihi</strong></span> <span class='ocrx_word' id='word_1_76' title='bbox 2110 1155 2289 1212; x_wconf 91' lang='lat' dir='ltr'><strong>caput,</strong></span> 
     </span>
    </p>
   </div>
   <div class='ocr_carea' id='block_1_12' title="bbox 737 1235 2294 1307">
    <p class='ocr_par' dir='ltr' id='par_1_12' title="bbox 737 1235 2294 1307">
     <span class='ocr_line' id='line_1_12' title="bbox 737 1235 2294 1307; baseline 0.002 -21"><span class='ocrx_word' id='word_1_77' title='bbox 737 1237 1158 1289; x_wconf 90' lang='lat' dir='ltr'><strong>infirmabuntur</strong></span> <span class='ocrx_word' id='word_1_78' title='bbox 1189 1235 1333 1290; x_wconf 84' lang='lat' dir='ltr'><strong>vires</strong></span> <span class='ocrx_word' id='word_1_79' title='bbox 1368 1235 1524 1307; x_wconf 71' lang='grc' dir='ltr'><strong>ιω</strong></span> <span class='ocrx_word' id='word_1_80' title='bbox 1558 1251 1688 1289; x_wconf 75' lang='lat' dir='ltr'><strong>mea:</strong></span> <span class='ocrx_word' id='word_1_81' title='bbox 1727 1253 1741 1292; x_wconf 90' lang='lat'>:</span> <span class='ocrx_word' id='word_1_82' title='bbox 1774 1237 1969 1289; x_wconf 88' lang='lat' dir='ltr'><strong>deinde</strong></span> <span class='ocrx_word' id='word_1_83' title='bbox 2003 1237 2054 1288; x_wconf 92' lang='lat' dir='ltr'><strong>in</strong></span> <span class='ocrx_word' id='word_1_84' title='bbox 2085 1236 2294 1305; x_wconf 90' lang='lat' dir='ltr'><strong>gremio</strong></span> 
     </span>
    </p>
   </div>
   <div class='ocr_carea' id='block_1_13' title="bbox 732 1325 2291 1394">
    <p class='ocr_par' dir='ltr' id='par_1_13' title="bbox 732 1325 2291 1394">
     <span class='ocr_line' id='line_1_13' title="bbox 732 1325 2291 1394; baseline 0 -17"><span class='ocrx_word' id='word_1_85' title='bbox 732 1328 850 1392; x_wconf 87' lang='lat' dir='ltr'><strong>ejus</strong></span> <span class='ocrx_word' id='word_1_86' title='bbox 882 1325 1228 1380; x_wconf 84' lang='lat' dir='ltr'><strong>obdormivit.</strong></span> <span class='ocrx_word' id='word_1_87' title='bbox 1266 1327 1356 1379; x_wconf 90' lang='lat' dir='ltr'><strong>Illa</strong></span> <span class='ocrx_word' id='word_1_88' title='bbox 1385 1342 1512 1379; x_wconf 90' lang='lat' dir='ltr'><strong>vero</strong></span> <span class='ocrx_word' id='word_1_89' title='bbox 1540 1327 1594 1380; x_wconf 90' lang='lat' dir='ltr'><strong>in</strong></span> <span class='ocrx_word' id='word_1_90' title='bbox 1623 1327 1829 1394; x_wconf 86' lang='lat' dir='ltr'><strong>gremio</strong></span> <span class='ocrx_word' id='word_1_91' title='bbox 1860 1341 1959 1381; x_wconf 81' lang='lat' dir='ltr'><strong>suo</strong></span> <span class='ocrx_word' id='word_1_92' title='bbox 1980 1328 2291 1388; x_wconf 85' lang='lat' dir='ltr'><strong>dormienti,</strong></span> 
     </span>
    </p>
   </div>
   <div class='ocr_carea' id='block_1_14' title="bbox 733 1417 2291 1485">
    <p class='ocr_par' dir='ltr' id='par_1_14' title="bbox 733 1417 2291 1485">
     <span class='ocr_line' id='line_1_14' title="bbox 733 1417 2291 1485; baseline 0 -16"><span class='ocrx_word' id='word_1_93' title='bbox 733 1427 936 1485; x_wconf 89' lang='lat' dir='ltr'><strong>septem</strong></span> <span class='ocrx_word' id='word_1_94' title='bbox 969 1419 1198 1470; x_wconf 90' lang='lat' dir='ltr'><strong>crinium</strong></span> <span class='ocrx_word' id='word_1_95' title='bbox 1223 1418 1508 1470; x_wconf 89' lang='lat' dir='ltr'><strong>cincinnos</strong></span> <span class='ocrx_word' id='word_1_96' title='bbox 1531 1419 1683 1470; x_wconf 88' lang='lat' dir='ltr'><strong>rasit.</strong></span> <span class='ocrx_word' id='word_1_97' title='bbox 1715 1417 1847 1469; x_wconf 82' lang='lat' dir='ltr'><strong>Cum</strong></span> <span class='ocrx_word' id='word_1_98' title='bbox 1880 1432 2009 1484; x_wconf 86' lang='lat' dir='ltr'><strong>ergo</strong></span> <span class='ocrx_word' id='word_1_99' title='bbox 2038 1433 2067 1470; x_wconf 92' lang='lat' dir='ltr'><strong>e</strong></span> <span class='ocrx_word' id='word_1_100' title='bbox 2100 1433 2291 1470; x_wconf 82' lang='lat' dir='ltr'><strong>somno</strong></span> 
     </span>
    </p>
   </div>
   <div class='ocr_carea' id='block_1_15' title="bbox 732 1507 2288 1575">
    <p class='ocr_par' dir='ltr' id='par_1_15' title="bbox 732 1507 2288 1575">
     <span class='ocr_line' id='line_1_15' title="bbox 732 1507 2288 1575; baseline -0.001 -16"><span class='ocrx_word' id='word_1_101' title='bbox 732 1519 1080 1575; x_wconf 80' lang='lat' dir='ltr'><strong>experrecms</strong></span> <span class='ocrx_word' id='word_1_102' title='bbox 1116 1519 1299 1570; x_wconf 85' lang='lat' dir='ltr'><strong>esset,</strong></span> <span class='ocrx_word' id='word_1_103' title='bbox 1335 1507 1541 1561; x_wconf 90' lang='lat' dir='ltr'><strong>viribus</strong></span> <span class='ocrx_word' id='word_1_104' title='bbox 1586 1507 1873 1560; x_wconf 84' lang='lat' dir='ltr'><strong>imbecillis</strong></span> <span class='ocrx_word' id='word_1_105' title='bbox 1909 1509 2029 1560; x_wconf 91' lang='lat' dir='ltr'><strong>fuit.</strong></span> <span class='ocrx_word' id='word_1_106' title='bbox 2063 1509 2154 1560; x_wconf 81' lang='lat' dir='ltr'><strong>illa</strong></span> <span class='ocrx_word' id='word_1_107' title='bbox 2191 1524 2288 1560; x_wconf 80' lang='lat' dir='ltr'><strong>au-</strong></span> 
     </span>
    </p>
   </div>
   <div class='ocr_carea' id='block_1_16' title="bbox 733 1597 2290 1667">
    <p class='ocr_par' dir='ltr' id='par_1_16' title="bbox 733 1597 2290 1667">
     <span class='ocr_line' id='line_1_16' title="bbox 733 1597 2290 1667; baseline 0.001 -18"><span class='ocrx_word' id='word_1_108' title='bbox 733 1610 836 1651; x_wconf 89' lang='lat' dir='ltr'><strong>tem</strong></span> <span class='ocrx_word' id='word_1_109' title='bbox 872 1597 936 1650; x_wconf 90' lang='lat' dir='ltr'><strong>ad</strong></span> <span class='ocrx_word' id='word_1_110' title='bbox 967 1597 1202 1650; x_wconf 90' lang='lat' dir='ltr'><strong>tribuum</strong></span> <span class='ocrx_word' id='word_1_111' title='bbox 1239 1599 1512 1666; x_wconf 83' lang='lat' dir='ltr'><strong>principes</strong></span> <span class='ocrx_word' id='word_1_112' title='bbox 1539 1598 1702 1662; x_wconf 89' lang='lat' dir='ltr'><strong>misit,</strong></span> <span class='ocrx_word' id='word_1_113' title='bbox 1733 1600 1821 1666; x_wconf 86' lang='lat' dir='ltr'><strong>qui</strong></span> <span class='ocrx_word' id='word_1_114' title='bbox 1849 1597 2097 1653; x_wconf 77' lang='lat' dir='ltr'><strong>Samsoni</strong></span> <span class='ocrx_word' id='word_1_115' title='bbox 2135 1611 2290 1667; x_wconf 90' lang='lat' dir='ltr'><strong>capto</strong></span> 
     </span>
    </p>
   </div>
   <div class='ocr_carea' id='block_1_17' title="bbox 731 1690 2284 1759">
    <p class='ocr_par' dir='ltr' id='par_1_17' title="bbox 731 1690 2284 1759">
     <span class='ocr_line' id='line_1_17' title="bbox 731 1690 2284 1759; baseline 0 -19"><span class='ocrx_word' id='word_1_116' title='bbox 731 1690 918 1742; x_wconf 85' lang='lat' dir='ltr'><strong>oculos</strong></span> <span class='ocrx_word' id='word_1_117' title='bbox 975 1700 1255 1753; x_wconf 77' lang='lat' dir='ltr'><strong>eriterunt,</strong></span> <span class='ocrx_word' id='word_1_118' title='bbox 1293 1691 1580 1759; x_wconf 87' lang='lat' dir='ltr'><strong>ipsumque</strong></span> <span class='ocrx_word' id='word_1_119' title='bbox 1609 1699 1801 1742; x_wconf 88' lang='lat' dir='ltr'><strong>catena</strong></span> <span class='ocrx_word' id='word_1_120' title='bbox 1850 1707 1986 1742; x_wconf 85' lang='lat' dir='ltr'><strong>:erea</strong></span> <span class='ocrx_word' id='word_1_121' title='bbox 2025 1691 2284 1751; x_wconf 85' lang='lat' dir='ltr'><strong>vinctum,</strong></span> 
     </span>
    </p>
   </div>
   <div class='ocr_carea' id='block_1_18' title="bbox 728 1780 2285 1847">
    <p class='ocr_par' dir='ltr' id='par_1_18' title="bbox 728 1780 2285 1847">
     <span class='ocr_line' id='line_1_18' title="bbox 728 1780 2285 1847; baseline 0 -15"><span class='ocrx_word' id='word_1_122' title='bbox 728 1790 781 1833; x_wconf 88' lang='lat' dir='ltr'><strong>et</strong></span> <span class='ocrx_word' id='word_1_123' title='bbox 835 1780 1032 1832; x_wconf 87' lang='lat' dir='ltr'><strong>Gazam</strong></span> <span class='ocrx_word' id='word_1_124' title='bbox 1079 1790 1452 1847; x_wconf 75' lang='lat' dir='ltr'><strong>asportatum,</strong></span> <span class='ocrx_word' id='word_1_125' title='bbox 1511 1781 1718 1833; x_wconf 90' lang='lat' dir='ltr'><strong>carceri</strong></span> <span class='ocrx_word' id='word_1_126' title='bbox 1774 1781 2142 1843; x_wconf 86' lang='lat' dir='ltr'><strong>incluserunt,</strong></span> <span class='ocrx_word' id='word_1_127' title='bbox 2197 1782 2285 1832; x_wconf 82' lang='lat' dir='ltr'><strong>ubi</strong></span> 
     </span>
    </p>
   </div>
   <div class='ocr_carea' id='block_1_19' title="bbox 2403 605 3959 675">
    <p class='ocr_par' dir='ltr' id='par_1_19' title="bbox 2403 605 3959 675">
     <span class='ocr_line' id='line_1_19' title="bbox 2403 605 3959 675; baseline -0.001 -15"><span class='ocrx_word' id='word_1_128' title='bbox 2403 616 2455 660; x_wconf 90' lang='lat' dir='ltr'><strong>et</strong></span> <span class='ocrx_word' id='word_1_129' title='bbox 2484 605 2734 659; x_wconf 85' lang='lat' dir='ltr'><strong>Phineas.</strong></span> <span class='ocrx_word' id='word_1_130' title='bbox 2773 607 3012 674; x_wconf 72' lang='lat' dir='ltr'><strong>Egressze</strong></span> <span class='ocrx_word' id='word_1_131' title='bbox 3054 617 3231 660; x_wconf 89' lang='lat' dir='ltr'><strong>autem</strong></span> <span class='ocrx_word' id='word_1_132' title='bbox 3277 618 3466 662; x_wconf 89' lang='lat' dir='ltr'><strong>contra</strong></span> <span class='ocrx_word' id='word_1_133' title='bbox 3521 609 3666 675; x_wconf 90' lang='lat' dir='ltr'><strong>ipsos</strong></span> <span class='ocrx_word' id='word_1_134' title='bbox 3703 609 3959 674; x_wconf 61' lang='lat' dir='ltr'><strong>alienige-</strong></span> 
     </span>
    </p>
   </div>
   <div class='ocr_carea' id='block_1_20' title="bbox 2404 696 3957 768">
    <p class='ocr_par' dir='ltr' id='par_1_20' title="bbox 2404 696 3957 768">
     <span class='ocr_line' id='line_1_20' title="bbox 2404 696 3957 768; baseline 0.001 -21"><span class='ocrx_word' id='word_1_135' title='bbox 2404 713 2592 748; x_wconf 91' lang='lat' dir='ltr'><strong>narum</strong></span> <span class='ocrx_word' id='word_1_136' title='bbox 2629 696 2800 750; x_wconf 88' lang='lat' dir='ltr'><strong>tribus</strong></span> <span class='ocrx_word' id='word_1_137' title='bbox 2837 697 2994 768; x_wconf 62' lang='lat' dir='ltr'><strong>lu</strong></span> <span class='ocrx_word' id='word_1_138' title='bbox 3023 697 3167 764; x_wconf 62' lang='lat' dir='ltr'><strong>ipsos</strong></span> <span class='ocrx_word' id='word_1_139' title='bbox 3204 699 3254 749; x_wconf 91' lang='lat' dir='ltr'><strong>in</strong></span> <span class='ocrx_word' id='word_1_140' title='bbox 3303 700 3480 767; x_wconf 74' lang='lat' dir='ltr'><strong>fugam</strong></span> <span class='ocrx_word' id='word_1_141' title='bbox 3512 698 3776 752; x_wconf 82' lang='lat' dir='ltr'><strong>dederunt</strong></span> <span class='ocrx_word' id='word_1_142' title='bbox 3811 717 3822 749; x_wconf 93' lang='lat'><strong>:</strong></span> <span class='ocrx_word' id='word_1_143' title='bbox 3853 714 3957 749; x_wconf 68' lang='lat' dir='ltr'><strong>cm-</strong></span> 
     </span>
    </p>
   </div>
   <div class='ocr_carea' id='block_1_21' title="bbox 2400 789 3956 856">
    <p class='ocr_par' dir='ltr' id='par_1_21' title="bbox 2400 789 3956 856">
     <span class='ocr_line' id='line_1_21' title="bbox 2400 789 3956 856; baseline -0.002 -14"><span class='ocrx_word' id='word_1_144' title='bbox 2400 789 2555 856; x_wconf 88' lang='lat' dir='ltr'><strong>sique</strong></span> <span class='ocrx_word' id='word_1_145' title='bbox 2582 799 2706 841; x_wconf 91' lang='lat' dir='ltr'><strong>sunt</strong></span> <span class='ocrx_word' id='word_1_146' title='bbox 2743 803 2805 840; x_wconf 81' lang='lat' dir='ltr'><strong>ex</strong></span> <span class='ocrx_word' id='word_1_147' title='bbox 2858 789 3122 842; x_wconf 88' lang='lat' dir='ltr'><strong>lsraelitis</strong></span> <span class='ocrx_word' id='word_1_148' title='bbox 3149 789 3332 840; x_wconf 83' lang='lat' dir='ltr'><strong>tricies</strong></span> <span class='ocrx_word' id='word_1_149' title='bbox 3390 791 3554 851; x_wconf 89' lang='lat' dir='ltr'><strong>mille,</strong></span> <span class='ocrx_word' id='word_1_150' title='bbox 3624 789 3956 855; x_wconf 69' lang='lat' dir='ltr'><strong>fugientibus</strong></span> 
     </span>
    </p>
   </div>
   <div class='ocr_carea' id='block_1_22' title="bbox 2396 878 3954 946">
    <p class='ocr_par' dir='ltr' id='par_1_22' title="bbox 2396 878 3954 946">
     <span class='ocr_line' id='line_1_22' title="bbox 2396 878 3954 946; baseline 0.001 -20"><span class='ocrx_word' id='word_1_151' title='bbox 2396 879 2489 945; x_wconf 88' lang='lat' dir='ltr'><strong>qui</strong></span> <span class='ocrx_word' id='word_1_152' title='bbox 2527 878 2780 943; x_wconf 76' lang='lat' dir='ltr'><strong>fugerunt</strong></span> <span class='ocrx_word' id='word_1_153' title='bbox 2815 894 2919 945; x_wconf 89' lang='lat' dir='ltr'><strong>qua</strong></span> <span class='ocrx_word' id='word_1_154' title='bbox 2969 887 3237 946; x_wconf 84' lang='lat' dir='ltr'><strong>poterant.</strong></span> <span class='ocrx_word' id='word_1_155' title='bbox 3291 878 3429 931; x_wconf 69' lang='lat' dir='ltr'><strong>Caesi</strong></span> <span class='ocrx_word' id='word_1_156' title='bbox 3485 889 3615 932; x_wconf 89' lang='lat' dir='ltr'><strong>sunt</strong></span> <span class='ocrx_word' id='word_1_157' title='bbox 3669 882 3828 931; x_wconf 89' lang='lat' dir='ltr'><strong>etiam</strong></span> <span class='ocrx_word' id='word_1_158' title='bbox 3872 879 3954 930; x_wconf 83' lang='lat' dir='ltr'><strong>Eli</strong></span> 
     </span>
    </p>
   </div>
   <div class='ocr_carea' id='block_1_23' title="bbox 2401 966 3952 1036">
    <p class='ocr_par' dir='ltr' id='par_1_23' title="bbox 2401 966 3952 1036">
     <span class='ocr_line' id='line_1_23' title="bbox 2401 966 3952 1036; baseline 0.001 -20"><span class='ocrx_word' id='word_1_159' title='bbox 2401 966 2494 1019; x_wconf 88' lang='lat' dir='ltr'><strong>filii</strong></span> <span class='ocrx_word' id='word_1_160' title='bbox 2575 966 2784 1035; x_wconf 83' lang='lat' dir='ltr'><strong>llophni</strong></span> <span class='ocrx_word' id='word_1_161' title='bbox 2841 975 2894 1019; x_wconf 87' lang='lat' dir='ltr'><strong>et</strong></span> <span class='ocrx_word' id='word_1_162' title='bbox 2949 967 3221 1030; x_wconf 82' lang='lat' dir='ltr'><strong>Phineas;</strong></span> <span class='ocrx_word' id='word_1_163' title='bbox 3266 982 3557 1034; x_wconf 88' lang='lat' dir='ltr'><strong>areamque</strong></span> <span class='ocrx_word' id='word_1_164' title='bbox 3623 977 3835 1036; x_wconf 82' lang='lat' dir='ltr'><strong>captain</strong></span> <span class='ocrx_word' id='word_1_165' title='bbox 3886 968 3952 1018; x_wconf 82' lang='lat' dir='ltr'><strong>ad</strong></span> 
     </span>
    </p>
   </div>
   <div class='ocr_carea' id='block_1_24' title="bbox 2401 1056 3952 1125">
    <p class='ocr_par' dir='ltr' id='par_1_24' title="bbox 2401 1056 3952 1125">
     <span class='ocr_line' id='line_1_24' title="bbox 2401 1056 3952 1125; baseline -0.002 -16"><span class='ocrx_word' id='word_1_166' title='bbox 2401 1057 2647 1110; x_wconf 75' lang='lat' dir='ltr'><strong>Yazilodo</strong></span> <span class='ocrx_word' id='word_1_167' title='bbox 2677 1056 2873 1109; x_wconf 79' lang='lat' dir='ltr'><strong>Gazam</strong></span> <span class='ocrx_word' id='word_1_168' title='bbox 2909 1065 3260 1124; x_wconf 85' lang='lat' dir='ltr'><strong>portaverunt</strong></span> <span class='ocrx_word' id='word_1_169' title='bbox 3298 1057 3470 1109; x_wconf 89' lang='lat' dir='ltr'><strong>tribus</strong></span> <span class='ocrx_word' id='word_1_170' title='bbox 3497 1057 3952 1125; x_wconf 77' lang='lat' dir='ltr'><strong>alienigenarum,</strong></span> 
     </span>
    </p>
   </div>
   <div class='ocr_carea' id='block_1_25' title="bbox 2395 1146 3948 1215">
    <p class='ocr_par' dir='ltr' id='par_1_25' title="bbox 2395 1146 3948 1215">
     <span class='ocr_line' id='line_1_25' title="bbox 2395 1146 3948 1215; baseline -0.002 -16"><span class='ocrx_word' id='word_1_171' title='bbox 2395 1147 2577 1214; x_wconf 89' lang='lat' dir='ltr'><strong>ibique</strong></span> <span class='ocrx_word' id='word_1_172' title='bbox 2629 1149 2681 1199; x_wconf 93' lang='lat' dir='ltr'><strong>in</strong></span> <span class='ocrx_word' id='word_1_173' title='bbox 2730 1147 2930 1212; x_wconf 86' lang='lat' dir='ltr'><strong>templo</strong></span> <span class='ocrx_word' id='word_1_174' title='bbox 2977 1146 3210 1215; x_wconf 82' lang='lat' dir='ltr'><strong>Dagonis</strong></span> <span class='ocrx_word' id='word_1_175' title='bbox 3267 1147 3396 1201; x_wconf 83' lang='lat' dir='ltr'><strong>idoli</strong></span> <span class='ocrx_word' id='word_1_176' title='bbox 3438 1155 3766 1201; x_wconf 89' lang='lat' dir='ltr'><strong>statuerunt.</strong></span> <span class='ocrx_word' id='word_1_177' title='bbox 3815 1147 3948 1199; x_wconf 85' lang='lat' dir='ltr'><strong>Dum</strong></span> 
     </span>
    </p>
   </div>
   <div class='ocr_carea' id='block_1_26' title="bbox 2396 1237 3952 1305">
    <p class='ocr_par' dir='ltr' id='par_1_26' title="bbox 2396 1237 3952 1305">
     <span class='ocr_line' id='line_1_26' title="bbox 2396 1237 3952 1305; baseline -0.001 -15"><span class='ocrx_word' id='word_1_178' title='bbox 2396 1253 2522 1305; x_wconf 85' lang='lat' dir='ltr'><strong>ergo</strong></span> <span class='ocrx_word' id='word_1_179' title='bbox 2556 1237 2769 1290; x_wconf 86' lang='lat' dir='ltr'><strong>sederet</strong></span> <span class='ocrx_word' id='word_1_180' title='bbox 2827 1239 2907 1291; x_wconf 89' lang='lat' dir='ltr'><strong>Eli</strong></span> <span class='ocrx_word' id='word_1_181' title='bbox 2961 1239 3220 1290; x_wconf 87' lang='lat' dir='ltr'><strong>sacerdos</strong></span> <span class='ocrx_word' id='word_1_182' title='bbox 3249 1239 3313 1290; x_wconf 89' lang='lat' dir='ltr'><strong>ad</strong></span> <span class='ocrx_word' id='word_1_183' title='bbox 3352 1238 3554 1293; x_wconf 88' lang='lat' dir='ltr'><strong>ostium</strong></span> <span class='ocrx_word' id='word_1_184' title='bbox 3621 1237 3844 1291; x_wconf 85' lang='lat' dir='ltr'><strong>sacrarii</strong></span> <span class='ocrx_word' id='word_1_185' title='bbox 3896 1238 3952 1288; x_wconf 84' lang='lat' dir='ltr'><strong>in</strong></span> 
     </span>
    </p>
   </div>
   <div class='ocr_carea' id='block_1_27' title="bbox 2396 1325 3955 1394">
    <p class='ocr_par' dir='ltr' id='par_1_27' title="bbox 2396 1325 3955 1394">
     <span class='ocr_line' id='line_1_27' title="bbox 2396 1325 3955 1394; baseline -0.004 -14"><span class='ocrx_word' id='word_1_186' title='bbox 2396 1328 2802 1388; x_wconf 83' lang='lat' dir='ltr'><strong>Shilunte,ccce</strong></span> <span class='ocrx_word' id='word_1_187' title='bbox 2824 1329 3050 1382; x_wconf 88' lang='lat' dir='ltr'><strong>accessit</strong></span> <span class='ocrx_word' id='word_1_188' title='bbox 3074 1331 3153 1381; x_wconf 89' lang='lat' dir='ltr'><strong>vir</strong></span> <span class='ocrx_word' id='word_1_189' title='bbox 3177 1328 3394 1394; x_wconf 88' lang='lat' dir='ltr'><strong>quidam</strong></span> <span class='ocrx_word' id='word_1_190' title='bbox 3417 1344 3446 1382; x_wconf 90' lang='lat' dir='ltr'><strong>e</strong></span> <span class='ocrx_word' id='word_1_191' title='bbox 3465 1327 3607 1394; x_wconf 83' lang='lat' dir='ltr'><strong>fuga.</strong></span> <span class='ocrx_word' id='word_1_192' title='bbox 3631 1327 3778 1378; x_wconf 70' lang='lat' dir='ltr'><strong>vultu</strong></span> <span class='ocrx_word' id='word_1_193' title='bbox 3807 1325 3955 1378; x_wconf 85' lang='lat' dir='ltr'><strong>deni-</strong></span> 
     </span>
    </p>
   </div>
   <div class='ocr_carea' id='block_1_28' title="bbox 2394 1417 3950 1485">
    <p class='ocr_par' dir='ltr' id='par_1_28' title="bbox 2394 1417 3950 1485">
     <span class='ocr_line' id='line_1_28' title="bbox 2394 1417 3950 1485; baseline -0.001 -15"><span class='ocrx_word' id='word_1_194' title='bbox 2394 1428 2566 1485; x_wconf 81' lang='lat' dir='ltr'><strong>grato.</strong></span> <span class='ocrx_word' id='word_1_195' title='bbox 2609 1418 2852 1470; x_wconf 77' lang='lat' dir='ltr'><strong>vestibus</strong></span> <span class='ocrx_word' id='word_1_196' title='bbox 2904 1422 3129 1481; x_wconf 86' lang='lat' dir='ltr'><strong>scissis;</strong></span> <span class='ocrx_word' id='word_1_197' title='bbox 3166 1419 3250 1473; x_wconf 89' lang='lat' dir='ltr'><strong>cui</strong></span> <span class='ocrx_word' id='word_1_198' title='bbox 3311 1419 3388 1470; x_wconf 85' lang='lat' dir='ltr'><strong>Eli</strong></span> <span class='ocrx_word' id='word_1_199' title='bbox 3443 1419 3748 1472; x_wconf 88' lang='lat' dir='ltr'><strong>sacerdos:</strong></span> <span class='ocrx_word' id='word_1_200' title='bbox 3787 1417 3950 1480; x_wconf 87' lang='lat' dir='ltr'><strong>Quid.</strong></span> 
     </span>
    </p>
   </div>
   <div class='ocr_carea' id='block_1_29' title="bbox 2396 1509 3950 1579">
    <p class='ocr_par' dir='ltr' id='par_1_29' title="bbox 2396 1509 3950 1579">
     <span class='ocr_line' id='line_1_29' title="bbox 2396 1509 3950 1579; baseline -0.005 -15"><span class='ocrx_word' id='word_1_201' title='bbox 2396 1514 2590 1579; x_wconf 91' lang='lat' dir='ltr'><strong>inquit,</strong></span> <span class='ocrx_word' id='word_1_202' title='bbox 2624 1513 2697 1564; x_wconf 88' lang='lat' dir='ltr'><strong>rei</strong></span> <span class='ocrx_word' id='word_1_203' title='bbox 2730 1519 2910 1563; x_wconf 88' lang='lat' dir='ltr'><strong>tecum</strong></span> <span class='ocrx_word' id='word_1_204' title='bbox 2943 1512 3070 1563; x_wconf 82' lang='lat' dir='ltr'><strong>est?</strong></span> <span class='ocrx_word' id='word_1_205' title='bbox 3104 1509 3405 1578; x_wconf 78' lang='lat' dir='ltr'><strong>Respondit</strong></span> <span class='ocrx_word' id='word_1_206' title='bbox 3454 1509 3542 1562; x_wconf 91' lang='lat' dir='ltr'><strong>ille</strong></span> <span class='ocrx_word' id='word_1_207' title='bbox 3593 1527 3607 1562; x_wconf 90' lang='lat'><strong>:</strong></span> <span class='ocrx_word' id='word_1_208' title='bbox 3652 1511 3707 1561; x_wconf 90' lang='lat' dir='ltr'><strong>ln</strong></span> <span class='ocrx_word' id='word_1_209' title='bbox 3767 1509 3950 1574; x_wconf 88' lang='lat' dir='ltr'><strong>fugam</strong></span> 
     </span>
    </p>
   </div>
   <div class='ocr_carea' id='block_1_30' title="bbox 2393 1595 3948 1664">
    <p class='ocr_par' dir='ltr' id='par_1_30' title="bbox 2393 1595 3948 1664">
     <span class='ocr_line' id='line_1_30' title="bbox 2393 1595 3948 1664; baseline -0.004 -12"><span class='ocrx_word' id='word_1_210' title='bbox 2393 1605 2640 1653; x_wconf 80' lang='lat' dir='ltr'><strong>conversi</strong></span> <span class='ocrx_word' id='word_1_211' title='bbox 2674 1609 2798 1652; x_wconf 90' lang='lat' dir='ltr'><strong>sunt</strong></span> <span class='ocrx_word' id='word_1_212' title='bbox 2842 1599 3120 1659; x_wconf 66' lang='lat' dir='ltr'><strong>lsraelitm,</strong></span> <span class='ocrx_word' id='word_1_213' title='bbox 3161 1599 3318 1652; x_wconf 56' lang='lat' dir='ltr'><strong>caesis</strong></span> <span class='ocrx_word' id='word_1_214' title='bbox 3370 1611 3556 1651; x_wconf 90' lang='lat' dir='ltr'><strong>eorum</strong></span> <span class='ocrx_word' id='word_1_215' title='bbox 3610 1595 3948 1664; x_wconf 88' lang='lat' dir='ltr'><strong>quampluri-</strong></span> 
     </span>
    </p>
   </div>
   <div class='ocr_carea' id='block_1_31' title="bbox 2395 1691 3943 1759">
    <p class='ocr_par' dir='ltr' id='par_1_31' title="bbox 2395 1691 3943 1759">
     <span class='ocr_line' id='line_1_31' title="bbox 2395 1691 3943 1759; baseline -0.002 -18"><span class='ocrx_word' id='word_1_216' title='bbox 2395 1692 2520 1755; x_wconf 88' lang='lat' dir='ltr'><strong>mis,</strong></span> <span class='ocrx_word' id='word_1_217' title='bbox 2557 1707 2774 1758; x_wconf 89' lang='lat' dir='ltr'><strong>unaque</strong></span> <span class='ocrx_word' id='word_1_218' title='bbox 2806 1691 3018 1744; x_wconf 89' lang='lat' dir='ltr'><strong>duobus</strong></span> <span class='ocrx_word' id='word_1_219' title='bbox 3055 1691 3178 1742; x_wconf 86' lang='lat' dir='ltr'><strong>filiis</strong></span> <span class='ocrx_word' id='word_1_220' title='bbox 3211 1693 3344 1755; x_wconf 83' lang='lat' dir='ltr'><strong>tuis,</strong></span> <span class='ocrx_word' id='word_1_221' title='bbox 3389 1699 3656 1759; x_wconf 87' lang='lat' dir='ltr'><strong>captaque</strong></span> <span class='ocrx_word' id='word_1_222' title='bbox 3680 1699 3760 1740; x_wconf 90' lang='lat' dir='ltr'><strong>est</strong></span> <span class='ocrx_word' id='word_1_223' title='bbox 3795 1704 3943 1740; x_wconf 89' lang='lat' dir='ltr'><strong>arca.</strong></span> 
     </span>
    </p>
   </div>
   <div class='ocr_carea' id='block_1_32' title="bbox 2393 1778 3950 1846">
    <p class='ocr_par' dir='ltr' id='par_1_32' title="bbox 2393 1778 3950 1846">
     <span class='ocr_line' id='line_1_32' title="bbox 2393 1778 3950 1846; baseline -0.004 -13"><span class='ocrx_word' id='word_1_224' title='bbox 2393 1778 2492 1833; x_wconf 86' lang='lat' dir='ltr'><strong>Ubi</strong></span> <span class='ocrx_word' id='word_1_225' title='bbox 2537 1787 2714 1832; x_wconf 81' lang='lat' dir='ltr'><strong>autem</strong></span> <span class='ocrx_word' id='word_1_226' title='bbox 2763 1779 3061 1832; x_wconf 84' lang='lat' dir='ltr'><strong>audivisset</strong></span> <span class='ocrx_word' id='word_1_227' title='bbox 3114 1778 3190 1831; x_wconf 89' lang='lat' dir='ltr'><strong>Eli</strong></span> <span class='ocrx_word' id='word_1_228' title='bbox 3250 1780 3507 1832; x_wconf 82' lang='lat' dir='ltr'><strong>sacerdos</strong></span> <span class='ocrx_word' id='word_1_229' title='bbox 3561 1785 3770 1846; x_wconf 88' lang='lat' dir='ltr'><strong>captam</strong></span> <span class='ocrx_word' id='word_1_230' title='bbox 3825 1791 3950 1828; x_wconf 89' lang='lat' dir='ltr'><strong>esse</strong></span> 
     </span>
    </p>
   </div>
   <div class='ocr_carea' id='block_1_33' title="bbox 733 1867 3948 1938">
    <p class='ocr_par' dir='ltr' id='par_1_33' title="bbox 733 1867 3948 1938">
     <span class='ocr_line' id='line_1_33' title="bbox 733 1867 3948 1938; baseline -0.001 -17"><span class='ocrx_word' id='word_1_231' title='bbox 733 1873 940 1924; x_wconf 85' lang='lat' dir='ltr'><strong>renasci</strong></span> <span class='ocrx_word' id='word_1_232' title='bbox 963 1879 1239 1937; x_wconf 72' lang='lat' dir='ltr'><strong>(&#39;mperunt</strong></span> <span class='ocrx_word' id='word_1_233' title='bbox 1261 1871 1646 1938; x_wconf 78' lang='lat' dir='ltr'><strong>capillicapitis</strong></span> <span class='ocrx_word' id='word_1_234' title='bbox 1670 1871 1860 1937; x_wconf 90' lang='lat' dir='ltr'><strong>ipsius.</strong></span> <span class='ocrx_word' id='word_1_235' title='bbox 1883 1869 2284 1925; x_wconf 80' lang='lat' dir='ltr'><strong>Comenicutcs</strong></span> <span class='ocrx_word' id='word_1_236' title='bbox 2319 1867 2357 1920; x_wconf 81' lang='grc' dir='ltr'>Β</span> <span class='ocrx_word' id='word_1_237' title='bbox 2387 1885 2590 1931; x_wconf 79' lang='lat' dir='ltr'><strong>arcam,</strong></span> <span class='ocrx_word' id='word_1_238' title='bbox 2627 1883 2828 1936; x_wconf 85' lang='lat' dir='ltr'><strong>pronus</strong></span> <span class='ocrx_word' id='word_1_239' title='bbox 2858 1869 2910 1920; x_wconf 93' lang='lat' dir='ltr'><strong>in</strong></span> <span class='ocrx_word' id='word_1_240' title='bbox 2938 1869 3129 1922; x_wconf 77' lang='lat' dir='ltr'><strong>faciem</strong></span> <span class='ocrx_word' id='word_1_241' title='bbox 3164 1868 3360 1921; x_wconf 78' lang='lat' dir='ltr'><strong>cadens</strong></span> <span class='ocrx_word' id='word_1_242' title='bbox 3397 1870 3539 1921; x_wconf 89' lang='lat' dir='ltr'><strong>illico</strong></span> <span class='ocrx_word' id='word_1_243' title='bbox 3570 1877 3817 1920; x_wconf 89' lang='lat' dir='ltr'><strong>mortuus</strong></span> <span class='ocrx_word' id='word_1_244' title='bbox 3840 1874 3948 1926; x_wconf 58' lang='lat' dir='ltr'><strong>est,</strong></span> 
     </span>
    </p>
   </div>
   <div class='ocr_carea' id='block_1_34' title="bbox 728 1961 2282 2030">
    <p class='ocr_par' dir='ltr' id='par_1_34' title="bbox 728 1961 2282 2030">
     <span class='ocr_line' id='line_1_34' title="bbox 728 1961 2282 2030; baseline 0.002 -20"><span class='ocrx_word' id='word_1_245' title='bbox 728 1973 904 2014; x_wconf 80' lang='lat' dir='ltr'><strong>autem</strong></span> <span class='ocrx_word' id='word_1_246' title='bbox 931 1963 1166 2013; x_wconf 75' lang='lat' dir='ltr'><strong>trihuuzu</strong></span> <span class='ocrx_word' id='word_1_247' title='bbox 1199 1961 1623 2026; x_wconf 76' lang='lat' dir='ltr'><strong>alienigenarum</strong></span> <span class='ocrx_word' id='word_1_248' title='bbox 1658 1963 1949 2030; x_wconf 86' lang='lat' dir='ltr'><strong>principes,</strong></span> <span class='ocrx_word' id='word_1_249' title='bbox 1982 1961 2046 2013; x_wconf 90' lang='lat' dir='ltr'><strong>ad</strong></span> <span class='ocrx_word' id='word_1_250' title='bbox 2079 1963 2282 2014; x_wconf 79' lang='lat' dir='ltr'><strong>hostias</strong></span> 
     </span>
    </p>
   </div>
   <div class='ocr_carea' id='block_1_35' title="bbox 733 2051 2285 2120">
    <p class='ocr_par' dir='ltr' id='par_1_35' title="bbox 733 2051 2285 2120">
     <span class='ocr_line' id='line_1_35' title="bbox 733 2051 2285 2120; baseline 0 -17"><span class='ocrx_word' id='word_1_251' title='bbox 733 2054 907 2120; x_wconf 72' lang='lat' dir='ltr'><strong>“agon</strong></span> <span class='ocrx_word' id='word_1_252' title='bbox 939 2053 1039 2105; x_wconf 88' lang='lat' dir='ltr'><strong>deo</strong></span> <span class='ocrx_word' id='word_1_253' title='bbox 1063 2066 1163 2106; x_wconf 90' lang='lat' dir='ltr'><strong>suo</strong></span> <span class='ocrx_word' id='word_1_254' title='bbox 1191 2051 1571 2114; x_wconf 87' lang='lat' dir='ltr'><strong>immolandas,</strong></span> <span class='ocrx_word' id='word_1_255' title='bbox 1596 2051 1909 2105; x_wconf 86' lang='lat' dir='ltr'><strong>Samsonem</strong></span> <span class='ocrx_word' id='word_1_256' title='bbox 1965 2053 2285 2117; x_wconf 80' lang='lat' dir='ltr'><strong>eduxerunt,</strong></span> 
     </span>
    </p>
   </div>
   <div class='ocr_carea' id='block_1_36' title="bbox 731 2140 2286 2210">
    <p class='ocr_par' dir='ltr' id='par_1_36' title="bbox 731 2140 2286 2210">
     <span class='ocr_line' id='line_1_36' title="bbox 731 2140 2286 2210; baseline 0.001 -16"><span class='ocrx_word' id='word_1_257' title='bbox 731 2152 789 2194; x_wconf 97' lang='grc' dir='ltr'><strong>ιιι</strong></span> <span class='ocrx_word' id='word_1_258' title='bbox 818 2143 917 2210; x_wconf 90' lang='lat' dir='ltr'><strong>ipsi</strong></span> <span class='ocrx_word' id='word_1_259' title='bbox 956 2143 1241 2196; x_wconf 89' lang='lat' dir='ltr'><strong>illudentes</strong></span> <span class='ocrx_word' id='word_1_260' title='bbox 1267 2144 1462 2196; x_wconf 88' lang='lat' dir='ltr'><strong>deinde</strong></span> <span class='ocrx_word' id='word_1_261' title='bbox 1491 2152 1712 2195; x_wconf 91' lang='lat' dir='ltr'><strong>mortem</strong></span> <span class='ocrx_word' id='word_1_262' title='bbox 1751 2140 2034 2194; x_wconf 81' lang='lat' dir='ltr'><strong>inferrent.</strong></span> <span class='ocrx_word' id='word_1_263' title='bbox 2083 2142 2286 2210; x_wconf 89' lang='lat' dir='ltr'><strong>Imple-</strong></span> 
     </span>
    </p>
   </div>
   <div class='ocr_carea' id='block_1_37' title="bbox 733 2232 2286 2301">
    <p class='ocr_par' dir='ltr' id='par_1_37' title="bbox 733 2232 2286 2301">
     <span class='ocr_line' id='line_1_37' title="bbox 733 2232 2286 2301; baseline 0.002 -17"><span class='ocrx_word' id='word_1_264' title='bbox 733 2242 954 2300; x_wconf 88' lang='lat' dir='ltr'><strong>tumque</strong></span> <span class='ocrx_word' id='word_1_265' title='bbox 978 2243 1060 2285; x_wconf 90' lang='lat' dir='ltr'><strong>cst</strong></span> <span class='ocrx_word' id='word_1_266' title='bbox 1098 2233 1331 2300; x_wconf 75' lang='lat' dir='ltr'><strong>Dagonis</strong></span> <span class='ocrx_word' id='word_1_267' title='bbox 1367 2233 1623 2300; x_wconf 87' lang='lat' dir='ltr'><strong>templum</strong></span> <span class='ocrx_word' id='word_1_268' title='bbox 1658 2232 1990 2298; x_wconf 90' lang='lat' dir='ltr'><strong>hominibus,</strong></span> <span class='ocrx_word' id='word_1_269' title='bbox 2018 2249 2124 2301; x_wconf 89' lang='lat' dir='ltr'><strong>qua</strong></span> <span class='ocrx_word' id='word_1_270' title='bbox 2157 2236 2286 2287; x_wconf 83' lang='lat' dir='ltr'><strong>viris</strong></span> 
     </span>
    </p>
   </div>
   <div class='ocr_carea' id='block_1_38' title="bbox 728 2323 2281 2391">
    <p class='ocr_par' dir='ltr' id='par_1_38' title="bbox 728 2323 2281 2391">
     <span class='ocr_line' id='line_1_38' title="bbox 728 2323 2281 2391; baseline 0 -17"><span class='ocrx_word' id='word_1_271' title='bbox 728 2338 834 2390; x_wconf 88' lang='lat' dir='ltr'><strong>qua</strong></span> <span class='ocrx_word' id='word_1_272' title='bbox 864 2323 1100 2381; x_wconf 88' lang='lat' dir='ltr'><strong>feminis.</strong></span> <span class='ocrx_word' id='word_1_273' title='bbox 1129 2339 1234 2375; x_wconf 91' lang='lat' dir='ltr'><strong>una</strong></span> <span class='ocrx_word' id='word_1_274' title='bbox 1268 2338 1389 2374; x_wconf 92' lang='lat' dir='ltr'><strong>cum</strong></span> <span class='ocrx_word' id='word_1_275' title='bbox 1422 2332 1562 2376; x_wconf 88' lang='lat' dir='ltr'><strong>tecto</strong></span> <span class='ocrx_word' id='word_1_276' title='bbox 1595 2324 1788 2391; x_wconf 89' lang='lat' dir='ltr'><strong>ipsius,</strong></span> <span class='ocrx_word' id='word_1_277' title='bbox 1815 2325 1946 2377; x_wconf 89' lang='lat' dir='ltr'><strong>adeo</strong></span> <span class='ocrx_word' id='word_1_278' title='bbox 1976 2324 2281 2385; x_wconf 81' lang='lat' dir='ltr'><strong>confertim,</strong></span> 
     </span>
    </p>
   </div>
   <div class='ocr_carea' id='block_1_39' title="bbox 730 2416 2288 2483">
    <p class='ocr_par' dir='ltr' id='par_1_39' title="bbox 730 2416 2288 2483">
     <span class='ocr_line' id='line_1_39' title="bbox 730 2416 2288 2483; baseline 0.001 -17"><span class='ocrx_word' id='word_1_279' title='bbox 730 2424 788 2468; x_wconf 91' lang='lat' dir='ltr'><strong>ut</strong></span> <span class='ocrx_word' id='word_1_280' title='bbox 817 2432 920 2467; x_wconf 93' lang='lat' dir='ltr'><strong>non</strong></span> <span class='ocrx_word' id='word_1_281' title='bbox 952 2425 1258 2483; x_wconf 85' lang='lat' dir='ltr'><strong>superesset</strong></span> <span class='ocrx_word' id='word_1_282' title='bbox 1293 2416 1442 2468; x_wconf 90' lang='lat' dir='ltr'><strong>locus</strong></span> <span class='ocrx_word' id='word_1_283' title='bbox 1469 2430 1575 2482; x_wconf 91' lang='lat' dir='ltr'><strong>quo</strong></span> <span class='ocrx_word' id='word_1_284' title='bbox 1603 2427 1747 2468; x_wconf 85' lang='lat' dir='ltr'><strong>stare</strong></span> <span class='ocrx_word' id='word_1_285' title='bbox 1777 2419 1897 2482; x_wconf 85' lang='lat' dir='ltr'><strong>quis</strong></span> <span class='ocrx_word' id='word_1_286' title='bbox 1931 2425 2147 2482; x_wconf 87' lang='lat' dir='ltr'><strong>posset,</strong></span> <span class='ocrx_word' id='word_1_287' title='bbox 2181 2431 2288 2483; x_wconf 91' lang='lat' dir='ltr'><strong>quo</strong></span> 
     </span>
    </p>
   </div>
   <div class='ocr_carea' id='block_1_40' title="bbox 732 2506 2284 2574">
    <p class='ocr_par' dir='ltr' id='par_1_40' title="bbox 732 2506 2284 2574">
     <span class='ocr_line' id='line_1_40' title="bbox 732 2506 2284 2574; baseline 0.001 -16"><span class='ocrx_word' id='word_1_288' title='bbox 732 2507 1047 2558; x_wconf 88' lang='lat' dir='ltr'><strong>Samsouem</strong></span> <span class='ocrx_word' id='word_1_289' title='bbox 1110 2507 1490 2572; x_wconf 85' lang='lat' dir='ltr'><strong>conspicerent</strong></span> <span class='ocrx_word' id='word_1_290' title='bbox 1545 2516 1597 2558; x_wconf 88' lang='lat' dir='ltr'><strong>et</strong></span> <span class='ocrx_word' id='word_1_291' title='bbox 1660 2507 1787 2574; x_wconf 89' lang='lat' dir='ltr'><strong>quid</strong></span> <span class='ocrx_word' id='word_1_292' title='bbox 1850 2508 1913 2559; x_wconf 91' lang='lat' dir='ltr'><strong>de</strong></span> <span class='ocrx_word' id='word_1_293' title='bbox 1971 2509 2061 2559; x_wconf 93' lang='lat' dir='ltr'><strong>illo</strong></span> <span class='ocrx_word' id='word_1_294' title='bbox 2115 2506 2284 2560; x_wconf 78' lang='lat' dir='ltr'><strong>fieret.</strong></span> 
     </span>
    </p>
   </div>
   <div class='ocr_carea' id='block_1_41' title="bbox 731 2597 2288 2667">
    <p class='ocr_par' dir='ltr' id='par_1_41' title="bbox 731 2597 2288 2667">
     <span class='ocr_line' id='line_1_41' title="bbox 731 2597 2288 2667; baseline 0.001 -18"><span class='ocrx_word' id='word_1_295' title='bbox 731 2597 870 2649; x_wconf 76' lang='lat' dir='ltr'><strong>Dixit</strong></span> <span class='ocrx_word' id='word_1_296' title='bbox 916 2613 1045 2664; x_wconf 78' lang='lat' dir='ltr'><strong>ergo</strong></span> <span class='ocrx_word' id='word_1_297' title='bbox 1087 2597 1313 2650; x_wconf 85' lang='lat' dir='ltr'><strong>Samson</strong></span> <span class='ocrx_word' id='word_1_298' title='bbox 1360 2615 1529 2667; x_wconf 89' lang='lat' dir='ltr'><strong>puero</strong></span> <span class='ocrx_word' id='word_1_299' title='bbox 1578 2599 1751 2665; x_wconf 89' lang='lat' dir='ltr'><strong>ipsum</strong></span> <span class='ocrx_word' id='word_1_300' title='bbox 1803 2599 2070 2651; x_wconf 85' lang='lat' dir='ltr'><strong>ducenti:</strong></span> <span class='ocrx_word' id='word_1_301' title='bbox 2112 2599 2288 2665; x_wconf 69' lang='lat' dir='ltr'><strong>Dirige</strong></span> 
     </span>
    </p>
   </div>
   <div class='ocr_carea' id='block_1_42' title="bbox 731 2688 2284 2757">
    <p class='ocr_par' dir='ltr' id='par_1_42' title="bbox 731 2688 2284 2757">
     <span class='ocr_line' id='line_1_42' title="bbox 731 2688 2284 2757; baseline 0.001 -19"><span class='ocrx_word' id='word_1_302' title='bbox 731 2701 942 2738; x_wconf 85' lang='lat' dir='ltr'><strong>manum</strong></span> <span class='ocrx_word' id='word_1_303' title='bbox 985 2703 1156 2740; x_wconf 91' lang='lat' dir='ltr'><strong>meam</strong></span> <span class='ocrx_word' id='word_1_304' title='bbox 1208 2688 1272 2740; x_wconf 89' lang='lat' dir='ltr'><strong>ad</strong></span> <span class='ocrx_word' id='word_1_305' title='bbox 1325 2690 1630 2742; x_wconf 78' lang='lat' dir='ltr'><strong>columnam</strong></span> <span class='ocrx_word' id='word_1_306' title='bbox 1663 2704 1782 2757; x_wconf 66' lang='lat' dir='ltr'><strong>qua:</strong></span> <span class='ocrx_word' id='word_1_307' title='bbox 1821 2691 2078 2756; x_wconf 83' lang='lat' dir='ltr'><strong>templum</strong></span> <span class='ocrx_word' id='word_1_308' title='bbox 2116 2692 2284 2741; x_wconf 86' lang='lat' dir='ltr'><strong>susti-</strong></span> 
     </span>
    </p>
   </div>
   <div class='ocr_carea' id='block_1_43' title="bbox 731 2780 2283 2855">
    <p class='ocr_par' dir='ltr' id='par_1_43' title="bbox 731 2780 2283 2855">
     <span class='ocr_line' id='line_1_43' title="bbox 731 2780 2283 2855; baseline 0 -24"><span class='ocrx_word' id='word_1_309' title='bbox 731 2790 842 2841; x_wconf 90' lang='lat' dir='ltr'><strong>net,</strong></span> <span class='ocrx_word' id='word_1_310' title='bbox 868 2790 1197 2848; x_wconf 74' lang='lat' dir='ltr'><strong>extensaque</strong></span> <span class='ocrx_word' id='word_1_311' title='bbox 1228 2782 1415 2855; x_wconf 76' lang='lat' dir='ltr'><strong>dextra</strong></span> <span class='ocrx_word' id='word_1_312' title='bbox 1446 2795 1606 2834; x_wconf 88' lang='lat' dir='ltr'><strong>unam</strong></span> <span class='ocrx_word' id='word_1_313' title='bbox 1637 2780 2048 2849; x_wconf 86' lang='lat' dir='ltr'><strong>apprehendens</strong></span> <span class='ocrx_word' id='word_1_314' title='bbox 2077 2782 2283 2832; x_wconf 83' lang='lat' dir='ltr'><strong>colum-</strong></span> 
     </span>
    </p>
   </div>
   <div class='ocr_carea' id='block_1_44' title="bbox 728 2871 2286 2938">
    <p class='ocr_par' dir='ltr' id='par_1_44' title="bbox 728 2871 2286 2938">
     <span class='ocr_line' id='line_1_44' title="bbox 728 2871 2286 2938; baseline 0.002 -18"><span class='ocrx_word' id='word_1_315' title='bbox 728 2885 873 2930; x_wconf 88' lang='lat' dir='ltr'><strong>nam,</strong></span> <span class='ocrx_word' id='word_1_316' title='bbox 922 2871 1048 2923; x_wconf 68' lang='lat' dir='ltr'><strong>laeva</strong></span> <span class='ocrx_word' id='word_1_317' title='bbox 1096 2871 1344 2932; x_wconf 88' lang='lat' dir='ltr'><strong>alteram,</strong></span> <span class='ocrx_word' id='word_1_318' title='bbox 1399 2886 1491 2925; x_wconf 86' lang='lat' dir='ltr'><strong>cas</strong></span> <span class='ocrx_word' id='word_1_319' title='bbox 1544 2873 1615 2922; x_wconf 92' lang='lat' dir='ltr'><strong>ita</strong></span> <span class='ocrx_word' id='word_1_320' title='bbox 1676 2871 1899 2923; x_wconf 81' lang='lat' dir='ltr'><strong>attraxit</strong></span> <span class='ocrx_word' id='word_1_321' title='bbox 1935 2881 1991 2922; x_wconf 89' lang='lat' dir='ltr'><strong>ut</strong></span> <span class='ocrx_word' id='word_1_322' title='bbox 2047 2881 2286 2938; x_wconf 68' lang='lat' dir='ltr'><strong>utrmque</strong></span> 
     </span>
    </p>
   </div>
   <div class='ocr_carea' id='block_1_45' title="bbox 728 2961 2283 3028">
    <p class='ocr_par' dir='ltr' id='par_1_45' title="bbox 728 2961 2283 3028">
     <span class='ocr_line' id='line_1_45' title="bbox 728 2961 2283 3028; baseline 0 -17"><span class='ocrx_word' id='word_1_323' title='bbox 728 2977 830 3013; x_wconf 91' lang='lat' dir='ltr'><strong>una</strong></span> <span class='ocrx_word' id='word_1_324' title='bbox 861 2974 981 3014; x_wconf 86' lang='lat' dir='ltr'><strong>cum</strong></span> <span class='ocrx_word' id='word_1_325' title='bbox 1015 2961 1212 3028; x_wconf 91' lang='lat' dir='ltr'><strong>templo</strong></span> <span class='ocrx_word' id='word_1_326' title='bbox 1243 2961 1587 3024; x_wconf 79' lang='lat' dir='ltr'><strong>deciderent;</strong></span> <span class='ocrx_word' id='word_1_327' title='bbox 1635 2963 1941 3028; x_wconf 87' lang='lat' dir='ltr'><strong>mortuique</strong></span> <span class='ocrx_word' id='word_1_328' title='bbox 1973 2972 2097 3014; x_wconf 92' lang='lat' dir='ltr'><strong>sunt</strong></span> <span class='ocrx_word' id='word_1_329' title='bbox 2129 2962 2283 3014; x_wconf 86' lang='lat' dir='ltr'><strong>Satn-</strong></span> 
     </span>
    </p>
   </div>
   <div class='ocr_carea' id='block_1_46' title="bbox 726 3050 2286 3119">
    <p class='ocr_par' dir='ltr' id='par_1_46' title="bbox 726 3050 2286 3119">
     <span class='ocr_line' id='line_1_46' title="bbox 726 3050 2286 3119; baseline 0 -15"><span class='ocrx_word' id='word_1_330' title='bbox 726 3067 825 3104; x_wconf 87' lang='lat' dir='ltr'><strong>son</strong></span> <span class='ocrx_word' id='word_1_331' title='bbox 882 3067 1176 3118; x_wconf 81' lang='lat' dir='ltr'><strong>omnesque</strong></span> <span class='ocrx_word' id='word_1_332' title='bbox 1205 3053 1296 3118; x_wconf 88' lang='lat' dir='ltr'><strong>qui</strong></span> <span class='ocrx_word' id='word_1_333' title='bbox 1332 3053 1383 3104; x_wconf 93' lang='lat' dir='ltr'><strong>in</strong></span> <span class='ocrx_word' id='word_1_334' title='bbox 1439 3053 1638 3119; x_wconf 88' lang='lat' dir='ltr'><strong>templo</strong></span> <span class='ocrx_word' id='word_1_335' title='bbox 1671 3050 1887 3104; x_wconf 88' lang='lat' dir='ltr'><strong>fuerant</strong></span> <span class='ocrx_word' id='word_1_336' title='bbox 1921 3054 2017 3105; x_wconf 83' lang='lat' dir='ltr'><strong>\iri</strong></span> <span class='ocrx_word' id='word_1_337' title='bbox 2062 3062 2116 3105; x_wconf 91' lang='lat' dir='ltr'><strong>et</strong></span> <span class='ocrx_word' id='word_1_338' title='bbox 2169 3069 2286 3104; x_wconf 85' lang='lat' dir='ltr'><strong>tnu-</strong></span> 
     </span>
    </p>
   </div>
   <div class='ocr_carea' id='block_1_47' title="bbox 730 3142 2280 3211">
    <p class='ocr_par' dir='ltr' id='par_1_47' title="bbox 730 3142 2280 3211">
     <span class='ocr_line' id='line_1_47' title="bbox 730 3142 2280 3211; baseline -0.001 -17"><span class='ocrx_word' id='word_1_339' title='bbox 730 3143 924 3205; x_wconf 89' lang='lat' dir='ltr'><strong>lieres;</strong></span> <span class='ocrx_word' id='word_1_340' title='bbox 974 3144 1262 3210; x_wconf 88' lang='lat' dir='ltr'><strong>pluresque</strong></span> <span class='ocrx_word' id='word_1_341' title='bbox 1316 3142 1535 3195; x_wconf 89' lang='lat' dir='ltr'><strong>fuerunt</strong></span> <span class='ocrx_word' id='word_1_342' title='bbox 1573 3143 1740 3198; x_wconf 91' lang='lat' dir='ltr'><strong>occisi</strong></span> <span class='ocrx_word' id='word_1_343' title='bbox 1772 3159 1912 3211; x_wconf 88' lang='lat' dir='ltr'><strong>quos</strong></span> <span class='ocrx_word' id='word_1_344' title='bbox 1962 3155 2136 3197; x_wconf 89' lang='lat' dir='ltr'><strong>morte</strong></span> <span class='ocrx_word' id='word_1_345' title='bbox 2185 3159 2280 3196; x_wconf 87' lang='lat' dir='ltr'><strong>sua</strong></span> 
     </span>
    </p>
   </div>
   <div class='ocr_carea' id='block_1_48' title="bbox 727 3231 2281 3300">
    <p class='ocr_par' dir='ltr' id='par_1_48' title="bbox 727 3231 2281 3300">
     <span class='ocr_line' id='line_1_48' title="bbox 727 3231 2281 3300; baseline 0.003 -18"><span class='ocrx_word' id='word_1_346' title='bbox 727 3232 924 3284; x_wconf 83' lang='lat' dir='ltr'><strong>occidit</strong></span> <span class='ocrx_word' id='word_1_347' title='bbox 959 3231 1214 3294; x_wconf 79' lang='lat' dir='ltr'><strong>Samson,</strong></span> <span class='ocrx_word' id='word_1_348' title='bbox 1239 3247 1400 3298; x_wconf 88' lang='lat' dir='ltr'><strong>quam</strong></span> <span class='ocrx_word' id='word_1_349' title='bbox 1429 3247 1563 3300; x_wconf 90' lang='lat' dir='ltr'><strong>quos</strong></span> <span class='ocrx_word' id='word_1_350' title='bbox 1615 3232 1665 3284; x_wconf 91' lang='lat' dir='ltr'><strong>in</strong></span> <span class='ocrx_word' id='word_1_351' title='bbox 1700 3233 1806 3284; x_wconf 81' lang='lat' dir='ltr'><strong>vita</strong></span> <span class='ocrx_word' id='word_1_352' title='bbox 1842 3249 1938 3284; x_wconf 91' lang='lat' dir='ltr'><strong>sua</strong></span> <span class='ocrx_word' id='word_1_353' title='bbox 1987 3234 2281 3286; x_wconf 89' lang='lat' dir='ltr'><strong>occiderat.</strong></span> 
     </span>
    </p>
   </div>
   <div class='ocr_carea' id='block_1_49' title="bbox 727 3319 2282 3388">
    <p class='ocr_par' dir='ltr' id='par_1_49' title="bbox 727 3319 2282 3388">
     <span class='ocr_line' id='line_1_49' title="bbox 727 3319 2282 3388; baseline 0 -16"><span class='ocrx_word' id='word_1_354' title='bbox 727 3320 906 3387; x_wconf 85' lang='lat' dir='ltr'><strong>Ipsum</strong></span> <span class='ocrx_word' id='word_1_355' title='bbox 946 3335 1074 3372; x_wconf 76' lang='lat' dir='ltr'><strong>vero</strong></span> <span class='ocrx_word' id='word_1_356' title='bbox 1106 3320 1378 3372; x_wconf 85' lang='lat' dir='ltr'><strong>sublatum</strong></span> <span class='ocrx_word' id='word_1_357' title='bbox 1429 3319 1755 3388; x_wconf 82' lang='lat' dir='ltr'><strong>sepelierunt</strong></span> <span class='ocrx_word' id='word_1_358' title='bbox 1802 3323 1884 3373; x_wconf 93' lang='lat' dir='ltr'><strong>sui</strong></span> <span class='ocrx_word' id='word_1_359' title='bbox 1943 3323 2082 3373; x_wconf 91' lang='lat' dir='ltr'><strong>inter</strong></span> <span class='ocrx_word' id='word_1_360' title='bbox 2116 3321 2282 3372; x_wconf 83' lang='lat' dir='ltr'><strong>Saata</strong></span> 
     </span>
    </p>
   </div>
   <div class='ocr_carea' id='block_1_50' title="bbox 725 3408 2282 3477">
    <p class='ocr_par' dir='ltr' id='par_1_50' title="bbox 725 3408 2282 3477">
     <span class='ocr_line' id='line_1_50' title="bbox 725 3408 2282 3477; baseline 0.001 -17"><span class='ocrx_word' id='word_1_361' title='bbox 725 3421 778 3460; x_wconf 90' lang='lat' dir='ltr'><strong>et</strong></span> <span class='ocrx_word' id='word_1_362' title='bbox 811 3408 1034 3461; x_wconf 81' lang='lat' dir='ltr'><strong>Eshtaol</strong></span> <span class='ocrx_word' id='word_1_363' title='bbox 1067 3425 1186 3462; x_wconf 88' lang='lat' dir='ltr'><strong>cum</strong></span> <span class='ocrx_word' id='word_1_364' title='bbox 1237 3419 1387 3477; x_wconf 84' lang='lat' dir='ltr'><strong>patre</strong></span> <span class='ocrx_word' id='word_1_365' title='bbox 1427 3424 1523 3462; x_wconf 90' lang='lat' dir='ltr'><strong>suo</strong></span> <span class='ocrx_word' id='word_1_366' title='bbox 1573 3408 1827 3468; x_wconf 80' lang='lat' dir='ltr'><strong>Manoah,</strong></span> <span class='ocrx_word' id='word_1_367' title='bbox 1879 3409 2093 3463; x_wconf 84' lang='lat' dir='ltr'><strong>Mortuo</strong></span> <span class='ocrx_word' id='word_1_368' title='bbox 2125 3409 2282 3463; x_wconf 88' lang='lat' dir='ltr'><strong>Sam-</strong></span> 
     </span>
    </p>
   </div>
   <div class='ocr_carea' id='block_1_51' title="bbox 726 3499 2286 3569">
    <p class='ocr_par' dir='ltr' id='par_1_51' title="bbox 726 3499 2286 3569">
     <span class='ocr_line' id='line_1_51' title="bbox 726 3499 2286 3569; baseline 0.002 -19"><span class='ocrx_word' id='word_1_369' title='bbox 726 3514 882 3556; x_wconf 81' lang='lat' dir='ltr'><strong>soiie.</strong></span> <span class='ocrx_word' id='word_1_370' title='bbox 922 3510 1179 3553; x_wconf 77' lang='lat' dir='ltr'><strong>rexerunt</strong></span> <span class='ocrx_word' id='word_1_371' title='bbox 1207 3499 1467 3554; x_wconf 62' lang='lat' dir='ltr'><strong>Israelita:</strong></span> <span class='ocrx_word' id='word_1_372' title='bbox 1500 3500 1586 3551; x_wconf 93' lang='lat' dir='ltr'><strong>alii</strong></span> <span class='ocrx_word' id='word_1_373' title='bbox 1620 3500 1756 3553; x_wconf 81' lang='lat' dir='ltr'><strong>alios</strong></span> <span class='ocrx_word' id='word_1_374' title='bbox 1805 3501 1858 3552; x_wconf 90' lang='lat' dir='ltr'><strong>in</strong></span> <span class='ocrx_word' id='word_1_375' title='bbox 1889 3501 2286 3569; x_wconf 87' lang='lat' dir='ltr'><strong>tranquillitate</strong></span> 
     </span>
    </p>
   </div>
   <div class='ocr_carea' id='block_1_52' title="bbox 726 3591 1542 3659">
    <p class='ocr_par' dir='ltr' id='par_1_52' title="bbox 726 3591 1542 3659">
     <span class='ocr_line' id='line_1_52' title="bbox 726 3591 1542 3659; baseline -0.002 -17"><span class='ocrx_word' id='word_1_376' title='bbox 726 3600 777 3642; x_wconf 91' lang='lat' dir='ltr'><strong>ct</strong></span> <span class='ocrx_word' id='word_1_377' title='bbox 813 3605 944 3657; x_wconf 85' lang='lat' dir='ltr'><strong>pace</strong></span> <span class='ocrx_word' id='word_1_378' title='bbox 976 3593 1134 3643; x_wconf 86' lang='lat' dir='ltr'><strong>annis</strong></span> <span class='ocrx_word' id='word_1_379' title='bbox 1167 3591 1542 3659; x_wconf 76' lang='lat' dir='ltr'><strong>quadraginta.</strong></span> 
     </span>
    </p>
   </div>
   <div class='ocr_carea' id='block_1_53' title="bbox 804 3678 2280 3752">
    <p class='ocr_par' dir='ltr' id='par_1_53' title="bbox 804 3678 2280 3752">
     <span class='ocr_line' id='line_1_53' title="bbox 804 3678 2280 3752; baseline -0.003 -15"><span class='ocrx_word' id='word_1_380' title='bbox 804 3680 1149 3752; x_wconf 54' lang='lat'><strong>151-153</strong></span> <span class='ocrx_word' id='word_1_381' title='bbox 1183 3681 1382 3736; x_wconf 87' lang='lat' dir='ltr'><strong>Deinde</strong></span> <span class='ocrx_word' id='word_1_382' title='bbox 1410 3681 1619 3747; x_wconf 69' lang='lat' dir='ltr'><strong>praeluit</strong></span> <span class='ocrx_word' id='word_1_383' title='bbox 1651 3683 1848 3749; x_wconf 78' lang='lat' dir='ltr'><strong>populo</strong></span> <span class='ocrx_word' id='word_1_384' title='bbox 1896 3680 1972 3733; x_wconf 82' lang='lat' dir='ltr'><strong>Eli</strong></span> <span class='ocrx_word' id='word_1_385' title='bbox 2007 3678 2280 3743; x_wconf 86' lang='lat' dir='ltr'><strong>sacerdos,</strong></span> 
     </span>
    </p>
   </div>
   <div class='ocr_carea' id='block_1_54' title="bbox 733 3771 2281 3844">
    <p class='ocr_par' dir='ltr' id='par_1_54' title="bbox 733 3771 2281 3844">
     <span class='ocr_line' id='line_1_54' title="bbox 733 3771 2281 3844; baseline -0.003 -18"><span class='ocrx_word' id='word_1_386' title='bbox 733 3791 907 3828; x_wconf 86' lang='lat' dir='ltr'><strong>annos</strong></span> <span class='ocrx_word' id='word_1_387' title='bbox 941 3776 1147 3844; x_wconf 74' lang='lat' dir='ltr'><strong>viginti.</strong></span> <span class='ocrx_word' id='word_1_388' title='bbox 1184 3775 1256 3826; x_wconf 83' lang='lat' dir='ltr'><strong>Eo</strong></span> <span class='ocrx_word' id='word_1_389' title='bbox 1285 3783 1527 3842; x_wconf 86' lang='lat' dir='ltr'><strong>tempore</strong></span> <span class='ocrx_word' id='word_1_390' title='bbox 1572 3771 1670 3824; x_wconf 87' lang='lat' dir='ltr'><strong>fuit</strong></span> <span class='ocrx_word' id='word_1_391' title='bbox 1720 3772 2018 3826; x_wconf 85' lang='lat' dir='ltr'><strong>sacrarium</strong></span> <span class='ocrx_word' id='word_1_392' title='bbox 2061 3772 2115 3824; x_wconf 89' lang='lat' dir='ltr'><strong>in</strong></span> <span class='ocrx_word' id='word_1_393' title='bbox 2160 3771 2281 3824; x_wconf 83' lang='lat' dir='ltr'><strong>Shi-</strong></span> 
     </span>
    </p>
   </div>
   <div class='ocr_carea' id='block_1_55' title="bbox 700 3863 2282 3934">
    <p class='ocr_par' dir='ltr' id='par_1_55' title="bbox 700 3863 2282 3934">
     <span class='ocr_line' id='line_1_55' title="bbox 700 3863 2282 3934; baseline -0.003 -18"><span class='ocrx_word' id='word_1_394' title='bbox 700 3868 900 3918; x_wconf 92' lang='lat' dir='ltr'><strong>&#39;lumo.</strong></span> <span class='ocrx_word' id='word_1_395' title='bbox 948 3864 1296 3934; x_wconf 83' lang='lat' dir='ltr'><strong>Fucruntqne</strong></span> <span class='ocrx_word' id='word_1_396' title='bbox 1335 3867 1409 3917; x_wconf 76' lang='lat' dir='ltr'><strong>Eli</strong></span> <span class='ocrx_word' id='word_1_397' title='bbox 1447 3863 1715 3917; x_wconf 87' lang='lat' dir='ltr'><strong>sacerdoti</strong></span> <span class='ocrx_word' id='word_1_398' title='bbox 1754 3863 1846 3915; x_wconf 85' lang='lat' dir='ltr'>lilii</span> <span class='ocrx_word' id='word_1_399' title='bbox 1878 3863 2005 3922; x_wconf 91' lang='lat' dir='ltr'><strong>duo,</strong></span> <span class='ocrx_word' id='word_1_400' title='bbox 2053 3876 2282 3930; x_wconf 91' lang='lat' dir='ltr'><strong>quorum</strong></span> 
     </span>
    </p>
   </div>
   <div class='ocr_carea' id='block_1_56' title="bbox 737 3951 2282 4022">
    <p class='ocr_par' dir='ltr' id='par_1_56' title="bbox 737 3951 2282 4022">
     <span class='ocr_line' id='line_1_56' title="bbox 737 3951 2282 4022; baseline -0.004 -16"><span class='ocrx_word' id='word_1_401' title='bbox 737 3955 828 4006; x_wconf 86' lang='lat' dir='ltr'><strong>nni</strong></span> <span class='ocrx_word' id='word_1_402' title='bbox 881 3972 1072 4008; x_wconf 71' lang='lat' dir='ltr'><strong>nomen</strong></span> <span class='ocrx_word' id='word_1_403' title='bbox 1124 3955 1383 4022; x_wconf 83' lang='lat' dir='ltr'><strong>llopltne,</strong></span> <span class='ocrx_word' id='word_1_404' title='bbox 1428 3957 1582 4007; x_wconf 61' lang='lat' dir='ltr'><strong>alteri</strong></span> <span class='ocrx_word' id='word_1_405' title='bbox 1636 3953 1888 4006; x_wconf 80' lang='lat' dir='ltr'><strong>Phineas.</strong></span> <span class='ocrx_word' id='word_1_406' title='bbox 1954 3951 2075 4005; x_wconf 82' lang='lat' dir='ltr'><strong>Fuit</strong></span> <span class='ocrx_word' id='word_1_407' title='bbox 2124 3953 2282 4006; x_wconf 88' lang='lat' dir='ltr'><strong>etiam</strong></span> 
     </span>
    </p>
   </div>
   <div class='ocr_carea' id='block_1_57' title="bbox 731 4043 2284 4114">
    <p class='ocr_par' dir='ltr' id='par_1_57' title="bbox 731 4043 2284 4114">
     <span class='ocr_line' id='line_1_57' title="bbox 731 4043 2284 4114; baseline 0.001 -22"><span class='ocrx_word' id='word_1_408' title='bbox 731 4045 975 4111; x_wconf 79' lang='lat' dir='ltr'><strong>ejusdem</strong></span> <span class='ocrx_word' id='word_1_409' title='bbox 1041 4055 1284 4113; x_wconf 84' lang='lat' dir='ltr'><strong>tempore</strong></span> <span class='ocrx_word' id='word_1_410' title='bbox 1331 4047 1590 4114; x_wconf 86' lang='lat' dir='ltr'><strong>propheta</strong></span> <span class='ocrx_word' id='word_1_411' title='bbox 1638 4059 1666 4097; x_wconf 92' lang='lat' dir='ltr'><strong>e</strong></span> <span class='ocrx_word' id='word_1_412' title='bbox 1711 4043 2006 4106; x_wconf 74' lang='lat' dir='ltr'><strong>liamayain</strong></span> <span class='ocrx_word' id='word_1_413' title='bbox 2067 4044 2284 4094; x_wconf 89' lang='lat' dir='ltr'><strong>nomine</strong></span> 
     </span>
    </p>
   </div>
   <div class='ocr_carea' id='block_1_58' title="bbox 731 4131 2285 4198">
    <p class='ocr_par' dir='ltr' id='par_1_58' title="bbox 731 4131 2285 4198">
     <span class='ocr_line' id='line_1_58' title="bbox 731 4131 2285 4198; baseline -0.001 -14"><span class='ocrx_word' id='word_1_414' title='bbox 731 4133 993 4198; x_wconf 78' lang='lat' dir='ltr'><strong>lletkana,</strong></span> <span class='ocrx_word' id='word_1_415' title='bbox 1029 4136 1170 4188; x_wconf 88' lang='lat' dir='ltr'><strong>blius</strong></span> <span class='ocrx_word' id='word_1_416' title='bbox 1210 4132 1518 4187; x_wconf 68' lang='lat' dir='ltr'><strong>let-oboami</strong></span> <span class='ocrx_word' id='word_1_417' title='bbox 1551 4134 1618 4186; x_wconf 85' lang='lat' dir='ltr'><strong>de.</strong></span> <span class='ocrx_word' id='word_1_418' title='bbox 1659 4133 1800 4184; x_wconf 86' lang='lat' dir='ltr'><strong>tribu</strong></span> <span class='ocrx_word' id='word_1_419' title='bbox 1835 4131 1983 4195; x_wconf 67' lang='lat' dir='ltr'><strong>Leti,</strong></span> <span class='ocrx_word' id='word_1_420' title='bbox 2018 4132 2104 4184; x_wconf 90' lang='lat' dir='ltr'><strong>cui</strong></span> <span class='ocrx_word' id='word_1_421' title='bbox 2147 4131 2285 4183; x_wconf 80' lang='lat' dir='ltr'><strong>bina:</strong></span> 
     </span>
    </p>
   </div>
   <div class='ocr_carea' id='block_1_59' title="bbox 729 4220 2288 4292">
    <p class='ocr_par' dir='ltr' id='par_1_59' title="bbox 729 4220 2288 4292">
     <span class='ocr_line' id='line_1_59' title="bbox 729 4220 2288 4292; baseline -0.002 -16"><span class='ocrx_word' id='word_1_422' title='bbox 729 4233 886 4276; x_wconf 87' lang='lat' dir='ltr'><strong>erant</strong></span> <span class='ocrx_word' id='word_1_423' title='bbox 930 4223 1207 4291; x_wconf 88' lang='lat' dir='ltr'><strong>conjuges,</strong></span> <span class='ocrx_word' id='word_1_424' title='bbox 1241 4237 1466 4292; x_wconf 87' lang='lat' dir='ltr'><strong>quarunt</strong></span> <span class='ocrx_word' id='word_1_425' title='bbox 1499 4223 1594 4274; x_wconf 89' lang='lat' dir='ltr'><strong>uni</strong></span> <span class='ocrx_word' id='word_1_426' title='bbox 1642 4236 1837 4274; x_wconf 89' lang='lat' dir='ltr'><strong>nomen</strong></span> <span class='ocrx_word' id='word_1_427' title='bbox 1889 4220 2114 4273; x_wconf 88' lang='lat' dir='ltr'><strong>llaunah</strong></span> <span class='ocrx_word' id='word_1_428' title='bbox 2147 4221 2288 4288; x_wconf 75' lang='lat' dir='ltr'><strong>(qua:</strong></span> 
     </span>
    </p>
   </div>
   <div class='ocr_carea' id='block_1_60' title="bbox 731 4309 2285 4380">
    <p class='ocr_par' dir='ltr' id='par_1_60' title="bbox 731 4309 2285 4380">
     <span class='ocr_line' id='line_1_60' title="bbox 731 4309 2285 4380; baseline -0.002 -15"><span class='ocrx_word' id='word_1_429' title='bbox 731 4313 934 4366; x_wconf 85' lang='lat' dir='ltr'><strong>sterilis</strong></span> <span class='ocrx_word' id='word_1_430' title='bbox 966 4311 1274 4380; x_wconf 89' lang='lat' dir='ltr'><strong>fuit),alteri</strong></span> <span class='ocrx_word' id='word_1_431' title='bbox 1313 4309 1555 4374; x_wconf 82' lang='lat' dir='ltr'><strong>flenaua,</strong></span> <span class='ocrx_word' id='word_1_432' title='bbox 1591 4310 1676 4364; x_wconf 92' lang='lat' dir='ltr'><strong>cui</strong></span> <span class='ocrx_word' id='word_1_433' title='bbox 1726 4310 1819 4362; x_wconf 87' lang='lat' dir='ltr'><strong>filii</strong></span> <span class='ocrx_word' id='word_1_434' title='bbox 1843 4309 2285 4364; x_wconf 79' lang='lat' dir='ltr'><strong>crant.Profecta</strong></span> 
     </span>
    </p>
   </div>
   <div class='ocr_carea' id='block_1_61' title="bbox 731 4399 2285 4468">
    <p class='ocr_par' dir='ltr' id='par_1_61' title="bbox 731 4399 2285 4468">
     <span class='ocr_line' id='line_1_61' title="bbox 731 4399 2285 4468; baseline -0.001 -16"><span class='ocrx_word' id='word_1_435' title='bbox 731 4413 912 4458; x_wconf 86' lang='lat' dir='ltr'><strong>autem</strong></span> <span class='ocrx_word' id='word_1_436' title='bbox 947 4402 1176 4455; x_wconf 83' lang='lat' dir='ltr'><strong>llaunah</strong></span> <span class='ocrx_word' id='word_1_437' title='bbox 1207 4404 1272 4454; x_wconf 87' lang='lat' dir='ltr'><strong>ad</strong></span> <span class='ocrx_word' id='word_1_438' title='bbox 1310 4402 1610 4455; x_wconf 85' lang='lat' dir='ltr'><strong>sacrarium</strong></span> <span class='ocrx_word' id='word_1_439' title='bbox 1641 4399 1895 4464; x_wconf 82' lang='lat' dir='ltr'><strong>Sbilutni,</strong></span> <span class='ocrx_word' id='word_1_440' title='bbox 1930 4410 2143 4468; x_wconf 88' lang='lat' dir='ltr'><strong>precata</strong></span> <span class='ocrx_word' id='word_1_441' title='bbox 2205 4411 2285 4454; x_wconf 86' lang='lat' dir='ltr'><strong>est</strong></span> 
     </span>
    </p>
   </div>
   <div class='ocr_carea' id='block_1_62' title="bbox 2391 1960 3946 2028">
    <p class='ocr_par' dir='ltr' id='par_1_62' title="bbox 2391 1960 3946 2028">
     <span class='ocr_line' id='line_1_62' title="bbox 2391 1960 3946 2028; baseline -0.005 -14"><span class='ocrx_word' id='word_1_442' title='bbox 2391 1976 2564 2014; x_wconf 87' lang='lat' dir='ltr'><strong>annos</strong></span> <span class='ocrx_word' id='word_1_443' title='bbox 2595 1969 2752 2013; x_wconf 91' lang='lat' dir='ltr'><strong>natus</strong></span> <span class='ocrx_word' id='word_1_444' title='bbox 2800 1960 3110 2028; x_wconf 85' lang='lat' dir='ltr'><strong>nonaginta.</strong></span> <span class='ocrx_word' id='word_1_445' title='bbox 3149 1961 3241 2012; x_wconf 90' lang='lat' dir='ltr'><strong>Die</strong></span> <span class='ocrx_word' id='word_1_446' title='bbox 3271 1971 3452 2013; x_wconf 90' lang='lat' dir='ltr'><strong>autem</strong></span> <span class='ocrx_word' id='word_1_447' title='bbox 3506 1960 3746 2010; x_wconf 83' lang='lat' dir='ltr'><strong>crastino</strong></span> <span class='ocrx_word' id='word_1_448' title='bbox 3785 1972 3946 2009; x_wconf 85' lang='lat' dir='ltr'><strong>acce-</strong></span> 
     </span>
    </p>
   </div>
   <div class='ocr_carea' id='block_1_63' title="bbox 2390 2049 3944 2117">
    <p class='ocr_par' dir='ltr' id='par_1_63' title="bbox 2390 2049 3944 2117">
     <span class='ocr_line' id='line_1_63' title="bbox 2390 2049 3944 2117; baseline -0.004 -13"><span class='ocrx_word' id='word_1_449' title='bbox 2390 2053 2579 2105; x_wconf 88' lang='lat' dir='ltr'><strong>dentes</strong></span> <span class='ocrx_word' id='word_1_450' title='bbox 2602 2053 2760 2104; x_wconf 74' lang='lat' dir='ltr'><strong>Gaza:</strong></span> <span class='ocrx_word' id='word_1_451' title='bbox 2791 2051 2979 2104; x_wconf 68' lang='grc' dir='ltr'>ιιιροιιιε</span> <span class='ocrx_word' id='word_1_452' title='bbox 3027 2051 3090 2103; x_wconf 88' lang='lat' dir='ltr'><strong>ad</strong></span> <span class='ocrx_word' id='word_1_453' title='bbox 3122 2053 3380 2117; x_wconf 86' lang='lat' dir='ltr'><strong>templum</strong></span> <span class='ocrx_word' id='word_1_454' title='bbox 3427 2049 3682 2116; x_wconf 85' lang='lat' dir='ltr'><strong>Dagonis,</strong></span> <span class='ocrx_word' id='word_1_455' title='bbox 3734 2049 3798 2098; x_wconf 92' lang='lat' dir='ltr'><strong>ad</strong></span> <span class='ocrx_word' id='word_1_456' title='bbox 3861 2049 3944 2098; x_wconf 91' lang='lat' dir='ltr'><strong>vi-</strong></span> 
     </span>
    </p>
   </div>
   <div class='ocr_carea' id='block_1_64' title="bbox 2391 2141 3946 2208">
    <p class='ocr_par' dir='ltr' id='par_1_64' title="bbox 2391 2141 3946 2208">
     <span class='ocr_line' id='line_1_64' title="bbox 2391 2141 3946 2208; baseline -0.003 -13"><span class='ocrx_word' id='word_1_457' title='bbox 2391 2143 2620 2195; x_wconf 88' lang='lat' dir='ltr'><strong>dendam</strong></span> <span class='ocrx_word' id='word_1_458' title='bbox 2648 2157 2851 2203; x_wconf 79' lang='lat' dir='ltr'><strong>arcam,</strong></span> <span class='ocrx_word' id='word_1_459' title='bbox 2881 2142 3082 2194; x_wconf 87' lang='lat' dir='ltr'><strong>idolum</strong></span> <span class='ocrx_word' id='word_1_460' title='bbox 3123 2144 3301 2208; x_wconf 76' lang='lat' dir='ltr'><strong>Dagon</strong></span> <span class='ocrx_word' id='word_1_461' title='bbox 3346 2143 3396 2193; x_wconf 93' lang='lat' dir='ltr'><strong>in</strong></span> <span class='ocrx_word' id='word_1_462' title='bbox 3438 2141 3627 2195; x_wconf 83' lang='lat' dir='ltr'><strong>faciem</strong></span> <span class='ocrx_word' id='word_1_463' title='bbox 3657 2155 3808 2192; x_wconf 80' lang='lat' dir='ltr'><strong>sua-n</strong></span> <span class='ocrx_word' id='word_1_464' title='bbox 3850 2153 3946 2190; x_wconf 89' lang='lat' dir='ltr'><strong>co-</strong></span> 
     </span>
    </p>
   </div>
   <div class='ocr_carea' id='block_1_65' title="bbox 2390 2231 3945 2302">
    <p class='ocr_par' dir='ltr' id='par_1_65' title="bbox 2390 2231 3945 2302">
     <span class='ocr_line' id='line_1_65' title="bbox 2390 2231 3945 2302; baseline -0.003 -17"><span class='ocrx_word' id='word_1_465' title='bbox 2390 2248 2502 2285; x_wconf 86' lang='lat' dir='ltr'><strong>ram</strong></span> <span class='ocrx_word' id='word_1_466' title='bbox 2533 2248 2712 2286; x_wconf 85' lang='lat' dir='ltr'><strong>arcam</strong></span> <span class='ocrx_word' id='word_1_467' title='bbox 2746 2233 3076 2302; x_wconf 76' lang='lat' dir='ltr'><strong>prostratum</strong></span> <span class='ocrx_word' id='word_1_468' title='bbox 3134 2233 3479 2285; x_wconf 83' lang='lat' dir='ltr'><strong>invenerunt.</strong></span> <span class='ocrx_word' id='word_1_469' title='bbox 3540 2232 3743 2282; x_wconf 81' lang='lat' dir='ltr'><strong>Accidit</strong></span> <span class='ocrx_word' id='word_1_470' title='bbox 3781 2231 3945 2282; x_wconf 83' lang='lat' dir='ltr'><strong>etiam</strong></span> 
     </span>
    </p>
   </div>
   <div class='ocr_carea' id='block_1_66' title="bbox 2390 2323 3948 2394">
    <p class='ocr_par' dir='ltr' id='par_1_66' title="bbox 2390 2323 3948 2394">
     <span class='ocr_line' id='line_1_66' title="bbox 2390 2323 3948 2394; baseline -0.005 -16"><span class='ocrx_word' id='word_1_471' title='bbox 2390 2327 2441 2378; x_wconf 92' lang='lat' dir='ltr'><strong>in</strong></span> <span class='ocrx_word' id='word_1_472' title='bbox 2479 2329 2610 2379; x_wconf 81' lang='lat' dir='ltr'><strong>urbe</strong></span> <span class='ocrx_word' id='word_1_473' title='bbox 2660 2327 2801 2380; x_wconf 88' lang='lat' dir='ltr'><strong>Gaza</strong></span> <span class='ocrx_word' id='word_1_474' title='bbox 2853 2327 3006 2394; x_wconf 80' lang='lat' dir='ltr'><strong>plaga</strong></span> <span class='ocrx_word' id='word_1_475' title='bbox 3061 2325 3362 2388; x_wconf 88' lang='lat' dir='ltr'><strong>mortifera,</strong></span> <span class='ocrx_word' id='word_1_476' title='bbox 3410 2325 3544 2392; x_wconf 89' lang='lat' dir='ltr'><strong>ipsis</strong></span> <span class='ocrx_word' id='word_1_477' title='bbox 3598 2323 3948 2377; x_wconf 67' lang='lat' dir='ltr'><strong>lia-iuorrlura</strong></span> 
     </span>
    </p>
   </div>
   <div class='ocr_carea' id='block_1_67' title="bbox 2390 2413 3950 2485">
    <p class='ocr_par' dir='ltr' id='par_1_67' title="bbox 2390 2413 3950 2485">
     <span class='ocr_line' id='line_1_67' title="bbox 2390 2413 3950 2485; baseline -0.006 -15"><span class='ocrx_word' id='word_1_478' title='bbox 2390 2418 2676 2485; x_wconf 87' lang='lat' dir='ltr'><strong>correptis,</strong></span> <span class='ocrx_word' id='word_1_479' title='bbox 2713 2418 3041 2485; x_wconf 87' lang='lat' dir='ltr'><strong>impletaque</strong></span> <span class='ocrx_word' id='word_1_480' title='bbox 3080 2426 3165 2470; x_wconf 90' lang='lat' dir='ltr'><strong>cst</strong></span> <span class='ocrx_word' id='word_1_481' title='bbox 3199 2415 3348 2484; x_wconf 85' lang='lat' dir='ltr'><strong>regio</strong></span> <span class='ocrx_word' id='word_1_482' title='bbox 3375 2415 3615 2483; x_wconf 77' lang='lat' dir='ltr'><strong>ipsorum</strong></span> <span class='ocrx_word' id='word_1_483' title='bbox 3652 2413 3854 2466; x_wconf 88' lang='lat' dir='ltr'><strong>muscis</strong></span> <span class='ocrx_word' id='word_1_484' title='bbox 3896 2423 3950 2462; x_wconf 70' lang='grc' dir='ltr'><strong>ιι</strong></span> 
     </span>
    </p>
   </div>
   <div class='ocr_carea' id='block_1_68' title="bbox 2390 2506 3950 2571">
    <p class='ocr_par' dir='ltr' id='par_1_68' title="bbox 2390 2506 3950 2571">
     <span class='ocr_line' id='line_1_68' title="bbox 2390 2506 3950 2571; baseline -0.004 -11"><span class='ocrx_word' id='word_1_485' title='bbox 2390 2507 2756 2560; x_wconf 77' lang='lat' dir='ltr'><strong>stellionibus.</strong></span> <span class='ocrx_word' id='word_1_486' title='bbox 2793 2508 3052 2560; x_wconf 83' lang='lat' dir='ltr'><strong>Substitit</strong></span> <span class='ocrx_word' id='word_1_487' title='bbox 3085 2517 3262 2559; x_wconf 87' lang='lat' dir='ltr'><strong>autem</strong></span> <span class='ocrx_word' id='word_1_488' title='bbox 3293 2506 3432 2571; x_wconf 84' lang='lat' dir='ltr'><strong>apud</strong></span> <span class='ocrx_word' id='word_1_489' title='bbox 3481 2506 3630 2571; x_wconf 86' lang='lat' dir='ltr'><strong>ipsos</strong></span> <span class='ocrx_word' id='word_1_490' title='bbox 3662 2519 3784 2555; x_wconf 89' lang='lat' dir='ltr'><strong>arca</strong></span> <span class='ocrx_word' id='word_1_491' title='bbox 3817 2519 3950 2570; x_wconf 84' lang='lat' dir='ltr'><strong>qna-</strong></span> 
     </span>
    </p>
   </div>
   <div class='ocr_carea' id='block_1_69' title="bbox 2390 2596 3946 2668">
    <p class='ocr_par' dir='ltr' id='par_1_69' title="bbox 2390 2596 3946 2668">
     <span class='ocr_line' id='line_1_69' title="bbox 2390 2596 3946 2668; baseline -0.003 -20"><span class='ocrx_word' id='word_1_492' title='bbox 2390 2608 2511 2648; x_wconf 90' lang='lat' dir='ltr'><strong>tuor</strong></span> <span class='ocrx_word' id='word_1_493' title='bbox 2561 2614 2776 2651; x_wconf 88' lang='lat' dir='ltr'><strong>menses</strong></span> <span class='ocrx_word' id='word_1_494' title='bbox 2817 2598 2923 2668; x_wconf 77' lang='lat' dir='ltr'><strong>[vel</strong></span> <span class='ocrx_word' id='word_1_495' title='bbox 2971 2601 3121 2665; x_wconf 77' lang='lat' dir='ltr'><strong>juxta</strong></span> <span class='ocrx_word' id='word_1_496' title='bbox 3189 2597 3333 2648; x_wconf 91' lang='lat' dir='ltr'><strong>aliud</strong></span> <span class='ocrx_word' id='word_1_497' title='bbox 3385 2596 3683 2664; x_wconf 76' lang='lat' dir='ltr'><strong>exemplar,</strong></span> <span class='ocrx_word' id='word_1_498' title='bbox 3736 2605 3946 2660; x_wconf 83' lang='lat' dir='ltr'><strong>septeni</strong></span> 
     </span>
    </p>
   </div>
   <div class='ocr_carea' id='block_1_70' title="bbox 2388 2686 3948 2757">
    <p class='ocr_par' dir='ltr' id='par_1_70' title="bbox 2388 2686 3948 2757">
     <span class='ocr_line' id='line_1_70' title="bbox 2388 2686 3948 2757; baseline -0.003 -18"><span class='ocrx_word' id='word_1_499' title='bbox 2388 2687 2643 2757; x_wconf 82' lang='lat' dir='ltr'><strong>menses].</strong></span> <span class='ocrx_word' id='word_1_500' title='bbox 2685 2688 2942 2742; x_wconf 78' lang='lat' dir='ltr'><strong>Dixerunt</strong></span> <span class='ocrx_word' id='word_1_501' title='bbox 2981 2707 3109 2756; x_wconf 79' lang='lat' dir='ltr'><strong>ergo</strong></span> <span class='ocrx_word' id='word_1_502' title='bbox 3151 2688 3324 2741; x_wconf 73' lang='lat' dir='ltr'><strong>Gaza-i</strong></span> <span class='ocrx_word' id='word_1_503' title='bbox 3360 2686 3515 2741; x_wconf 87' lang='lat' dir='ltr'><strong>:Non</strong></span> <span class='ocrx_word' id='word_1_504' title='bbox 3547 2688 3742 2740; x_wconf 83' lang='lat' dir='ltr'><strong>accidit</strong></span> <span class='ocrx_word' id='word_1_505' title='bbox 3790 2688 3948 2738; x_wconf 82' lang='lat' dir='ltr'><strong>nobis</strong></span> 
     </span>
    </p>
   </div>
   <div class='ocr_carea' id='block_1_71' title="bbox 2391 2778 3947 2845">
    <p class='ocr_par' dir='ltr' id='par_1_71' title="bbox 2391 2778 3947 2845">
     <span class='ocr_line' id='line_1_71' title="bbox 2391 2778 3947 2845; baseline 0.003 -17"><span class='ocrx_word' id='word_1_506' title='bbox 2391 2778 2731 2833; x_wconf 67' lang='lat' dir='ltr'><strong>hmmerrhzea</strong></span> <span class='ocrx_word' id='word_1_507' title='bbox 2767 2783 2866 2831; x_wconf 78' lang='lat' dir='ltr'><strong>ista</strong></span> <span class='ocrx_word' id='word_1_508' title='bbox 2897 2820 2910 2842; x_wconf 91' lang='lat'><strong>,</strong></span> <span class='ocrx_word' id='word_1_509' title='bbox 2944 2795 3119 2845; x_wconf 87' lang='lat' dir='ltr'><strong>neque</strong></span> <span class='ocrx_word' id='word_1_510' title='bbox 3165 2784 3365 2833; x_wconf 83' lang='lat' dir='ltr'><strong>muses</strong></span> <span class='ocrx_word' id='word_1_511' title='bbox 3397 2791 3442 2832; x_wconf 90' lang='lat' dir='ltr'><strong>et</strong></span> <span class='ocrx_word' id='word_1_512' title='bbox 3479 2779 3821 2832; x_wconf 90' lang='lat' dir='ltr'><strong>stellionibus</strong></span> <span class='ocrx_word' id='word_1_513' title='bbox 3854 2793 3947 2832; x_wconf 83' lang='lat' dir='ltr'><strong>ve-</strong></span> 
     </span>
    </p>
   </div>
   <div class='ocr_carea' id='block_1_72' title="bbox 2390 2865 3948 2934">
    <p class='ocr_par' dir='ltr' id='par_1_72' title="bbox 2390 2865 3948 2934">
     <span class='ocr_line' id='line_1_72' title="bbox 2390 2865 3948 2934; baseline 0.003 -20"><span class='ocrx_word' id='word_1_514' title='bbox 2390 2877 2581 2915; x_wconf 75' lang='lat' dir='ltr'><strong>Xatntlt‘</strong></span> <span class='ocrx_word' id='word_1_515' title='bbox 2604 2865 2705 2917; x_wconf 92' lang='lat' dir='ltr'><strong>nisi</strong></span> <span class='ocrx_word' id='word_1_516' title='bbox 2733 2865 2802 2918; x_wconf 94' lang='lat' dir='ltr'><strong>ob</strong></span> <span class='ocrx_word' id='word_1_517' title='bbox 2836 2881 3016 2920; x_wconf 89' lang='lat' dir='ltr'><strong>arcam</strong></span> <span class='ocrx_word' id='word_1_518' title='bbox 3044 2868 3199 2918; x_wconf 90' lang='lat' dir='ltr'><strong>istam</strong></span> <span class='ocrx_word' id='word_1_519' title='bbox 3237 2881 3251 2919; x_wconf 89' lang='lat'>:</span> <span class='ocrx_word' id='word_1_520' title='bbox 3280 2868 3613 2919; x_wconf 86' lang='lat' dir='ltr'><strong>dimittamus</strong></span> <span class='ocrx_word' id='word_1_521' title='bbox 3640 2884 3767 2934; x_wconf 85' lang='lat' dir='ltr'><strong>ergo</strong></span> <span class='ocrx_word' id='word_1_522' title='bbox 3797 2883 3825 2918; x_wconf 88' lang='lat' dir='ltr'><strong>a</strong></span> <span class='ocrx_word' id='word_1_523' title='bbox 3853 2882 3948 2919; x_wconf 89' lang='lat' dir='ltr'><strong>no—</strong></span> 
     </span>
    </p>
   </div>
   <div class='ocr_carea' id='block_1_73' title="bbox 2391 2951 3946 3021">
    <p class='ocr_par' dir='ltr' id='par_1_73' title="bbox 2391 2951 3946 3021">
     <span class='ocr_line' id='line_1_73' title="bbox 2391 2951 3946 3021; baseline 0.001 -19"><span class='ocrx_word' id='word_1_524' title='bbox 2391 2951 2468 3002; x_wconf 79' lang='lat' dir='ltr'><strong>bis</strong></span> <span class='ocrx_word' id='word_1_525' title='bbox 2497 2966 2676 3003; x_wconf 90' lang='lat' dir='ltr'><strong>arcam</strong></span> <span class='ocrx_word' id='word_1_526' title='bbox 2704 2969 2720 3014; x_wconf 87' lang='lat'><strong>;</strong></span> <span class='ocrx_word' id='word_1_527' title='bbox 2755 2968 2912 3006; x_wconf 91' lang='lat' dir='ltr'><strong>secus</strong></span> <span class='ocrx_word' id='word_1_528' title='bbox 2940 2956 3084 3005; x_wconf 84' lang='lat' dir='ltr'><strong>enim</strong></span> <span class='ocrx_word' id='word_1_529' title='bbox 3122 2955 3435 3021; x_wconf 79' lang='lat' dir='ltr'><strong>perivimus.</strong></span> <span class='ocrx_word' id='word_1_530' title='bbox 3476 2957 3736 3008; x_wconf 81' lang='lat' dir='ltr'><strong>Dixerunt</strong></span> <span class='ocrx_word' id='word_1_531' title='bbox 3765 2965 3946 3008; x_wconf 90' lang='lat' dir='ltr'><strong>autem</strong></span> 
     </span>
    </p>
   </div>
   <div class='ocr_carea' id='block_1_74' title="bbox 2387 3039 3948 3114">
    <p class='ocr_par' dir='ltr' id='par_1_74' title="bbox 2387 3039 3948 3114">
     <span class='ocr_line' id='line_1_74' title="bbox 2387 3039 3948 3114; baseline 0.004 -24"><span class='ocrx_word' id='word_1_532' title='bbox 2387 3039 2602 3108; x_wconf 83' lang='lat' dir='ltr'><strong>quidam</strong></span> <span class='ocrx_word' id='word_1_533' title='bbox 2647 3057 2711 3095; x_wconf 75' lang='lat' dir='ltr'><strong>ex</strong></span> <span class='ocrx_word' id='word_1_534' title='bbox 2755 3042 2889 3110; x_wconf 88' lang='lat' dir='ltr'><strong>ipsis</strong></span> <span class='ocrx_word' id='word_1_535' title='bbox 2925 3057 2938 3094; x_wconf 91' lang='lat'><strong>:</strong></span> <span class='ocrx_word' id='word_1_536' title='bbox 2981 3042 3091 3096; x_wconf 92' lang='lat' dir='ltr'><strong>lloc</strong></span> <span class='ocrx_word' id='word_1_537' title='bbox 3117 3047 3486 3111; x_wconf 64' lang='lat' dir='ltr'><strong>probabimus,</strong></span> <span class='ocrx_word' id='word_1_538' title='bbox 3514 3045 3864 3114; x_wconf 58' lang='lat'><strong>155-157</strong></span> <span class='ocrx_word' id='word_1_539' title='bbox 3903 3047 3948 3097; x_wconf 84' lang='lat' dir='ltr'><strong>si</strong></span> 
     </span>
    </p>
   </div>
   <div class='ocr_carea' id='block_1_75' title="bbox 2389 3133 3944 3204">
    <p class='ocr_par' dir='ltr' id='par_1_75' title="bbox 2389 3133 3944 3204">
     <span class='ocr_line' id='line_1_75' title="bbox 2389 3133 3944 3204; baseline 0.002 -21"><span class='ocrx_word' id='word_1_540' title='bbox 2389 3134 2629 3200; x_wconf 82' lang='lat' dir='ltr'><strong>acceptis</strong></span> <span class='ocrx_word' id='word_1_541' title='bbox 2690 3133 2938 3200; x_wconf 80' lang='lat' dir='ltr'><strong>jurencis</strong></span> <span class='ocrx_word' id='word_1_542' title='bbox 3006 3135 3220 3188; x_wconf 89' lang='lat' dir='ltr'><strong>duobus</strong></span> <span class='ocrx_word' id='word_1_543' title='bbox 3279 3135 3370 3201; x_wconf 75' lang='lat' dir='ltr'><strong>qui</strong></span> <span class='ocrx_word' id='word_1_544' title='bbox 3424 3151 3700 3203; x_wconf 78' lang='lat' dir='ltr'><strong>nunquam</strong></span> <span class='ocrx_word' id='word_1_545' title='bbox 3755 3138 3944 3204; x_wconf 74' lang='lat' dir='ltr'><strong>jugum</strong></span> 
     </span>
    </p>
   </div>
   <div class='ocr_carea' id='block_1_76' title="bbox 2390 3223 3950 3293">
    <p class='ocr_par' dir='ltr' id='par_1_76' title="bbox 2390 3223 3950 3293">
     <span class='ocr_line' id='line_1_76' title="bbox 2390 3223 3950 3293; baseline 0.004 -22"><span class='ocrx_word' id='word_1_546' title='bbox 2390 3223 2654 3282; x_wconf 89' lang='lat' dir='ltr'><strong>tulerunt,</strong></span> <span class='ocrx_word' id='word_1_547' title='bbox 2687 3225 2793 3275; x_wconf 91' lang='lat' dir='ltr'><strong>illis</strong></span> <span class='ocrx_word' id='word_1_548' title='bbox 2819 3225 3118 3290; x_wconf 83' lang='lat' dir='ltr'><strong>plaustrum</strong></span> <span class='ocrx_word' id='word_1_549' title='bbox 3155 3240 3350 3277; x_wconf 75' lang='lat' dir='ltr'><strong>novum</strong></span> <span class='ocrx_word' id='word_1_550' title='bbox 3391 3225 3752 3293; x_wconf 56' lang='lat' dir='ltr'><strong>imponamus,</strong></span> <span class='ocrx_word' id='word_1_551' title='bbox 3787 3229 3950 3293; x_wconf 83' lang='lat' dir='ltr'><strong>eique</strong></span> 
     </span>
    </p>
   </div>
   <div class='ocr_carea' id='block_1_77' title="bbox 2387 3315 3946 3382">
    <p class='ocr_par' dir='ltr' id='par_1_77' title="bbox 2387 3315 3946 3382">
     <span class='ocr_line' id='line_1_77' title="bbox 2387 3315 3946 3382; baseline 0.001 -20"><span class='ocrx_word' id='word_1_552' title='bbox 2387 3327 2592 3374; x_wconf 88' lang='lat' dir='ltr'><strong>arcam,</strong></span> <span class='ocrx_word' id='word_1_553' title='bbox 2630 3328 2847 3380; x_wconf 90' lang='lat' dir='ltr'><strong>unaque</strong></span> <span class='ocrx_word' id='word_1_554' title='bbox 2883 3329 3005 3366; x_wconf 86' lang='lat' dir='ltr'><strong>cum</strong></span> <span class='ocrx_word' id='word_1_555' title='bbox 3039 3329 3162 3366; x_wconf 86' lang='lat' dir='ltr'><strong>arca</strong></span> <span class='ocrx_word' id='word_1_556' title='bbox 3197 3315 3385 3366; x_wconf 86' lang='lat' dir='ltr'><strong>cistam</strong></span> <span class='ocrx_word' id='word_1_557' title='bbox 3422 3329 3707 3382; x_wconf 86' lang='lat' dir='ltr'><strong>ponamus,</strong></span> <span class='ocrx_word' id='word_1_558' title='bbox 3747 3317 3800 3367; x_wconf 92' lang='lat' dir='ltr'><strong>in</strong></span> <span class='ocrx_word' id='word_1_559' title='bbox 3841 3332 3946 3378; x_wconf 81' lang='lat' dir='ltr'><strong>qua</strong></span> 
     </span>
    </p>
   </div>
   <div class='ocr_carea' id='block_1_78' title="bbox 2385 3403 3952 3473">
    <p class='ocr_par' dir='ltr' id='par_1_78' title="bbox 2385 3403 3952 3473">
     <span class='ocr_line' id='line_1_78' title="bbox 2385 3403 3952 3473; baseline -0.002 -18"><span class='ocrx_word' id='word_1_560' title='bbox 2385 3404 2453 3455; x_wconf 75' lang='lat' dir='ltr'><strong>sit</strong></span> <span class='ocrx_word' id='word_1_561' title='bbox 2492 3417 2797 3455; x_wconf 83' lang='lat' dir='ltr'><strong>musrarum</strong></span> <span class='ocrx_word' id='word_1_562' title='bbox 2839 3412 2886 3454; x_wconf 91' lang='lat' dir='ltr'><strong>et</strong></span> <span class='ocrx_word' id='word_1_563' title='bbox 2919 3403 3234 3455; x_wconf 88' lang='lat' dir='ltr'><strong>stellionutn</strong></span> <span class='ocrx_word' id='word_1_564' title='bbox 3271 3419 3335 3456; x_wconf 78' lang='lat' dir='ltr'><strong>ex</strong></span> <span class='ocrx_word' id='word_1_565' title='bbox 3365 3418 3498 3456; x_wconf 87' lang='lat' dir='ltr'><strong>auro</strong></span> <span class='ocrx_word' id='word_1_566' title='bbox 3523 3413 3684 3473; x_wconf 85' lang='lat' dir='ltr'><strong>atque</strong></span> <span class='ocrx_word' id='word_1_567' title='bbox 3718 3413 3952 3470; x_wconf 76' lang='lat' dir='ltr'><strong>argento</strong></span> 
     </span>
    </p>
   </div>
   <div class='ocr_carea' id='block_1_79' title="bbox 2385 3491 3948 3560">
    <p class='ocr_par' dir='ltr' id='par_1_79' title="bbox 2385 3491 3948 3560">
     <span class='ocr_line' id='line_1_79' title="bbox 2385 3491 3948 3560; baseline 0.001 -19"><span class='ocrx_word' id='word_1_568' title='bbox 2385 3491 2608 3558; x_wconf 80' lang='lat' dir='ltr'><strong>clligics,</strong></span> <span class='ocrx_word' id='word_1_569' title='bbox 2652 3492 2897 3543; x_wconf 88' lang='lat' dir='ltr'><strong>muneris</strong></span> <span class='ocrx_word' id='word_1_570' title='bbox 2953 3493 3148 3549; x_wconf 86' lang='lat' dir='ltr'><strong>instar.</strong></span> <span class='ocrx_word' id='word_1_571' title='bbox 3200 3493 3269 3546; x_wconf 84' lang='lat' dir='ltr'><strong>ab</strong></span> <span class='ocrx_word' id='word_1_572' title='bbox 3323 3508 3654 3560; x_wconf 91' lang='lat' dir='ltr'><strong>unaquaque</strong></span> <span class='ocrx_word' id='word_1_573' title='bbox 3711 3497 3865 3555; x_wconf 82' lang='lat' dir='ltr'><strong>urbe,</strong></span> <span class='ocrx_word' id='word_1_574' title='bbox 3919 3512 3948 3544; x_wconf 83' lang='lat' dir='ltr'><strong>a</strong></span> 
     </span>
    </p>
   </div>
   <div class='ocr_carea' id='block_1_80' title="bbox 2386 3581 3949 3649">
    <p class='ocr_par' dir='ltr' id='par_1_80' title="bbox 2386 3581 3949 3649">
     <span class='ocr_line' id='line_1_80' title="bbox 2386 3581 3949 3649; baseline 0.002 -17"><span class='ocrx_word' id='word_1_575' title='bbox 2386 3583 2551 3641; x_wconf 79' lang='lat' dir='ltr'><strong>Gaza,</strong></span> <span class='ocrx_word' id='word_1_576' title='bbox 2606 3583 2674 3635; x_wconf 88' lang='lat' dir='ltr'><strong>ab</strong></span> <span class='ocrx_word' id='word_1_577' title='bbox 2735 3581 2992 3645; x_wconf 76' lang='lat' dir='ltr'><strong>Askelon,</strong></span> <span class='ocrx_word' id='word_1_578' title='bbox 3045 3598 3072 3632; x_wconf 92' lang='lat' dir='ltr'><strong>a</strong></span> <span class='ocrx_word' id='word_1_579' title='bbox 3107 3581 3352 3649; x_wconf 74' lang='lat' dir='ltr'><strong>Raphah,</strong></span> <span class='ocrx_word' id='word_1_580' title='bbox 3411 3583 3480 3637; x_wconf 85' lang='lat' dir='ltr'><strong>ab</strong></span> <span class='ocrx_word' id='word_1_581' title='bbox 3541 3582 3819 3640; x_wconf 80' lang='lat' dir='ltr'><strong>Yazdodo,</strong></span> <span class='ocrx_word' id='word_1_582' title='bbox 3880 3587 3949 3635; x_wconf 83' lang='lat' dir='ltr'><strong>ab</strong></span> 
     </span>
    </p>
   </div>
   <div class='ocr_carea' id='block_1_81' title="bbox 2385 3669 3946 3739">
    <p class='ocr_par' dir='ltr' id='par_1_81' title="bbox 2385 3669 3946 3739">
     <span class='ocr_line' id='line_1_81' title="bbox 2385 3669 3946 3739; baseline 0.001 -19"><span class='ocrx_word' id='word_1_583' title='bbox 2385 3670 2622 3736; x_wconf 66' lang='lat' dir='ltr'><strong>liphron.</strong></span> <span class='ocrx_word' id='word_1_584' title='bbox 2672 3669 2728 3720; x_wconf 87' lang='lat' dir='ltr'><strong>Si</strong></span> <span class='ocrx_word' id='word_1_585' title='bbox 2772 3671 2916 3722; x_wconf 90' lang='lat' dir='ltr'><strong>enim</strong></span> <span class='ocrx_word' id='word_1_586' title='bbox 2954 3679 3098 3722; x_wconf 90' lang='lat' dir='ltr'><strong>recta</strong></span> <span class='ocrx_word' id='word_1_587' title='bbox 3146 3671 3366 3722; x_wconf 86' lang='lat' dir='ltr'><strong>tendant</strong></span> <span class='ocrx_word' id='word_1_588' title='bbox 3397 3670 3613 3738; x_wconf 87' lang='lat' dir='ltr'><strong>juvenci</strong></span> <span class='ocrx_word' id='word_1_589' title='bbox 3662 3671 3716 3725; x_wconf 93' lang='lat' dir='ltr'><strong>in</strong></span> <span class='ocrx_word' id='word_1_590' title='bbox 3765 3673 3946 3739; x_wconf 60' lang='lat' dir='ltr'><strong>regio-</strong></span> 
     </span>
    </p>
   </div>
   <div class='ocr_carea' id='block_1_82' title="bbox 2387 3757 3945 3830">
    <p class='ocr_par' dir='ltr' id='par_1_82' title="bbox 2387 3757 3945 3830">
     <span class='ocr_line' id='line_1_82' title="bbox 2387 3757 3945 3830; baseline 0.004 -21"><span class='ocrx_word' id='word_1_591' title='bbox 2387 3774 2505 3809; x_wconf 87' lang='lat' dir='ltr'><strong>nem</strong></span> <span class='ocrx_word' id='word_1_592' title='bbox 2541 3757 2916 3820; x_wconf 88' lang='lat' dir='ltr'><strong>lsraeliticam,</strong></span> <span class='ocrx_word' id='word_1_593' title='bbox 2956 3773 3137 3812; x_wconf 90' lang='lat' dir='ltr'><strong>arcam</strong></span> <span class='ocrx_word' id='word_1_594' title='bbox 3170 3761 3527 3824; x_wconf 85' lang='lat' dir='ltr'><strong>dimittemus,</strong></span> <span class='ocrx_word' id='word_1_595' title='bbox 3572 3762 3806 3814; x_wconf 86' lang='lat' dir='ltr'><strong>scientes</strong></span> <span class='ocrx_word' id='word_1_596' title='bbox 3848 3763 3945 3830; x_wconf 80' lang='lat' dir='ltr'><strong>dy-</strong></span> 
     </span>
    </p>
   </div>
   <div class='ocr_carea' id='block_1_83' title="bbox 2387 3847 3947 3913">
    <p class='ocr_par' dir='ltr' id='par_1_83' title="bbox 2387 3847 3947 3913">
     <span class='ocr_line' id='line_1_83' title="bbox 2387 3847 3947 3913; baseline 0.004 -15"><span class='ocrx_word' id='word_1_597' title='bbox 2387 3847 2675 3900; x_wconf 88' lang='lat' dir='ltr'><strong>senteriam</strong></span> <span class='ocrx_word' id='word_1_598' title='bbox 2703 3847 2881 3910; x_wconf 89' lang='lat' dir='ltr'><strong>istam,</strong></span> <span class='ocrx_word' id='word_1_599' title='bbox 2910 3863 3119 3901; x_wconf 91' lang='lat' dir='ltr'><strong>necnon</strong></span> <span class='ocrx_word' id='word_1_600' title='bbox 3149 3865 3362 3905; x_wconf 86' lang='lat' dir='ltr'><strong>muscas</strong></span> <span class='ocrx_word' id='word_1_601' title='bbox 3395 3860 3447 3904; x_wconf 89' lang='lat' dir='ltr'><strong>et</strong></span> <span class='ocrx_word' id='word_1_602' title='bbox 3471 3851 3774 3913; x_wconf 79' lang='lat' dir='ltr'><strong>stelliones,</strong></span> <span class='ocrx_word' id='word_1_603' title='bbox 3808 3869 3947 3904; x_wconf 49' lang='lat' dir='ltr'><strong>ante</strong></span> 
     </span>
    </p>
   </div>
   <div class='ocr_carea' id='block_1_84' title="bbox 2387 3938 3941 4006">
    <p class='ocr_par' dir='ltr' id='par_1_84' title="bbox 2387 3938 3941 4006">
     <span class='ocr_line' id='line_1_84' title="bbox 2387 3938 3941 4006; baseline 0.002 -18"><span class='ocrx_word' id='word_1_604' title='bbox 2387 3952 2549 3989; x_wconf 83' lang='lat' dir='ltr'><strong>causa</strong></span> <span class='ocrx_word' id='word_1_605' title='bbox 2578 3938 2842 4006; x_wconf 76' lang='lat' dir='ltr'><strong>obtigisse</strong></span> <span class='ocrx_word' id='word_1_606' title='bbox 2873 3955 2888 4002; x_wconf 84' lang='lat'><strong>;</strong></span> <span class='ocrx_word' id='word_1_607' title='bbox 2922 3940 3006 3992; x_wconf 85' lang='lat' dir='ltr'><strong>sin</strong></span> <span class='ocrx_word' id='word_1_608' title='bbox 3044 3940 3222 3992; x_wconf 89' lang='lat' dir='ltr'><strong>minus</strong></span> <span class='ocrx_word' id='word_1_609' title='bbox 3255 3941 3308 3992; x_wconf 87' lang='lat' dir='ltr'><strong>in</strong></span> <span class='ocrx_word' id='word_1_610' title='bbox 3342 3949 3542 3993; x_wconf 85' lang='lat' dir='ltr'><strong>terrain</strong></span> <span class='ocrx_word' id='word_1_611' title='bbox 3588 3942 3941 3993; x_wconf 74' lang='lat' dir='ltr'><strong>l5iaclzt.cam</strong></span> 
     </span>
    </p>
   </div>
   <div class='ocr_carea' id='block_1_85' title="bbox 2388 4028 3948 4097">
    <p class='ocr_par' dir='ltr' id='par_1_85' title="bbox 2388 4028 3948 4097">
     <span class='ocr_line' id='line_1_85' title="bbox 2388 4028 3948 4097; baseline 0.003 -17"><span class='ocrx_word' id='word_1_612' title='bbox 2388 4029 2617 4097; x_wconf 90' lang='lat' dir='ltr'><strong>profecti</strong></span> <span class='ocrx_word' id='word_1_613' title='bbox 2672 4028 2894 4092; x_wconf 81' lang='lat' dir='ltr'><strong>fuerint,</strong></span> <span class='ocrx_word' id='word_1_614' title='bbox 2943 4031 3179 4084; x_wconf 83' lang='lat' dir='ltr'><strong>sciemus</strong></span> <span class='ocrx_word' id='word_1_615' title='bbox 3230 4032 3330 4085; x_wconf 80' lang='lat' dir='ltr'><strong>hoc</strong></span> <span class='ocrx_word' id='word_1_616' title='bbox 3381 4033 3634 4084; x_wconf 86' lang='lat' dir='ltr'><strong>accidens</strong></span> <span class='ocrx_word' id='word_1_617' title='bbox 3685 4034 3880 4094; x_wconf 70' lang='lat' dir='ltr'><strong>fit-55c,</strong></span> <span class='ocrx_word' id='word_1_618' title='bbox 3920 4049 3948 4084; x_wconf 89' lang='lat' dir='ltr'><strong>e</strong></span> 
     </span>
    </p>
   </div>
   <div class='ocr_carea' id='block_1_86' title="bbox 2386 4121 3342 4187">
    <p class='ocr_par' dir='ltr' id='par_1_86' title="bbox 2386 4121 3342 4187">
     <span class='ocr_line' id='line_1_86' title="bbox 2386 4121 3342 4187; baseline 0.003 -16"><span class='ocrx_word' id='word_1_619' title='bbox 2386 4121 2516 4174; x_wconf 89' lang='lat' dir='ltr'><strong>vitio</strong></span> <span class='ocrx_word' id='word_1_620' title='bbox 2542 4121 2684 4175; x_wconf 91' lang='lat' dir='ltr'><strong>aeris</strong></span> <span class='ocrx_word' id='word_1_621' title='bbox 2718 4130 2770 4174; x_wconf 91' lang='lat' dir='ltr'><strong>et</strong></span> <span class='ocrx_word' id='word_1_622' title='bbox 2803 4123 3111 4187; x_wconf 86' lang='lat' dir='ltr'><strong>pestilentia</strong></span> <span class='ocrx_word' id='word_1_623' title='bbox 3140 4133 3342 4174; x_wconf 90' lang='lat' dir='ltr'><strong>ortum.</strong></span> 
     </span>
    </p>
   </div>
   <div class='ocr_carea' id='block_1_87' title="bbox 2461 4211 3946 4280">
    <p class='ocr_par' dir='ltr' id='par_1_87' title="bbox 2461 4211 3946 4280">
     <span class='ocr_line' id='line_1_87' title="bbox 2461 4211 3946 4280; baseline 0.001 -17"><span class='ocrx_word' id='word_1_624' title='bbox 2461 4211 2570 4264; x_wconf 91' lang='lat' dir='ltr'><strong>lloc</strong></span> <span class='ocrx_word' id='word_1_625' title='bbox 2597 4213 2761 4280; x_wconf 86' lang='lat' dir='ltr'><strong>igitur</strong></span> <span class='ocrx_word' id='word_1_626' title='bbox 2795 4227 2916 4264; x_wconf 92' lang='lat' dir='ltr'><strong>cum</strong></span> <span class='ocrx_word' id='word_1_627' title='bbox 2943 4212 3221 4276; x_wconf 91' lang='lat' dir='ltr'><strong>fecissent,</strong></span> <span class='ocrx_word' id='word_1_628' title='bbox 3257 4223 3398 4264; x_wconf 90' lang='lat' dir='ltr'><strong>recta</strong></span> <span class='ocrx_word' id='word_1_629' title='bbox 3427 4211 3676 4265; x_wconf 87' lang='lat' dir='ltr'><strong>abierunt</strong></span> <span class='ocrx_word' id='word_1_630' title='bbox 3726 4212 3946 4277; x_wconf 72' lang='lat' dir='ltr'><strong>juvrnci</strong></span> 
     </span>
    </p>
   </div>
   <div class='ocr_carea' id='block_1_88' title="bbox 2388 4301 3946 4372">
    <p class='ocr_par' dir='ltr' id='par_1_88' title="bbox 2388 4301 3946 4372">
     <span class='ocr_line' id='line_1_88' title="bbox 2388 4301 3946 4372; baseline -0.001 -19"><span class='ocrx_word' id='word_1_631' title='bbox 2388 4302 2439 4353; x_wconf 90' lang='lat' dir='ltr'><strong>in</strong></span> <span class='ocrx_word' id='word_1_632' title='bbox 2467 4301 2834 4354; x_wconf 86' lang='lat' dir='ltr'><strong>lsraelitarum</strong></span> <span class='ocrx_word' id='word_1_633' title='bbox 2870 4303 3182 4372; x_wconf 82' lang='lat' dir='ltr'><strong>regionem;</strong></span> <span class='ocrx_word' id='word_1_634' title='bbox 3221 4302 3426 4369; x_wconf 89' lang='lat' dir='ltr'><strong>ipsique</strong></span> <span class='ocrx_word' id='word_1_635' title='bbox 3483 4303 3808 4370; x_wconf 73' lang='lat' dir='ltr'><strong>tlystnteiia,</strong></span> <span class='ocrx_word' id='word_1_636' title='bbox 3841 4319 3946 4369; x_wconf 83' lang='lat' dir='ltr'><strong>qua</strong></span> 
     </span>
    </p>
   </div>
   <div class='ocr_carea' id='block_1_89' title="bbox 2386 4390 3948 4455">
    <p class='ocr_par' dir='ltr' id='par_1_89' title="bbox 2386 4390 3948 4455">
     <span class='ocr_line' id='line_1_89' title="bbox 2386 4390 3948 4455; baseline -0.001 -12"><span class='ocrx_word' id='word_1_637' title='bbox 2386 4391 2562 4444; x_wconf 78' lang='lat' dir='ltr'><strong>affecti</strong></span> <span class='ocrx_word' id='word_1_638' title='bbox 2592 4391 2824 4455; x_wconf 87' lang='lat' dir='ltr'><strong>fuerant,</strong></span> <span class='ocrx_word' id='word_1_639' title='bbox 2848 4392 3061 4445; x_wconf 89' lang='lat' dir='ltr'><strong>liberati</strong></span> <span class='ocrx_word' id='word_1_640' title='bbox 3099 4400 3224 4444; x_wconf 92' lang='lat' dir='ltr'><strong>sunt</strong></span> <span class='ocrx_word' id='word_1_641' title='bbox 3255 4390 3669 4454; x_wconf 73' lang='lat' dir='ltr'><strong>;recedeutabus</strong></span> <span class='ocrx_word' id='word_1_642' title='bbox 3691 4394 3853 4442; x_wconf 84' lang='lat' dir='ltr'><strong>etiam</strong></span> <span class='ocrx_word' id='word_1_643' title='bbox 3880 4393 3948 4442; x_wconf 83' lang='lat' dir='ltr'><strong>ab</strong></span> 
     </span>
    </p>
   </div>
   <div class='ocr_carea' id='block_1_90' title="bbox 733 4481 3949 4561">
    <p class='ocr_par' dir='ltr' id='par_1_90' title="bbox 733 4481 3949 4561">
     <span class='ocr_line' id='line_1_90' title="bbox 733 4481 3949 4561; baseline -0.002 -21"><span class='ocrx_word' id='word_1_644' title='bbox 733 4495 1018 4548; x_wconf 79' lang='lat' dir='ltr'><strong>Dominum</strong></span> <span class='ocrx_word' id='word_1_645' title='bbox 1052 4507 1251 4561; x_wconf 75' lang='lat' dir='ltr'><strong>rogans</strong></span> <span class='ocrx_word' id='word_1_646' title='bbox 1284 4502 1339 4544; x_wconf 85' lang='grc' dir='ltr'>υι</span> <span class='ocrx_word' id='word_1_647' title='bbox 1363 4492 1462 4560; x_wconf 80' lang='lat' dir='ltr'><strong>ipsi</strong></span> <span class='ocrx_word' id='word_1_648' title='bbox 1501 4492 1667 4544; x_wconf 77' lang='lat' dir='ltr'><strong>ﬁlium</strong></span> <span class='ocrx_word' id='word_1_649' title='bbox 1698 4491 2007 4558; x_wconf 62' lang='lat' dir='ltr'><strong>largiretur,</strong></span> <span class='ocrx_word' id='word_1_650' title='bbox 2065 4492 2273 4557; x_wconf 65' lang='lat' dir='ltr'><strong>pollici.</strong></span> <span class='ocrx_word' id='word_1_651' title='bbox 2319 4503 2360 4555; x_wconf 79' lang='grc' dir='ltr'>ι)</span> <span class='ocrx_word' id='word_1_652' title='bbox 2390 4484 2523 4550; x_wconf 83' lang='lat' dir='ltr'><strong>ipsis</strong></span> <span class='ocrx_word' id='word_1_653' title='bbox 2548 4483 2953 4536; x_wconf 84' lang='lat' dir='ltr'><strong>stellioriibuset</strong></span> <span class='ocrx_word' id='word_1_654' title='bbox 2975 4485 3196 4535; x_wconf 91' lang='lat' dir='ltr'><strong>muscis.</strong></span> <span class='ocrx_word' id='word_1_655' title='bbox 3223 4481 3359 4534; x_wconf 89' lang='lat' dir='ltr'><strong>Cum</strong></span> <span class='ocrx_word' id='word_1_656' title='bbox 3381 4491 3557 4534; x_wconf 79' lang='lat' dir='ltr'><strong>autem</strong></span> <span class='ocrx_word' id='word_1_657' title='bbox 3575 4484 3949 4550; x_wconf 80' lang='lat' dir='ltr'><strong>pemnisSent</strong></span> 
     </span>
    </p>
   </div>
   <div class='ocr_carea' id='block_1_91' title="bbox 733 4581 2286 4656">
    <p class='ocr_par' dir='ltr' id='par_1_91' title="bbox 733 4581 2286 4656">
     <span class='ocr_line' id='line_1_91' title="bbox 733 4581 2286 4656; baseline -0.003 -19"><span class='ocrx_word' id='word_1_658' title='bbox 733 4598 896 4656; x_wconf 87' lang='lat' dir='ltr'><strong>taque</strong></span> <span class='ocrx_word' id='word_1_659' title='bbox 928 4583 1156 4638; x_wconf 90' lang='lat' dir='ltr'><strong>Domino</strong></span> <span class='ocrx_word' id='word_1_660' title='bbox 1181 4598 1238 4636; x_wconf 91' lang='lat' dir='ltr'><strong>se</strong></span> <span class='ocrx_word' id='word_1_661' title='bbox 1274 4583 1450 4652; x_wconf 88' lang='lat' dir='ltr'><strong>ipsmn</strong></span> <span class='ocrx_word' id='word_1_662' title='bbox 1484 4581 1794 4634; x_wconf 87' lang='lat' dir='ltr'><strong>ministrum</strong></span> <span class='ocrx_word' id='word_1_663' title='bbox 1841 4581 2039 4648; x_wconf 86' lang='lat' dir='ltr'><strong>templo</strong></span> <span class='ocrx_word' id='word_1_664' title='bbox 2078 4581 2286 4633; x_wconf 48' lang='lat' dir='ltr'><strong>dicatu‘</strong></span> 
     </span>
    </p>
   </div>
   <div class='ocr_carea' id='block_1_92' title="bbox 728 4668 2286 4740">
    <p class='ocr_par' dir='ltr' id='par_1_92' title="bbox 728 4668 2286 4740">
     <span class='ocr_line' id='line_1_92' title="bbox 728 4668 2286 4740; baseline -0.006 -14"><span class='ocrx_word' id='word_1_665' title='bbox 728 4690 872 4732; x_wconf 87' lang='lat' dir='ltr'><strong>ram.</strong></span> <span class='ocrx_word' id='word_1_666' title='bbox 899 4673 1192 4728; x_wconf 86' lang='lat' dir='ltr'><strong>Gravidata</strong></span> <span class='ocrx_word' id='word_1_667' title='bbox 1220 4686 1346 4740; x_wconf 88' lang='lat' dir='ltr'><strong>ergo</strong></span> <span class='ocrx_word' id='word_1_668' title='bbox 1378 4668 1682 4723; x_wconf 84' lang='lat' dir='ltr'><strong>Samuelem</strong></span> <span class='ocrx_word' id='word_1_669' title='bbox 1707 4669 2018 4737; x_wconf 87' lang='lat' dir='ltr'><strong>prophetam</strong></span> <span class='ocrx_word' id='word_1_670' title='bbox 2041 4672 2246 4736; x_wconf 88' lang='lat' dir='ltr'><strong>peperit</strong></span> <span class='ocrx_word' id='word_1_671' title='bbox 2273 4686 2286 4730; x_wconf 89' lang='lat'><strong>;</strong></span> 
     </span>
    </p>
   </div>
   <div class='ocr_carea' id='block_1_93' title="bbox 728 4756 2286 4828">
    <p class='ocr_par' dir='ltr' id='par_1_93' title="bbox 728 4756 2286 4828">
     <span class='ocr_line' id='line_1_93' title="bbox 728 4756 2286 4828; baseline -0.004 -16"><span class='ocrx_word' id='word_1_672' title='bbox 728 4777 909 4828; x_wconf 81' lang='lat' dir='ltr'><strong>quem,</strong></span> <span class='ocrx_word' id='word_1_673' title='bbox 941 4775 1066 4813; x_wconf 90' lang='lat' dir='ltr'><strong>cum</strong></span> <span class='ocrx_word' id='word_1_674' title='bbox 1103 4759 1213 4827; x_wconf 84' lang='lat' dir='ltr'><strong>jam</strong></span> <span class='ocrx_word' id='word_1_675' title='bbox 1255 4767 1367 4810; x_wconf 87' lang='lat' dir='ltr'><strong>tres</strong></span> <span class='ocrx_word' id='word_1_676' title='bbox 1395 4771 1570 4809; x_wconf 91' lang='lat' dir='ltr'><strong>annos</strong></span> <span class='ocrx_word' id='word_1_677' title='bbox 1623 4765 1784 4808; x_wconf 87' lang='lat' dir='ltr'><strong>natus</strong></span> <span class='ocrx_word' id='word_1_678' title='bbox 1834 4765 1996 4816; x_wconf 63' lang='lat' dir='ltr'><strong>esset,</strong></span> <span class='ocrx_word' id='word_1_679' title='bbox 2049 4756 2286 4806; x_wconf 74' lang='lat' dir='ltr'><strong>abduxe-</strong></span> 
     </span>
    </p>
   </div>
   <div class='ocr_carea' id='block_1_94' title="bbox 732 4843 2284 4920">
    <p class='ocr_par' dir='ltr' id='par_1_94' title="bbox 732 4843 2284 4920">
     <span class='ocr_line' id='line_1_94' title="bbox 732 4843 2284 4920; baseline -0.007 -14"><span class='ocrx_word' id='word_1_680' title='bbox 732 4863 856 4906; x_wconf 90' lang='lat' dir='ltr'><strong>runt</strong></span> <span class='ocrx_word' id='word_1_681' title='bbox 893 4862 1046 4920; x_wconf 86' lang='lat' dir='ltr'><strong>patcr</strong></span> <span class='ocrx_word' id='word_1_682' title='bbox 1089 4850 1262 4918; x_wconf 89' lang='lat' dir='ltr'><strong>ipsius</strong></span> <span class='ocrx_word' id='word_1_683' title='bbox 1315 4846 1589 4901; x_wconf 80' lang='lat' dir='ltr'><strong>Helkanah</strong></span> <span class='ocrx_word' id='word_1_684' title='bbox 1639 4854 1692 4898; x_wconf 89' lang='lat' dir='ltr'><strong>et</strong></span> <span class='ocrx_word' id='word_1_685' title='bbox 1738 4855 1907 4896; x_wconf 87' lang='lat' dir='ltr'><strong>mater</strong></span> <span class='ocrx_word' id='word_1_686' title='bbox 1958 4844 2184 4896; x_wconf 84' lang='lat' dir='ltr'><strong>llaunah</strong></span> <span class='ocrx_word' id='word_1_687' title='bbox 2218 4843 2284 4896; x_wconf 88' lang='lat' dir='ltr'><strong>ad</strong></span> 
     </span>
    </p>
   </div>
   <div class='ocr_carea' id='block_1_95' title="bbox 732 4935 2286 5003">
    <p class='ocr_par' dir='ltr' id='par_1_95' title="bbox 732 4935 2286 5003">
     <span class='ocr_line' id='line_1_95' title="bbox 732 4935 2286 5003; baseline -0.009 -6"><span class='ocrx_word' id='word_1_688' title='bbox 732 4945 1029 4997; x_wconf 86' lang='lat' dir='ltr'><strong>sacrarium</strong></span> <span class='ocrx_word' id='word_1_689' title='bbox 1071 4941 1414 5003; x_wconf 68' lang='lat' dir='ltr'><strong>Sbtlumunt,</strong></span> <span class='ocrx_word' id='word_1_690' title='bbox 1464 4938 1861 5003; x_wconf 74' lang='lat' dir='ltr'><strong>itnmolatisque</strong></span> <span class='ocrx_word' id='word_1_691' title='bbox 1916 4935 2141 4986; x_wconf 86' lang='lat' dir='ltr'><strong>Domino</strong></span> <span class='ocrx_word' id='word_1_692' title='bbox 2193 4941 2286 4985; x_wconf 89' lang='lat' dir='ltr'><strong>ho-</strong></span> 
     </span>
    </p>
   </div>
   <div class='ocr_carea' id='block_1_96' title="bbox 731 5025 2287 5094">
    <p class='ocr_par' dir='ltr' id='par_1_96' title="bbox 731 5025 2287 5094">
     <span class='ocr_line' id='line_1_96' title="bbox 731 5025 2287 5094; baseline -0.006 -8"><span class='ocrx_word' id='word_1_693' title='bbox 731 5035 868 5094; x_wconf 69' lang='lat' dir='ltr'><strong>stiis,</strong></span> <span class='ocrx_word' id='word_1_694' title='bbox 897 5033 1062 5087; x_wconf 89' lang='lat' dir='ltr'><strong>filium</strong></span> <span class='ocrx_word' id='word_1_695' title='bbox 1087 5047 1246 5085; x_wconf 85' lang='lat' dir='ltr'><strong>suum</strong></span> <span class='ocrx_word' id='word_1_696' title='bbox 1272 5027 1579 5082; x_wconf 86' lang='lat' dir='ltr'><strong>Samuelem</strong></span> <span class='ocrx_word' id='word_1_697' title='bbox 1625 5025 1700 5078; x_wconf 75' lang='lat' dir='ltr'><strong>Eli</strong></span> <span class='ocrx_word' id='word_1_698' title='bbox 1731 5026 1993 5079; x_wconf 85' lang='lat' dir='ltr'><strong>sacerdoti</strong></span> <span class='ocrx_word' id='word_1_699' title='bbox 2053 5025 2287 5077; x_wconf 87' lang='lat' dir='ltr'><strong>tradide-</strong></span> 
     </span>
    </p>
   </div>
   <div class='ocr_carea' id='block_1_97' title="bbox 732 5117 2282 5190">
    <p class='ocr_par' dir='ltr' id='par_1_97' title="bbox 732 5117 2282 5190">
     <span class='ocr_line' id='line_1_97' title="bbox 732 5117 2282 5190; baseline -0.007 -11"><span class='ocrx_word' id='word_1_700' title='bbox 732 5137 878 5179; x_wconf 84' lang='lat' dir='ltr'><strong>ruut.</strong></span> <span class='ocrx_word' id='word_1_701' title='bbox 914 5123 1254 5177; x_wconf 81' lang='lat' dir='ltr'><strong>Ministrabat</strong></span> <span class='ocrx_word' id='word_1_702' title='bbox 1285 5135 1415 5190; x_wconf 82' lang='lat' dir='ltr'><strong>ergo</strong></span> <span class='ocrx_word' id='word_1_703' title='bbox 1459 5119 1676 5173; x_wconf 90' lang='lat' dir='ltr'><strong>Samuel</strong></span> <span class='ocrx_word' id='word_1_704' title='bbox 1728 5122 1781 5170; x_wconf 90' lang='lat' dir='ltr'><strong>in</strong></span> <span class='ocrx_word' id='word_1_705' title='bbox 1833 5118 2094 5171; x_wconf 83' lang='lat' dir='ltr'><strong>sacrario.</strong></span> <span class='ocrx_word' id='word_1_706' title='bbox 2149 5117 2282 5169; x_wconf 75' lang='lat' dir='ltr'><strong>Cum</strong></span> 
     </span>
    </p>
   </div>
   <div class='ocr_carea' id='block_1_98' title="bbox 730 5206 2284 5284">
    <p class='ocr_par' dir='ltr' id='par_1_98' title="bbox 730 5206 2284 5284">
     <span class='ocr_line' id='line_1_98' title="bbox 730 5206 2284 5284; baseline -0.008 -16"><span class='ocrx_word' id='word_1_707' title='bbox 730 5229 908 5270; x_wconf 85' lang='lat' dir='ltr'><strong>autent</strong></span> <span class='ocrx_word' id='word_1_708' title='bbox 937 5223 1274 5284; x_wconf 62' lang='lat' dir='ltr'><strong>congregata:</strong></span> <span class='ocrx_word' id='word_1_709' title='bbox 1306 5213 1729 5279; x_wconf 80' lang='lat' dir='ltr'><strong>alienigenarum</strong></span> <span class='ocrx_word' id='word_1_710' title='bbox 1762 5209 1935 5261; x_wconf 86' lang='lat' dir='ltr'><strong>tribus</strong></span> <span class='ocrx_word' id='word_1_711' title='bbox 1979 5207 2045 5260; x_wconf 87' lang='lat' dir='ltr'><strong>ad</strong></span> <span class='ocrx_word' id='word_1_712' title='bbox 2083 5206 2284 5260; x_wconf 88' lang='lat' dir='ltr'><strong>bellum</strong></span> 
     </span>
    </p>
   </div>
   <div class='ocr_carea' id='block_1_99' title="bbox 733 5296 2282 5367">
    <p class='ocr_par' dir='ltr' id='par_1_99' title="bbox 733 5296 2282 5367">
     <span class='ocr_line' id='line_1_99' title="bbox 733 5296 2282 5367; baseline -0.01 -5"><span class='ocrx_word' id='word_1_713' title='bbox 733 5307 996 5362; x_wconf 86' lang='lat' dir='ltr'><strong>lsraelitis</strong></span> <span class='ocrx_word' id='word_1_714' title='bbox 1019 5305 1384 5363; x_wconf 74' lang='lat' dir='ltr'><strong>inferendum,</strong></span> <span class='ocrx_word' id='word_1_715' title='bbox 1420 5319 1605 5355; x_wconf 90' lang='lat' dir='ltr'><strong>eorum</strong></span> <span class='ocrx_word' id='word_1_716' title='bbox 1631 5302 1779 5353; x_wconf 90' lang='lat' dir='ltr'><strong>viros</strong></span> <span class='ocrx_word' id='word_1_717' title='bbox 1819 5311 2008 5367; x_wconf 86' lang='lat' dir='ltr'><strong>quater</strong></span> <span class='ocrx_word' id='word_1_718' title='bbox 2053 5297 2196 5349; x_wconf 82' lang='lat' dir='ltr'><strong>mille</strong></span> <span class='ocrx_word' id='word_1_719' title='bbox 2231 5296 2282 5347; x_wconf 86' lang='lat' dir='ltr'><strong>in</strong></span> 
     </span>
    </p>
   </div>
   <div class='ocr_carea' id='block_1_100' title="bbox 734 5387 2284 5467">
    <p class='ocr_par' dir='ltr' id='par_1_100' title="bbox 734 5387 2284 5467">
     <span class='ocr_line' id='line_1_100' title="bbox 734 5387 2284 5467; baseline -0.008 -17"><span class='ocrx_word' id='word_1_720' title='bbox 734 5399 917 5467; x_wconf 68' lang='lat' dir='ltr'><strong>prtclio</strong></span> <span class='ocrx_word' id='word_1_721' title='bbox 943 5397 1292 5459; x_wconf 82' lang='lat' dir='ltr'><strong>cecidissent,</strong></span> <span class='ocrx_word' id='word_1_722' title='bbox 1321 5393 1576 5445; x_wconf 80' lang='lat' dir='ltr'><strong>dixerunt</strong></span> <span class='ocrx_word' id='word_1_723' title='bbox 1606 5392 1792 5460; x_wconf 90' lang='lat' dir='ltr'><strong>populi</strong></span> <span class='ocrx_word' id='word_1_724' title='bbox 1820 5389 2101 5442; x_wconf 77' lang='lat' dir='ltr'><strong>Israelitici</strong></span> <span class='ocrx_word' id='word_1_725' title='bbox 2134 5387 2284 5455; x_wconf 87' lang='lat' dir='ltr'><strong>ptin-</strong></span> 
     </span>
    </p>
   </div>
   <div class='ocr_carea' id='block_1_101' title="bbox 734 5481 2283 5559">
    <p class='ocr_par' dir='ltr' id='par_1_101' title="bbox 734 5481 2283 5559">
     <span class='ocr_line' id='line_1_101' title="bbox 734 5481 2283 5559; baseline -0.01 -15"><span class='ocrx_word' id='word_1_726' title='bbox 734 5506 884 5559; x_wconf 79' lang='lat' dir='ltr'><strong>Cpes</strong></span> <span class='ocrx_word' id='word_1_727' title='bbox 943 5507 954 5542; x_wconf 91' lang='lat'>:</span> <span class='ocrx_word' id='word_1_728' title='bbox 1010 5489 1367 5554; x_wconf 87' lang='lat' dir='ltr'><strong>Deportemus</strong></span> <span class='ocrx_word' id='word_1_729' title='bbox 1421 5486 1701 5538; x_wconf 90' lang='lat' dir='ltr'><strong>nobiscum</strong></span> <span class='ocrx_word' id='word_1_730' title='bbox 1762 5497 1940 5534; x_wconf 78' lang='lat' dir='ltr'><strong>arcam</strong></span> <span class='ocrx_word' id='word_1_731' title='bbox 1986 5481 2205 5533; x_wconf 67' lang='lat' dir='ltr'><strong>hederis</strong></span> <span class='ocrx_word' id='word_1_732' title='bbox 2258 5497 2283 5528; x_wconf 70' lang='grc' dir='ltr'><strong>ιι</strong></span> 
     </span>
    </p>
   </div>
   <div class='ocr_carea' id='block_1_102' title="bbox 735 5570 2281 5642">
    <p class='ocr_par' dir='ltr' id='par_1_102' title="bbox 735 5570 2281 5642">
     <span class='ocr_line' id='line_1_102' title="bbox 735 5570 2281 5642; baseline -0.01 -8"><span class='ocrx_word' id='word_1_733' title='bbox 735 5585 1006 5642; x_wconf 76' lang='lat' dir='ltr'><strong>Shilnnio,</strong></span> <span class='ocrx_word' id='word_1_734' title='bbox 1041 5590 1098 5633; x_wconf 93' lang='lat' dir='ltr'><strong>ut</strong></span> <span class='ocrx_word' id='word_1_735' title='bbox 1128 5583 1181 5632; x_wconf 92' lang='lat' dir='ltr'><strong>in</strong></span> <span class='ocrx_word' id='word_1_736' title='bbox 1223 5579 1397 5631; x_wconf 82' lang='lat' dir='ltr'><strong>medio</strong></span> <span class='ocrx_word' id='word_1_737' title='bbox 1429 5577 1602 5630; x_wconf 89' lang='lat' dir='ltr'><strong>nostri</strong></span> <span class='ocrx_word' id='word_1_738' title='bbox 1645 5575 1713 5628; x_wconf 89' lang='lat' dir='ltr'><strong>sit</strong></span> <span class='ocrx_word' id='word_1_739' title='bbox 1743 5575 1884 5625; x_wconf 84' lang='lat' dir='ltr'><strong>inter</strong></span> <span class='ocrx_word' id='word_1_740' title='bbox 1911 5570 2281 5638; x_wconf 62' lang='lat' dir='ltr'><strong>prarliandum,</strong></span> 
     </span>
    </p>
   </div>
   <div class='ocr_carea' id='block_1_103' title="bbox 731 5663 2284 5740">
    <p class='ocr_par' dir='ltr' id='par_1_103' title="bbox 731 5663 2284 5740">
     <span class='ocr_line' id='line_1_103' title="bbox 731 5663 2284 5740; baseline -0.011 -14"><span class='ocrx_word' id='word_1_741' title='bbox 731 5689 842 5740; x_wconf 86' lang='lat' dir='ltr'><strong>quo</strong></span> <span class='ocrx_word' id='word_1_742' title='bbox 885 5674 1002 5740; x_wconf 89' lang='lat' dir='ltr'><strong>ejus</strong></span> <span class='ocrx_word' id='word_1_743' title='bbox 1055 5687 1156 5740; x_wconf 89' lang='lat' dir='ltr'><strong>ope</strong></span> <span class='ocrx_word' id='word_1_744' title='bbox 1205 5669 1395 5737; x_wconf 85' lang='lat' dir='ltr'><strong>eripiat</strong></span> <span class='ocrx_word' id='word_1_745' title='bbox 1441 5685 1541 5723; x_wconf 92' lang='lat' dir='ltr'><strong>nos</strong></span> <span class='ocrx_word' id='word_1_746' title='bbox 1592 5667 1852 5720; x_wconf 88' lang='lat' dir='ltr'><strong>Dominus</strong></span> <span class='ocrx_word' id='word_1_747' title='bbox 1903 5679 1932 5714; x_wconf 86' lang='lat' dir='ltr'><strong>e</strong></span> <span class='ocrx_word' id='word_1_748' title='bbox 1981 5679 2139 5714; x_wconf 80' lang='lat' dir='ltr'><strong>manu</strong></span> <span class='ocrx_word' id='word_1_749' title='bbox 2190 5663 2284 5711; x_wconf 84' lang='lat' dir='ltr'><strong>ho-</strong></span> 
     </span>
    </p>
   </div>
   <div class='ocr_carea' id='block_1_104' title="bbox 731 5753 2283 5828">
    <p class='ocr_par' dir='ltr' id='par_1_104' title="bbox 731 5753 2283 5828">
     <span class='ocr_line' id='line_1_104' title="bbox 731 5753 2283 5828; baseline -0.012 -10"><span class='ocrx_word' id='word_1_750' title='bbox 731 5775 893 5819; x_wconf 71' lang='lat' dir='ltr'><strong>sttum</strong></span> <span class='ocrx_word' id='word_1_751' title='bbox 929 5776 1252 5817; x_wconf 86' lang='lat' dir='ltr'><strong>nostrorum.</strong></span> <span class='ocrx_word' id='word_1_752' title='bbox 1297 5763 1488 5813; x_wconf 82' lang='lat' dir='ltr'><strong>Arcam</strong></span> <span class='ocrx_word' id='word_1_753' title='bbox 1521 5775 1646 5828; x_wconf 69' lang='lat' dir='ltr'><strong>ergo</strong></span> <span class='ocrx_word' id='word_1_754' title='bbox 1681 5773 1707 5808; x_wconf 72' lang='grc' dir='ltr'>ει</span> <span class='ocrx_word' id='word_1_755' title='bbox 1760 5753 2005 5807; x_wconf 70' lang='grc' dir='ltr'>ὃΜιυιιιει</span> <span class='ocrx_word' id='word_1_756' title='bbox 2051 5755 2283 5806; x_wconf 80' lang='lat' dir='ltr'><strong>sustule-</strong></span> 
     </span>
    </p>
   </div>
   <div class='ocr_carea' id='block_1_105' title="bbox 2388 4570 3949 4639">
    <p class='ocr_par' dir='ltr' id='par_1_105' title="bbox 2388 4570 3949 4639">
     <span class='ocr_line' id='line_1_105' title="bbox 2388 4570 3949 4639; baseline 0.003 -17"><span class='ocrx_word' id='word_1_757' title='bbox 2388 4572 2610 4638; x_wconf 82' lang='lat' dir='ltr'><strong>juveuci</strong></span> <span class='ocrx_word' id='word_1_758' title='bbox 2645 4571 2708 4622; x_wconf 90' lang='lat' dir='ltr'><strong>ad</strong></span> <span class='ocrx_word' id='word_1_759' title='bbox 2742 4570 2897 4624; x_wconf 88' lang='lat' dir='ltr'><strong>Beith</strong></span> <span class='ocrx_word' id='word_1_760' title='bbox 2933 4571 3178 4634; x_wconf 86' lang='lat' dir='ltr'><strong>Shenics,</strong></span> <span class='ocrx_word' id='word_1_761' title='bbox 3210 4572 3366 4639; x_wconf 87' lang='lat' dir='ltr'><strong>cujus</strong></span> <span class='ocrx_word' id='word_1_762' title='bbox 3390 4571 3578 4624; x_wconf 77' lang='lat' dir='ltr'><strong>incola:</strong></span> <span class='ocrx_word' id='word_1_763' title='bbox 3611 4587 3673 4623; x_wconf 92' lang='lat' dir='ltr'><strong>eo</strong></span> <span class='ocrx_word' id='word_1_764' title='bbox 3710 4583 3949 4639; x_wconf 85' lang='lat' dir='ltr'><strong>tempore</strong></span> 
     </span>
    </p>
   </div>
   <div class='ocr_carea' id='block_1_106' title="bbox 2393 4662 3945 4731">
    <p class='ocr_par' dir='ltr' id='par_1_106' title="bbox 2393 4662 3945 4731">
     <span class='ocr_line' id='line_1_106' title="bbox 2393 4662 3945 4731; baseline 0 -18"><span class='ocrx_word' id='word_1_765' title='bbox 2393 4663 2664 4714; x_wconf 81' lang='lat' dir='ltr'><strong>metebant</strong></span> <span class='ocrx_word' id='word_1_766' title='bbox 2692 4663 2743 4714; x_wconf 92' lang='lat' dir='ltr'><strong>in</strong></span> <span class='ocrx_word' id='word_1_767' title='bbox 2779 4677 2909 4731; x_wconf 75' lang='lat' dir='ltr'><strong>agro</strong></span> <span class='ocrx_word' id='word_1_768' title='bbox 2943 4662 3106 4725; x_wconf 60' lang='lat' dir='ltr'><strong>Usiw,</strong></span> <span class='ocrx_word' id='word_1_769' title='bbox 3137 4663 3210 4712; x_wconf 92' lang='lat' dir='ltr'>illi</span> <span class='ocrx_word' id='word_1_770' title='bbox 3235 4672 3446 4729; x_wconf 86' lang='lat' dir='ltr'><strong>recepta</strong></span> <span class='ocrx_word' id='word_1_771' title='bbox 3479 4677 3604 4714; x_wconf 89' lang='lat' dir='ltr'><strong>arca</strong></span> <span class='ocrx_word' id='word_1_772' title='bbox 3641 4663 3945 4730; x_wconf 90' lang='lat' dir='ltr'><strong>plaustrum</strong></span> 
     </span>
    </p>
   </div>
   <div class='ocr_carea' id='block_1_107' title="bbox 2389 4753 3946 4822">
    <p class='ocr_par' dir='ltr' id='par_1_107' title="bbox 2389 4753 3946 4822">
     <span class='ocr_line' id='line_1_107' title="bbox 2389 4753 3946 4822; baseline -0.001 -17"><span class='ocrx_word' id='word_1_773' title='bbox 2389 4756 2793 4822; x_wconf 77' lang='lat' dir='ltr'><strong>conl&#39;regerunt,</strong></span> <span class='ocrx_word' id='word_1_774' title='bbox 2827 4763 2877 4806; x_wconf 90' lang='lat' dir='ltr'><strong>et</strong></span> <span class='ocrx_word' id='word_1_775' title='bbox 2903 4753 3169 4820; x_wconf 78' lang='lat' dir='ltr'><strong>juvencns</strong></span> <span class='ocrx_word' id='word_1_776' title='bbox 3197 4753 3503 4806; x_wconf 88' lang='lat' dir='ltr'><strong>immolatos</strong></span> <span class='ocrx_word' id='word_1_777' title='bbox 3541 4756 3588 4804; x_wconf 94' lang='lat' dir='ltr'><strong>in</strong></span> <span class='ocrx_word' id='word_1_778' title='bbox 3616 4756 3946 4805; x_wconf 71' lang='lat' dir='ltr'><strong>sacrificium</strong></span> 
     </span>
    </p>
   </div>
   <div class='ocr_carea' id='block_1_108' title="bbox 2390 4843 3952 4910">
    <p class='ocr_par' dir='ltr' id='par_1_108' title="bbox 2390 4843 3952 4910">
     <span class='ocr_line' id='line_1_108' title="bbox 2390 4843 3952 4910; baseline 0 -16"><span class='ocrx_word' id='word_1_779' title='bbox 2390 4844 2749 4904; x_wconf 86' lang='lat' dir='ltr'><strong>obtulerunt;</strong></span> <span class='ocrx_word' id='word_1_780' title='bbox 2805 4846 3078 4910; x_wconf 85' lang='lat' dir='ltr'><strong>capsulam</strong></span> <span class='ocrx_word' id='word_1_781' title='bbox 3113 4852 3276 4895; x_wconf 85' lang='lat' dir='ltr'><strong>etiam</strong></span> <span class='ocrx_word' id='word_1_782' title='bbox 3319 4843 3372 4895; x_wconf 93' lang='lat' dir='ltr'><strong>in</strong></span> <span class='ocrx_word' id='word_1_783' title='bbox 3409 4859 3510 4908; x_wconf 88' lang='lat' dir='ltr'><strong>qua</strong></span> <span class='ocrx_word' id='word_1_784' title='bbox 3571 4845 3791 4894; x_wconf 64' lang='lat' dir='ltr'><strong>fui-runt</strong></span> <span class='ocrx_word' id='word_1_785' title='bbox 3841 4861 3952 4894; x_wconf 85' lang='grc' dir='ltr'>ιιιιι-</span> 
     </span>
    </p>
   </div>
   <div class='ocr_carea' id='block_1_109' title="bbox 2389 4935 3946 5002">
    <p class='ocr_par' dir='ltr' id='par_1_109' title="bbox 2389 4935 3946 5002">
     <span class='ocr_line' id='line_1_109' title="bbox 2389 4935 3946 5002; baseline -0.001 -16"><span class='ocrx_word' id='word_1_786' title='bbox 2389 4950 2601 4986; x_wconf 85' lang='lat' dir='ltr'><strong>scarum</strong></span> <span class='ocrx_word' id='word_1_787' title='bbox 2647 4943 2700 4984; x_wconf 86' lang='lat' dir='ltr'><strong>et</strong></span> <span class='ocrx_word' id='word_1_788' title='bbox 2736 4935 3046 4986; x_wconf 79' lang='lat' dir='ltr'><strong>stelhonum</strong></span> <span class='ocrx_word' id='word_1_789' title='bbox 3086 4935 3293 5002; x_wconf 77' lang='lat' dir='ltr'><strong>elfigies</strong></span> <span class='ocrx_word' id='word_1_790' title='bbox 3332 4950 3507 4984; x_wconf 70' lang='lat' dir='ltr'><strong>aureae</strong></span> <span class='ocrx_word' id='word_1_791' title='bbox 3557 4942 3608 4984; x_wconf 87' lang='lat' dir='ltr'><strong>et</strong></span> <span class='ocrx_word' id='word_1_792' title='bbox 3655 4944 3946 4999; x_wconf 74' lang='lat' dir='ltr'><strong>argenteae,</strong></span> 
     </span>
    </p>
   </div>
   <div class='ocr_carea' id='block_1_110' title="bbox 2391 5022 3948 5092">
    <p class='ocr_par' dir='ltr' id='par_1_110' title="bbox 2391 5022 3948 5092">
     <span class='ocr_line' id='line_1_110' title="bbox 2391 5022 3948 5092; baseline -0.001 -18"><span class='ocrx_word' id='word_1_793' title='bbox 2391 5034 2742 5092; x_wconf 87' lang='lat' dir='ltr'><strong>aeceperunt.</strong></span> <span class='ocrx_word' id='word_1_794' title='bbox 2786 5025 2980 5075; x_wconf 76' lang='lat' dir='ltr'><strong>Areum</strong></span> <span class='ocrx_word' id='word_1_795' title='bbox 3015 5038 3193 5075; x_wconf 81' lang='lat' dir='ltr'><strong>autem</strong></span> <span class='ocrx_word' id='word_1_796' title='bbox 3225 5036 3491 5089; x_wconf 83' lang='lat' dir='ltr'><strong>receptam</strong></span> <span class='ocrx_word' id='word_1_797' title='bbox 3526 5022 3948 5075; x_wconf 80' lang='lat' dir='ltr'><strong>introdtueruut</strong></span> 
     </span>
    </p>
   </div>
   <div class='ocr_carea' id='block_1_111' title="bbox 2392 5114 3950 5181">
    <p class='ocr_par' dir='ltr' id='par_1_111' title="bbox 2392 5114 3950 5181">
     <span class='ocr_line' id='line_1_111' title="bbox 2392 5114 3950 5181; baseline -0.003 -15"><span class='ocrx_word' id='word_1_798' title='bbox 2392 5117 2580 5167; x_wconf 68' lang='lat' dir='ltr'><strong>incola:</strong></span> <span class='ocrx_word' id='word_1_799' title='bbox 2605 5116 2707 5166; x_wconf 89' lang='lat' dir='ltr'><strong>vici</strong></span> <span class='ocrx_word' id='word_1_800' title='bbox 2738 5115 2827 5181; x_wconf 88' lang='lat' dir='ltr'><strong>qui</strong></span> <span class='ocrx_word' id='word_1_801' title='bbox 2880 5115 3056 5166; x_wconf 80' lang='lat' dir='ltr'><strong>Kuiat</strong></span> <span class='ocrx_word' id='word_1_802' title='bbox 3086 5116 3234 5165; x_wconf 83' lang='lat' dir='ltr'><strong>Anah</strong></span> <span class='ocrx_word' id='word_1_803' title='bbox 3269 5117 3438 5170; x_wconf 82' lang='lat' dir='ltr'><strong>audit,</strong></span> <span class='ocrx_word' id='word_1_804' title='bbox 3467 5116 3519 5165; x_wconf 86' lang='lat' dir='ltr'><strong>ili</strong></span> <span class='ocrx_word' id='word_1_805' title='bbox 3550 5114 3767 5165; x_wconf 90' lang='lat' dir='ltr'><strong>domum</strong></span> <span class='ocrx_word' id='word_1_806' title='bbox 3820 5116 3950 5164; x_wconf 82' lang='lat' dir='ltr'><strong>Abi-</strong></span> 
     </span>
    </p>
   </div>
   <div class='ocr_carea' id='block_1_112' title="bbox 2393 5203 3949 5273">
    <p class='ocr_par' dir='ltr' id='par_1_112' title="bbox 2393 5203 3949 5273">
     <span class='ocr_line' id='line_1_112' title="bbox 2393 5203 3949 5273; baseline -0.003 -15"><span class='ocrx_word' id='word_1_807' title='bbox 2393 5207 2589 5258; x_wconf 88' lang='lat' dir='ltr'><strong>nadabi</strong></span> <span class='ocrx_word' id='word_1_808' title='bbox 2626 5206 2797 5273; x_wconf 85' lang='lat' dir='ltr'><strong>patris</strong></span> <span class='ocrx_word' id='word_1_809' title='bbox 2833 5206 3034 5267; x_wconf 69' lang='lat' dir='ltr'><strong>Calai;</strong></span> <span class='ocrx_word' id='word_1_810' title='bbox 3071 5221 3300 5271; x_wconf 87' lang='lat' dir='ltr'><strong>eamque</strong></span> <span class='ocrx_word' id='word_1_811' title='bbox 3325 5207 3377 5256; x_wconf 92' lang='lat' dir='ltr'><strong>in</strong></span> <span class='ocrx_word' id='word_1_812' title='bbox 3415 5208 3533 5256; x_wconf 90' lang='lat' dir='ltr'><strong>loco</strong></span> <span class='ocrx_word' id='word_1_813' title='bbox 3562 5205 3705 5256; x_wconf 85' lang='lat' dir='ltr'><strong>dicto</strong></span> <span class='ocrx_word' id='word_1_814' title='bbox 3738 5203 3949 5262; x_wconf 85' lang='lat' dir='ltr'><strong>Gahaa,</strong></span> 
     </span>
    </p>
   </div>
   <div class='ocr_carea' id='block_1_113' title="bbox 2389 5295 3950 5365">
    <p class='ocr_par' dir='ltr' id='par_1_113' title="bbox 2389 5295 3950 5365">
     <span class='ocr_line' id='line_1_113' title="bbox 2389 5295 3950 5365; baseline -0.001 -19"><span class='ocrx_word' id='word_1_815' title='bbox 2389 5299 2480 5365; x_wconf 88' lang='lat' dir='ltr'><strong>qui</strong></span> <span class='ocrx_word' id='word_1_816' title='bbox 2519 5313 2614 5349; x_wconf 79' lang='lat' dir='ltr'><strong>arx</strong></span> <span class='ocrx_word' id='word_1_817' title='bbox 2647 5306 2782 5357; x_wconf 79' lang='lat' dir='ltr'><strong>erat,</strong></span> <span class='ocrx_word' id='word_1_818' title='bbox 2805 5299 3096 5364; x_wconf 81' lang='lat' dir='ltr'><strong>repositam</strong></span> <span class='ocrx_word' id='word_1_819' title='bbox 3129 5295 3307 5348; x_wconf 82' lang='lat' dir='ltr'><strong>Gazao</strong></span> <span class='ocrx_word' id='word_1_820' title='bbox 3338 5304 3390 5346; x_wconf 88' lang='lat' dir='ltr'><strong>et</strong></span> <span class='ocrx_word' id='word_1_821' title='bbox 3413 5296 3603 5348; x_wconf 78' lang='lat' dir='ltr'><strong>Ahnoo</strong></span> <span class='ocrx_word' id='word_1_822' title='bbox 3634 5296 3950 5346; x_wconf 84' lang='lat' dir='ltr'><strong>custodien-</strong></span> 
     </span>
    </p>
   </div>
   <div class='ocr_carea' id='block_1_114' title="bbox 2388 5388 2914 5440">
    <p class='ocr_par' dir='ltr' id='par_1_114' title="bbox 2388 5388 2914 5440">
     <span class='ocr_line' id='line_1_114' title="bbox 2388 5388 2914 5440; baseline -0.004 0"><span class='ocrx_word' id='word_1_823' title='bbox 2388 5390 2512 5440; x_wconf 88' lang='lat' dir='ltr'><strong>dant</strong></span> <span class='ocrx_word' id='word_1_824' title='bbox 2548 5388 2914 5438; x_wconf 88' lang='lat' dir='ltr'><strong>tradiderunt.</strong></span> 
     </span>
    </p>
   </div>
   <div class='ocr_carea' id='block_1_115' title="bbox 2462 5472 3952 5544">
    <p class='ocr_par' dir='ltr' id='par_1_115' title="bbox 2462 5472 3952 5544">
     <span class='ocr_line' id='line_1_115' title="bbox 2462 5472 3952 5544; baseline -0.003 -13"><span class='ocrx_word' id='word_1_825' title='bbox 2462 5479 2669 5531; x_wconf 83' lang='lat' dir='ltr'><strong>Mortuo</strong></span> <span class='ocrx_word' id='word_1_826' title='bbox 2689 5480 2763 5531; x_wconf 70' lang='lat' dir='ltr'><strong>l&#39;lli</strong></span> <span class='ocrx_word' id='word_1_827' title='bbox 2783 5479 3083 5539; x_wconf 87' lang='lat' dir='ltr'><strong>sacerdote,</strong></span> <span class='ocrx_word' id='word_1_828' title='bbox 3110 5479 3358 5544; x_wconf 83' lang='lat' dir='ltr'><strong>populum</strong></span> <span class='ocrx_word' id='word_1_829' title='bbox 3387 5476 3521 5529; x_wconf 79' lang='lat' dir='ltr'><strong>rexit</strong></span> <span class='ocrx_word' id='word_1_830' title='bbox 3541 5473 3755 5527; x_wconf 86' lang='lat' dir='ltr'><strong>Samuel</strong></span> <span class='ocrx_word' id='word_1_831' title='bbox 3785 5472 3952 5543; x_wconf 64' lang='grc'><strong>168</strong></span> 
     </span>
    </p>
   </div>
   <div class='ocr_carea' id='block_1_116' title="bbox 2391 5567 3950 5641">
    <p class='ocr_par' dir='ltr' id='par_1_116' title="bbox 2391 5567 3950 5641">
     <span class='ocr_line' id='line_1_116' title="bbox 2391 5567 3950 5641; baseline -0.005 -19"><span class='ocrx_word' id='word_1_832' title='bbox 2391 5573 2652 5641; x_wconf 81' lang='lat' dir='ltr'><strong>propheta</strong></span> <span class='ocrx_word' id='word_1_833' title='bbox 2689 5572 2850 5622; x_wconf 86' lang='lat' dir='ltr'><strong>annis</strong></span> <span class='ocrx_word' id='word_1_834' title='bbox 2881 5570 3089 5636; x_wconf 85' lang='lat' dir='ltr'><strong>viginti.</strong></span> <span class='ocrx_word' id='word_1_835' title='bbox 3135 5569 3266 5622; x_wconf 89' lang='lat' dir='ltr'><strong>Cum</strong></span> <span class='ocrx_word' id='word_1_836' title='bbox 3295 5581 3471 5619; x_wconf 86' lang='lat' dir='ltr'><strong>autem</strong></span> <span class='ocrx_word' id='word_1_837' title='bbox 3507 5567 3784 5625; x_wconf 56' lang='lat' dir='ltr'><strong>Israelita,</strong></span> <span class='ocrx_word' id='word_1_838' title='bbox 3821 5569 3950 5615; x_wconf 86' lang='lat' dir='ltr'><strong>reli-</strong></span> 
     </span>
    </p>
   </div>
   <div class='ocr_carea' id='block_1_117' title="bbox 2389 5657 3954 5725">
    <p class='ocr_par' dir='ltr' id='par_1_117' title="bbox 2389 5657 3954 5725">
     <span class='ocr_line' id='line_1_117' title="bbox 2389 5657 3954 5725; baseline -0.007 -10"><span class='ocrx_word' id='word_1_839' title='bbox 2389 5667 2492 5715; x_wconf 90' lang='lat' dir='ltr'><strong>ctis</strong></span> <span class='ocrx_word' id='word_1_840' title='bbox 2531 5663 2710 5725; x_wconf 88' lang='lat' dir='ltr'><strong>idolis,</strong></span> <span class='ocrx_word' id='word_1_841' title='bbox 2756 5664 2819 5712; x_wconf 91' lang='lat' dir='ltr'><strong>ad</strong></span> <span class='ocrx_word' id='word_1_842' title='bbox 2863 5664 3068 5713; x_wconf 90' lang='lat' dir='ltr'><strong>cultum</strong></span> <span class='ocrx_word' id='word_1_843' title='bbox 3124 5660 3335 5710; x_wconf 89' lang='lat' dir='ltr'><strong>Domini</strong></span> <span class='ocrx_word' id='word_1_844' title='bbox 3396 5663 3590 5710; x_wconf 86' lang='lat' dir='ltr'><strong>teversi</strong></span> <span class='ocrx_word' id='word_1_845' title='bbox 3633 5669 3836 5716; x_wconf 68' lang='lat' dir='ltr'><strong>essent,</strong></span> <span class='ocrx_word' id='word_1_846' title='bbox 3882 5657 3954 5705; x_wconf 80' lang='lat' dir='ltr'><strong>ti-</strong></span> 
     </span>
    </p>
   </div>
   <div class='ocr_carea' id='block_1_118' title="bbox 2389 5750 3952 5823">
    <p class='ocr_par' dir='ltr' id='par_1_118' title="bbox 2389 5750 3952 5823">
     <span class='ocr_line' id='line_1_118' title="bbox 2389 5750 3952 5823; baseline -0.006 -15"><span class='ocrx_word' id='word_1_847' title='bbox 2389 5766 2642 5808; x_wconf 84' lang='lat' dir='ltr'><strong>muerunt</strong></span> <span class='ocrx_word' id='word_1_848' title='bbox 2673 5750 2824 5823; x_wconf 84' lang='lat' dir='ltr'><strong>ipsos</strong></span> <span class='ocrx_word' id='word_1_849' title='bbox 2858 5753 3031 5806; x_wconf 84' lang='lat' dir='ltr'><strong>tribus</strong></span> <span class='ocrx_word' id='word_1_850' title='bbox 3073 5754 3426 5819; x_wconf 68' lang='lat' dir='ltr'><strong>altcttigt&#39;n&#39;x;</strong></span> <span class='ocrx_word' id='word_1_851' title='bbox 3465 5766 3490 5801; x_wconf 94' lang='lat' dir='ltr'><strong>a</strong></span> <span class='ocrx_word' id='word_1_852' title='bbox 3530 5752 3724 5817; x_wconf 70' lang='lat' dir='ltr'><strong>quibus</strong></span> <span class='ocrx_word' id='word_1_853' title='bbox 3763 5752 3952 5798; x_wconf 74' lang='lat' dir='ltr'><strong>abstu-</strong></span> 
     </span>
    </p>
   </div>
  </div>
