4200 6432
190 443 282 505 941
1617 441 1979 500 ΑΝΝΛῘΈΞ.

3323 442 3427 505 942

189 560 363 609 lerunt
407 556 665 609 Israelita:
695 571 886 609 omnes
916 573 1052 625 quas
1086 566 1445 624 superassent
1504 557 1666 609 iubes
1704 558 1767 607 ad
1798 562 1841 618 Α
1873 557 2009 609 dixit
2037 556 2255 609 Samuel
2288 555 2546 625 propheta
2585 555 2734 609 Sauli
2774 559 2882 627 regi
2917 575 2932 611 :
2973 558 3051 611 Ad
3098 558 3395 612 Amalekita

189 648 407 714 l-Jphron
459 663 629 715 usque
672 646 949 715 llaphaeh.
990 646 1232 699 Fuerunt
1288 656 1468 699 autem
1509 646 1747 700 Samucli

188 739 277 791 lilii
319 739 454 800 duo,
494 754 724 806 quorum
762 750 893 791 natu
937 740 1129 807 majort
1159 754 1355 792 nomen
1386 737 1525 801 Joel,
1552 739 1747 791 minori

185 829 342 888 Abia,
372 829 464 897 qui
500 829 756 896 populum
809 830 1099 898 tranquille
1130 838 1183 880 et
1217 830 1439 896 paciliee
1489 838 1751 882 texerunt

186 920 237 972 in
270 920 601 974 Beersheha.

251 1015 319 1065 At
348 1030 474 1068 cum
526 1020 796 1071 sennisset
831 1018 1074 1081 Samuel,
1113 1018 1424 1086 congregati
1466 1016 1532 1069 ad
1576 1016 1749 1083 ipsum

182 1101 448 1158 lsraelita:
479 1106 531 1158 in
569 1106 774 1160 Ramah
816 1107 1073 1161 dixerunt
1107 1126 1119 1160 :
1153 1109 1441 1162 Censtitue
1477 1108 1633 1161 nobis
1666 1120 1753 1159 re-

181 1209 299 1260 gem
335 1194 425 1262 qui
455 1211 553 1248 nos
582 1208 751 1265 regat,
790 1198 931 1250 sicut
976 1196 1199 1264 reliquas
1233 1207 1424 1263 gentes
1457 1210 1611 1265 reges
1656 1194 1751 1247 ha—

182 1288 335 1340 bent.
382 1287 524 1339 Dixit
566 1302 695 1355 ergo
728 1287 834 1341 illis
874 1289 1091 1342 Samuel
1139 1290 1402 1357 propheta
1448 1306 1462 1343 :
1496 1290 1631 1341 Cum
1667 1303 1753 1340 re-

182 1394 302 1446 gem
357 1379 515 1432 vobis
564 1377 942 1447 przefeceritis,
999 1379 1110 1440 ille,
1142 1379 1293 1432 vobis
1346 1380 1397 1430 in
1440 1378 1752 1431 servitutem

183 1469 444 1532 redactis,
489 1469 545 1522 in
585 1484 716 1538 opes
743 1477 957 1524 vestras
990 1476 1310 1535 potestatem
1343 1468 1445 1522 sibi
1471 1474 1666 1527 sumet,
1703 1474 1753 1517 et

178 1561 426 1612 omnium
456 1576 577 1627 quae
626 1559 918 1627 possidetis
948 1560 1189 1613 decimas
1220 1559 1467 1627 accipiet.
1520 1558 1757 1626 llcspon-

178 1651 447 1703 dentibus
480 1649 587 1703 illis
621 1667 635 1702 :
673 1648 783 1703 Hoc
856 1650 1015 1703 nobis
1062 1652 1259 1717 placet,
1306 1651 1439 1702 dixit
1492 1649 1751 1702 Samuel:

181 1740 315 1794 Novi
367 1757 468 1809 ego
522 1740 696 1793 virum
753 1757 783 1794 e
844 1742 985 1794 tribu
1046 1740 1327 1808 Beniamin
1381 1742 1600 1795 nomine
1637 1740 1752 1803 Cis,

182 1832 428 1886 Anbielis
486 1831 677 1897 filium,
742 1834 830 1885 cui
882 1831 1025 1886 filius
1086 1843 1167 1885 est
1225 1834 1444 1885 nomine
1483 1832 1632 1895 Sanl,
1677 1834 1756 1885 vir

1861 664 1979 700 rum
2010 647 2198 699 urbem
2231 648 2530 714 profectus,
2575 652 2770 716 Ipsam,
2801 650 2955 702 i-a-sis
2984 650 3079 719 qui
3123 650 3178 703 in
3211 665 3273 704 ca
3304 660 3422 703 sunt

1859 736 2111 790 omnibus
2142 736 2292 800 viris,
2314 734 2549 800 feminis,
2589 739 2793 805 pueris,
2820 739 3167 801 animalibus.
3197 738 3428 793 exscin-

1859 827 1976 881 das.
2013 826 2142 880 Sanl
2185 841 2338 893 ergo,
2372 829 2667 892 assumptis
2720 843 2906 882 secum
2956 844 2987 883 e
3045 828 3228 898 Galgal
3294 828 3428 883 viris

1859 931 2095 988 quatuor
2122 918 2289 982 mille,
2321 918 2687 989 Israelitisqne
2717 935 2747 975 e
2778 920 2924 973 tribu
2961 918 3114 973 ,Ιιιλίθ
3145 931 3225 974 ter
3257 922 3426 983 mille,

1861 1021 2051 1064 contra
2074 1011 2393 1066 Amalekum
2448 1012 2745 1079 profectus,
2800 1012 3134 1066 Amalekitas
3185 1016 3251 1066 ab
3296 1015 3428 1066 urbe

1865 1097 2019 1152 Hiula
2053 1116 2224 1168 usque
2255 1101 2444 1155 urbem
2481 1100 2590 1154 Sur
2618 1102 2855 1166 credens,
2910 1106 3118 1172 Aagum
3180 1102 3425 1171 ipsorum

1864 1204 2043 1259 regem
2063 1192 2243 1243 vivum
2274 1192 2450 1259 cepit;
2478 1206 2643 1261 agros
2678 1203 2859 1245 autem
2885 1201 2938 1246 et
2962 1194 3147 1247 vineas
3183 1195 3425 1262 ipsorum

1865 1294 1971 1333 non
2005 1280 2257 1343 vastavit,
2292 1296 2468 1349 neque
2498 1282 2701 1335 bestias
2753 1284 2964 1350 aliquas
3000 1284 3249 1349 peremit,
3295 1284 3423 1337 dum

1865 1371 2124 1440 pecudes,
2158 1372 2324 1425 boves
2369 1382 2422 1425 ct
2486 1374 2732 1440 jumenta
2802 1390 2994 1428 eorum
3056 1376 3429 1443 praedarentur

1862 1462 2091 1516 comites
2119 1462 2314 1529 ipsius.
2342 1461 2480 1517 Cum
2520 1478 2649 1532 ergo
2678 1478 2706 1517 a
2743 1465 2887 1517 bello
2918 1464 3199 1533 Galgalum
3237 1466 3430 1519 rediis-

1863 1562 1964 1613 set,
2006 1553 2147 1605 dixit
2187 1554 2262 1606 illi
2315 1553 2534 1607 Samuel
2588 1555 2847 1623 prepheta
2890 1572 2903 1608 :
2944 1555 3137 1608 Annon
3184 1555 3321 1621 juSsi
3378 1564 3430 1609 te

1866 1657 2081 1711 pecora,
2118 1644 2301 1707 boves,
2330 1650 2383 1696 et
2409 1643 2651 1709 jumenta
2696 1658 2882 1697 eormn
2923 1646 3152 1707 credere,
3200 1653 3432 1698 terram-

1863 1752 1971 1802 que
2007 1743 2220 1789 vastare
2246 1735 2269 1787 ?
2299 1736 2443 1803 quod
2470 1749 2596 1787 cum
2635 1751 2741 1788 non
2786 1734 2979 1789 ieceris
3010 1752 3209 1804 ungatn
3244 1752 3344 1805 ego
3375 1735 3429 1788 in

1866 1829 2138 1884 Israelitas
2170 1844 2350 1897 regem
2411 1844 2440 1881 a
2490 1839 2542 1883 te
2587 1830 2776 1883 alium.
2837 1828 2972 1882 Tum
3028 1829 3427 1899 apprehensum

181 1926 322 1979 faeie
356 1925 573 1986 decora,
606 1940 883 1991 procerus,
917 1924 1233 1979 fortitudine
1289 1924 1560 1993 insignis;
1602 1925 1750 1978 illum
1789 1926 1828 1978 Β
1864 1924 2096 1989 Aagum,
2133 1922 2561 1975 Amalekilarum
2616 1937 2818 1991 regem,
2870 1922 3159 1977 decollavit
3208 1920 3427 1975 Samuel

183 2018 339 2069 vobis
384 2031 560 2082 regem
624 2018 975 2068 constituam.
1040 2015 1175 2070 Cum
1248 2015 1511 2082 deperditi
1578 2029 1754 2070 autem

183 2115 373 2159 essent
442 2108 591 2171 Ciso,
649 2107 829 2162 Saulis
886 2108 1049 2177 patri,
1094 2107 1253 2170 asini,
1293 2107 1429 2160 dixit
1497 2107 1583 2161 ille
1650 2109 1758 2160 lilio

181 2216 283 2254 suo
314 2200 464 2252 Sauli
504 2201 824 2269 :Assnmpto
852 2210 1032 2254 tecum
1061 2217 1090 2253 e
1124 2201 1297 2254 servis
1323 2200 1428 2253 tuis
1463 2198 1661 2269 aliquo,
1693 2200 1757 2251 ad

183 2292 512 2360 quaerendos
536 2292 728 2346 asinos
762 2292 1152 2359 proficiscaris.
1190 2290 1475 2345 Profectus
1505 2306 1635 2360 ergo
1670 2292 1756 2343 ille.

182 2399 308 2435 cum
342 2398 371 2434 a
408 2384 524 2435 vico
556 2382 621 2435 ad
649 2384 823 2435 vicum
861 2384 926 2436 ad
952 2384 1275 2450 quaerendos
1305 2384 1490 2435 asinos
1528 2383 1759 2436 transis-

183 2481 285 2538 set,
325 2473 463 2527 dixit
496 2474 595 2541 ipsi
630 2489 763 2542 pner
786 2471 902 2540 ejus
930 2492 942 2527 :
976 2474 1055 2527 Ad
1111 2474 1297 2527 urbem
1330 2473 1597 2527 Samuelis
1633 2489 1755 2541 pro-

185 2564 362 2631 pheta!
388 2566 737 2628 accedamus,
767 2565 857 2617 ille
884 2564 1154 2633 siquidem
1183 2579 1293 2632 quo
1320 2565 1437 2617 loco
1474 2564 1581 2625 sint
1617 2565 1754 2615 asini

184 2655 342 2709 nobis
379 2655 659 2709 indicabit.
698 2656 775 2707 Ad
828 2654 1131 2708 Samnelent
1176 2669 1302 2722 ergo
1338 2656 1563 2722 profecti
1607 2663 1757 2719 sunt,

183 2748 272 2814 qui
334 2748 400 2799 iis
434 2746 613 2800 cibum
652 2754 947 2816 potumque
978 2744 1317 2816 159-151
1349 2730 1633 2815 apposuit;
1669 2745 1761 2797 dc-

184 2836 328 2899 inde,
356 2846 582 2905 accepto
620 2850 787 2891 cornu
846 2836 990 2905 quod
1066 2836 1185 2890 oleo
1236 2839 1507 2905 impletum
1569 2839 1760 2897 Inerat,

186 2928 317 2979 illud
354 2928 537 2979 Saulis
572 2929 735 2995 capiti
762 2927 1067 2990 atinndens,
1088 2930 1374 2996 ipsumque
1394 2929 1758 2993 eoinungens,

184 3020 321 3071 dixit
356 3035 369 3070 :
409 3019 549 3072 Deus
590 3027 640 3071 te
668 3017 827 3070 ltodie
860 3032 1039 3087 regem
1069 3018 1122 3070 in
1154 3016 1427 3070 lsraelitas
1452 3019 1758 3081 constituit,

185 3114 344 3179 cujus
386 3110 463 3162 rei
495 3109 729 3178 signum,
774 3110 918 3177 quod
953 3108 1013 3161 ad
1045 3116 1253 3177 patrem
1302 3117 1453 3161 tnum
1509 3124 1761 3161 reversus

185 3203 364 3269 ipsum
401 3202 588 3255 asinos
622 3203 896 3256 invenisse
941 3204 1213 3270 reperies;
1256 3202 1467 3268 fuitqtte
1507 3200 1650 3252 sicut
1679 3199 1763 3251 di-

188 3296 261 3347 xit
300 3293 523 3347 Samuel
559 3297 849 3363 propheta;
904 3293 1147 3363 regnavit
1179 3307 1311 3360 ergo
1345 3291 1472 3344 Sani
1505 3291 1557 3343 in
1588 3290 1756 3345 lsrae~
1790 3273 1829 3323 (ί

188 3388 446 3455 lilas,qui
479 3388 685 3454 primus
716 3387 956 3454 ipsorum
996 3400 1087 3439 rex
1122 3383 1241 3437 fuit.

254 3478 584 3547 (lotigregati
620 3487 798 3529 autem
831 3480 928 3529 viri
982 3478 1198 3531 urbium
1237 3474 1397 3530 Jabin
1446 3484 1502 3529 et
1558 3474 1759 3530 Galaad

187 3570 251 3621 ad
310 3568 632 3623 Maheshutn
690 3570 1103 3632 Atutronitatn,
1177 3570 1471 3621 noluerttnt
1532 3581 1760 3630 regnare

188 3658 431 3713 Saulem.
471 3659 614 3713 Exiit
642 3675 773 3728 ergo
804 3659 1023 3713 Mahesh
1052 3660 1117 3713 ad
1149 3658 1577 3727 oppugnandum
1609 3658 1749 3709 Sau-

191 3755 292 3803 lem
355 3766 480 3805 cum
540 3766 733 3821 tnagna
791 3751 1077 3804 hominum
1127 3750 1510 3813 multitudine;
1573 3758 1761 3802 contra

185 3855 347 3908 quem
374 3838 639 3891 auxilium
672 3856 700 3890 a
738 3837 848 3893 Dea
880 3849 1212 3893 consecutus
1244 3840 1394 3903 Sanl,
1420 3841 1762 3894 Annnonitas

188 3943 375 4001 strage
406 3946 599 4000 magna
654 3930 952 3985 interfecit.
1005 3930 1143 3985 Tum
1188 3932 1405 3985 Samuel
1460 3934 1759 4002 propheta,

186 4023 486 4093 assumptis
514 4038 699 4077 secum
729 4022 892 4077 Saule
918 4034 973 4077 et
996 4038 1025 4077 e
1058 4024 1364 4079 senioribus
1394 4023 1759 4079 Israelilarum

186 4126 357 4182 creto,
413 4117 691 4185 profectus
757 4115 967 4187 Galgal,
1029 4125 1362 4185 acceptoque
1426 4131 1595 4170 cornu
1657 4119 1758 4171 olet

188 4210 374 4277 pleno,
408 4206 623 4261 Saulem
666 4207 862 4261 iterum
895 4222 1080 4261 coram
1118 4208 1392 4278 populoin
1423 4207 1607 4277 Galgal
1640 4211 1759 4263 oleo

188 4302 431 4354 inunxit.
465 4297 764 4367 Lrelatique
794 4298 1048 4352 homines
1078 4300 1146 4351 cb
1186 4314 1411 4367 regnum
1452 4300 1652 4366 Saulis,
1686 4302 1762 4354 vi-

188 4394 385 4445 ttit'nas
418 4392 618 4443 multas
648 4389 879 4443 Domino
914 4391 1283 4443 immolarunt.
1324 4390 1606 4461 Elegitque
1632 4392 1761 4445 Sani

186 4499 252 4537 ex
289 4484 556 4537 Israelitis
609 4484 755 4534 viros
800 4491 881 4534 ter
913 4482 1057 4534 mille
1099 4482 1191 4549 qui
1237 4496 1359 4534 cum
1406 4483 1497 4535 illo
1551 4494 1758 4537 essent.

1862 2014 2160 2081 propheta;
2191 2013 2389 2065 deinde
2446 2012 2671 2065 Ramam
2702 2029 2955 2067 reversus
2983 2023 3105 2077 est;
3140 2014 3270 2067 Saul
3328 2028 3428 2065 att-

1861 2111 1965 2153 tem
1997 2103 2224 2155 domum
2294 2117 2447 2155 suam
2500 2102 2554 2155 in
2602 2101 2767 2156 Gihea
2827 2103 2976 2156 adiit.
3031 2103 3252 2171 Aliquot
3304 2111 3427 2170 post

1860 2192 2051 2245 diebus
2090 2190 2369 2260 profectus
2401 2190 2617 2245 Samuel
2653 2192 3088 2254 Bethlehetnutn,
3123 2194 3430 2262 apprehen-

1861 2298 1980 2335 sum
2038 2284 2295 2336 Davidem
2345 2282 2511 2335 lilium
2556 2281 2711 2338 Jesse
2760 2288 2881 2337 o!eo
2935 2287 3088 2339 unxit
3138 2287 3189 2338 in
3251 2302 3430 2354 regem

1861 2375 2635 2447 l~raelitarum,153-155
2662 2391 2782 2431 eam
2810 2379 3023 2446 juvenis
3054 2379 3230 2433 adhuc
3264 2388 3431 2434 esset.

1934 2469 2124 2522 l’ostea
2186 2470 2426 2523 collecta:
2500 2486 2689 2525 rursus
2746 2471 3176 2539 alienigenarum
3253 2471 3432 2525 tribus

1866 2561 2083 2613 Saulem
2131 2561 2274 2614 bello
2318 2561 2613 2624 lacessere,
2668 2571 2857 2616 contra
2889 2577 3028 2631 quas
3072 2563 3139 2617 ad
3200 2578 3429 2633 pugnam

1863 2665 2117 2719 egressus
2149 2660 2233 2705 est
2262 2666 2386 2704 cum
2438 2654 2553 2707 suis
2589 2652 2742 2715 Saul,
2794 2669 2952 2722 quem
2996 2655 3049 2707 in
3090 2655 3287 2709 bellum
3339 2670 3435 2708 co-

1865 2744 2039 2795 titilali
2085 2752 2213 2795 sunt
2248 2743 2468 2796 Davidis
2501 2745 2717 2798 fratres.
2754 2743 2910 2798 Jesse
2957 2759 3111 2816 ergo,
3161 2747 3433 2800 accercito

1867 2835 1975 2883 lilio
2004 2848 2103 2883 suo
2146 2832 2374 2895 Davide,
2414 2834 2591 2902 ipsum
2642 2843 2952 2889 commeatu
3003 2838 3329 2891 instructum
3366 2840 3431 2892 ad

1866 2924 2060 2976 fratres
2088 2939 2221 2978 suos
2254 2926 2306 2978 in
2336 2928 2644 2980 exercitum
2682 2927 2861 2993 misit;
2899 2928 2965 2981 ad
2992 2944 3131 2998 quos
3152 2946 3274 2985 cum
3310 2948 3434 3000 per-

1864 3014 2128 3078 venisset,
2163 3016 2475 3069 remittente
2513 3026 2625 3070 tum
2660 3032 2858 3087 pugna,
2885 3022 3167 3087 conspexit
3198 3022 3374 3075 virum
3402 3038 3431 3075 e

1866 3106 2114 3159 tribubus
2164 3106 2620 3175 alienigenarum,
2680 3109 2897 3162 nomine
2951 3108 3283 3175 Goliatbutn,
3337 3111 3429 3179 qui

1868 3198 2187 3251 inclamaret
2226 3215 2238 3257 ;
2282 3196 2455 3261 Heus,
2496 3196 2772 3262 Israelitte,
2804 3208 2958 3255 estne
3001 3202 3091 3269 qui
3133 3201 3221 3271 [ad
3256 3213 3430 3256 certa-

1867 3288 2015 3359 men]
2044 3288 2269 3357 prodeat
2297 3291 2320 3342 ?
2352 3290 2495 3343 Dixit
2522 3292 2685 3359 igitur
2732 3291 2896 3344 David
2950 3294 3206 3348 fratribus
3263 3297 3379 3349 suis
3412 3312 3426 3348 :

1865 3382 1973 3449 Ego
2002 3382 2174 3436 virum
2222 3384 2386 3435 istum
2442 3384 2787 3438 inlerficiam.
2845 3386 3199 3454 Increparnnt
3248 3396 3426 3442 autem

1867 3474 2041 3540 ipsttttt
2081 3473 2279 3527 fratres
2314 3476 2436 3539 sui;
2492 3484 2546 3527 at
2599 3493 2723 3529 eum
2764 3477 2866 3529 hoc
2930 3479 3228 3532 audivisset
3297 3478 3427 3532 Sattl

1864 3570 2003 3635 ipse.
2043 3569 2315 3619 accersito
2348 3566 2566 3630 Dat-ide,
2602 3568 2768 3620 lorica
2828 3568 3077 3621 indutum
3140 3571 3429 3639 gladioque

1867 3660 2198 3719 accinctum,
2237 3660 2289 3711 in
2344 3675 2631 3712 occnrsum
2678 3660 2913 3713 Goliathi
2984 3662 3200 3728 prodire
3244 3662 3427 3730 jussit.

1868 3749 2031 3803 David
2059 3761 2265 3811 autem,
2313 3766 2435 3804 cum
2474 3751 2615 3804 inter
2644 3756 2791 3805 acies
2820 3762 2984 3814 esset,
3028 3753 3206 3806 exutis
3264 3754 3428 3805 lorica

1864 3849 1917 3894 et
1943 3841 2131 3904 armis,
2166 3840 2487 3910 abjectoqne
2525 3841 2723 3911 gladio,
2784 3841 3003 3896 fundam
3044 3858 3208 3912 quam
3242 3860 3428 3897 secum

1870 3930 2060 3983 habuit
2087 3930 2377 3999 arripiens,
2398 3930 2447 3983 ei
2480 3929 2713 3998 lapidem
2749 3930 3027 4001 imposuit,
3056 3947 3165 4000 quo
3196 3948 3432 3987 excusso

1867 4038 1989 4075 eum
2019 4021 2254 4077 Goliathi
2285 4023 2521 4077 frontem
2558 4024 2942 4092 percussisset,
2994 4026 3109 4093 ipse
3143 4026 3194 4079 itt
3231 4035 3429 4082 terram

1864 4112 2089 4177 desidit,
2128 4129 2287 4181 quem
2316 4113 2482 4168 David
2520 4114 2791 4183 prehenso
2820 4116 2992 4185 ipsius
3025 4117 3205 4186 gladio
3260 4118 3432 4173 inter-

1869 4207 2035 4272 fecit;
2096 4207 2524 4276 alienigenarum
2566 4220 2746 4262 autem
2802 4211 3074 4265 exercitus
3142 4211 3194 4266 in
3253 4211 3433 4279 fugam

1873 4312 2171 4352 conversus
2210 4308 2313 4362 est,
2355 4306 2538 4367 strage
2577 4299 2821 4368 ipsorum
2855 4300 3054 4371 insigni
3098 4300 3262 4357 facta.
3293 4304 3437 4358 Con-

1864 4389 2047 4443 stituit
2075 4404 2206 4460 ergo
2239 4387 2370 4443 Saul
2415 4391 2670 4445 Davidem
2722 4394 2774 4445 in
2829 4394 3077 4447 exercitu
3130 4409 3231 4448 suo
3290 4395 3437 4449 mille

1866 4484 2065 4536 ducum
2109 4481 2444 4548 pra-fectum,
2483 4497 2720 4551 eumque
2762 4483 2828 4535 ad
2882 4485 3126 4553 praelium
3187 4486 3437 4539 tribubus

188 4574 315 4628 Fuit
347 4584 527 4627 autem
571 4572 722 4626 Sauli
760 4573 903 4625 lilius
935 4575 1155 4626 nomine
1183 4572 1479 4638 Jonathan,
1531 4574 1623 4643 qui
1676 4590 1756 4628 as-
1798 4606 1840 4661 ο
1868 4574 2185 4641 alienigenis
2209 4575 2549 4628 inferendum
2586 4576 2751 4627 misit.
2800 4576 3060 4644 Egressus
3090 4590 3217 4642 ergo
3247 4577 3431 4641 David,

190 4667 425 4735 sumptis
464 4680 651 4717 eorum
692 4664 841 4717 mille
874 4664 1004 4717 viris
1032 4662 1277 4727 Nasimo,
1307 4664 1398 4733 qui
1453 4666 1504 4718 in
1538 4664 1757 4719 Yumnu

192 4763 391 4821 luerat,
458 4772 692 4826 pugnam
755 4755 1015 4817 inferens,
1054 4759 1222 4823 ipsum
1274 4757 1632 4824 multosquee
1670 4758 1763 4809 tri-

192 4853 374 4905 bubus
437 4847 755 4917 alienigenis
824 4848 1043 4901 occidit.
1093 4847 1226 4899 Cum
1283 4862 1411 4916 ergo
1483 4848 1763 4901 audissent

191 4945 369 4996 tribus
404 4941 520 4994 ista:
562 4940 693 5007 quid
728 4938 949 4993 fecisset
1008 4936 1312 5003 Jonathan,
1368 4939 1761 4993 convenientes

190 5052 253 5087 ex
298 5034 432 5102 ipsis
464 5033 672 5101 pedites
724 5030 908 5083 tricies
943 5031 1087 5083 mille
1126 5031 1478 5100 equitumque
1513 5046 1603 5084 sex
1642 5031 1763 5083 mil-

132 5178 137 5183 .
194 5128 283 5187 lia,
322 5126 387 5177 ad
416 5139 650 5193 pugnam
683 5132 873 5176 contra
922 5122 1202 5176 lsraelitas
1240 5124 1292 5175 in
1326 5119 1513 5191 Galgal
1551 5123 1765 5189 prodie-

194 5228 358 5282 runt;
390 5232 622 5286 quorum
657 5222 855 5269 timore
915 5216 1151 5284 perculsi
1191 5215 1347 5285 152
1403 5216 1659 5269 Israelita:
1709 5217 1763 5269 in

193 5320 452 5374 montes,
493 5308 660 5362 valles
706 5316 760 5361 et
822 5307 1037 5362 deserta
1086 5306 1467 5375 confugerunt.
1536 5305 1765 5375 Fuitqne

193 5403 325 5457 Saul
355 5403 409 5455 in
442 5400 669 5470 Galgal;
705 5399 993 5454 Jonatham
1026 5414 1176 5461 vero,
1211 5409 1489 5468 assumpta
1541 5396 1761 5452 Israeli-

194 5511 375 5551 larum
410 5496 653 5559 cohorte,
696 5494 760 5547 ad
809 5494 1114 5548 exercitum
1158 5494 1585 5562 alienigenarum
1640 5504 1765 5559 pro-

194 5588 371 5642 fectus
393 5597 497 5650 est,
526 5598 576 5640 et
602 5602 789 5640 eorum
813 5600 993 5640 coram
1022 5586 1139 5654 ipso
1164 5584 1483 5652 fugientium
1513 5596 1761 5650 magnam

194 5678 486 5733 admodum
521 5687 754 5745 stragem
785 5677 975 5731 edidit.
1008 5676 1127 5742 Quo
1157 5675 1369 5739 audito,
1402 5674 1530 5727 Sattl
1582 5677 1631 5727 in
1654 5676 1765 5739 .tri-

198 5777 360 5823 buunt
400 5770 627 5821 istarum
660 5770 935 5821 exercitus
967 5781 1131 5820 noctu
1184 5766 1417 5827 irruens,
1454 5781 1548 5819 eos
1594 5764 1763 5816 inter-

199 5858 349 5925 fecit,
407 5860 540 5913 adeo
567 5867 623 5911 ut
654 5874 720 5913 ne
758 5874 903 5913 unus
952 5857 1174 5929 quidem
1229 5856 1507 5913 evaderet.
1560 5856 1761 5911 Deinde

1868 4668 2018 4719 (τρεῖς
2053 4681 2238 4718 eorum
2264 4675 2482 4719 centum
2518 4668 2775 4735 pra-potia
2831 4668 2963 4736 ipsis
3012 4670 3237 4735 prmi-ica
3278 4667 3431 4721 Sauli

1866 4758 2067 4820 attulit,
2125 4758 2217 4825 qui
2268 4757 2431 4809 tiliam
2488 4773 2639 4811 suant
2704 4758 2901 4811 Mil-hol
2951 4760 3049 4827 ipsi
3103 4761 3155 4811 in
3212 4775 3433 4813 uxorem

1866 4850 2137 4911 dellit,cni
2177 4848 2336 4917 156
2370 4850 2629 4916 praeputia
2667 4850 2768 4901 ista
2800 4852 2900 4903 dos
2928 4858 3105 4905 erant.
3143 4850 3432 4919 Nunquam

1867 4953 2041 4994 autem
2086 4941 2234 4995 misit
2264 4940 2393 4993 Saul
2426 4939 2680 4994 Davidem
2717 4943 2781 4993 ad
2818 4942 3066 5007 pr;elittnt
3104 4945 3232 5011 quin
3269 4953 3439 4997 vtetu-

1868 5034 1947 5085 ria
1991 5034 2279 5099 potiretur.
2311 5031 2466 5097 Quod
2499 5031 2689 5087 videns
2744 5032 2869 5086 Saul
2904 5034 3086 5086 timuit
3143 5049 3210 5088 ne
3239 5046 3293 5087 et
3334 5034 3433 5103 ipsi

1870 5140 2092 5194 regnum
2134 5125 2413 5193 eriperet;
2458 5140 2628 5191 quare
2685 5140 2806 5178 cum
2870 5126 2937 5179 ab
2990 5126 3082 5178 illo
3140 5134 3431 5185 metueret,

1869 5217 2043 5283 ipsum
2077 5230 2107 5268 e
2142 5215 2321 5269 medio
2352 5215 2538 5269 tollere
2570 5216 2799 5269 studuit.
2844 5215 3003 5285 Fugit
3060 5230 3192 5285 ergo
3244 5215 3435 5279 David,

1867 5313 1919 5358 ct
1946 5306 2011 5357 ad
2044 5303 2219 5371 ipsum
2241 5304 2553 5373 congregati
2584 5311 2713 5356 sunt
2734 5304 2834 5357 viri
2857 5304 3261 5373 quadringenti.
3301 5304 3439 5356 Mor-

1871 5407 1995 5449 tuus
2024 5402 2205 5450 autem
2238 5404 2320 5449 est
2352 5393 2575 5451 Samuel
2610 5398 2897 5465 propheta,
2934 5396 3191 5467 domique
3229 5411 3342 5451 suae
3384 5398 3437 5449 in

1871 5488 2077 5541 llamah
2108 5488 2376 5556 sepultus.
2408 5486 2613 5542 Deinde
2648 5504 2905 5558 egressus
2928 5488 3054 5543 Saul
3088 5490 3152 5542 ad
3189 5490 3447 5558 prmlian~

1870 5582 1995 5632 dum
2020 5595 2141 5633 cum
2180 5580 2524 5649 alienigenis,
2558 5579 2613 5633 in
2651 5581 2829 5648 fugam
2875 5596 3063 5635 versus
3099 5592 3152 5635 et
3197 5585 3435 5636 vulneri-

1872 5677 1999 5727 bus'
2032 5660 2501 5733 confossusfcum
2553 5656 2637 5725 in.
2668 5683 2865 5725 terram
2912 5674 3195 5741 prolapsas
3250 5687 3383 5726 essm
3420 5712 3433 5732 ,

1872 5778 2038 5833 puero
2072 5778 2195 5825 suo,
2229 5765 2320 5833 qui
2348 5765 2585 5832 armiger
2619 5764 2788 5832 ipsius
2818 5764 2941 5827 fuit;
2961 5764 3099 5817 dixit
3137 5779 3151 5816 :
3179 5762 3431 5831 Jugulum

1875 5860 2005 5913 mihi
2048 5857 2216 5914 ferias
2250 5872 2318 5913 ne
2342 5872 2430 5913 me
2458 5856 2641 5914 vivum
2665 5860 2882 5926 capiant
2908 5859 3092 5915 hostes
3121 5859 3224 5913 mei
3258 5871 3454 5930 :quos,
