4200 6432
752 422 855 486 943

1751 422 2040 480 EU'I‘ZCH
2059 419 2107 477 ll
2145 420 2669 477 ALEXANDlil-Nl
2700 423 2920 481 PATlt.

3878 420 3983 482 9H

745 550 869 591 cum
900 534 987 586 ille
1025 549 1130 585 ttott
1166 532 1532 599 faceret,ipse,
1562 531 1827 599 prehenso
1854 530 2056 600 gladio,
2080 539 2304 581 mortem
2340 535 2378 586 Λ
2410 528 2684 595 cedentes,
2724 530 3039 596 facibusque
3085 530 3206 599 igne
3252 530 3512 595 accensis,
3548 531 3772 602 ingressi
3810 532 3985 599 ipsius

747 627 850 680 sibi
898 622 1186 683 conscivit.
1210 635 1317 690 quo
1349 622 1488 684 viso,
1520 636 1578 674 se
1637 622 1797 672 etiam
1862 619 2129 673 interfecit
2174 633 2308 686 puer

744 715 937 785 ipsius.
973 713 1110 769 Caesi
1144 723 1273 766 sunt
1301 716 1460 766 etiam
1505 713 1556 764 in
1599 712 1787 780 praelio
1837 710 2093 764 Israelita:
2127 721 2307 778 strage

745 809 972 876 ingenti,
1007 806 1208 860 occisis
1253 808 1475 873 insuper
1512 803 1840 865 Jonatltane,
1882 801 2222 855 Abittadamo
2253 809 2305 853 et

745 898 1009 953 Ilelltislto
1032 897 1181 952 Sauli
1211 897 1355 950 filiis.
1409 895 1505 949 Die
1534 903 1715 949 autem
1745 893 2009 951 crastino.
2040 908 2165 946 etttn
2220 894 2303 945 luo

742 996 981 1043 strarettt
1020 988 1193 1043 tribus
1228 986 1546 1055 alienigena:
1603 1000 1799 1050 caesos,
1853 985 2063 1039 sublata
2120 984 2299 1039 Saulis

744 1080 1087 1149 filiorumque
1118 1077 1287 1146 ipsius
1326 1077 1503 1146 capita
1541 1078 1592 1129 in
1626 1076 1853 1144 patriam
1918 1090 2073 1128 suam
2142 1077 2303 1133 mise-

744 1177 891 1231 runt,
915 1168 1239 1237 corporibus
1268 1167 1509 1237 ipsorum
1547 1181 1713 1235 super
1755 1182 1879 1220 arce
1914 1166 2129 1219 Battiasi
2185 1182 2304 1218 sus-

742 1262 941 1332 pensis.
978 1259 1133 1325 Quod
1178 1274 1302 1315 curn
1355 1259 1695 1313 audivissent
1758 1262 2047 1329 pepttlarcs
2106 1259 2303 1326 ipsius,

741 1351 962 1416 profecti
983 1367 1213 1421 corpora
1236 1354 1473 1419 ipsorum
1491 1361 1706 1420 accepta
1730 1351 1939 1404 Dattiasi
1958 1350 2276 1416 sepelierunt
2291 1388 2302 1401 .

738 1440 863 1495 Fuit
899 1453 1080 1496 autem
1117 1444 1281 1497 David
1313 1444 1364 1496 itt
1423 1443 1629 1504 Siltlaa,
1662 1442 1728 1495 ad
1762 1456 1921 1508 quem
1951 1455 2075 1494 cum
2113 1456 2301 1495 acces-

738 1534 899 1589 sisset
921 1535 1138 1604 quidam
1179 1536 1328 1590 vultu
1359 1535 1627 1603 squalido,
1656 1533 1900 1589 vestibus
1929 1532 2139 1597 scissis,
2165 1533 2302 1588 dixit

737 1630 839 1705 ipsi
887 1628 1050 1681 David
1082 1625 1279 1693 :-Quid
1315 1628 1408 1679 tibi
1441 1625 1639 1680 accidit
1681 1626 2018 1679 infortunii?
2047 1626 2298 1695 ltespon-

733 1722 813 1773 dit
845 1721 934 1773 ille
966 1734 979 1769 :
1013 1718 1241 1773 Occisus
1271 1726 1349 1770 est
1380 1717 1431 1769 itt
1472 1716 1657 1787 prelio
1697 1714 1848 1780 Saul,
1884 1731 1989 1769 una
2023 1731 2145 1769 cum
2181 1715 2304 1771 filiis

738 1811 912 1879 ipsius
940 1810 1267 1871 Jonatbane.
1295 1807 1651 1875 Abittadamo,
1682 1805 2037 1877 157-159
2076 1815 2131 1859 et
2173 1805 2304 1860 Mel-

736 1906 916 1968 bisho,
945 1912 1109 1972 atque
1133 1916 1233 1971 ego
1254 1918 1371 1955 sum
1397 1902 1487 1969 qui
1525 1901 1671 1969 ipsos
1704 1900 1973 1953 interfeci.
2012 1898 2303 1953 Scitlerunt
2339 1891 2378 1946 ll

733 2011 860 2062 ergo
898 1994 1062 2048 David
1092 2002 1145 2047 et
1179 1995 1407 2048 comites
1433 1994 1603 2064 ipsius
1636 2004 1813 2046 vestes
1850 1992 2304 2060 suas,tribusque
2340 2027 2347 2036 -

734 2087 923 2143 diebus
952 2085 1322 2139 subsistentes
1355 2099 1547 2153 panem
1578 2098 1685 2137 non
1720 2090 2009 2152 gustarunt
2068 2097 2175 2150 prro
2209 2082 2304 2133 tri-

734 2176 903 2237 sutia,
936 2179 1006 2229 ob
1035 2176 1255 2231 Sattlem
1291 2184 1343 2229 et
1370 2178 1461 2244 qui
1498 2190 1619 2229 cum
1647 2189 1711 2228 eo
1750 2173 1874 2228 caesi
1903 2181 2055 2236 sunt,
2087 2171 2303 2226 Israeli-

737 2276 842 2322 tas.
868 2266 1003 2321 Tum
1037 2267 1301 2321 accersito
1322 2268 1440 2321 vito
1474 2267 1566 2336 qui
1608 2265 1860 2319 nuntium
1929 2265 2033 2333 ipsi
2098 2264 2300 2325 attulit,

729 2358 1001 2412 cervicem
1029 2358 1294 2427 praecidit,
1325 2358 1379 2411 in
1419 2356 1697 2426 praemium
1728 2356 2024 2410 testimonii
2061 2355 2129 2409 de
2159 2356 2304 2409 caede

734 2461 968 2519 patrata,
999 2449 1143 2519 quod
1176 2458 1368 2502 contra
1418 2464 1477 2502 se
1509 2447 1879 2517 perltibuerat.
1950 2444 2076 2499 Fuit
2124 2458 2301 2500 autem

735 2559 959 2613 regnum
988 2542 1169 2595 Saulis
1224 2556 1493 2594 annorum
1527 2539 1741 2608 viginti,
1778 2540 1863 2593 cui
1892 2540 1945 2592 in
1978 2554 2142 2608 regno
2175 2554 2300 2591 suc-

733 2636 899 2690 cessit
927 2634 1094 2688 David
1123 2635 1263 2688 filius
1288 2634 1461 2689 Jesse.
1496 2631 1613 2685 .lant
1644 2631 1711 2684 ad
1741 2646 1963 2701 regnum
1996 2631 2211 2687 Davidis
2238 2632 2305 2684 ab

732 2728 880 2781 exitu
916 2727 1284 2781 Israelitarutn
1333 2741 1395 2776 ex
1430 2722 1659 2793 Aigypto
1708 2723 1836 2775 anni
1891 2732 2017 2774 sunt
2063 2725 2301 2775 sexcenti

734 2836 825 2876 sex
852 2836 865 2883 ;
897 2820 966 2873 ab
1026 2816 1337 2871 Abraltamo
1369 2814 1514 2873 mille
1544 2822 1764 2867 centum
1820 2822 1873 2865 et
1934 2811 2193 2865 tredecim
2223 2830 2235 2868 :
2274 2829 2300 2863 a

735 2908 975 2964 Pltaleko
1001 2907 1149 2960 mille
1176 2904 1417 2959 sexcenti
1470 2903 1866 2972 quinquaginta
1929 2911 2166 2970 quatuor
2195 2946 2209 2967 ,
2273 2920 2299 2955 a

733 3001 939 3055 diluvio
990 2998 1076 3054 bis
1111 2996 1261 3051 mille
1294 3003 1512 3049 centum
1559 2996 1841 3063 octoginta
1905 2998 2184 3063 qttinqtte,‘
2234 2998 2301 3045 ab

734 3090 944 3146 Adamo
1004 3095 1243 3160 quatuor
1308 3084 1457 3137 mille
1500 3084 1878 3155 quadringenti
1945 3085 2299 3155 quadraginta

736 3198 895 3238 unus.

2411 621 2682 676 interfecti
2728 633 2892 691 caput
2944 622 3219 675 sublatum
3274 626 3339 674 a-l
3392 621 3643 675 Davidem
3695 623 3982 680 tulerunt;

2412 711 2578 766 David
2605 728 2731 766 vero
2766 712 2937 781 ipsos,
2975 712 3226 766 manibus
3252 712 3589 780 pedibusque
3615 721 3895 766 trum-atus
3921 727 3985 765 ac

2408 803 2725 863 decollatos,
2754 803 3077 870 suspendit;
3111 811 3165 856 at
3214 803 3569 867 lsltboslteth,
3628 801 3811 859 Saulis
3863 804 3983 863 lilii,

2413 904 2578 964 caput
2603 895 2657 948 in
2688 896 2940 963 sepuleto
2981 894 3180 949 Abneri
3232 895 3499 963 sepelivit.
3534 894 3706 950 Porro
3734 896 3984 950 condidit

2410 986 2579 1041 David
2608 987 2795 1041 urbem
2828 984 2999 1047 Uslta,
3036 1002 3201 1055 quam
3234 986 3452 1040 Davidis
3478 986 3755 1041 civitatem
3786 985 3977 1055 appel—

2410 1078 2581 1142 lavit;
2632 1087 2823 1147 estque
2859 1078 3045 1132 eadetn
3086 1080 3283 1131 Siltott.
3318 1079 3455 1133 Cum
3492 1088 3677 1133 autem
3724 1080 3985 1132 audirent

2408 1169 2838 1238 alienigenarum
2872 1184 3032 1239 rcges
3068 1169 3323 1222 Davitlent
3371 1184 3537 1239 regno
3567 1170 3798 1240 potitum
3831 1183 3984 1229 esse,

2409 1260 2719 1330 congregati
2751 1271 2879 1313 sunt
2908 1262 2975 1315 ad
3004 1260 3202 1315 bellum
3239 1261 3341 1328 ipsi
3385 1261 3757 1324 inferendum,
3785 1270 3981 1316 contra

2409 1366 2550 1420 quos
2577 1353 2691 1421 ipse
2722 1366 2843 1405 etttn
2879 1352 3121 1407 exercitu
3167 1351 3512 1422 161-163
3548 1367 3649 1407 suo
3680 1352 3981 1420 profectus.
4038 1418 4039 1421 η

2407 1456 2502 1495 eos
2542 1443 2915 1497 internecione
2948 1442 3205 1524 .delevit;
3245 1445 3432 1511 itaque
3489 1444 3845 1509 tranquillum
3895 1444 3981 1495 la-

2405 1541 2550 1583 etum
2583 1544 2667 1585 est
2700 1548 2926 1601 regnum
2968 1532 3176 1601 ipsius;
3222 1533 3432 1603 fuitque
3464 1533 3768 1587 consiliarii
3804 1535 3983 1604 ipsius

2408 1638 2604 1677 nomen
2628 1621 2951 1692 Josltapltat,
2985 1624 3195 1679 Achlici
3240 1623 3407 1680 filius.
3452 1624 3625 1679 Porro
3667 1625 3815 1679 dono
3876 1627 3982 1695 ipsi

2408 1714 2557 1768 misit
2608 1712 2816 1775 lliram,
2851 1713 2959 1767 Siri
3018 1729 3133 1775 rex,
3189 1715 3332 1783 ligna
3392 1715 3617 1769 cedrina
3643 1724 3697 1766 et
3750 1714 3981 1783 abiegtta

2407 1805 2605 1872 quibus
2636 1802 2855 1858 domum
2899 1804 3186 1858 aediﬁcavit
3219 1805 3410 1862 David.

2478 1893 2679 1946 Omnes
2736 1903 2917 1946 autem
2981 1893 3349 1947 iSl‘ZICillzil'tIItl
3423 1893 3697 1963 principes
3754 1895 3980 1947 domum

2406 1982 2702 2036 Abinadabi
2738 1982 2983 2051 profecti.
3012 1983 3279 2039 sublatam
3309 1985 3434 2040 inde
3469 2000 3674 2049 arcam,
3708 1988 3982 2052 plaustro-

2406 2090 2510 2142 que
2542 2074 2870 2143 impositam,
2897 2086 3215 2145 gestaruttt;
3254 2077 3395 2132 Uzza
3446 2088 3501 2133 et
3556 2079 3721 2141 Altitt,
3768 2080 3977 2131 Altina-

2407 2165 2527 2219 dabi
2562 2166 2705 2230 filiis,
2740 2180 2771 2221 e
2804 2168 3035 2235 posteris
3081 2166 3273 2221 Kaltati
3312 2170 3406 2222 filii
3461 2169 3609 2233 Levi,
3672 2172 3980 2241 plaustrum

2407 2257 2716 2322 agentibus,
2737 2273 2860 2311 cum
2896 2273 3002 2312 non
3024 2260 3209 2314 liceret
3233 2261 3493 2316 Israelita:
3519 2262 3755 2327 cuipiam
3786 2277 3983 2330 praeter

2410 2348 2548 2402 lizios
2573 2347 2703 2401 Levi
2736 2362 2916 2401 arcam
2953 2348 3114 2404 ferre.
3147 2350 3344 2403 Arcam
3393 2362 3599 2416 autem,
3637 2354 3767 2405 dam
3806 2354 3980 2421 ipsam

2408 2439 2459 2490 in
2487 2438 2729 2508 plaustro
2762 2438 2983 2504 ferrent,
3015 2442 3256 2494 vestibus
3283 2442 3621 2509 operierunt,
3657 2444 3851 2498 relicto
3892 2446 3945 2498 itt
3967 2475 3980 2486 -

2406 2539 2489 2584 ter
2516 2533 2685 2597 ipsam
2715 2547 2778 2586 ae
2808 2534 3067 2599 populum
3094 2534 3402 2586 cubitorum
3438 2535 3523 2588 bis
3569 2535 3799 2588 tttillittttt
3850 2553 3974 2605 spa-

2368 2657 2378 2668 ι
2408 2624 2504 2677 tiu.
2542 2622 2790 2691 Dumque
2823 2623 2991 2692 ip~attt
3023 2625 3074 2677 itt
3104 2626 3347 2693 plaustro
3380 2626 3711 2692 deducerent
3748 2626 3899 2681 Uzza
3928 2640 3981 2680 et

2408 2716 2543 2767 Abiu
2580 2705 2814 2785 Illtctuttt
2843 2714 2949 2786 est]
2984 2724 3040 2768 ttt
3078 2716 3387 2770 labantibus
3414 2718 3775 2786 juvencorttm
3826 2722 3982 2787 pedi-

2406 2808 2528 2867 irtlS,
2565 2821 2731 2872 prope
2764 2816 2903 2859 t-Ssel
2938 2814 2995 2858 ut
3024 2816 3303 2859 eorrueret
3334 2821 3459 2859 arca
3486 2824 3500 2868 ;
3537 2822 3699 2875 quant
3732 2808 3977 2860 retinens

2408 2893 2574 2961 Uua,
2616 2905 2865 2948 mortuus
2908 2896 3159 2965 procidit.
3202 2894 3581 2950 Extimescens
3612 2912 3741 2966 ergo
3784 2895 3981 2959 David,

2404 3002 2585 3039 arcam
2616 2989 2669 3039 itt
2701 2986 3011 3040 Obealedom
3056 2986 3235 3040 lliltaai
3264 2986 3483 3040 domum
3523 2986 3848 3053 introduxit,
3889 2989 3980 3041 ubi

2403 3079 2577 3132 tribus
2594 3079 2875 3133 mensibus
2905 3081 3223 3145 permansit.
3250 3078 3453 3134 Deinde
3482 3079 3728 3133 eamdem
3752 3094 3784 3133 e
3812 3079 3981 3133 dom;

2403 3170 2729 3225 Obededomi
2765 3169 2988 3223 abduxit
3018 3170 3211 3234 David,
3245 3181 3452 3240 septem
3494 3171 3766 3235 buccinls,
3800 3174 3981 3234 tibiis.

808 3273 1054 3345 magnum
1086 3279 1267 3325 autem
1330 3268 1566 3321 obtinuit
1628 3266 1791 3320 David
1843 3266 1988 3319 ﬁlius
2046 3266 2197 3321 jcs.c
2248 3267 2297 3319 in
2326 3237 2370 3291 (λ
2404 3261 2763 3329 omnibusque
2782 3261 3014 3315 musices
3041 3237 3326 3331 speciebus
3347 3264 3661 3317 canentium
3687 3265 3981 3317 ordinibus

735 3380 926 3421 omnes
951 3361 1323 3418 lsraelitarum
1358 3357 1531 3411 tribus
1565 3371 1737 3409 annos
1763 3368 1922 3410 natus
1950 3356 2191 3425 triginta,
2225 3374 2299 3410 rc-

735 3457 1030 3528 gnavitque
1059 3465 1232 3506 annos
1264 3446 1653 3518 quadraginta.
1683 3462 1896 3501 menses
1927 3460 2043 3510 sex,
2091 3458 2296 3515 septem

741 3548 954 3602 scilicet
999 3558 1174 3597 annos
1205 3556 1326 3593 cum
1352 3554 1446 3591 sex
1483 3536 1761 3590 mensibus
1789 3535 2048 3599 ilcbroni,
2075 3537 2297 3603 triginta

735 3652 847 3694 tres
878 3632 1289 3703 Hierosolymis.
1329 3628 1624 3684 Prtefectus
1654 3635 1833 3680 autem
1862 3628 2130 3680 exercitus
2164 3625 2303 3679 Sau-

738 3729 801 3783 lis
842 3734 959 3781 erat
986 3725 1169 3778 Almer
1199 3722 1343 3775 [ilius
1374 3718 1511 3781 Ner;
1543 3718 1636 3785 qui
1666 3733 1785 3769 cum
1814 3714 2295 3781 Asltaelettt,Joalti

737 3821 982 3879 fratrem,
1018 3813 1401 3875 interfecisset,
1432 3808 1716 3879 profectus
1744 3816 1933 3861 contra
1963 3809 2141 3876 ipsum
2171 3822 2292 3860 cuztt

734 3910 909 3978 copiis
966 3904 1125 3965 Joab,
1156 3918 1185 3957 e
1224 3899 1520 3955 comitibus
1580 3899 1755 3964 ipsius
1794 3897 1941 3951 viros
1996 3907 2294 3949 tercentum

734 4001 1012 4069 sexaginta
1040 3995 1162 4048 neci
1198 3992 1382 4055 dedit;
1417 3989 1614 4043 deinde
1648 3987 1867 4042 fratrem
1894 4003 2052 4039 suum
2089 3988 2295 4040 Asltae-

737 4098 838 4152 letn
870 4086 1201 4142 Betltleltetni
1230 4081 1463 4152 sepeliit.
1481 4080 1648 4133 Porro
1674 4096 1795 4133 cum
1822 4079 2136 4132 interfectus
2158 4088 2299 4133 esstt

733 4182 881 4238 Saul.
936 4178 1112 4230 Abner
1145 4184 1425 4242 acceptum
1488 4169 1830 4235 lsltboslteth,
1869 4168 2049 4221 Saulis
2106 4171 2295 4232 liliuttt,

736 4288 913 4342 regem
957 4272 1011 4325 in
1062 4268 1250 4324 Gilead
1311 4281 1473 4336 super
1518 4265 1794 4334 Epitraitn,
1848 4262 2091 4334 c1160
2137 4277 2298 4330 super

739 4364 1008 4418 lsraelitas
1047 4360 1375 4422 constituit;
1413 4357 1623 4424 fuitque
1663 4353 1985 4408 lsltboslteth
2026 4367 2296 4405 annoruztt

736 4455 1091 4527 quadraginta
1114 4466 1222 4521 quo
1250 4460 1492 4517 tempore
1522 4464 1611 4500 rex
1636 4446 1963 4500 constitutus
1993 4454 2096 4498 est.
2130 4443 2295 4496 Multa

735 4558 915 4601 autem
958 4546 1099 4598 inter
1124 4540 1422 4595 exercitum
1458 4538 1548 4591 lilii
1587 4538 1787 4601 Saulis,
1808 4546 1971 4603 atque
1993 4534 2292 4588 exercitum

740 4637 957 4692 Datidis
993 4632 1309 4689 acciderunt
1373 4629 1579 4699 praelia,
1633 4630 1870 4697 caasiqtte
1934 4635 2060 4680 sunt
2115 4625 2294 4679 tttttlti.

740 4728 863 4781 Fuit
918 4736 1097 4779 autem
1165 4722 1316 4775 Sattli
1387 4722 1691 4774 concubina
1762 4719 1983 4772 nomine
2033 4715 2294 4785 Rispltalt,

738 4833 903 4885 quam
992 4830 1114 4868 cum
1181 4812 1452 4881 acciperet
1512 4810 1713 4869 Alner,
1775 4808 2046 4878 proltibuit
2112 4807 2289 4875 ipsum

739 4905 1059 4961 tsttbosbeilt
1091 4901 1274 4953 Saulis
1309 4900 1489 4963 filius;
1522 4898 1874 4965 quamobrem
1909 4896 2081 4948 iratus
2116 4896 2294 4946 Abuer

738 4999 805 5054 ad
865 4996 1148 5057 Davidem,
1192 4992 1314 5060 ejus
1371 4990 1493 5043 fidei
1531 5006 1589 5043 se
1640 4991 2004 5053 committens,
2057 4988 2293 5049 transiit,

736 5102 897 5157 quem
923 5094 1071 5139 veste
1103 5082 1352 5137 indutum
1383 5080 1547 5134 David
1584 5079 1749 5134 libere
1774 5079 2009 5132 demisit.
2041 5081 2107 5130 At
2134 5076 2294 5142 Joab,

738 5178 940 5232 Servize
993 5176 1161 5239 lilius,
1204 5174 1479 5229 exercitus
1537 5170 1757 5225 Davidis
1808 5170 2115 5239 pt-zefectus.
2170 5185 2295 5238 pre.

737 5272 907 5323 lienso
936 5267 1155 5321 Abuero
1179 5274 1341 5333 caput
1372 5262 1594 5318 abstulit
1626 5272 1845 5331 propter
1875 5261 2159 5315 Asltaelem
2190 5259 2295 5313 fra-

737 5372 873 5413 trem
904 5374 1084 5413 ευιιυιι.
1118 5356 1293 5422 Quam
1339 5354 1411 5409 ob
1453 5369 1674 5409 causam
1704 5356 1877 5407 iratus
1925 5351 2089 5406 David
2118 5360 2291 5405 totum

734 5452 1058 5514 exercitum,
1098 5449 1344 5503 vestibus
1386 5446 1596 5510 scissis,
1646 5447 1948 5509 Abnerutn,
2000 5459 2160 5513 quem
2192 5442 2296 5498 lle-

735 5540 891 5598 brotti
919 5537 1155 5607 sepeliit,
1186 5534 1586 5603 deﬂerejussit.
1614 5534 1781 5587 l’orro
1801 5532 2296 5588 fueruttteducibus

732 5634 914 5689 Saulis
963 5630 1161 5685 fratres
1198 5631 1328 5694 duo,
1362 5642 1596 5699 quorum
1649 5628 1741 5680 ttni
1794 5641 1990 5680 nomen
2053 5624 2293 5689 Rechab,

731 5726 887 5782 alteri
914 5723 1116 5785 Baana,
1146 5738 1175 5777 e
1209 5722 1483 5784 Rimmon,
1526 5718 1860 5789 Benjamitie,
1885 5720 1976 5789 qui
2011 5719 2295 5773 interfecto

738 5822 839 5873 iant
868 5820 1082 5871 Abncro
1107 5824 1268 5872 noctu
1293 5813 1358 5870 sd
1396 5812 1734 5879 lshboshetlt,
1768 5812 1947 5867 Saulis
1990 5812 2184 5875 filium,
2207 5826 2292 5865 ae-

2402 3353 2679 3416 cinctattt;
2711 3353 2827 3421 ipse
2856 3353 3046 3418 David,
3092 3356 3336 3409 vestibus
3365 3354 3857 3411 diversicoloribus
3892 3357 3977 3408 itt-

2400 3446 2585 3507 tlttttts,
2622 3460 2806 3499 corant
2847 3462 2974 3499 arca
3008 3448 3242 3501 saltabat
3277 3458 3329 3501 et
3367 3447 3720 3517 triputliabat.
3771 3449 3972 3501 Arcani

2400 3552 2528 3602 ergo
2560 3539 2610 3589 itt
2656 3537 2890 3590 medium
2928 3538 3263 3591 tabernaculi
3299 3538 3445 3607 quod
3485 3540 3677 3591 fixerat
3709 3539 3879 3592 Datid
3922 3541 3976 3591 in

2404 3629 2573 3682 S;|ton
2625 3630 3063 3691 introduxerunt,
3129 3632 3447 3684 immolante
3481 3631 3680 3685 Davide
3721 3650 3975 3700 magnam

2397 3718 2758 3784 iuvencorum
2803 3729 2967 3788 atque
3025 3722 3261 3773 arietum
3316 3722 3550 3789 copiam.
3612 3722 3735 3773 lirat
3788 3733 3973 3775 auteztt

2400 3825 2523 3861 arca
2556 3826 2585 3861 e
2619 3810 2777 3877 lignis
2804 3810 3060 3874 cedrinis,
3094 3811 3253 3882 164
3278 3812 3637 3880 longitudine,
3686 3814 3978 3865 latitudine.

2400 3910 2447 3950 et
2490 3902 2853 3956 crassitudine
2877 3905 3341 3970 sesquicttbitalis,
3370 3920 3505 3957 auro
3525 3916 3800 3968 οοοελργιιι.
3834 3906 3976 3959 Tent

2400 4005 2618 4056 egresso
2645 4002 2833 4043 contra
2863 3992 3119 4045 Davidetu
3157 3994 3221 4045 al
3260 3995 3458 4046 bellum
3492 3995 3591 4062 ipsi
3622 3994 3733 4047 infe
3768 3998 3972 4048 endam

2404 4096 2526 4143 rege
2558 4078 2715 4135 Seba:
2747 4084 2968 4136 nomine
3010 4084 3193 4135 lladad
3231 4084 3385 4148 Enr,
3430 4084 3634 4137 lleltubt
3670 4089 3801 4145 lilio,
3849 4103 3976 4153 pra-

2404 4171 2579 4224 fectus
2610 4172 2711 4239 ipsi
2749 4172 2802 4225 in
2833 4189 3123 4227 occursum
3165 4176 3329 4229 ΒΑΜ
3369 4188 3416 4229 et
3448 4178 3672 4229 victoria
3706 4179 3758 4230 in
3791 4178 3970 4246 ipsum

2404 4260 2627 4327 petitus,
2649 4277 2677 4315 e
2701 4262 2995 4318 comitibus
3035 4265 3153 4332 ejus
3197 4268 3413 4334 equites
3444 4269 3842 4336 septingentos,
3880 4284 3977 4336 pe-

2402 4350 2545 4403 dites
2577 4354 2742 4405 vicies
2786 4355 2931 4406 mille
2974 4355 3268 4409 interfecit.
3307 4356 3448 4422 Quin
3483 4369 3533 4411 et
3582 4359 3831 4427 proferto
3868 4360 3972 4411 Sil-

2403 4456 2526 4495 raso
2557 4459 2680 4511 rege
2723 4444 2969 4497 Damasci
3014 4449 3077 4498 ad
3115 4449 3378 4499 auxilium
3441 4448 3622 4501 lladad
3675 4448 3851 4501 Ezt'ro
3898 4450 3973 4501 fe-

2405 4536 2655 4601 rendunt,
2690 4539 2961 4590 itttetferit
2999 4537 3165 4592 David
3202 4556 3231 4593 e
3263 4542 3555 4594 comitibus
3578 4542 3753 4608 ip~ius
3780 4543 3972 4611 viginti

2403 4624 2508 4677 duo
2545 4626 2746 4689 millia;
2784 4626 3071 4697 factusque
3101 4640 3184 4683 est
3212 4628 3381 4684 Suras
3432 4631 3679 4684 Damasci
3738 4648 3834 4686 rex
3868 4633 3972 4686 Da-

2399 4716 2505 4768 vidi
2538 4717 2708 4771 instar
2730 4720 2907 4783 servi;
2943 4722 3330 4790 transtulitque
3382 4721 3548 4773 David
3595 4722 3971 4794 Hierosolyma

2398 4821 2608 4881 omnes,
2640 4825 2761 4877 quae
2784 4811 3074 4864 comitibus
3118 4811 3448 4866 ilailadezeti
3508 4813 3747 4874 fut-runt,
3800 4832 3973 4869 zonas

2398 4914 2614 4961 aureas,
2645 4910 2805 4968 atque
2838 4914 3141 4971 argenteas,
3191 4920 3312 4957 cum
3338 4907 3671 4957 Ol'llaltlt'lllis
3705 4922 3972 4975 perquam

2401 4990 2607 5048 ntultts.
2642 5006 2761 5057 quae
2806 4994 3031 5044 abstulit
3087 4992 3246 5046 Sisak
3300 4994 3515 5064 {Egypti
3575 5011 3689 5057 lex,
3746 4999 3975 5064 quando

2399 5077 2771 5151 Hierosolyma
2831 5084 3000 5143 venit,
3041 5096 3298 5153 regnante
3330 5085 3681 5142 theoboanto
3714 5086 3969 5143 Salonio-

2400 5168 2485 5223 ttis
2519 5170 2646 5225 lilio.
2702 5173 2895 5226 Attulit
2918 5176 3079 5227 etiam
3115 5176 3278 5229 David
3319 5193 3349 5231 e
3372 5179 3558 5246 prselio
3591 5179 3971 5249 Hierosolyma

2400 5277 2647 5329 magnam
2692 5265 2817 5317 aeris
2843 5266 3076 5333 copiam,
3110 5282 3141 5319 e
3169 5283 3277 5336 quo
3321 5270 3556 5322 confecit
3588 5268 3850 5324 Salomon
3874 5288 3973 5325 eo-

2398 5354 2635 5413 lttttttzas.
2668 5353 2827 5407 bases
2856 5365 2907 5406 et
2966 5366 3179 5421 portas,
3228 5372 3338 5423 quo
3398 5367 3643 5426 tempore
3700 5360 3972 5427 templum

2397 5446 2685 5497 exstruxit.
2724 5445 2847 5498 Post
2881 5448 2989 5498 Itane
3032 5445 3195 5499 David
3230 5448 3360 5499 tnuli
3402 5464 3513 5501 rem
3565 5451 3785 5503 nomine
3838 5449 3973 5506 Ber-

2398 5534 2606 5598 scbam,
2635 5533 2787 5587 Elialt
2813 5536 3000 5597 lliiattt,
3056 5534 3198 5589 Utiie
3232 5554 3485 5602 uxorem,
3546 5539 3802 5593 feminam
3846 5543 3975 5610 pul-

2398 5626 2583 5678 cltratn
2612 5636 2665 5680 et
2691 5624 3011 5690 formosam,
3038 5640 3385 5696 conspectam
3436 5631 3687 5698 deperiit,
3730 5647 3973 5701 euntque

2397 5718 2586 5771 eadem
2617 5720 2883 5773 accersita
2922 5735 3032 5774 rem
3068 5720 3277 5784 ltabuit,
3315 5724 3451 5774 adeo
3472 5735 3527 5777 ut
3560 5739 3623 5776 ex
3653 5741 3718 5777 eo
3744 5726 3973 5792 gravida

2400 5810 2574 5875 fieret,
2626 5811 2824 5868 marito
2867 5814 2987 5880 eius
3024 5811 3174 5881 Uria,
3208 5829 3328 5867 cunt
3358 5813 3529 5872 .loabo
3558 5816 3610 5869 in
3649 5817 3791 5873 bello
3834 5833 3977 5871 con-
