4200 6432
225 418 325 481 945

1646 425 2015 487 ANNALES.

3358 413 3460 478 946

224 539 306 583 tra
326 529 668 603 alienigenas
698 542 829 588 tunc
860 535 1111 589 absente.
1150 536 1284 588 Cum
1316 550 1447 604 ergo
1497 551 1614 588 eam
1638 552 1703 590 ex
1734 551 1794 590 se
1830 550 1866 603 Α
1900 536 2275 607 Hierosolyma
2311 550 2561 589 reversus
2592 540 2695 588 est.
2738 530 3090 603 ιδῃ-ιη
3129 527 3253 582 Fuit
3281 537 3461 581 autem

226 621 544 691 concepisse
612 636 818 691 nosset,
871 625 1088 684 Uriam.
1136 627 1321 681 missis
1382 629 1476 696 qui
1528 627 1679 679 illum
1731 627 1793 679 ad

229 712 406 780 ipsum
460 714 818 781 adducerem,
870 733 933 772 ea
1001 730 1159 773 nocte
1202 720 1347 774 domi
1394 736 1505 776 suae
1556 721 1797 775 dormire

222 804 424 873 jussit;
466 805 592 862 Uria
628 817 809 864 autem
863 825 928 865 ea
983 821 1145 866 nocte
1201 811 1422 865 domum
1481 827 1631 866 suam
1686 826 1788 865 non

223 901 523 965 concessit,
556 916 742 956 verum
778 918 903 957 cum
955 902 1311 975 185-167
1355 903 1687 973 janitoribus
1736 905 1786 956 in

221 992 422 1061 palatio
448 993 733 1049 dormivit.
775 994 932 1051 Mane
958 1012 1088 1066 ergo
1116 998 1182 1050 ad
1211 998 1509 1051 exercitum
1554 1014 1677 1051 eum
1712 1014 1794 1052 re.

223 1081 373 1137 misit
402 1081 592 1147 David,
626 1084 806 1153 ipsum
840 1086 985 1141 domi
1042 1103 1156 1142 suae
1206 1088 1570 1142 obdormiisse
1601 1098 1790 1152 ratus;

222 1174 365 1243 quod
400 1191 468 1229 eo
506 1176 612 1230 fine
644 1178 824 1233 facere
858 1179 1035 1248 ipsum
1075 1180 1245 1233 voluit
1274 1179 1439 1234 David
1472 1190 1531 1234 ut
1569 1181 1638 1234 ita
1670 1196 1791 1233 cum

223 1280 391 1321 uxore
417 1281 517 1320 sua
551 1268 979 1333 concumberet;
1015 1284 1147 1339 quo,
1198 1287 1319 1325 cum
1378 1274 1596 1341 gravida
1652 1273 1791 1327 facta

220 1368 385 1423 esset,
423 1359 556 1411 nihil
591 1360 818 1415 haberet
848 1360 1007 1429 cujus
1042 1362 1214 1431 ipsum
1242 1362 1541 1420 incusaret.
1574 1366 1641 1418 At
1670 1382 1791 1418 eum

218 1447 361 1501 domi
390 1463 504 1501 sua:
528 1464 633 1502 non
666 1449 1037 1511 dormivisset.
1073 1452 1298 1520 scripsit
1331 1452 1395 1505 ad
1423 1451 1654 1508 Joabum
1692 1454 1793 1509 Da-

220 1537 307 1591 vid
358 1546 420 1591 ut
457 1536 643 1591 Uriam
704 1546 835 1593 ante
896 1552 1079 1592 arcam
1138 1541 1192 1591 in
1251 1540 1435 1608 praeiio
1479 1540 1787 1595 collocaret.

218 1625 372 1691 Quod
405 1640 531 1681 cum
557 1625 797 1693 fecisset,
830 1628 1152 1683 interfectus
1171 1638 1255 1685 est
1286 1628 1409 1684 Uria
1449 1645 1632 1684 coram
1666 1646 1788 1685 arca

220 1718 271 1772 in
305 1718 520 1788 praelio.

286 1807 385 1864 ιιιο
417 1825 546 1878 ergo
572 1810 779 1875 occiso,
811 1809 964 1863 duxit
992 1809 1157 1863 David
1192 1809 1312 1877 ejus
1343 1812 1627 1882 conjugem
1664 1811 1789 1865 Bar-

1898 628 2249 691 Ahshalomo,
2281 627 2500 681 Davidis
2538 626 2671 685 filio,
2728 624 2981 679 caesaries
3012 620 3234 691 copiosa
3270 618 3464 672 admo-

1897 720 2052 780 dum,
2087 719 2221 770 adeo
2251 726 2310 771 ut
2358 718 2573 787 quoties
2608 715 2930 785 capillitium
2963 729 3122 768 suum
3159 726 3187 765 a
3219 722 3463 778 tempore

1897 809 1964 863 ad
2006 818 2227 878 tempus
2261 812 2590 872 retonderet,
2635 809 2803 862 sit-los
2854 807 3125 859 ducentos
3178 803 3458 868 penderet.

1897 900 2068 955 Porro
2090 901 2488 970 prophetarunt
2513 911 2756 969 tempore
2781 897 3022 957 Davidis.
3052 895 3290 955 Nathan,
3321 892 3458 957 Gad,

1895 993 2063 1045 Achia
2096 990 2391 1052 Shilonila,
2426 991 2630 1056 Asaph,
2664 989 2894 1042 Haiman
2928 996 2985 1042 et
3018 985 3325 1040 Yaduthun
3358 984 3459 1037 Le-

1895 1084 2029 1147 vita,
2069 1093 2123 1139 et
2153 1083 2291 1139 Joah
2328 1086 2552 1143 Servire.
2586 1085 2793 1136 sororis
2819 1084 3039 1136 Davidis
3073 1082 3235 1141 filius,
3287 1079 3378 1147 qui
3409 1088 3463 1131 et

1896 1176 2068 1243 ipsius
2099 1177 2341 1229 vicarius
2374 1177 2494 1229 fuit.

1966 1269 2337 1321 Numerarunt
2362 1278 2543 1321 autem
2579 1268 2741 1320 David
2777 1279 2827 1321 et
2866 1267 3103 1319 vicarius
3134 1265 3305 1333 ipsius
3326 1260 3464 1314 Joah

1896 1354 2264 1410 Israelitarum
2329 1359 2527 1413 tribus.
2562 1357 2836 1412 Numerus
2868 1366 3054 1411 autem
3089 1353 3459 1409 lsraelitarum

1892 1461 2051 1514 quem
2087 1457 2457 1515 supputarunt
2491 1448 2655 1502 David
2686 1458 2737 1504 et
2770 1450 2933 1509 .loah,
2962 1456 3082 1501 erat
3135 1444 3463 1512 quadragies

1895 1539 2098 1594 millies
2152 1541 2297 1594 mille
2336 1550 2391 1595 et
2445 1550 2663 1596 centum
2719 1542 2886 1595 mille.
2952 1541 3061 1612 [At
3105 1540 3260 1608 juxta
3316 1536 3461 1589 aliud

1892 1631 2196 1700 exemplar,
2230 1640 2425 1700 quater
2482 1634 2681 1685 millies
2719 1632 2864 1686 mille
2907 1641 2959 1683 et
2993 1640 3215 1685 centum
3250 1625 3463 1696 mille.]

1892 1722 2130 1787 Quorum
2165 1738 2194 1776 e
2228 1722 2353 1777 ﬁliis
2400 1722 2551 1778 Iudae
2600 1724 3002 1793 quadringenta
3034 1736 3086 1778 et
3119 1721 3465 1791 septuaginta

1894 1814 2080 1877 millia,
2120 1812 2442 1881 Benjamitaa
2475 1823 2660 1868 autem
2712 1825 2765 1869 et
2817 1814 3029 1869 Levita!
3062 1829 3169 1867 non
3202 1826 3466 1866 numera-

218 1899 475 1965 sbebam,
506 1917 627 1969 quae
666 1901 837 1955 filium
895 1901 999 1971 ipsi
1032 1903 1264 1971 peperit.
1327 1902 1557 1958 Veniens
1610 1914 1787 1959 autem
1824 1912 1866 1969 Β
1898 1902 2115 1956 bantur.
2184 1900 2456 1957 Numerus
2526 1912 2705 1957 autem
2780 1904 3218 1973 reiectaneorum
3293 1902 3385 1972 qui
3433 1916 3466 1955 e

220 1991 288 2046 ad
323 1993 505 2063 ipsum
534 1992 753 2047 Nathan
780 1995 1067 2064 propheta,
1103 1997 1280 2051 dixit:
1342 1996 1457 2052 Duo
1501 2008 1659 2053 erant
1692 2000 1789 2052 \iri

222 2086 274 2140 in
332 2085 491 2151 urbe,
546 2103 777 2156 quorum
837 2104 979 2143 unus
1038 2089 1217 2155 dives,
1275 2092 1362 2145 cui
1421 2091 1687 2160 pecudum
1738 2101 1791 2146 et

222 2176 385 2232 boum
427 2192 622 2246 magna
682 2188 799 2232 erat
849 2181 1055 2249 copia;
1096 2181 1234 2233 alter
1271 2195 1397 2235 vero
1428 2196 1655 2250 pauler,
1702 2184 1789 2236 cui

225 2278 423 2324 praeter
452 2282 609 2323 ovem
646 2284 811 2322 unam
839 2284 950 2323 non
983 2280 1125 2326 erat.
1155 2272 1310 2340 cujus
1348 2274 1429 2327 lac
1461 2289 1525 2327 ac
1562 2274 1680 2327 lana
1716 2274 1791 2325 vi-

221 2367 368 2415 ctum
407 2360 510 2428 ipsi
560 2360 916 2429 praebebant;
970 2361 1300 2418 adveniente
1335 2374 1516 2417 autem
1555 2364 1621 2418 ad
1656 2366 1791 2419 divi-

224 2461 330 2506 tem
365 2453 583 2520 hospite
614 2452 878 2521 quodam,
933 2455 1026 2510 ille
1063 2457 1331 2525 prehensa
1388 2458 1645 2525 pauperis
1694 2474 1794 2512 ove

226 2559 342 2598 eam
373 2544 681 2614 jugulatam
714 2546 913 2616 hospiti
955 2562 1055 2601 suc
1094 2549 1373 2617 apposuit.
1415 2548 1558 2604 Dixit
1585 2551 1789 2605 David:

224 2634 470 2691 Pessime
525 2636 676 2701 fecit,
732 2639 1098 2707 quadruplum
1158 2640 1233 2694 illi
1295 2658 1393 2711 pro
1449 2658 1549 2696 ove
1582 2644 1791 2700 reddet.

223 2724 519 2794 increpans
546 2743 678 2798 ergo
724 2730 902 2798 ipsum
936 2727 1152 2784 Natban
1191 2732 1456 2800 propheta
1486 2750 1498 2783 ε
1552 2732 1631 2785 Tu
1665 2733 1790 2799 (in-

220 2820 377 2887 quit}
410 2835 473 2871 es
510 2822 593 2872 vir
626 2820 737 2876 ille.
777 2820 991 2877 Scissis
1019 2837 1151 2889 ergo
1185 2823 1373 2876 statim
1408 2824 1651 2878 vestibus
1680 2826 1794 2879 suis

223 2925 283 2963 ac
313 2910 496 2964 cilicio
526 2912 773 2976 indutus,
804 2922 1007 2981 septem
1033 2913 1225 2969 diebus
1254 2914 1366 2982 jeju
1390 2917 1574 2977 navit,
1610 2916 1791 2969 Domi-

224 3017 350 3055 num
390 3018 555 3057 suum
587 3019 787 3071 rogans
818 3014 875 3057 ut
926 3020 1153 3073 puerum
1207 3016 1383 3060 morte
1433 3006 1701 3069 afﬁceret;
1742 3016 1792 3059 at

220 3095 306 3148 die
324 3096 558 3164 septimo
580 3104 827 3150 mortuus
846 3106 929 3150 est
951 3111 1099 3163 puer.
1121 3095 1249 3150 Post
1280 3099 1391 3151 hzec
1423 3114 1613 3152 rursus
1643 3114 1671 3151 e
1694 3098 1795 3151 Da-

227 3186 346 3241 vide
384 3188 663 3255 gravidata
712 3188 854 3241 Uria:
898 3203 1054 3254 uxor,
1075 3186 1544 3258 Salomonemipsi
1568 3191 1787 3258 peperit.

1896 1993 2069 2063 stirpe
2096 1993 2288 2048 Jacobi
2320 2010 2427 2048 non
2462 2004 2642 2059 erant,
2687 1995 2835 2050 mille
2870 1997 2992 2049 fuit.
3030 1996 3175 2049 Dixit
3199 2010 3332 2064 ergo
3360 1994 3463 2046 Du-

1900 2085 2084 2138 tninus
2119 2085 2272 2139 Gado
2309 2088 2587 2157 prephetee
2619 2106 2631 2140 :
2676 2087 2933 2154 Displicet
2996 2089 3128 2140 mihi
3182 2088 3328 2152 quod
3366 2086 3467 2137 Da-

1896 2175 1982 2230 vid
2038 2174 2319 2232 lsraelitas
2397 2179 2802 2242 numeraverit;
2879 2179 3161 2246 profectus
3209 2192 3341 2246 ergo
3400 2179 3466 2230 ad

1898 2267 2075 2330 ipsum
2106 2268 2303 2333 juaeas
2356 2271 2533 2335 ipsum
2570 2286 2738 2324 unum
2774 2287 2804 2322 e
2834 2273 3012 2325 trilms
3067 2271 3189 2326 istis
3241 2270 3468 2339 eligere,

1896 2364 1977 2412 νυι
2013 2370 2071 2413 ut
2102 2364 2172 2414 sit
2205 2377 2298 2429 per
2336 2372 2505 2415 totum
2542 2365 2713 2431 ipsius
2770 2379 2993 2433 regnum
3047 2372 3254 2433 septem
3296 2378 3470 2417 almo-

1898 2466 2016 2503 rum
2056 2450 2267 2517 fames;
2308 2453 2392 2507 vel
2434 2462 2514 2516 ut,
2574 2455 2991 2522 praevalentibus
3028 2455 3129 2525 ipsi
3190 2456 3465 2519 hostilms,

1898 2543 2073 2595 tribus
2104 2544 2383 2599 mensibus
2413 2546 2705 2608 vincatur;
2747 2547 2829 2599 vel
2869 2557 2949 2610 ut,
3010 2548 3076 2600 ad
3135 2547 3375 2601 triduum
3410 2550 3461 2600 in

1898 2635 2161 2688 universo
2191 2636 2363 2703 ipsius
2417 2652 2583 2707 regno
2636 2649 2918 2708 grassetur
2970 2641 3161 2709 pestis.
3218 2640 3465 2711 lSiigente

1894 2738 2027 2791 ergo
2063 2723 2267 2780 Davide
2315 2735 2549 2796 pestem,
2582 2730 2781 2783 mortui
2816 2740 2947 2785 sunt
2990 2731 3058 2785 ad
3114 2741 3323 2786 sextam
3356 2732 3465 2785 diei

1898 2817 2089 2869 horam
2120 2820 2432 2888 septuagics
2466 2822 2637 2875 mille.
2669 2822 2848 2886 Quare
2880 2838 3039 2891 opem
3070 2836 3099 2876 a
3126 2822 3281 2878 Gado
3310 2823 3467 2893 petiit

1898 2907 2088 2968 David,
2123 2911 2217 2979 qui
2253 2926 2378 2965 eum
2408 2913 2569 2965 simul
2605 2913 2670 2967 ad
2707 2913 2874 2967 Deum
2925 2930 3117 2983 preces
3168 2915 3465 2974 fudissent.

1897 2998 2155 3055 misertus
2197 3002 2311 3067 ipse
2345 3019 2570 3067 eorum,
2607 3016 2811 3073 pestem
2849 3009 3005 3076 172
3039 3008 3284 3063 abstulit.
3325 3008 3469 3063 Fue-

1897 3100 2026 3145 runt
2076 3104 2257 3148 autem
2309 3106 2550 3163 tempore
2618 3098 2838 3153 Davidis
2894 3101 3211 3155 sacerdotes
3264 3104 3466 3156 summi

1898 3182 2184 3244 Ahiathar.
2230 3187 2532 3241 Ahiuvalehi
2598 3190 2766 3254 filius,
2806 3190 2884 3244 Eli
2936 3192 3239 3247 sacerdotis
3292 3194 3468 3247 afﬁnis

227 3277 471 3332 Fuerunt
494 3286 674 3331 autem
698 3278 886 3333 Davidi
913 3280 1069 3333 liberi
1100 3280 1288 3349 viginti
1308 3291 1562 3346 quatuor.
1589 3280 1786 3334 Deinde
1818 3271 1860 3328 C
1893 3282 1947 3326 ει
1979 3274 2177 3329 SadOk-
2227 3276 2363 3331 Cm"
2434 3288 2615 3334 amem
2667 3282 2778 3345 iam
2831 3286 3219 3340 consenuisset
3276 3287 3461 3347 David.

221 3370 435 3425 Amnon
479 3368 699 3423 Davidis
740 3369 906 3433 filius,
930 3370 1229 3425 liberorutn
1258 3371 1427 3439 ipsius
1448 3379 1575 3423 natu
1612 3371 1788 3423 maxi-

221 3477 361 3527 mus,
418 3461 583 3530 168
637 3478 882 3516 sororem
938 3478 1093 3515 suam
1144 3478 1207 3516 ex
1247 3472 1399 3531 parte
1453 3464 1643 3531 patris,
1701 3463 1788 3517 cui

222 3568 414 3607 nomen
444 3552 702 3617 Thamar,
756 3563 1103 3623 conspectam
1153 3554 1461 3624 deperiens,
1516 3556 1789 3623 eumipsa

220 3658 550 3711 cengressus
577 3655 660 3700 est
683 3660 699 3709 ;
727 3660 887 3713 quam
918 3644 989 3699 ob
1010 3660 1123 3699 rem
1148 3646 1315 3700 iratus
1348 3645 1511 3699 frater
1534 3647 1651 3711 ejus
1674 3656 1794 3699 ute-

222 3736 393 3797 rinus,
433 3736 525 3789 cui
557 3751 749 3790 nomen
788 3736 1193 3800 Abishalomus,
1226 3736 1443 3788 Davidis
1478 3737 1642 3801 filius,
1683 3738 1791 3791 fra-

224 3834 357 3880 trem
390 3842 554 3879 suum
584 3829 797 3880 Amnon
832 3827 1139 3893 interfecit;
1168 3828 1366 3883 deinde
1389 3830 1452 3883 ad
1481 3828 1789 3894 Thalmani,

221 3915 439 3969 Amiudi
484 3916 678 3975 filium,
709 3914 937 3969 Geshuri
972 3932 1151 3987 regem
1182 3918 1340 3987 fugit,
1377 3921 1463 3971 uhi
1503 3934 1625 3972 eum
1658 3934 1792 3974 con-

222 4009 426 4077 gregati
458 4020 641 4063 essent
673 4009 738 4061 ad
772 4009 951 4077 ipsum
982 4025 1049 4063 ex
1097 4010 1362 4065 lsraelitis
1400 4011 1498 4064 viri
1537 4012 1783 4074 ducenti,

227 4110 417 4153 contra
452 4108 662 4167 patrem
694 4116 853 4155 suum
888 4100 1131 4165 rebellis,
1168 4101 1448 4171 profectus
1479 4101 1788 4158 Hebronem

222 4191 534 4261 occupavit.
601 4192 800 4245 Audito
848 4207 981 4262 ergo
1032 4194 1212 4263 ipsum
1268 4194 1573 4249 Hebrnncm
1628 4211 1792 4249 oceu-

222 4298 402 4353 passc,
459 4292 715 4337 metuens
767 4285 836 4337 ab
894 4286 1013 4354 ipso
1069 4274 1259 4350 David,
1297 4285 1366 4339 ab
1402 4286 1789 4357 Hierosolymis

224 4374 356 4429 urbe
404 4374 623 4428 deserta
658 4373 839 4444 fugit;
889 4389 999 4443 quo
1033 4376 1359 4443 perveniens
1418 4378 1563 4433 filius
1596 4378 1790 4445 ipsius,

224 4466 527 4533 urbemque
565 4468 870 4534 ingressus,
924 4467 1211 4535 prehensis
1244 4469 1415 4536 patris
1468 4468 1552 4522 sui
1586 4484 1791 4524 concu-

224 4556 368 4611 binis
397 4571 523 4610 cum
559 4557 693 4626 ipsis
717 4558 859 4627 quod
896 4567 1053 4627 turpe
1107 4568 1189 4614 est
1221 4561 1496 4614 commisit
1524 4575 1539 4613 :
1594 4560 1789 4614 deinde

224 4648 289 4702 ad
321 4657 533 4718 patrem
581 4664 740 4702 suum
799 4649 1056 4702 Davidem
1109 4652 1466 4717 quzerendnm
1516 4653 1790 4720 profectus

222 4750 322 4805 est,
344 4742 439 4807 qui
477 4740 546 4793 ab
579 4741 697 4807 ipso
723 4739 843 4809 fuga
866 4756 924 4795 se
956 4742 1258 4809 proripiens
1287 4740 1575 4797 Jordanem
1606 4754 1793 4799 trans-

224 4830 319 4896 iit;
375 4842 433 4885 at
493 4830 628 4885 Joab
658 4830 875 4885 Davidis
937 4832 1248 4899 deputatus,
1282 4834 1505 4886 collecta
1568 4851 1790 4889 suorum

225 4920 599 4981 multitudine,
637 4928 829 4973 contra
882 4920 1294 4974 Abishalomum
1338 4921 1555 4974 Daiidis
1615 4924 1781 4977 filium

222 5012 487 5082 perrexit,
533 5011 999 5079 commissumque
1024 5018 1106 5064 est
1143 5012 1286 5064 inter
1343 5013 1490 5079 ipsos
1548 5014 1789 5081 praelium

224 5105 274 5157 in
305 5102 592 5171 Ephraimi
648 5101 869 5167 finibus,
902 5102 956 5155 in
993 5117 1104 5171 quo
1139 5104 1309 5155 Occisi
1365 5113 1493 5158 sunt
1526 5120 1555 5156 c
1581 5104 1792 5158 duobus

223 5193 562 5249 exercitibus
598 5193 768 5245 vicies
798 5193 966 5255 mille,
992 5208 1117 5246 cum
1149 5192 1437 5248 conﬂictus
1472 5195 1611 5248 inter
1645 5198 1792 5265 ipsos

223 5288 519 5341 vehemens
562 5292 727 5339 esset.
786 5284 1138 5339 Abishalomo
1189 5293 1365 5339 autem
1418 5288 1565 5339 mulo
1619 5298 1792 5355 \Bt‘lo,

224 5392 345 5431 cum
381 5375 565 5442 capilli
618 5376 816 5445 Capitis
845 5377 1018 5445 ipsius
1054 5378 1342 5432 terebintbi
1381 5395 1534 5431 ramo
1576 5380 1789 5433 ruidam

230 5467 446 5536 implexi
508 5475 714 5524 essent.
775 5467 1055 5521 confracta
1089 5477 1171 5521 est
1206 5470 1429 5535 cervix;
1464 5469 1606 5524 Joab
1625 5472 1789 5525 etiam

235 5558 331 5611 tria
382 5558 515 5620 tela,
547 5559 748 5627 quibus
807 5561 986 5629 ipsum
1052 5563 1350 5630 percussit,
1408 5564 1557 5616 cordi
1618 5565 1791 5633 ipsius

229 5648 422 5713 infixit,
461 5666 713 5719 utmsque
744 5668 772 5705 e
802 5651 923 5705 Jobi
988 5655 1283 5708 comitibus
1340 5656 1521 5724 gladio
1570 5673 1790 5725 percus-

229 5758 343 5797 sum
376 5744 671 5799 interfecit.
717 5747 781 5799 At
817 5763 941 5801 cum
978 5749 1199 5803 allatum
1232 5760 1381 5804 esset
1411 5752 1476 5805 ad
1533 5751 1787 5807 Davidem

230 5837 503 5899 nuntium,
558 5837 753 5905 ingenti
810 5840 898 5892 ille
952 5854 1183 5898 mtrrore
1236 5841 1459 5897 affectus
1494 5844 1557 5897 ad
1602 5845 1786 5899 urbem

1900 3364 2179 3421 Salomoni
2215 3370 2326 3423 filio
2358 3387 2461 3426 suo
2496 3375 2842 3442 praecipiens,
2904 3378 3173 3446 quidquid
3208 3380 3263 3433 in
3296 3396 3467 3449 regno

1897 3469 1999 3509 suo
2032 3456 2223 3512 habuit
2254 3475 2418 3527 opum
2450 3479 2811 3531 gemmarum,
2842 3468 2959 3521 auri
3016 3478 3072 3523 et
3118 3472 3330 3537 argenti
3363 3473 3463 3542 ipsi

1896 3547 2141 3602 tradidit.
2174 3549 2423 3606 Mortuus
2459 3566 2542 3609 est
2575 3570 2707 3625 ergo
2743 3558 2914 3614 David
2970 3566 3259 3632 propheta,
3291 3579 3465 3618 annos

1898 3648 2060 3694 natus
2095 3644 2472 3712 septuaginta,
2504 3662 2739 3715 quorum
2798 3653 3159 3722 quadraginta
3196 3658 3461 3725 regnavit.

1897 3728 2027 3783 Post
2060 3731 2237 3801 ipsum
2274 3750 2500 3805 tegnum
2554 3739 2797 3795 obtinuit
2828 3742 2974 3799 filius
3008 3745 3179 3813 ipsius
3204 3746 3462 3802 Salomon

1896 3837 2074 3877 annos
2112 3836 2272 3879 natus
2324 3828 2637 3895 duodecim,
2690 3837 3044 3905 regnavitque
3089 3846 3209 3906 post
3256 3848 3461 3904 patrem

1898 3930 2061 3969 suum
2114 3932 2289 3973 annos
2338 3922 2747 3990 quadraginta:
2803 3940 2832 3979 a
2865 3942 2972 3995 quo
3023 3936 3271 3985 metuens
3302 3929 3463 3991 ἔσθι’,

1898 4006 2119 4064 Davidis
2173 4010 2436 4075 vicarius,
2496 4014 2549 4068 in
2604 4019 2862 4085 templum
2920 4020 3135 4075 Domini
3195 4024 3460 4094 confugit.

1896 4098 2041 4153 Misit
2090 4115 2222 4170 ergo
2274 4103 2533 4157 Salomon
2587 4106 2881 4177 Benayam,
2934 4109 3213 4165 Jehoiadai
3264 4104 3457 4175 fiil‘hm,

1895 4192 1984 4260 qui
2021 4192 2199 4261 ipsum
2252 4195 2436 4263 gladio
2474 4197 2750 4254 interfecit
2784 4209 2838 4255 et
2874 4202 2926 4255 in
2962 4205 3176 4259 deserto
3225 4208 3457 4275 sepeliit.

1894 4282 2404 4353 Contirmatumque
2448 4296 2533 4341 est
2591 4304 2816 4360 regnum
2871 4292 3180 4351 Salomonis
3236 4297 3374 4352 adeo
3404 4314 3461 4351 ιη

1897 4377 2151 4429 timerent
2187 4376 2363 4445 ipsum
2417 4394 2609 4437 omnes
2639 4381 2731 4451 qui
2766 4384 2911 4437 circa
2944 4385 3121 4454 ipsum
3153 4399 3339 4445 essent
3374 4407 3455 4446 re-

1896 4482 2011 4529 ges,
2046 4467 2345 4537 missisque
2377 4472 2442 4525 ad
2474 4488 2598 4526 eum
2631 4476 2954 4530 muneribus
2981 4493 3103 4532 cum
3136 4482 3256 4548 ipso
3287 4480 3463 4537 fmdus

1897 4557 2117 4611 inirent.
2154 4557 2323 4615 Porro
2366 4560 2619 4618 Salomon
2653 4564 3026 4638 Hierosolyma
3066 4587 3224 4625 ltltli'ﬂ
3259 4574 3457 4629 cinxit:

1898 4664 2151 4719 annoque
2186 4656 2335 4725 regni
2365 4656 2447 4710 sui
2477 4657 2803 4712 duodecimo
2838 4675 3127 4730 aggressus
3158 4673 3242 4717 est
3277 4669 3460 4732 templi

1896 4750 2256 4799 structuram.
2294 4744 2463 4800 Multa
2495 4756 2677 4801 autem
2734 4748 2836 4818 ipsi
2867 4750 3007 4805 dona
3075 4754 3223 4807 misit
3258 4753 3462 4819 lliram,

1896 4835 2019 4906 Tyri
2062 4852 2181 4899 rex,
2218 4838 2497 4907 multaque
2532 4840 2676 4909 ligna
2715 4842 2959 4906 cedrina,
2995 4845 3174 4912 pinea,
3210 4847 3461 4915 abiegna,

1898 4930 2027 4991 quin
2059 4940 2112 4982 et
2140 4944 2276 4997 opes
2303 4934 2508 4987 multas
2541 4950 2661 5001 qua!
2690 4934 2790 5001 ipsi
2828 4936 2895 4988 ad
2946 4938 3208 5006 templum
3244 4950 3459 4993 exstrue

1897 5021 2099 5071 endum
2147 5020 2466 5088 adjumento
2500 5031 2706 5086 essent,
2758 5023 2999 5079 donante
3054 5027 3159 5095 ipsi
3222 5028 3463 5082 vicissim

1897 5111 2190 5166 Salomone
2221 5114 2519 5179 quotannis
2550 5128 2709 5167 curos
2742 5117 2907 5169 tritici
2944 5117 3114 5171 vicies
3144 5120 3309 5183 mille,
3335 5138 3463 5175 uva-

1896 5219 2126 5272 ru-nqne
2161 5220 2465 5272 passarum'
2502 5207 2753 5260 totidem.
2811 5207 2985 5262 Porro
3016 5210 3221 5264 dicitur
3254 5212 3459 5277 Hiram,

1896 5291 2022 5360 Tyri
2059 5307 2264 5360 regem,
2297 5295 2535 5362 primum
2590 5310 2777 5363 regum
2837 5312 3136 5367 purpuram
3198 5301 3461 5361 induisse,

1895 5383 2053 5449 cujus
2084 5385 2160 5436 rei
2216 5399 2387 5438 causa
2429 5386 2549 5448 fuit,
2609 5388 2752 5455 quod
2807 5404 2931 5443 cum
2984 5391 3241 5458 Opilionis
3280 5393 3465 5466 173-

1900 5473 2055 5544 175
2085 5475 2371 5543 cujusdam
2408 5477 2583 5541 canis,
2617 5478 2710 5546 qui
2744 5480 2920 5547 ipsum
2956 5481 3043 5534 die
3075 5481 3313 5551 quodam
3347 5501 3457 5550 quo

1894 5584 2022 5620 oves
2053 5568 2105 5620 in
2138 5569 2305 5622 maris
2343 5570 2528 5624 littore
2556 5581 2823 5640 pasceret,
2865 5573 3161 5631 comitatus
3190 5586 3295 5643 est;
3333 5595 3456 5633 mu-

1896 5660 2059 5711 ricem
2087 5660 2289 5714 coloris
2322 5663 2580 5731 purpurei
2632 5663 2685 5717 in
2719 5664 2901 5720 littore
2956 5675 3261 5735 reptantem
3293 5671 3461 5727 offen-

1894 5753 2051 5815 dens,
2094 5753 2273 5822 ipsum
2306 5753 2517 5819 ederet,
2570 5756 2706 5811 adeo
2745 5766 2803 5810 ιιι
2838 5759 3108 5829 sanguine
3144 5763 3369 5817 muricis
3396 5780 3461 5817 es

1894 5844 2063 5911 ipsius
2122 5844 2732 5915 impleretur;cnviso,
2791 5859 2992 5918 pastor,
3050 5863 3269 5923 accepta
3318 5856 3459 5917 lana,
