4200 6432
731 401 840 464 947

1739 406 2106 467 EUTYCHII
2154 391 2684 474 .iLEXANDau'vt
2718 414 2930 474 PATR.

3869 422 3978 485 948

737 516 889 571 canis
921 531 983 568 os
1035 515 1313 574 abstersit.
1346 530 1376 569 e
1405 530 1509 584 qua
1545 530 1664 567 cum
1697 515 2000 569 confectam
2043 517 2301 570 cor-ollam
2335 526 2376 577 Α
2411 523 2809 589 peperisscuttls
2852 538 2950 584 ego
2998 534 3049 576 et
3097 526 3289 579 mulier
3330 527 3427 580 ista
3477 529 3527 582 in
3564 531 3748 586 eadem
3788 535 3972 588 dumo.

733 608 895 676 capiti
945 622 1046 660 suo
1097 606 1469 675 imposuisset,
1551 607 1752 660 factum
1803 617 1883 663 est
1941 619 1998 662 ut
2049 609 2299 678 quisquis

735 700 913 765 ipsum
947 697 1000 749 in
1043 697 1160 750 sole
1211 695 1581 749 ambulantem
1636 699 1997 766 conspiceret,
2051 714 2080 751 e
2127 701 2302 768 capite

743 789 916 856 ipsius
952 787 1094 854 ignis
1145 785 1409 855 fulgorem
1472 786 1692 854 prodire
1745 789 2126 840 existimaret:
2193 803 2303 852 quo

738 879 955 944 audito,
992 881 1176 931 Hiram
1210 876 1335 947 Tyri
1389 894 1503 940 rex,
1531 879 1712 932 missis
1744 882 1836 947 qui
1897 888 2172 948 pastorem
2208 895 2301 932 ac-

736 981 1036 1031 cerserent,
1111 985 1234 1022 curn
1299 971 1559 1024 corollarn
1617 971 2019 1038 conspexisset,
2098 970 2303 1025 coloris

739 1062 1202 1130 pulchritudinem
1285 1064 1533 1123 miratus,
1593 1062 1857 1115 tinctores
1910 1062 2142 1114 similem
2200 1062 2301 1115 sibi

739 1155 947 1222 tingere
975 1153 1143 1219 jussit
1173 1171 1185 1208 :
1230 1155 1318 1219 qui
1379 1153 1445 1207 ad
1481 1152 1634 1207 littus
1669 1154 1921 1220 profecti,
1954 1153 2305 1223 qumsitisque

740 1260 804 1297 ac
839 1246 1071 1312 repertis
1123 1243 1449 1309 muricibus,
1520 1259 1821 1314 purpuram
1858 1245 1933 1298 illi
2000 1245 2301 1298 tinxerunt.

739 1335 917 1404 Atque
952 1339 1069 1389 haec
1103 1337 1336 1389 inventae
1367 1351 1625 1405 purpurae
1655 1337 1793 1388 ratio
1824 1335 1951 1389 fuit.

808 1427 926 1480 Fuit
964 1437 1143 1480 autem
1177 1428 1358 1494 templi
1383 1427 1522 1494 quod
1555 1427 1752 1478 struxit
1777 1427 2030 1480 Salomon
2086 1427 2303 1480 Davidis

739 1519 904 1582 tilius,
940 1517 1220 1587 longitudo
1275 1516 1582 1576 cubitorum
1617 1518 1919 1587 sexaginta,
1967 1519 2195 1571 latitmlo
2229 1518 2306 1572 vi-

738 1611 896 1676 ginti,
939 1611 1172 1663 altitudo
1234 1619 1480 1676 centum,
1535 1611 1690 1680 cujus
1741 1620 1948 1680 partem
1987 1611 2301 1664 interiorem

735 1711 904 1754 totam
935 1717 1071 1755 auro
1111 1703 1384 1762 obduxit;
1437 1701 1566 1770 qrrio
1621 1710 1674 1756 et
1733 1701 1878 1755 intra
1915 1702 2173 1769 templum
2212 1716 2303 1755 sa-

741 1795 980 1846 crarium
1016 1810 1046 1847 e
1081 1793 1240 1861 lignis
1300 1793 1546 1862 abiegnis
1607 1794 1829 1858 srruxit,
1863 1794 2079 1848 cubitus
2109 1793 2299 1863 viginti

744 1885 982 1952 longum,
1019 1885 1205 1951 viginti
1242 1884 1431 1947 latum,
1493 1898 1557 1937 ac
1615 1885 1842 1938 totidem
1902 1886 2106 1949 altum;
2161 1883 2305 1953 quod
2341 1869 2379 1922 Β

741 1985 850 2024 tam
889 1974 1036 2028 intus
1061 1989 1221 2041 quam
1257 1973 1392 2027 loris
1421 1989 1557 2028 auro
1585 1973 1836 2034 obduxit,
1875 1972 2015 2026 facta
2053 1988 2218 2040 super
2245 1987 2310 2026 eo

738 2063 1161 2115 clrerubirrorum
1244 2061 1438 2123 forma,
1513 2077 1743 2131 quorum
1825 2072 2052 2129 uterque
2123 2061 2306 2114 decem

737 2166 856 2208 erat
891 2157 1109 2209 cubitos
1159 2157 1374 2222 longus,
1412 2169 1476 2207 ac
1518 2155 1764 2222 qrrinque
1815 2156 1977 2217 latus,
2031 2169 2093 2206 ex
2149 2169 2307 2214 auro,

741 2264 883 2299 nrrus
915 2247 979 2300 al
1012 2247 1234 2300 sacrarii
1268 2249 1408 2299 latus
1436 2248 1709 2309 dextrum,
1739 2248 1876 2299 alter
1905 2246 1969 2299 ad
1997 2247 2304 2309 sinistruru,

736 2347 791 2390 et
831 2337 1048 2405 utrique
1079 2353 1171 2391 sex
1195 2337 1315 2400 alaa,
1349 2338 1552 2405 quibus
1581 2353 1744 2406 super
1773 2353 1838 2389 eo
1861 2337 2101 2390 extensis
2134 2338 2306 2404 ipsum

737 2430 1085 2499 obtegehant.
1138 2429 1267 2482 Dein
1328 2444 1509 2481 arcam
1558 2444 1588 2482 e
1647 2429 1865 2480 civitate
1926 2427 2085 2497 176
2137 2427 2305 2480 Sihon

739 2520 1026 2573 deductam
1065 2519 1119 2573 in
1155 2519 1320 2571 domo
1360 2519 1460 2572 ista
1499 2517 1698 2585 posuit.
1757 2517 1898 2582 Quin
1931 2527 1986 2570 et
2016 2527 2141 2571 ante
2174 2528 2310 2570 tem-

741 2613 888 2680 plrnu
925 2611 1068 2666 istud
1104 2611 1240 2663 duas
1278 2611 1563 2662 columnas
1595 2624 1774 2661 a-‘neas
1808 2609 2057 2678 iungentes
2094 2610 2305 2670 statuit,

740 2721 971 2774 quarum
1005 2715 1236 2771 utraque
1269 2702 1488 2771 triginta
1518 2701 1735 2755 crrbitos
1782 2701 1938 2766 longa
1993 2700 2115 2762 fuit,
2151 2702 2307 2768 quitr-

741 2811 847 2858 que
874 2795 1022 2860 lata;
1057 2795 1259 2860 quibus
1299 2793 1477 2846 velum
1532 2792 1855 2845 coccineum
1907 2792 2048 2858 quod
2106 2789 2309 2844 fecerat

740 2886 975 2940 diversis
1033 2900 1371 2952 gemmarum
1437 2882 1729 2947 speciebus
1786 2891 2098 2936 consertrrru
2161 2898 2191 2934 e
2228 2897 2309 2935 re-

742 2979 901 3042 gione
935 2977 1116 3045 templi
1152 2976 1434 3045 appendit.
1467 2974 1711 3029 Mensam
1741 2975 1904 3027 etiam
1937 2989 2144 3028 aeneam
2180 2973 2309 3028 fecit

746 3075 797 3123 in
849 3085 955 3131 qua
1013 3082 1303 3139 poneretur
1357 3071 1514 3138 panis
1567 3069 1899 3135 oblationis;
1937 3069 2094 3136 eujus
2135 3069 2309 3135 longi-

744 3163 875 3215 tudo
912 3163 1100 3228 viginti
1135 3172 1253 3215 erat
1287 3162 1622 3223 cubitorum,
1679 3176 1742 3213 ac
1797 3161 2021 3214 totidem
2055 3160 2302 3220 latitudo,

745 3254 1024 3307 r-rassities
1054 3253 1240 3306 decem
1271 3269 1285 3315 ;
1321 3266 1482 3322 quam
1520 3261 1573 3305 et
1603 3268 1736 3305 auro
1770 3252 2106 3320 gemmisque
2136 3251 2308 3303 obdu-

743 3348 841 3399 xit.
879 3346 1076 3400 Omnia
1107 3347 1271 3399 etiam
1309 3361 1438 3398 vasa
1480 3360 1668 3408 aurea,
1700 3352 1955 3412 argentea
1991 3352 2043 3396 ct
2080 3343 2310 3412 gemmis

743 3435 995 3491 confecta
1049 3437 1103 3489 in
1139 3436 1400 3505 templum
1459 3434 1795 3504 importavit.
1858 3434 2070 3487 Struxit
2147 3434 2310 3485 etiam

743 3529 848 3581 sibi
881 3528 1164 3597 palatium,
1229 3527 1373 3594 qrrod
1445 3540 1601 3588 auro,
1672 3532 2009 3592 argentoque
2073 3523 2309 3587 oblevit;

744 3619 902 3686 cujus
939 3618 990 3670 in
1029 3617 1211 3670 medio
1245 3617 1560 3683 prattorium
1611 3616 1904 3676 exsrruxit,
1943 3615 2157 3669 cubitos
2188 3629 2315 3665 cen-

746 3719 859 3758 tum
887 3707 1132 3773 longum,
1183 3706 1579 3774 quinquaginta
1633 3705 1820 3769 latunr,
1851 3706 2019 3757 altum
2052 3703 2310 3772 triginta;

747 3797 976 3851 interius
1031 3797 1185 3864 quasi
1239 3796 1606 3850 ambientibus
1659 3807 1891 3863 quatuor
1936 3795 2311 3846 colu-nuarum

745 3889 1092 3943 eedrinarurn
1150 3902 1288 3941 auro
1345 3885 1710 3940 obductarum
1787 3885 2096 3946 ordinibus,
2153 3898 2316 3952 super

750 3981 948 4046 quibus
1022 3991 1179 4032 erant
1248 3986 1481 4045 quatuor
1523 3985 1662 4031 tecta
1707 3991 1843 4029 auro
1878 3986 2092 4030 ornata.
2164 3973 2315 4028 Fecit

744 4073 909 4126 etiam
942 4073 1196 4126 thronum
1253 4082 1509 4136 magnum
1551 4066 1882 4127 eburneuru,
1945 4079 2080 4116 auro
2137 4063 2315 4115 varie-

749 4172 956 4229 gatrrrn,
985 4161 1324 4233 gemmisque
1355 4158 1698 4218 distinctum,
1732 4159 1874 4225 quod
1910 4158 1961 4209 in
1994 4155 2156 4222 hujus
2183 4170 2316 4222 prm-

753 4256 874 4308 rorii
934 4255 1110 4308 medio
1170 4251 1382 4315 statuit,
1430 4250 1518 4304 cui
1575 4250 1835 4303 insideret
1871 4248 2006 4316 ipsc,
2067 4261 2190 4299 cum
2250 4247 2316 4299 dc

753 4347 1027 4399 hominum
1058 4345 1222 4398 rebus
1256 4349 1635 4411 cognosceret.
1669 4339 1880 4407 Templi
1917 4347 2098 4392 autem
2139 4349 2193 4390 et
2225 4351 2318 4403 pa-

753 4437 867 4490 latii
947 4445 1284 4490 structuram
1349 4441 1552 4499 septem
1621 4431 1779 4484 anuis
1836 4430 2087 4484 absolvit.
2140 4426 2315 4480 Jama

2410 625 2474 664 ac
2506 622 2756 666 rrortuus
2790 625 2926 668 esset
2967 624 3126 669 noctrr
3168 619 3307 670 tilius
3332 620 3526 686 ipsius,
3560 638 3644 675 me
3671 624 3978 682 dormiente

2411 698 2499 751 illa
2540 701 2705 752 lilium
2743 717 2901 755 srrurrr
2938 713 3210 756 mortrurm
3245 708 3574 773 prelrensrtm
3610 715 3808 779 pectori
3858 732 3979 767 meo

2410 789 2724 851 admovens,
2755 794 2818 843 ad
2848 810 2906 847 se
2933 794 3102 849 filium
3129 797 3294 850 istum
3327 815 3507 853 meum
3539 806 3757 871 recepit.
3791 809 3976 861 Altera

2411 892 2588 936 autem
2627 901 2639 936 :
2686 883 2781 936 llic
2823 878 3042 952 (inquit)
3092 902 3247 956 puer,
3286 905 3441 944 meus
3491 901 3575 946 est
3619 894 3806 959 tilius;
3858 899 3978 963 ejus

2411 981 2614 1034 autem.
2650 985 2921 1030 mortuus.
2949 978 3206 1032 Salomon
3234 995 3364 1050 ergo
3399 983 3635 1048 gladium
3662 987 3763 1039 sibi
3796 988 3976 1041 εσθαι·τί

2406 1063 2627 1133 iubens.
2669 1083 3007 1137 puerumque
3060 1086 3220 1124 ruanu
3270 1087 3367 1126 sua
3409 1075 3748 1143 prehendens
3782 1099 3794 1133 :
3831 1082 3980 1133 Divi-

2409 1157 2557 1220 dam,
2584 1157 2779 1227 inquit,
2810 1158 2862 1212 in
2891 1159 3026 1215 duas
3059 1169 3239 1228 partes
3269 1177 3519 1230 prrerum,
3554 1183 3780 1234 quarum
3814 1185 3980 1223 unam

2411 1250 2628 1317 utrique
2676 1260 2915 1303 vestrum
2969 1253 3200 1305 tradam.
3255 1252 3390 1307 Tum
3439 1267 3609 1311 mater
3645 1260 3819 1326 pueri,
3873 1260 3974 1312 Do-

2413 1340 2560 1393 mine
2600 1343 2695 1400 mi.
2729 1342 2928 1410 inquit,
2961 1361 3028 1400 ne
3054 1345 3266 1401 dividas
3299 1348 3501 1415 ipsrrru,
3535 1351 3629 1403 sed
3666 1352 3715 1404 ei
3751 1350 3977 1424 [totum]

2411 1432 2634 1497 tradas;
2679 1435 2894 1489 dicente
2940 1438 3106 1490 altera
3153 1456 3166 1492 :
3221 1439 3438 1511 [Quin]
3491 1443 3722 1506 dividas,
3773 1456 3829 1498 ut
3879 1463 3981 1498 nec.

2413 1521 2542 1575 nrihi
2578 1523 2668 1586 sit,
2717 1540 2816 1578 nec
2864 1525 2962 1580 illi.
3007 1527 3162 1581 Dedit
3206 1545 3334 1598 ergo
3361 1530 3621 1587 Salomon
3669 1550 3896 1602 puerum
3927 1538 3979 1588 ei

2411 1625 2530 1678 qua:
2553 1626 2618 1664 ne
2644 1612 2979 1668 divideretur
3001 1617 3175 1683 petiit,
3207 1630 3545 1688 perspectum
3573 1622 3778 1675 habens
3805 1623 3981 1691 ipsam

2411 1713 2639 1758 matrem
2687 1707 2809 1774 ejus
2839 1723 2986 1768 esse.
3019 1725 3080 1763 ex
3117 1725 3181 1764 eo
3214 1713 3305 1780 qui
3356 1713 3607 1779 apparuit
3652 1728 3776 1780 erga
3827 1713 3981 1766 illum

2413 1795 2611 1850 affectu
2667 1798 2856 1864 ipsius.
2914 1799 3201 1866 Miratique
3246 1812 3373 1855 srrnt
3430 1803 3680 1858 homines
3715 1805 3980 1873 judicium

2411 1887 2603 1957 ipsius.
2658 1887 2902 1943 Fuerunt
2933 1900 3111 1944 autem
3148 1892 3460 1947 Salomonis
3501 1909 3700 1948 uxores
3733 1896 3984 1964 ingenuae

2413 1980 2790 2047 septingente,
2821 1990 2873 2033 et
2900 1991 2982 2034 ter
3009 1993 3226 2035 centum
3258 1985 3418 2054 180
3445 1987 3787 2041 concubium.
3820 1985 3986 2040 Duxit

2410 2072 2571 2125 etiam
2603 2071 2855 2126 Salomon
2885 2072 3201 2134 Pharaonis,
3228 2074 3443 2145 [Ἐπιιιί
3471 2079 3630 2146 regis,
3655 2077 3745 2130 crri
3778 2093 3980 2130 nomen

2413 2161 2632 2223 Shisak,
2665 2163 2850 2225 tiliam,
2901 2179 3135 2233 eamque
3164 2164 3540 2237 Hierosolyma
3569 2170 3815 2222 adduxit.
3854 2167 3985 2223 Post

2410 2270 2530 2320 qua:
2561 2256 2835 2320 profectus
2881 2256 3115 2320 Pharao,
3161 2255 3376 2326 Λεωνιηί
3415 2273 3530 2323 rex,
3576 2265 3762 2313 urbem
3807 2261 3985 2314 Aazar

2409 2353 2770 2411 expugnatam
2799 2345 2920 2410 igne
2952 2345 3258 2400 sneceudit.
3291 2349 3411 2413 igne
3440 2349 3604 2400 etiam
3631 2348 3987 2402 Chanaanitis

2410 2432 2630 2487 Maraab
2656 2434 3016 2490 incolentibrrs
3049 2436 3318 2495 immisso.
3352 2450 3481 2504 opes
3505 2452 3693 2490 eorum
3730 2453 3870 2505 quas
3897 2439 3984 2489 di-

2411 2526 2574 2593 ripuit
2608 2527 2672 2579 ad
2728 2528 2888 2580 filiarn
2940 2543 3096 2580 suam
3144 2528 3454 2582 Salomonis
3487 2529 3773 2596 coniugem
3811 2531 3983 2584 misit.

2413 2615 2614 2684 Regina
2663 2619 2825 2671 etiam
2877 2617 3050 2676 Sabm.
3105 2620 3292 2672 audito
3343 2636 3570 2688 regnare
3608 2618 3984 2681 Salomonern,

2412 2709 2476 2760 ad
2529 2709 2704 2776 ipsum
2758 2711 2940 2763 multis
2985 2725 3108 2764 cum
3149 2711 3468 2766 muneribus
3518 2713 3806 2774 accedens.
3835 2713 3989 2766 dedit

2413 2800 2516 2868 ipsi
2556 2801 2673 2852 auri
2711 2801 2909 2852 talenta
2941 2810 3161 2855 centum
3196 2803 3439 2871 triginta.
3472 2803 3715 2871 Cumque
3739 2805 3789 2858 ei
3822 2805 3986 2859 vicis-

2412 2889 2514 2941 sim
2566 2890 2808 2942 dedisset
2863 2890 3120 2943 Salomon
3173 2893 3542 2960 qrrodcrrnqrre
3591 2895 3862 2960 peliisset.
3915 2896 3985 2948 ab

2411 2981 2528 3046 ipso
2553 2994 2764 3033 reversa
2794 2990 2899 3034 est.
2925 2981 3087 3034 Duxit
3120 2983 3248 3050 quin
3281 2985 3442 3036 etiam
3469 2985 3747 3044 Salomon.
3770 2986 3988 3040 Davidis

2411 3067 2574 3130 filirts,
2620 3070 2856 3121 tribumn
2916 3071 3342 3136 alienigenarum
3382 3073 3537 3132 filias.
3571 3076 3674 3126 vir.
3706 3076 3989 3129 Ammoni-

2413 3171 2611 3218 tarum,
2666 3161 3113 3225 Amalckitarum,
3174 3163 3551 3227 Moabilarum,
3603 3166 3990 3229 aliarumque;

2413 3266 2547 3318 quas
2578 3266 2699 3303 cum
2734 3259 2961 3310 amaret,
2990 3267 3096 3318 prae
3127 3253 3331 3305 amoris
3355 3268 3461 3321 quo
3489 3255 3635 3320 ipsas
3667 3256 3992 3323 complexus

2411 3350 2498 3396 est
2554 3341 2922 3404 vehementia,
2977 3344 3154 3409 ipsrrm
3195 3343 3528 3410 impulerunt
3574 3345 3676 3398 sibi
3727 3347 3990 3415 templum

2413 3433 2670 3495 condere,
2705 3433 2756 3486 in
2793 3449 2898 3502 quo
2929 3434 3067 3487 idola
3101 3450 3222 3503 qua:
3254 3435 3516 3500 colerent,
3553 3437 3868 3505 quibusque
3900 3453 3992 3492 sa-

2416 3524 2743 3582 crificarent.
2792 3525 3055 3592 reposuit.
3094 3526 3270 3592 Atque
3321 3526 3456 3578 hanc
3496 3528 3566 3580 ob
3604 3541 3825 3580 causam
3890 3528 3988 3582 de-

2413 3617 2586 3684 jectus
2617 3627 2699 3669 est
2727 3615 3009 3670 Salomon.
3050 3616 3423 3672 Davidisﬁlius
3450 3618 3515 3671 de
3548 3619 3717 3687 gradu
3751 3621 3993 3688 prophe-

2419 3707 2549 3759 tico.
2585 3706 2754 3760 Porro
2787 3707 3007 3760 fuerunt
3035 3707 3087 3760 in
3117 3709 3360 3761 exercitu
3391 3708 3565 3777 ipsius
3598 3709 3866 3777 equitum,
3900 3713 3994 3779 qui

2417 3812 2589 3865 equas
2624 3799 3086 3861 conscenderent,
3116 3800 3442 3867 quadragies
3473 3800 3638 3863 mille,
3673 3801 3764 3868 qui
3798 3816 3992 3868 equos,

2416 3888 2586 3942 vicies
2612 3888 2778 3942 mille.
2805 3887 2929 3940 Fuit
2957 3886 3231 3942 Salomoni
3260 3904 3448 3943 servus
3483 3890 3693 3943 nomine
3727 3889 3992 3950 Reboanr,

2421 3977 2610 4030 Nabati
2657 3977 2824 4039 filius,
2870 3992 2900 4030 e
2929 3977 3075 4030 tribu
3123 3976 3406 4044 Ephraim,
3454 3977 3609 4045 cujus
3651 3979 3836 4042 matri,
3873 3995 3994 4046 qua:

2421 4067 2614 4120 mulier
2644 4078 2762 4120 erat
2795 4066 2974 4130 furax,
3016 4081 3214 4120 nomen
3251 4065 3452 4129 Sisera,
3486 4083 3647 4134 quem
3685 4083 3809 4120 cum
3855 4085 3994 4134 pne-

2427 4161 2645 4213 fecisset
2683 4159 2939 4212 Salomon
2976 4160 3138 4212 tribui
3161 4158 3382 4226 .loscph,
3415 4160 3530 4226 ipse
3561 4161 3743 4211 urbem
3784 4161 3907 4212 Sair
3941 4161 3991 4212 in

2423 4251 2702 4317 Ephrairni
2741 4250 3007 4304 limitibus
3039 4251 3305 4309 condidit.
3341 4250 3546 4316 fuitque
3578 4249 3753 4314 furtis,
3798 4251 3993 4305 robore

2421 4341 2650 4410 pollens.
2686 4340 2766 4393 llli
2807 4355 3106 4394 occurrens
3139 4340 3276 4393 Abta
3310 4339 3657 4410 181-183
3703 4344 3992 4408 projihera,

2422 4442 2736 4500 vestemque
2759 4446 2912 4484 suam
2945 4439 3216 4498 arreptam
3255 4431 3308 4482 in
3343 4431 3624 4484 duodecim
3655 4447 3688 4498 p
3709 4440 3840 4484 rrtes
3867 4449 3992 4486 cum

757 4541 922 4595 regno
959 4525 1177 4579 Davidis
1210 4524 1276 4577 ad
1313 4523 1576 4577 fabricam
1631 4521 1818 4588 templi
1852 4521 2152 4574 absolutam
2189 4521 2316 4572 anni
2347 4534 2398 4593 ι)
2425 4525 2694 4586 seidisset,
2735 4523 3011 4576 ItaLaamo
3058 4520 3244 4574 Nabati
3294 4521 3403 4574 fi!io
3441 4524 3625 4575 decem
3657 4538 3848 4575 caru-u
3879 4533 3994 4575 tra-

753 4627 883 4672 sunt
915 4618 1360 4684 undesexaginta.
1395 4615 1628 4682 Fuitque
1675 4627 1877 4667 census
1910 4628 2129 4665 annrrus
2162 4611 2320 4664 Salo-

764 4712 964 4772 mmris,
1019 4710 1112 4763 ﬁlii
1155 4707 1393 4767 Davidis.
1453 4706 1781 4759 talentorum
1844 4707 1959 4756 auri
2017 4707 2320 4757 sexcenties

755 4806 999 4871 sexagies
1028 4805 1202 4854 sexies
1240 4799 1404 4863 mille,
1445 4798 1582 4850 rrltra
1631 4813 1689 4849 er
1721 4812 1842 4864 qua:
1876 4807 2179 4849 mercatura
2234 4811 2323 4847 ac-

754 4893 1130 4961 quirebantur.
1191 4890 1503 4943 Diurensurn
1565 4887 1917 4957 177-179
1968 4887 2091 4955 ejus
2141 4887 2322 4954 quoti-

756 4987 1003 5043 tianum,
1036 4983 1230 5034 simila:
1267 4980 1381 5033 cori
1435 4979 1682 5047 triginta,
1742 4977 1930 5029 farina!
1983 4979 2095 5029 cori
2159 4991 2323 5028 sexa-

757 5077 929 5146 ginta.
955 5072 1173 5140 juvenci
1195 5072 1408 5132 decem,
1440 5069 1602 5123 boves
1633 5069 1824 5136 viginti
1863 5068 1994 5130 duo,
2032 5084 2159 5120 oves
2194 5082 2324 5119 cen-

759 5178 898 5230 tum,
957 5172 1149 5234 praeter
1181 5177 1394 5224 cervos,
1437 5161 1723 5231 capreolos
1753 5172 1806 5215 et
1862 5162 2130 5227 volucres.
2189 5160 2326 5213 Fue-

763 5265 888 5309 rrrrrt
918 5254 1081 5308 etiam
1116 5254 1168 5306 in
1204 5253 1402 5320 palatio
1462 5249 1773 5304 Salomonis
1840 5260 2062 5304 centum
2123 5267 2327 5304 mensa:

763 5362 939 5398 aureae
969 5355 1025 5398 et
1053 5344 1104 5396 in
1131 5359 1318 5395 earum
1354 5341 1589 5409 singulis
1615 5332 2203 5423 centum'paropsides,
2227 5357 2326 5393 nec

765 5454 870 5489 non
905 5445 1142 5489 trecenta
1188 5433 1424 5497 vasaria,
1461 5433 1513 5486 iu
1541 5448 1775 5502 quorum
1814 5433 2046 5502 singulis
2081 5435 2324 5488 trecenta

761 5541 921 5585 erant
951 5530 1142 5598 pocula
1173 5542 1360 5581 aurea.

835 5622 1179 5676 Salornonem
1221 5627 1400 5673 autem
1436 5618 1524 5672 die
1565 5618 1800 5687 quodam
1856 5620 1906 5671 in
1938 5621 2327 5690 praetorio-sc-

764 5714 982 5769 dcntern
1017 5721 1370 5767 accesserunt
1423 5711 1635 5764 femina:
1679 5712 1798 5765 duae
1831 5707 2158 5780 quibuscum
2209 5721 2326 5770 erat

772 5821 905 5876 puer
939 5820 1124 5860 recens
1167 5812 1352 5869 natus,
1398 5821 1627 5872 quarum
1669 5821 1772 5856 una
1816 5805 1952 5858 dixit
1990 5794 2162 5858 :Vlleri
2202 5820 2325 5875 cum

2425 4617 2582 4676 deus,
2611 4614 2746 4666 dixit
2779 4631 2792 4667 :
2833 4613 3178 4682 Regnaturus
3217 4630 3274 4667 cs
3314 4626 3365 4664 tu
3411 4615 3463 4665 in
3497 4613 3679 4666 decem
3718 4614 3997 4667 Israelita-

2427 4723 2542 4760 ruru
2590 4706 2785 4760 tribus.
2821 4706 2875 4758 lrr
2906 4708 3086 4761 animo
3114 4716 3290 4761 autem
3337 4706 3612 4758 Salomoui
3650 4706 3751 4758 fuit
3782 4705 3996 4760 Raban-

2427 4813 2569 4849 muur
2605 4807 2777 4848 morte
2811 4797 3042 4850 allicere.
3097 4798 3188 4850 Ille
3226 4813 3355 4864 ergo
3386 4797 3454 4848 ab
3515 4797 3632 4862 ipso
3667 4794 3795 4865 fuga
3833 4813 3892 4849 se
3926 4798 3996 4849 ad

2427 4887 2781 4954 Slrishakum,
2818 4887 3034 4958 Egypti
3070 4888 3434 4951 Pharaonem,
3483 4888 3814 4955 proripiens,
3849 4890 3995 4956 aprrd

2429 4979 2605 5046 ipsrrm
2641 4982 2881 5045 mansit;
2921 4980 3012 5048 qui
3050 4981 3102 5033 in
3141 4996 3363 5034 uxorem
3400 4982 3446 5034 ei
3476 4982 3727 5049 conjugis
3767 4997 3883 5034 suae.
3915 4998 4003 5036 so-

2431 5086 2609 5122 rorem
2653 5070 2821 5132 dedit,
2864 5073 2950 5124 cui
2998 5085 3195 5125 nomen
3236 5073 3362 5133 Atu,
3396 5089 3625 5140 qumque
3671 5073 3842 5124 filium
3894 5074 3998 5141 ipsi

2431 5161 2660 5229 peperit,
2693 5177 2852 5229 quem
2889 5163 3106 5217 nomine
3151 5164 3321 5230 patris
3372 5164 3455 5216 sui
3505 5165 3817 5231 appellavit.
3860 5167 3995 5218 Pro-

2431 5255 2721 5321 phetarum
2773 5260 3014 5321 terrrpore
3073 5252 3415 5315 Salomonis,
3466 5257 3678 5305 Nathan
3731 5263 3786 5307 et
3825 5254 3999 5309 Achia

2432 5343 2720 5404 Shilmrita,
2751 5342 2958 5410 fuitque
2982 5341 3239 5396 sacerdos
3289 5361 3536 5398 surnnrus
3564 5344 3763 5399 Sadoc.
3792 5347 3999 5400 Eodem

2433 5443 2675 5498 tempore
2703 5433 2756 5484 in
2784 5429 2993 5485 Graecia
3038 5432 3221 5485 floruit
3255 5431 3524 5487 l-loruerus
3564 5445 3717 5502 potata
3745 5435 3998 5487 Gnaeus-

2502 5523 2651 5578 Obiit
2701 5533 2880 5576 autern
2936 5524 3190 5577 Salomon
3239 5539 3362 5577 cum
3403 5540 3582 5578 annos
3635 5527 4000 5593 quadraginta

2433 5627 2731 5690 regnasset,
2772 5629 2826 5673 et.
2872 5619 2924 5672 in
2971 5619 3185 5673 Davidis
3239 5620 3401 5674 domo
3463 5621 3705 5688 Sepultus
3743 5632 3845 5674 est.
3895 5622 3998 5689 |psi

2435 5713 2488 5763 iu
2522 5725 2684 5778 regno
2729 5709 2998 5764 successit
3045 5710 3188 5762 filius
3239 5709 3413 5777 ipsius
3448 5711 3788 5769 llelrohoam,
3827 5727 4003 5764 annos

2435 5815 2594 5857 natus
2632 5801 2929 5862 sexdecim,
2960 5804 3050 5864 qui
3091 5801 3667 5872 Hierosolymisannos
3687 5803 4001 5871 septemde-
