4200 6432
225 399 325 462 949

1661 407 2022 468 ANNALES.

3367 417 3468 477 950

224 510 325 562 eirn
382 512 650 578 regnavit.
709 509 880 565 Porro
928 513 1160 568 audiens
1212 511 1501 568 Jeroboam
1528 556 1540 575 ,
1603 515 1792 568 Nabati
1827 522 1868 575 A
1901 518 2214 574 Rehoboam
2244 521 2550 575 Salomonis
2577 522 2718 577 illius
2746 537 2946 578 uxores
2969 525 3292 590 octodecim,
3327 529 3472 582 mul-

227 603 389 664 ﬁlius,
437 612 714 657 mortuum
760 618 882 658 esse
919 603 1293 669 Saloumnem,
1340 623 1401 659 ex
1455 606 1692 676 Aieypto
1734 610 1797 661 ad

225 693 412 746 urbem
443 694 568 749 Sair
601 696 868 750 ascendit.
913 695 1172 750 Israelita:
1205 708 1384 751 autem
1415 698 1478 749 ad
1516 697 1800 750 Βιιιιοὺοει-

226 801 372 840 mum
400 779 713 843 Salomonis
739 788 909 842 lilium
942 790 1284 859 congregati.
1315 790 1569 846 dixerunt
1601 809 1613 844 :
1641 790 1801 844 Pater

226 891 352 936 tuus
386 881 528 936 male
562 882 858 937 admodum
909 899 1009 938 nos
1051 883 1392 953 gubernavit.
1436 891 1492 936 tu
1538 891 1719 938 autem
1757 884 1799 937 si

226 974 360 1027 bene
415 989 516 1028 nos
567 975 960 1044 gubernaveris
1019 976 1162 1030 Servi
1221 977 1318 1030 tibi
1369 975 1540 1030 futuri
1586 992 1798 1030 sunms.

231 1064 442 1129 Quibus
505 1066 595 1120 ille
634 1083 648 1116 :
689 1067 848 1121 Abite
881 1066 1104 1137 (inquit)
1173 1076 1226 1122 et
1270 1069 1610 1137 postriduum
1649 1066 1802 1123 vobis

227 1171 546 1225 responsum
581 1158 831 1212 reddam.
869 1160 1003 1215 Cum
1037 1176 1167 1230 ergo
1209 1175 1240 1216 e
1272 1162 1387 1217 suis
1420 1161 1626 1229 aliquot
1671 1176 1802 1215 con-

227 1250 515 1315 suluisset,
549 1251 808 1306 dixerunt
846 1254 920 1306 illi
966 1271 984 1306 :
1037 1251 1196 1308 Dicas
1238 1253 1344 1307 illis
1386 1271 1399 1306 :
1434 1253 1493 1306 Si
1532 1255 1670 1307 mala
1709 1271 1804 1307 vos

229 1340 440 1394 ratione
474 1342 618 1395 rexit
659 1351 812 1411 pater
863 1359 1040 1404 meus,
1075 1358 1175 1413 ego
1209 1359 1306 1398 vos
1341 1344 1544 1412 optima
1586 1359 1647 1396 ac
1681 1346 1800 1409 pul-

227 1432 523 1495 cherrima,
549 1449 778 1503 qnzeque
811 1435 962 1489 vobis
996 1435 1272 1490 levissima
1314 1434 1499 1488 futura
1538 1435 1608 1489 sit
1642 1433 1802 1506 184

227 1529 277 1573 et
309 1522 706 1590 placidissima,
759 1532 1011 1579 recturus
1059 1540 1206 1578 sum.
1256 1524 1412 1591 Quod
1447 1539 1572 1578 cum
1615 1523 1803 1576 audire

227 1613 418 1673 nollet.
447 1615 512 1666 ad
557 1617 816 1669 mulieres
845 1631 976 1670 suas
1011 1616 1291 1684 ingressus
1329 1614 1469 1668 idem
1509 1615 1615 1666 illis
1643 1613 1802 1671 dixit.

227 1721 347 1772 quae
377 1706 672 1759 consilium
703 1706 804 1773 ipsi
841 1705 1108 1760 dederunt
1139 1713 1198 1760 ut
1233 1707 1334 1758 hoc
1359 1704 1518 1757 modo
1541 1703 1804 1756 isi-acidis

228 1798 586 1863 responderet
626 1817 639 1850 :
691 1796 746 1851 Si
786 1798 926 1852 male
967 1813 1064 1852 vos
1107 1797 1246 1850 rexit
1295 1805 1447 1866 pater
1494 1811 1668 1855 mens.
1706 1809 1803 1863 ego

229 1899 322 1937 vos
372 1885 450 1938 ita
499 1902 684 1954 regam
733 1894 792 1939 ut
836 1893 1140 1940 conventus
1175 1895 1383 1940 vestros
1433 1884 1716 1950 dissipent,
1751 1893 1804 1935 et

222 1984 404 2030 cretus
441 1989 652 2031 vestros
685 1977 1035 2050 dispergam;
1081 1978 1186 2033 hoc
1235 1979 1536 2048 (dixerunt)
1584 1978 1688 2032 illis
1723 1978 1805 2030 tli-

230 2083 323 2121 ras
364 2085 431 2121 ne
480 2078 533 2124 te
573 2084 670 2137 pro
724 2085 896 2139 puero
935 2070 1206 2133 habeant,
1250 2077 1304 2124 et
1348 2071 1592 2136 ipsorum
1653 2071 1718 2122 de
1759 2080 1807 2122 te

228 2161 586 2228 praesumptio
615 2161 990 2218 confirmetur.
1033 2163 1277 2227 Quarum
1315 2162 1604 2216 consilium
1647 2177 1805 2216 secn-

229 2259 340 2311 tus,
369 2263 434 2302 ea
472 2247 739 2304 Israelitis
767 2249 910 2303 dixit
941 2267 1061 2319 qua:
1094 2251 1226 2319 ipsa:
1264 2251 1340 2303 illi
1394 2261 1805 2318 supgesserant.

228 2335 306 2391 Illi
360 2353 514 2404 ergo,
554 2340 756 2392 auditis
803 2340 923 2409 ejus
975 2340 1179 2403 verbis,
1223 2357 1250 2394 a
1304 2345 1589 2410 praesentia
1638 2341 1810 2412 ipsius

227 2430 456 2496 egressi.
500 2432 818 2484 tumultuati
868 2440 1016 2486 sunt.
1063 2432 1323 2498 Egressus
1358 2448 1487 2501 ergo
1541 2432 1606 2485 ad
1660 2433 1810 2498 ipsos

234 2519 570 2581 Rehoboam,
604 2522 747 2576 misit
777 2523 844 2577 ad
880 2523 1027 2592 ipsos
1056 2524 1446 2577 Adetiiramnm
1482 2523 1807 2578 tributorum

233 2612 751 2683 p~a:fectum,quem
790 2615 862 2668 illi
898 2616 1034 2669 adeo
1071 2623 1128 2669 ut
1153 2625 1458 2669 moreretur
1482 2615 1809 2682 lapidarunt,

235 2705 478 2775 fugiente
529 2709 594 2760 ab
642 2707 777 2774 ipsis
827 2707 1178 2762 Behoboamo
1230 2706 1628 2777 Hierosolyma.
1673 2709 1814 2760 (Zon-

235 2800 436 2867 gregati
475 2814 607 2867 ergo
646 2799 906 2854 Israelita:
933 2817 1113 2870 regem
1150 2800 1254 2854 sibi
1294 2801 1690 2853 constituerunt
1720 2797 1810 2850 Je-

234 2891 596 2952 roboamtrn,
629 2889 816 2964 Nabati
874 2892 1064 2951 filium.
1108 2904 1268 2960 atque
1321 2891 1393 2942 ita
1455 2891 1686 2944 divisum
1735 2899 1813 2942 est

236 2995 489 3049 regnum.
535 2983 913 3052 Regnavitque
955 2981 1269 3046 Jeroboam,
1318 2981 1508 3034 Nahati
1563 2981 1724 3042 filius,
1763 2983 1814 3033 in

238 3074 428 3126 decent
464 3076 682 3138 tribus;
719 3084 774 3127 et
805 3074 1026 3137 Nables,
1058 3076 1241 3143 inqua
1278 3083 1331 3127 ct
1362 3075 1650 3133 habitavit.
1687 3090 1816 3124 (πηι-

240 3164 398 3226 didit,
429 3182 641 3218 necnon
671 3167 934 3222 Phanuel.
970 3166 1235 3234 Regnavit
1266 3176 1448 3220 autem
1480 3164 1817 3224 Rehoboam,

241 3260 552 3312 Salomonis
581 3261 740 3324 iil'tts,
774 3261 824 3314 in
851 3262 1050 3316 tribum
1081 3260 1233 3316 Iudae
1259 3271 1314 3315 et
1336 3261 1640 3329 Beniamin.
1679 3257 1816 3311 Fue-

239 3362 480 3418 runtqne
522 3350 894 3414 ileltohoamo,
944 3350 1256 3405 Salomonis
1301 3350 1446 3413 filio,
1523 3351 1815 3403 bellatores

241 3440 454 3494 centies
501 3441 665 3492 vicies
709 3444 876 3504 mille,
929 3443 1235 3509 multasque
1281 3441 1521 3508 possedit
1559 3441 1740 3500 nrbes,
1787 3455 1816 3493 e

239 3531 439 3596 quibus
467 3531 806 3596 Bcthlebem,
836 3535 1092 3590 Batshnr.
1121 3532 1280 3604 Ziph,
1318 3535 1540 3594 Lahislr.
1573 3535 1732 3598 Galli,
1765 3544 1818 3590 et

241 3621 434 3684 Azika,
461 3638 584 3676 cum
612 3625 869 3679 omnibus
903 3634 1062 3680 terrae
1089 3625 1330 3679 Jttdaicre
1364 3637 1414 3677 et
1449 3627 1816 3694 Benjamiticte

244 3715 497 3768 urbibus.
530 3713 655 3768 Fuit
682 3719 839 3769 matri
875 3717 1047 3786 ipsius
1081 3731 1278 3770 nomen
1314 3717 1516 3779 Nanak,
1548 3733 1575 3768 e
1609 3716 1819 3770 filiabus

244 3805 705 3865 Amnmuitarum,
742 3821 863 3873 qurc
900 3805 1076 3873 ipsum
1111 3805 1175 3855 ad
1214 3803 1355 3857 idola
1404 3803 1630 3856 colenda
1681 3803 1813 3856 inci-

243 3906 398 3950 tavit.
450 3897 517 3949 At
560 3894 875 3958 Jeroboam,
926 3895 1117 3950 Nabati
1181 3897 1341 3959 filius,
1388 3898 1583 3949 timens
1632 3895 1821 3967 185-

247 3989 406 4060 187
433 4005 503 4043 ne
535 3989 815 4052 lsraelitre,
848 3990 888 4041 si
923 4004 1044 4043 cum
1083 3988 1322 4042 victimis
1357 3989 1726 4058 Hierosolyma
1755 3988 1818 4040 ad

241 4085 466 4133 dmnurn
521 4079 735 4132 ῡυηιίιιί
784 4080 1161 4142 ascenderem,
1211 4094 1334 4132 cum
1373 4079 1631 4147 templum
1677 4080 1821 4130 vide-

247 4183 386 4231 rent.
420 4175 474 4224 in
505 4171 679 4240 ipsum
703 4171 1047 4232 rebellarent,
1078 4169 1822 4238 Rehoboamoque.Salomo-

249 4264 329 4316 nis
367 4263 505 4325 tilio,
551 4260 704 4314 Inda:
740 4262 848 4332 regi
883 4261 1180 4324 traderent,
1209 4261 1347 4316 duos
1387 4264 1587 4314 vitulos
1630 4277 1824 4313 aureos

247 4356 512 4417 rorifecit,
545 4367 782 4422 quorum
826 4367 994 4404 unum
1035 4352 1088 4404 in
1122 4349 1335 4414 Betltel,
1369 4350 1596 4404 alterum
1631 4352 1682 4403 in
1723 4351 1821 4402 Ba-

247 4447 362 4498 nias
398 4446 602 4513 posuit,
638 4443 946 4512 iisdemque
978 4443 1294 4497 sacerdotes
1321 4459 1348 4496 e
1385 4441 1586 4496 Levitis
1618 4445 1822 4496 consti-

1903 619 2094 677 tosque
2122 613 2307 681 genuit
2342 611 2560 668 liberos.
2602 613 2764 668 Duxit
2800 616 2964 668 etiam
2997 616 3262 680 Maeliani,
3298 621 3472 674 Abso-

1905 703 2064 756 lomis
2113 702 2300 765 filiam,
2337 717 2456 770 qua:
2496 704 2597 772 ipsi
2637 704 2830 758 Abiam
2875 705 3182 775 fratresque
3211 708 3333 772 ejus
3374 726 3469 776 pe—

1903 796 2042 863 perit
2089 813 2101 848 :
2155 795 2377 850 fuerunt
2431 797 2653 866 insuper
2697 799 2796 866 ipsi
2832 799 3154 853 concubina!
3203 803 3469 869 triginta;

1903 901 2092 940 omnes
2121 897 2302 941 autem
2334 888 2506 957 ipsius
2542 890 2697 945 liberi
2723 902 2830 946 tam
2864 907 3039 946 mares
3064 907 3226 962 quam
3260 894 3475 948 feminae

1904 976 2125 1030 fuerunt
2165 978 2347 1048 viginti
2396 989 2544 1035 octo.
2599 981 2763 1051 188
2782 980 3186 1052 Prophetarum
3229 991 3477 1054 tempore

1907 1067 2235 1122 liehoboami
2284 1070 2596 1126 Salomonis
2645 1072 2744 1126 filii
2794 1071 3045 1129 Semaiah
3100 1073 3473 1139 Machlamita,

1905 1169 1955 1210 et
1992 1161 2157 1214 Achia
2199 1159 2491 1227 Shilonita,
2535 1164 2898 1232 prophetante
2934 1167 3097 1221 etiarn
3134 1165 3324 1222 Obedu
3355 1166 3479 1221 Bei-

1907 1251 2038 1304 tlieli
2077 1252 2265 1306 fissum
2310 1263 2394 1309 est
2425 1255 2617 1309 altare.
2642 1256 2777 1311 Cum
2809 1255 3041 1312 obiisset
3075 1266 3253 1312 autem
3286 1257 3474 1312 Reho-

1908 1344 2090 1407 linam,
2131 1343 2441 1401 Salomonis
2492 1348 2658 1409 ﬁlius.
2703 1362 2830 1403 cum
2881 1355 3036 1418 patre
3083 1363 3186 1403 suo
3219 1349 3274 1402 in
3315 1349 3478 1403 domo

1909 1434 1949 1485 [ι
1969 1435 2126 1490 ividis
2150 1436 2394 1506 sepultus
2419 1446 2526 1498 est.
2550 1447 2669 1505 post
2692 1437 2870 1507 ipsum
2902 1447 3166 1506 regnante
3194 1440 3246 1493 in
3277 1437 3475 1494 Judam

1907 1536 1961 1578 ct
2008 1525 2380 1598 Hierosolyma
2432 1527 2540 1582 fiiio
2577 1529 2747 1596 ipsius
2791 1529 2928 1584 Abia
2959 1545 3053 1586 sex
3099 1531 3280 1593 annis,
3315 1532 3478 1598 idque

1908 1630 2050 1667 anno
2083 1616 2297 1670 decimo
2333 1625 2527 1670 octavo
2559 1616 2710 1686 regni
2751 1612 3081 1682 Jeroboami,
3119 1615 3310 1672 Nahati
3357 1618 3472 1678 lilii,

1911 1708 2050 1775 regis
2095 1707 2332 1762 lsraelis.
2385 1707 2722 1763 Acciderunt
2768 1708 2935 1762 etiam
2980 1708 3126 1762 inter
3163 1708 3355 1762 Abiam
3389 1724 3475 1761 re-

1911 1815 2026 1868 gem
2055 1796 2226 1861 Indae,
2254 1807 2307 1852 et
2334 1799 2620 1853 Jeroboam
2648 1799 2866 1854 lsraelis
2898 1814 3078 1870 regem
3113 1799 3252 1854 bella
3283 1800 3478 1859 iutilia.

1910 1891 2088 1959 ipsutn
2126 1892 2181 1945 in
2217 1890 2396 1959 fugam
2439 1898 2792 1946 convertente
2834 1890 2965 1945 Abia
3007 1906 3132 1962 rege
3170 1889 3346 1955 Jndaz.
3383 1906 3448 1942 oe

1910 1984 2146 2052 cisisque
2176 1982 2542 2037 Israelitarum
2569 1981 2926 2051 quingenties
2958 1980 3124 2044 mille,
3155 1981 3289 2034 adeo
3323 1989 3379 2032 ut
3413 1980 3474 2032 θ’-

1918 2076 2051 2128 Aliia
2091 2091 2212 2143 rege
2247 2073 2399 2127 Jndze
2436 2075 2650 2128 timeret
2674 2071 2916 2127 Roboam
2949 2071 3164 2126 lsraelis
3192 2086 3302 2123 rex.
3341 2069 3476 2122 Mor-

1909 2176 2034 2219 tnus
2080 2179 2259 2222 autem
2297 2167 2430 2219 Aliia
2480 2165 2632 2220 Judze
2679 2180 2769 2218 rex
2824 2165 3072 2234 sepultus
3121 2172 3202 2216 est
3253 2162 3304 2215 in
3352 2163 3480 2212 ιηιιι·

1913 2260 2206 2320 Davidica;
2245 2268 2505 2327 regnante
2555 2268 2673 2326 post
2704 2258 2881 2326 ipsum
2917 2257 2968 2310 in
3017 2255 3154 2309 Juda
3194 2265 3246 2308 et
3297 2252 3487 2306 Hiero.

1914 2351 2136 2419 solymis
2169 2351 2280 2404 lilio
2320 2351 2494 2418 ipsius
2527 2352 2631 2404 Asa
2677 2349 2832 2403 armis
2860 2349 3217 2418 quadraginta
3251 2357 3304 2400 et
3347 2363 3481 2410 uno,

1917 2442 2078 2504 idque
2141 2457 2284 2496 anno
2341 2442 2486 2510 regni
2539 2441 2888 2503 Jeroboami,
2940 2440 3132 2495 Naliati
3189 2441 3278 2493 lilii
3343 2440 3484 2508 regis

1917 2534 2150 2598 lsraelis,
2199 2535 2456 2588 viresimo
2503 2543 2718 2601 quarto.
2767 2533 2920 2586 Matri
2967 2544 3146 2586 autem
3189 2533 3310 2585 Asze
3345 2533 3484 2597 regis

1913 2629 2065 2682 Judze
2109 2644 2302 2681 nomen
2339 2635 2456 2678 erat
2505 2624 2741 2679 Naemah
2775 2625 3091 2680 Abshalomi
3144 2624 3272 2677 filia.
3313 2624 3485 2676 Porro

1918 2727 2166 2771 mortuus
2200 2727 2282 2770 est
2327 2716 2615 2771 Jeroboam
2666 2713 2856 2769 Nabati
2897 2714 3058 2772 ﬁlius,
3109 2712 3324 2766 lsraelis
3369 2728 3484 2772 rex.

1920 2820 2202 2876 postquam
2253 2823 2428 2861 annos
2474 2808 2660 2876 viginti
2708 2815 2944 2876 quatuor
2990 2817 3271 2874 regnasset
3299 2844 3312 2864 ,
3365 2811 3488 2869 post

1920 2916 2080 2967 quem
2111 2915 2278 2968 regno
2315 2897 2534 2953 lsraelis
2561 2897 2764 2967 potitus
2798 2906 2882 2951 est
2911 2896 3055 2950 filius
3098 2895 3269 2962 ipsius
3312 2893 3486 2946 Nabal

1921 2993 2076 3046 annis
2125 2992 2360 3051 duobus,
2408 2990 2566 3059 idque
2608 3003 2752 3043 anno
2785 2988 2936 3056 regni
2983 2987 3102 3040 Asae
3151 2985 3293 3054 regis
3338 2983 3490 3037 ,Ιιυῑτῑξ

1926 3081 2186 3133 secundo.
2235 3079 2502 3133 Nabatum
2552 3089 2731 3132 autem
2784 3080 3011 3131 adortus
3056 3077 3284 3136 Baasha,
3341 3077 3490 3129 Alme

1927 3173 2091 3232 filius,
2115 3173 2436 3225 (iilibcthoni
2486 3172 2661 3240 ipsum
2703 3169 2994 3231 interfecit,
3027 3182 3353 3234 amnemque
3385 3183 3487 3219 una

1925 3262 2254 3326 Jeroboami,
2309 3262 2500 3316 Nahati
2552 3262 2682 3320 ﬁlii.
2731 3261 3064 3330 progeniem.
3123 3259 3491 3327 Regnavitqu'

1923 3356 2131 3410 Baasha
2173 3356 2326 3408 Abite
2376 3355 2539 3418 filius,
2594 3355 2646 3406 in
2689 3353 2943 3406 Israelem
2995 3353 3049 3404 in
3103 3350 3259 3403 Tirsa
3317 3363 3490 3405 annos

1921 3446 2110 3515 viginti
2137 3455 2409 3513 quatuor;
2447 3446 2611 3512 idque
2653 3457 2799 3496 anno
2834 3443 2984 3509 regni
3019 3445 3137 3494 Asm
3169 3441 3312 3510 regis
3339 3439 3490 3492 ludas

1921 3539 2102 3591 tertio.
2152 3537 2338 3599 Porro,
2376 3537 2539 3590 multa
2577 3533 2736 3604 189
2768 3533 2922 3604 191
2969 3533 3108 3586 inter
3139 3534 3300 3586 Asam
3339 3531 3493 3585 .iudre

1923 3644 2123 3694 regem,
2157 3639 2206 3679 et
2237 3629 2497 3681 Baasham
2534 3627 2751 3679 Israelis
2781 3639 2957 3689 regem
2990 3623 3301 3676 aceiderunl
3331 3623 3488 3676 bella.

1994 3718 2288 3771 lnvadente
2341 3725 2518 3769 autem
2579 3717 2788 3770 Baasha
2847 3716 3064 3768 Israelis
3116 3729 3241 3782 rege
3290 3722 3490 3765 terram

1922 3809 2094 3873 Judm,
2127 3811 2424 3876 urbemque
2459 3808 2622 3860 ﬂama
2648 3817 2987 3869 exstruente,
3016 3807 3184 3859 multa
3215 3805 3362 3859 misit
3385 3805 3492 3857 Asa

1924 3901 1986 3955 ad
2013 3899 2219 3964 lladad,
2245 3898 2476 3953 Jazaelis
2501 3898 2688 3961 ηιὶιιιιι,
2721 3897 2967 3950 Damasci
3000 3911 3202 3962 regem,
3240 3909 3487 3950 munera.

1924 4005 2225 4057 omnesque
2259 4004 2398 4058 quos
2441 3989 2588 4042 domi
2625 4003 2737 4042 sua
2771 3987 2960 4040 habuit
2992 3985 3133 4046 auri,
3164 3987 3394 4054 argenti.
3434 3999 3495 4036 ac

1927 4097 2257 4153 gemmarum
2298 4081 2612 4140 thesauros,
2661 4093 2817 4148 opem
2868 4078 2936 4133 ab
2980 4080 3099 4146 ipso
3133 4086 3322 4131 contra
3359 4078 3494 4130 Baa—

1928 4177 2103 4235 sham,
2135 4173 2352 4228 lsraclis
2379 4189 2558 4242 regem
2599 4181 2828 4240 petens;
2863 4184 3032 4238 quare
3067 4169 3211 4224 tnisit
3239 4169 3343 4238 ipsi
3387 4168 3494 4221 11;ι-

1926 4268 2027 4319 dad
2048 4265 2279 4321 Jazaelis
2303 4266 2466 4328 ﬁlius,
2501 4266 2803 4318 exercitum
2833 4278 3084 4334 magnum
3111 4262 3162 4314 in
3198 4261 3495 4323 auxilium;

1927 4373 2162 4426 quocum
2195 4372 2450 4426 egressus
2476 4357 2664 4409 urbem
2701 4354 2931 4406 fontium
2964 4365 3017 4408 et
3054 4353 3169 4419 Bal,
3207 4354 3499 4415 omniaque

1929 4448 2250 4514 repositoria
2286 4459 2594 4516 terramque
2632 4446 2944 4514 Naplttalim
2985 4447 3301 4498 universam
3341 4448 3496 4497 deva‘

248 4537 370 4592 iuit.
405 4538 598 4589 dicens
629 4535 763 4604 ipsis
790 4551 804 4587 :
831 4533 891 4588 lli
920 4542 1049 4590 sunt
1073 4535 1144 4588 dii
1176 4538 1340 4588 vestri
1367 4537 1458 4603 qui
1488 4551 1583 4586 vos
1613 4552 1642 4587 e
1666 4528 1824 4587 manu
1864 4549 1904 4599 ι)
1936 4541 2116 4594 stavit.
2150 4539 2303 4605 Quod
2327 4555 2450 4592 eum
2485 4541 2748 4592 audiisset
2778 4538 3011 4599 Baasha,
3043 4537 3257 4590 Israelis
3289 4552 3403 4593 rex.
3434 4537 3500 4588 ab

253 4629 556 4680 Pharaonis
577 4628 907 4688 liberarunt,
943 4628 1107 4680 colite
1126 4627 1444 4696 ergoipsos,
1472 4642 1592 4678 cum
1619 4644 1722 4678 non
1763 4631 1830 4682 sit

252 4737 385 4789 vptts
406 4729 464 4774 ut
485 4717 863 4789 Hierosolyma
881 4719 1224 4782 ascemlatis;
1249 4719 1377 4786 quin
1399 4728 1451 4770 et
1480 4719 1675 4771 I't'Slttttt
1717 4735 1829 4770 n-a-

255 4828 418 4877 gnum
465 4811 573 4863 illis
596 4809 857 4874 instituit,
877 4809 1019 4862 sicut
1050 4809 1099 4861 in
1123 4817 1264 4862 terra
1285 4807 1436 4861 Judae
1457 4808 1570 4860 fieri
1601 4810 1827 4861 Solebat.

322 4901 497 4955 Porro
545 4914 668 4953 cum
717 4913 863 4953 anno
924 4897 1286 4960 Relioboami,
1344 4896 1656 4949 Salomonis
1714 4899 1830 4962 lilii,

253 4993 469 5059 quinto,
500 4991 826 5045 ascenderet
855 4988 1053 5042 Shisak
1077 4987 1291 5042 Pharao
1323 4985 1677 5056 Egyptiaeus
1709 4988 1832 5039 Ilie-

255 5085 533 5154 rosolyma
566 5099 690 5136 cum
721 5083 853 5135 viris
883 5082 1048 5134 vicies
1077 5089 1128 5134 et
1160 5081 1242 5134 bis
1277 5080 1707 5148 mille'(quorum
1743 5101 1827 5132 μ».

257 5179 390 5243 pties
442 5175 592 5228 mille
634 5174 848 5244 equites
879 5173 1056 5241 erant)
1106 5171 1344 5240 fugiente
1390 5174 1457 5226 ab
1491 5174 1609 5240 ipso
1649 5171 1828 5225 κρεω-

255 5272 475 5340 lioaum,
514 5268 657 5337 cepit
702 5266 936 5320 Shishak
984 5281 1172 5320 omnes
1203 5266 1318 5318 auri
1365 5275 1419 5320 ct
1456 5267 1662 5333 argenti
1715 5267 1826 5317 the-

256 5360 572 5428 saurosqui
616 5360 670 5412 in
698 5358 861 5414 domo
902 5356 1113 5411 Domini
1147 5356 1407 5421 fuerunt;
1443 5375 1650 5410 necnon
1683 5368 1831 5411 senta

261 5471 421 5508 aurea
460 5463 518 5508 et
543 5465 818 5522 argentea.
846 5469 966 5521 qua:
1004 5454 1056 5504 i'n
1091 5468 1216 5506 arce
1250 5454 1395 5520 regia
1453 5469 1686 5522 quorum
1715 5453 1834 5506 loco

259 5548 360 5600 alia
408 5563 472 5600 ex
514 5562 620 5598 tere
659 5545 894 5599 confecit
936 5546 1270 5603 Iiellolmam,
1329 5545 1637 5596 Salomonis
1673 5543 1832 5597 illius.

267 5639 426 5692 ldulta
462 5646 646 5691 autem
675 5636 997 5690 acciderunt
1030 5639 1170 5690 inter
1209 5637 1642 5700 lit-ltoboamum,
1684 5637 1832 5688 Salo-

265 5707 438 5782 monis
476 5727 668 5792 lilium,
702 5737 753 5780 et
781 5725 1193 5790 Jeroboantum,
1228 5725 1418 5777 Nabati
1456 5726 1645 5789 lilium,
1671 5725 1830 5788 bella,

263 5819 528 5888 quamdiu
583 5819 635 5871 in
685 5819 818 5872 \ivis
872 5829 1012 5870 (πῆξαι
1070 5816 1400 5870 lli-lioboam.
1459 5815 1624 5869 Porro
1680 5816 1833 5870 duxit

1935 4627 2250 4680 :edilicanda
2286 4625 2776 4688 Ramaulesistens
2825 4620 3039 4680 Tirsam
3076 4625 3335 4680 reversus
3377 4636 3457 4680 εει
3487 4643 3499 4688 ;

1939 4717 2040 4768 .-\s-i
2095 4726 2279 4772 autem
2334 4716 2487 4770 Judre
2544 4733 2662 4779 rex,
2720 4715 3076 4784 comportatis
3129 4716 3401 4783 lapidibus
3450 4725 3505 4769 et

1938 4808 2095 4871 lignis
2142 4811 2342 4874 quibus
2393 4807 2615 4860 [tantam
2649 4817 2931 4861 exstruere
2981 4809 3225 4860 voluerat
3273 4808 3503 4872 Baasha,

1939 4899 2150 4949 Israelis
2188 4913 2304 4958 rex,
2355 4899 2420 4950 iis
2459 4914 2650 4951 omnes
2695 4914 2850 4951 arces
2894 4914 2958 4951 ac
2997 4899 3216 4951 castella
3261 4900 3312 4952 in
3362 4909 3502 4952 terra

1938 4988 2286 5056 Benjantitit'u
2315 4991 2602 5043 exstruxit.
2631 4990 2943 5058 Contraque
2968 4991 3141 5058 ipsum
3171 5005 3294 5043 cum
3319 5005 3504 5058 egres-

1939 5096 2028 5132 stts
2071 5090 2216 5133 esset
2259 5080 2456 5141 Zaralt,
2511 5081 2865 5134 Cusltmorum
2919 5082 3032 5150 (qui
3089 5091 3221 5135 sunt
3259 5080 3501 5149 Nigritte)

1941 5187 2054 5236 rex,
2080 5184 2203 5223 cum
2235 5170 2498 5225 militibus
2520 5170 2721 5226 millies
2749 5172 2917 5234 mille,
2944 5186 3241 5227 occurrens
3270 5172 3370 5240 ipsi
3399 5176 3502 5225 Asa

1939 5260 2090 5312 .luda:
2128 5275 2221 5312 rex
2255 5275 2376 5313 cum
2426 5263 2686 5315 trecentis
2733 5263 2798 5314 de
2830 5261 2967 5313 .Iuila
3020 5261 3306 5320 militibtts,
3352 5272 3405 5314 et
3442 5265 3505 5313 de

1940 5353 2254 5421 Benjamine
2289 5353 2681 5423 quinquaginta
2716 5353 2934 5407 duobus
2967 5353 3232 5414 millibus,
3268 5351 3507 5422 Nigritas

1942 5449 1991 5500 in
2040 5446 2222 5514 fugam
2266 5444 2558 5508 convertit,
2605 5459 2796 5511 magna
2830 5446 3070 5513 ipsorum
3113 5454 3294 5513 strage
3337 5445 3506 5504 edita,

1939 5538 2224 5607 captisque
2259 5553 2378 5607 quae
2411 5551 2598 5589 secum
2642 5535 2903 5590 attulerat
2934 5535 3216 5590 omnibus.
3257 5533 3504 5588 Mortuus

1941 5638 2115 5683 autem
2153 5630 2383 5690 Baasha,
2427 5627 2648 5682 lsraelis
2692 5644 2806 5687 rex.
2845 5627 2898 5680 in
2933 5626 3090 5680 Tirsa
3125 5627 3366 5695 sepultus
3400 5635 3502 5678 est.

1940 5723 2064 5776 Post
2114 5737 2272 5789 quem
2329 5725 2381 5775 in
2440 5723 2712 5776 Israelitas
2764 5721 2977 5773 duobus
3026 5719 3184 5772 annis
3239 5719 3290 5770 in
3347 5719 3506 5772 Tirsa

1941 5816 2186 5886 regnavit
2233 5816 2374 5868 filius
2417 5817 2586 5883 ipsius
2626 5814 2734 5874 Ela,
2782 5813 2942 5880 idque
2990 5827 3132 5866 anno
3180 5812 3321 5877 Assa,
3367 5812 3505 5880 regis
