4200 6432
162 424 171 429 ’
257 426 361 484 953

1681 426 2047 485 ANNALES.

3382 426 3488 491 954

260 547 367 593 est.
398 537 513 590 Elia
546 552 681 605 ergo
717 540 959 607 acceptis
1004 539 1291 593 duodecim
1335 541 1604 610 lapidibus
1655 540 1822 593 altare
1852 538 1893 591 Α
1925 539 2066 594 Dixit
2110 547 2289 592 autem
2328 539 2484 593 Ahab
2527 537 2848 608 Josaphato,
2897 539 3007 610 regi
3059 539 3213 594 Jndze
3243 557 3256 593 :
3282 539 3488 597 Urbem

258 629 554 689 exSIruxit,
593 630 738 683 circa
781 631 921 697 quod
979 631 1178 685 fossam
1205 632 1414 693 eﬂodit,
1442 632 1637 684 deinde
1687 632 1827 700 ligna

262 718 541 787 lapidibus
575 718 882 787 imponens,
923 721 1287 789 etjuvencum
1324 732 1622 774 mactatum
1664 737 1829 790 super

261 807 539 877 lapidibus
573 819 627 861 et
679 810 839 878 lignis
894 825 1115 880 parans.
1177 812 1466 880 eidemque
1536 812 1823 866 duodecim

261 915 420 968 aquae
470 900 692 969 hydrias
735 902 1165 971 superfundens,
1211 904 1433 974 impleta
1470 907 1631 959 etiam
1683 904 1825 959 fossa

258 1006 382 1057 qua:
417 990 621 1044 circum
651 991 821 1044 altare
852 1006 1015 1060 aqua,
1039 994 1327 1047 Dominum
1388 1010 1546 1049 suum
1578 1011 1703 1049 cum
1739 997 1825 1049 in—

260 1090 534 1146 vocasset,
564 1082 903 1137 descendens
933 1100 963 1138 e
995 1086 1136 1137 caelo
1192 1086 1333 1153 ignis
1397 1101 1639 1150 carnem,
1697 1088 1829 1155 Iapi-

258 1172 380 1237 dcs,
412 1182 469 1226 et
498 1189 692 1239 aquam
718 1175 1020 1236 devoravit,
1055 1177 1193 1229 adeo
1238 1186 1294 1229 ut
1346 1177 1618 1244 ingentem
1664 1178 1825 1231 etiam

261 1264 311 1314 in
346 1272 493 1317 terra
529 1263 727 1317 fossam
762 1274 1021 1326 cavaret;
1068 1266 1215 1339 quod
1262 1267 1535 1321 lsraelitas
1589 1271 1640 1321 in
1709 1279 1826 1322 stu-

260 1370 448 1420 porem
490 1357 622 1425 egit.
674 1356 1056 1417 [interfecitque
1127 1358 1240 1411 Elia
1322 1360 1828 1429 pseudoprophetas

258 1446 467 1515 gladio.
501 1448 552 1499 in
584 1457 828 1501 torrente
856 1448 1045 1503 Kison.
1085 1450 1284 1503 Deinde
1336 1451 1620 1506 Dominum
1677 1453 1826 1506 invo-

257 1539 424 1597 εςινὶι.
457 1553 565 1606 quo
618 1538 672 1591 in
722 1540 872 1607 ipsos
924 1541 1159 1609 pluviam
1212 1541 1570 1607 demittente,
1611 1545 1822 1598 sublata

258 1638 341 1683 est
374 1631 565 1696 pestis.
595 1630 770 1683 lzebel
825 1642 1025 1693 autem,
1055 1632 1225 1685 Ababi
1256 1636 1396 1700 regis
1424 1636 1642 1690 lsraelis
1666 1653 1823 1700 uxor,

260 1721 449 1772 audito
501 1721 629 1789 quid
666 1720 1164 1790 pseudoprophetis
1219 1722 1439 1777 fecisset
1490 1725 1627 1789 Elia,
1683 1729 1827 1781 misit

257 1812 322 1862 ad
358 1810 778 1878 ipsum,ca2dem
805 1812 882 1865 illi
916 1813 1273 1868 interminans
1300 1832 1314 1874 :
1350 1817 1441 1883 qui
1472 1832 1601 1884 ergo
1628 1820 1693 1871 ab
1735 1820 1823 1872 illa

258 1912 508 1956 metuens
529 1902 756 1973 aufugit.
787 1902 1127 1957 Occurrente
1150 1904 1368 1959 interim
1397 1908 1496 1975 ipsi
1521 1907 1700 1963 Elisba
1731 1909 1819 1962 Jo-

257 1991 510 2057 sltaphati
532 1991 663 2052 ﬁlio,
679 1992 769 2060 qui
794 1993 969 2046 bobus
984 1994 1099 2047 suis
1115 1994 1468 2065 201-203
1485 2012 1620 2065 quas
1637 2014 1823 2065 pasce-

260 2084 351 2133 Ι›.ιι
373 2081 596 2139 relictis.
621 2083 787 2136 Eliam
805 2093 1051 2147 secutus,
1071 2083 1248 2139 factus
1273 2095 1356 2140 est
1382 2086 1477 2155 ipsi
1501 2088 1821 2157 discipulus.

328 2168 469 2221 Tum
538 2171 650 2223 Ebn
716 2170 929 2234 Hadad,
984 2172 1233 2227 Damasci
1300 2189 1416 2238 rex,
1479 2178 1823 2245 congregatis

257 2262 494 2314 subditis
548 2264 682 2322 suis.
715 2265 1040 2332 regibusque
1091 2266 1307 2334 triginta
1359 2267 1572 2321 duobus
1620 2270 1669 2322 in
1725 2287 1824 2323 au-

258 2355 448 2406 xilium
507 2356 736 2416 vocatis,
796 2371 918 2408 cum
977 2358 1206 2425 ingenti,
1268 2360 1469 2426 quique
1533 2375 1818 2413 numerum

254 2447 571 2506 excederet.
610 2450 846 2500 exercitu
885 2448 1156 2515 profectus
1179 2458 1232 2502 et
1282 2452 1561 2504 azlbellirn
1600 2454 1810 2517 Ahabo,

257 2538 481 2592 Israelis
517 2541 650 2607 regi,
694 2539 1040 2594 inferendum
1077 2556 1354 2610 egressus,
1411 2545 1555 2596 misit
1596 2544 1662 2596 ad
1695 2563 1818 2597 eum

256 2629 519 2699 [dicens]
557 2645 572 2679 :
605 2629 876 2697 Quidquid
918 2632 1168 2698 possich
1223 2634 1336 2685 auri
1394 2644 1555 2702 atque,
1610 2637 1818 2702 argenti

258 2736 436 2769 meum
463 2731 565 2771 est.
600 2724 744 2772 servi
778 2721 939 2773 etiam
978 2723 1081 2785 tui,
1109 2724 1427 2787 ancillzeqne
1449 2740 1510 2777 ac
1546 2726 1819 2789 nmlieres,

258 2819 437 2861 totum
483 2810 625 2877 quod
658 2812 901 2879 possides
936 2828 1115 2867 meum
1155 2826 1259 2869 est.
1309 2815 1554 2870 Metuens
1603 2832 1727 2885 ergo
1755 2818 1822 2871 ab

256 2900 377 2967 ipso
417 2900 574 2952 Ahab
625 2910 793 2955 totmn
825 2904 968 2969 quod
1000 2904 1298 2970 postulavit
1345 2905 1417 2957 illi
1472 2909 1684 2960 annuit.
1733 2906 1822 2959 ln-

263 3000 410 3042 terca
453 3003 635 3043 autem
667 2992 793 3044 dum
846 2992 989 3045 inter
1025 2994 1174 3061 ipsos
1214 2996 1360 3048 ultro
1412 2997 1653 3064 citroque
1692 3013 1819 3049 cur-

256 3080 492 3132 sitareut
524 3081 706 3149 legati,
765 3097 894 3135 ecce
952 3086 1157 3148 egressi
1195 3087 1343 3153 ptteri
1383 3088 1601 3154 quidam
1634 3103 1662 3140 e
1697 3089 1821 3141 ﬁliis

1935 630 2162 683 Ramotb
2208 629 2415 694 Gilead,
2450 647 2570 697 qua:
2631 640 2811 683 nostra
2852 629 2977 693 fuit,
3037 631 3267 685 abstulit
3331 632 3487 686 nobis

1932 738 2021 773 rex
2055 721 2247 791 Syrim,
2274 735 2302 773 a
2338 738 2466 787 quo,
2506 721 2550 774 si
2588 732 2641 773 tu
2666 721 2779 787 ipse
2807 719 2938 772 mibi
2981 720 3244 775 auxilium
3273 722 3484 785 tuleris,

1932 814 2075 866 illam
2112 811 2326 864 auferre
2369 812 2685 879 poterimus.
2736 813 3023 865 Annuente
3071 810 3403 880 Josltapltato
3439 814 3487 868 ei

1930 906 2072 973 quod
2121 904 2296 971 petiit,
2348 903 2589 957 collectis
2654 903 2788 957 viris
2836 905 2947 957 suis
3019 903 3248 956 llamoth
3299 905 3487 958 Gilcad

1930 995 2155 1064 profecti
2189 1004 2338 1048 sunt.
2371 993 2487 1058 Quo
2544 994 2728 1048 audito
2778 1010 2868 1047 rex
2930 994 3100 1065 Syriae
3152 997 3268 1049 snis
3326 999 3485 1047 etiam

1930 1087 2270 1154 congregatis
2294 1085 2357 1138 ad
2412 1088 2562 1153 ipsos
2596 1101 2853 1155 egressus
2884 1098 2987 1139 est.
3037 1087 3183 1140 Dixit
3223 1102 3353 1156 ergo
3394 1084 3489 1139 Jo-

1931 1180 2197 1247 shapbato
2249 1178 2401 1230 Ahab
2440 1195 2452 1229 :
2501 1177 2719 1232 Mutatis
2764 1182 3101 1233 ornamentis
3148 1180 3256 1233 luis
3313 1188 3491 1233 vestes

1932 1286 2083 1325 meas
2133 1269 2329 1321 induas
2382 1284 2451 1322 ne
2503 1270 2554 1321 in
2595 1271 2777 1337 pradio
2806 1270 3168 1339 dignoscaris.
3225 1271 3377 1335 Quod
3437 1281 3491 1323 ct

1932 1361 2077 1414 fecit.
2118 1358 2232 1411 Rex
2270 1367 2448 1412 autem
2481 1359 2653 1429 Syria:
2696 1360 2812 1414 suis
2857 1367 2914 1411 ut
2953 1375 3132 1428 regem
3187 1358 3404 1413 lsraelis
3434 1360 3487 1410 in

1930 1450 2113 1521 pra-lio
2168 1457 2412 1517 peterent
2480 1450 2821 1519 praecipiens,
2867 1450 3001 1518 ipsis
3062 1452 3318 1503 vestitum
3370 1450 3490 1517 ejus

1928 1542 2311 1610 descripserat.
2368 1542 2447 1594 Illi
2493 1556 2650 1611 ergo,
2679 1545 2988 1604 conspectis
3046 1541 3331 1610 Josaphati
3401 1557 3492 1593 vc-

1931 1633 2128 1695 stibus,
2158 1633 2359 1701 ipsum.
2413 1633 2683 1696 Ahabum,
2733 1632 2967 1702 lsraelis,
3002 1648 3178 1701 regem
3230 1632 3358 1694 rati,
3396 1646 3490 1700 pc-

1930 1730 2103 1777 tentes
2121 1722 2471 1791 205-207
2494 1722 3010 1788 circumdederunt;
3040 1738 3177 1792 quos
3204 1724 3294 1775 ille
3322 1723 3492 1774 incla-

1933 1830 2085 1867 mans
2109 1814 2178 1868 ab
2210 1815 2342 1882 ipsis
2363 1814 2559 1867 evasit.
2591 1806 2834 1867 Ahabum
2861 1824 3037 1867 autem
3064 1827 3241 1879 regem
3276 1812 3491 1865 Israeli-

1931 1907 2090 1957 ticum
2115 1921 2236 1958 cum
2266 1905 2624 1973 percussisset
2650 1906 2864 1975 sagitta,
2885 1906 2936 1956 in
2958 1904 3137 1975 fugam
3158 1919 3340 1958 coram
3368 1920 3491 1970 rege

1929 1997 2097 2066 Syriae
2128 1997 2373 2050 conversi
2410 2006 2560 2059 sunt,
2604 1996 2861 2050 redeunte
2893 1995 3260 2064 Hierosolyma
3296 1994 3487 2048 Josha-

1928 2090 2110 2157 pba'o,
2138 2088 2444 2151 Ahabojam
2471 2088 2756 2140 vulnerato
2778 2089 2829 2138 in
2858 2088 3031 2139 locum
3067 2103 3223 2139 suum
3251 2101 3487 2141 reverso.

1998 2178 2239 2231 Mortuus
2275 2187 2453 2232 autem
2492 2179 2641 2231 Ahab
2668 2178 2888 2230 vulnere
2917 2177 3061 2243 quod
3120 2178 3192 2230 illi
3226 2176 3487 2229 inllielum

1925 2277 2029 2329 est,
2064 2268 2323 2321 Samaria:
2351 2269 2598 2336 sepultus
2627 2278 2729 2321 est.
2761 2268 2891 2321 Post
2922 2270 3099 2337 ipsum
3134 2270 3189 2321 in
3242 2266 3487 2319 Samaria

1925 2362 2139 2413 duobus
2170 2361 2327 2413 anuis
2361 2363 2606 2426 regnavit
2655 2360 2796 2413 filius
2845 2361 3014 2428 ipsius
3061 2361 3283 2425 Aliazia,
3320 2360 3482 2427 idque

1926 2466 2068 2501 anno
2099 2450 2247 2518 regni
2295 2448 2611 2517 Josltaphati
2685 2453 2825 2518 regis
2876 2449 3029 2504 Juda:
3060 2451 3272 2504 decimo
3320 2465 3482 2503 tt0nu.

1934 2539 2166 2609 Fuitque
2189 2540 2529 2594 conversatio
2574 2541 2745 2608 ipsius
2773 2539 3040 2607 ejusmodi
3071 2555 3191 2609 quae.
3221 2547 3273 2594 et
3320 2538 3487 2607 patris

1926 2634 2097 2701 ipsius
2125 2633 2268 2700 quod
2307 2634 2371 2685 ad
2423 2633 2743 2700 nequitiam,
2789 2641 2843 2686 et
2875 2632 3171 2695 idolorum,
3221 2646 3327 2685 una
3361 2646 3484 2684 cum

1928 2736 2101 2780 matre
2148 2726 2355 2780 lzebele
2404 2739 2524 2791 quae
2566 2722 2871 2777 Nabotbum
2904 2722 3203 2785 occiderat,
3254 2722 3481 2775 cultum.

1921 2822 2055 2876 Cum
2082 2830 2260 2874 autem
2295 2818 2487 2870 morbo
2527 2816 2675 2884 gravi
2710 2815 2980 2867 laboraret
3008 2812 3233 2873 Abazia,
3277 2812 3489 2867 lsraelis

1924 2929 2040 2975 rex,
2071 2914 2203 2964 adeo
2237 2919 2292 2962 ιιι
2328 2908 2433 2963 sibi
2462 2908 2697 2967 timeret,
2745 2906 2995 2959 nuntium
3031 2906 3181 2959 misit
3209 2903 3275 2956 ad
3315 2904 3490 2956 idolo-

1923 3021 2043 3057 rum
2089 3003 2402 3058 sacerdotes
2437 2999 2530 3069 qui
2571 2999 2637 3052 ab
2672 2998 2801 3057 illis.
2858 2996 3049 3050 morbo
3095 3011 3196 3051 suo
3244 2995 3492 3049 convali-

1924 3107 2078 3151 turus
2139 3102 2284 3149 esset
2332 3109 2541 3155 necne,
2610 3090 3059 3153 sciscitarentur;
3120 3089 3206 3141 cui
3273 3087 3488 3140 obviam

255 3173 457 3223 ducum
511 3172 774 3241 Syrorum
811 3176 1115 3227 exercitum
1151 3177 1463 3241 circumire,
1512 3194 1653 3246 quos
1687 3196 1811 3231 con-
1849 3193 1889 3244 (ι
1925 3186 2099 3239 factus
2133 3185 2244 3237 Elia
2280 3183 2535 3252 propheta
2571 3178 2704 3233 dixit
2741 3199 2753 3233 :
2795 3180 2953 3235 Dicas
2994 3180 3146 3246 regi:
3180 3178 3339 3232 Certo
3376 3192 3489 3227 lll0-

256 3262 553 3327 spieientes
582 3262 840 3331 Syrorum
886 3266 1157 3317 exercitus
1203 3267 1464 3333 suspicati
1496 3280 1622 3321 sunt
1657 3270 1821 3324 Israe-

258 3355 385 3405 litas
420 3353 567 3418 ipsos
595 3354 820 3407 adortos
852 3354 1043 3413 fuisse.
1103 3356 1239 3409 adeo
1267 3368 1324 3410 ut
1367 3360 1417 3409 in
1459 3358 1637 3427 fugam
1695 3378 1823 3413 cm:-

255 3444 401 3496 versi
434 3444 525 3497 alii
564 3445 701 3499 alios
732 3445 1123 3513 opprimerent,
1161 3462 1328 3514 seque
1381 3461 1569 3503 ιιιιιιιιιι
1603 3454 1821 3504 occide-

256 3545 402 3589 reut.
462 3535 632 3604 Cujus
691 3537 767 3591 rei
822 3537 965 3591 fama
1024 3553 1149 3591 cum
1212 3540 1278 3592 ad
1336 3540 1583 3593 Ahabum
1640 3558 1819 3609 regem

258 3623 483 3681 lsraclis
518 3631 875 3695 pervenisset,
915 3630 1029 3698 ipse
1060 3646 1181 3683 cum
1224 3632 1342 3685 suis
1370 3648 1467 3685 eos
1518 3634 1820 3697 insecutos,

252 3728 435 3769 castra
463 3733 673 3779 eorum,
708 3721 962 3782 tentoria,
989 3722 1235 3787 jumenta
1279 3730 1333 3775 et
1357 3724 1632 3792 quidquid
1688 3726 1822 3793 ipsis

252 3816 425 3866 esset,
457 3807 699 3875 diripuit.
761 3808 873 3862 Elui
910 3809 1096 3863 lladatl
1152 3821 1333 3865 autem
1397 3812 1644 3869 Damasci
1704 3832 1818 3878 rex,

253 3896 409 3949 solus
440 3896 507 3948 ad
560 3898 747 3950 urbem
800 3897 1126 3954 Damascum
1159 3902 1353 3965 evasit,
1403 3902 1493 3956 ubi
1536 3904 1601 3957 ad
1643 3904 1819 3973 ipsum

252 3992 567 4060 congregati
603 4002 730 4045 sunt
766 4007 795 4045 c
819 3993 1109 4046 comitibus
1149 3995 1268 4061 ejus
1300 3996 1611 4065 quicunque
1638 4012 1825 4051 evase-

255 4091 401 4134 rant.
429 4080 685 4136 Collectis
710 4099 838 4150 ergo
865 4086 1040 4151 copiis
1066 4100 1316 4153 egressus
1347 4098 1429 4140 εει
1452 4088 1522 4141 ob
1549 4090 1650 4141 hoc
1676 4089 1818 4155 quod

253 4174 359 4226 sibi
385 4172 664 4227 acciderat
709 4175 968 4228 ultionem
1002 4187 1343 4245 sumpturus.
1396 4176 1620 4231 Obviam
1644 4195 1818 4234 autem

254 4265 332 4316 illi
389 4263 667 4331 profecms
714 4266 887 4329 Ahab,
928 4264 1144 4319 lsraelis
1200 4283 1311 4327 rex.
1356 4270 1475 4338 ipso
1531 4269 1585 4322 in
1641 4270 1820 4339 fugam

253 4358 388 4407 dato
424 4371 454 4408 e
486 4357 784 4411 comitibus
812 4356 982 4425 ipsius
1027 4359 1174 4412 viros
1201 4361 1370 4413 vicies
1423 4361 1627 4428 septies
1677 4364 1822 4415 mille

253 4446 552 4504 interfecit.
595 4448 859 4499 evadente
912 4445 1028 4501 Ebn
1076 4447 1298 4501 Hadado
1337 4451 1453 4503 solo
1497 4451 1819 4503 Damascum

1932 3277 2110 3330 rieris.
2134 3274 2408 3328 Reversus
2444 3290 2572 3343 ergo
2603 3273 2826 3327 nuntius
2866 3287 2989 3325 cum
3016 3272 3120 3325 hoc
3161 3270 3271 3336 regi
3302 3277 3487 3321 notum

1925 3366 2143 3419 fecisset
2181 3383 2194 3418 :
2248 3364 2532 3418 Describas
2580 3362 2737 3423 mihi,
2782 3363 2960 3429 inquit
3008 3376 3098 3415 rex
3126 3401 3142 3423 ,
3190 3361 3365 3412 virum
3398 3358 3488 3426 qui

1926 3456 2024 3509 tibi
2056 3455 2271 3508 obviam
2307 3454 2483 3508 factus
2512 3461 2614 3509 est.
2643 3452 2761 3517 Quo
2792 3452 3010 3505 dicente
3046 3468 3060 3502 :
3106 3448 3198 3501 Vir
3232 3455 3349 3503 erat
3377 3448 3492 3500 hir-

1927 3557 2085 3601 sutus
2118 3562 2251 3599 zona
2285 3546 2511 3615 pellicea
2544 3543 2991 3597 circumcinctus.
3025 3541 3145 3606 llic,
3169 3540 3345 3606 inquit
3373 3554 3488 3601 rex,

1926 3638 2039 3691 Elia
2088 3646 2172 3691 cst
2219 3637 2500 3706 propheta.
2531 3637 2733 3689 Ducem
2764 3652 2894 3705 ergo
2923 3632 3317 3702 quinquaginta
3356 3631 3489 3684 viris

1923 3731 2238 3782 comitatum
2280 3731 2343 3781 ad
2372 3726 2550 3798 ipsum
2601 3728 2767 3795 misit,
2800 3730 3024 3783 sedente
3056 3726 3165 3778 Elia
3199 3726 3251 3777 in
3285 3725 3490 3779 vertice

1924 3821 2125 3873 montis
2177 3819 2387 3873 Carmel
2421 3838 2433 3872 :
2477 3817 2574 3872 Cui
2630 3819 2738 3871 dux
2774 3837 2787 3873 :
2824 3818 2966 3872 Ileus
3002 3818 3013 3869 !
3047 3815 3307 3884 prolibeta
3375 3813 3488 3876 Dei,

1925 3907 2214 3963 descende,
2250 3907 2484 3957 accersit
2529 3914 2580 3958 te
2618 3922 2731 3959 rex.
2765 3903 3064 3972 Respondit
3103 3900 3215 3954 Elia
3250 3918 3263 3954 :
3299 3901 3353 3955 Si
3385 3901 3487 3954 sint

1925 4010 2025 4061 ego
2053 3994 2311 4061 propheta
2364 3993 2452 4044 Dei
2486 3992 2778 4045 descendat
2821 4008 2849 4045 e
2884 3991 3024 4044 coalo
3068 3989 3234 4057 ignis,
3279 3990 3372 4056 qui
3410 3997 3484 4047 te,

1925 4100 2127 4152 eosque
2159 4083 2250 4151 qui
2303 4091 2483 4135 tecum
2517 4094 2645 4136 sunt
2679 4084 2922 4136 devoret.
2968 4081 3311 4134 Descendens
3358 4094 3489 4145 ergo

1925 4176 2063 4241 ignis
2109 4174 2258 4241 ipsos
2306 4173 2667 4239 consumpsit.
2726 4171 2890 4240 208
2945 4171 3081 4223 Tum
3137 4184 3230 4222 rex
3290 4168 3485 4220 ducem

1925 4265 2088 4316 alium
2117 4279 2240 4317 cum
2270 4263 2659 4333 quinquaginta
2696 4265 2825 4316 viris
2870 4263 3040 4323 misit,
3081 4261 3172 4330 qui
3215 4270 3271 4315 et
3302 4260 3485 4314 dixit:

1927 4355 2069 4409 Ileus
2111 4357 2412 4423 lpropheta
2437 4354 2553 4417 Dei,
2604 4354 2941 4415 descendas;
2970 4354 3203 4407 accersit
3248 4356 3389 4404 enim
3439 4359 3490 4403 te

1929 4464 2039 4502 rex.
2067 4449 2163 4501 Cui
2200 4449 2310 4501 Elia
2356 4465 2368 4499 :
2419 4446 2476 4501 Si
2518 4449 2617 4500 sim
2649 4463 2747 4517 ego
2780 4447 3044 4516 propheta
3087 4447 3202 4507 Dei,
3233 4447 3488 4514 delapsus

254 4553 450 4604 usque.
482 4536 645 4607 205
665 4537 1029 4591 Consulentcs
1062 4549 1241 4592 autem
1269 4542 1366 4609 ipsi
1391 4550 1443 4594 et
1470 4543 1633 4595 ειη-ἰῆς
1654 4543 1823 4608 ipsius
1858 4542 1899 4591 ι)
1928 4541 2064 4593 coelo
2096 4541 2236 4606 ignis
2273 4550 2324 4593 te
2354 4547 2404 4591 et
2440 4540 2529 4605 qui
2577 4548 2752 4594 tecum
2788 4550 2915 4593 sunt
2968 4547 3293 4600 consumat;
3344 4539 3486 4607 quod

252 4628 505 4680 uunmtlli
553 4628 809 4681 dixerunt
849 4646 863 4682 :
905 4645 995 4682 rex
1053 4629 1275 4686 lsraelis
1340 4632 1652 4686 misericors
1700 4645 1816 4697 est;

250 4725 584 4774 accedentes
618 4736 748 4789 ergo
790 4722 964 4788 ipsum
1014 4723 1325 4791 rogabimus
1368 4732 1423 4775 ut
1453 4739 1480 4775 ει
1519 4724 1676 4777 nobis
1710 4725 1741 4777 ι]
1768 4741 1820 4779 s-

251 4812 434 4873 t-edat,
462 4812 598 4864 alias
657 4814 800 4865 enim
839 4814 1120 4881 periimus.
1157 4813 1408 4867 Vestibus
1448 4830 1577 4883 ergo
1627 4816 1819 4870 laceris

250 4904 456 4968 induti,
486 4903 758 4965 Ahabum,
783 4904 993 4958 lsraelis
1021 4921 1199 4973 regem
1235 4907 1495 4961 adeuntes
1522 4908 1779 4960 dixerunt
1805 4925 1818 4961 :

256 4996 401 5049 Dicit
436 5010 632 5050 servus
657 5004 786 5050 tuus
821 4996 933 5050 Ebn
969 4996 1177 5055 lladad.
1216 5015 1281 5051 ne
1314 4999 1447 5050 mibi
1496 5014 1819 5054 succenseas

250 5091 323 5140 ob
356 5090 482 5141 illud
520 5088 663 5156 quod
715 5088 810 5141 tibi
842 5089 1023 5142 intttli.
1075 5089 1284 5154 Quibus
1320 5090 1598 5158 respondit
1644 5092 1817 5158 Ahab,

254 5196 350 5230 rex
396 5178 608 5232 lsraelis
646 5197 659 5231 :
704 5178 822 5231 Non
854 5189 936 5232 est
963 5181 1051 5233 ille
1073 5182 1214 5234 alius
1246 5198 1407 5248 quam
1448 5182 1612 5233 frater
1643 5200 1814 5236 meus.

250 5272 392 5324 Tum
422 5272 494 5324 illi
534 5291 546 5324 :
585 5272 636 5326 Si
676 5273 841 5325 frater
900 5285 1027 5327 tuus
1061 5274 1148 5334 sit,
1182 5274 1454 5339 inquiunt,
1489 5273 1664 5329 [tedas
1696 5291 1816 5327 ιιιιιι

250 5365 347 5417 illo
375 5363 443 5416 de
468 5361 728 5415 Datuasco
752 5378 986 5430 paugas,
1024 5363 1201 5431 sitque
1244 5365 1383 5415 inter
1437 5374 1485 5418 te
1533 5377 1584 5417 ct
1640 5367 1817 5431 ipsum
1861 5404 1868 5411 .

250 5466 371 5524 pax.
398 5450 495 5504 Cui
526 5452 610 5503 ille
636 5452 846 5505 annuit.
866 5449 1063 5503 Tribus
1090 5460 1210 5519 post
1248 5453 1428 5513 annis,
1454 5454 1817 5507 descendetue

249 5539 609 5607 Joshaphato,
650 5542 801 5595 .ludae
835 5557 980 5611 rege,
1026 5541 1091 5594 ad
1142 5544 1411 5606 Ahabum,
1468 5544 1679 5597 lsraeiis
1730 5561 1816 5595 re-

249 5645 395 5698 gem,
427 5632 796 5695 salutandum,
829 5635 1041 5687 obviam
1087 5634 1161 5686 illi
1198 5636 1371 5688 factus
1404 5636 1556 5689 Ahab
1588 5636 1725 5704 apud
1759 5652 1816 5689 se

253 5723 493 5790 hospitio
538 5724 769 5789 excepit.
835 5723 1135 5793 Junxitquc
1189 5724 1487 5792 Joshapbat
1537 5726 1811 5780 connubio

252 5816 421 5868 lilium
457 5830 615 5868 suum
646 5814 920 5869 Joramum
954 5817 1159 5882 Ataliz,
1216 5818 1387 5875 Ahabi
1426 5820 1569 5887 regis
1605 5820 1796 5874 sorori.

1924 4641 1976 4683 et
2012 4630 2213 4684 factum
2244 4641 2343 4684 est.
2378 4629 2514 4684 Tum
2548 4632 2739 4684 ducem
2775 4633 2994 4684 tertium
3040 4630 3188 4684 misit
3218 4630 3490 4697 quinqua-

1923 4720 2069 4788 ginta
2114 4720 2275 4773 ctiam
2331 4721 2463 4774 viris
2510 4722 2869 4783 comitatum;
2911 4736 3069 4789 quem
3124 4736 3243 4774 cum
3296 4721 3485 4774 eodem

1925 4814 2085 4863 modo
2138 4814 2404 4865 allocutus
2439 4821 2583 4866 esset
2626 4814 2883 4880 preplieta
2930 4827 3037 4878 quo
3091 4811 3304 4879 priores
3351 4813 3488 4865 allo-

1922 4914 2084 4957 cutus
2119 4910 2222 4966 est,
2261 4903 2401 4955 idem
2434 4904 2480 4955 ei
2517 4902 2661 4970 quod
2712 4902 2839 4965 illis,
2872 4903 3050 4970 iisque
3075 4902 3167 4970 qui
3208 4918 3330 4955 cttm
3368 4903 3483 4972 ipso

1925 4996 2396 5064 l'ueruntcontigit.
2420 4996 2555 5048 Tum
2584 4995 2826 5063 profecto
2855 4996 2918 5048 ad
2974 4996 3147 5063 ipsum
3182 5012 3358 5063 regem
3385 4996 3483 5048 de-

1923 5092 2190 5141 srcndens
2223 5086 2336 5138 Elia
2369 5086 2503 5138 dixit
2536 5103 2549 5137 :
2585 5086 2932 5153 Nequaquam
2955 5100 2984 5137 a
3013 5086 3198 5137 morbo
3230 5095 3323 5138 tuo
3351 5101 3509 5143 con-,

1921 5179 2182 5237 valesces,
2215 5177 2308 5230 sed
2342 5177 2641 5228 moriturus
2672 5191 2730 5227 es
2764 5174 2905 5242 quod
2949 5174 3090 5227 idola
3133 5177 3399 5239 colueris,
3431 5189 3483 5230 et

1922 5272 2060 5336 quo!
2114 5272 2313 5321 malum
2358 5276 2440 5321 est
2482 5282 2664 5319 coram
2709 5267 2817 5320 Deo
2857 5267 3214 5336 omnipotenti
3265 5268 3478 5321 fet-eris.

1920 5360 2090 5425 Porro
2120 5361 2312 5414 diebus
2356 5359 2573 5413 Abazia:
2604 5359 2747 5425 regis
2801 5359 3022 5414 lsraelis
3070 5369 3122 5415 ct
3164 5358 3467 5426 Joshapbat

1924 5450 2062 5516 regis
2086 5446 2258 5515 Iudae,
2292 5450 2535 5503 sublatus
2559 5459 2644 5503 est
2676 5448 2790 5502 Elia
2819 5452 2978 5519 quasi
3010 5451 3061 5503 in
3095 5452 3315 5505 caelum.
3349 5450 3486 5502 Mor-

1921 5551 2044 5592 ιιιιις
2073 5553 2249 5594 autem
2283 5541 2483 5593 Ahazia
2514 5556 2603 5594 rex
2637 5541 2852 5595 lsraelis
2886 5544 3075 5597 morl‘o
3101 5559 3200 5597 suo
3229 5560 3329 5596 una
3357 5560 3479 5595 cum

1922 5642 2070 5699 patre
2104 5647 2205 5684 suo
2239 5631 2480 5700 sepultus
2515 5641 2617 5692 est,
2653 5641 2912 5700 regnante
2942 5642 3062 5700 post
3095 5634 3269 5701 ipsum
3316 5630 3481 5687 fratre

1923 5722 2090 5790 ipsius
2117 5721 2336 5776 Joramo
2363 5724 2537 5776 Ahabi
2581 5723 2688 5777 (ilio
2731 5722 2785 5775 in
2828 5720 3102 5778 lsraelitas
3134 5726 3186 5778 in
3228 5724 3477 5777 Samaria

1920 5837 2088 5876 annos
2119 5821 2424 5875 duodecim.
2456 5819 2620 5890 quue
2648 5834 2791 5873 anno
2818 5821 2965 5889 regni
2994 5820 3309 5890 Josbapbati
3340 5820 3479 5886 regis
