4200 6432
731 403 836 468 955

1739 407 2105 468 EUTYCHII
2146 409 2675 475 ALEXANDRI-NI
2695 414 2909 478 PATR.

3887 427 3996 494 956

731 517 888 572 Judae
911 515 1176 570 vicesimo
1199 515 1463 570 secundo.
1484 511 1752 570 Proiectis
1772 518 1969 572 deinde
2001 529 2191 571 contra
2225 517 2316 571 Jo-
2347 522 2392 577 Α
2421 524 2620 590 posito,
2653 525 2718 578 ad
2752 527 2992 581 Elisham
3047 527 3358 596 prophetam
3394 531 3612 586 mittens
3634 571 3648 593 ,
3680 529 3812 584 dixit
3840 530 3940 600 ipsi
3976 554 3989 587 :

733 608 1056 678 shaphatum
1071 607 1222 661 Juda:
1237 623 1411 675 regem
1430 609 1754 663 Ammonitis
1767 617 1819 661 et
1832 609 2148 664 Amalekitis
2181 624 2306 663 cum

734 711 926 766 magna
962 697 1238 750 hominum
1261 696 1613 755 nultitudine.
1637 705 1784 747 metu
1809 713 2000 751 eorum
2029 699 2313 766 perculsus

742 787 1166 858 estloshaphat,
1196 799 1253 842 ut
1287 789 1510 842 suborto
1539 789 1590 842 in
1633 789 2066 842 Ammonitarum
2095 791 2312 844 Amale-

733 878 969 933 kitarum
1023 881 1263 934 exercitu
1315 882 1578 940 clamore,
1621 881 1711 933 alii
1737 882 1875 935 alios
1915 883 2225 936 occidentes
2257 884 2309 936 in

736 973 917 1038 fugam
949 986 1130 1024 coram
1163 971 1281 1035 ipso
1311 972 1564 1025 ceuversi
1599 980 1749 1025 sunt.
1797 973 1934 1026 Cum
1963 988 2092 1042 ergo
2107 972 2312 1028 'Josha-

734 1064 883 1131 phati
914 1063 1141 1116 comites
1177 1063 1356 1117 tribus
1385 1063 1580 1116 diebus
1615 1065 1680 1117 ad
1727 1073 1906 1119 castra
1937 1081 2152 1127 eorum.
2187 1076 2308 1121 ten-

729 1155 870 1208 t-oria
905 1165 959 1207 et
991 1169 1118 1207 vasa
1151 1154 1480 1221 diripienda,
1525 1153 1924 1218 substitissent,
1966 1157 2080 1224 ipse
2114 1155 2307 1211 Hiero-

731 1248 942 1315 solyma
987 1246 1338 1316 209-211
1395 1262 1648 1302 reversus
1691 1257 1795 1302 est.
1850 1247 2048 1303 Postea
2083 1264 2307 1318 egresso

727 1354 858 1407 rege
908 1337 1077 1392 hloabi
1112 1348 1298 1392 contra
1324 1335 1604 1391 Joramum
1672 1337 1891 1394 lsraelis
1925 1354 2130 1406 regem,
2180 1340 2306 1392 mit-

733 1438 852 1482 tens
886 1414 976 1483 ille
1020 1429 1086 1481 ad
1133 1420 1528 1496 Joshapbatum
1575 1429 1730 1483 Iudae
1787 1445 1998 1498 regem,
2040 1447 2200 1499 opem
2236 1433 2303 1484 ab

731 1523 853 1590 ipso
879 1531 1068 1576 contra
1096 1523 1275 1575 Moabi
1309 1537 1488 1590 regem
1515 1524 1688 1591 petiit.
1730 1523 1874 1575 Misit
1903 1525 2068 1577 etiam
2103 1525 2169 1578 ad
2198 1525 2305 1578 lto-

734 1628 990 1667 meorum
1027 1628 1208 1681 regem
1257 1613 1501 1680 quituuc
1533 1614 1796 1681 temporis
1842 1614 1894 1667 in
1928 1614 2139 1668 Sharah
2179 1617 2302 1679 fuit,

734 1707 910 1772 ipsum
945 1705 1001 1757 in
1038 1705 1298 1757 auxilium
1327 1715 1602 1757 vocatmn.
1649 1705 1978 1775 Congregati
2016 1723 2148 1777 ergo
2196 1720 2303 1762 tres

2416 617 2612 673 Annon
2667 619 2851 674 dixisti
2911 621 3196 676 Dominum
3253 637 3337 675 me
3388 624 3612 677 victoria
3668 626 3722 678 in
3774 623 3986 679 hostem

2413 727 2592 767 meum
2641 712 2991 777 donaturum,
3031 716 3382 785 213-215
3416 719 3658 786 quandiu
3695 733 3822 784 ergo
3873 719 3979 770 erit

2413 803 2555 860 hoc?
2581 804 2884 876 Respondit
2909 807 3092 862 Elisha
3120 809 3378 877 propheta
3407 811 3599 862 nuntio
3624 826 3638 861 :
3669 811 3824 862 Dicas
3847 809 3984 876 regi.

2414 910 2537 950 cras
2590 898 2692 950 hac
2743 899 2959 952 cir'citer
3010 899 3163 965 hora,
3197 900 3484 954 victoriam
3524 901 3620 954 tibi
3673 901 3725 953 iu
3761 900 3977 954 hostem

2417 995 2567 1038 tuum
2599 1001 2962 1042 concessurus
2983 999 3067 1043 est
3100 990 3382 1053 Dominus,
3419 1001 3472 1044 et
3495 992 3560 1043 ad
3587 1002 3796 1059 portam
3825 992 3978 1044 urbis

2413 1076 2672 1132 Samaria:
2689 1080 2881 1132 similze
2904 1083 3140 1143 modius,
3169 1081 3356 1135 hordei
3385 1083 3494 1136 duo
3526 1083 3687 1138 modii
3713 1084 3972 1137 drachma

2412 1171 2731 1226 vendentur.
2761 1171 2982 1227 Dicente
3024 1172 3214 1226 nuntio
3254 1171 3453 1226 Elisha.-
3496 1174 3774 1241 prophetas
3811 1191 3826 1227 :
3859 1172 3974 1226 Hoc

2410 1262 2524 1315 ﬁeri
2580 1278 2687 1316 non
2731 1273 2931 1331 potest,
2982 1265 3260 1331 respondit
3317 1263 3496 1317 Elisha
3538 1281 3552 1317 :
3589 1261 3854 1317 Futurum
3888 1273 3971 1318 cst

2409 1352 2534 1414 hoc,
2573 1365 2625 1408 te
2653 1356 2889 1416 vidente.
2922 1365 2976 1408 at
3002 1355 3069 1408 de
3102 1371 3168 1409 eo
3214 1369 3554 1424 nequaquam
3589 1356 3932 1410 comedente.

2476 1443 2719 1500 Fuerunt
2741 1462 2870 1516 ergo
2907 1447 2972 1500 ad
3001 1455 3303 1501 extremam
3337 1447 3475 1499 muri
3501 1457 3706 1514 partem
3744 1456 3989 1514 quatuor

2403 1538 2504 1590 viri
2545 1535 2802 1591 Israelita:
2837 1539 2980 1606 lepra
3016 1537 3215 1601 atl'ecti,
3256 1538 3348 1605 qui
3385 1537 3474 1590 alii
3510 1538 3631 1590 aliis
3681 1538 3939 1591 dixerunt
3975 1555 3988 1590 :

2405 1630 2739 1685 Adveniente
2774 1639 2932 1684 nocte
2963 1645 3062 1684 nos
3090 1631 3158 1685 de
3190 1646 3350 1684 muro
3391 1630 3742 1685 demittentes
3774 1633 3840 1682 ad
3872 1628 3947 1699 Sy
3970 1661 3991 1670 -

2407 1737 2588 1775 rerum
2634 1730 2812 1776 castra
2849 1723 3172 1786 tendamus,
3213 1721 3304 1790 qui
3361 1737 3458 1775 nos
3501 1721 3584 1774 vel
3639 1721 3986 1774 interfectori

734 1812 888 1867 reges
922 1813 984 1851 ac
1015 1806 1207 1851 contra
1244 1811 1423 1865 regem
1458 1798 1620 1852 Moab
1646 1799 1873 1867 profecti
1914 1799 2056 1852 viam
2100 1803 2300 1855 deserti

734 1898 807 1909 ι--
835 1897 1021 1909 ..Α----Α
1054 1902 1155 1909 -.-Α
1195 1887 1370 1909 2--μ-.
1416 1889 1764 1909 -A-_!___.___
1841 1899 1886 1909 ,-.
1935 1903 2049 1909 -_-_-
2099 1893 2293 1909 --μ-,μμ

2417 1825 2554 1874 sunt,
2597 1815 2675 1869 vel
2699 1829 2890 1882 panem
2925 1815 3084 1869 nobis
3113 1813 3411 1879 prmbituri.
3440 1813 3596 1878 Quod
3629 1824 3682 1867 et
3709 1813 3980 1868 fecerunt.

733 1897 1159 1956 teuueruntquo
1195 1887 1374 1956 ipsum
1415 1889 1784 1951 adorirentur,
1835 1899 1887 1941 at
1929 1903 2052 1942 cum
2095 1893 2299 1956 septem

733 1981 942 2034 dierum
993 1981 1095 2034 iter
1149 1979 1205 2034 in
1257 1981 1477 2036 deserto
1529 1981 1900 2036 confecissent
1944 1980 2117 2035 defuit
2169 1982 2302 2050 ipsis

734 2087 873 2140 aqua
904 2088 1065 2141 quam
1099 2072 1372 2134 biberent,
1420 2072 1558 2126 adeo
1586 2083 1642 2127 nt
1674 2087 1864 2138 parum
1911 2073 2130 2128 abesset
2168 2073 2300 2142 quin

736 2164 826 2216 siti
877 2164 1140 2232 perirent.
1189 2162 1313 2215 Fuit
1362 2171 1541 2217 autem
1595 2178 1718 2219 cum
1773 2164 1908 2232 ipsis
1952 2163 2130 2218 Elisha
2180 2179 2305 2232 pro-

738 2255 935 2322 pheta.
983 2255 1074 2323 qui
1129 2255 1269 2307 dixit
1327 2255 1462 2322 ipsis
1531 2253 1738 2310 :Mane
1787 2255 2097 2321 implebitur
2153 2257 2306 2309 \allis

739 2349 841 2400 ista
869 2346 1228 2408 torrentibus,
1261 2345 1521 2414 vobisque
1550 2345 1832 2399 victoriam
1867 2346 1920 2399 in
1955 2350 2141 2400 hostes
2173 2363 2304 2402 cou-

733 2452 990 2491 cessurus
1050 2449 1134 2491 est
1179 2437 1343 2491 Deus.
1396 2435 1734 2505 Factumque
1775 2444 1860 2491 est
1923 2437 1997 2489 uti
2055 2438 2304 2506 praedixit

735 2527 1019 2597 propheta.
1053 2526 1161 2582 Deo
1190 2528 1324 2596 ipsis
1355 2527 1408 2580 in
1432 2526 1621 2582 hostes
1646 2527 1929 2582 victoriam
1950 2531 2305 2594 cont-edeu'e,

739 2619 876 2672 adeo
902 2629 960 2672 ut
1001 2621 1145 2689 regis
1187 2620 1468 2674 Moabitici
1507 2622 1772 2674 comitum
1805 2637 2001 2690 magna
2048 2623 2194 2676 edita
2238 2625 2308 2677 sit

738 2720 969 2782 strages.
1002 2710 1214 2765 Virtum
1244 2727 1374 2781 ergo
1403 2727 1460 2765 se
1490 2727 1614 2766 eum
1650 2711 1871 2768 vidisset
1912 2729 2005 2768 rex
2032 2714 2188 2769 Moab
2217 2731 2308 2768 ar-

734 2817 855 2856 cem
902 2803 1205 2871 iugressus.
1253 2804 1419 2857 tilium
1461 2820 1619 2859 suum
1656 2815 1784 2859 natu
1835 2807 2134 2860 maximum
2191 2823 2312 2876 pre-

735 2896 968 2950 hensum
1001 2911 1064 2950 ac
1096 2912 1257 2961 super
1294 2913 1475 2951 arcem
1511 2896 1684 2952 Moabi
1712 2898 2018 2968 iugulatum
2051 2902 2102 2953 in
2131 2900 2307 2954 sacri-

737 2989 920 3041 licium
977 2989 1196 3042 obtulit.
1245 2989 1416 3058 Cujus
1472 2991 1700 3045 horrore
1753 2991 1990 3060 perculsi
2049 2991 2310 3047 Israelita

736 3081 933 3134 bellum
967 3081 1068 3150 ipsi
1103 3081 1304 3135 inferre
1338 3091 1622 3136 cessantes
1653 3083 1857 3137 reversi
1888 3094 2037 3138 sunt.

2410 1908 2476 1960 At
2515 1923 2636 1960 cum
2688 1908 2751 1958 ad
2791 1916 2968 1959 castra
3017 1905 3415 1974 pervenissent,
3462 1907 3690 1959 tentoria
3721 1919 3774 1961 et
3810 1907 3992 1961 taber-

2407 2003 2527 2053 cula
2577 1999 2709 2052 viris
2764 2014 2989 2067 prorsus
3038 2013 3208 2052 vacua
3266 2000 3560 2060 invenere,
3619 1998 3780 2067 idque
3839 2001 3984 2066 quo-t

2407 2092 2622 2156 oborto,
2674 2098 2836 2145 nocte
2885 2090 3015 2156 ista,
3053 2091 3108 2144 in
3160 2091 3402 2146 exercitu
3444 2088 3706 2160 Syrorum
3743 2105 3990 2152 rumore.

2407 2184 2732 2238 convenisse
2772 2181 3012 2253 Egypti,
3048 2181 3265 2238 lsraelis
3312 2190 3366 2238 et
3401 2179 3553 2237 Iudae
3616 2197 3792 2252 reges,
3827 2192 3992 2236 caete-

2409 2289 2605 2343 rosque
2633 2291 2823 2330 omnes
2861 2289 2970 2344 quo
2998 2275 3142 2345 ipsos
3182 2284 3344 2330 noctu
3380 2275 3749 2337 adorirentur,
3789 2277 3843 2329 ln
3902 2277 3992 2330 t'u-

2409 2382 2528 2434 gam
2560 2369 2811 2422 conversi
2843 2368 3193 2424 tabernacula
3216 2378 3269 2422 et
3301 2367 3534 2422 tentoria
3571 2383 3693 2422 cum
3749 2368 3985 2438 impedi-

2410 2457 2629 2520 mentis,
2669 2458 2931 2520 sarcinis,
2963 2473 3191 2527 quasque
3247 2458 3520 2513 habebant
3567 2459 3822 2515 omnibus
3867 2461 3993 2514 reli-

2409 2560 2666 2614 querunt.
2724 2548 2947 2605 Reversi
3005 2551 3173 2621 igitur
3233 2552 3464 2620 Icprosi,
3521 2567 3646 2606 cum
3707 2553 3810 2607 hoc
3881 2553 3991 2621 regi

2420 2639 2635 2696 lsraelis
2674 2641 3042 2706 nuntiassent,
3103 2643 3253 2698 misit
3309 2643 3398 2696 ille
3458 2653 3579 2713 post
3614 2645 3783 2715 ipsos,
3840 2646 3989 2696 viros

2409 2732 2498 2798 qui
2531 2747 2716 2786 eorum
2752 2734 2977 2795 vestigia
3017 2743 3380 2800 sectarentur,
3408 2737 3647 2805 quicum
3698 2735 3993 2789 Jordaucm

2413 2838 2584 2891 usque
2622 2826 3015 2893 pervenissent.
3072 2840 3175 2880 nec
3229 2827 3399 2880 ullum
3449 2841 3641 2880 eorum
3676 2826 3994 2894 ivestigium

2410 2915 2774 2977 invenissent,
2817 2919 2992 2981 aperit
3029 2933 3119 2971 rex
3172 2917 3323 2971 urbis
3376 2926 3622 2985 portam,
3677 2915 4001 2983 egressique

2413 3008 2661 3063 homines
2693 3011 2874 3062 omnia
2908 3026 3024 3076 qua-
3060 3009 3112 3062 in
3146 3007 3405 3079 Syrorum
3451 3007 3653 3062 castris
3685 3016 3864 3069 erant,
3901 3007 3993 3058 di-

2417 3102 2716 3171 ripuerunt,
2766 3102 2904 3156 adeo
2944 3110 3000 3154 ut
3043 3105 3229 3156 statim
3281 3101 3476 3156 simila!
3531 3100 3778 3164 modius,
3829 3100 4003 3171 216

810 3169 1058 3226 Mortuus
1086 3181 1266 3224 autem
1298 3169 1600 3239 Joshaphat
1632 3169 1785 3226 Juda:
1816 3188 1907 3225 rex
1941 3173 1993 3224 in
2039 3175 2171 3225 urbe
2213 3173 2311 3224 Da-

2418 3169 2602 3246 hordei
2636 3192 2802 3246 modii
2861 3192 2970 3247 duo
3007 3193 3269 3247 drachma
3305 3192 3577 3246 venirent.
3632 3191 3868 3245 Nuntius
3900 3169 4005 3245 aui-

739 3266 876 3317 vi.!is
924 3265 1176 3332 sepultus
1222 3273 1328 3325 est,
1390 3262 1480 3318 cui
1531 3263 1587 3317 in
1641 3279 1810 3334 regno
1855 3267 2124 3319 successit
2172 3268 2309 3321 tilius

739 3357 910 3420 ipsius
957 3356 1173 3418 Jornm.
1226 3372 1402 3410 annos
1451 3363 1614 3410 natus
1667 3358 1890 3427 triginta
1944 3367 2076 3413 tres.
2107 3360 2209 3425 Qui
2255 3362 2308 3413 in

736 3449 931 3503 ludam
981 3449 1373 3519 Hierosolymis
1417 3460 1542 3503 octo
1593 3465 1767 3504 annos
1813 3453 2099 3520 regnavit;
2151 3452 2313 3519 idque

739 3559 882 3598 anno
908 3543 1097 3612 quinto
1125 3544 1275 3611 regni
1306 3541 1511 3595 Jorami
1566 3543 1660 3595 tilii
1694 3542 1867 3596 Ahabi
1899 3545 2042 3612 regis
2072 3542 2308 3600 lsraelis.

740 3637 915 3704 Ipsius
937 3647 1178 3702 tempore
1201 3635 1595 3704 prophetarunt
1618 3635 1804 3690 Elisha
1833 3637 2134 3703 discipulus
2159 3639 2311 3704 Elite,

740 3743 794 3784 et
825 3729 1052 3784 Obadia.
1093 3728 1261 3779 t‘orro
1309 3742 1564 3794 egressus
1601 3727 1895 3782 Benhadad
1929 3732 2089 3800 212
2141 3733 2315 3802 Syrim

743 3838 834 3876 rcx
881 3836 1003 3874 cum
1047 3821 1218 3884 repiis
1273 3820 1389 3872 suis
1431 3818 1712 3873 Joramum
1761 3819 1979 3874 lsraelis
2033 3839 2211 3892 regem
2261 3825 2313 3877 iu

744 3912 991 3966 Samaria
1041 3913 1178 3965 bello
1215 3928 1501 3981 aggressus
1528 3925 1630 3970 est.
1665 3917 1706 3967 A
1735 3929 1844 3983 quo
1879 3929 2000 3967 cum
2053 3925 2319 3970 metueret

740 4008 950 4072 Joram,
981 4008 1116 4060 dix‘t
1141 4008 1241 4074 ipsi
1273 4006 1452 4063 Elisha
1483 4027 1496 4063 :
1523 4009 1599 4062 Ne
1630 4011 1846 4065 timeas,
1892 4009 1985 4061 scd
2012 4023 2070 4062 se
2101 4018 2312 4063 tantum

745 4107 798 4152 in
848 4101 979 4154 urbe
1019 4111 1108 4153 tua
1146 4103 1398 4167 munias;
1437 4103 1581 4156 Deus
1616 4103 1759 4154 enim
1795 4102 1892 4154 tibi
1945 4103 2227 4155 vietoriam
2264 4105 2315 4155 in

747 4194 956 4246 hostem
1024 4200 1176 4244 tuum
1215 4208 1578 4248 euneessurus
1629 4204 1733 4248 est.
1782 4194 1876 4248 Ille
1909 4208 2038 4262 ergo
2081 4209 2202 4247 cum
2262 4210 2318 4246 se

747 4287 800 4339 in
839 4287 966 4340 urbe
995 4287 1338 4348 muniviSSet,
1368 4288 1690 4343 accedentes
1731 4285 1993 4356 Syrorum
2026 4288 2202 4355 copim
2238 4287 2320 4338 in-

747 4384 865 4430 star
918 4391 1091 4430 arenze
1146 4378 1334 4439 maris,
1386 4376 1589 4430 Jorami
1637 4375 1852 4438 urbem,
1894 4375 2319 4444 universatnque

751 4467 1014 4521 Samaritc
1045 4468 1322 4536 regionem
1352 4470 1661 4523 cinxerunt.
1687 4466 1934 4534 Cumque
1964 4467 2134 4519 tribus
2160 4469 2319 4521 anuis

2416 3294 2518 3336 l:'tlt
2547 3284 2638 3351 qui
2692 3283 2930 3336 Elisbam
2970 3286 3286 3353 prophetam
3325 3283 3592 3339 mendacii
3627 3284 3827 3354 arguit,
3889 3284 3996 3336 hoc.

2415 3375 2630 3440 quidem
2665 3375 2816 3434 vidit,
2858 3384 2912 3428 at
2952 3377 3004 3428 in
3039 3377 3189 3427 urbis
3226 3387 3377 3444 pirta
3415 3391 3525 3443 pra:
3577 3390 3773 3443 magna
3816 3375 3995 3426 turb:e

2415 3465 2822 3533 routpressione
2862 3475 3112 3518 ntortuus
3146 3477 3248 3519 est.
3293 3468 3538 3520 Posthzre
3593 3483 3853 3532 egressus
3897 3466 3998 3520 Ιη-

2419 3568 2532 3602 mm
2579 3567 2671 3605 rex
2714 3552 2864 3607 Judze
2895 3555 2960 3606 ad
3023 3551 3296 3613 Roma-os,
3333 3555 3424 3622 qui
3477 3555 3528 3606 in
3571 3554 3781 3606 Sharah
3839 3563 4003 3606 ριίιιιι

2419 3659 2664 3712 magnam
2691 3659 2880 3698 eorum
2918 3655 3157 3710 stragem
3192 3646 3380 3698 edidit.
3411 3645 3654 3698 Mortuus
3687 3657 3870 3698 autem
3912 3658 3999 3700 est

2415 3736 2439 3785 ,Ι
2485 3753 2595 3789 ram
2639 3736 2792 3790 ludas
2846 3751 2971 3799 rex,
3023 3747 3072 3790 et
3135 3739 3185 3790 in
3239 3739 3372 3791 urbe
3437 3737 3657 3791 Davidis
3709 3741 4001 3805 sepultus,

2421 3835 2677 3892 regnante
2723 3835 2844 3894 post
2879 3829 3059 3894 ipsum
3098 3842 3300 3880 annum
3339 3845 3505 3880 unmn
3552 3830 3606 3881 in
3642 3825 3838 3882 ludam
3873 3829 4004 3880 Ilie-

2422 3919 2731 3988 rosolymis,
2767 3920 2876 3972 [ilio
2911 3919 3088 3988 ipsius
3136 3921 3364 3984 Ahazia,
3414 3935 3588 3974 annos
3621 3928 3750 3974 nato
3805 3922 4002 3986 viginti

2419 4011 2589 4074 duos;
2617 4009 2779 4080 idque
2808 4011 2954 4081 regni
2976 4009 3180 4065 Jorami
3213 4012 3384 4064 Ahabi
3432 4010 3524 4065 ﬁlii
3551 4051 3565 4073 ,
3599 4013 3740 4081 regis
3777 4010 4006 4066 Israetis

2420 4102 2762 4156 duodecimo.
2799 4102 2970 4157 Mater
2989 4103 3107 4172 ejus
3129 4105 3350 4157 nomine
3377 4103 3590 4157 Athal’a
3621 4103 3820 4164 Ahabi,
3853 4119 4004 4156 regis

2423 4193 2657 4257 Israelis,
2693 4192 2845 4247 Omri
2884 4193 2979 4248 filii
3014 4209 3191 4249 soror.
3228 4194 3358 4260 Ejus
3393 4203 3642 4262 tempore
3692 4184 3999 4264 prephet'a-

2425 4293 2550 4338 runt
2600 4283 2782 4340 Elisha
2825 4293 2876 4338 et
2925 4283 3192 4338 Obadiab.
3244 4284 3531 4338 Profectus
3577 4294 3758 4339 autem
3815 4284 4006 4338 Joram

2423 4377 2638 4431 |~rae|is
2669 4393 2782 4438 rex,
2815 4376 3043 4430 liamam
3078 4392 3200 4430 cum
3231 4377 3461 4431 llaztele
3507 4378 3746 4431 tribuum
3782 4393 3910 4448 rege
3937 4379 4006 4431 ad

2426 4468 2619 4518 !e|lum
2653 4481 2776 4520 cum
2810 4465 2964 4536 Syris
2991 4466 3311 4534 gerendum,
3343 4481 3468 4518 cum
3511 4468 3562 4518 in
3595 4467 3783 4533 przelio
3806 4470 4005 4520 vulne-

748 4559 1037 4615 nhsidione
1068 4558 1315 4631 [inclusi]
1347 4559 1712 4628 perstitissent
1749 4561 2027 4622 lsraelitm,
2066 4560 2208 4613 facta
2240 4570 2321 4613 est
2357 4541 2394 4592 Ῑ)
2431 4568 2576 4608 ratus
2624 4567 2769 4611 esset
2811 4558 2878 4611 ad
2937 4557 3128 4612 urbem
3179 4557 3472 4611 Jezreelem
3527 4573 3780 4612 reversus
3807 4569 3894 4613 est
3945 4573 4006 4612 ut

750 4653 805 4706 iu
835 4653 1079 4705 Samaria
1130 4652 1298 4705 fames
1361 4668 1586 4720 magna,
1629 4653 1766 4706 adeo
1823 4663 1881 4706 ut
1935 4654 1999 4706 ad
2050 4653 2318 4706 cadavera

747 4746 956 4798 et'enda
999 4743 1350 4814 adigerentur
1393 4745 1640 4797 homines
1664 4783 1679 4805 ,
1717 4760 1816 4798 nec
1855 4761 1960 4798 non
1991 4753 2203 4797 stercus
2233 4758 2324 4796 co-
2358 4761 2360 4763 ·

749 4837 1056 4890 ιιιιιιιιίιιιιιιι
1087 4837 1456 4898 romedcreut,
1487 4837 1922 4904 vrndereturque
1966 4845 2131 4904 caput
2181 4835 2321 4888 asini

749 4926 951 4980 mortui
983 4925 1260 4995 oetoginta
1291 4925 1589 4992 drachmis,
1614 4929 1988 4996 stercorisque
2023 4927 2322 4980 columbini

747 5016 920 5071 cabus
964 5015 1205 5084 quinque
1251 5014 1546 5069 drachmis.
1607 5015 1739 5069 Dum
1782 5030 1914 5084 ergo
1965 5031 2130 5084 super
2171 5017 2324 5070 urbis

750 5107 1048 5161 nmnimine
1098 5107 1374 5160 incederet
1403 5106 1609 5169 Joram,
1651 5106 1868 5162 lsraelis
1917 5122 2032 5172 rex,
2065 5123 2193 5160 ecce
2223 5124 2321 5159 oc-

746 5201 919 5253 currit
981 5199 1084 5269 ipsi
1147 5199 1341 5252 tnnlier
1395 5214 1517 5267 quae
1570 5199 1732 5252 aliam
1793 5208 1984 5253 tenens
2039 5199 2321 5252 mulierem

747 5309 902 5360 opem
933 5307 960 5344 a
991 5307 1114 5360 rege
1137 5292 1310 5360 petiit,
1342 5291 1534 5345 dicens
1569 5309 1582 5345 :
1617 5291 1756 5342 Di\it
1789 5291 1920 5343 mihi
1961 5291 2154 5343 tuulier
2197 5291 2322 5352 ista,

753 5383 914 5436 hodie
945 5382 1113 5436 illium
1145 5388 1297 5434 tuum
1351 5389 1556 5434 ntactes
1582 5395 1690 5448 quo
1725 5395 2031 5444 vescamur,
2085 5396 2151 5432 ne
2186 5382 2324 5433 l'ame

751 5473 1070 5534 moriamur,
1112 5486 1236 5526 cras
1284 5485 1383 5540 ego
1437 5487 1615 5523 meum
1664 5470 1951 5531 mactabo,
2007 5479 2063 5523 ut
2114 5481 2168 5524 ct
2204 5472 2324 5538 ipso

752 5581 1058 5621 vescamur.
1115 5563 1226 5630 Ego
1262 5565 1426 5633 igitur
1475 5565 1640 5614 lilium
1676 5579 1854 5616 memu
1900 5563 2012 5616 heri
2055 5564 2323 5632 jugulavi,

752 5676 912 5729 quem
941 5658 1193 5721 edimus;
1223 5657 1311 5710 illa
1348 5668 1532 5710 autem
1571 5656 1728 5709 hodie
1770 5657 1938 5707 tilium
1994 5672 2151 5710 suum
2199 5673 2324 5724 pre-

757 5755 987 5808 hensum
1026 5749 1334 5805 abscondit.
1387 5747 1770 5801 'l'remefactus
1827 5762 1915 5800 rex
1969 5748 2054 5800 his
2097 5749 2322 5808 auditis,

755 5844 999 5898 vestibus
1040 5844 1154 5898 suis
1195 5841 1408 5902 scissis,
1469 5840 1798 5909 pulvereque
1843 5841 2007 5907 capi'i
2057 5842 2325 5909 superint-

2428 4648 2498 4699 ibi
2535 4654 2842 4709 sanarctur,
2891 4662 3000 4714 quo
3042 4649 3336 4702 salutatqu
3390 4665 3514 4700 eu-n
3577 4649 3855 4718 profectus
3920 4661 4016 4707 est

2426 4740 2628 4792 Ahazia
2665 4739 2868 4792 Jorauti
2905 4739 3070 4792 filius.
3109 4738 3293 4792 Elisha
3325 4748 3503 4792 autem
3536 4741 3803 4808 propheta
3841 4743 4013 4794 disci-

2427 4832 2549 4900 pulo
2576 4847 2675 4885 suo
2705 4830 2855 4883 Jonas
2899 4831 3084 4883 Mittmi
3126 4831 3236 4883 lilio
3265 4831 3379 4900 (qui
3418 4832 3556 4884 idem
3591 4843 3673 4885 est
3725 4831 3822 4885 Dul
3853 4830 4005 4897 Nun,

2428 4923 2476 4974 id
2513 4931 2596 4976 est
2637 4922 2890 4976 Dominus
2926 4924 3104 4989 piscis,
3136 4938 3296 4992 quem
3327 4923 3612 4992 deglutivit
3647 4925 3837 4991 piscis)
3876 4941 4008 4993 pre—

2429 5015 2619 5072 henso.
2659 5030 2828 5067 cornu
2859 5015 2914 5068 in
2949 5030 3060 5083 quo
3090 5022 3210 5068 erat
3236 5015 3440 5073 oleum,
3480 5015 3703 5067 tradens
3744 5032 3758 5066 :
3812 5015 4006 5068 Profe-

2426 5113 2562 5163 ctus,
2599 5104 2795 5170 inquit,
2846 5105 2911 5156 ad
2967 5104 3156 5157 urbem
3213 5102 3408 5156 Ramot
3441 5102 3651 5164 Gilead,
3683 5120 3807 5156 cum
3858 5104 3931 5156 ibi
3976 5124 4006 5156 e.

2427 5196 2657 5250 ducibus
2710 5185 3000 5265 ouemdam
3055 5195 3273 5248 nomine
3325 5193 3484 5252 Jebu,
3546 5194 3753 5248 Nimshi
3810 5197 4006 5258 libum,

2427 5289 2724 5351 inveneris,
2758 5290 2935 5356 ipsmu
2965 5289 3084 5341 oleo
3111 5288 3216 5340 isto
3243 5302 3422 5354 ungas
3454 5289 3507 5339 in
3542 5303 3722 5355 regem
3761 5289 4006 5342 Israelis.

2385 5437 2389 5442 _
2429 5383 2627 5432 Abiens
2675 5378 2807 5445 ergo'
2844 5377 3014 5431 Jonas
3073 5378 3278 5432 Elisha;
3333 5378 3639 5445 discipulus
3688 5379 3832 5446 quot
3896 5381 4005 5444 ἰνςί

2428 5477 2738 5526 nrm-‘atum
2767 5473 2943 5545 iuerat
2975 5472 3118 5531 fecit,
3146 5471 3290 5537 quod
3318 5485 3440 5524 cum
3477 5471 3641 5522 sociis
3674 5471 3789 5522 suis
3816 5470 4012 5539 21⁷-

2428 5565 2592 5634 219
2627 5565 2902 5616 retulisset
2936 5563 3096 5621 Jehu.
3133 5549 3265 5631 ipsis
3309 5564 3660 5629 congregatis
3695 5562 3759 5612 ad
3809 5561 4006 5615 urbem

2426 5647 3049 5717 Jezraelem,}loramum
3087 5650 3308 5705 Israelis
3346 5663 3524 5716 regem
3557 5648 3850 5716 quaesitum
3877 5665 4011 5717 pro-

2432 5751 2607 5800 tei-tus
2638 5754 2742 5797 est.
2779 5725 3027 5814 Cumque
3069 5743 3289 5798 obviam
3324 5741 3424 5809 ipsi
3475 5743 3854 5808 procederent.
3913 5743 4014 5796 Jo-

2440 5855 2575 5902 t:ttll,
2611 5837 2848 5900 Israelis,
2897 5847 2948 5889 et
2986 5835 3219 5888 Aehazizt
3269 5834 3418 5888 Juda'
3450 5850 3564 5896 rex,
3610 5832 3751 5888 Jebu
3809 5837 4008 5903 sagitta
