4200 6432
284 330 381 392 951

1723 336 2100 398 ANNALES.

3422 349 3527 410 958

287 446 426 512 regis
467 457 563 497 cor
591 446 879 511 percussit,
930 445 1322 517 interfectoque
1366 457 1527 517 caput
1578 448 1839 514 abstulit;
1875 452 1918 508 Α
1946 459 2132 506 contra
2170 449 2345 519 ipsum
2378 453 2596 513 Hazael.
2628 451 2796 521 Syriae
2822 471 2943 519 rev,
2981 458 3166 509 urbem
3190 456 3292 511 Gat
3321 459 3370 513 ei
3405 462 3529 515 abs-

286 535 526 601 tugit-nte
551 534 784 589 Acbazia
809 534 962 590 Judte
1000 552 1148 607 rege,
1177 554 1338 606 quem
1371 540 1535 592 etiam
1567 539 1852 592 insecutus

280 625 419 680 Jebu
455 627 770 682 vulneribus
797 629 1039 684 confodit
1069 647 1083 684 :
1115 633 1210 700 qui
1251 641 1430 685 tamen
1478 633 1545 684 ab
1580 633 1697 701 ipso
1724 645 1852 684 eva-

280 715 441 781 dens,
475 719 662 775 urbem
690 721 953 790 Mageddo
985 723 1282 793 ingressus,
1317 725 1389 778 ibi
1423 733 1668 779 mortuus
1697 734 1806 778 est.

353 807 598 864 ﬂortuus
635 826 765 879 ergo
793 813 1033 868 Acbazia
1080 813 1234 869 Iuda:
1260 830 1375 877 rex,
1431 832 1460 868 a
1511 819 1685 871 servis
1736 817 1852 870 suis

281 901 658 973 Hierosolyma
688 906 1008 971 translatus,
1037 910 1091 962 in
1121 909 1340 963 civitate
1387 911 1553 964 David
1600 911 1850 979 sepultus

279 1002 399 1058 est;
435 995 826 1064 imperavitque
846 998 1000 1054 Judae
1026 999 1416 1070 Hierosolymis
1446 1002 1693 1056 Acltazite
1734 1015 1849 1054 ma-

280 1092 388 1147 ter.
429 1088 649 1142 nomine
677 1089 912 1152 Athalia.
943 1093 1098 1147 annis
1143 1101 1372 1160 septem.
1408 1093 1639 1160 Scripsit
1665 1103 1843 1146 autem

279 1175 418 1233 Jebu
460 1178 525 1233 ad
563 1183 852 1249 Optimates
881 1185 1142 1238 Samaria:
1176 1202 1190 1240 :
1229 1185 1285 1238 Si
1322 1185 1453 1238 mibi
1485 1185 1848 1252 obsequentes

283 1268 518 1333 fueritis,
555 1272 810 1338 praeﬁcite
846 1273 1001 1328 vobis
1032 1289 1062 1327 e
1095 1275 1218 1328 ﬁliis
1259 1274 1454 1336 Ababi,
1501 1275 1642 1342 regis
1684 1274 1850 1328 Israe-

279 1361 367 1420 lis.
423 1378 623 1430 regem.
673 1365 1128 1422 Rescribentibus
1174 1366 1356 1435 ipsis:
1409 1368 1519 1421 Non
1555 1377 1637 1422 est
1695 1370 1848 1421 nobis

280 1461 480 1516 pr.eter
517 1461 570 1506 te.
620 1470 735 1520 rex,
768 1457 986 1524 scripsit
1016 1476 1030 1511 :
1073 1457 1273 1513 Omnes
1306 1474 1436 1520 ergo
1467 1458 1608 1512 ﬁlios
1646 1460 1842 1523 Ababi,

281 1543 427 1608 regis
473 1543 715 1607 lsraelis,
779 1562 809 1600 e
864 1548 1045 1601 medio
1101 1549 1295 1602 tollite.
1360 1549 1607 1603 Fuerunt
1662 1558 1841 1603 autent

278 1634 454 1686 Ababi
491 1637 582 1691 lilii
612 1647 666 1690 et
705 1648 928 1706 nepotes
961 1639 1058 1693 viri
1094 1642 1460 1709 septuaginta.
1500 1657 1729 1709 quorum
1759 1641 1843 1693 in-

278 1727 631 1780 terfertortt'n
699 1733 875 1798 capita
922 1731 987 1784 ad
1041 1731 1176 1785 .lebu
1225 1735 1510 1787 miserunt.
1561 1734 1843 1788 Profectus

277 1833 411 1884 ergo
438 1817 575 1872 Jeltu
643 1821 972 1887 Samariam,
1025 1824 1297 1876 neminem
1348 1840 1409 1876 ex
1465 1824 1634 1875 Ababi
1681 1825 1849 1891 stirpe

276 1910 550 1977 reliqumn
602 1910 749 1975 fecit,
783 1927 944 1979 quem
987 1929 1093 1966 non
1145 1914 1495 1968 interﬁceret.
1538 1917 1850 1969 Occurrens

278 2014 464 2055 autem
508 2005 561 2056 in
607 2006 692 2056 via
742 2005 875 2060 viris
930 2006 1288 2074 quadraginta
1341 2006 1576 2071 duobus,
1628 2006 1846 2072 quinam

279 2103 466 2147 essent
521 2096 917 2162 interrogavit.
969 2097 1322 2166 dieentesque
1369 2117 1381 2150 :
1437 2097 1545 2151 Nos
1601 2097 1848 2152 Acbazirc

279 2184 422 2248 regis
454 2183 608 2239 Judze
658 2186 892 2247 fratres,
935 2187 1223 2256 jugulavit.
1283 2189 1460 2242 Baulis
1504 2199 1683 2242 autem
1721 2190 1846 2243 idoli

278 2277 536 2340 templum
603 2276 654 2329 in
718 2277 964 2330 Samaria
1029 2277 1230 2342 diruit,
1302 2277 1724 2347 sacerdotesque
1784 2294 1850 2332 ac

277 2367 557 2435 principes
594 2367 708 2421 neri
742 2368 926 2433 dedit;
958 2369 1310 2438 regnavitque
1341 2371 1393 2423 in
1432 2368 1709 2424 lsraelitas
1746 2386 1848 2423 an-

276 2475 377 2510 nos
415 2459 598 2526 viginti
636 2469 779 2513 ortu.
806 2460 968 2529 22o
989 2459 1388 2530 Egressamque
1415 2460 1588 2515 Ababi
1625 2476 1847 2516 uxorem

278 2553 565 2612 lzebelem,
595 2568 712 2620 quae
737 2568 794 2605 sc
821 2552 874 2606 in
904 2550 1040 2607 Jebu
1075 2568 1363 2608 occursum
1405 2564 1716 2614 ornaverat.
1764 2555 1849 2608 in-

276 2645 518 2706 ter'eeit,
569 2660 766 2708 quam.
797 2659 919 2697 cum
965 2645 1159 2700 diebus
1217 2646 1414 2715 aliquot
1479 2648 1718 2716 projeeta
1768 2647 1851 2714 ja-

276 2738 506 2798 ριιῖςεει,
565 2740 919 2792 comederunt
965 2754 1146 2793 canes.
1191 2740 1390 2793 Deillth
1437 2742 1683 2805 (ἰοντωνίς
1729 2740 1849 2808 fl“

276 2828 538 2894 reliquias
589 2829 804 2894 sepeliri
836 2829 1024 2894 jussit.
1071 2829 1240 2882 Porro
1291 2829 1526 2888 Atbalia.
1566 2844 1688 2882 cum
1727 2840 1847 2898 post

277 2919 448 2972 ﬁlittm
493 2921 544 2973 in
592 2917 785 2972 ludant
839 2918 1229 2990 Hierosolymis
1280 2931 1548 2990 regnaret,
1600 2923 1689 2976 ﬁlii
1761 2924 1844 2978 sui

275 3011 528 3065 Achazize
589 3013 788 3064 liberos
840 3012 1146 3074 interit-cit,
1202 3013 1459 3067 familiam
1535 3013 1846 3069 Davidicam

1958 542 2102 604 tulit,
2138 541 2256 610 ipso
2297 544 2436 610 apud
2474 544 2616 596 illam
2644 545 2891 607 devicto;
2931 548 3126 601 deinde
3153 548 3526 620 Hierosolyma

1955 634 2252 689 ascendere
2296 632 2349 687 in
2408 636 2590 688 animo
2635 636 2842 690 habuit.
2893 637 3213 705 Maguopere
3261 640 3427 708 igitur
3457 643 3525 692 ab

1954 727 2074 794 ipso
2107 736 2355 781 metuens
2389 724 2555 780 Joasb
2591 743 2781 782 omnes
2813 731 3101 784 thesauros
3123 732 3214 798 qui
3250 732 3301 784 in
3330 732 3532 800 templo

1956 823 2126 883 fuere,
2161 834 2297 888 quos
2350 829 2710 888 reposuerant
2746 831 2931 889 patres
2988 821 3171 890 ipsius
3200 821 3525 890 .losbapbat.

1951 912 2136 966 Joram
2187 921 2243 966 et
2281 912 2541 974 Acbazia,
2590 927 2837 978 quosque
2897 913 3010 978 ipse
3057 913 3388 972 contulerat,
3435 927 3528 967 ac-

1951 1013 2159 1071 ceptos,
2194 1004 2258 1055 ad
2317 1002 2622 1065 Hazacletn,
2656 1003 2825 1073 Syriae
2877 1018 3076 1072 regem,
3112 1003 3282 1067 misit,
3317 1004 3407 1071 qui
3457 1005 3525 1056 ab

1953 1094 2068 1162 ipso
2100 1110 2350 1147 reversus
2380 1106 2456 1147 est
2469 1133 2484 1147 .

2024 1185 2266 1240 Mortuus
2293 1193 2472 1238 autem
2500 1185 2636 1240 Jebu
2675 1185 2898 1239 lsraelis'
2925 1201 3017 1238 rex
3052 1186 3314 1238 Samaria;
3339 1186 3530 1254 sepqu

1952 1289 2039 1332 tus
2071 1285 2192 1341 est,
2241 1273 2506 1345 regnante
2541 1287 2662 1345 post
2713 1280 2888 1345 ipsum
2951 1277 3059 1328 lilio
3099 1277 3271 1344 ipsius
3306 1276 3525 1329 A‘cltazo

1951 1368 2208 1423 Samaria:
2253 1383 2423 1422 annos
2486 1371 2873 1436 septemdecim
2901 1407 2916 1428 .
2966 1368 3128 1434 idque
3171 1382 3316 1419 anno
3375 1368 3520 1433 regni

1949 1459 2133 1514 Joasbi
2177 1457 2327 1513 Judte
2371 1458 2517 1525 regis
2563 1459 2825 1512 vicesimo
2860 1459 3041 1512 tertio.
3083 1457 3179 1511 llic
3215 1458 3356 1511 idola
3409 1457 3516 1510 sibi

1949 1557 2164 1618 accepta
2211 1551 2401 1603 coluit.
2447 1548 2810 1604 Praevalentes
2844 1563 3020 1601 autem
3080 1550 3262 1604 lsraeli
3324 1546 3524 1601 llazael

1950 1640 2117 1711 Syriae
2141 1656 2255 1704 rex,
2281 1651 2336 1694 et
2374 1639 2559 1694 Hadad
2607 1640 2876 1694 Hazaeliis
2926 1639 3086 1697 ﬁlius.
3118 1640 3264 1692 viros
3304 1637 3524 1690 Israeli-

1951 1733 2088 1786 ticos
2120 1732 2260 1784 bello
2293 1733 2753 1798 absumpserunt.
2787 1731 2921 1782 adeo
2957 1739 3015 1783 ttt
3050 1744 3157 1782 non
3186 1736 3370 1783 essent
3400 1727 3525 1778 reli-

1952 1824 2043 1893 qui
2078 1823 2296 1878 Acbazo
2319 1822 2534 1876 lsraelis
2565 1822 2677 1892 regi
2713 1823 2766 1874 in
2800 1822 2940 1875 bello
2972 1829 3170 1890 prteter
3194 1819 3402 1887 pedites
3429 1818 3525 1871 de-

1953 1915 2063 1969 cies
2100 1915 2265 1976 mille,
2310 1923 2364 1967 et
2394 1912 2558 1985 225
2603 1913 2814 1982 equites
2856 1913 3272 1980 quinquaginta.
3330 1908 3522 1969 Porro.

1953 2016 2199 2059 mortuus
2222 2014 2305 2060 est
2333 2005 2513 2059 Elisha
2537 2005 2823 2074 propheta.
2845 2002 3091 2058 Mortuus
3117 2006 3278 2058 etiam
3303 2004 3518 2066 llazael,

1953 2103 2124 2172 Syria:
2149 2117 2265 2163 rex,
2303 2101 2388 2152 cui
2422 2100 2475 2152 in
2506 2114 2670 2168 regno
2704 2099 2974 2152 successit
3017 2097 3158 2152 ﬁlius
3207 2097 3376 2166 ipsius
3413 2096 3524 2148 Ha.

1954 2194 2081 2248 dad.
2121 2192 2394 2246 Reversus
2441 2191 2632 2243 deinde
2667 2191 2848 2242 Acbaz
2893 2190 3110 2242 lsraelis
3159 2204 3252 2241 rex
3306 2188 3524 2241 lladado

1953 2284 2202 2339 Hasaelis
2240 2283 2349 2336 ﬁlio
2401 2297 2523 2350 rege
2574 2281 2746 2348 Syria:
2797 2279 3031 2342 devicto,
3087 2281 3269 2342 urbes,
3326 2279 3525 2345 quibus

1951 2378 2126 2448 captis
2167 2377 2532 2446 imperaverat
2567 2383 2719 2442 pater
2743 2373 2948 2439 ipsius,
2989 2371 3063 2424 illi
3100 2370 3343 2425 abstulit.
3378 2370 3523 2424 Mcr-

1952 2479 2077 2523 tuus
2107 2466 2303 2522 deinde
2333 2465 2514 2527 Abaz,
2547 2462 2763 2518 lsraelis
2807 2477 2901 2516 rex
2924 2500 2939 2524 .
2982 2462 3241 2516 Samarim
3271 2461 3522 2528 sepultus

1951 2570 2056 2624 cst,
2091 2565 2348 2628 regnante
2392 2567 2509 2626 post
2541 2557 2716 2624 ipsum
2752 2557 2806 2609 in
2845 2554 3098 2609 lsraelem
3135 2553 3398 2608 Samaria:
3429 2569 3525 2605 an-

1954 2668 2053 2706 nus
2092 2650 2363 2706 sexdecim
2402 2649 2511 2702 ﬁlio
2553 2648 2724 2718 ipsius
2753 2646 2920 2702 Joasb
2957 2665 2970 2701 :
3014 2647 3172 2715 idque
3208 2647 3356 2713 regni
3393 2644 3519 2700 Joa-

1953 2739 2033 2793 sbi
2071 2738 2213 2806 regis
2235 2734 2386 2790 Iudae
2418 2735 2702 2789 tricesimo
2737 2749 2900 2788 nono.
2933 2734 3026 2787 Ille
3076 2736 3227 2804 pejus
3263 2750 3320 2788 se
3348 2737 3521 2803 gessit

1952 2837 2100 2894 patre
2161 2843 2280 2892 suo,
2342 2837 2504 2895 atque
2558 2826 2700 2880 idola
2763 2828 2973 2880 coluit.'
3012 2824 3275 2879 Joasbum
3337 2835 3520 2878 autem

1949 2921 2102 2975 Juda:
2135 2935 2315 2987 regem
2352 2920 2527 2974 adorti
2565 2921 2705 2974 servi
2738 2920 2912 2988 ipsius
2952 2918 3379 2974 interfecerunt.
3415 2936 3523 2988 quo

1951 3013 2004 3064 in
2051 3011 2267 3065 civitate
2300 3010 2513 3063 Davidis
2540 3012 2753 3076 sepulto
2784 3011 3088 3076 imperavit,
3135 3008 3287 3062 ludas
3330 3009 3526 3062 lliero-

274 3119 529 3170 qttterens
555 3111 610 3156 ut
643 3104 789 3172 ipsos
817 3118 848 3158 θ
880 3105 1058 3156 medio
1094 3104 1325 3167 tolleret,
1362 3108 1504 3172 quod
1535 3109 1649 3174 ipsa
1682 3123 1849 3173 genus
1881 3114 1922 3169 ο
1957 3102 2180 3171 Solymis
2212 3116 2386 3154 annos
2415 3101 2606 3168 viginti
2647 3115 2836 3155 novem
2875 3101 3014 3154 filius
3055 3102 3226 3170 ipsius
3276 3101 3517 3156 A-masia.

274 3197 484 3249 ducens
519 3195 587 3248 ab
609 3195 830 3248 Achabo
868 3194 1084 3248 lsraelis
1116 3210 1259 3260 rege,
1296 3203 1458 3248 totam
1494 3197 1713 3263 stirpem
1747 3197 1848 3249 Da-

273 3287 507 3339 vidicam
538 3286 862 3339 exstinctam
891 3295 1130 3353 cuperet.
1167 3285 1296 3337 Erat
1334 3295 1514 3339 autem
1559 3287 1662 3356 ipsi
1694 3289 1798 3339 ﬁlia
1831 3306 1843 3350 ;

273 3378 527 3431 Acbazize
554 3391 730 3440 soror,
764 3377 982 3430 nomine
1007 3376 1346 3440 Jeboshuba,
1389 3377 1668 3433 Jeboiadm
1697 3380 1846 3447 prin-

273 3469 415 3536 ripis
462 3466 806 3522 sacerdotum
863 3482 1016 3528 uxor,
1069 3483 1189 3536 quae
1238 3469 1553 3537 subreptum
1605 3485 1630 3520 a
1675 3480 1848 3525 tnat'c

273 3563 448 3630 ipsius
485 3561 648 3613 lilium
705 3560 955 3612 Acbazia:
1005 3562 1091 3610 cui
1156 3576 1350 3611 nomen
1399 3558 1587 3622 Joasb,
1641 3571 1843 3630 septem

274 3650 437 3705 annis
469 3649 609 3717 apud
644 3665 702 3704 se
759 3649 1066 3704 abscondit.
1117 3650 1526 3716 PrOpbetarunt
1582 3652 1684 3706 sub
1730 3656 1846 3721 ipsa

277 3741 464 3795 Elislta
525 3749 580 3793 ct
645 3740 873 3793 Obadia.
946 3739 1160 3793 Athalia
1229 3750 1409 3793 autem
1471 3741 1846 3812 Hierosolyma

276 3831 612 3886 scortatione
638 3830 968 3899 inquinavit.
997 3828 1167 3883 Jussit
1201 3832 1345 3883 enim
1377 3831 1607 3888 feminas
1635 3835 1849 3903 publice

275 3925 484 3991 absque
529 3931 672 3974 metu
700 3919 954 3982 scortari,
999 3935 1210 3974 necnon
1250 3923 1393 3976 viros
1443 3932 1693 3990 stuprum
1725 3942 1845 3978 cum

276 4017 496 4068 feminis
523 4015 737 4069 nemine
787 4014 1104 4081 increpante
1135 4013 1501 4068 committere.
1534 4013 1635 4069 Ubi
1669 4027 1846 4071 autem

276 4109 609 4162 adolevisset
667 4105 832 4159 Joasb
889 4105 1136 4159 ΛεΙιειῑῐιε
1185 4105 1351 4169 ﬁlius,
1385 4104 1640 4162 Jchoiada
1667 4124 1850 4164 sacer-

276 4201 377 4252 dos
438 4197 752 4251 convocatis
813 4195 966 4250 Judze
1023 4197 1358 4265 principibus
1409 4198 1476 4251 ad
1541 4200 1660 4252 illos
1725 4200 1851 4254 Joa-

277 4291 440 4344 sbum
478 4289 656 4357 ipsum
689 4287 938 4341 Acbaziae
1000 4287 1163 4340 ﬁlium
1222 4289 1494 4356 produxit,
1551 4307 1710 4360 quem
1772 4294 1850 4347 illi

279 4397 462 4451 regem
521 4380 623 4434 sibi
679 4380 1101 4433 constituerunt.
1159 4378 1280 4443 Quo
1336 4381 1558 4443 audito,
1612 4383 1847 4442 Athalia.

1954 3195 2116 3261 quue
2144 3209 2286 3245 anno
2314 3194 2463 3262 regni
2496 3191 2682 3246 Joasbi
2718 3193 2862 3260 regis
2889 3193 3105 3245 lsraelis
3131 3195 3390 3246 secundo.
3423 3194 3522 3245 llic

1949 3292 2138 3352 captos
2172 3299 2360 3336 servos
2391 3284 2478 3353 qui
2514 3294 2719 3352 patrem
2755 3285 2924 3352 ipsius
2951 3284 3338 3338 interfecerant
3365 3285 3519 3350 iuga-

1951 3373 2097 3425 lavit.
2123 3373 2233 3426 Sub
2262 3388 2328 3426 eo
2351 3375 2689 3442 propltetavit
2710 3374 2875 3428 Amos
2905 3374 3168 3442 propheta
3209 3375 3517 3428 Davum-us.

1948 3464 2286 3518 Ascendente
2322 3475 2502 3517 autem
2543 3464 2743 3519 Joasbo
2778 3465 2996 3520 lsraelis
3023 3481 3146 3533 rege
3201 3467 3513 3533 Hierosoly-

1952 3570 2056 3610 ma.
2108 3555 2321 3608 Amasia
2354 3555 2505 3608 Judre
2544 3571 2633 3609 rex
2674 3566 2816 3609 metu
2853 3557 2969 3621 ejus
3001 3555 3391 3610 Reitsbemsnm
3428 3558 3520 3609 fu-

1950 3649 2126 3717 giens,
2161 3648 2346 3699 urbem
2384 3661 2606 3698 vacuam
2639 3647 2876 3713 reliquit.
2927 3645 3099 3699 Diruit
3134 3662 3262 3714 ergo
3291 3647 3459 3704 Juasb
3486 3666 3516 3704 e

1951 3755 2103 3794 muro
2153 3740 2304 3794 urbis
2336 3738 2844 3808 Hierosolymitanze
2889 3739 3101 3792 cubitos
3150 3740 3515 3808 quadringen-

1951 3841 2054 3890 tos,
2082 3839 2472 3898 acceptumque
2503 3833 2640 3890 auri,
2677 3830 2883 3899 argenti
2915 3839 2969 3882 et
2994 3845 3331 3897 gemmarum
3359 3833 3520 3899 quid-

1950 3924 2075 3986 quid
2121 3924 2172 3975 itt
2219 3923 2440 3988 templo,
2494 3937 2711 3975 necnon
2771 3922 3035 3989 quidquid
3076 3924 3191 3974 auri
3230 3933 3394 3987 atque
3428 3937 3516 3975 ar-

1949 4013 2091 4080 genti
2119 4013 2170 4063 in
2196 4011 2395 4079 palatio
2421 4012 2562 4079 regis
2601 4012 2817 4065 \masize
2846 4012 2964 4073 fuit,
2992 4012 3293 4065 Samariam
3327 4029 3518 4079 aspor-

1952 4104 2106 4157 tavit.
2144 4103 2355 4155 Mortuo
2406 4104 2601 4156 deintle
2651 4102 2852 4157 Joasho
2900 4105 3115 4158 lsraelis
3161 4121 3304 4175 rege,
3348 4115 3519 4173 atque

1953 4195 2210 4250 Samaria:
2243 4197 2480 4266 sepulto.
2509 4206 2631 4266 post
2663 4197 2836 4265 ipsum
2873 4196 3130 4250 Samaria!
3159 4196 3519 4266 225-227

1954 4290 2006 4342 in
2040 4290 2293 4343 lsraclem
2322 4291 2565 4357 regnavit
2592 4304 2766 4342 annos
2788 4289 3143 4357 quadraginta
3178 4305 3346 4341 unum
3376 4289 3521 4343 ﬁlius

1956 4382 2126 4448 ipsius
2160 4380 2468 4442 Jeroboam,
2505 4381 2667 4449 idque
2713 4396 2857 4434 anno
2909 4383 3060 4450 regni
3092 4381 3330 4435 Amaziae
3381 4382 3520 4450 regis

277 4472 478 4527 scissis
511 4471 754 4525 vestibus
794 4470 858 4523 ad
910 4470 1084 4536 ipsmn
1116 4470 1563 4537 conspiciendum
1605 4489 1847 4538 egressa,
1882 4451 1924 4503 θ
1952 4470 2105 4525 Judaa
2134 4473 2346 4525 decimo
2377 4472 2588 4539 quinto.
2627 4470 2840 4523 Mortuo
2887 4471 3053 4524 Joasb
3110 4471 3324 4525 lsraelis
3374 4487 3520 4540 rege,

278 4563 462 4619 eladio
496 4562 822 4629 interempta
847 4571 950 4614 est.
993 4559 1261 4622 Regnavit
1308 4577 1438 4628 ergo
1473 4561 1636 4614 Joasb
1669 4553 1850 4617 Arba-

279 4654 378 4706 zite
404 4651 546 4705 filius
578 4650 968 4719 Hierosolymis
989 4653 1038 4702 in
1060 4651 1248 4704 Judatn
1267 4652 1623 4721 quadraginta
1649 4669 1849 4720 annos;

285 4759 453 4813 regno
469 4751 647 4796 autem
669 4741 957 4810 praefectus
977 4750 1059 4796 est
1077 4756 1248 4795 annos
1270 4750 1424 4794 natus
1447 4754 1673 4810 septem;
1693 4746 1853 4814 idque

279 4851 429 4890 anno
460 4836 606 4902 regni
631 4833 768 4888 Jebu
793 4833 934 4903 regis
961 4834 1172 4887 Israelis
1191 4835 1437 4902 septimo.
1468 4833 1620 4887 Matri
1661 4834 1850 4890 Joasbi

279 4943 478 4983 n-nnen
501 4924 850 4995 221-223
872 4934 987 4980 erat
1013 4925 1171 4978 Sebia
1203 4927 1537 4980 Birsebaitis.
1567 4925 1693 4994 Ejus
1715 4938 1852 4982 tem—

282 5035 414 5089 pore.
429 5022 825 5088 propltetaruut
842 5017 1042 5082 Elisba,
1065 5017 1215 5079 Uria,
1233 5027 1284 5069 et
1304 5017 1562 5070 Zacharia
1581 5017 1854 5072 Jehoiada:

283 5109 592 5164 sacerdotis
637 5110 801 5163 ﬁlius.
831 5109 1015 5177 Neque
1042 5108 1399 5163 destititbene
1427 5126 1484 5163 se
1509 5113 1558 5163 in
1595 5109 1727 5164 Juda
1765 5127 1855 5177 ge-

284 5219 429 5269 rere,
462 5202 635 5256 donec
667 5201 1246 5255 morereturleboiada
1281 5202 1657 5268 sacerdos,qui
1686 5217 1853 5254 anno-

281 5313 404 5348 rum
425 5303 639 5348 centum
667 5303 780 5346 erat
807 5303 859 5344 ct
898 5292 1136 5359 triginta.
1157 5294 1309 5362 Cepit
1341 5295 1534 5348 deinde
1564 5294 1725 5347 Joasb
1751 5310 1840 5346 rex

281 5385 383 5438 sibi
407 5383 544 5436 idola
562 5399 680 5451 qua:
697 5384 922 5442 coleret.
942 5383 1084 5450 quod
1106 5398 1227 5435 cum
1251 5383 1427 5436 lacere
1445 5383 1618 5450 ipsum
1647 5392 1850 5435 vetaret

280 5475 544 5532 Zacltaria
565 5475 822 5543 propheta
854 5471 1128 5527 Jeboiadte
1156 5474 1555 5540 lilius,jubeute
1576 5475 1690 5540 ipso
1716 5475 1850 5540 lapi-

283 5580 444 5623 datus
473 5566 698 5620 interiit.
724 5566 834 5618 Hoc
859 5564 1065 5619 scilicet
1095 5565 1372 5632 praemium
1409 5565 1656 5618 retribuit
1684 5563 1848 5619 Joasb

286 5659 564 5712 .lcltoiadze
601 5656 898 5719 sacerdoti;
951 5671 1172 5721 regnum
1231 5656 1401 5721 ipsius
1449 5672 1552 5724 ope
1592 5656 1847 5724 adeptus,

286 5753 455 5805 lilium
491 5749 605 5816 ejus
644 5748 959 5802 Zachariam
1010 5748 1300 5803 interfecit.
1344 5749 1606 5816 I'Igressus
1659 5757 1843 5801 autem

1956 4564 2173 4617 Amazia
2199 4561 2355 4616 Judte
2389 4578 2478 4615 rex
2513 4577 2540 4613 a
2571 4561 2908 4614 Beilsbetnrs
2935 4559 3307 4630 Hierosolyma
3338 4576 3520 4612 rever-

1953 4670 2046 4710 Sus
2071 4665 2172 4709 est.
2212 4654 2338 4707 Post
2367 4653 2584 4721 aliquod
2629 4663 2807 4706 autem
2848 4653 3110 4720 temporis
3157 4653 3393 4718 spatium
3426 4650 3516 4706 Je-

1952 4749 2244 4800 roboamus
2268 4745 2481 4799 Israelis
2511 4760 2603 4797 rex
2635 4745 2878 4799 collectis
2910 4745 3080 4811 copiis
3116 4744 3230 4796 suis
3267 4744 3518 4797 llEeroso-

1954 4838 2091 4907 lyma
2127 4835 2411 4899 ascendit;
2463 4850 2491 4887 a
2531 4849 2638 4902 quo
2670 4850 2790 4888 cmn
2827 4835 3045 4887 Amazia
3085 4833 3236 4886 JlltliB
3278 4849 3373 4886 rex
3405 4875 3420 4898 ,
3457 4835 3519 4886 ad

1953 4928 2140 4980 urbem
2195 4924 2457 4979 Lachiscb
2508 4924 2737 4994 fugisset
2767 4962 2782 4982 .
2845 4923 3063 4976 mittens
3117 4923 3204 4976 ille
3239 4931 3363 4990 post
3396 4939 3519 4977 eum

1953 5016 2309 5074 Lacbi~bum.
2339 5015 2410 5066 ibi
2446 5014 2622 5081 ipsum
2659 5011 2973 5074 interfecit;
3007 5013 3097 5080 qni
3142 5012 3521 5082 Hierosolyma

1954 5125 1981 5161 a
2015 5108 2186 5163 servis
2214 5109 2330 5159 suis
2365 5115 2674 5175 reportatus
2704 5105 2755 5156 in
2776 5104 2994 5158 civitate
3023 5102 3244 5157 Davidis
3273 5104 3520 5170 sepultus

1955 5211 2056 5256 est.
2096 5200 2360 5267 Regnavit
2392 5207 2512 5266 post
2548 5199 2722 5264 ipsum
2777 5197 2826 5246 in
2881 5194 3076 5247 ludam
3132 5194 3522 5264 Hierosolymis

1955 5306 2126 5343 annos
2156 5289 2545 5355 quinquaginta
2579 5288 2707 5349 duo,
2740 5288 2882 5340 ﬁlius
2914 5287 3081 5355 ipsius
3123 5285 3307 5348 Uzzia,
3344 5299 3514 5336 annos

1955 5380 2224 5434 sexdecim
2261 5388 2439 5437 natus,
2477 5378 2637 5444 idque
2668 5393 2809 5430 anno
2844 5378 2988 5443 regni
3019 5374 3334 5428 .leroboami
3369 5373 3513 5440 regis

1955 5469 2111 5523 Israel
2142 5468 2354 5521 decimo
2403 5468 2616 5535 quinto.
2671 5466 2800 5534 Ejus
2846 5476 3086 5534 tempore
3120 5465 3516 5533 propltetarunt

1957 5563 2142 5622 Amos,
2175 5560 2401 5627 ejusque
2450 5559 2592 5612 ﬁlius
2627 5556 2797 5612 lsaiab
2853 5573 2882 5611 e
2934 5556 3138 5609 familia
3181 5554 3386 5616 David,
3425 5552 3522 5606 Jo-

1955 5654 2089 5706 sbua
2123 5651 2334 5713 Jcbadi,
2368 5649 2510 5704 ﬁlius
2546 5648 2838 5715 Rubenita,
2870 5647 3036 5704 Jonas
3069 5646 3295 5701 llatatite
3323 5645 3463 5700 lilius
3490 5659 3519 5700 c

1956 5743 2326 5812 Gatltbapltat'.
