4200 6432
683 358 790 420 959

1699 352 2067 413 EUTYCHlI
2114 351 2647 413 ALEXANDRINI
2690 354 2905 413 PATR.

3828 343 3934 409 960

757 466 998 519 Mortuus
1021 461 1563 526 Jeroboaszraelis
1593 459 1990 525 rex,Samari:e
2012 459 2259 529 sepultus
2285 459 2336 515 A
2361 468 2426 520 ad
2462 468 2637 535 ipsum
2670 463 2849 517 Achaz
2885 461 3035 515 Iuda:
3088 476 3203 524 rex,
3243 470 3299 512 ut
3345 458 3548 529 gratias
3595 457 3641 508 ei
3689 456 3757 508 ob
3800 452 3933 506 illul

686 568 787 612 est.
826 559 1194 627 llcgnavitque
1224 566 1345 626 post
1378 558 1553 626 ipsum
1610 554 1872 607 Samaria:
1904 555 1956 605 in
1996 552 2251 605 lsraelem

694 666 787 702 sex
830 665 1044 703 menses
1072 690 1085 709 ,
1135 650 1278 702 lilius
1341 650 1507 716 ipsius
1557 646 1819 701 Zacharia
1849 686 1862 707 ,
1904 645 2065 714 idque
2106 643 2254 712 regni

691 741 869 795 Uuiaa
903 741 1045 811 regis
1072 741 1225 795 Inda:
1254 755 1396 793 anno
1430 740 1691 791 vicesimo
1718 754 1863 791 nono
1890 754 1904 800 ;
1942 753 2100 803 quem
2132 750 2255 789 cum

694 834 867 899 ipsum
907 833 1106 893 adorti,
1139 831 1381 899 Shallum
1413 828 1635 884 Jabeshi
1672 829 1811 882 filius
1840 837 1893 883 et
1928 828 2129 880 Bileuin
2165 826 2255 895 qui

697 933 857 976 erant
891 940 920 976 e
955 924 1186 976 ducibus
1230 923 1422 991 ipsius,
1460 920 1882 982 interfecissent,
1912 933 2134 986 regnum
2167 932 2260 972 oc-

660 1030 894 1083 'cupans
928 1014 1167 1069 Sliallum
1201 1012 1423 1068 Jabeshi
1451 1013 1609 1076 filius,
1640 1011 1899 1064 Samaria‘
1926 1012 1979 1063 in
2007 1010 2258 1064 lsraelem

690 1107 808 1160 dies
862 1107 1075 1175 triginta
1136 1104 1400 1173 regnavit,
1456 1105 1615 1172 idque
1671 1119 1813 1157 anno
1878 1104 2025 1167 regni
2086 1102 2260 1155 Uni-aa

688 1199 849 1263 regis,
885 1196 1040 1251 Juth
1084 1198 1344 1251 vicesimo
1388 1213 1551 1250 nono.
1588 1195 1739 1249 Illum
1801 1196 2028 1247 adortus
2063 1193 2260 1247 Mena-

688 1292 844 1342 chem
880 1287 1014 1341 Gadi
1066 1287 1231 1350 filius,
1262 1288 1353 1355 qui
1389 1302 1419 1341 e
1444 1287 1676 1341 ducibus
1705 1286 1871 1355 228
1892 1285 2010 1351 ejus
2047 1285 2260 1347 fuerat,

690 1382 809 1445 ipso
839 1377 1127 1431 interfecto
1162 1392 1388 1445 regnum
1421 1377 1707 1443 occupavit
1731 1413 1745 1436 ,
1781 1376 2133 1443 regnavitque
2167 1375 2265 1428 Sa-

691 1468 875 1518 maria:
909 1467 961 1517 iu
993 1465 1248 1519 lsraelem
1279 1481 1451 1519 annos
1477 1465 1663 1533 viginti
1709 1483 1722 1518 :
1757 1465 1921 1531 idque
1955 1464 2111 1517 initio
2140 1464 2262 1515 anni

693 1558 843 1626 regni
875 1556 1054 1611 Uzzize
1103 1558 1248 1625 regis
1285 1554 1436 1609 Judze
1485 1557 1788 1609 tricesimo.
1825 1554 2025 1608 Deinde
2056 1553 2265 1608 Tirsam

697 1650 885 1702 urbem
927 1649 1205 1715 profectus
1244 1666 1304 1702 ea
1335 1658 1492 1716 capta
1529 1664 1717 1701 omnes
1745 1649 1834 1716 qui
1880 1648 2080 1722 in‘ipsa
2112 1656 2268 1698 erant

698 1752 871 1795 tnorle
898 1740 1100 1805 affet-il,
1128 1751 1177 1792 rt
1210 1747 1581 1809 pra‘gnantutn
1617 1748 1801 1792 tlteros
1824 1738 2039 1793 dtﬂidit.
2065 1737 2270 1789 Ascen-

2360 558 2502 625 quod
2538 557 2740 609 fecerat
2762 563 2965 624 ageret.
3011 553 3283 606 Pckahum
3311 560 3489 604 autem
3515 548 3728 600 lsraelis
3749 560 3934 613 regem

2358 646 2521 712 Osea,
2557 648 2666 701 Ehe
2699 646 2862 709 filius,
2900 646 2992 715 qui
3027 660 3058 698 e
3089 642 3318 695 ducibus
3365 640 3534 709 ipsius
3588 637 3707 695 fuit.
3756 638 3934 704 ipsum

2361 740 2589 793 adortus
2641 738 2942 800 interfecit,
2994 750 3273 805 regnoque
3330 740 3614 797 occupato,
3672 728 3938 783 Samaria:

2360 831 2521 900 232
2568 832 2620 885 in
2662 831 2918 885 lsraelem
2980 842 3172 888 novem
3224 839 3396 877 annos
3447 820 3721 888 regnavit;
3773 817 3936 881 idque

2360 938 2505 976 anno
2541 924 2691 990 regni
2729 922 2929 975 Achazi
2969 919 3111 988 regis
3137 917 3288 971 Judte
3316 914 3665 969 duodecimo.
3690 908 3939 961 Mortuus

2361 1015 2556 1069 deinde
2588 1015 2764 1067 Achaz
2800 1012 2951 1067 Judae
2977 1028 3065 1064 rex
3102 1012 3153 1064 in
3177 1011 3396 1065 civitate
3444 1006 3664 1059 Davidis
3690 1003 3939 1069 sepul-‘us

2363 1116 2447 1161 est
2473 1144 2488 1167 ,
2517 1114 2801 1174 postquam
2844 1104 3088 1172 regnavit
3123 1101 3514 1167 Hierosolymis
3552 1112 3716 1164 super
3736 1093 3935 1148 Juila-ni

2370 1212 2543 1252 annos
2589 1198 2777 1260 viginti
2830 1210 3023 1249 novem
3079 1196 3221 1247 filius
3273 1192 3445 1261 ipsius
3477 1188 3731 1251 Ezekiah,
3764 1199 3946 1237 annos

2367 1299 2527 1342 natus
2562 1287 3065 1357 vigintiquinque;
3132 1284 3296 1351 idque
3357 1296 3501 1335 anno
3561 1277 3711 1344 regni
3761 1275 3940 1333 Oscae,

2371 1380 2511 1447 regis
2563 1379 2816 1440 lsraelis,
2883 1378 3064 1433 tertio.
3124 1375 3255 1441 Ejus
3302 1374 3499 1427 diebus
3553 1371 3945 1439 prophetarum

2370 1469 2563 1533 Isaias,
2612 1470 2782 1524 Oseas
2828 1479 2881 1521 et
2951 1467 3123 1520 Micha
3176 1464 3528 1529 Ephraimita.
3579 1464 3748 1516 Porro
3796 1476 3947 1512 anno

2369 1560 2516 1628 regni
2554 1559 2782 1623 Ezekim,
2822 1562 2961 1630 regis
2990 1559 3163 1620 .Iudre,
3214 1567 3430 1625 quarto,
3465 1555 3555 1624 qui
3592 1552 3769 1615 Osem,
3800 1554 3947 1616 regis

2374 1650 2616 1716 lsiaelis,
2649 1652 2912 1720 septimus
2944 1661 3081 1714 erat,
3134 1651 3435 1703 Samariam
3486 1644 3788 1699 ascendens
3824 1643 3945 1694 Sal.

2375 1759 2681 1807 manassar,
2729 1743 2896 1796 Musal
2934 1751 2987 1795 et
3018 1741 3421 1808 Mesopotamia:
3452 1754 3566 1801 rex,
3594 1751 3715 1789 eam
3753 1735 3945 1787 tribus

697 1834 915 1888 dentem
948 1835 1143 1887 deinde
1190 1844 1383 1887 contra
1428 1833 1605 1904 ipsum
1643 1832 1828 1884 Polam
1878 1846 2059 1898 regem
2096 1829 2267 1882 Musal
2304 1806 2342 1859 Β
2377 1837 2535 1888 annis
2570 1836 2851 1890 oltsessam
2892 1834 3075 1903 cepit;
3110 1843 3439 1902 captumque
3468 1829 3690 1890 Oscam,
3724 1827 3949 1880 Israelis

694 1923 1006 1978 Meuachem
1038 1926 1255 1979 lsraelis
1285 1940 1401 1987 rex,
1425 1939 1620 1993 magna
1646 1923 1764 1976 auri
1796 1933 1849 1976 et
1879 1923 2084 1990 argenti
2117 1920 2271 1990 capia

693 2015 839 2079 data,
880 2015 1157 2078 demulsit,
1188 2030 1256 2069 ne
1283 2016 1384 2069 sibi
1412 2010 1706 2085 [noceret,]
1735 2026 1907 2080 quare
1934 2011 2001 2064 ab
2034 2011 2154 2078 ipso
2187 2024 2275 2062 re-

696 2121 891 2161 versus
933 2116 1035 2159 est.
1069 2106 1285 2159 lllortuo
1310 2104 1685 2164 Menacbemo,
1716 2112 1771 2156 et
1803 2099 2061 2155 Samaria:
2093 2099 2277 2165 sepul-

695 2205 775 2261 to,
813 2198 1061 2267 regnavit
1090 2206 1211 2265 post
1243 2198 1417 2264 ipsum
1466 2195 1731 2251 Samaria:
1763 2196 1817 2247 in
1844 2193 2097 2247 lsraelem
2138 2193 2276 2244 duos

698 2303 871 2340 annos
904 2288 1050 2341 filius
1084 2288 1256 2355 ipsius
1292 2287 1551 2348 Piltahia,
1583 2288 1745 2354 idque
1795 2303 1940 2339 anno
1981 2286 2130 2353 regni
2174 2283 2275 2338 U1.-

699 2381 795 2430 ziar
831 2376 974 2446 regis
999 2374 1154 2431 Ind-.e
1189 2377 1665 2451 quinquagesimo.
1702 2377 1858 2429 Illum
1915 2378 2143 2429 adortus
2173 2375 2275 2427 Pe-

698 2472 824 2535 kah,
858 2469 1113 2523 Renializn
1149 2469 1312 2533 filius,
1342 2486 1371 2522 e
1406 2468 1638 2523 ducibus
1668 2468 1857 2536 ipsius,
1895 2484 2016 2521 cum
2055 2470 2279 2524 interfe-

696 2563 882 2621 cisset,
905 2576 1126 2629 regnum
1158 2561 1469 2629 occupavit,
1494 2562 1848 2630 regnavitque
1876 2562 2067 2630 ipsein
2099 2563 2273 2618 Israe-

698 2655 824 2716 lem,
846 2650 1105 2705 Samaria-
1135 2667 1309 2706 annvis
1332 2652 1519 2720 viginti
1549 2662 1692 2712 octo,
1725 2652 1888 2723 idque
1922 2656 2074 2723 regni
2099 2654 2278 2709 Uzzize

701 2743 844 2810 regis
877 2741 1024 2796 Juda‘
1056 2742 1517 2810 quinquagesimo
1566 2743 1829 2796 secundo.
1882 2742 2034 2796 Fecit
2085 2756 2270 2800 autem

701 2828 873 2886 ‘Uzzia
909 2835 1010 2887 iste
1043 2848 1206 2887 ouzne
1240 2834 1481 2897 malum;
1515 2833 1798 2903 ingressus
1834 2835 1979 2890 enim
2020 2835 2282 2891 Sanctum

705 2936 1050 2984 sanctorum.
1072 2935 1283 2994 arrepto
1299 2926 1424 2980 inde
1442 2942 1471 2979 e
1485 2941 1646 2981 manu
1666 2926 1968 2984 sacerdotis
1989 2929 2284 2993 thuribulo,

702 3015 1070 3072 sutliuicntum
1093 3019 1250 3070 altari
1277 3017 1551 3083 admovit;
1579 3034 1742 3086 quam
1776 3020 1847 3073 ob
1872 3035 2096 3075 causam
2124 3022 2274 3091 lepra

2378 1943 2579 1995 regem,
2611 1928 2665 1980 in
2689 1942 2962 1981 carcerem
2990 1927 3241 1994 conjecit,
3267 1940 3329 1977 ac
3352 1924 3542 1977 decem
3577 1921 3952 1975 lsraelitarum

2378 2018 2572 2081 tribus,
2602 2034 2632 2072 e
2665 2019 2885 2087 regione
2920 2015 3266 2079 Samaritica,
3304 2014 3555 2067 Amidam
3592 2013 3861 2066 Musalum
3894 2023 3950 2061 et

2381 2109 2626 2164 liabelem
2656 2109 2980 2176 deportavit.
3005 2108 3141 2161 adeo
3175 2116 3234 2160 ut
3260 2107 3370 2176 jam
3404 2115 3833 2174 nonsuperesset
3854 2104 3958 2153 nisi

2381 2196 2556 2251 tribus
2584 2196 2753 2261 Iudae,
2780 2214 2901 2249 cum
2936 2200 3106 2265 stirpe
3145 2197 3398 2251 Davidica
3432 2211 3549 2266 qua:
3581 2196 3691 2249 illis
3719 2195 3959 2260 impera-

2383 2300 2481 2352 ret,
2514 2303 2567 2345 et
2596 2292 2772 2343 tribus
2816 2291 3170 2359 Benjaminis.
3222 2289 3539 2343 Translatos
3571 2299 3752 2341 autem
3788 2286 3960 2337 Baiis-

2381 2381 2470 2446 lis,
2500 2382 2702 2445 Amidi,
2736 2392 2788 2435 et
2822 2382 3014 2435 Musali
3061 2380 3270 2435 incolas
3312 2380 3364 2433 in
3400 2380 3631 2434 urbibus
3672 2377 3961 2431 Samariti-

2382 2478 2461 2529 cis
2490 2475 2610 2527 loco
2642 2474 3008 2528 israelitarum
3046 2474 3370 2538 collocavit;
3403 2472 3593 2527 relicto
3622 2472 3764 2541 apud
3801 2471 3955 2538 ipsos

2382 2565 2665 2620 sacerdote
2721 2567 2939 2619 nomine
2992 2565 3109 2618 Lnn
3166 2565 3260 2626 qui
3320 2565 3470 2634 ipsos
3505 2564 3672 2631 legem
3714 2562 3960 2615 doceret.

2385 2657 2618 2711 Edocuit
2648 2672 2777 2725 ergo
2808 2656 2959 2724 ipsos
2990 2655 3126 2717 Lun,
3168 2656 3317 2708 illam
3350 2668 3512 2722 quam
3546 2659 3733 2706 tenent
3765 2652 3965 2710 legem.

2389 2750 2741 2819 Fucruntque
2774 2750 2847 2802 illi
2882 2747 3351 2803 Samaritanorum
3390 2755 3596 2814 patres,
3627 2743 3966 2798 Samaritani

2387 2852 2566 2896 autem
2598 2843 2688 2911 qui
2733 2843 2833 2894 hoc
2868 2852 3113 2906 tempore
3149 2839 3505 2907 reperiuntur
3547 2838 3791 2905 ipsorum
3844 2836 3968 2888 ﬁlii.

2388 2935 2633 3004 Scparati
2666 2937 2807 2987 enim
2846 2950 2872 2985 a
2902 2932 3107 2986 Judaﬁs
3132 2930 3477 3000 pr0phetiam
3514 2928 3732 2982 Davidis
3762 2937 3817 2980 et
3841 2942 3973 2994 pro—

2391 3030 2674 3098 phetarum
2710 3028 2951 3081 omnium
2992 3024 3377 3093 repudiarunt,
3407 3024 3674 3076 dicentes:
3709 3020 3829 3074 Non
3866 3019 3975 3072 fuit

704 3110 763 3163 iu
798 3107 936 3161 facie
968 3124 1261 3177 percussus
1289 3119 1393 3170 est,
1428 3124 1605 3177 neque
1629 3119 1815 3165 tamen
1850 3126 1879 3164 a
1912 3127 2077 3181 regno
2107 3129 2282 3167 seuio-
2309 3145 2352 3205 (Ἰ
2393 3130 2511 3188 post
2561 3120 2743 3174 Mosen
2777 3118 3091 3186 prophetam
3121 3155 3135 3177 ,
3163 3114 3464 3184 propheta;
3503 3113 3608 3168 sibi
3646 3112 3900 3179 principe
3932 3125 3965 3163 e

705 3211 816 3265 tus,
841 3216 962 3252 cum
986 3200 1127 3253 filius
1155 3201 1326 3269 ipsius
1347 3200 1588 3266 Jotltam,
1611 3217 1836 3271 regnum
1864 3204 2279 3273 administrans,

704 3292 881 3359 ipsum
918 3302 1182 3345 tueretur.
1221 3292 1471 3347 Mortuus
1506 3303 1686 3347 autem
1717 3293 1881 3349 Uzzia
1908 3336 1923 3361 ,
1951 3294 2105 3351 Julia:
2143 3313 2233 3353 rex
2263 3339 2277 3363 ,

708 3383 762 3434 in
806 3382 1027 3435 civitate
1088 3382 1252 3435 David
1301 3384 1549 3451 sepultus
1596 3391 1700 3437 est.
1752 3382 2123 3454 Regnavitque
2164 3397 2285 3457 post

706 3474 882 3540 ipsum
921 3472 1309 3543 llieroSolytnis
1336 3475 1388 3527 in
1425 3474 1618 3528 Judam
1659 3475 1803 3530 filius
1840 3478 2010 3546 ipsius
2065 3478 2283 3532 Jotham

708 3580 830 3618 anni
854 3580 880 3618 s
914 3565 1206 3622 sexdecim,
1240 3580 1413 3618 annos
1440 3575 1552 3616 tum
1598 3577 1757 3620 natus
1805 3568 1994 3636 viginti
2025 3570 2284 3637 quinque,

726 3655 884 3724 idque
920 3655 1275 3726 229-231
1309 3673 1453 3710 anno
1486 3657 1632 3726 regni
1670 3657 1846 3721 Peltaa,
1878 3660 2018 3730 regis
2044 3661 2283 3722 lsraelis,

714 3746 975 3800 secundo.
1013 3746 1144 3815 Ejus
1186 3758 1432 3815 tempore
1469 3749 1867 3817 prOphetarunt
1901 3752 2086 3815 Isaias,
2115 3753 2287 3806 Micha

714 3840 1029 3902 Morashita,
1062 3851 1115 3891 et
1142 3840 1258 3894 .Iocl
1286 3840 1581 3895 Phanuelis
1608 3842 1771 3896 filius.
1813 3843 2077 3911 Egressus
2102 3855 2284 3897 autem

712 3932 889 4003 Tiglat
924 3932 1143 3994 Pili-ser.
1182 3950 1273 3987 rex
1310 3934 1481 3988 Musal
1510 3974 1525 3992 .
1560 3935 1758 3988 multas
1789 3936 2157 3991 lsraehtarum
2194 3954 2288 3991 ur-

713 4025 811 4078 bes
846 4024 1114 4087 devictas,
1152 4025 1285 4092 ipsis
1322 4026 1566 4079 abstulit.

783 4114 1027 4168 Mortuus
1078 4114 1296 4169 Jothain
1332 4115 1485 4173 Judze
1532 4132 1624 4171 rex
1653 4155 1668 4177 ,
1704 4116 1757 4170 in
1804 4118 2022 4172 civitate
2074 4119 2290 4171 Davidis

712 4206 1029 4261 Bethleliem
1082 4208 1332 4277 sepultus
1367 4217 1485 4274 est;
1537 4210 1896 4279 regnavitqnc
1946 4220 2066 4278 post
2110 4212 2288 4280 ipsum

714 4298 1109 4369 Hierosolymis
1138 4301 1190 4352 in
1217 4299 1407 4353 Judam
1445 4316 1619 4355 annos
1645 4302 1924 4356 sexdecim
1954 4302 2097 4358 filius
2124 4305 2296 4373 ipsius

714 4393 896 4447 Aehaz
925 4407 1102 4447 annos
1139 4403 1301 4447 natus
1328 4394 1516 4462 viginti
1545 4412 1559 4447 :
1592 4393 1754 4463 idque
1784 4395 1937 4462 regni
1966 4396 2127 4449 Pekae
2155 4397 2294 4465 regis

2386 3213 2618 3281 posteris
2666 3213 2896 3263 Aaronis
2946 3208 3269 3273 constituto,
3302 3207 3387 3263 cui
3430 3202 3785 3275 233-235
3816 3202 3969 3270 regis

2388 3306 2602 3361 titulum
2642 3303 2974 3358 indiderunt.

2460 3395 2646 3465 Regno
2672 3407 2853 3449 autem
2887 3396 3064 3463 potito
3099 3392 3299 3447 Ezvkia
3348 3392 3500 3445 Jtttlze
3530 3404 3655 3452 rege.
3693 3389 3745 3440 in
3780 3403 3978 3441 omnes

2391 3489 2685 3551 lsraelitas,
2718 3495 2773 3543 et
2800 3488 2892 3557 qui
2925 3504 2989 3541 ex
3022 3488 3155 3554 ipsis
3182 3484 3375 3553 reliqui
3403 3492 3583 3538 essent
3615 3482 3667 3533 in
3694 3480 3973 3539 Samaria,

2391 3582 2531 3636 idola
2564 3580 2971 3650 confregerunt,
2997 3588 3319 3645 statuasque
3350 3584 3710 3632 amoves-unt:
3741 3587 3843 3624 nec
3866 3586 3976 3623 non

2398 3684 2706 3742 serpentem
2756 3689 2967 3727 aeneum
2996 3710 3010 3733 ,
3055 3685 3214 3738 quem
3259 3668 3455 3728 Moses,
3486 3684 3537 3723 ο.
3575 3683 3627 3735 p.
3658 3669 3711 3718 in
3748 3666 3976 3719 deserto

2393 3765 2614 3827 fecerat,
2646 3779 2921 3833 quemque
2968 3763 3098 3816 illud
3144 3777 3316 3831 usque
3349 3772 3561 3826 tempus
3592 3775 3698 3812 non
3728 3760 3981 3813 destitis-

2394 3870 2513 3910 sent
2548 3857 2810 3910 Israelita:
2845 3855 3021 3923 magni
3066 3855 3246 3908 facere
3275 3864 3328 3906 et
3374 3852 3575 3912 colere.
3630 3852 3983 3904 comminuit.

2396 3945 2592 3999 Tribus
2619 3947 2781 3998 etiam
2814 3945 3147 4011 alienigenas
3177 3955 3539 4012 oppugnatas,
3571 3940 3775 3995 Gazam
3806 3956 3984 4007 usque

2394 4048 2450 4093 et
2501 4038 2686 4092 urbem
2724 4035 2985 4105 Raphaeh
3033 4035 3260 4105 fugavit.
3300 4033 3441 4087 Misit
3481 4033 3645 4085 etiam
3687 4031 3753 4083 ad
3805 4041 3982 4083 torum

2398 4128 2791 4186 lsraelitarum.
2818 4130 2907 4195 qui
2937 4127 3202 4181 ditionem
3322 4124 3719 4184 Samariticam,
3747 4133 3983 4177 terrain-

2397 4237 2504 4291 que
2531 4220 2684 4275 Judie
2717 4220 3041 4278 incolerent,
3075 4225 3304 4275 emtum,
3332 4226 3386 4266 ut
3425 4213 3816 4285 Hierosolymis
3850 4229 3986 4268 con-

2399 4316 2678 4369 venientes
2712 4312 2921 4365 Pascha
2957 4312 3319 4365 celebrarent.
3359 4306 3680 4375 Congregati
3714 4321 3848 4375 ergo
3892 4307 3967 4357 illi

2402 4406 2610 4459 Pascha
2650 4404 3043 4473 Hierosolymis
3078 4402 3445 4455 celebrarunt.
3500 4396 3747 4450 Mactavit
3801 4405 3986 4449 autem

716 4485 887 4539 israel
926 4485 1141 4539 decimo
1172 4485 1425 4553 septimo.
1456 4486 1589 4553 Ejus
1623 4494 1867 4553 tempore
1898 4487 2292 4555 prophetaruut
2332 4474 2374 4531 n
2409 4494 2603 4549 Ezekia
2645 4494 2802 4548 Judze
2850 4508 2939 4546 rex
2986 4492 3252 4559 juvencos
3285 4488 3367 4541 his
3407 4488 3576 4545 mille,
3610 4484 3850 4554 pecudes
3900 4501 3990 4538 se-

717 4575 906 4637 lsaias,
968 4574 1160 4637 Oscas,
1204 4587 1260 4630 et
1311 4577 1508 4640 Micha,
1546 4577 1912 4646 princepsque
1946 4579 2294 4632 sacerdotum

715 4678 833 4723 erat
868 4666 1016 4721 Uria.
1054 4666 1338 4721 Profectus
1383 4677 1565 4721 autem
1617 4668 1785 4722 Rczin
1838 4668 2089 4724 Damasci
2150 4684 2242 4724 rex
2276 4711 2290 4735 ,

720 4774 827 4813 una
854 4774 977 4812 cum
1007 4757 1244 4822 Peltaho,
1280 4758 1498 4813 lsraelis
1526 4774 1673 4829 rege,
1702 4758 2069 4831 Hierosolyma
2105 4776 2297 4815 ascen-

720 4850 855 4904 dens
889 4863 1007 4902 eam
1046 4849 1261 4903 obsedit
1288 4867 1301 4911 ;
1336 4864 1498 4918 quam
1527 4866 1651 4904 cum
1678 4864 1876 4919 capere
1901 4866 2007 4905 non
2040 4863 2295 4919 possent,

726 4942 927 4996 reversi
961 4941 1475 5009 sunt.Va5tavitque
1507 4940 1694 5005 Belin,
1732 4943 1981 4995 Damasci
2017 4958 2130 5005 rex,
2168 4942 2295 4994 I.am

726 5032 894 5102 Syria:
927 5033 1133 5094 urbem,
1180 5034 1233 5085 in
1287 5049 1430 5100 qua,
1480 5033 1732 5087 abductis
1769 5032 1893 5088 inde
1940 5033 2162 5095 Judaeis,
2198 5036 2301 5088 Ro-

727 5138 890 5177 nimos
914 5124 979 5176 ad
1012 5126 1183 5193 ipsam
1222 5124 1564 5178 ineolendam
1603 5125 1817 5189 statuit,
1853 5127 1946 5193 qui
1997 5141 2114 5177 eam
2155 5127 2301 5179 hunc

729 5230 900 5283 usque
942 5215 1082 5267 diem
1134 5217 1399 5275 incolunt.
1432 5216 1662 5283 Scripsit
1710 5232 1840 5281 ergo
1892 5217 2098 5275 Achaz.
2148 5217 2302 5271 Judte

730 5323 845 5367 rex,
880 5307 945 5361 ad
979 5306 1472 5361 Saluian-assannn
1499 5348 1511 5368 ,
1556 5322 1734 5375 regem
1776 5307 1944 5360 Musal
1970 5350 1985 5371 ,
2032 5325 2187 5378 opem
2236 5310 2304 5364 ab

736 5400 858 5467 ipso
898 5398 1118 5465 petitum
1148 5438 1163 5462 ,
1194 5401 1363 5453 misso
1397 5399 1460 5451 ad
1515 5400 1694 5467 ipsum
1748 5399 2115 5468 quodetmque
2144 5403 2258 5454 auri
2288 5444 2302 5465 ,

732 5489 967 5557 argenti,
999 5504 1062 5542 ac
1097 5505 1429 5558 gemmarum
1465 5489 1516 5542 in
1548 5491 1749 5558 templo
1777 5492 2072 5559 repositum
2110 5491 2303 5546 fuerat.

738 5584 818 5636 Ad
855 5598 1017 5652 quem
1050 5597 1181 5652 ergo
1214 5584 1475 5637 accedens
1516 5598 1639 5637 eum
1672 5585 2005 5638 exercitibus
2052 5585 2166 5636 suis
2218 5600 2306 5637 rex

741 5674 931 5736 Musal,
971 5675 1289 5730 Damucum
1325 5683 1536 5742 captam
1579 5679 1699 5737 igne
1731 5678 2054 5737 comlius~it,
2100 5692 2310 5745 regem-

748 5780 852 5832 que.
890 5764 1059 5831 ipsius
1101 5762 1266 5818 llezin
1308 5776 1480 5817 morte
1518 5763 1721 5817 all'eeit.
1761 5764 2042 5821 Profectus
2068 5777 2145 5819 est
2183 5783 2311 5833 ergo

2409 4587 2551 4656 pties
2585 4586 2768 4649 mille;
2802 4582 3043 4653 praefecti
3075 4583 3193 4650 ejus
3238 4581 3504 4647 juvencos
3550 4576 3715 4633 mille.
3754 4577 3993 4642 pecudes

2408 4679 2591 4734 decies
2627 4677 2793 4739 mille,
2829 4675 3140 4740 festumque
3178 4672 3463 4740 pulchrum
3497 4678 3551 4722 et
3583 4668 3868 4733 cepiosum
3902 4682 3991 4719 ce-

2407 4772 2707 4826 lebrarunt.
2730 4767 2898 4820 Porro
2921 4780 3062 4818 anno
3088 4764 3235 4831 regni
3268 4761 3480 4815 Ezekite
3519 4759 3663 4826 regis
3692 4757 3869 4817 Judae.
3897 4756 3995 4811 dc-

2409 4861 2783 4923 cimoquarto,
2806 4872 2927 4910 eum
2954 4856 3257 4908 ascendens
3296 4851 3668 4905 Sennacberib
3687 4863 3780 4902 rex
3807 4846 3985 4902 Musal

2408 4953 2474 5011 in,
2494 4962 2693 5004 terram
2725 4949 2896 5007 «Ιιιηιερ,
2948 4947 3144 4999 inultas
3182 4946 3303 5012 ejus
3338 4944 3501 4997 urbes
3530 4940 3792 5008 cepisset.
3831 4949 3988 4996 tnetu

2407 5044 2527 5111 ejus
2560 5040 2847 5109 perculsus
2883 5037 3111 5090 Esekias
3153 5033 3308 5089 Juda‘.
3332 5048 3449 5095 rex,
3481 5032 3630 5084 misit
3686 5029 3751 5082 ad
3792 5032 3995 5098 ipsum,

2410 5131 2663 5186 Lachishi
2696 5141 2807 5183 tum
2837 5136 3142 5180 manentem
3170 5120 3430 5195 [dicens],
3456 5121 3827 5189 quodcunque
3864 5120 3997 5171 mihi

2412 5219 2757 5287 imposueris,
2788 5232 2889 5280 ego
2942 5218 2994 5269 in
3026 5231 3110 5269 me
3147 5215 3240 5266 tihi
3276 5212 3641 5279 pra-standum
3673 5211 3997 5278 suscipiam,

2416 5312 2578 5365 modo
2605 5328 2633 5364 a
2662 5327 2744 5364 me
2775 5309 3018 5362 recedas.
3055 5305 3288 5374 Scripsit
3314 5319 3444 5370 ergo
3476 5302 3542 5355 ad
3579 5303 3755 5369 ipsum
3788 5302 4001 5354 Seu-ia-

2410 5405 2623 5467 eherib,
2650 5420 2739 5456 rex
2765 5402 2958 5455 Musal:
2984 5397 3108 5460 Fac,
3130 5397 3258 5451 mihi
3283 5395 3399 5449 auri
3420 5395 3617 5449 talenta
3639 5404 3904 5455 trecenta,
3922 5408 4008 5445 ar-

2413 5496 2558 5565 genti
2582 5506 2664 5548 ter
2684 5494 2828 5545 mille
2845 5492 3040 5546 afferas
3065 5507 3079 5544 :
3105 5489 3301 5544 obtulit
3326 5504 3455 5558 ergo
3474 5488 3574 5555 ipsi
3597 5485 3791 5539 Ezekia
3825 5488 4005 5553 quod-

2417 5603 2633 5657 cunque
2662 5588 2715 5640 in
2753 5586 2950 5655 templo
2987 5583 3092 5637 fuit
3122 5588 3237 5635 auri
3261 5581 3425 5651 236
3447 5588 3608 5649 atque
3639 5582 3872 5647 argenti,
3904 5595 4004 5631 nec

2419 5695 2523 5730 non
2561 5687 2744 5746 portas
2776 5674 2959 5741 templi
2980 5687 3174 5726 aureas
3197 5669 3509 5726 confractas
3531 5670 3597 5722 ad
3620 5668 3798 5737 ipsum
3832 5670 3998 5721 misit.

2422 5767 2615 5823 Eadem
2650 5774 2825 5820 autem
2867 5774 3026 5818 nocte
3051 5763 3245 5817 oborto
3284 5760 3336 5811 in
3367 5760 3607 5815 exercitu
3641 5759 4001 5814 Senacheribi
