4200 6432
224 403 319 468 96]

1656 406 2028 467 ANNAIES.

3360 399 3464 464 969..

239 520 568 594 regisllusal
588 533 826 582 rumore,
852 518 1079 587 aliisque
1106 519 1240 572 alios
1269 519 1596 573 cadentibus
1620 535 1803 589 egres-
1836 527 1875 579 Α
1912 522 2034 587 igne
2068 519 2401 582 combussit;
2450 517 2647 570 occisis
2688 516 2908 581 insuper
2945 521 2997 566 et
3042 515 3162 581 igne
3208 515 3461 566 tremulis

223 630 315 667 sus
352 610 598 675 Ezekias,
628 626 717 663 rex
757 607 931 670 Judte,
971 608 1238 663 interfecit
1284 624 1346 662 ex
1378 608 1510 678 ipsis
1547 609 1786 665 virorum

222 701 430 753 centies
479 697 723 760 oi-togies
758 696 1047 766 quinquies
1105 696 1268 749 mille.
1316 695 1781 751 Sennacheributn

223 804 350 842 vero
386 804 563 858 regem
600 784 789 850 Husal,
825 802 949 841 cum
992 787 1218 856 fugisset
1249 784 1510 849 Nineven,
1548 786 1640 840 lilii
1672 787 1789 853 ejus

222 883 351 942 duo.
388 896 621 949 quorum
670 881 821 933 alteri
871 894 1067 932 nomen
1113 880 1291 932 Anzar
1338 879 1547 931 Malach
1575 920 1589 939 .
1631 879 1786 931 alteri

224 972 475 1036 Sareser,
514 973 565 1024 in
602 971 779 1039 ipsom
815 970 1101 1031 irruentes,
1132 970 1312 1037 gladio
1361 970 1786 1033 interfecerunt;

220 1066 413 1118 deinde
462 1066 513 1115 in
548 1074 744 1117 terram
793 1060 1008 1124 Korda,
1034 1076 1155 1129 qua:
1182 1069 1266 1113 est
1306 1068 1449 1114 terra
1488 1059 1785 1123 Al-Musal,

222 1157 501 1223 fugerunt.
534 1154 641 1208 Iste
675 1152 866 1207 Iizekia
899 1168 991 1205 rex
1013 1190 1027 1214 ,
1076 1152 1164 1204 ille
1217 1161 1332 1205 crat
1362 1151 1519 1218 cujus
1544 1152 1663 1204 vita:
1696 1152 1788 1202 ad-

224 1247 361 1299 didit
396 1243 655 1296 Dominus
692 1257 864 1295 annos
901 1240 1207 1309 quindecim
1238 1280 1252 1303 ,
1304 1238 1448 1306 quod
1475 1280 1489 1303 ,
1542 1239 1747 1292 scilicet
1772 1278 1785 1300 ,

232 1336 535 1403 propinqua
570 1344 740 1386 morte
771 1348 893 1385 cum
930 1332 1112 1385 nullus
1142 1330 1243 1399 ipsi
1280 1312 1422 1383 lili'us
1453 1339 1624 1393 esset,
1651 1344 1785 1382 con-

226 1442 383 1479 versa
420 1428 679 1495 parietem
730 1423 870 1477 facie
901 1439 1086 1477 amare
1122 1422 1272 1475 fleret
1301 1436 1485 1474 coram
1537 1420 1785 1473 Domino.

223 1516 477 1571 Miserius
497 1532 624 1583 ergo
651 1516 822 1583 ipsius
850 1513 1111 1567 Dominus
1131 1515 1604 1576 clementissimus,
1621 1514 1791 1565 misso

224 1608 484 1675 adipsum
503 1606 713 1675 angelo,
759 1614 944 1658 notum
978 1603 1076 1673 ipsi
1110 1603 1233 1656 fecit
1264 1620 1322 1657 se
1357 1584 1665 1672 quindecim
1695 1618 1790 1655 an-

225 1712 325 1751 nos
360 1697 483 1749 vitae
511 1695 681 1762 ipsius
718 1694 995 1762 adiecisse.
1029 1691 1199 1745 Natus
1228 1702 1309 1745 est
1334 1706 1459 1761 ergo
1507 1692 1607 1760 ipsi
1652 1691 1788 1745 filius

219 1804 380 1856 quem
409 1788 705 1839 Manassetu
731 1787 1035 1854 appellavit.
1072 1785 1260 1846 Porro,
1298 1786 1492 1837 dicitur
1520 1784 1667 1838 illum
1696 1786 1783 1853 qui

1901 608 2174 659 idolorum
2221 607 2621 669 sacerdotibus,
2666 622 2765 660 nec
2803 622 2907 660 non
2952 620 3077 660 ossa
3124 612 3457 657 mortuorum

1896 697 1987 765 qui
2062 697 2198 750 idola
2259 698 2544 751 coluerant
2615 699 2842 751 collecta
2910 695 3144 750 ﬂammis
3209 692 3455 747 tradidit.

1895 788 2067 839 Porro
2101 800 2245 839 anno
2280 790 2427 854 regni
2461 787 2542 840 sui
2576 786 2792 839 decimo
2837 793 3030 839 octavo
3073 783 3283 838 Pascha
3312 782 3462 837 cele-

1903 877 2075 930 bravit
2104 877 2265 945 quale
2296 890 2452 929 nemo
2485 892 2714 945 unquam
2748 874 3119 929 celebraverat
3152 890 3181 927 a
3214 883 3457 942 tempore

1890 969 2053 1021 Josue
2087 968 2178 1021 filii
2212 967 2353 1022 Non.
2394 966 2659 1020 Sacerdos
2694 977 2821 1019 tunc
2854 975 2971 1019 erat
3009 964 3183 1018 Hiilkia
3214 965 3460 1020 Ieremia!

1893 1058 2167 1125 prophetae
2208 1067 2390 1125 pater;
2432 1058 2545 1123 qui,
2579 1066 2789 1119 reperto
2812 1057 2863 1108 in
2895 1056 3095 1123 templo
3123 1056 3259 1107 libro
3292 1055 3444 1123 legis,

1894 1164 2015 1201 cum
2082 1149 2232 1200 illum
2291 1149 2543 1217 legisset,
2607 1146 2807 1199 Pascha
2854 1149 3009 1215 juxta
3060 1146 3205 1217 quod
3265 1147 3317 1198 iu
3366 1146 3461 1199 illo

1894 1237 2212 1309 [scriptum]
2257 1253 2391 1297 erat.
2436 1240 2688 1293 instituit.
2738 1236 2852 1293 Sub
2900 1241 3015 1308 ipso
3063 1240 3460 1316 prophetarum

1900 1328 2103 1381 Chalda
2140 1345 2277 1381 uxor
2311 1329 2437 1382 Salu
2499 1330 2779 1385 icustodis
2808 1331 3039 1383 vestium
3068 1330 3280 1396 templi,
3309 1328 3461 1382 Jere—

1896 1420 2032 1472 tuias
2092 1427 2144 1472 et
2196 1417 2504 1487 Sophonias
2564 1422 2890 1490 prophetae:
2949 1418 3217 1473 Jeremias
3277 1430 3455 1472 autem

1892 1518 2175 1577 acceptam
2229 1525 2410 1563 arcam
2452 1510 2504 1563 in
2561 1512 2734 1563 media
2788 1520 2938 1579 petra
2992 1512 3318 1564 ahscomlit:
3357 1510 3459 1562 fttit

1891 1602 2055 1654 ctiam
2083 1602 2153 1654 ibi
2189 1602 2661 1671 pseudopropheta
2692 1604 2910 1669 quidam
2944 1603 3161 1655 nomine
3189 1600 3453 1653 Ilauania.

1893 1691 2163 1761 Tempore
2217 1691 2381 1746 Josiae
2440 1693 2582 1758 regis
2638 1690 2791 1744 Judm
2852 1694 3153 1746 ascendens
3208 1690 3453 1746 Pharaoh

1891 1782 2044 1837 Nahu
2076 1786 2241 1850 (quod
2264 1792 2344 1835 cst
2366 1783 2632 1849 Claudiis)
2659 1782 2875 1853 Egypti
2909 1799 3021 1845 rex,
3052 1794 3241 1837 contra
3277 1798 3453 1851 regem

218 1879 319 1946 ipsi
351 1894 380 1930 a
413 1877 523 1930 Deo
541 1876 735 1929 dixerit
762 1896 774 1929 :
804 1876 1023 1930 Addidit
1052 1875 1191 1928 Deus
1220 1875 1340 1928 vita:
1372 1875 1790 1943 ttuequindecitu
1828 1872 1864 1924 Β
1898 1871 2066 1923 Musal
2088 1912 2101 1933 ,
2163 1872 2308 1924 illum
2364 1874 2501 1925 bello
2559 1874 2871 1927 lacessitum
2921 1884 3347 1943 soperatumque
3399 1876 3454 1927 in

216 1984 412 2029 annos.
447 1967 610 2020 fuisse
637 1965 823 2019 Isaiam
858 1967 1200 2034 prophetam;
1251 1974 1411 2035 atque
1447 1967 1545 2018 hoc
1596 1981 1779 2017 verum

214 2069 322 2111 est.
360 2057 621 2127 Regnavit
653 2066 831 2108 autem
878 2057 930 2108 in
965 2053 1135 2109 Musa]
1185 2055 1357 2108 Filius
1394 2053 1785 2108 Sennacheribi

214 2152 436 2205 noniine
484 2147 852 2203 Asarhaddon.
891 2146 1157 2217 Tempore
1188 2145 1591 2200 autcmEzt-kia:
1644 2146 1785 2216 regis

210 2240 387 2304 Jutla-,
418 2241 698 2310 imperavit
728 2238 983 2293 Rotnauis
1014 2255 1104 2293 rex
1152 2238 1370 2291 nomine
1400 2236 1666 2298 Rom-mus,
1694 2238 1783 2306 qui

214 2333 404 2385 urbem
433 2332 695 2385 condens:
722 2330 820 2397 ipsi
856 2330 1103 2392 Romam,
1124 2327 1486 2396 appellatione
1511 2342 1538 2378 a
1568 2328 1784 2380 nomine

213 2439 313 2479 suo
365 2425 680 2491 desumpta,
713 2436 907 2474 immeu
955 2420 1238 2489 imposuit;
1284 2419 1352 2474 ab
1392 2419 1577 2474 eodem
1621 2420 1780 2473 etiam

210 2516 543 2570 denominati
573 2522 698 2569 sunt
1111 2511 1336 2565 Romani
1364 2519 1378 2563 t
1406 2513 1473 2565 ab
1506 2526 1570 2565 eo
1605 2528 1775 2579 usque

211 2622 456 2676 tempore
501 2608 632 2661 urbs
683 2604 851 2660 Roma
898 2605 1049 2673 regni
1106 2601 1311 2673 [caput]
1350 2602 1469 2656 fuit.
1516 2603 1780 2674 Regnavit

207 2710 391 2752 autem
424 2697 673 2752 Romanis
709 2712 879 2750 annos
907 2696 1122 2765 triginta
1149 2706 1288 2749 octo.

174 2775 528 2845 Δκῖἶοτιιιιιε
584 2799 762 2841 autem
837 2785 1028 2839 Ezekia
1116 2784 1270 2839 Juda:
1330 2799 1423 2837 rex
1503 2783 1555 2836 in
1620 2783 1781 2837 domo

216 2881 437 2935 Davidls
470 2882 714 2948 sepultus
743 2886 845 2931 est.
878 2877 1007 2931 Post
1047 2879 1225 2945 ipsum
1276 2874 1671 2944 Hierosolymis
1722 2878 1775 2928 in

212 2972 410 3026 Judam
444 2976 685 3041 regnavit
733 2970 873 3022 filius
916 2968 1089 3037 ipsius
1128 2965 1379 3022 Manasse
1412 2983 1583 3021 annos
1616 2969 1777 3036 quin-

208 3066 469 3134 quaginta
519 3061 799 3130 quinque,
854 3074 1027 3113 annos
1080 3068 1239 3111 natus
1294 3057 1619 3122 duodecim;
1680 3058 1771 3126 qui

209 3158 371 3209 tertio
424 3154 572 3221 regni
612 3155 694 3205 sui
738 3166 881 3203 anno
938 3150 1077 3202 idola
1128 3146 1398 3210 confecit,
1438 3147 1501 3201 ad
1537 3161 1770 3215 quorum

207 3249 417 3301 cultum
473 3244 750 3298 lsraelitas
804 3244 1017 3309 adegit,
1063 3242 1133 3292 oh
1178 3238 1323 3308 quod
1370 3254 1492 3291 cum
1532 3240 1599 3291 ab
1635 3235 1771 3290 Isaia

210 3339 475 3419 propheta
514 3335 828 3401 increpatus
869 3341 1036 3393 esset,
1070 3333 1245 3397 ipsum
1280 3328 1627 3381 interfectum
1662 3342 1775 3379 ser-

209 3417 377 3494 raque
417 3423 652 3477 medium
702 3424 844 3474 inter
885 3420 1023 3472 duos
1052 3434 1265 3472 asseres
1309 3417 1606 3470 dISStFCllllll
1652 3418 1772 3485 igne

207 3517 542 3573 combussit.
579 3512 772 3567 Fertur
807 3522 989 3565 autem
1024 3509 1196 3575 Isaiae,
1229 3524 1350 3562 cum
1383 3517 1507 3560 ante
1543 3521 1767 3560 nmrtem

204 3613 404 3667 sitiens
438 3605 727 3658 Dominum
777 3605 1104 3663 int‘orassel,
1153 3612 1394 3670 apertum
1445 3602 1609 3652 fuisse
1647 3600 1764 3652 fon-

207 3711 312 3755 tem
362 3713 391 3751 c
424 3712 531 3763 quo
579 3694 742 3756 bibit;
797 3699 987 3759 rstque
1039 3690 1128 3741 ille
1174 3688 1295 3740 fons
1340 3686 1576 3751 Silwau,
1610 3686 1766 3752 cujus

209 3789 448 3841 nominis
477 3782 851 3851 interpretatio
879 3789 987 3845 est,
1019 3778 1201 3832 Missa.
1236 3777 1430 3830 Fertur
1457 3780 1615 3829 etiam
1645 3792 1766 3829 cum

208 3889 396 3947 pastea
438 3883 623 3944 gentes
673 3872 1041 3940 Hierosolyma
1080 3869 1397 3929 incolerent,
1431 3870 1766 3921 exsiccatum

202 3986 325 4023 esse
355 3969 557 4020 fontem
593 3965 779 4029 illum;
816 3972 868 4015 at
893 3978 1013 4015 cum
1048 3960 1327 4022 Israelitze,
1362 3974 1500 4027 aqua
1526 3958 1767 4013 flavisse.

200 4060 498 4113 Coluernnt
552 4066 728 4110 autem
783 4054 1039 4107 lsraelit:e
1099 4052 1238 4104 idola
1288 4052 1444 4104 annis
1498 4051 1767 4118 quinqua-

200 4153 347 4220 ginta
382 4159 635 4218 quatuor.
675 4145 875 4200 Deinde
912 4145 1122 4197 Babelis
1162 4160 1251 4196 rex
1292 4155 1504 4211 captum
1549 4140 1764 4193 Manas-

200 4259 298 4295 sen
340 4241 494 4297 ludar
533 4255 711 4309 regem
746 4239 899 4291 vituli
929 4238 1075 4297 :erei,
1113 4236 1197 4286 cui
1238 4236 1414 4301 ignem
1454 4232 1761 4301 supposuit,

200 4337 323 4386 alvo
352 4332 591 4385 inclusit.
618 4331 804 4382 ()rautt
834 4329 995 4396 igitur
1023 4325 1268 4379 Mana~se
1300 4323 1452 4377 Jud:c
1488 4326 1595 4391 regi
1635 4324 1760 4375 dum

201 4429 252 4477 iu
290 4424 571 4477 simulacri
608 4422 728 4473 alvo
757 4421 1079 4481 exsisteret,
1118 4429 1172 4469 et
1204 4417 1273 4469 ob
1310 4433 1370 4468 ea
1405 4431 1525 4484 qua:
1560 4415 1763 4468 fecerat

1891 1961 2070 2030 fugam
2105 1963 2289 2027 dedit,
2326 1962 2502 2017 donec
2538 1964 2863 2032 Euphratem
2913 1966 3263 2033 perveniret:
3298 1979 3457 2018 eum-

1889 2070 1992 2120 qtte
2040 2055 2236 2107 rediret
2284 2052 2442 2124 241
2463 2053 2654 2124 -243
2686 2054 2898 2107 obviam
2928 2055 3024 2123 ipsi
3061 2055 3337 2122 profectus
3369 2064 3456 2109 est.

1885 2143 2029 2199 Josia
2078 2162 2168 2199 rex
2222 2143 2376 2199 Juda:
2420 2146 2609 2200 multis
2656 2162 2777 2198 cum
2838 2147 3188 2208 muneribus,
3240 2157 3292 2199 at
3339 2146 3455 2216 ipse

1887 2237 2064 2291 visum
2119 2254 2241 2290 eum
2303 2237 2613 2300 interfecit,
2667 2252 2825 2304 quem
2877 2252 3008 2308 ergo
3056 2246 3387 2306 reportatum
3423 2254 3452 2292 a

1885 2328 2133 2399 Megiddo
2167 2330 2308 2399 (quae
2340 2328 2551 2382 Menbai
2590 2328 2706 2395 fest)
2740 2328 3134 2399 Hierosolyma,
3169 2331 3238 2382 ihi
3278 2330 3453 2397 ipsum

1890 2421 2227 2490 sepelierunt
2282 2423 2425 2475 servi
2486 2422 2699 2489 ipsius,
2760 2435 2935 2474 annos
2990 2429 3173 2474 natum
3236 2420 3451 2488 triginta

1889 2531 2105 2569 novem.
2136 2515 2264 2568 Post
2298 2514 2472 2583 ipsum
2508 2511 2904 2581 Hierosolymis
2941 2513 2991 2565 in
3028 2510 3221 2565 ludam
3254 2527 3450 2580 regna-

1886 2610 1959 2660 vit
1993 2607 2170 2659 trihus
2195 2607 2475 2659 mensibus
2499 2605 2641 2658 tilius
2664 2605 2834 2673 ipsius
2859 2603 3079 2663 Joehaz,
3103 2618 3272 2657 annos
3296 2612 3453 2657 natus

1796 2753 1809 2769 ι
1885 2698 2078 2767 viginti
2118 2707 2255 2750 tres.
2287 2697 2604 2750 Ascendens
2634 2708 2810 2749 autem
2844 2694 3093 2748 Pltaraob
3133 2694 3282 2749 Nahu
3319 2695 3449 2749 Hie-

1883 2788 2160 2858 rosolyma
2182 2785 2479 2840 Jochazum
2510 2784 2663 2839 .Iudre
2692 2802 2867 2850 regem
2892 2795 3108 2854 captum
3134 2795 3180 2840 et
3209 2789 3451 2842 vinctum

1881 2892 1987 2930 nua
2020 2894 2142 2930 cum
2178 2876 2487 2930 .Iudreorum
2535 2878 2885 2929 multitudine
2924 2876 3217 2948 Egyptum
3251 2879 3447 2949 depor-

1882 2971 2035 3023 tavit.
2076 2970 2337 3037 Imposuit
2378 2971 2542 3023 etiam
2578 2968 2827 3022 Pharaolt
2869 2970 3020 3022 Nahu
3057 2972 3322 3025 omnibus
3354 2974 3448 3040 qui

1881 3059 2271 3130 Hierosolymis
2306 3069 2462 3113 erant
2499 3061 2788 3122 tributum,
2813 3061 2954 3128 quod
2988 3061 3122 3127 ipsis
3152 3062 3256 3115 sibi
3291 3074 3452 3133 quot-

1880 3152 2036 3205 annis
2100 3151 2436 3203 offerendum
2485 3150 2723 3216 iniunxit
2750 3190 2763 3208 .
2806 3150 2922 3202 auri
2970 3145 3180 3201 talenta'
3209 3161 3447 3215 centum,

1878 3251 1929 3293 et
1956 3242 2162 3311 argenti
2188 3244 2432 3295 totidem.
2460 3242 2655 3294 Deinde
2676 3243 2726 3294 in
2746 3240 3034 3310 Egyptum
3062 3258 3309 3295 reversus
3340 3256 3448 3303 est.

1948 3334 2160 3387 Mortuo
2210 3348 2388 3387 autem
2426 3334 2665 3387 .Iot-hazo
2709 3334 2863 3388 Judre
2916 3350 3042 3397 rege
3092 3336 3143 3387 in
3187 3333 3446 3405 Egypto,

1876 3427 2121 3493 regnavit
2162 3436 2277 3493 post
2312 3428 2485 3490 ipsuzn
2524 3426 2916 3495 Hierosolymis
2955 3427 3004 3478 in
3030 3423 3226 3478 ludam
3271 3425 3443 3479 uuife-

1876 3520 1980 3571 cim
2036 3532 2212 3571 annos
2263 3517 2492 3571 Eliakint
2542 3516 2707 3570 .losia:
2764 3519 2904 3571 tilius
2952 3518 3077 3585 (qui
3130 3528 3181 3571 et
3231 3516 3440 3572 .Ioalsim

1873 3610 2056 3663 dictus
2108 3610 2228 3666 est)
2285 3624 2459 3662 annos
2512 3618 2672 3660 natus
2724 3608 2910 3676 viginti
2975 3610 3236 3676 quinque.
3310 3611 3442 3678 Ejus

1872 3704 2113 3763 tempore
2172 3698 2567 3765 prophetarum
2623 3695 2888 3749 Jeremias
2947 3699 3248 3765 propheta,
3306 3696 3436 3752 Uria

1872 3784 2101 3838 Scmaia:
2148 3786 2291 3837 lilius
2336 3800 2398 3838 ex
2428 3784 2627 3853 oppido
2655 3786 2865 3847 Aauah,
2905 3795 2958 3837 et
3006 3785 3128 3838 Βυζί
3178 3788 3246 3839 El
3272 3786 3441 3839 ‘kielis

1871 3885 2042 3944 pater.
2072 3876 2311 3928 I’ortavit
2344 3886 2522 3929 autem
2554 3875 2762 3928 Joakizn
2800 3874 2951 3928 Jutlm
2990 3892 3106 3940 rex,
3144 3880 3436 3946 quotannis

1870 3970 1934 4021 ad
1968 3968 2303 4021 Pharaonem
2342 3968 2495 4021 Nalm
2536 3968 2754 4037 IEgypti
2800 3984 3003 4036 regem,
3041 3983 3137 4036 pro
3164 3984 3221 4023 se
3250 3978 3301 4021 ct
3340 3986 3441 4037 pro

1869 4060 2088 4128 regione
2124 4076 2216 4113 sua
2240 4100 2253 4122 ,
2304 4059 2355 4110 in
2401 4061 2661 4111 trihntum
2712 4067 2928 4112 centum
2965 4061 3083 4113 auri
3122 4075 3182 4113 ac
3213 4060 3435 4113 totidem

1866 4151 2076 4217 argenti
2115 4150 2339 4201 talenta.
2376 4151 2530 4201 Anno
2570 4158 2749 4202 autem
2776 4160 2976 4219 quarto
3012 4152 3161 4215 regni
3200 4149 3433 4205 Joakimi

1868 4238 2008 4305 regis
2046 4236 2202 4291 Juda‘.
2239 4240 2528 4304 imperavit
2573 4238 2973 4293 Dochtanasser
3005 4239 3212 4305 Itabeli,
3244 4243 3353 4304 cui,
3385 4251 3438 4294 et

1866 4329 1969 4381 sub
2017 4330 2155 4396 ipso,
2210 4328 2587 4398 Hierosolyma
2636 4330 2947 4382 asccmlenti
2998 4331 3211 4383 obviam
3262 4330 3439 4385 factus

1863 4418 2075 4472 Joakim
2110 4418 2261 4473 .lud:e
2292 4436 2407 4484 rev,
2440 4421 2541 4489 ipsi
2582 4420 2755 4474 instar
2791 4422 2931 4475 servi
2961 4420 3137 4476 factus
3164 4421 3327 4493 2“
3356 4434 3438 4476 est

200 4518 573 4586 p63ttil0ttlia::t
619 4517 797 4581 agt-uti
840 4529 1132 4581 precesque
1181 4513 1244 4563 ad
1292 4512 1575 4564 Dominum
1625 4510 1758 4562 fuu-
1793 4536 1834 4590 ο
1867 4513 1932 4564 ad
1994 4512 2312 4563 triennium.
2377 4509 2648 4563 Reversus
2710 4523 2793 4564 cst
2853 4528 2983 4579 ergo
3040 4513 3435 4570 Bochtanasser

196 4608 369 4669 denti,
403 4621 528 4658 cum
563 4616 844 4673 peccatum
888 4605 976 4656 ille
1015 4604 1338 4666 remisisset,
1366 4611 1418 4654 et
1455 4603 1627 4671 ipsius
1661 4604 1758 4654 mi-

198 4713 377 4753 sertus
431 4710 610 4760 esset,
664 4697 941 4763 diruptum
1001 4703 1085 4747 est
1140 4696 1527 4758 simulacrum,
1580 4695 1652 4747 ita
1704 4704 1761 4748 ut

193 4791 408 4851 exiret;
454 4789 707 4852 misuque
737 4782 999 4836 Dominus
1036 4783 1137 4851 ipsi
1178 4785 1424 4853 angelum
1458 4784 1547 4849 qui
1578 4784 1757 4838 subla—

196 4890 311 4932 tum
352 4876 725 4945 Hierosolyma
776 4874 1093 4941 reportavit.
1139 4872 1382 4925 Mortuus
1422 4883 1601 4927 autem
1645 4874 1759 4925 Ma-

196 4980 358 5017 uasse
391 4964 443 5015 in
487 4964 639 5014 horto
674 4959 835 5031 250
869 4959 1024 5014 Una:
1060 4961 1306 5028 sepultus
1338 4971 1450 5027 est;
1488 4964 1760 5029 regnavit-

196 5070 301 5121 quc
334 5063 453 5122 post
490 5053 666 5118 ipsum
707 5052 927 5103 biennio
964 5052 1103 5103 hlius
1134 5053 1305 5118 ipsius
1338 5053 1545 5117 Anton;
1586 5069 1756 5108 annos

196 5158 360 5198 natus
415 5142 602 5209 viginti
636 5142 792 5206 duos,
827 5142 917 5208 qui
964 5142 1015 5193 itt
1058 5142 1303 5195 colendis
1344 5144 1497 5196 idolis
1549 5153 1753 5211 patrem

193 5250 356 5289 suum
388 5234 632 5285 imitatus
661 5242 763 5286 est.
798 5231 953 5285 Illum
987 5243 1165 5285 autem
1204 5232 1378 5286 adorti
1412 5232 1553 5284 servi
1587 5234 1757 5300 ipsius

193 5327 341 5381 domi
379 5340 491 5378 sua:
524 5333 695 5377 morte
726 5323 978 5376 allectum
1016 5338 1139 5375 cum
1177 5335 1326 5390 patre
1368 5340 1468 5375 suo
1509 5325 1559 5375 iu
1599 5322 1755 5378 Uzze

193 5417 357 5471 horto
388 5415 754 5483 sepelierunt;
787 5423 1047 5480 regnante
1078 5426 1201 5481 pOSt
1231 5414 1406 5481 ipsum
1446 5414 1756 5486 Hierosoly-

194 5509 300 5561 mis
352 5511 403 5559 in
449 5506 679 5570 ludam,
725 5520 898 5559 annos
945 5504 1163 5574 triginta
1212 5520 1375 5556 uuqu
1426 5505 1536 5558 ﬁlio
1584 5508 1753 5574 ipsius

191 5597 377 5663 Josia,
420 5598 658 5650 octenni.
700 5599 789 5651 Ille
819 5610 997 5651 autem
1031 5611 1174 5649 anno
1209 5597 1358 5664 regni
1394 5599 1477 5651 sui
1512 5598 1752 5651 secundo

193 5688 333 5741 idola
394 5687 711 5751 confracta,
769 5688 1070 5755 ontniaque
1122 5686 1391 5739 idolorum
1442 5690 1640 5758 templa
1697 5691 1749 5743 in

191 5780 457 5846 Samaria,
491 5796 609 5850 qua:
668 5788 1044 5837 exstttucrant
1102 5778 1317 5835 lsraelis
1354 5796 1528 5851 reges.
1569 5781 1749 5837 diruta

1866 4603 2114 4655 Babclem
2172 4602 2419 4655 mittente
2487 4602 2550 4654 ad
2608 4606 2783 4670 ipsum
2838 4607 3135 4671 quorannis
3191 4605 3436 4663 Joakino

1862 4711 1977 4745 eam
2025 4710 2190 4761 quam
2242 4694 2305 4746 ad
2345 4694 2685 4747 Pharaonem
2734 4693 2885 4747 Nalm
2942 4698 3154 4749 mittere
3206 4698 3432 4761 Solebat,

1860 4787 1977 4839 auri
2008 4798 2170 4854 atque
2194 4787 2403 4853 argenti
2433 4801 2740 4849 summam;
2774 4788 3062 4855 imperium
3091 4790 3236 4842 enim
3262 4792 3436 4845 tenuit

1862 4873 2263 4927 But-litaniasser
2296 4890 2323 4924 a
2378 4872 2572 4927 Babele
2617 4890 2790 4940 usque.
2838 4877 2901 4926 ad
2945 4876 3131 4928 urbem
3182 4875 3430 4945 Raphak.

1865 4962 2056 5015 Postea
2107 4973 2325 5030 pactum
2376 4965 2589 5015 irritqu
2642 4962 2877 5017 reddens
2922 4961 3136 5019 Joakitn
3192 4967 3323 5021 nihil
3364 4970 3430 5021 ad

1858 5056 2033 5123 ipsum
2077 5055 2246 5107 misit.
2293 5052 2537 5106 Mortuus
2569 5064 2747 5108 autem
2776 5053 3008 5119 Jo..kint,
3044 5074 3131 5107 rex
3159 5054 3335 5123 Judw,
3373 5059 3426 5111 in

1856 5145 2063 5197 aedibus
2116 5144 2332 5200 Davidis
2410 5145 2658 5214 sepultus
2720 5154 2825 5200 est.
2883 5148 3257 5217 Reguavitque
3308 5148 3430 5219 post

1856 5235 2031 5302 ipsum
2059 5234 2205 5289 filius
2233 5235 2404 5305 ipsius
2434 5232 2713 5300 Joachim,
2740 5239 2829 5306 qui
2857 5245 2911 5289 et
2942 5239 3075 5291 Abia
3106 5237 3289 5295 dictus
3320 5250 3427 5308 est,

1858 5326 2274 5398 Hierosolymis,
2318 5328 2491 5381 tribus
2530 5330 2831 5389 mensibus.
2863 5346 3037 5384 annos
3076 5341 3237 5389 natus
3271 5343 3427 5387 octo-

1855 5422 2075 5487 decim;
2113 5423 2205 5490 qui
2240 5436 2363 5475 cum
2405 5422 2671 5474 tributqu
2712 5437 2819 5476 non
2857 5424 3115 5489 mitteret,
3163 5423 3431 5482 accedens

1856 5510 2255 5566 Bochtanasser
2282 5528 2404 5565 cum
2444 5514 2685 5567 exercitu
2718 5530 2821 5568 suo
2862 5514 3237 5586 Hierosolyma
3262 5520 3426 5574 obse-

1855 5605 1965 5667 dit;
2010 5604 2074 5657 ad
2126 5620 2284 5673 quem
2328 5618 2551 5670 egresso
2608 5601 2889 5659 Joachimo
2933 5604 3087 5661 Iudae
3132 5624 3277 5676 rege,
3317 5625 3423 5663 una

1855 5708 1974 5746 eum
2012 5705 2206 5756 matre,
2234 5695 2541 5763 servisque.
2575 5703 2628 5748 et
2664 5693 3032 5751 Israelitarum
3064 5699 3419 5767 principibus,

1856 5786 2045 5841 urbem
2072 5787 2120 5841 ei
2145 5794 2515 5857 aperuerunt;
2539 5799 2697 5856 quam
2727 5785 3009 5857 ingressus
3028 5789 3423 5845 Bochtanasser
