4200 6432
759 422 865 484 963

1767 421 2123 481 EUTYClIll
2167 424 2699 485 ALEXANDRINI
2743 427 2964 486 PATR.

3898 441 3996 502 964

766 533 1031 602 quidquid
1072 535 1121 585 in
1161 530 1360 598 templo
1393 539 1508 583 erat
1543 543 1758 589 vasum,
1803 531 1948 591 auri,
1988 533 2229 600 argenti,
2261 541 2315 584 et
2355 537 2401 594 Α
2432 533 2709 587 fornacem
2748 537 2889 604 ignis
2934 540 3167 605 conjecti
3215 550 3364 594 sunt.
3403 540 3546 596 Misit
3585 560 3708 598 vero
3749 548 3887 603 Dens
3928 555 3996 604 ad

760 639 1122 693 gemmarum,
1174 637 1272 674 nec
1307 639 1412 676 nou
1455 620 1723 690 ‘quidquid
1771 620 1822 671 in
1873 636 1997 674 arce
2042 623 2185 691 regia
2220 622 2323 675 fuit

761 728 1129 780 getntnarum,
1160 713 1303 773 auri,
1341 719 1394 764 et
1426 710 1673 779 argenti,
1706 707 1956 762 Babelem
1991 711 2321 778 asportavit;

756 802 1065 857 Joakimutn
1107 803 1330 872 insuper
1354 802 1504 856 Inda:
1533 818 1712 871 regem
1747 804 2017 867 vinctum,
2053 795 2158 857 una
2193 821 2318 857 cum

758 894 1052 946 comitibus
1087 894 1257 962 ipsius
1291 894 1492 960 septies
1526 893 1670 947 mille
1697 909 1883 950 secum
1916 893 2170 948 Babelem
2203 905 2317 945 tra-

755 986 931 1045 duxit,
968 1001 1068 1039 nec
1101 1001 1204 1038 non
1245 984 1610 1038 lsraelitarum
1653 995 1923 1054 quotquot
1950 987 2162 1039 viribus
2197 984 2314 1054 pol-

758 1076 955 1130 let-ent.
997 1078 1138 1130 Inter
1168 1077 1409 1144 captivos
1441 1087 1599 1128 erant
1641 1077 1826 1128 Daniel
1859 1077 2038 1129 adhuc
2073 1091 2228 1145 puer,
2266 1085 2319 1127 et

753 1177 864 1222 tres
893 1168 1062 1234 pueri,
1089 1165 1395 1227 Hananiah,
1423 1167 1615 1218 Azan-ia
1659 1176 1712 1218 et
1767 1166 1975 1230 Misnel,
2000 1169 2089 1234 qui
2126 1168 2177 1219 in
2214 1168 2324 1219 for-

755 1273 943 1311 nacem
985 1258 1127 1326 ignis
1160 1257 1394 1324 conjeeti
1433 1266 1580 1309 sunt.
1614 1256 1801 1323 Neque
1839 1259 1892 1310 itt
1933 1259 2064 1311 urbe
2097 1259 2320 1312 relictus

751 1360 834 1401 est
867 1348 950 1400 vel
984 1362 1127 1400 unus
1160 1347 1304 1415 quis,
1339 1347 1569 1398 infinitis
1603 1356 1654 1398 et
1689 1349 2020 1415 pauperibus
2048 1350 2312 1410 exceptis.

751 1438 999 1492 Ματρί-ιι
1025 1450 1201 1491 autem
1230 1437 1625 1491 Boebtanasser
1650 1439 2060 1506 Hierosolymis,
2086 1439 2316 1492 Joakimi

754 1534 898 1597 regis
942 1528 1093 1582 Juda:
1132 1529 1375 1592 fratrem,
1406 1529 1760 1600 255-247
1790 1529 1951 1583 Josia:
1996 1530 2183 1589 filium,
2217 1543 2317 1582 no-

753 1622 896 1673 mine
923 1619 1238 1681 lilataniam,
1265 1635 1424 1688 quem
1456 1619 1742 1673 Zedekiam
1769 1621 2060 1690 appellavit
2086 1619 2315 1673 Joakimi

751 1714 890 1780 regis
917 1710 1074 1764 Judze
1107 1719 1396 1776 patruum;
1444 1713 1535 1780 qui
1571 1711 1824 1766 undecim
1870 1714 2028 1766 annis
2056 1715 2317 1767 Hieroso-

750 1804 910 1872 lymis
942 1805 1209 1872 regnavit,
1241 1817 1418 1855 annos
1446 1813 1609 1857 natus
1650 1804 1837 1872 viginti
1870 1815 1924 1857 et
1958 1821 2146 1858 unum.
2176 1805 2306 1874 Ejus

2431 630 2576 696 ipsos
2614 643 2643 681 e
2688 632 2827 681 cutio
2876 632 3126 698 angelum
3163 634 3254 700 qui
3289 634 3466 701 ignem
3504 637 3576 688 ita
3613 640 3904 703 exstinxit,
3940 652 3997 694 ut

2431 716 2601 787 frigus
2657 719 2790 787 ipsis
2841 730 2892 773 et
2945 721 3294 777 incolumitas
3342 736 3488 780 esset
3536 742 3551 778 :
3605 731 3747 793 quod
3801 731 3995 785 videns

2428 807 2829 865 Bochtanasser
2872 812 3019 880 ipsos
3047 827 3078 866 e
3111 811 3337 870 fornace
3379 819 3587 881 eduxit,
3625 834 3859 888 eumque
3895 838 3994 876 eos

2425 909 2702 955 scrutatus
2746 903 2952 956 ttuilunt
2985 905 3123 973 ignis
3160 907 3467 974 vestigium,
3502 923 3599 962 nec
3635 911 3687 963 in
3721 910 3856 978 ipsis
3885 926 3986 964 nec

2426 990 2477 1042 in
2510 991 2747 1044 vestibus
2776 992 3015 1058 ipsortntt
3045 993 3518 1060 deprehendisset,
3549 998 3706 1050 valde
3739 1000 3990 1057 miratus,

2427 1087 2682 1147 metuque
2729 1081 3013 1147 perculsus
3061 1082 3413 1153 249-251
3465 1085 3611 1152 ipsos
3655 1087 3862 1140 honore
3907 1090 3990 1142 af-

2424 1168 2630 1232 fectos,
2677 1182 2728 1223 et
2779 1171 2947 1240 gradu
2997 1153 3236 1225 sublimi,
3259 1175 3556 1230 collocatos
3613 1181 3886 1247 principes
3935 1184 3987 1234 in

2425 1260 2622 1328 palatio
2669 1275 2769 1314 suo
2817 1265 3125 1317 constituit.
3166 1265 3332 1319 Porro
3379 1283 3521 1320 anno
3550 1278 3667 1336 post
3713 1272 3987 1324 excidium

2425 1350 2923 1420 Hierosolymorum
2947 1364 3161 1422 quarto,
3186 1371 3308 1410 cum
3335 1358 3561 1412 vidisset
3590 1360 3992 1416 Bochtanasser

2423 1443 2734 1505 insomnia,
2823 1447 3167 1514 congregatis
3223 1449 3533 1503 oniroeritis
3589 1460 3640 1503 et
3696 1455 3991 1522 astrologis

2419 1532 2587 1585 dixit:
2636 1532 2885 1589 Visiones
2916 1553 3054 1604 quas
3096 1537 3202 1590 vidi
3242 1555 3343 1591 una
3379 1555 3500 1592 cunt
3541 1540 3777 1610 ips:irnnt
3814 1545 3989 1597 inter-

2421 1625 2822 1693 pretationibus
2872 1628 3001 1680 tnilti
3055 1630 3337 1684 narretis:
3397 1632 3479 1683 sin
3539 1633 3754 1697 minus,
3806 1637 3991 1703 capite

2419 1731 2514 1769 vos
2565 1717 2815 1784 plectam.
2872 1717 3293 1788 Responderunt
3343 1722 3464 1777 illi:
3522 1722 3637 1777 Non
3687 1737 3768 1779 est
3825 1727 3989 1779 nobis

2419 1806 2688 1859 visionum
2742 1809 3009 1874 scientia,
3063 1812 3162 1865 nisi
3217 1813 3331 1880 ipse
3384 1814 3542 1868 nobis
3592 1815 3798 1870 indices
3850 1817 3986 1884 quid

751 1908 993 1963 tempore
1023 1894 1415 1961 prophetarum
1445 1891 1732 1954 Jeremias,
1772 1896 2303 1957 Habacuc,etBu1.i.
2347 1887 2386 1940 Β
2418 1897 2663 1963 videris,
2735 1910 2793 1953 ut
2843 1902 2974 1954 illud
3043 1903 3137 1956 tibi
3197 1905 3554 1973 explicemus.
3621 1907 3798 1960 Iratus
3851 1922 3987 1975 ergo

748 1985 917 2037 Porro
943 1999 1087 2036 anno
1114 1999 1254 2036 nono
1281 1985 1518 2038 detinuit
1543 1984 1777 2037 Zedekia
1799 1983 1955 2038 Judze
1981 2003 2090 2050 rex,
2121 2002 2310 2040 aurum

747 2085 908 2142 atque
944 2085 1226 2142 argentum
1270 2074 1415 2142 quod
1449 2074 1512 2126 ad
1554 2074 2048 2130 Bochtanasserum
2095 2079 2312 2132 mittere

745 2168 941 2221 solitus
993 2167 1209 2221 fuerat:
1237 2181 1427 2236 ,quare
1470 2167 1644 2221 iratus
1684 2165 2088 2223 Bocbtanasser
2120 2170 2312 2223 ducem

745 2278 775 2312 e
803 2260 918 2314 suis
947 2260 1264 2327 quemdam,
1314 2257 1531 2312 nomine
1571 2257 2084 2324 Nabuzaradanum,
2133 2260 2315 2328 spicu-

748 2354 976 2404 latorum
1026 2352 1353 2418 principem,
1398 2350 1778 2418 Hierosolyma
1831 2351 2013 2413 misit,
2056 2353 2146 2419 qui
2189 2367 2310 2405 cum

747 2446 937 2497 urbem
972 2444 1212 2495 triennio
1259 2442 1553 2502 obsideret,
1588 2442 1823 2494 maxima
1861 2443 2144 2496 hominum
2188 2460 2312 2514 pars

747 2535 888 2587 fante
918 2536 1201 2598 absumpta
1239 2540 1339 2584 est.
1363 2531 1592 2585 Zedekia
1628 2542 1830 2593 autem,
1857 2533 2006 2587 ludas
2042 2550 2155 2598 rex,
2187 2534 2310 2605 f'tga

747 2638 908 2682 noctu
962 2627 1244 2680 contendit
1288 2625 1356 2678 ad
1407 2626 1722 2694 speluncam
1774 2641 1939 2694 quam
1999 2635 2310 2695 paraverat,

747 2724 1074 2790 Speluncam
1104 2719 1312 2772 Canum
1342 2717 1667 2786 appellatam
1696 2736 1708 2770 ε
1741 2717 1883 2786 quod
1911 2735 2029 2771 cum
2059 2719 2308 2772 animad-

743 2815 999 2867 vertisset
1033 2808 1450 2871 Nabnzaradan,
1479 2807 1630 2860 illum
1662 2804 1977 2860 Jerechueti
2003 2816 2309 2868 assecutus,

744 2907 1148 2974 apprehensum
1179 2901 1246 2955 ad
1283 2900 1803 2978 Boclttanasserum,
1838 2897 2182 2951 Antiochiam
2215 2897 2312 2951 nti-

744 3000 814 3050 sit
844 3018 855 3051 ;
882 3013 1041 3063 qnetn
1076 2996 1404 3062 prehensum
1427 2983 1602 3045 oculis
1627 2992 1857 3059 privavit
1887 2990 2308 3053 Beelitanasser,

745 3089 870 3142 liliis
900 3088 1074 3156 ipsius
1104 3085 1284 3153 gladio
1306 3084 1570 3152 jugulatis
1603 3100 1615 3136 :
1654 3082 2034 3149 interfecitque
2067 3083 2310 3135 Nabuza-

739 3181 908 3236 radan
940 3192 1188 3246 magnam
1217 3174 1528 3229 Judzeorum
1562 3175 1987 3236 multitudinem,
2021 3175 2307 3242 templum-

743 3287 849 3339 que
883 3270 1121 3321 dirutum
1184 3267 1457 3329 incendit,
1499 3276 1553 3319 ιιι
1597 3274 1653 3320 et
1695 3266 1884 3319 urbem
1935 3265 2303 3334 Hierosolyma

749 3372 1016 3414 vastatam
1083 3359 1358 3419 incendit,
1421 3368 1473 3410 et
1524 3357 1786 3426 quidquid
1839 3356 1890 3408 itt
1939 3357 2140 3422 tetnplo
2179 3355 2302 3416 fuit,

739 3453 878 3510 auri,
901 3451 1106 3518 argenti
1136 3461 1185 3500 et
1209 3451 1354 3512 reris,
1379 3446 1626 3498 Babelent
1653 3445 1972 3513 asportavit,
1993 3442 2303 3497 Judaaorum

753 3554 935 3597 autem
968 3559 1086 3594 eum
1123 3541 1214 3592 alii
1249 3539 1561 3609 Aigyptuni,
1595 3537 1686 3590 alii
1717 3539 1770 3590 in
1805 3537 2020 3591 deserta
2055 3547 2108 3589 et
2143 3537 2308 3591 valles

741 3634 1046 3704 fugissent,
1097 3641 1364 3700 quotquot
1417 3629 1612 3698 reliqui
1665 3638 1859 3693 erant,
1914 3628 2004 3683 ille
2052 3626 2304 3680 Babelent

741 3725 988 3794 captivos
1023 3724 1286 3784 abduxit,
1323 3722 1459 3774 adeo
1499 3727 1559 3773 ut
1591 3719 1834 3773 desolata
1868 3727 2156 3772 manerent
2184 3715 2308 3770 Hie-

742 3817 1011 3884 rosolyma
1034 3854 1048 3875 ,
1099 3813 1317 3866 nemine
1349 3811 1462 3879 ipsa
1509 3809 1805 3863 incolente.
1838 3807 2096 3862 Habacuc
2125 3816 2303 3860 autem

739 3908 998 3974 propheta
1053 3903 1107 3954 in
1161 3912 1360 3954 terrain
1415 3898 1580 3969 248
1630 3898 2024 3951 lsmaelitarum
2074 3896 2199 3963 fuga
2249 3912 2307 3950 se

741 3995 979 4062 recepit,
1027 3991 1221 4044 deinde
1270 3992 1322 4043 in
1381 3986 1672 4058 Egyptum
1722 3988 2024 4040 descendit.
2070 3986 2306 4041 Jeremia

740 4087 998 4153 preplteta
1027 4080 1318 4150 IEgyptunt
1349 4079 1504 4148 fugit,
1534 4080 1693 4148 idque
1721 4094 1864 4132 anno
1892 4079 2041 4147 regni
2072 4078 2306 4131 Boehta-

738 4178 997 4237 nasseris,
1028 4175 1242 4228 deeitno
1275 4185 1441 4224 nono.

804 4266 977 4321 Porro
1027 4267 1092 4318 ad
1149 4264 1514 4332 captivitatem
1570 4261 1950 4330 Babylonicam
1999 4272 2051 4315 et
2091 4262 2305 4316 destru-

734 4358 970 4413 ctionem
1021 4354 1232 4422 templi,
1283 4367 1311 4403 a
1348 4367 1514 4419 regno
1550 4352 1792 4415 Davidis,
1837 4351 1965 4405 anni
2003 4363 2130 4405 sunt
2169 4369 2303 4422 qna-

735 4447 1006 4516 dringenti
1053 4445 1396 4512 septuaginta
1441 4450 1672 4510 septem.
1729 4442 1808 4496 Ab
1845 4445 1993 4495 exitu
2037 4442 2308 4496 Israelitan

2419 1987 2815 2046 linebtanasser
2844 1991 2895 2044 in
2930 1993 3109 2047 animo
3133 1994 3480 2049 habuit'colla
3507 1997 3637 2066 ipsis
3663 1997 3985 2064 praecidi-rc.

2420 2077 2692 2133 Danielem
2721 2090 2898 2134 autem
2927 2083 3265 2152 prophetam,
3299 2087 3388 2154 qui
3421 2096 3664 2155 tempore
3689 2089 3985 2157 captivita-

2420 2172 2487 2224 tis
2522 2171 2840 2226 adolescens
2874 2171 3005 2238 fuit,
3055 2189 3395 2244 assumptum
3438 2178 3539 2231 sibi
3583 2180 3987 2233 Bocbtanasser

2416 2260 2566 2313 domi
2606 2278 2716 2316 sua:
2750 2263 3080 2317 educaverat
3121 2277 3174 2318 et
3207 2266 3556 2331 prrefecerat;
3592 2269 3681 2322 ille
3714 2284 3843 2338 ergo
3877 2270 3983 2338 ipsi

2416 2350 2548 2402 dixit
2585 2368 2597 2403 :
2638 2353 2748 2420 Ego
2784 2353 2876 2406 tibi
2915 2353 2968 2405 in
3005 2354 3275 2408 somnium
3321 2356 3464 2423 quod
3496 2356 3671 2409 vidisti
3725 2359 3983 2420 narrabo,

2419 2443 2707 2509 ipsumque
2763 2443 2854 2497 tibi
2907 2445 3328 2514 interpretabor.
3381 2445 3526 2499 Vidit
3572 2447 3838 2515 siquidem
3885 2464 3982 2500 rex

2417 2533 2704 2603 imaginem
2753 2550 3002 2602 magnam
3027 2576 3042 2600 ,
3079 2545 3302 2604 aspectu
3334 2538 3629 2590 terribilem
3651 2579 3664 2598 ,
3693 2540 3780 2591 cui
3818 2548 3988 2607 caput

2414 2639 2478 2677 ex
2507 2640 2674 2687 auro,
2721 2641 2916 2679 manus
2950 2641 3012 2680 ex
3060 2637 3317 2696 argento,
3355 2639 3542 2680 venter
3575 2638 3628 2681 et
3671 2629 3878 2683 femora
3914 2646 3983 2684 ex

2415 2731 2540 2778 tere,
2574 2731 2736 2769 crura
2767 2731 2795 2770 e
2828 2715 2996 2781 ferro,
3033 2718 3195 2786 pedes
3228 2733 3257 2771 e
3288 2727 3458 2782 testa;
3489 2720 3619 2773 vidit
3649 2721 3845 2775 deinde
3886 2736 3984 2774 rex

2418 2817 2624 2876 petram
2663 2808 2919 2877 grandem
2963 2823 2992 2862 e
3029 2817 3211 2863 monte
3247 2811 3367 2864 sine
3411 2812 3646 2878 alicujus
3686 2827 3789 2880 ope
3828 2814 3987 2866 exci-

2415 2912 2528 2949 sam
2551 2938 2564 2960 ,
2596 2914 2716 2965 quae
2750 2898 3036 2967 imaginem
3071 2899 3230 2954 istant
3268 2902 3598 2956 confractam
3632 2905 3988 2967 comminuit,

2413 2989 2548 3042 adeo
2615 3000 2672 3043 ut
2737 2991 2947 3044 nullunt
3008 2991 3174 3060 ipsius
3231 2995 3516 3064 vestigium
3573 2997 3987 3063 perciperetur;

2414 3090 2560 3147 petra
2596 3091 2775 3133 autent
2829 3097 2980 3134 mons
3027 3098 3256 3150 magnus
3289 3087 3483 3146 evasit,
3530 3093 3837 3154 terramque
3882 3089 3992 3140 im-

2415 3171 2617 3239 plevit:
2656 3173 2754 3225 hoc
2794 3180 2878 3227 est
2913 3175 3056 3242 quod
3100 3175 3233 3228 vidit
3283 3191 3398 3230 rex.
3443 3178 3827 3246 Interpretatio
3864 3179 3992 3246 ejus

2413 3265 2555 3316 lucc:
2587 3263 2688 3324 Tu,
2724 3279 2755 3316 ο
2789 3279 2906 3329 rex,
2931 3274 3093 3334 caput
3128 3281 3186 3320 es
3246 3266 3498 3336 imaginis
3535 3269 3692 3322 istius
3731 3284 3986 3333 aureum;

2411 3363 2532 3421 post
2567 3364 2988 3439 te‘reguaturus
3025 3371 3114 3409 rex
3160 3368 3209 3410 te
3259 3357 3512 3421 inferior,
3555 3369 3838 3427 argentum
3874 3371 3986 3424 est;

2411 3455 2531 3513 post
2570 3446 2743 3514 ipsum
2784 3447 2901 3514 ipso
2953 3446 3209 3508 inferior,
3242 3463 3349 3514 tes;
3385 3447 3546 3518 252
3582 3462 3700 3518 post
3731 3452 3881 3504 illum
3920 3469 3990 3503 eo

2414 3535 2662 3599 inferior,
2698 3536 2936 3601 ferrum;
2977 3549 3097 3605 pest
3126 3553 3285 3606 quem
3323 3537 3557 3607 denique
3594 3548 3646 3592 ct
3682 3539 3798 3607 ipso
3840 3540 3990 3594 infe-

2407 3629 2522 3682 rior
2557 3638 2907 3697 regnaturus,
2937 3635 3078 3682 testa
3110 3639 3235 3682 est:
3273 3640 3325 3681 at
3358 3640 3480 3698 post
3508 3630 3686 3698 ipsum
3722 3639 3990 3698 regnatu-

2408 3735 2500 3775 rus
2523 3729 2608 3773 est
2634 3735 2723 3773 rex
2755 3734 2981 3786 magnus
3006 3718 3164 3787 cujus
3191 3734 3413 3788 regnum
3441 3735 3718 3785 nunquam
3743 3723 3983 3776 desinet:

2407 3817 2460 3861 et
2491 3807 2951 3876 quemadmodum
2982 3807 3175 3865 .vidisti
3207 3817 3413 3877 petram
3442 3823 3472 3862 e
3517 3819 3696 3863 monte
3728 3811 3850 3864 sine
3881 3813 3990 3865 ali-

2407 3897 2564 3967 cujus
2602 3912 2705 3967 ope
2745 3898 2983 3951 excisam
3029 3912 3152 3966 qua:
3194 3897 3483 3965 imaginem
3525 3898 3827 3968 confregit,
3868 3910 3984 3953 ter-

2408 4004 2632 4056 ramque
2679 3988 2952 4058 implevit,
3000 3991 3076 4041 ita
3123 3989 3229 4041 erit
3272 4000 3330 4041 ut
3368 4004 3461 4042 rex
3517 3990 3618 4043 iste
3669 3992 3763 4043 toti
3819 4001 3988 4047 terra:

2408 4081 2723 4134 dominetur
2765 4095 2940 4147 usque
2985 4080 3038 4132 in
3085 4079 3367 4137 sarculum.
3411 4079 3814 4135 Bocbtauasser
3852 4101 3986 4154 ergo

2409 4171 2680 4225 Danielent
2724 4181 2874 4224 veste
2902 4171 3154 4224 indutum
3199 4172 3402 4225 honore
3432 4172 3645 4234 aﬂ‘ecit,
3690 4176 3983 4229 omnibus-

2407 4277 2514 4330 que
2544 4262 2758 4317 Babclis
2786 4262 2963 4317 doctis
3001 4263 3266 4331 prscfecit,
3295 4264 3599 4334 domusque
3627 4282 3737 4319 sum
3777 4271 3990 4335 princi—

2409 4369 2526 4422 pem
2555 4354 2842 4406 constituit
2874 4370 2887 4417 ;
2920 4354 3139 4407 nomine
3171 4351 3412 4407 Beltasar
3439 4355 3540 4423 ipsi
3576 4357 3770 4409 indito.
3804 4358 3988 4411 Porro

2405 4451 2549 4497 anno
2573 4445 2908 4512 captivitatis
2938 4443 3282 4513 Babylonica
3317 4447 3511 4513 quinto
3544 4457 3663 4513 post
3693 4450 3987 4503 destructa

737 4555 856 4592 rum
899 4554 963 4592 ex
1011 4536 1266 4605 Egypto,
1314 4534 1462 4587 mille
1507 4536 1783 4599 octoginta
1834 4545 1964 4587 tres.
2018 4535 2099 4588 Ab
2129 4536 2304 4587 Abra—
2337 4553 2380 4605 ι)
2411 4533 2822 4603 Hierosolyma,
2873 4538 3273 4604 propltetaruut
3332 4536 3512 4590 Babeli
3568 4554 3632 4592 ex
3686 4539 3980 4606 lsraelitis,

737 4633 928 4692 hamo,
967 4629 1111 4681 mille
1158 4627 1437 4695 quingenti
1473 4625 1789 4694 nonaginta.
1829 4625 1870 4676 Α
1908 4623 2176 4688 Phaleko,
2220 4626 2303 4680 bis

737 4722 884 4774 mille
928 4728 1147 4773 centum
1198 4717 1418 4783 triginta
1463 4723 1515 4768 et
1554 4729 1714 4768 unus.
1750 4715 1792 4766 A
1821 4714 2021 4768 diluvio
2044 4716 2124 4767 bis
2159 4716 2305 4768 mille

737 4813 976 4867 sexcenti
1023 4810 1306 4875 sexaginta
1359 4807 1486 4860 duo.
1524 4807 1606 4859 Ab
1637 4805 1870 4866 Adanto,
1922 4816 2114 4874 quater
2163 4807 2305 4862 mille

737 4903 990 4970 nongenti
1024 4911 1075 4952 et
1112 4900 1437 4952 octodecim.
1485 4899 1675 4960 Porro,
1724 4896 2129 4950 Boclttanasser
2158 4912 2303 4950 anno

737 4996 887 5064 regni
913 4995 992 5048 sui
1034 4993 1248 5046 decimo
1280 5001 1496 5053 octavo,
1528 5004 1592 5043 eo
1621 5004 1812 5057 nempe
1846 4991 1936 5058 qui
1968 4990 2302 5044 destructio-

737 5104 856 5140 nem
904 5085 1092 5153 tempii
1144 5084 1392 5151 proxime
1440 5081 1736 5133 antecessit
1782 5089 2015 5132 statuant
2063 5096 2128 5132 ex
2170 5095 2304 5134 auro

736 5176 992 5230 conﬂavit
1014 5174 1231 5230 cubitos
1259 5174 1421 5225 altam
1453 5173 1754 5238 sexaginta,
1790 5172 1951 5223 latam
1977 5187 2070 5224 sex
2095 5187 2109 5228 :
2139 5186 2301 5239 quam

735 5283 858 5319 cntn
895 5270 944 5319 in
977 5266 1153 5319 medio
1190 5266 1344 5319 urbis
1374 5264 1536 5317 Babel
1567 5266 1870 5321 statuisset.
1908 5281 2101 5318 omnes
2133 5267 2302 5333 impe-

739 5360 818 5410 rio
869 5373 968 5412 suo
1015 5357 1259 5411 subditos
1299 5358 1471 5424 ipsam
1535 5357 1760 5411 adorare
1808 5357 2013 5425 jussit:
2065 5357 2208 5424 quod
2258 5357 2302 5410 si

737 5452 861 5520 quis
893 5451 1071 5504 facere
1099 5457 1376 5502 recusaret
1399 5449 1454 5501 in
1482 5446 1704 5502 fornace
1733 5449 1872 5517 ignis
1899 5449 2303 5503 comburendus

736 5554 875 5601 erat.
914 5547 1194 5614 Selegerat
1233 5553 1410 5595 autem
1452 5543 1553 5596 sibi
1591 5540 1992 5611 Bocbtanasser
2021 5559 2086 5597 ex
2127 5541 2302 5596 lsrae-

737 5640 850 5691 litis
877 5651 1076 5706 pueros
1104 5645 1236 5696 tres,
1265 5647 1496 5702 quorum
1529 5647 1698 5686 unum
1727 5636 2020 5704 appellavit
2045 5633 2298 5698 Sidraclt,

735 5730 962 5782 alterum
1017 5725 1255 5788 Misaclt,
1309 5725 1528 5778 tertium
1581 5725 1906 5794 Abd-Nagu.
1959 5724 2095 5780 'l'rcs
2147 5728 2296 5795 pueri

737 5820 826 5874 isti
875 5835 998 5874 cunt
1047 5817 1250 5872 idolum
1302 5831 1407 5869 non
1456 5816 1776 5882 adorarent,
1816 5819 1970 5888 jussu
2022 5819 2191 5887 ipsius
2245 5819 2296 5871 in

2408 4624 2620 4678 Ezekiel
2663 4625 2806 4678 filius
2856 4623 3022 4690 Buzi,
3074 4627 3193 4679 loco
3241 4626 3388 4679 dicto
3429 4627 3711 4692 Carmeia;
3763 4630 3977 4687 Bai-uolt

2403 4716 2578 4770 Neria:
2625 4717 2801 4780 ﬁlius,
2845 4716 3015 4769 frater
3058 4717 3190 4785 ejus.
3209 4717 3404 4780 Saras,
3440 4719 3627 4772 Daniel
3659 4737 3688 4774 e
3723 4727 3979 4792 prosapia

2406 4807 2682 4869 Davidica,
2717 4806 3088 4872 Mordecliani,
3127 4808 3448 4874 Benjamita,
3483 4807 3669 4872 ll.icai,
3707 4809 3978 4865 Zacharia

2406 4900 2546 4952 ﬁlius
2579 4897 2887 4960 Baraeltim,
2923 4898 3219 4951 Malzicliias
3246 4939 3258 4959 ,
3295 4898 3447 4959 Ezz-a,
3480 4914 3530 4951 et
3566 4899 3796 4953 Nabnm.
3829 4901 3982 4954 Fne~

2406 4999 2639 5058 runtque
2673 4988 2908 5059 {Egypto
2940 4991 3214 5058 prepbeta:
3254 4989 3528 5052 llabaenc,
3572 4990 3898 5056 Situeonita,
3925 5017 3935 5044 l
3958 5004 3982 5046 ε

2402 5081 2654 5135 Jeremia.
2680 5079 2980 5134 Culuerunt
3005 5092 3184 5134 autent
3214 5080 3471 5134 Israeliue
3496 5082 3547 5133 in
3575 5081 3770 5136 Babele
3802 5085 3974 5148 idola,

2402 5174 2472 5227 ob
2498 5172 2642 5241 quod
2677 5187 2798 5224 cum
2833 5172 2979 5238 ipsos
3014 5170 3320 5239 increparet
3357 5172 3564 5224 lizeltiel
3595 5173 3883 5242 propheta,
3920 5177 3974 5227 in

2402 5279 2526 5316 eunt
2566 5263 2834 5316 irruentes
2869 5261 3236 5316 Israelitarunt
3274 5263 3542 5329 primores
3579 5273 3753 5316 morte
3791 5266 3973 5332 ipsum

2405 5356 2727 5408 multarunt.
2788 5355 2956 5408 Porro
3015 5353 3416 5406 Boclttanasser
3473 5369 3615 5406 anno
3673 5358 3821 5424 regni
3887 5359 3974 5410 sui

2406 5447 2663 5501 vicesimo
2717 5447 2911 5513 quinto
2967 5444 3259 5515 Egypturn
3321 5444 3595 5512 profectus
3648 5462 3802 5515 rcges
3852 5449 3977 5514 ejus

2405 5535 2715 5601 interfecit;
2750 5537 3144 5605 imperavitque
3181 5534 3437 5605 A‘lgypto,
3472 5537 3662 5606 Syrize,
3701 5545 3977 5605 terr-.eqne

2400 5629 2574 5692 ludat,
2603 5628 2974 5693 Itomazorum,
3021 5627 3358 5689 Graecorum,
3409 5629 3624 5690 l’ersiae,
3664 5631 3878 5683 Habetis
3919 5644 3978 5682 et

2403 5721 2694 5776 ΑΙ-ΜιιεέιΙ.
2727 5721 2922 5774 Totum
2960 5721 3108 5789 regni
3137 5719 3256 5786 ejus
3283 5720 3519 5786 spatium
3556 5738 3822 5771 :tunorutn
3851 5733 3978 5772 erat

2403 5817 2760 5886 quadraginta
2808 5815 3082 5883 quinque,
3139 5827 3366 5880 quorum
3412 5813 3782 5865 novetndeeim
3817 5829 3974 5863 ext-t-
