4200 6432
188 419 294 481 965

1609 412 1978 473 ANNALES.

3318 399 3424 464 966

187 524 339 577 diuzn
381 517 734 589 353-255
778 519 1271 588 Hierosolymorum
1308 528 1359 572 et
1397 519 1763 587 captivitatem
1798 526 1843 583 Α
1874 529 1995 582 set,
2036 533 2144 570 rem
2186 517 2258 569 illi
2283 514 2518 570 confessi
2550 525 2717 578 sunt;
2756 528 2922 583 quare
2952 522 3003 565 et
3050 512 3252 564 idolum
3296 528 3430 566 cur

190 613 557 667 lsraelitarum
588 618 1037 673 antecesserunt;
1077 609 1263 678 viginti
1284 624 1375 662 sex
1411 609 1578 663 secuti
1610 617 1757 662 sunt.

266 700 485 754 Mortuo
518 697 945 750 Bochtauassero
978 712 1120 764 rege,
1155 702 1274 761 post
1296 695 1469 762 ipsum
1526 697 1763 763 regnavit

193 792 339 843 ﬁlius
380 789 551 858 ipsius
589 779 985 840 [ivit-Mardoclt
1039 801 1213 839 annus
1265 787 1445 854 viginti
1508 797 1630 838 tres.
1669 784 1765 839 llic

187 877 457 935 Joachim.
490 875 855 928 Israelitarum
894 888 1116 943 regem,
1148 890 1176 926 e
1212 888 1426 927 carcere.
1455 871 1708 925 cdtlt'ttttlt
1746 913 1760 935 ,

196 980 345 1025 veste
381 970 581 1029 induit,
618 969 861 1035 beneque
890 967 1164 1027 tractavit,
1199 980 1297 1020 nec
1324 981 1430 1018 nou
1487 964 1760 1018 Israelitas

187 1072 456 1131 quotquot
488 1063 538 1114 in
572 1075 788 1113 carcere
819 1066 974 1111 erant
1026 1057 1252 1111 dimisit.
1291 1056 1523 1109 Jerentia
1576 1067 1755 1107 autem

189 1156 457 1221 propheta
485 1154 539 1205 in
576 1151 810 1218 {Egypto
847 1149 1174 1218 lapidatione
1230 1163 1259 1201 e
1289 1147 1467 1200 medio
1502 1146 1753 1200 sublatus

187 1260 290 1299 eSt.
321 1242 590 1310 lapidibus
621 1240 821 1307 petitus
856 1240 1171 1308 usquedqu
1199 1246 1514 1302 moreretur,
1535 1235 1759 1306 [ibique]

188 1333 459 1401 sepultus.
498 1329 701 1384 Ferunt
731 1329 1101 1384 Alexandrum
1159 1344 1281 1382 cum
1326 1328 1620 1398 [Egyptnm
1673 1345 1755 1379 ιιι-

187 1439 411 1490 εινςςιις
449 1432 615 1484 esset,
646 1420 897 1476 Ieremia.-
938 1422 1215 1488 prophetae
1264 1434 1466 1487 corpus
1512 1422 1749 1472 Alexan-

188 1518 363 1567 driam
396 1515 720 1567 translatum
760 1514 830 1566 ibi
870 1513 1169 1579 sepeliisse.
1224 1510 1438 1564 Mortuo
1470 1510 1584 1562 Evil
1617 1508 1761 1561 Mar-

188 1608 369 1658 duchn
401 1613 523 1673 post
568 1605 744 1673 ipsum
816 1604 1051 1657 triennio
1110 1602 1351 1671 regnavit
1408 1601 1549 1656 filius
1588 1602 1761 1669 ipsius

207 1696 456 1755 3eltasar.
474 1694 669 1749 deinde
693 1693 1009 1746 interfectus
1032 1702 1135 1747 est.
1157 1694 1384 1761 Quippe,
1418 1709 1537 1746 cum
1560 1694 1763 1746 iustru~

190 1799 281 1839 cto
315 1785 565 1838 convivio
598 1800 698 1836 una
726 1800 849 1838 cum
875 1783 1173 1839 comitibus
1196 1785 1311 1837 suis
1365 1785 1551 1837 ederet
1584 1800 1648 1836 ac
1680 1785 1761 1836 bi-

194 1882 370 1940 beret,
396 1877 716 1943 ebriusjam
749 1875 928 1928 factus
952 1874 1135 1927 afferri
1179 1874 1345 1940 jussit
1394 1890 1522 1927 vasa
1573 1875 1755 1941 templi
1791 1861 1831 1917 Β

185 1984 350 2021 aurea
379 1978 431 2019 et
456 1977 707 2034 argentea
730 1982 848 2034 qua:
876 1965 1262 2034 Hierosolymis
1286 1966 1600 2018 abduxisset
1625 1981 1756 2020 avus

187 2059 359 2125 ipsius
397 2058 816 2120 Bochtanasser,
854 2059 905 2109 in
935 2058 1133 2125 quibus
1169 2072 1292 2109 cum
1331 2057 1553 2110 bibisset
1581 2066 1634 2111 et
1667 2074 1755 2110 so-

185 2147 287 2199 ciis
316 2147 434 2200 suis
461 2146 749 2198 bibendum
790 2147 1129 2213 pncbuissct.
1158 2145 1365 2199 interea
1395 2148 1523 2199 dum
1558 2148 1610 2199 in
1641 2148 1759 2200 loco

187 2254 289 2289 suo
322 2237 615 2298 dormiret,
649 2236 783 2289 vidit
836 2251 963 2289 ecce
998 2236 1174 2289 volam
1218 2252 1409 2290 manus
1443 2238 1493 2289 in
1531 2238 1754 2305 pariete,

185 2329 346 2392 cujus
371 2327 519 2395 digiti
549 2325 798 2396 [aliquid]
828 2327 1153 2379 scriberent.
1187 2325 1378 2393 Magno
1424 2328 1583 2393 igitur
1610 2337 1755 2381 metu

185 2426 796 2470 consternatusomnes
848 2415 1269 2484 Babyloniorum
1311 2417 1504 2470 doctos
1554 2435 1756 2470 convo-

186 2510 329 2559 eavit
370 2517 429 2560 ut
463 2509 791 2575 scripturam
834 2509 993 2559 istam
1029 2507 1268 2575 legerent
1302 2516 1463 2575 atque
1488 2509 1755 2577 interpre-

188 2609 458 2652 tarentur.
499 2597 654 2661 Quod
690 2612 810 2650 cum
852 2598 923 2649 illi
953 2599 1133 2653 facere
1171 2613 1276 2650 non
1326 2605 1566 2665 possent,
1612 2601 1755 2671 duxe-

186 2700 314 2741 runt
377 2689 490 2757 regi
530 2688 665 2742 :list
723 2690 808 2741 hic
848 2706 909 2742 cx
968 2687 1223 2743 lsraclitis
1264 2691 1507 2755 quidam,
1538 2692 1753 2743 nomine

187 2778 399 2840 Daniel,
435 2794 596 2846 quem
632 2778 697 2830 ad
739 2780 998 2832 honorem
1042 2782 1238 2843 evexit,
1294 2789 1346 2833 ct
1408 2782 1584 2848 magni
1632 2784 1757 2833 fecit

186 2882 322 2920 avus
366 2878 490 2921 tuus
523 2869 960 2933 Buchtanasser;
997 2870 1086 2922 ille
1107 2869 1270 2939 256
1295 2870 1389 2921 tibi
1429 2873 1756 2938 scripturam

189 2959 332 3010 hanc
372 2969 425 3011 et
479 2958 620 3026 leget
650 2967 704 3011 et
771 2960 1239 3027 interpretabitur.
1299 2963 1597 3015 Arectsivit
1630 2979 1758 3030 ergo

189 3063 286 3100 rex
322 3047 627 3113 Danielcm,
664 3051 757 3118 qui
808 3051 938 3102 illud
970 3052 1113 3117 quod
1169 3051 1429 3117 scriptum
1491 3052 1594 3106 fuit
1654 3055 1754 3122 ipsi

188 3141 337 3204 legit.
372 3138 500 3191 Erat
529 3151 730 3205 autem,
769 3140 925 3201 ναμε.
949 3140 1151 3206 Tltecel,
1190 3142 1753 3214 Pharas.Dixitergo;
1784 3176 1827 3235 Ο

188 3230 574 3299 Iuterpretatio
594 3232 753 3295 Mani,
783 3243 886 3297 est,
922 3232 1063 3285 Deus
1095 3249 1318 3301 regnum
1351 3245 1500 3286 tttum
1536 3235 1760 3301 perfecit

186 3330 243 3370 et
269 3320 336 3371 ad
372 3322 801 3388 magnitudinem
837 3323 1109 3391 perduxit.
1131 3324 1509 3393 Interpretatio
1541 3327 1757 3391 Tltecel,

188 3425 419 3479 regnum
449 3413 539 3463 ubi
572 3411 866 3480 perfectum
897 3413 1080 3478 fuerit,
1103 3414 1351 3467 deficere.
1381 3415 1757 3483 Interpretatio

184 3498 416 3563 Pharas,
452 3516 677 3569 regnum
726 3511 877 3555 tuum
910 3503 1079 3557 Medis
1114 3513 1168 3557 ct
1201 3503 1377 3557 Persis
1408 3505 1754 3559 distributum

186 3593 271 3645 iri.
319 3590 429 3645 Rex
465 3609 593 3660 ergo
650 3593 923 3646 Danielem
972 3603 1120 3647 veste
1154 3603 1207 3648 et
1244 3606 1434 3663 torque
1470 3612 1639 3650 aureo
1673 3603 1753 3651 in-

183 3684 326 3735 duit.
367 3681 471 3733 Ista
510 3690 692 3735 autem
724 3694 884 3735 nocte
915 3682 1231 3736 interfectus
1261 3695 1341 3735 cst
1378 3701 1467 3737 rex
1492 3684 1758 3745 Deltasar,

188 3770 550 3839 Iteguumque
585 3781 706 3840 post
753 3774 928 3839 ipsqu
978 3774 1269 3841 occupavit
1329 3774 1523 3830 Darius
1577 3776 1751 3830 Asriri

183 3863 353 3923 lilins,
384 3860 593 3924 Medus,
624 3876 654 3913 e
688 3860 1098 3916 Madaurensium
1130 3880 1211 3918 se.
1247 3867 1434 3933 stirpe,
1461 3882 1602 3920 anno
1624 3884 1757 3922 uno.

184 3953 283 4004 llic
316 3962 499 4005 autem
529 3963 868 4021 assumptum
896 3954 1165 4007 Daniclem
1189 3958 1449 4010 exercuui
1484 3975 1584 4011 suo
1618 3974 1752 4026 pra:-

183 4042 334 4101 fecit,
371 4056 529 4109 quam
562 4040 635 4094 ob
673 4056 894 4094 causam
954 4044 1153 4095 invidia
1194 4060 1325 4110 ergo
1374 4046 1546 4114 ipsum
1599 4064 1749 4101 com-

184 4134 341 4192 moti,
381 4131 549 4183 duces
576 4132 712 4198 ejus,
773 4131 947 4197 ipsum
1000 4134 1137 4200 apud
1201 4150 1378 4203 regem
1432 4136 1750 4190 inwsaruut

182 4221 431 4272 dicentes
464 4236 478 4272 :
512 4221 719 4273 Dauieli
767 4222 819 4272 in
852 4224 1032 4274 animo
1062 4233 1144 4277 est
1180 4225 1231 4275 in
1279 4240 1456 4292 regem
1487 4227 1748 4281 rebellare

182 4322 348 4379 atque
385 4312 563 4378 ipsum
604 4312 928 4364 interficere.
964 4313 1209 4377 Coujccit
1251 4327 1383 4381 ergo
1412 4329 1505 4366 rex
1554 4312 1751 4367 Danie-

183 4400 286 4450 lem
318 4401 371 4450 in
411 4398 588 4450 laeum
623 4399 878 4451 leonibus
919 4403 1245 4456 truculentis
1274 4403 1516 4471 plenum.
1550 4403 1749 4457 Deinde

1872 608 2053 676 fregit,
2082 618 2133 660 et
2167 608 2395 662 famulos
2437 615 2611 659 morte
2633 606 2829 659 alt‘ncit.
2880 603 3009 658 Fuit
3042 604 3209 658 etiam
3242 601 3427 656 Baheli

1864 700 2028 753 draco
2067 700 2420 767 praegrandis,
2471 711 2633 767 quem
2666 712 2786 748 cum
2817 696 3027 751 Babelis
3058 695 3251 749 incola:
3280 694 3431 747 cole-

1867 799 2011 851 rent,
2050 788 2238 841 Daniel
2276 788 2383 849 regi
2420 806 2433 842 :
2473 788 2529 841 Si
2558 785 2692 840 mihi
2756 784 2810 838 in
2865 786 3039 854 ipsum
3101 789 3421 854 potestatem

1863 878 2223 935 concesseris.
2256 892 2356 945 ego
2385 876 2555 944 ipsum
2602 875 2946 930 interficiant.
2992 875 3244 942 Acceptis
3298 889 3431 945 ergo

1864 974 2042 1040 adtpt‘,
2076 970 2191 1039 pice
2225 980 2277 1023 et
2312 970 2459 1038 pilis,
2497 970 2671 1036 iisque
2702 968 2947 1023 subactis
2978 983 3099 1021 cum
3136 970 3426 1022 draconem

1870 1065 2113 1117 cihasset
2142 1063 2253 1130 ipse
2278 1062 2423 1114 illico
2448 1070 2691 1113 mortuus
2720 1071 2821 1113 est.
2854 1058 2984 1113 Viso
3011 1074 3141 1127 ergo
3183 1058 3309 1127 quid
3362 1062 3433 1112 fe-

1863 1156 2027 1208 cisset
2082 1153 2266 1205 Daniel
2329 1151 2530 1203 iuvidia
2584 1166 2707 1217 erga
2761 1166 2881 1203 eum
2936 1150 3065 1203 moti
3122 1148 3429 1216 B.ebyettii,

1864 1244 2037 1312 ipsmn
2087 1242 2230 1309 apud
2267 1256 2442 1309 regem
2506 1238 2843 1303 delerebant,
2907 1239 3195 1292 dicentes:
3236 1236 3417 1288 Daniel

1861 1332 2061 1384 caedem
2101 1342 2249 1383 tuam
2302 1332 2543 1385 molitur.
2605 1327 2781 1382 Iratus
2820 1340 2949 1395 ergo
2998 1340 3089 1379 rex
3134 1326 3311 1393 ipsum
3370 1326 3428 1377 in

1862 1426 2176 1491 speluncam
2208 1424 2336 1476 feris
2376 1424 2559 1476 noxiis
2592 1422 2805 1490 plenam
2862 1419 3117 1485 coniecit,
3178 1419 3265 1469 nlii
3326 1433 3420 1470 sex

1860 1516 2055 1568 diebtts
2110 1516 2393 1580 substitit;
2473 1513 2600 1567 feris
2661 1514 2779 1565 istis
2835 1512 3141 1564 dimensum
3197 1510 3429 1577 singulis

1860 1606 2053 1659 dieltus
2074 1615 2189 1658 erat
2224 1609 2386 1659 boves
2415 1606 2551 1668 bini,
2584 1622 2706 1656 eum
2752 1606 2947 1657 ovibus
2997 1602 3137 1654 binis
3171 1619 3184 1654 :
3218 1611 3273 1654 at
3328 1617 3423 1655 sex

1863 1693 1981 1747 istis
2024 1695 2215 1749 diebus
2266 1696 2399 1747 nihil
2431 1694 2654 1746 omnino
2705 1695 2885 1746 carnis
2940 1692 3242 1759 c0njeetum
3299 1689 3420 1744 fuit.

1864 1782 2111 1855 llabacuc
2151 1795 2330 1839 autem
2362 1784 2676 1852 prophetam
2711 1784 2801 1851 qtti
2846 1783 2897 1835 in
2927 1790 3071 1833 terra
3101 1777 3272 1842 ludas,
3301 1774 3422 1833 loco

1860 1877 2094 1942 quodam
2131 1876 2279 1928 dicto
2332 1872 2537 1936 Tekoa,
2582 1874 2705 1934 fuit,
2760 1875 2885 1924 dum
2928 1871 3097 1923 lentes
3144 1877 3425 1936 coqueret,

1859 1976 1909 2016 et
1940 1980 2129 2032 panem
2156 1965 2401 2016 intritum
2436 1964 2707 2031 paropsidi
2741 1960 2970 2023 iuderct,
3003 1976 3112 2028 quo
3151 1973 3426 2013 messores

1860 2054 2086 2114 cibaret,
2115 2068 2143 2106 ο
2168 2054 2308 2107 coelo
2342 2054 2651 2105 inclamavit
2678 2053 2934 2119 angelus:
2958 2050 3101 2103 lleus
3137 2051 3411 2113 llabacuc.

1861 2139 1990 2193 illud
2027 2141 2169 2208 quod
2199 2142 2336 2208 apud
2369 2150 2421 2193 te
2446 2152 2548 2202 cst,
2578 2141 2643 2192 ad
2678 2142 2975 2205 Danielcm,
3024 2139 3293 2203 Balielem,
3348 2140 3423 2194 fe-

1862 2246 1987 2297 ras;
2052 2232 2141 2283 ille
2199 2231 2463 2299 siquidem
2513 2231 2625 2299 jam
2678 2246 2771 2284 sex
2828 2232 3043 2293 diebus,
3112 2232 3313 2296 quibus
3368 2234 3425 2283 in

1860 2322 2118 2390 Spelunca
2155 2323 2387 2375 ferarum
2424 2321 2547 2386 fuit,
2590 2322 2722 2375 nihil
2768 2322 3017 2376 comedit.
3075 2321 3421 2375 llaharueum

1859 2428 1988 2482 ergo
2041 2416 2353 2482 prophetam
2389 2414 2552 2483 26o
2580 2414 2777 2479 capillo
2828 2414 3018 2480 capitis
3078 2415 3427 2481 prehendunt,

1863 2519 1967 2556 una
2017 2518 2141 2557 cum
2178 2505 2299 2558 cibn
2330 2506 2421 2573 qui
2455 2506 2506 2556 in
2536 2505 2789 2557 manibus
2832 2503 2953 2570 ejus
3004 2502 3121 2567 fuit,
3178 2503 3422 2557 Balielcm

1863 2598 2118 2664 portavit,
2154 2605 2204 2648 et
2230 2612 2391 2665 διευς-ι’
2417 2597 2587 2648 lacum
2626 2596 2676 2647 in
2705 2611 2811 2662 quo
2843 2605 2960 2647 erat
2994 2596 3176 2649 Daniel
3204 2596 3381 2664 posuit
3406 2613 3421 2659 ;

1860 2692 1948 2759 qui
1978 2707 2106 2760 ergo
2138 2692 2312 2759 ipsum
2342 2692 2643 2744 inclamans
2663 2690 2800 2742 divit
2839 2709 2852 2741 :
2880 2688 2923 2742 Ο
2948 2688 3155 2751 Daniel,
3191 2704 3276 2742 me
3316 2688 3423 2740 Ila-

1861 2784 2127 2835 bacucum
2156 2784 2301 2835 misit
2324 2783 2389 2835 ad
2425 2791 2475 2835 te
2506 2782 2762 2835 Dominus
2795 2795 2914 2833 rum
2947 2782 3075 2834 cibo
3101 2797 3209 2849 quo
3237 2796 3426 2834 vesca-

1863 2872 1959 2925 ris.
1992 2871 2307 2926 Asccudens
2330 2887 2459 2941 ergo
2490 2872 2673 2925 Daniel
2708 2889 2737 2923 e
2776 2871 2895 2924 lacu
2928 2873 3191 2935 comedit,
3220 2871 3417 2923 Deum-

1861 2976 1968 3028 que
2027 2962 2339 3022 celebravit,
2388 2976 2451 3013 ac
2512 2975 2725 3014 rursum
2782 2960 2833 3011 in
2891 2960 3068 3013 lacum
3119 2960 3420 3013 descendit.

1862 3051 2209 3106 llabacueum
2238 3064 2416 3105 autem
2451 3051 2721 3104 sublatum
2751 3050 2803 3103 iu
2834 3063 3029 3103 terram
3061 3050 3210 3104 Jrudae
3240 3066 3421 3118 repur-

1863 3141 1995 3193 tavit
2040 3142 2292 3209 angelus.
2331 3139 2532 3194 Deinde
2585 3154 2677 3193 rex
2738 3140 3057 3207 pmnitent-ia
3118 3149 3294 3193 notus
3354 3141 3423 3192 ob

1864 3232 1991 3285 illud
2023 3231 2166 3300 qttod
2227 3230 2431 3283 Danieli
2501 3229 2725 3291 fecerat,
2782 3230 2955 3298 ipsum
2979 3246 3010 3282 e
3036 3244 3200 3296 specu
3233 3245 3261 3283 a
3293 3230 3425 3283 feris

1866 3322 2129 3373 intactum
2167 3320 2391 3383 eduxit;
2427 3319 2568 3386 qttod
2612 3321 2843 3373 miratus
2877 3335 2966 3372 rex
3021 3321 3194 3387 ipsum
3236 3320 3427 3387 praeh-

1860 3418 2026 3463 rtura:
2056 3411 2334 3463 exercitus
2369 3412 2626 3463 restituit.
2658 3409 2837 3477 Cyrus
2872 3422 3050 3463 autem
3077 3410 3258 3467 Persa.
3290 3425 3413 3462 cum

1858 3503 2096 3555 triennio
2153 3511 2474 3571 regnasset,
2534 3511 2780 3556 mortuus
2834 3513 2941 3563 est,
2990 3513 3246 3569 regnante
3296 3513 3418 3571 pust

1860 3593 2033 3661 ipsum
2070 3593 2544 3648 Acbashavirosho
2574 3608 2748 3646 annos
2767 3594 3070 3647 duodecim.
3097 3592 3223 3648 Post
3250 3611 3414 3661 quem

1858 3685 2000 3737 filius
2040 3684 2213 3751 ipsius
2248 3684 2441 3754 Cyrus,
2498 3685 2915 3754 cognominatus
2974 3683 3187 3745 Darius.
3238 3700 3417 3740 annos

1856 3772 2073 3843 triginta
2113 3774 2414 3841 imperavit.
2457 3774 2634 3839 Cujus
2678 3773 2825 3841 regni
2863 3788 3005 3825 anno
3059 3774 3233 3841 primo
3288 3788 3411 3825 mox

1854 3864 1996 3916 diem
2029 3864 2166 3916 obiit
2202 3863 2387 3916 Daniel
2420 3865 2701 3933 propheta.
2734 3867 2891 3917 Auno
2923 3875 3099 3919 autem
3130 3867 3276 3934 regni
3324 3866 3421 3919 suii

1855 3954 2094 4007 secundo
2143 3953 2414 4007 lsraclitas
2452 3953 2822 4025 Hierosolyma
2878 3956 3076 4018 redire,
3115 3957 3423 4023 urbemque

1854 4057 1917 4094 ac
1954 4045 2211 4110 templum
2236 4058 2279 4095 ω
2302 4043 2501 4095 lilicare
2525 4046 2709 4110 jussit.
2749 4046 2917 4111 Cujus
2946 4060 3107 4099 causa
3132 4044 3235 4098 fuit
3262 4048 3411 4115 quod

1851 4134 2027 4200 Cyrus
2062 4132 2249 4197 Persa,
2300 4135 2652 4189 Israelitidcm
2695 4137 2985 4203 quamdam
3033 4139 3252 4191 nomine
3296 4138 3410 4191 Ma-

1854 4222 2019 4286 Ieliat,
2043 4222 2390 4277 Zerobabclis
2414 4241 2681 4289 sororem,
2726 4242 2947 4278 uxorem
2982 4228 3209 4291 ducens,
3238 4230 3414 4297 ipsam

1854 4312 2141 4368 Persarum
2199 4325 2349 4371 more
2392 4314 2642 4387 reginam
2706 4319 3066 4373 constituerit.
3112 4318 3240 4385 Quae
3286 4336 3406 4375 cum

1853 4408 2024 4476 ipsam
2068 4418 2276 4461 amaret
2309 4411 2505 4479 Cyrus,
2550 4412 2703 4477 petiit
2749 4412 2815 4462 ab
2852 4413 2942 4463 illo
2967 4421 3024 4464 ut
3059 4411 3409 4468 Zorobabelis

183 4488 507 4555 paenitentia
566 4498 745 4541 motus
795 4500 896 4542 est.
969 4489 1059 4543 Die
1115 4508 1237 4560 erga
1298 4494 1597 4547 crastinoe
1630 4496 1745 4546 lacn
1784 4502 1823 4554 ι)

1784 4502 1823 4554 D
1854 4498 2039 4552 fratris
2062 4498 2350 4565 suiggratia
2386 4498 2655 4552 Israelitas
2681 4498 3050 4569 Hierosolyma
3087 4504 3411 4559 remitteret.

180 4586 463 4631 extractus
493 4587 575 4631 est
604 4578 789 4632 Daniel
821 4594 851 4631 a
891 4580 1020 4633 feris
1049 4580 1304 4634 intactus.
1348 4581 1590 4637 Metuens
1620 4600 1753 4649 ergo

182 4683 274 4722 rex
352 4668 518 4723 duces
595 4672 727 4723 istos
791 4669 882 4737 qui
955 4670 1226 4723 Danielem
1289 4681 1637 4725 accusasscnt
1697 4674 1746 4725 in

182 4761 503 4826 speluncam
524 4760 779 4827 conjecit,
804 4774 940 4828 quos
964 4759 1291 4813 devorarunt
1315 4760 1462 4813 ferze.
1479 4759 1746 4814 Daltielettl

181 4860 363 4903 autem
405 4849 737 4917 praefectura:
763 4850 1035 4904 exercitus
1069 4858 1123 4903 et
1154 4852 1412 4919 dynastia:
1443 4852 1699 4905 restituit.

252 4940 362 4994 Ubi
402 4951 580 4993 autem
614 4942 863 5008 periisset
913 4938 1111 4993 Darius
1142 4941 1425 4995 Persarum
1486 4957 1598 5004 rex,
1636 4945 1745 5010 pii-

184 5046 307 5085 mus
354 5032 445 5099 qui
476 5030 658 5086 Persis
700 5033 1005 5101 imperavit,
1044 5032 1143 5085 fuit
1202 5034 1375 5101 Cyrus
1436 5034 1617 5098 Persa,
1653 5036 1743 5102 qui

182 5124 348 5173 etiam
389 5120 663 5175 Danielem
695 5113 1090 5177 exercituisuo‘
1112 5124 1373 5192 praafecit.
1409 5124 1527 5177 Fuit
1561 5136 1739 5178 autem

184 5208 367 5263 Dabeli
400 5210 603 5263 idolum
636 5228 833 5265 :ereum
868 5214 1057 5281 ingens
1088 5214 1173 5265 ctti
1206 5231 1399 5267 nomen
1432 5214 1542 5279 Bel,
1586 5218 1745 5283 cujus

182 5304 494 5353 dimensum
911 5303 1283 5372 quotidianum
1311 5314 1425 5357 erat
1458 5306 1742 5359 duodecim

187 5394 355 5444 tnudii
389 5393 581 5446 similae
612 5410 779 5462 purae,
805 5410 935 5449 oves
985 5396 1365 5464 quadraginta,
1392 5408 1444 5451 et
1478 5400 1580 5451 vini
1618 5415 1741 5452 sex-

186 5485 306 5536 tarii
342 5497 462 5544 sex.
499 5486 643 5553 quod
694 5502 817 5539 eum
847 5472 1453 5557 quoudie'iadequitans
1502 5507 1591 5544 rex
1650 5491 1744 5543 ad-

190 5586 395 5637 oraret,
426 5578 731 5630 vetuiteum
763 5576 863 5631 hoc
911 5577 1087 5633 facere
1118 5576 1326 5644 Daniel,
1375 5580 1562 5637 dicens
1594 5600 1606 5635 :
1641 5587 1742 5647 Qui

189 5666 490 5720 inserviunt
542 5667 706 5732 idolo,
744 5670 843 5737 ipsi
894 5671 1013 5737 ejus
1054 5671 1361 5725 dimensum
1428 5676 1742 5729 comedunt.

186 5757 317 5809 Cum
345 5774 476 5827 ergo
508 5773 602 5813 rex
628 5761 941 5815 convocatis
970 5761 1185 5815 famulis
1219 5762 1335 5818 istis
1380 5768 1623 5821 minatus
1664 5784 1745 5823 es~

1852 4584 2025 4638 Jussit
2054 4601 2181 4653 ergo
2203 4584 2376 4654 Cyrus
2425 4585 2814 4640 Zorobabelem
2871 4586 3260 4659 Hierosolymis
3312 4594 3416 4645 iut-

1851 4690 2060 4742 perare.
2096 4673 2207 4728 Sub
2234 4676 2349 4743 ipso
2380 4676 2775 4743 propltetarunt
2825 4680 3074 4747 Aggacus,
3108 4694 3157 4732 et
3206 4679 3417 4735 Zacha-

1852 4765 1981 4817 rias.
2008 4763 2179 4817 Porro
2226 4766 2328 4817 fuit
2370 4768 2510 4835 Cyro
2557 4781 2876 4820 ωροιιυιιιυε
2938 4769 3287 4841 261-263
3343 4784 3421 4825 ex‘

1852 4858 2111 4911 lsraelitis
2152 4858 2372 4911 nomine
2404 4856 2731 4918 Nahthania,
2774 4858 2993 4927 llajalim
3036 4863 3198 4923 ftiius,
3234 4867 3326 4930 qui
3358 4874 3411 4915 et

1850 4950 2179 5017 captivitatis
2210 4948 2463 5017 princeps
2498 4948 2621 5002 fuit.
2661 4950 2747 5002 Ille
2785 4953 2966 5017 templi
3020 4955 3265 5004 struendi
3318 4970 3407 5005 eu-

1850 5058 1963 5095 ralu
1995 5042 2259 5105 suscepit,
2280 5056 2513 5108 quocum
2547 5059 2652 5094 una
2686 5042 2756 5094 fu.
2780 5054 2913 5095 I‘ltltt
2953 5045 3085 5095 lizra
3117 5043 3168 5093 Si
3191 5044 3316 5096 taliae
3348 5047 3411 5096 li-

1851 5134 1953 5187 lius
1987 5132 2263 5195 sacerdos,
2296 5140 2349 5184 et
2382 5130 2746 5185 lsraelitarunt
2778 5134 3087 5185 multitudn.

1917 5221 2033 5274 Jatu
2070 5238 2099 5274 a
2132 5224 2445 5289 captivitate
2472 5222 2796 5292 Babylonica
2834 5224 2898 5276 ad
2933 5227 3190 5293 templum
3218 5230 3408 5283 condi-

1852 5326 1959 5368 tum
1994 5316 2120 5366 auui
2149 5314 2744 5383 fueruntmptuagiuta.
2772 5318 2942 5370 Auan
2970 5327 3153 5371 autem
3177 5332 3412 5389 quatuor

1850 5405 2086 5473 perfecta
2145 5413 2229 5458 est
2297 5412 2609 5469 structura;
2681 5413 2972 5460 structura:
3019 5408 3134 5479 ejus
3195 5409 3409 5477 pra-fuit

1850 5495 2144 5549 Zerohabel
2181 5496 2323 5550 filius
2347 5498 2641 5560 Salatielis,
2678 5498 2769 5552 filii
2853 5499 3056 5564 Acbiae,
3087 5502 3177 5569 qui
3206 5515 3423 5570 cogito-2

1849 5588 2085 5641 rniuatus
2114 5598 2200 5640 est
2242 5586 2513 5651 Joachim,
2546 5586 2699 5642 Judae
2742 5590 2903 5658 regis,
2941 5606 3103 5659 quem
3135 5595 3408 5661 captivum

1848 5678 2141 5731 abductum
2177 5682 2227 5732 in
2262 5695 2537 5731 carcerem
2570 5681 2807 5749 eonjecit
2836 5681 3254 5737 Boelttanasser.
3300 5683 3406 5736 Re-

1851 5771 2034 5842 gnavit
2073 5781 2250 5825 autem
2278 5771 2580 5828 Zorobabcl
2612 5773 3001 5843 Hierosolymis
3025 5776 3077 5829 in
3108 5775 3401 5836 lsraelitas.
