4200 6432
794 389 898 450 967

1761 390 2121 451 EUTYCHII
2163 389 2694 450 ALEXANDRINI
2727 393 2943 454 PATR.

3932 412 4032 475 968

798 505 973 555 Porro
999 517 1105 556 uno
1129 508 1247 571 post
1280 501 1467 555 urbem
1496 503 1971 565 conditaiu,anno
2017 502 2158 555 diem
2218 503 2355 556 obiit
2400 511 2442 565 Α
2487 504 2665 556 donim
2731 520 2822 559 rex
2887 506 3168 577 Philippus
3227 512 3520 566 Alexandri
3584 528 3751 584 pater.
3822 521 4034 579 Mortuo

800 591 937 645 Ezra
968 592 1246 656 sacerdos,
1280 593 1395 659 qui,
1437 604 1563 647 ante
1600 594 1783 647 losum
1839 594 1931 645 lilii
1980 593 2230 647 Josadaci
2274 608 2358 645 sa-

794 682 1037 736 cerdotis
1083 684 1401 746 adventum,
1453 684 1754 738 sacerdotis
1807 700 2006 738 munus
2057 684 2189 736 obiit
2224 701 2236 737 :
2266 686 2358 751 qui

791 788 916 826 eum
941 771 1162 827 Judteos
1210 775 1262 828 in
1318 776 1499 828 multis
1539 776 1682 829 circa
1719 776 1886 843 legem
1922 790 2141 829 errasse
2173 773 2349 828 ou‘en-

792 865 980 925 disset,
1019 866 1215 919 librum
1269 868 1399 936 legis
1447 868 1579 934 ipsis
1622 867 1933 937 descripsit,
1985 884 2109 922 cum
2143 882 2359 931 -nempe

792 958 886 1023 qui
924 957 1086 1010 hodie
1114 959 1165 1011 in
1195 959 1447 1011 manibus
1470 960 1708 1025 ipsorum
1731 968 1837 1013 est.
1866 960 2079 1028 Resque
2100 960 2165 1011 ad
2186 959 2355 1025 legem

793 1045 1033 1112 ipsorum
1067 1056 1374 1113 spectantes
1421 1048 1550 1115 ipsis
1585 1050 1885 1113 renovavit,
1918 1058 1969 1102 et
1995 1050 2116 1116 jura
2149 1048 2355 1101 docuit.

794 1132 1006 1187 Mortuo
1028 1135 1168 1203 Cyro
1194 1134 1373 1197 Dario,
1410 1135 1620 1191 Babclis
1654 1155 1799 1207 rege,
1829 1153 1946 1207 post
1979 1141 2151 1207 ipsum
2184 1140 2355 1205 impc-

794 1224 933 1275 ravit
970 1225 1112 1277 lilius
1163 1225 1336 1293 ipsius
1395 1227 1666 1297 Kamysus
1721 1245 1894 1283 annos
1948 1247 2137 1282 novem
2178 1247 2192 1283 :
2235 1241 2355 1298 post

791 1328 950 1380 quem
986 1311 1302 1369 Samardius
1334 1331 1522 1382 magus
1551 1332 1753 1369 annum
1792 1335 1979 1371 unum.
2030 1321 2127 1373 llic
2162 1337 2348 1389 magus

789 1404 1208 1470 cognominatus
1261 1415 1340 1455 est
1392 1406 1534 1471 quod
1600 1405 1768 1473 ipsius
1815 1417 2055 1474 tempore
2117 1409 2359 1464 ﬂoruerit

790 1489 955 1545 Persa
978 1494 1195 1559 quidam
1234 1495 1456 1545 nomine
1481 1494 1803 1557 Zuradasht,
1836 1499 1926 1564 qui
1961 1513 2236 1567 magorum
2268 1515 2357 1554 re-

791 1582 1043 1650 ligionem
1103 1582 1351 1636 condidit
1416 1584 1628 1639 ardibus
1690 1587 1797 1655 igni
1866 1587 2155 1643 dedicatis.
2232 1589 2358 1644 Pest

789 1672 964 1738 ipsum
1002 1674 1241 1739 regnavit
1298 1674 1433 1726 Dara
1473 1677 1700 1741 primus,
1753 1692 1927 1730 annos
1982 1679 2192 1745 viginti.
2228 1679 2357 1734 Post

787 1761 938 1813 illum
971 1764 1327 1817 Artaclisliast
1356 1764 1717 1834 Longimanus
1740 1765 1903 1837 264
1924 1770 2353 1835 cognominatus,

792 1866 969 1904 annos
1011 1853 1195 1917 viginti
1254 1864 1508 1919 quatuor,
1556 1858 1714 1924 cujus
1766 1870 2007 1925 tempore
2070 1860 2255 1914 ﬂoruit
2296 1860 2349 1914 in
2386 1849 2425 1901 Β

786 1939 1097 1994 Graecorum
1160 1944 1402 2011 regione,
1438 1944 1491 1996 in
1532 1948 1663 1998 urbe
1696 1947 1825 2009 Coo,
1865 1946 2222 2015 Hippocrates
2266 1966 2353 2005 sa-

786 2032 940 2098 pit-ns
972 2033 1104 2083 artis
1128 2036 1352 2086 medica:
1375 2048 1586 2087 auctor.
1624 2036 1762 2089 Dicit
1789 2036 1919 2090 Sztid
1940 2040 2155 2093 Patricii
2189 2042 2351 2103 filius,

788 2122 1037 2176 medicus
1075 2142 1088 2178 :
1129 2123 1301 2192 llujus
1332 2127 1405 2178 rei
1440 2128 1700 2181 indicium
1738 2141 1819 2181 est
1873 2133 2017 2196 quod
2050 2132 2211 2185 refert
2246 2134 2321 2188 Ga

787 2213 945 2268 lenus
980 2216 1033 2268 in
1070 2229 1168 2268 sua
1210 2216 1508 2282 juramenti
1540 2226 1594 2270 ct
1620 2237 1648 2268 ιι
1673 2220 1855 2273 andati
1888 2219 2351 2290 llippocratisex-

791 2305 1097 2371 plicatione,
1122 2306 1331 2358 sctit-tt
1372 2324 1544 2375 regem
1573 2307 1856 2363 Persarum
1882 2313 1945 2363 ad
1978 2311 2350 2381 llippocralem

794 2395 1026 2459 misisse,
1047 2411 1110 2450 ac
1137 2413 1328 2465 magna
1355 2400 1592 2465 pecuniae
1613 2417 1820 2454 summa
1852 2403 2027 2455 oblata
2050 2402 2351 2476 [invitasse]

789 2493 847 2537 ut
884 2487 948 2539 ad
987 2488 1165 2555 ipsum
1191 2488 1471 2542 accederet
1502 2506 1515 2552 ;
1565 2500 1687 2543 voto
1719 2500 1905 2545 autem
1954 2495 2073 2562 ejus
2104 2511 2208 2549 non
2257 2513 2351 2549 an-

790 2578 977 2629 nuisse
1010 2578 1423 2647 Hippocratem,
1455 2596 1629 2649 neque
1661 2584 1832 2650 ipsum
1859 2585 2075 2650 adiisse,
2103 2603 2225 2641 cum
2260 2604 2351 2640 ne-

789 2682 1059 2735 quaquam
1093 2670 1191 2737 ipsi
1219 2684 1375 2738 aequo
1394 2682 1818 2727 consentaneum
1849 2676 2129 2731 videretur
2156 2679 2351 2733 Persas

790 2757 879 2823 qui
910 2756 1220 2813 Graecorum
1259 2761 1445 2815 boates
1476 2775 1658 2817 essent
1682 2780 1896 2819 sanare.
1934 2766 2120 2821 ltefert
2169 2780 2349 2822 autem

791 2848 1002 2901 llonain
1065 2849 1239 2905 lsaaki
1279 2854 1441 2918 lilius,
1502 2857 1553 2906 in
1603 2871 1701 2909 sua
1751 2859 1872 2913 libri
1932 2860 2141 2925 hujuse
2172 2861 2348 2927 lingua

790 2939 976 2995 Graeca
1009 2943 1063 2995 in
1092 2944 1383 2998 Arabicam
1409 2950 1680 3009 versione,
1724 2950 2035 3004 meminisse
2065 2948 2349 3013 Calenum,

791 3028 1170 3100 Hippocratem
1198 3050 1304 3087 non
1333 3036 1532 3091 adiisse
1563 3038 2011 3093 Artachshastum
2061 3039 2352 3109 Longima-

796 3139 924 3175 num
979 3126 1329 3193 appellatum,
1391 3130 1532 3195 quod
1579 3144 1837 3198 regnante
1888 3133 2006 3199 ipso
2059 3135 2351 3201 contigisse

792 3213 1000 3267 feratur
1071 3216 1251 3270 Persis
1305 3194 1552 3272 morbum
1599 3194 1800 3273 dictum
1846 3194 2349 3293 Ali-Mamirekquel
2378 3194 2421 3253 Ο

786 3304 940 3368 juxta
970 3307 1114 3359 aliud
1149 3310 1449 3377 exemplar,
1495 3312 1747 3379 pestem).
1780 3312 1986 3366 Misisse
2014 3330 2143 3384 ergo
2177 3316 2349 3382 ipsum

790 3396 856 3447 ad
893 3398 1041 3450 urbis
1073 3395 1151 3451 Ko
1181 3401 1492 3467 prtefettum
1532 3416 1691 3468 quem
1756 3404 1988 3471 rogavit,
2046 3414 2104 3457 ut
2150 3406 2352 3476 Hippo-

788 3492 923 3541 crati
956 3497 1176 3541 centum
1212 3492 1329 3543 auri
1366 3492 1565 3545 talenta
1626 3492 1885 3556 traderet,
1944 3496 2233 3565 ipsumque
2285 3500 2349 3551 ad

790 3595 869 3644 se,
904 3581 1205 3633 bonoritice
1244 3590 1556 3647 tractatum,
1610 3582 1930 3647 adduceret,
1958 3602 2066 3653 quo
2096 3585 2286 3641 Persas
2322 3605 2349 3639 ει

793 3671 980 3727 morbo
1008 3672 1097 3744 qui
1129 3672 1259 3743 ipsis
1287 3673 1626 3742 contigisset,
1678 3686 1935 3739 sanaret;
1969 3676 2229 3731 abnuisse
2258 3694 2348 3730 au-

794 3778 898 3819 tein
971 3765 1379 3834 Hippocratem,
1463 3778 1583 3817 cum
1637 3780 1743 3821 non
1806 3781 2020 3838 aequum
2086 3770 2351 3837 iudicaret

790 3854 1107 3911 Cra-corum
1142 3858 1403 3913 hostibus
1430 3874 1585 3928 opem
1623 3859 1779 3924 ferre,
1812 3870 2012 3928 eosque
2049 3874 2262 3915 sanare.

860 3949 1076 4003 Mortuo
1107 3951 1542 4004 Artachsbasbto
1590 3951 1948 4020 Longimano,
2004 3963 2123 4020 post
2180 3952 2352 4021 ipsum

792 4042 1076 4109 imperavit
1110 4042 1510 4095 Artacbshasht
1560 4041 1807 4110 Magnus,
1848 4058 2018 4095 annos
2052 4044 2271 4113 triginta
2301 4051 2354 4096 et

794 4147 980 4185 unum.
1011 4132 1140 4187 Post
1162 4149 1282 4186 eum
1308 4131 1614 4187 Saadianus
1645 4149 1816 4186 annos
1847 4141 1977 4187 tres.
2013 4132 2143 4187 Post
2175 4134 2353 4202 ipsum

797 4220 931 4272 Dara
964 4222 1259 4285 Secundus,
1293 4222 1643 4292 265-267
1691 4224 1784 4291 qui
1817 4226 2228 4293 cognominatus
2274 4234 2357 4279 est

794 4311 1092 4365 Al-Naceth
1147 4328 1319 4366 annos
1378 4314 1792 4381 septemdecim.
1837 4314 1964 4368 Post
2019 4331 2140 4369 eum
2193 4318 2355 4370 Arta-

792 4402 1072 4465 chshasht,
1106 4417 1135 4455 e
1171 4391 1501 4455 filiisfratris
1528 4402 1651 4471 Cyri
1687 4405 1935 4465 secundi,
1963 4420 2133 4459 annos
2166 4407 2353 4475 viginti

2477 595 2690 649 Achnso
2720 595 3012 650 Persarum
3044 614 3188 669 rege,
3221 616 3343 671 post
3396 607 3573 675 ipsum
3614 615 3855 680 regnavit
3888 617 4030 669 lilius

2469 686 2642 754 ipsius
2662 686 2854 748 Arses,
2877 690 2967 756 qui
2986 692 3401 757 cognominatus
3422 696 3704 765 estNacet,
3736 718 3909 758 annos
3932 722 4032 759 un-

2464 777 2656 829 decim.
2691 777 2821 845 Ejus
2850 786 3104 849 tempore.
3127 781 3426 838 ﬂoruerunt
3453 790 3504 841 in
3534 793 3667 846 urbe
3690 776 4023 851 Athenarum

2462 877 2516 918 et
2550 867 2865 922 Griecorum
2919 873 3139 939 regione
3177 874 3480 944 philosophi
3518 883 3811 949 sapientes,
3852 885 4027 949 Plato,

2460 956 2725 1011 Censalon
2758 956 3134 1033 [Xenophon],
3180 965 3536 1030 Democritus,
3586 972 3923 1039 Apollonius,
3976 987 4030 1030 et

2465 1053 2742 1105 Socrates.
2766 1050 2979 1137 Mortuo
2997 1054 3198 1110 Arseso
3224 1056 3514 1113 Persarum
3536 1078 3684 1130 rege,
3706 1079 3826 1130 post
3851 1070 4026 1137 ipsum

2465 1143 2708 1209 I‘i'gltat'it
2763 1128 2907 1201 lilius
2964 1145 3137 1211 ipsius
3184 1145 3380 1204 Darius
3411 1128 4026 1225 anuos—septemﬂuem

2465 1234 2643 1287 interfr
2662 1238 2735 1289 cit
2760 1236 3079 1290 Alexander.
3113 1237 3355 1309 Regnum
3382 1254 3669 1299 tenuerunt
3690 1249 3856 1319 268
3879 1267 4029 1320 reges

2462 1326 2549 1378 isti
2606 1327 2660 1379 in
2718 1327 2911 1393 Musal,
2969 1331 3311 1401 Babylonem,
3375 1333 3610 1389 Persiain
3645 1347 3700 1391 et
3743 1342 4025 1398 Amedum.

2459 1415 2629 1467 Causa
2664 1428 2840 1470 autem
2870 1435 2963 1472 cur
2988 1421 3313 1475 interliceret
3338 1424 3640 1480 Alexander
3664 1429 3883 1484 Darium
3915 1433 4027 1487 haec

2465 1516 2602 1567 erat,
2640 1508 2783 1575 quod
2817 1523 2941 1561 cum
2963 1522 3178 1565 tuortuo
3199 1527 3353 1581 patre
3386 1515 3638 1586 Philippo
3670 1526 4026 1578 successisset

2462 1596 2512 1646 in
2544 1594 2874 1651 Macedonia:
2909 1614 3076 1668 regno
3103 1601 3411 1658 Alexander
3432 1623 3602 1663 annos
3628 1612 3898 1666 sexdecim
3924 1631 4025 1668 na-

2463 1697 2569 1747 tus,
2603 1698 2766 1753 atque
2790 1688 2950 1742 Dario
2987 1690 3182 1747 Pet-sire
3213 1696 3323 1764 regi
3372 1702 3682 1754 nttntiatum
3722 1712 3868 1757 esset
3907 1706 4029 1759 Ale-

2461 1775 2725 1827 xandrum
2761 1786 2884 1845 post
2936 1790 3142 1847 patrem
3176 1798 3334 1837 suum
3361 1784 3562 1841 Gnecis
3613 1792 3665 1842 in
3691 1808 3900 1859 perare,
3935 1796 4023 1848 ille

2458 1863 2626 1930 ip~ius
2658 1864 3034 1939 [subjugandi]
3069 1873 3326 1940 cupidus,
3363 1877 3568 1932 litteras
3588 1880 3653 1932 ad
3690 1882 3862 1949 ipsum
3886 1899 3990 1937 con
4012 1913 4025 1925 -

2459 1955 2760 2023 scripserit,
2791 1972 3021 2026 quarum
3058 1961 3159 2014 hoc
3183 1967 3458 2032 exemplar
3487 1980 3570 2021 est
3600 1986 3612 2019 :
3657 1989 3674 2019 ι
3707 1969 4021 2027 Nuntiatum

2459 2056 2540 2097 cst
2572 2049 2699 2100 inihi
2737 2057 2785 2103 te
2836 2051 3047 2119 injussu
3087 2069 3209 2108 meo
3237 2056 3287 2107 iu
3321 2055 3537 2110 Graecos
3596 2076 3818 2128 regnum
3850 2079 4021 2118 occu-

2459 2154 2636 2206 passe.
2662 2141 2814 2205 Quod
2845 2144 2890 2197 si
2914 2145 3100 2199 eadem
3130 2163 3235 2215 qua
3263 2164 3324 2216 pa
3354 2166 3413 2201 er
3443 2158 3570 2206 tuus
3593 2153 3677 2206 via
3703 2154 4025 2211 incessisses

2458 2231 2510 2281 in
2566 2233 2795 2287 consilio
2830 2235 3112 2303 capiendo,
3181 2249 3235 2292 et
3273 2244 3413 2308 quod
3475 2258 3575 2311 ego
3627 2253 3677 2300 te
3730 2247 4020 2314 jussissem

2461 2321 2700 2387 fecisses,
2753 2326 2857 2381 hoc
2889 2327 2987 2381 tibi
3022 2330 3217 2384 melius
3270 2332 3484 2396 fuisset,
3526 2347 3574 2389 et
3605 2342 4022 2406 prosperitatem

2459 2422 2601 2465 tuam
2628 2414 2833 2470 diutius
2861 2420 3260 2476 contiuuasses.
3299 2422 3495 2476 Verum
3531 2430 3596 2478 ad
3634 2429 3735 2481 hoc
3769 2438 3819 2480 te
3845 2430 4028 2499 impu-

2457 2504 2519 2556 lit
2557 2508 2801 2573 puerilia:
2835 2510 3081 2579 deceptio
3118 2528 3215 2581 pro
3246 2524 3331 2567 tua
3376 2527 3427 2567 et
3456 2526 3668 2570 tuorum
3696 2521 4027 2589 ignorantia.

2458 2595 2667 2651 Recede
2691 2614 2819 2668 ergo
2865 2602 2933 2654 ab
2961 2616 3026 2656 eo
3054 2620 3162 2671 quo
3188 2605 3297 2672 jam
3324 2623 3381 2659 es
3414 2607 3603 2677 [Ιυςο,]
3629 2620 3678 2663 et
3703 2627 3798 2678 pro
3827 2612 4030 2680 teipse,

2457 2699 2508 2738 τι
2540 2688 2707 2753 patria
2743 2700 2829 2741 tua
2866 2691 3252 2761 redemptionis
3275 2698 3500 2763 pretium
3528 2701 3784 2765 aﬂ‘erens,
3808 2707 4027 2770 culpam

2463 2788 2607 2831 tuam
2654 2782 2931 2845 conﬁtere,
2966 2796 3127 2853 atque
3159 2788 3259 2839 hoc
3288 2788 3395 2841 cito
3419 2793 3560 2843 omni
3596 2808 3743 2845 mora
3779 2795 4029 2863 deposita

2461 2869 2650 2923 facias.
2687 2871 2780 2925 Sin
2816 2875 2997 2929 minus
3027 2877 3091 2930 ad
3126 2889 3174 2931 te
3218 2893 3341 2931 cum
3404 2880 3694 2935 Persarum
3731 2885 3866 2938 viris
3902 2902 4033 2954 pro-

2442 2960 2652 3047 fectus,
2683 2964 2912 3029 patriam
2968 2974 3113 3020 tuam
3150 2983 3337 3022 eorum
3383 2974 3608 3039 pedibus
3664 2976 4025 3039 conculcabo,

2459 3054 2606 3106 viros
2634 3064 2757 3108 tuos
2791 3056 3060 3120 occidam,
3099 3067 3255 3128 teque
3285 3066 3642 3130 prosperitate
3676 3076 3766 3118 tua
3800 3080 4028 3120 exuam.

2461 3140 2574 3195 Misi
2609 3145 2820 3197 interim
2877 3146 2967 3200 tibi
2999 3147 3127 3202 illud
3183 3152 3328 3219 quod
3379 3154 3421 3205 si
3473 3170 3761 3208 numerare
3821 3158 4030 3223 possis,

2457 3248 2740 3288 numerare
2755 3236 2911 3288 etiam
2934 3238 3079 3292 viros
3101 3250 3151 3292 et
3179 3243 3402 3295 comites
3428 3259 3574 3298 meos
3594 3248 3813 3312 pateris.
3841 3246 4026 3303 Vale.»

2525 3320 2746 3375 Miserat
2772 3333 2951 3378 autem
2990 3330 3053 3380 ad
3089 3330 3261 3395 ipsum
3295 3332 3637 3399 perlegatum
3680 3350 4027 3389 sesamorum

2453 3413 2906 3468 excorticatorum
2958 3418 3221 3471 modium.
3278 3423 3558 3478 Accedens
3593 3440 3720 3494 ergo
3765 3425 3912 3479 Darii
3955 3428 4032 3483 le-

2455 3511 2609 3569 gatus
2632 3502 2697 3555 ad
2721 3506 3109 3572 Alexandrum,
3142 3509 3241 3577 ipsi
3264 3510 3471 3565 litteras
3494 3522 3546 3565 et
3574 3529 3785 3568 sesama
3809 3519 4030 3572 obtulit.

2456 3596 2757 3649 Alexander
2796 3596 2964 3665 igitur
3003 3603 3345 3670 congregatis
3374 3603 3725 3674 269-271
3757 3610 4028 3661 comitum

2455 3699 2681 3739 suorum
2742 3686 3034 3757 praecipuis
3099 3705 3163 3743 ac
3218 3689 3360 3744 Darii
3422 3693 3614 3748 litteris
3671 3697 4033 3755 audientibus

2457 3774 2748 3842 prtelectis,
2772 3776 2907 3827 dixit
2937 3794 2949 3827 :
2985 3778 3040 3830 Si
3078 3794 3184 3832 uno
3208 3781 3393 3835 animo
3427 3784 3639 3845 fueritis
3697 3787 3875 3853 ipsum
3909 3790 4032 3841 vin-

2457 3868 2611 3930 cctis,
2644 3868 2727 3921 sin
2761 3868 2828 3921 ab
2859 3869 3088 3923 invicem
3124 3874 3383 3938 separati,
3414 3875 3566 3929 vobis
3626 3877 3887 3931 inbiabit.
3923 3879 4024 3933 Cui

2459 3961 2852 4026 responderunt
2882 3961 3081 4029 singuli
3116 3971 3273 4030 prout
3303 3964 3436 4033 ipsis
3464 3977 3593 4021 tunc
3617 3968 3791 4021 visum
3823 3970 4030 4024 fuerat.

2456 4049 2664 4113 Quibus
2725 4052 3063 4105 Alexander:
3097 4051 3383 4109 Oininatur
3439 4058 3569 4110 mihi
3610 4060 3825 4113 animus
3858 4062 4037 4115 vieto-

2460 4146 2592 4194 riam
2629 4144 2681 4194 in
2744 4141 2961 4195 Darium
3008 4142 3188 4212 (cujus
3242 4146 3373 4199 mihi
3439 4148 3697 4202 indicium
3762 4150 3893 4204 inde
3944 4164 4037 4205 est.

2457 4230 2597 4295 quod
2635 4231 2859 4283 comites
2889 4245 3020 4285 suos
3061 4247 3273 4285 sesamo
3325 4234 3666 4296 assimilarit,
3691 4239 3836 4304 quod
3869 4241 4035 4293 cibus

2457 4329 2539 4375 est
2574 4322 2808 4391 pinguis,
2842 4331 2895 4376 et
2929 4324 3047 4378 sine
3080 4324 3325 4379 molestia
3367 4327 3593 4398 editur),
3627 4344 3835 4399 nosque
3858 4346 4033 4401 regno

2407 4472 2425 4483 μ
2460 4416 2629 4483 ipsius
2682 4418 2970 4483 potituros.
3012 4417 3272 4471 Dixerunt
3337 4419 3439 4488 ipsi
3500 4422 3635 4473 socii
3690 4422 3865 4490 ipsius
3899 4442 3914 4472 .-
3950 4424 4032 4477 Ita

791 4494 950 4548 duos.
982 4493 1109 4561 Ejus
1140 4503 1382 4561 tempore
1407 4491 1711 4547 ﬂoruerunt
1740 4494 1791 4546 in
1841 4494 2049 4549 Graecia
2081 4499 2353 4565 sapientes
2389 4525 2428 4575 ο
2461 4498 2622 4560 faciat
2648 4506 2813 4561 Deus.
2844 4505 3138 4576 Respondit
3165 4523 3291 4579 ergo
3319 4510 3623 4563 Alexander
3646 4512 3807 4564 Dario
3830 4513 4036 4566 litteris

792 4595 844 4637 et
878 4585 1206 4653 philosophi,
1239 4582 1524 4646 Hercules,
1554 4583 1740 4648 Malus,
1769 4583 2127 4655 Pythagoras,
2158 4586 2352 4641 Socra-

794 4668 899 4739 tes,
931 4674 1093 4728 Solon
1131 4676 1431 4742 legislator,
1482 4674 1686 4738 Zenon,
1717 4689 1771 4730 et
1808 4676 2182 4746 Empedocles.
2227 4680 2349 4734 Post

793 4773 969 4836 ipsum
1002 4768 1245 4834 regnavit
1274 4781 1444 4819 annos
1491 4766 1680 4834 viginti
1746 4766 1892 4821 filius
1950 4767 2067 4835 ejus
2119 4770 2353 4822 Artaeh-

793 4859 1007 4917 shasht,
1035 4858 1126 4924 qui
1176 4858 1594 4924 cognominatus
1635 4865 1718 4911 est
1762 4856 1969 4911 Aelius.
2024 4858 2123 4912 llic
2182 4860 2355 4929 copiis

792 4949 907 5003 suis
946 4948 1184 5001 collectis
1217 4946 1510 5018 Egyptum
1569 4948 1741 5015 petiit,
1800 4964 1964 5015 quam
2023 4964 2145 5020 rege
2180 4951 2353 5018 ipsius

789 5040 1003 5093 devicto
1023 5039 1328 5107 occupavit.
1372 5039 1485 5090 Rex
1536 5045 1717 5091 autem
1765 5037 1985 5108 Egypti
2018 5040 2125 5107 (cui
2156 5055 2350 5094 nomen

791 5129 1001 5183 Pharao
1031 5129 1270 5196 Sbanak)
1312 5130 1581 5193 devictus,
1639 5131 1837 5183 timens
1876 5146 1942 5183 ne
1978 5132 2021 5182 si
2074 5131 2128 5183 in
2162 5147 2353 5185 manus

792 5220 1019 5284 Acbusi,
1060 5219 1347 5274 Persarum
1383 5220 1526 5288 regis
1581 5218 1865 5282 incideret,
1931 5219 2067 5273 male
2119 5223 2187 5274 ab
2237 5224 2354 5290 ipso

795 5318 1137 5375 multaretur,
1162 5318 1303 5370 rasis
1343 5317 1521 5384 capite
1542 5325 1595 5369 et
1626 5317 1816 5377 barba,
1844 5332 1907 5369 ac
1936 5319 2154 5371 mutatis
2191 5318 2353 5371 vcsti-

795 5408 897 5461 bus
926 5406 1296 5463 Macedoniam
1331 5408 1517 5460 urbem
1557 5408 1815 5476 profugit.
1859 5410 2044 5464 Achus
2072 5425 2201 5464 vero
2226 5410 2353 5464 Per-

794 5514 979 5551 sarum
1023 5514 1113 5553 rex
1137 5497 1369 5562 Fustati,
1400 5499 1615 5570 Egypti
1671 5516 1876 5565 arcem,
1930 5503 2194 5567 condidit,
2232 5518 2352 5573 qua:

796 5591 955 5644 hodie
987 5589 1398 5645 Kasrolshamaa
1455 5592 1645 5645 audit:
1705 5592 1758 5646 in
1817 5609 1922 5663 qua
1980 5604 2033 5647 et
2090 5596 2347 5664 templum

796 5698 1050 5753 magnum
1097 5685 1389 5749 exstruxit,
1449 5683 1558 5752 igni
1609 5684 1938 5749 dedicatum,
1988 5689 2130 5756 quod
2194 5689 2351 5741 hodie

794 5770 1021 5824 ecclesia
1045 5768 1230 5824 Sancti
1267 5768 1535 5825 Theodori
1564 5772 1886 5842 appellatur.
1913 5774 2144 5847 Fuitque
2175 5775 2348 5832 Mace-

2454 4601 2671 4669 scriptis
2696 4616 2924 4669 quarum
2961 4602 3062 4655 hoc
3089 4602 3365 4669 exemplar
3384 4610 3467 4655 est
3500 4620 3513 4654 ε
3539 4601 3621 4654 Ab
3646 4617 3710 4655 eo
3740 4604 3831 4672 qui
3860 4620 3890 4656 a
3919 4604 4033 4659 Deo

2456 4708 2545 4745 rex
2583 4693 2914 4746 constitutus
2943 4699 3048 4755 est,
3081 4691 3393 4745 Alexandro
3440 4707 3596 4746 servo
3629 4692 3741 4755 Dei,
3778 4706 3831 4747 et
3876 4694 4033 4748 Gne-

2455 4801 2643 4838 corum
2682 4802 2807 4855 rege
2846 4785 2910 4837 ad
2953 4785 3171 4838 Darium
3202 4785 3544 4852 pracelsum.
3572 4785 3816 4839 Intellexi
3879 4786 4029 4839 litte-

2456 4891 2545 4928 ras
2568 4886 2709 4935 tuas,
2736 4885 2790 4928 et
2818 4875 3092 4942 quomodo
3148 4891 3231 4929 me
3272 4882 3331 4928 ttt
3381 4876 3433 4927 in
3494 4875 3806 4927 mandatum
3869 4885 4029 4928 tuum

2457 4966 2709 5018 rebellem
2756 4964 3148 5031 indigitaveris,
3180 4974 3230 5017 et
3279 4963 3409 5031 quid
3468 4963 3608 5016 mihi
3656 4964 4029 5017 coinminatus

2378 5110 2379 5113 η
2458 5055 2647 5107 fueris.
2683 5052 2944 5107 Videlicet
2974 5054 3019 5107 si
3054 5067 3083 5105 a
3112 5052 3281 5121 gradu
3327 5066 3450 5105 meo
3484 5067 3588 5104 non
3623 5065 3930 5113 recessero,
3972 5062 4031 5104 et

2456 5145 2706 5199 diﬂ'eram
2735 5144 2865 5198 illud
2897 5143 3090 5198 afferre
3120 5144 3265 5212 quod
3309 5144 3513 5210 scripto
3550 5152 3642 5196 tuo
3686 5142 3904 5210 jussisti
3938 5158 4029 5196 me

2454 5239 2550 5290 tibi
2581 5236 2792 5301 afferre,
2818 5234 3185 5305 profecturum
3241 5246 3291 5287 te
3344 5241 3537 5287 contra
3597 5248 3681 5286 me
3715 5248 3841 5286 cum
3892 5234 4029 5286 viris

2455 5325 2769 5381 Persarum.
2800 5326 2959 5379 Certe
2997 5324 3161 5379 dictat
3188 5323 3284 5380 tibi
3324 5324 3539 5376 animus
3590 5332 3717 5375 tuus
3746 5337 3869 5390 qua:
3917 5338 4029 5375 non

2456 5430 2777 5485 asscquetur
2828 5430 3022 5471 manus
3052 5424 3163 5480 tua,
3202 5429 3300 5469 nec
3353 5412 3713 5482 apprehendit
3762 5414 4029 5483 cogitatio

2454 5516 2567 5560 tua.
2600 5505 2707 5575 Ego
2735 5514 2914 5559 autem
2954 5505 3019 5559 ad
3048 5515 3099 5558 te
3134 5519 3322 5558 revera
3353 5503 3669 5571 proliciscar
3691 5516 3815 5559 eum
3842 5502 4026 5557 leoni-

2456 5600 2555 5651 bus
2594 5598 2927 5661 Graacoruni,
2970 5607 3021 5649 et
3062 5596 3337 5665 quomodo
3362 5610 3421 5649 se
3470 5610 3553 5647 res
3584 5593 3782 5646 habeat
3814 5593 4027 5648 docet-0

2455 5698 2507 5740 te
2539 5690 2625 5741 ubi
2651 5688 2864 5740 obviam
2906 5687 3000 5740 tibi
3036 5685 3213 5739 factus
3259 5684 3430 5739 fuero.
3475 5683 3594 5737 Misi
3652 5685 3869 5737 interim
3926 5685 4023 5739 lii»?

2455 5794 2563 5849 quo
2594 5779 2912 5849 dignoscere
2943 5777 3117 5847 possis
3175 5784 3380 5848 quanto
3433 5776 3674 5829 acriores
3701 5774 3864 5844 272
3894 5776 4025 5829 viris
