4200 6432
197 435 305 495 969

1631 414 1996 478 ANNAIES.

3323 399 3424 459 970

196 545 303 597 tuis
335 540 537 597 iuerint
567 538 666 594 viri
719 538 846 592 mei.
885 534 1032 591 Vale.
1067 534 1211 589 Misit
1242 541 1421 587 autem
1472 529 1535 583 ad
1576 530 1755 599 ipsum
1788 529 1832 583 A
1861 520 2074 591 natum]
2111 536 2123 572 :
2159 527 2275 589 pete
2312 528 2489 573 autem
2536 531 2563 570 a
2606 530 2688 570 me
2719 516 2857 585 quod
2891 513 2987 568 tibi
3024 511 3200 566 visum
3242 511 3425 565 fuerit.

196 650 413 688 saccum
461 632 690 700 sinapis.
744 630 1016 683 Reversus
1048 642 1179 695 ergo
1210 624 1274 677 ad
1310 623 1487 692 ipsmn
1548 622 1757 688 legatus

197 726 399 795 ipsius,
424 723 553 794 quid
586 720 802 775 fecisset
841 719 1146 773 Alexander
1182 715 1280 783 ipsi
1312 712 1595 766 nuntiavit.
1644 707 1762 760 Ale-

196 818 406 871 xander
422 826 627 878 autem,
647 812 956 866 convocatis
976 809 1214 877 patriciis
1229 822 1291 861 ac
1314 807 1444 859 viris
1463 802 1758 874 primariis,

196 910 277 960 sic
312 908 437 959 illos
466 905 733 958 allocutus
763 912 888 957 est:
925 902 969 953 Ο
1004 901 1218 969 popule,
1257 888 1432 951 tribus
1460 896 1760 963 proprieta-

196 1002 346 1055 tibus
367 997 723 1068 perﬁciuntur
746 1009 853 1054 res,
889 991 1139 1045 videlicet
1169 991 1400 1044 consilio
1433 989 1594 1047 bono,
1628 984 1760 1038 viri-

196 1095 301 1147 bus
334 1090 403 1144 ad
436 1091 574 1144 idem
594 1083 1070 1159 [exsequendum],
1094 1084 1287 1137 deinde
1316 1082 1428 1133 hmo
1453 1090 1675 1146 utraque
1708 1078 1760 1129 in

195 1194 380 1236 actum
410 1180 713 1235 intentione
744 1178 957 1232 sincera
1004 1169 1367 1245 perducendo.
1402 1171 1660 1239 Quisquis
1688 1170 1761 1219 ita

196 1278 548 1340 comparatus
587 1267 774 1331 fuerit,
825 1268 1052 1321 idoneus
1103 1272 1187 1317 est
1236 1262 1299 1316 ad
1346 1278 1407 1315 ea
1440 1276 1559 1331 quae
1616 1259 1764 1325 cupit

197 1358 579 1427 assequenda;
632 1355 678 1409 si
723 1356 846 1424 quis
873 1368 1005 1422 ergo
1050 1361 1289 1427 vestrum
1341 1350 1426 1404 his
1468 1351 1763 1400 instructus

199 1450 392 1511 fuerit,
427 1446 559 1500 mihi
608 1461 668 1500 se
714 1446 999 1513 adiungat,
1051 1450 1105 1496 et
1148 1442 1458 1510 quicunque
1503 1452 1661 1491 secus
1710 1452 1766 1490 se

200 1540 481 1603 habuerit,
520 1554 547 1591 a
590 1554 675 1593 me
710 1535 950 1591 recedat.
1003 1526 1416 1602 Responderunt
1477 1528 1550 1580 illi
1586 1544 1599 1580 2
1635 1527 1764 1607 i’ro-

200 1634 460 1701 prietates
506 1633 635 1685 istas
671 1630 721 1680 in
750 1642 875 1695 rege
906 1626 1244 1693 coniunctas,
1298 1624 1349 1673 in
1387 1620 1538 1673 nobis
1567 1620 1767 1672 discre-

203 1733 287 1776 tas
342 1722 528 1791 posuit
590 1720 751 1783 Deus,
806 1733 903 1770 nec
952 1716 1185 1769 cessabit
1217 1730 1246 1765 e
1295 1712 1449 1765 nobis
1500 1713 1766 1781 quispiam

203 1816 457 1869 ultimqu
492 1807 635 1879 quod
667 1822 831 1876 penes
854 1806 1027 1876 ipsum
1065 1803 1224 1856 tuerit
1255 1801 1577 1873 [prtesturc].
1612 1800 1764 1867 Quod

205 1908 454 1977 ipsorum
497 1916 815 1972 responsum
865 1913 987 1952 cum
1020 1897 1295 1964 probasset
1320 1895 1641 1956 Alexander,
1671 1908 1766 1960 pa-

205 1998 344 2052 ratis
378 1995 559 2048 statim
595 1991 770 2062 copiis
829 1992 895 2041 ad
966 1986 1162 2041 bellum
1225 1986 1381 2039 Dario
1432 1984 1769 2037 inferendum

204 2085 483 2156 profectus
506 2095 607 2139 est.

274 2178 522 2243 Quicum
553 2178 604 2226 in
631 2171 1011 2241 Mesopotamia
1044 2171 1465 2233 concurrissent,
1500 2167 1598 2221 fuit
1629 2168 1769 2221 inter

203 2270 357 2337 ipsos
411 2267 772 2336 quadraginta
824 2267 1035 2318 dierum
1083 2266 1260 2331 spatio
1305 2265 1527 2317 bellutn.
1578 2264 1769 2317 Darius

206 2376 342 2415 vero
378 2362 625 2430 quinque
661 2359 927 2412 confectis
963 2356 1128 2411 fossis
1177 2358 1230 2409 in
1288 2356 1517 2424 singulis
1577 2354 1767 2408 ducem

204 2468 334 2506 cum
406 2452 693 2505 duodecim
768 2450 1008 2501 virormu
1084 2447 1324 2501 millibus
1382 2448 1768 2507 collocaverat,

203 2560 443 2612 quorum
496 2544 626 2596 nulli
681 2542 784 2597 nisi
838 2543 1032 2609 quinto
1072 2541 1312 2610 quolibet
1359 2541 1447 2591 die
1496 2539 1768 2608 pugnandi

205 2636 357 2689 vices
407 2635 742 2703 obtigerunt.
800 2633 927 2687 Suis
978 2634 1145 2685 etiam
1180 2630 1492 2699 injunxcrat
1543 2629 1772 2698 singulis

205 2725 403 2780 diebus
449 2725 680 2779 duorum
732 2722 888 2793 [sibi]
936 2721 1249 2777 Graecorum
1284 2723 1463 2790 capita
1504 2720 1768 2791 [aﬁerre].

205 2818 386 2868 Allata
441 2824 572 2868 sunt
622 2829 754 2883 ergo
806 2814 884 2867 illi
923 2813 1168 2883 quotidie
1212 2812 1443 2866 duorum
1480 2814 1560 2865 \el
1610 2813 1771 2864 unius

207 2911 408 2961 saltem
458 2904 769 2959 Graecorum
824 2908 1025 2973 Capita.
1057 2902 1140 2957 Ob
1183 2903 1328 2973 quod
1363 2919 1557 2973 magna
1602 2902 1770 2956 animi

206 3000 433 3052 tristitia
456 2996 813 3065 273-275
831 2996 1076 3059 aﬁ‘ectus,
1105 2997 1293 3064 iraque
1317 3009 1514 3065 quanta
1537 2996 1649 3048 ﬁeri
1675 3010 1772 3063 po-

206 3090 310 3142 tuit
341 3098 652 3142 exestuans
698 3089 999 3142 Alexander
1036 3088 1180 3143 misit
1207 3089 1276 3141 ad
1302 3087 1521 3140 Darium
1546 3086 1637 3157 qui
1672 3086 1771 3155 ipsi

203 3182 443 3236 diceret:
465 3180 659 3232 Parum
682 3181 833 3241 abest
853 3195 917 3233 ne
936 3188 1125 3234 mutuo
1148 3194 1565 3243 consumantur;
1595 3180 1767 3233 visum
1797 3202 1839 3260 ο

206 3280 292 3325 est
316 3281 498 3323 autem
539 3270 667 3323 mihi
697 3272 840 3339 quod
867 3271 1028 3324 saluti
1062 3279 1263 3324 nostrae
1301 3271 1460 3325 simul
1498 3280 1551 3322 et
1579 3282 1772 3323 vestra:

206 3363 553 3423 consulatur,
584 3362 837 3415 nimirum
873 3371 931 3415 ut
957 3377 1078 3414 cum
1109 3362 1441 3416 instruendae
1468 3362 1575 3414 sint
1599 3364 1769 3423 acies,

205 3455 445 3522 spatium
492 3454 807 3522 relinquant
850 3452 1010 3505 nobis
1040 3452 1270 3506 comites
1302 3452 1378 3504 tui
1406 3467 1514 3519 quo
1548 3454 1771 3506 ordines

208 3554 333 3597 tuos
384 3544 450 3596 ad
485 3543 709 3595 ditionis
755 3552 859 3594 tua:
889 3540 1114 3594 limitem
1147 3551 1539 3607 pertranseam,
1579 3542 1774 3596 deinde

206 3636 273 3688 ad
325 3637 559 3703 patriam
613 3648 784 3686 meam
843 3640 1108 3687 revertar.
1145 3631 1330 3700 Neque
1364 3634 1507 3684 enim
1556 3634 1772 3687 animus

207 3728 370 3782 nobis
418 3736 503 3778 est
548 3734 824 3778 certamen
877 3725 1216 3785 detrectare;
1252 3732 1397 3775 esset
1445 3726 1544 3777 hoc
1572 3738 1772 3791 oppro-

207 3821 388 3874 brium
431 3816 576 3886 quod
608 3816 738 3876 elui,
784 3814 997 3867 macula
1050 3829 1171 3881 quae
1208 3814 1481 3879 mundari,
1511 3814 1769 3883 ﬂagitium

210 3910 299 3962 cui
355 3906 586 3976 ignosci,
634 3921 741 3958 non
785 3912 991 3973 posset.
1042 3903 1344 3971 Respondit
1395 3903 1773 3960 DariuszNon

209 3999 389 4049 visum
422 4005 505 4049 est
533 3996 694 4047 nobis
724 3993 831 4045 ullo
861 3992 1020 4045 modo
1045 3992 1186 4060 quod
1218 3992 1421 4059 petiisti
1451 3995 1772 4047 concedere.

211 4084 369 4150 Quod
425 4098 547 4136 cum
606 4084 831 4136 vidisset
867 4080 1194 4144 Alexander,
1234 4078 1533 4149 [homines]
1577 4084 1639 4132 ad
1676 4080 1773 4131 ali-

210 4178 343 4245 quid
380 4185 571 4229 coutra
618 4181 781 4241 caput
830 4170 1002 4237 ipsius
1050 4168 1471 4222 machinandum
1529 4169 1775 4221 incitavit

209 4267 403 4321 dicens
434 4283 447 4318 :
476 4264 657 4318 Heus!
692 4262 887 4323 Graeci,
922 4270 1005 4314 est
1035 4260 1138 4313 hoc
1176 4259 1540 4324 imbecillitas,
1574 4270 1625 4315 et
1658 4266 1775 4331 opis

213 4358 534 4427 indigentia.
589 4355 760 4407 Estne
802 4368 830 4405 e
863 4351 1017 4404 vobis
1048 4361 1135 4402 aut
1170 4366 1197 4403 e
1231 4349 1428 4414 Persis,
1452 4353 1543 4422 qui
1574 4354 1777 4421 aliquid

211 4452 347 4504 mihi
385 4450 487 4502 hoc
526 4447 577 4499 in
624 4444 840 4513 negotio
872 4444 1336 4506 comminiscetur,
1368 4461 1476 4513 quo
1506 4462 1589 4499 me
1622 4464 1647 4498 ιι
1686 4446 1781 4499 ιιιῑ.

1869 611 1995 665 Tria
2047 612 2142 663 tibi
2191 625 2219 662 a
2250 626 2334 664 me
2386 612 2679 678 impetrare
2730 604 2933 667 licebit,
2991 614 3044 657 ttt
3096 616 3261 654 unum
3297 601 3427 653 mihi

1869 714 2075 758 tantum
2114 703 2399 755 concedas.
2443 700 2586 753 Dixit
2634 712 2762 766 ergo
2790 697 2865 748 illi
2916 697 3145 751 Darius:
3179 693 3291 748 lloc
3319 707 3348 745 a
3377 700 3428 745 te

1870 808 2011 867 peto,
2052 810 2116 848 ne
2146 793 2364 845 familiis
2408 793 2542 861 apud
2596 791 2792 845 Persas
2833 790 3133 844 illustribus
3165 798 3331 851 satos,
3378 796 3432 839 et

1870 889 2076 943 nobiles
2126 886 2337 953 perdas,
2381 886 2471 936 sed
2522 884 2720 936 liberos
2763 882 3047 945 dimittas;
3079 891 3202 947 peto
3241 881 3428 944 etiam,

1870 997 1936 1034 ne
1971 980 2174 1049 Iguium
2222 977 2366 1029 (edes
2421 975 2629 1038 diruas,
2683 989 2980 1043 earumque
3019 972 3246 1025 mdituos
3297 972 3431 1025 bene

1875 1072 2087 1124 tractari
2138 1070 2369 1137 jubcas;
2436 1066 2670 1133 denique
2721 1076 2778 1118 ut
2832 1082 2915 1120 me
2965 1065 3031 1120 de
3086 1064 3433 1117 interfectore

1876 1177 1991 1213 meo
2026 1162 2328 1223 ulciscaris,
2376 1159 2667 1226 ipsumque
2710 1157 2836 1208 mihi
2885 1158 3148 1225 adiungas
3185 1174 3196 1208 :
3232 1170 3350 1207 nam
3387 1155 3433 1207 si

1874 1261 2148 1320 superstes
2176 1266 2377 1303 mansei
2396 1251 2457 1313 it,
2486 1260 2701 1302 tuorum
2732 1247 2894 1299 etiam
2917 1246 3299 1299 beneﬁciorum
3336 1245 3435 1297 im—

1876 1357 2081 1395 memor
2126 1343 2252 1403 erit,
2295 1349 2353 1391 ut
2387 1355 2509 1408 erga
2548 1352 2632 1390 me
2680 1346 2837 1389 antea
2874 1348 2931 1388 se
2964 1335 3233 1402 ingratum
3302 1350 3435 1399 pra:-

1874 1435 2027 1489 stitit.
2086 1432 2341 1484 Promisit
2393 1444 2524 1498 ergo
2584 1428 2888 1481 Alexander
2945 1428 3319 1495 ‘prtcstitttrum
3376 1442 3434 1479 se

1876 1525 2016 1592 quod
2054 1523 2300 1591 petierat.
2334 1522 2477 1572 Dixit
2520 1521 2715 1573 deinde
2749 1513 3051 1572 Alexander
3080 1535 3093 1570 :
3124 1518 3277 1582 Quod
3315 1533 3341 1570 a
3380 1529 3430 1569 te

1876 1615 2065 1669 vellem
2112 1622 2218 1674 est,
2247 1620 2300 1665 ut
2331 1612 2491 1663 ﬁliam
2546 1619 2691 1662 tuam
2746 1607 2989 1663 Rushtac
3037 1609 3165 1660 mihi
3212 1610 3263 1660 in
3300 1623 3435 1661 uxo-

1876 1720 1989 1757 rem
2028 1703 2322 1762 “coticedas,
2362 1701 2491 1753 illud
2539 1699 2683 1754 enim
2731 1708 2784 1752 te
2833 1697 3036 1752 sciente
3090 1714 3153 1751 ac
3203 1712 3436 1750 censen-

1879 1798 2045 1849 tientc
2074 1795 2187 1847 ﬁeri
2217 1795 2431 1867 vellem.
2458 1792 2754 1862 Respondit
2779 1792 2851 1845 illi
2881 1791 3079 1845 Darius
3104 1808 3118 1844 :
3152 1791 3301 1844 Illam
3337 1793 3430 1845 tibi

1802 1875 1841 1927 Β
1875 1889 1925 1940 in
1975 1892 2201 1940 uxorem
2234 1887 2409 1946 trado
2450 1885 2554 1937 hac
2592 1884 2922 1947 conditione,
2976 1893 3032 1937 ut
3087 1890 3211 1952 post
3251 1891 3304 1937 te
3344 1899 3429 1936 ro-

1872 1995 2033 2048 gnuui
2058 1974 2341 2047 progeniei
2357 1984 2463 2030 ture
2480 1976 2544 2029 ab
2564 1976 2679 2044 ipsa
2698 1975 2941 2029 oriundac
2961 1977 3258 2045 relinquas.
3277 1974 3432 2039 Quod

1871 2085 1993 2123 cum
2035 2078 2317 2144 annuisset
2350 2068 2448 2135 ipsi
2479 2067 2783 2121 Alexander
2824 2066 2969 2119 illam
3001 2081 3221 2119 uxorem
3258 2066 3432 2120 duxit.

1942 2154 2212 2209 Mortuum
2255 2167 2436 2209 autem
2478 2155 2898 2224 pretiosissimis
2927 2170 3046 2222 qua:
3070 2155 3211 2223 apud
3255 2172 3434 2223 rege-.1

1872 2258 2025 2300 erant
2082 2246 2263 2300 linteis
2299 2245 2498 2299 involvi
2559 2246 2807 2307 curavit;
2864 2245 3062 2299 deinde
3121 2244 3435 2300 Grtecornm

1872 2338 2274 2405 Persarumque
2321 2335 2615 2398 exercitus,
2668 2335 2927 2389 feretrum
2981 2346 3225 2390 armatos
3262 2338 3435 2389 comi.

1872 2430 1973 2484 tari
2022 2429 2249 2499 iubens,
2306 2428 2422 2497 ipse
2491 2426 2653 2480 etiam
2733 2440 2857 2479 eum
2907 2429 3164 2480 comitum
3210 2444 3431 2481 suorum

1872 2520 2235 2590 277-279
2253 2518 2536 2588 praecipuis
2555 2516 2694 2571 idem
2721 2526 2941 2571 secutus
2968 2526 3052 2572 est
3071 2518 3239 2573 donec
3260 2520 3435 2588 ipsum.

1875 2623 2031 2667 terra:
2077 2611 2416 2665 mandasset.
2467 2609 2611 2662 Dixit
2656 2624 2783 2676 ergo
2834 2609 3180 2663 Alexander:
3215 2609 3437 2663 Etiamsi

1876 2703 2225 2776 praestiterim
2260 2700 2420 2753 Dario
2463 2698 2609 2768 quod
2662 2698 2892 2762 vidistis,
2931 2715 3321 2769 usquequaque
3354 2708 3441 2754 ta-

1875 2810 1995 2847 men
2034 2793 2209 2846 hostis
2257 2791 2387 2844 mihi
2435 2789 2557 2851 fuit,
2606 2803 2669 2842 ac
2706 2797 2852 2843 certe
2889 2804 3133 2858 magnam
3172 2807 3283 2845 rem
3326 2801 3442 2845 ten-

1875 2888 2006 2939 tavit
2039 2884 2129 2953 qui
2164 2898 2247 2937 me
2296 2883 2398 2935 hoc
2428 2883 2644 2947 negotio
2674 2880 2972 2949 expedivit,
3004 2882 3090 2934 cui
3130 2884 3435 2938 mercedem

1878 2976 2173 3045 rependere
2228 2988 2453 3027 necesse
2515 2972 2722 3036 habeo;
2780 2972 3020 3025 libellum
3082 2988 3211 3044 ergo
3276 2990 3436 3028 suum

1878 3068 2010 3121 mihi
2048 3066 2324 3136 porrigat;
2370 3071 2559 3119 sancte
2590 3064 2734 3116 enim
2774 3078 2867 3131 per
2901 3062 3069 3115 Deum
3100 3065 3226 3131 juro
3258 3065 3436 3134 ipsum

1877 3160 2171 3213 exaltatum
2207 3158 2272 3211 iri
2307 3166 2361 3210 et
2396 3171 2424 3209 a
2458 3172 2542 3210 me
2600 3172 2763 3225 supra
2824 3170 3015 3210 omnes
3064 3156 3245 3211 socios
3292 3171 3438 3211 meos

1876 3250 2236 3304 evehendum.
2286 3248 2480 3301 Statim
2535 3262 2665 3315 ergo
2697 3262 2754 3301 se
2798 3246 2869 3298 illi
2903 3246 3189 3300 oﬁereutes
3225 3248 3439 3301 Chesli-

1875 3341 2044 3409 uesph
2073 3350 2128 3395 et
2158 3340 2470 3404 Adarsliist,
2498 3338 2826 3392 Adarbachti
2860 3339 2976 3403 ﬁlii,
3008 3339 3306 3392 dixerunt:
3330 3340 3437 3393 Nos

1876 3433 2021 3486 Darii
2059 3432 2290 3485 comites
2324 3445 2532 3492 sumus,
2569 3440 2623 3485 et
2656 3430 2745 3499 qui
2784 3430 3057 3499 negotium
3090 3430 3189 3482 hoc
3218 3431 3314 3483 tibi
3346 3448 3438 3482 ex-

1876 3521 2183 3590 pedivimus
2218 3538 2230 3572 :
2268 3529 2459 3587 pra-sta
2494 3521 2659 3589 igitur
2690 3521 2847 3574 nobis
2879 3520 3021 3588 quod
3055 3520 3329 3589 pollicitus
3355 3537 3432 3575 es.

1873 3610 2043 3665 Jussit
2088 3627 2214 3681 ergo
2263 3612 2407 3679 ipsos
2444 3627 2605 3678 super
2654 3610 2867 3664 duabus
2916 3612 3163 3664 trabibus
3194 3610 3436 3664 sublimi

1874 3703 1973 3755 bus
2027 3700 2320 3770 suspendi;
2366 3701 2610 3769 dixitque
2639 3717 2649 3753 :
2680 3701 2836 3754 Certe
2872 3702 2921 3753 hi
2955 3701 3063 3754 duo
3094 3701 3274 3755 meriti
3308 3712 3436 3754 sunt

1876 3794 1977 3845 hoc
2007 3793 2148 3861 quod
2200 3792 2338 3859 ipsis
2380 3792 2494 3845 ﬁeri
2524 3791 2685 3866 jussi,
2717 3793 2787 3845 ob
2820 3807 2970 3844 suam
3002 3806 3126 3860 erga
3156 3791 3434 3843 dominum

1879 3900 2034 3939 suum
2086 3882 2460 3936 inﬁdelitatem
2507 3899 2568 3935 ac
2599 3883 2878 3946 h'andem;
2913 3884 3002 3951 qui
3036 3884 3179 3937 enim
3217 3882 3438 3936 domino

1876 3993 1977 4029 suo
2007 3974 2164 4029 ﬁdem
2196 3990 2300 4027 non
2339 3973 2732 4042 pra-stiternnt,
2772 3990 2869 4027 nec
2902 3973 3054 4027 alteri
3086 3974 3438 4043 praestabunt.

1875 4067 1988 4135 Ego
2033 4066 2249 4119 interim
2302 4065 2448 4132 quod
2502 4044 2637 4132 ipsis
2682 4064 2957 4131 pollicitus
3003 4080 3122 4118 sum
3172 4065 3437 4118 exhibui:

1882 4159 2033 4227 ipsos
2084 4171 2249 4225 supra
2288 4170 2478 4209 omnes
2532 4156 2715 4209 socios
2765 4170 2911 4209 meos
2953 4153 3251 4209 evehendo.
3303 4154 3440 4207 Tum

1883 4249 1936 4300 in
1967 4246 2107 4299 Darii
2141 4256 2365 4300 matrem
2393 4260 2617 4300 uxorem
2645 4257 2696 4299 et
2724 4246 2886 4299 ﬁliam
2917 4245 3141 4299 donaria
3169 4260 3232 4300 ac
3262 4256 3443 4300 vestes

1879 4337 2114 4392 conferri
2167 4338 2349 4407 jussit,
2411 4338 2664 4407 ipsasque
2716 4338 2922 4391 honore
2975 4336 3154 4391 aﬁ'ecit
3204 4353 3217 4391 :
3273 4337 3440 4391 duces

1881 4429 2043 4482 etiam
2094 4444 2157 4482 ac
2212 4428 2355 4482 viros
2396 4426 2689 4482 Persarum
2740 4428 3052 4498 primarius,
3106 4428 3443 4489 muneribus.

207 4543 359 4597 stitia
385 4543 487 4594 ista
518 4538 783 4596 exsolvat,
821 4537 946 4607 [hac
967 4534 1239 4606 mercede]
1272 4538 1429 4589 ut’sit
1462 4538 1559 4605 ipsi
1583 4555 1776 4609 regno-
1811 4536 1839 4593 Ιῖ

1811 4536 1856 4593 ι)
1884 4521 2145 4581 vestibus,
2193 4520 2521 4581 honerariis,
2574 4522 2848 4589 rebusque
2890 4520 2954 4571 ad
3011 4520 3212 4572 victum
3258 4534 3445 4574 neces-

208 4648 333 4685 rum
393 4629 590 4684 Persia:
647 4638 698 4681 et
753 4626 995 4692 Graeciae,
1052 4643 1149 4681 nec
1212 4644 1317 4681 non
1364 4630 1602 4681 omnium
1657 4649 1777 4701 quae

207 4725 261 4775 in
291 4720 695 4790 gazophylaciis
725 4718 947 4782 fuerint,
981 4718 1303 4772 dimidium?
1330 4718 1460 4784 Qua:
1488 4722 1775 4777 Alexandri

206 4816 374 4866 verba
403 4827 524 4863 cum
556 4811 839 4865 audissent
866 4810 1179 4878 Chesnesph
1212 4821 1263 4864 et
1291 4812 1577 4865 Adarshist
1603 4814 1775 4867 Adur-

212 4900 399 4955 bacbti
438 4898 554 4962 ﬁlii,
599 4900 693 4967 qui
725 4900 1053 4953 satellitibus
1101 4898 1246 4953 Darii
1285 4899 1413 4971 [ναι.
1445 4900 1596 4968 juxta
1630 4904 1775 4956 aliud

206 4989 515 5057 exetnplar,
571 4985 927 5057 exercitibus]
980 4998 1272 5057 praeerant,
1322 4991 1615 5043 commissa
1662 4984 1778 5059 jam‘

205 5097 390 5151 pugna
441 5080 658 5131 Darium
692 5078 867 5132 adorti
902 5079 1093 5147 gladiis
1131 5080 1515 5144 confoderunt,
1550 5082 1684 5135 adeo
1722 5091 1779 5135 ut

208 5188 419 5243 pronus
463 5171 759 5224 decideret.
796 5171 976 5225 Persa:
1017 5179 1195 5224 autem
1227 5171 1277 5223 in
1308 5170 1487 5241 fugam
1532 5174 1778 5228 conversi

207 5274 335 5321 sunt
377 5277 569 5330 magna
602 5263 847 5330 ipsorum
899 5274 1087 5332 strage
1116 5262 1281 5318 edita.
1314 5265 1618 5319 Alexander
1650 5283 1775 5321 vero

208 5361 299 5412 ubi
345 5357 412 5411 ad
448 5356 666 5409 Darium
705 5370 767 5409 eo
819 5354 979 5408 modo
1009 5372 1067 5410 se
1097 5356 1384 5409 habentem
1411 5359 1771 5426 pervenisset,

207 5449 377 5518 276
408 5462 550 5516 equo
575 5445 917 5500 descendens
947 5444 1091 5500 Darii
1124 5455 1283 5515 caput
1314 5449 1518 5515 gremio
1547 5462 1646 5503 suo
1678 5450 1777 5500 im-

214 5541 421 5612 posuit,
448 5540 805 5606 abstersaque
836 5536 973 5590 facie
999 5544 1053 5589 et
1079 5538 1299 5591 vulnere
1327 5536 1569 5607 alligato,
1604 5542 1775 5608 ipsum

205 5632 490 5687 osculatus
515 5640 567 5683 et
598 5630 650 5681 in
681 5628 951 5695 lacrymas
984 5628 1235 5697 profusus
1265 5628 1400 5683 dixit
1427 5648 1439 5681 :
1473 5628 1616 5685 Laus
1651 5631 1775 5696 Deo,

206 5725 299 5792 qui
338 5730 391 5777 te
426 5719 658 5775 interﬁci
712 5718 883 5773 noluit
913 5734 942 5771 a
991 5718 1249 5773 comitum
1283 5734 1527 5774 meorum
1561 5722 1775 5791 aliquo;

206 5822 325 5870 erat
363 5814 486 5877 hoc,
521 5810 663 5879 quod
689 5811 959 5873 videmus.
995 5811 1337 5879 praescientia
1368 5812 1458 5866 Dei
1493 5812 1778 5883 [determi-

530 5906 802 5964 PATBOL.
844 5907 957 5963 Gn.
998 5904 1155 5964 CXI.

1881 4612 2039 4668 sariis
2074 4612 2265 4665 donari
2297 4611 2516 4679 jubens,
2560 4609 2711 4680 ipsos
2745 4613 2793 4661 in
2832 4609 3025 4663 iisdem
3061 4610 3261 4678 quibus
3290 4620 3445 4664 erant

1880 4706 2211 4775 dignitatum
2282 4703 2541 4773 gradibus
2593 4702 2932 4755 conﬁrmavit
2993 4720 3005 4756 :
3052 4718 3222 4771 quare
3268 4702 3445 4771 ipsum

1880 4810 2066 4848 amore
2134 4792 2411 4860 prosecuti
2477 4800 2626 4855 sunt,
2684 4806 2747 4844 ac
2810 4792 3265 4843 consuetudinem
3324 4807 3446 4845 eum

1880 4888 1997 4956 ipso
2031 4885 2360 4937 habuerunt.
2410 4881 2666 4937 Invitavit
2700 4883 2863 4937 etiam
2897 4897 3085 4935 eorum
3119 4897 3257 4950 quos
3292 4882 3445 4934 lilmit

1883 4981 1946 5034 ad
1989 4978 2199 5032 indiam
2250 4978 2416 5047 280
2461 4978 2847 5039 invadendam,
2898 4979 2988 5047 qui
3020 4992 3150 5047 ergo
3182 4979 3282 5047 ipsi
3318 4994 3443 5044 npe-

1881 5089 1995 5128 ram
2028 5074 2232 5125 alacres
2278 5085 2343 5123 ac
2393 5070 2497 5124 laeti
2551 5072 2947 5138 praestiterunt.
3005 5070 3077 5123 Ita
3129 5071 3181 5122 in
3237 5081 3440 5138 septem

1881 5166 2095 5220 climata
2126 5178 2293 5232 regno
2323 5162 2525 5231 potitus
2556 5172 2640 5213 est
2664 5161 2987 5215 Alexander.

1948 5257 2120 5311 Jama
2154 5254 2465 5323 captivitate
2528 5254 2847 5324 Babylonica
2912 5253 2977 5306 ad
3028 5268 3253 5322 regnum
3309 5255 3435 5306 Ale-

1878 5349 2062 5403 xandri
2098 5348 2223 5399 anni
2250 5354 2377 5399 sunt
2404 5344 2618 5400 ducenti
2653 5345 2933 5413 sexaginta
2986 5353 3118 5397 tres.
3178 5346 3222 5396 A
3276 5358 3441 5412 regno

1882 5438 2126 5503 Davidis,
2163 5436 2493 5506 septingenti
2548 5435 2931 5505 quadraginta.
2970 5435 3051 5486 Ab
3083 5435 3227 5487 exitu
3277 5433 3446 5486 Israe-

1884 5532 2103 5584 litarum
2130 5544 2194 5581 ex
2224 5526 2481 5598 Aigypto,
2509 5528 2655 5580 mille
2683 5526 2907 5580 trecenti
2939 5523 3299 5594 quadraginta
3328 5536 3443 5578 sex.

1882 5625 1962 5678 Ab
1994 5621 2323 5685 Abrahamo,
2356 5622 2502 5674 mille
2537 5618 2834 5687 octingenti
2870 5618 3258 5686 quinquaginta
3306 5624 3444 5671 tres.

1881 5719 1925 5772 A
1953 5714 2208 5778 Phalcko,
2262 5713 2343 5767 bis
2376 5712 2524 5765 mille
2575 5712 2799 5764 trecenti
2857 5711 3150 5779 nonaginta
3185 5716 3437 5773 quatuor.

1881 5814 1925 5865 A
1956 5809 2181 5873 diluvio,
2228 5806 2309 5859 bis
2344 5803 2490 5858 mille
2528 5801 2785 5871 nongenti
2831 5800 3014 5868 viginti
3051 5800 3309 5867 quinque.
3351 5792 3431 5848 Ab

2957 5889 3022 5952 3i
