4200 6432
740 399 839 464 971

1747 396 2112 460 EUTYClIil
2142 396 2678 458 ALEXANDRINI
2721 399 2937 459 PATR.

3884 407 3991 473 972

741 516 977 576 Adamn,
1009 510 1302 579 quinquies
1358 508 1508 564 mille
1534 516 1750 564 centum
1806 508 2086 578 oel0ginta
2151 522 2313 560 unus.
2348 511 2399 570 Α
2429 525 2446 559 t
2488 508 2677 573 tendo,
2711 525 2779 564 ue
2812 508 3125 564 dominetur
3164 510 3262 565 tibi
3292 512 3537 568 tristitia.
3581 513 3813 585 Scripta:
3861 535 3988 580 sum

736 602 1033 656 Alexandri
1066 611 1373 670 prmceptor
1427 600 1531 656 fuit
1558 601 1879 655 Aristoteles
1932 598 2308 668 philosoiihus.

738 691 865 747 Fuit
889 692 1053 746 etiam
1088 688 1320 745 Athenis
1374 693 1596 762 sapiens
1624 691 1849 744 nomine
1887 689 2172 759 Diogenes.
2214 687 2314 741 De—
2359 737 2366 745 .

736 786 870 837 vicit
926 798 1058 851 ergo
1110 782 1422 838 Alexander
1477 782 1748 850 regiones,
1798 782 2165 849 suberantque
2207 780 2309 848 ipsi

735 877 1053 931 Grtecorum
1123 892 1278 947 reges
1333 874 1619 937 tredecim,
1649 874 1908 929 tredecim
1948 874 2111 929 etiam
2148 872 2312 927 urbes

732 969 1003 1037 condidit,
1030 985 1259 1039 quarum
1281 969 1400 1022 alia:
1431 968 1484 1021 in
1510 968 1826 1033 Occidente,
1851 968 2035 1021 aliaaiu
2067 963 2309 1020 Oriente.

734 1060 882 1116 Belia
916 1061 1079 1117 etiam
1132 1060 1325 1130 gessit,
1365 1075 1428 1113 ac
1485 1062 1749 1114 victorias
1780 1062 2081 1130 reportavit
2122 1061 2311 1128 quales

737 1170 918 1224 regum
950 1152 1171 1223 [praeter
1227 1150 1431 1222 ipsum]
1474 1166 1654 1206 nemo.
1716 1149 1913 1205 Urbem
1963 1149 2127 1203 etiam
2179 1163 2311 1203 conc

732 1250 867 1303 didit
905 1262 1071 1318 quam
1104 1248 1172 1302 de
1206 1249 1429 1302 nomine
1478 1261 1579 1302 suo
1634 1241 2017 1299 Alexandriam
2073 1242 2313 1310 appella-

733 1341 841 1405 vit;
880 1340 946 1394 ad
985 1353 1148 1406 quam
1209 1355 1238 1391 a
1294 1335 1609 1391 Macedonia
1662 1333 1949 1401 imperium
2006 1332 2308 1387 transtulit.

731 1431 969 1485 l’barum
1005 1431 1167 1484 etiam
1217 1426 1563 1481 Alexandria:
1590 1425 1883 1486 exstruxit,
1920 1438 2085 1492 quam
2129 1423 2315 1476 omni-

729 1525 834 1579 bus
861 1521 1249 1591 navigantibus
1284 1520 1339 1573 in
1373 1519 1617 1589 signum,
1665 1531 1775 1587 quo
1825 1517 1891 1570 ad
1917 1516 2307 1570 Alexandriam

728 1613 1121 1680 dirigerentur,
1156 1611 1363 1680 posuit.
1390 1608 1687 1677 Postquam
1731 1616 1913 1663 autem
1965 1605 2191 1660 devictis
2225 1619 2310 1657 re-

728 1705 887 1773 gibus
938 1712 992 1758 et
1039 1702 1339 1772 subjugato
1385 1701 1591 1754 mundo
1630 1699 1883 1753 Babelem
1944 1696 2303 1765 pervenisset,

2423 620 2441 653 r
2478 601 2543 654 ad
2575 610 2625 655 te
2652 602 2849 657 litterae
2875 604 2992 658 ista:
3021 618 3174 666 meae,
3226 605 3316 659 die
3364 605 3524 675 hujus
3556 608 3741 662 mundi
3768 610 3985 680 ultimo,

2422 713 2441 746 ι
2483 693 2651 748 fttturi
2685 695 2900 764 primo:
2936 695 3038 750 hac
3068 710 3163 763 spe
3191 705 3251 750 ut
3277 697 3372 751 tibi
3430 699 3497 754 ad
3547 702 3985 758 consolationem

2421 806 2439 839 ‹
2483 788 2821 842 inservitum
2863 789 2997 854 sint,
3052 798 3328 860 grataeque
3397 791 3609 851 futura.
3668 792 3745 851 Ne
3800 805 3985 851 autem

2421 898 2440 929 ι
2480 889 2678 933 contra
2700 894 2765 934 ac
2810 881 3010 948 opinor
3039 882 3230 947 facias,
3264 898 3441 954 neque
3492 888 3745 957 spiritum
3799 906 3983 946 meum

2421 991 2437 1023 ι
2471 975 2782 1028 contristes.
2820 972 2971 1028 Vale.
3017 992 3035 1025 ι

2485 1063 2625 1118 Τιιηι
2656 1067 2861 1137 signari
2892 1068 3132 1131 litteras,
3191 1078 3357 1138 atque
3418 1070 3483 1125 ad
3536 1080 3765 1126 matrem
3827 1090 3981 1129 suam

2414 1166 2627 1213 secreto
2658 1160 2799 1212 mitti
2832 1159 2999 1228 jussit
3033 1176 3045 1213 :
3083 1174 3148 1214 ac
3176 1175 3300 1216 cum
3328 1163 3632 1219 Philemoni
3663 1166 3984 1221 consiliario

2414 1264 2535 1313 suo,
2565 1256 2625 1303 ut
2677 1261 2907 1306 mortem
2958 1267 3111 1307 suam
3161 1254 3391 1318 celaret,
3437 1265 3491 1311 et
3543 1257 3807 1311 citissime
3855 1257 3981 1311 Ale-

2413 1340 2701 1395 xandriam
2738 1343 2863 1407 iret,
2899 1355 3251 1415 prmceperat,
3284 1347 3428 1401 diem
3461 1349 3617 1404 obiit.
3654 1349 3851 1405 Fertur
3878 1366 3982 1405 au-

2416 1442 2522 1488 tem
2552 1433 2950 1497 Alexandrum,
3011 1453 3134 1490 eum
3199 1436 3497 1493 Komosum
3530 1444 3892 1509 pervenisset,
3927 1444 3982 1495 in

2414 1526 2662 1579 morbum
2691 1540 2907 1595 gravem
2936 1526 3215 1591 incidisse,
3252 1546 3361 1598 quo
3386 1531 3646 1586 eominue
3693 1534 3981 1597 laboravit.

2413 1628 2690 1673 crescente
2718 1618 2769 1671 in
2788 1618 2903 1674 dies
2922 1619 3279 1690 285-287
3304 1622 3618 1692 aegritudine
3642 1640 3657 1677 :
3684 1639 3985 1679 narratum-

2411 1724 2517 1778 que
2541 1712 2641 1780 ipsi
2667 1728 2697 1767 a
2718 1722 2893 1767 matre
2918 1714 3087 1767 fuisse
3113 1716 3418 1784 astrologos
3437 1733 3557 1770 cum
3593 1718 3768 1787 primo
3790 1734 3983 1774 nasce-

729 1809 996 1849 venenum
1062 1793 1138 1845 illi
1196 1789 1489 1845 bibendum
1548 1790 1839 1852 dederunt,
1902 1803 2010 1857 quo
2052 1795 2302 1839 mortuus

2410 1811 2563 1857 retur
2590 1805 2819 1870 dixisse,
2843 1804 3164 1858 Mor-iturum
3193 1806 3366 1874 ipsum
3416 1808 3466 1859 in
3515 1809 3633 1864 loco
3662 1810 3818 1880 cujus
3871 1825 3984 1864 ete-

729 1896 830 1939 est.
894 1883 1067 1951 Cujus
1119 1896 1283 1936 causa
1341 1881 1464 1945 fuit,
1516 1880 1660 1951 quod
1725 1894 1849 1934 cum
1903 1889 2076 1932 mater
2128 1876 2300 1946 ipsius

728 1978 1002 2048 Olympias
1028 1976 1240 2030 litteras
1270 1975 1336 2028 ad
1366 1975 1544 2045 ipsum
1580 1973 1917 2042 scripsisset,
1984 1973 2038 2025 in
2100 1970 2302 2040 quibus

728 2070 875 2122 illum
929 2084 1088 2137 quem
1148 2066 1481 2120 Macedoniae
1542 2065 1863 2133 praefecerat
1923 2069 2297 2123 aceusaverat,

728 2160 1078 2232 281—283
1112 2159 1283 2212 iratus
1307 2156 1615 2211 Alexander
1641 2163 1815 2211 morte
1845 2154 1994 2207 illum
2017 2151 2228 2207 allicere
2249 2152 2301 2204 in

728 2254 908 2305 animo
941 2253 1197 2314 haberet;
1227 2265 1337 2318 quo
1370 2250 1645 2303 intellecto
1686 2248 1772 2301 vir
1819 2247 1908 2300 ille
1943 2247 2112 2299 lilium
2143 2254 2300 2298 stium

726 2360 844 2397 cum
876 2344 1200 2397 muneribus
1235 2341 1477 2411 pulchris
1509 2337 2176 2401 mittens,tradiditeliam
2200 2336 2300 2403 ipsi

728 2454 995 2493 venenum
1028 2436 1618 2504 mortiferum,jubeus
1653 2433 1837 2502 aliquo
1880 2430 1959 2484 uti
1990 2436 2304 2485 commento

726 2546 831 2601 quo
863 2530 1041 2600 ipsum
1080 2542 1286 2582 veneno
1320 2527 1635 2596 perimeret.
1671 2524 1963 2578 Profectus
2015 2522 2182 2591 igitur
2209 2519 2303 2588 ju-

728 2624 901 2689 venis,
941 2637 1069 2677 cum
1103 2636 1224 2690 quae
1256 2636 1440 2675 secum
1490 2618 1681 2671 habuit
1729 2630 1955 2670 munera
1989 2614 2300 2677 obtulisset,

729 2719 871 2770 inter
895 2714 1140 2783 reliquos
1193 2714 1246 2768 in
1298 2711 1594 2768 Alexandri
1644 2709 2025 2778 pocillatorem
2080 2705 2293 2765 incidit,

726 2808 839 2871 cui,
879 2806 1025 2875 quod
1060 2821 1168 2859 non
1205 2806 1277 2857 ita
1333 2803 1539 2873 pridem
1574 2801 1750 2855 iratus
1776 2800 2085 2854 Alexander
2120 2798 2296 2866 ipsum

726 2906 1090 2968 percusserat,
1122 2907 1309 2963 pectus
1346 2896 1423 2948 ira
1454 2894 1753 2956 aestuabat;
1802 2892 1890 2945 hic
1942 2905 2075 2959 ergo
2105 2903 2304 2959 propo-

726 2992 832 3045 sito
865 2989 1043 3060 ipsius
1070 2986 1204 3040 favit
1234 3008 1247 3041 :
1283 2987 1634 3055 conspirante
1662 2984 1824 3038 etiam
1859 2998 1981 3036 eum
2014 2983 2143 3051 ipsis
2173 2995 2307 3049 quo-

725 3080 845 3134 dam
898 3096 960 3133 ex
1012 3079 1307 3134 Alexandri
1363 3076 1751 3131 familiaribus.
1800 3073 2047 3143 Contigit
2114 3082 2298 3125 autem

2407 1895 2537 1959 lum,
2571 1910 2762 1949 aurum
2790 1906 2954 1960 esset,
2984 1905 3129 1952 terra
3167 1894 3374 1949 ferrum
3411 1913 3425 1950 :
3459 1897 3636 1968 ipsum
3666 1916 3793 1969 ergo
3823 1901 3895 1954 ita
3925 1916 3985 1956 se

2409 1987 2694 2040 habentem
2728 1990 3036 2056 perrexisse
3061 2006 3234 2060 usque
3262 1992 3388 2045 dum
3415 1991 3481 2045 ad
3517 1990 3834 2046 Shahrazur
3863 2007 3988 2060 per-

2406 2078 2642 2142 veniret;
2674 2088 2727 2130 at
2754 2080 2896 2132 inter
2924 2080 3164 2133 etmdum
3196 2098 3320 2136 cum
3349 2083 3761 2151 ingravescente
3789 2085 3986 2139 morbo

2404 2168 2787 2232 descenderet,
2817 2172 3116 2241 supposita:
3146 2182 3274 2226 sunt
3306 2174 3410 2239 ipsi
3442 2174 3643 2227 tabula:
3690 2174 3851 2235 binae.
3883 2191 3985 2228 su-

2409 2263 2760 2331 perimposita
2813 2262 2980 2317 lorica
3040 2265 3239 2327 ferrea,
3293 2266 3381 2319 eui
3457 2266 3696 2331 insedit,
3771 2273 3988 2335 tegente

2406 2353 2848 2424 ipsumquodam
2899 2358 3094 2426 clypeo
3159 2360 3463 2414 deaurato:
3534 2375 3645 2429 quo
3688 2371 3987 2429 conspecto

2405 2451 2522 2517 ejus
2555 2449 2701 2518 quod
2747 2460 3068 2504 narraverat
3098 2452 3201 2519 ipsi
3239 2463 3434 2515 mater,
3469 2455 3840 2515 recordatum,
3898 2468 3992 2507 ae-

2405 2544 2605 2596 cersito
2629 2543 2721 2611 qui
2760 2542 2860 2611 ipsi
2893 2556 2922 2595 a
2951 2544 3199 2597 consiliis
3237 2554 3377 2601 erat.
3403 2545 3613 2599 litteras
3644 2546 3707 2597 ad
3752 2556 3984 2598 niurem

2405 2636 2665 2697 dictasse,
2696 2649 2760 2689 ac
2789 2642 2900 2686 tum
2926 2634 3067 2688 diem
3108 2635 3333 2688 obiisse.
3375 2635 3445 2690 At
3501 2636 3589 2688 ubi
3643 2638 3710 2689 ad
3746 2646 3984 2689 matrem

2410 2725 2586 2793 ipsius
2615 2724 2993 2792 pervenissent
3045 2725 3259 2787 litterae,
3297 2728 3411 2795 ipsa
3442 2726 3661 2789 epulum
3700 2726 3801 2781 sibi
3828 2725 3988 2779 insti-

2406 2817 2695 2885 tuijussit,
2752 2818 2818 2870 ad
2864 2817 3012 2884 quod
3066 2818 3268 2871 deinde
3330 2818 3579 2872 homines
3631 2818 3987 2879 convocavit,

2408 2910 2713 2977 praellcicns
2765 2910 2940 2975 portis
2969 2909 3062 2977 qui
3107 2910 3381 2963 nemiuem
3431 2910 3656 2963 introire
3716 2913 3988 2975 sinerent,

2409 3004 2514 3058 nisi
2566 3004 2653 3057 cui
2703 3004 2912 3057 nullum
2962 3002 3257 3058 accidisset
3295 3002 3674 3058 infortunium.
3706 3004 3992 3061 Ianitores

2406 3112 2558 3165 ergo,
2588 3112 2781 3150 omnes
2836 3096 2931 3166 qui
2986 3096 3313 3150 accederent
3368 3096 3792 3164 interrogantes,
3853 3114 3983 3152 eum

725 3181 784 3227 ut
810 3172 1119 3227 Alexander
1154 3170 1449 3223 comitibus
1489 3169 1605 3222 suis
1628 3167 1943 3220 convivium
1974 3168 2296 3223 instrueret,
2327 3178 2368 3236 ο
2404 3190 2638 3256 aliquem
2666 3189 3029 3242 infortunium
3063 3189 3287 3257 aliquod
3342 3203 3567 3256 passum
3604 3188 3776 3243 fuisse
3822 3204 3993 3256 ηερε,

725 3267 926 3335 quibus
948 3264 1239 3318 edentibus
1264 3277 1328 3315 ac
1354 3260 1688 3325 bibentibus,
1744 3259 1861 3328 ipse
1907 3275 2030 3311 cum
2069 3257 2300 3310 familia-

725 3358 877 3411 ribus
910 3371 973 3409 ac
1004 3353 1250 3407 convivis
1274 3354 1391 3406 suis
1436 3350 1706 3416 consedit,
1737 3350 2010 3404 hilaritate
2041 3364 2104 3404 ac
2133 3349 2304 3402 collo-

725 3448 852 3516 quio
887 3446 1198 3514 indulgens.
1233 3446 1369 3497 Cum
1396 3458 1528 3512 ergo
1561 3443 1690 3497 vino
1724 3443 1902 3496 victus
1936 3449 2103 3505 esset,
2135 3456 2303 3495 vene-

724 3554 854 3592 num
890 3538 1027 3591 illud
1084 3537 1228 3606 regis
1262 3534 1458 3604 poculo
1504 3534 1821 3589 immiscens
1847 3534 2156 3603 pocillator,
2187 3532 2299 3601 regi

725 3628 1003 3700 porrexit;
1035 3637 1352 3697 quocpoto,
1410 3624 1700 3680 confestim
1729 3636 1959 3680 mortem
2016 3623 2301 3696 [ingruen-

727 3721 863 3794 tctn]
894 3722 1067 3777 sensit
1088 3736 1102 3786 ;
1124 3736 1296 3789 quare
1314 3719 1584 3773 accersito
1604 3718 1781 3772 scriba
1809 3734 1927 3784 suo,
1960 3720 2063 3787 ipsi
2085 3719 2153 3773 ad
2187 3734 2303 3771 ma-

732 3832 867 3869 trem
900 3828 1057 3868 suam
1079 3811 1363 3883 epistolam
1395 3810 1641 3872 dictavit,
1663 3810 1821 3878 cujus
1854 3812 1955 3863 hoc
1974 3814 2252 3882 exemplar
2286 3831 2300 3867 :

732 3930 747 3958 ι
779 3908 859 3961 Ab
890 3904 1203 3960 Alexandro
1228 3916 1391 3956 servo
1421 3901 1536 3966 Dei,
1592 3902 1685 3971 qui
1720 3902 1836 3955 heri
1865 3905 2111 3956 omnium
2148 3915 2304 3959 terrm

730 4016 748 4049 ‹
791 3999 981 4049 linium
1014 3994 1291 4057 dominus,
1344 3992 1508 4044 hodie
1540 3990 1782 4058 ejusdem
1837 3989 2145 4059 depositum
2197 4003 2299 4061 est,

732 4110 749 4141 ι
788 4089 854 4143 ad
892 4086 1269 4158 Olympiadem
1299 4092 1531 4137 matrem
1597 4098 1751 4137 suam
1793 4084 2104 4154 benignam,
2134 4087 2304 4140 mise-

733 4202 748 4230 ι
794 4180 1090 4240 ricordem,
1139 4190 1245 4246 qua
1292 4177 1514 4245 propius
1561 4174 1667 4227 frui
1710 4188 1815 4228 non
1874 4176 2022 4231 licet.
2058 4176 2169 4231 Pax
2205 4178 2303 4232 tibi

736 4291 751 4320 ι
791 4271 1022 4338 integra,
1060 4268 1286 4334 optima.
1322 4264 1475 4319 Viam
1536 4281 1701 4335 quam
1753 4267 1905 4319 calco
1957 4282 2080 4333 ego,
2123 4284 2185 4323 ea
2218 4279 2301 4324 est

736 4383 753 4413 ι
790 4378 950 4430 quam
984 4361 1271 4413 caleat-unt
1319 4360 1413 4427 qui
1461 4368 1859 4428 praecesserunt
1900 4361 2136 4428 priores.
2193 4360 2297 4425 Tu,

736 4474 754 4504 ι
784 4453 1076 4520 exterique
1096 4452 1186 4520 qui
1213 4449 1341 4503 mihi
1370 4450 1692 4517 superstites
1712 4459 1860 4508 sunt.
1881 4450 2120 4518 vestigiis
2139 4448 2305 4520 284

2407 3280 2629 3337 risseut,
2664 3278 2891 3332 introire
2925 3293 3030 3331 non
3067 3279 3345 3343 sinebant,
3376 3280 3512 3333 adeo
3546 3288 3599 3331 ut
3637 3295 3857 3343 omnes,
3889 3296 3992 3333 ne-

2406 3369 2551 3422 mine
2576 3369 2789 3433 relicto,
2827 3370 3090 3426 redirent.
3128 3370 3286 3436 Quod
3325 3387 3445 3425 cum
3482 3372 3729 3435 vidisset,
3781 3388 3993 3429 conso-

2404 3459 2607 3514 latione
2670 3461 2907 3515 admissa
2947 3462 3267 3530 patientiam
3311 3462 3519 3528 induit,
3554 3479 3655 3535 pro
3691 3476 3990 3537 eos-mento

2405 3551 2617 3606 habens
2666 3553 2809 3606 viam
2868 3568 2992 3608 esse
3053 3554 3195 3608 hanc
3248 3555 3533 3627 [omnibus
3578 3563 3986 3634 communem].

2405 3644 2576 3699 Porro
2600 3645 2882 3698 Philemon
2920 3648 3267 3702 consiliarius
3313 3650 3614 3705 Alexandri
3650 3668 3853 3725 corpus
3880 3657 3986 3709 ho-

2405 3738 2558 3791 noris
2587 3752 2751 3791 eausa
2791 3752 2934 3791 area:
2970 3753 3152 3793 aureae
3210 3740 3495 3809 imposuit.
3539 3744 3597 3797 lu
3641 3744 3751 3798 alio
3800 3760 3992 3801 exem-

2405 3832 2540 3901 plari
2569 3833 2764 3898 legitur
2798 3831 2975 3900 ipsum
3020 3831 3151 3884 illud
3200 3833 3358 3886 melle
3417 3833 3753 3903 implevisse,
3808 3846 3991 3891 morte

2405 3925 2525 3990 ejus
2557 3924 2754 3985 celata,
2803 3922 3079 3977 exercitus
3126 3931 3181 3977 et
3238 3923 3528 3978 thesauros
3586 3926 3987 3982 Alexandriam

2404 4013 2695 4067 deduxiSse
2718 4030 2733 4079 ;
2754 4030 2818 4068 eo
2846 4024 3025 4067 autem
3058 4029 3182 4067 eum
3209 4016 3570 4082 pervenisset,
3604 4026 3839 4071 mortem
3864 4021 3989 4087 ejus

2405 4110 2590 4155 notam
2642 4103 2953 4155 hominibus
2982 4101 3151 4172 288
3188 4102 3407 4168 fecisse,
3453 4120 3581 4159 arca
3637 4105 3691 4159 in
3740 4107 3988 4161 medium

2408 4192 2640 4262 prolata,
2675 4207 2849 4263 eaque
2902 4194 2958 4247 in
3006 4198 3317 4262 pavimento
3366 4195 3639 4264 deposita,
3702 4198 3990 4266 sapientes

2403 4285 2635 4353 jttssisse
2668 4300 3107 4354 unumquemque
3130 4284 3442 4354 Epicedium
3465 4302 3662 4342 canere
3681 4289 3827 4358 quod
3852 4295 3993 4344 ami-

2406 4375 2487 4429 cis
2543 4376 2810 4441 solandis,
2866 4376 3125 4430 omnibus
3203 4376 3585 4442 instituendis,
3667 4381 3990 4437 inserviret.

2407 4465 2554 4519 Dixit
2596 4482 2725 4537 ergo
2760 4466 3056 4520 Philemon
3093 4469 3355 4537 sapiens:
3400 4468 3652 4539 Magnum
3712 4472 3803 4525 hic
3867 4474 3990 4526 dies

733 4565 752 4596 ι
783 4540 1777 4617 [nostrisiusistitis].Siquidemillud
1797 4539 1955 4593 cuiin
1983 4540 2303 4593 hoeinundo
2337 4544 2379 4600 D
2412 4556 2717 4626 exemplum
2766 4555 3007 4610 exhibet,
3066 4557 3352 4611 praecessi;
3404 4560 3603 4612 malum
3653 4561 3800 4628 eius,
3836 4563 3989 4630 quod

744 4658 763 4689 ι
804 4637 1009 4691 similes
1037 4649 1249 4697 sumus,
1283 4641 1367 4687 est
1392 4633 1508 4686 dies
1533 4631 1850 4696 hodiernus,
1877 4635 1969 4700 qui
1993 4633 2302 4701 prmceden-

735 4749 752 4778 ι
791 4737 898 4783 tem
939 4728 1111 4798 pellit.
1141 4725 1219 4780 Nc
1251 4733 1429 4778 autem
1457 4723 1525 4778 ob
1568 4724 1830 4777 mundum
1895 4725 2035 4778 hunc
2093 4725 2301 4780 contri-

737 4841 755 4873 ι
792 4820 977 4883 steris,
1005 4835 1127 4873 cum
1163 4832 1294 4872 suos
1325 4816 1513 4870 fallere
1540 4822 1736 4870 soleat.
1767 4814 2089 4885 Exemplum
2136 4816 2303 4887 hujus

739 4931 756 4960 ι
797 4910 877 4964 rei
901 4910 1071 4963 babes
1103 4910 1157 4964 in
1190 4924 1255 4962 eo
1276 4908 1421 4976 quod
1447 4908 1545 4961 tibi
1574 4917 1761 4961 notum
1789 4916 1872 4961 est
1916 4907 1984 4961 de
2013 4923 2138 4977 rege
2174 4909 2304 4962 Phi-

737 5022 754 5054 ι
800 5002 969 5072 lippo,
1000 5002 1092 5069 qui
1123 5000 1271 5053 nullo
1299 4999 1460 5053 modo
1487 5000 1736 5053 obtinere
1769 5000 1963 5068 potuit,
1996 5010 2054 5053 ut
2086 5002 2169 5054 vel
2222 5011 2305 5055 te.

737 5115 755 5143 ι
805 5110 926 5147 cum
962 5102 1327 5160 permaneret,
1357 5095 1436 5144 vel
1465 5091 1596 5143 mihi
1629 5101 1908 5160 superstes
1932 5102 2080 5146 esset
2115 5111 2128 5147 :
2164 5109 2303 5161 prte-

744 5210 759 5237 ι
803 5188 959 5255 cinge
987 5186 1150 5253 igitur
1181 5197 1231 5238 te
1273 5184 1555 5254 patientia,
1606 5195 1656 5238 et
1713 5184 2103 5252 impatientiam
2143 5186 2301 5254 pelle,

740 5302 757 5331 ι
803 5290 961 5348 teque
999 5293 1029 5330 a
1059 5278 1217 5330 turba
1254 5274 1583 5339 subduceris,
1609 5274 1802 5343 jubeas
1829 5291 1897 5329 ne
1933 5276 1998 5329 ad
2023 5288 2071 5331 te
2116 5280 2302 5347 ingre-

740 5392 758 5422 ι
803 5372 989 5425 diatur
1012 5369 1161 5440 quis,
1191 5368 1294 5422 nisi
1332 5369 1421 5421 cui
1466 5367 1831 5421 infortunium
1882 5368 2105 5437 aliquod
2158 5372 2303 5424 acci-

742 5484 758 5514 ι
792 5462 954 5526 derit,
991 5475 1102 5531 quo
1130 5459 1263 5529 quid
1295 5459 1364 5512 sit
1394 5459 1527 5512 illud
1555 5458 1697 5513 scire
1723 5461 1952 5528 poteris,
2003 5470 2055 5514 et
2104 5472 2303 5515 statum

741 5576 758 5605 ί
800 5567 952 5609 tuum
974 5555 1167 5609 melius
1203 5554 1493 5622 percipias.
1553 5553 1633 5606 'l‘u
1685 5568 1773 5607 res
1822 5562 1943 5608 luas
1995 5570 2116 5623 age,
2172 5556 2304 5610 illud

744 5669 760 5697 ι
802 5654 984 5701 autem
1012 5650 1077 5697 ad
1114 5646 1255 5713 quod
1300 5660 1403 5714 ego
1452 5646 1635 5711 tendo,
1672 5647 1865 5701 melius
1932 5658 2033 5712 est,
2071 5666 2133 5703 ac
2171 5649 2307 5703 faci-

747 5754 763 5785 l
804 5736 909 5788 lius
934 5750 997 5787 eo
1023 5750 1129 5802 quo
1158 5733 1233 5786 fui
1266 5732 1484 5806 [statu].
1537 5734 1678 5790 Bene
1734 5744 1915 5791 autem
1972 5739 2125 5801 mihi,
2179 5742 2306 5795 tibi-

750 5848 765 5878 ι
798 5842 903 5896 que
930 5828 1033 5896 ipsi
1060 5827 1226 5884 facias
1252 5821 1680 5887 consolationem
1702 5844 1752 5886 et
1772 5835 2086 5904 patientiam
2111 5838 2303 5892 admit-

2407 4664 2436 4700 a
2488 4656 2642 4715 tergo
2699 4656 2851 4713 (rat;
2910 4654 2964 4699 ct
3034 4658 3180 4701 retro
3204 4649 3339 4701 abiit
3402 4649 3605 4703 bonum
3666 4653 3804 4721 ejus,
3834 4657 3985 4722 quod

2408 4748 2794 4807 prmecsserat;
2852 4737 3177 4808 Quicunque
3224 4752 3406 4793 autem
3456 4757 3579 4795 eum
3630 4745 3789 4809 cujus
3844 4750 3986 4800 abiit

2412 4845 2667 4899 regnum,
2701 4828 2900 4883 deﬂere
2919 4830 3066 4894 velit,
3099 4829 3313 4883 deﬂeat.
3340 4830 3489 4885 Plato
3508 4835 3727 4903 sapiens
3755 4852 3768 4886 :
3797 4836 3979 4893 Heus!

2406 4923 2500 4989 qui
2536 4936 2630 4987 per
2655 4920 2759 4973 vim
2810 4918 3039 4992 [omnia]
3076 4921 3299 4991 agebas,
3329 4923 3594 4993 collegistl
3625 4926 3772 4992 quod
3807 4936 3858 4981 te
3889 4929 3986 4982 de-

2407 5012 2573 5081 cepit,
2604 5019 2657 5064 et
2691 5025 2719 5063 a
2752 5020 2803 5065 te
2841 5020 3108 5076 recessit;
3135 5015 3207 5065 ita
3242 5022 3300 5065 ut
3352 5013 3447 5066 tibi
3481 5014 3754 5071 adhaereat
3788 5031 3982 5075 reatus

2407 5105 2549 5173 ejus,
2590 5104 2800 5158 utilitas
2835 5114 3016 5159 autem
3052 5106 3115 5158 ad
3162 5106 3331 5160 alium
3364 5108 3612 5163 redierit.
3647 5110 3982 5170 Aristoteles

2394 5197 2617 5263 sapiens
2646 5214 2659 5249 :
2694 5195 2843 5250 Abiit
2863 5213 2892 5250 a
2934 5198 3088 5251 nobis
3108 5199 3415 5253 Alexander
3437 5200 3691 5270 loquens,
3720 5219 3981 5261 reversus

2406 5298 2491 5345 est
2525 5292 2590 5343 ad
2624 5305 2725 5345 nos
2764 5292 2954 5346 silens.
2987 5291 3170 5347 Naren
3198 5294 3422 5364 sapiens
3470 5315 3483 5350 :
3523 5295 3618 5350 Dic
3661 5301 3812 5368 gregi
3848 5299 3981 5355 Ale-

2411 5380 2624 5445 xandri,
2664 5381 2761 5436 llic
2816 5391 2900 5437 est
2928 5384 3045 5438 dies
3079 5384 3133 5437 in
3162 5400 3269 5456 quo
3300 5387 3536 5441 custodit
3586 5404 3717 5457 grex
3782 5402 3978 5459 pasto-

2408 5488 2522 5526 rem
2556 5489 2741 5527 suum.
2770 5472 2930 5528 Nilon
2966 5492 2979 5528 :
3017 5474 3099 5528 An
3150 5476 3529 5533 consolabitur
3590 5496 3712 5544 nos,
3760 5484 3836 5538 ob
3896 5500 3983 5540 re-

2407 5580 2526 5634 gem
2578 5575 2847 5630 nostrum,
2907 5568 3010 5623 nisi
3046 5569 3135 5637 qui
3195 5567 3554 5623 infortunium
3604 5587 3803 5641 passus
3838 5578 3988 5629 sols-

2412 5666 2540 5709 tsum
2572 5656 2825 5724 accepit?
2859 5655 3000 5709 Dixit
3049 5660 3192 5712 alius
3225 5675 3240 5713 :
3269 5657 3394 5712 llaec
3454 5667 3536 5711 est
3571 5660 3676 5723 via,
3727 5675 3836 5727 qua
3889 5678 3988 5715 ne-

2411 5762 2567 5802 cesse
2591 5750 2828 5803 eundum
2866 5761 2966 5805 est.
3024 5750 3224 5805 Eodem
3278 5768 3409 5822 ergo
3472 5754 3669 5808 affectu
3706 5755 3854 5823 quod
3886 5758 3989 5807 du-

2413 5852 2655 5898 raturtnn
2681 5857 2761 5901 est
2790 5846 3036 5916 quzcrite,
3069 5863 3177 5917 quo
3207 5849 3446 5915 peritura
3472 5848 3739 5918 quaeritis.
3770 5847 3931 5903 Alius
3969 5867 3980 5899 :
