4200 6432
201 435 307 499 973

1636 421 1998 486 ANNALES.

3328 431 3432 493 971i

195 548 404 605 SlmCil
437 545 538 597 hoc
576 542 630 596 in
666 538 970 609 exemplum
1016 556 1027 592 :
1060 537 1173 591 heri
1243 534 1341 589 luit
1394 548 1585 587 aurum
1644 536 1765 591 Ale-
1797 548 1840 601 Α
1874 537 2114 605 losophis
2143 556 2155 592 τ
2188 540 2246 593 Si
2286 541 2449 593 vestri
2472 541 2858 596 deAlexandro
2880 541 3430 597 sermonesilludendi

197 642 405 697 xandro
438 640 751 695 thesaurus,
818 632 977 686 hodie
1032 628 1347 683 Alexander
1410 629 1461 680 iu
1505 642 1638 681 auro
1683 646 1765 682 re-

194 736 473 789 conditus.
500 730 654 785 Alius
696 751 705 782 ;
736 725 1014 794 Sequetur
1047 732 1098 775 te.
1133 721 1223 790 qui
1294 729 1467 773 morte
1504 728 1593 770 tua
1632 736 1767 785 gau-

193 828 304 891 det,
336 820 801 895 quemadmodum
830 827 887 872 tu
912 824 1136 871 secutus
1164 829 1222 868 es
1246 829 1368 867 eum
1404 813 1559 880 cujus
1594 820 1768 863 morte

192 924 420 989 gavisus
446 932 523 969 es.
558 913 705 967 Dixit
737 910 901 965 Lotas
953 906 1315 977 philosophus
1343 922 1355 957 :
1392 904 1467 956 Ne
1499 902 1767 955 miremini

192 1026 345 1069 eum,
376 1008 468 1077 qui
500 1021 621 1061 cum
660 1004 713 1055 in
755 1002 864 1053 vita
905 1016 1001 1053 sua
1056 1013 1281 1052 nosnon
1319 994 1636 1057 instituerit,
1672 1008 1769 1045 no-

194 1102 275 1153 his
312 1102 532 1151 tandem
564 1110 623 1149 se
647 1102 821 1146 morte
855 1106 950 1143 sua
981 1091 1304 1142 monitorem
1346 1086 1591 1153 praebuit.
1630 1084 1769 1136 Dixit

195 1194 406 1246 Metron
445 1188 664 1256 sapiens
699 1203 711 1239 :
743 1183 893 1249 Heri,
929 1184 1064 1236 heus
1090 1184 1173 1235 tu!
1200 1178 1547 1249 289-291
1581 1176 1769 1230 audire.

192 1280 499 1352 potuimus,
535 1293 641 1329 non
674 1285 854 1328 autem
905 1273 1050 1340 loqui
1088 1272 1292 1342 [coram
1331 1266 1428 1338 te],
1472 1280 1612 1319 nunc
1642 1278 1769 1317 Vt't‘o

192 1390 323 1428 nuru
354 1372 511 1425 audis
543 1384 659 1438 qua:
683 1365 995 1436 loquimur?
1028 1364 1170 1415 Dixit
1219 1359 1307 1413 Sis
1353 1362 1571 1429 sapiens
1609 1375 1622 1410 :
1672 1356 1769 1409 llic

194 1466 403 1518 multos
432 1470 605 1514 morte
628 1459 805 1513 aﬂ'eeit
838 1474 904 1513 ne
937 1462 1265 1517 moreretur,
1292 1462 1344 1506 at
1375 1461 1624 1504 mortuus
1645 1459 1723 1503 est
1750 1463 1766 1511 ;

191 1556 473 1626 quomodo
508 1570 614 1607 non
642 1553 816 1621 potuit
846 1565 876 1603 a
915 1566 973 1604 se
1009 1559 1235 1601 tuortem
1268 1556 1439 1597 morte
1468 1541 1770 1610 repellere?

193 1651 344 1702 Dixit
375 1648 517 1700 alios
551 1645 708 1699 :Nun
759 1643 829 1695 ita
893 1642 1129 1695 erudivit
1176 1653 1277 1691 nos
1312 1636 1621 1690 Alexander
1659 1651 1770 1689 scr-

192 1758 357 1796 mone
385 1755 510 1797 suo.
538 1752 599 1789 ac
628 1736 845 1790 silentio
897 1748 999 1787 suo
1053 1746 1153 1784 nos
1208 1729 1407 1783 erudit.
1466 1728 1608 1780 Dixit
1668 1726 1770 1779 De-

192 1832 427 1886 metrius
458 1830 675 1898 sapiens
704 1847 715 1881 :
751 1825 894 1878 lleus
919 1825 1009 1876 tu!
1038 1824 1193 1891 cujus
1223 1827 1300 1875 ira
1340 1837 1486 1874 mors
1514 1821 1633 1885 luit,
1672 1836 1767 1873 cur

1874 628 2230 700 293-295
2264 633 2434 700 gratia
2480 633 2717 695 fuerunt,
2756 634 2968 703 reliquit
3010 633 3264 701 poculum
3290 634 3431 701 quod

1872 722 2064 786 ebibit,
2091 725 2392 787 vobiscum,
2423 726 2488 778 de
2539 740 2648 794 quo
2677 725 2964 777 videndum
2997 735 3078 779 est
3119 726 3274 779 vobis
3300 739 3435 777 om-

1874 815 2032 868 nihus
2060 814 2188 881 quid
2221 817 2487 870 sentiatis.
2514 815 2609 869 Sin
2635 817 2700 870 ad
2722 816 3148 871 consolationem
3171 825 3223 871 ct
3256 816 3435 870 luctus

1872 905 2107 972 signum,
2138 916 2325 973 parate
2376 922 2470 960 vos
2504 907 2568 958 ad
2618 907 3095 976 respondendum,
3151 916 3205 960 et
3269 922 3435 978 argu—

1873 1005 2051 1049 menta
2093 997 2426 1064 Conquirit",
2488 998 2757 1065 siquidem
2791 998 3061 1067 gustaturi
3111 998 3244 1052 estis
3290 1002 3435 1067 quod

1874 1090 1963 1142 ille
1995 1090 2323 1156 degustarit.
2378 1089 2501 1143 Sint
2552 1105 2876 1158 ergo.oj~.era
2910 1101 3087 1144 vestra
3149 1091 3310 1145 dictis
3341 1107 3433 1145 ve-

1873 1181 1999 1231 stris
2022 1187 2412 1240 eonseittanea,
2446 1194 2620 1247 neque
2651 1181 2793 1232 enim
2839 1181 2889 1233 in
2935 1182 3228 1235 securitate
3274 1181 3434 1251 positi

1873 1270 2027 1324 estis.
2073 1270 2209 1322 Tum
2234 1285 2453 1338 egressa
2504 1271 2799 1325 Alexandri
2829 1280 3000 1324 mater
3022 1288 3156 1338 gena
3180 1287 3272 1325 sua
3298 1287 3437 1326 arca:

1875 1358 2091 1413 admota
2135 1360 2312 1412 dixit:
2359 1362 2587 1415 Abunde
2637 1378 2736 1416 nos
2782 1361 3047 1415 consolati
3080 1362 3232 1418 estis.
3281 1363 3438 1418 Certe

1873 1452 2016 1519 quod
2058 1454 2347 1505 timuerant
2379 1452 2711 1514 Alexandro,
2736 1454 2846 1520 jam
2892 1454 2967 1505 illi
3001 1452 3225 1517 accidit,
3264 1469 3440 1523 neque

1873 1546 2140 1614 reliquum
2170 1554 2251 1597 est
2278 1545 2351 1597 illi
2390 1546 2474 1597 vel
2524 1554 2713 1597 contra
2767 1546 2916 1597 illum
2967 1562 3227 1614 regnum;
3284 1545 3439 1597 valde

1872 1652 2001 1702 ergo
2036 1653 2063 1687 a
2096 1638 2299 1689 mundo
2324 1636 2666 1702 abstineatis,
2702 1646 2756 1689 et
2790 1638 2931 1704 quo-l
2999 1653 3025 1689 a
3083 1638 3237 1691 vobis
3289 1636 3439 1690 debi-

1875 1738 1987 1779 tum
2020 1738 2101 1781 est
2141 1738 2411 1796 pnestate.
2450 1729 2649 1797 Accepi
2696 1730 3123 1783 consolationem
3176 1739 3438 1796 vestram,

1875 1819 2160 1887 ipsumque
2186 1820 2401 1887 sepeliri
2422 1820 2607 1885 juheo.

191 1940 301 1977 non
336 1923 441 1990 ipsi
478 1892 640 1974 ιιι-οιιί
670 1920 843 1971 iratus
875 1916 975 1971 es?
1014 1914 1155 1968 Dixit
1185 1914 1327 1967 alius
1359 1930 1371 1965 :
1408 1912 1627 1965 Timent
1652 1912 1761 1979 jam
1803 1892 1841 1943 ί)
1941 1910 2207 1979 Regnavit
2235 1924 2412 1965 autem
2467 1912 2771 1966 Alexander
2813 1931 2986 1969 annos
3017 1917 3256 1970 sedecim
3292 1935 3306 1971 :
3344 1918 3439 1970 -vi-

191 2025 502 2075 arcestuac,
535 2028 564 2063 ο
598 2025 714 2071 rex,
762 2018 816 2063 et
871 2024 1076 2063 secura:
1106 2017 1229 2061 sunt
1285 2020 1440 2059 arces
1486 2016 1535 2057 te
1585 2007 1771 2057 timeu-

192 2108 353 2157 tium.
384 2104 525 2157 Dixit
560 2104 700 2156 alius
730 2120 741 2154 :
772 2102 945 2166 Quam
995 2107 1152 2150 caute
1184 2097 1295 2167 jam
1326 2113 1352 2149 a
1412 2107 1462 2149 te
1496 2097 1769 2149 abstinent

194 2194 473 2257 homines,
502 2208 534 2243 ο
565 2208 682 2257 rex,
711 2204 948 2260 etquam
994 2192 1149 2242 avide
1201 2204 1337 2241 arca:
1374 2197 1478 2241 tute
1520 2186 1764 2239 inhiant!

194 2284 338 2338 Dixit
375 2285 517 2339 alius
554 2286 760 2349 :Quam
806 2285 1069 2336 veraciter
1102 2283 1210 2351 agit
1252 2296 1398 2333 mors
1458 2293 1578 2331 cum
1633 2276 1765 2341 suis,

193 2375 298 2428 nisi
334 2374 485 2442 quod
522 2374 595 2427 illi
629 2375 820 2427 Oculos
850 2387 981 2426 suos
1011 2374 1293 2433 claudant,
1323 2381 1374 2423 et
1405 2385 1564 2423 aures
1606 2369 1765 2421 obtu-

192 2467 347 2519 rent!
394 2466 541 2518 Dixit
563 2463 880 2517 Philokaton
908 2464 1125 2531 sapiens
1153 2481 1166 2520 :
1191 2463 1344 2528 Quod
1376 2463 1439 2514 ad
1480 2462 1763 2525 mundum,

190 2558 347 2622 cujus
378 2554 481 2607 hoc
521 2565 603 2607 est
636 2556 905 2617 ultimmu,
932 2566 1079 2608 certe
1114 2556 1270 2607 nobis
1305 2556 1477 2607 salius
1514 2555 1709 2607 luisset
1737 2567 1765 2605 a

191 2646 370 2714 primo
396 2647 515 2713 ejus
534 2646 886 2699 abstinuisse.
920 2646 1058 2699 Dixit
1080 2646 1222 2699 alius
1247 2660 1259 2697 :
1282 2644 1461 2697 lleus!
1495 2645 1765 2709 homines,

192 2738 542 2795 uedeﬂeatis
594 2740 742 2791 illiilli
801 2741 893 2807 qui
940 2740 1067 2792 ﬂere
1127 2739 1310 2800 desiit,
1373 2739 1465 2793 scil
1525 2741 1763 2808 seipsum

193 2831 576 2898 unusquisque
637 2842 877 2884 vestrum
926 2830 1139 2886 deﬂeat.
1201 2830 1347 2883 Dixit
1388 2833 1575 2885 alius:
1615 2832 1765 2901 liogo

193 2921 323 2973 mihi
354 2922 532 2984 dicas,
570 2920 662 2987 qui
716 2923 956 2973 animum
1000 2923 1280 2990 regionum
1310 2922 1661 2991 amplitudine
1690 2924 1764 2975 la-

192 3013 391 3065 tiorem
417 3012 661 3080 gessisti,
694 3012 969 3079 quomodo
1031 3011 1139 3080 jam
1196 3014 1304 3080 pati
1368 3024 1521 3083 potes
1586 3015 1763 3067 locum

193 3117 298 3156 tam
331 3104 667 3172 angustum?
722 3102 864 3157 Dixit
924 3106 1067 3159 alius
1099 3123 1109 3157 :
1178 3105 1232 3157 Si
1267 3121 1374 3158 non
1410 3106 1671 3159 deﬂeatur
1702 3106 1767 3159 de

1873 2001 1952 2053 xit
1978 2002 2030 2053 in
2052 2011 2219 2054 totum
2253 2002 2473 2072 triginta
2498 2002 2656 2057 duos.
2683 2004 2846 2056 l‘orrn
2868 2007 3181 2074 prmiecerat
3202 2008 3408 2061 Alexan
3427 2036 3440 2047 -

1872 2093 1969 2147 der
1996 2094 2293 2164 unicuique
2318 2097 2518 2165 regioni
2555 2112 2770 2150 servum
2803 2096 2881 2167 [at
2910 2099 3063 2165 juxta
3093 2099 3234 2152 aliud
3259 2116 3441 2154 exem-

1871 2186 2006 2254 plar,
2044 2187 2410 2257 prml'ectum],
2438 2202 2629 2243 vetans
2663 2206 2729 2243 ne
2763 2191 2828 2241 ad
2864 2207 3020 2257 quem
3064 2190 3116 2243 in
3161 2192 3437 2258 provincia

1870 2278 1957 2333 cui
1982 2286 2233 2347 praeerat,
2268 2281 2614 2333 mitterentur
2664 2278 2853 2333 littera:
2898 2283 2966 2334 ab
3017 2283 3124 2335 alio
3173 2282 3264 2353 qui
3318 2283 3439 2350 ipso

1871 2376 2141 2435 potestate
2175 2371 2352 2437 major
2390 2378 2556 2423 esset.
2598 2369 2677 2423 Ab
2710 2371 2965 2423 omnibus
3023 2383 3201 2425 autent
3262 2374 3326 2425 ad
3382 2390 3440 2427 se

1870 2460 1987 2512 dari
2021 2462 2234 2515 litteras
2271 2460 2492 2529 jubcns,
2526 2478 2623 2515 uec
2664 2478 2823 2531 quem
2854 2465 3015 2516 etiam
3078 2479 3136 2518 se
3189 2476 3439 2535 excepto,

1870 2563 2050 2616 regem
2096 2550 2379 2617 appellari.
2423 2550 2629 2603 Mortuo
2700 2552 2864 2619 igitur
2908 2553 3219 2608 Alexandro
3264 2570 3439 2610 unus-

1871 2640 2102 2708 quisque
2150 2642 2490 2710 provinciam
2524 2658 2679 2695 suam
2736 2648 3047 2713 occupavit.
3101 2645 3164 2698 Et
3209 2646 3440 2701 divismn

1870 2740 1949 2783 est
1980 2729 2347 2785 Barbarormn
2382 2734 2692 2803 imperium,
2722 2734 2920 2789 Persia:
2950 2746 3000 2791 et
3029 2738 3244 2792 Ahwazi
3276 2756 3443 2809 regno

1873 2836 2037 2889 penes
2074 2823 2453 2892 Ashagauidas
2508 2835 2783 2887 manente,
2835 2830 2925 2893 qui
2992 2829 3228 2881 tribuum
3288 2844 3441 2898 reges

1871 2914 2183 2966 audierunt.
2218 2916 2274 2967 lu
2297 2914 2679 2970 Alexandriam
2712 2926 2891 2970 autent
2914 2926 2967 2971 et
2998 2918 3288 2988 .vEgjptum
3324 2931 3444 2987 post

1870 3004 2234 3057 Alexandrum
2298 3018 2501 3073 septem
2554 3022 2726 3060 annos
2784 3010 3027 3074 regnavit
3069 3008 3235 3064 frater
3268 3011 3442 3078 ipsius

1871 3096 2035 3166 296
2069 3101 2287 3150 nomine
2336 3096 2641 3165 Philippus,
2700 3100 2790 3167 qui
2842 3100 3164 3155 Ptolomaeus
3196 3100 3442 3155 Aridzeus

193 3207 367 3247 morte
398 3194 498 3247 nisi
534 3195 743 3246 novitas
773 3196 910 3261 ejus,
954 3204 1100 3247 certe
1142 3194 1387 3263 quotidie
1442 3212 1588 3247 mors
1628 3211 1763 3248 nova

1806 3221 1837 3276 Ω
1873 3188 2292 3256 euguominatus
2330 3198 2408 3241 est
2452 3187 2556 3260 [vel
2611 3191 2764 3257 juxta
2809 3193 2950 3243 aliud
3013 3194 3309 3262 exemplar,
3343 3209 3440 3247 an.

194 3284 423 3339 accidit.
459 3285 607 3336 Dixit
642 3285 821 3337 alius:
881 3284 934 3338 Si
971 3285 1147 3338 elatus
1190 3284 1359 3350 fuisti,
1395 3287 1505 3353 jam
1549 3288 1769 3340 humilis

193 3392 271 3437 rs,
310 3384 365 3427 et
408 3375 452 3429 si
483 3375 805 3429 inridendus
840 3376 1042 3438 fueras,
1096 3376 1207 3443 jam
1241 3386 1389 3429 certe
1424 3377 1766 3431 miserandus

193 3483 271 3521 es.
298 3466 441 3521 Dixit
466 3468 604 3519 alius
638 3486 650 3520 :
682 3466 819 3532 Quid
848 3468 963 3521 est?
985 3484 1016 3520 ο
1046 3476 1099 3519 ιιι
1128 3467 1290 3535 cujus
1322 3468 1399 3519 ira
1429 3467 1765 3523 formidanda

192 3567 329 3621 erat,
387 3568 439 3609 et
489 3557 626 3609 latus
681 3560 971 3621 munitum,
1010 3557 1171 3627 292
1204 3574 1301 3611 cur
1341 3574 1445 3612 non
1479 3563 1648 3613 iratus
1684 3576 1762 3625 es,

192 3658 249 3698 ut
282 3662 311 3698 a
350 3656 403 3698 te
442 3647 745 3699 discederet
783 3648 967 3700 mors?
1004 3658 1118 3710 aut,
1146 3663 1245 3701 cur
1274 3664 1381 3700 non
1430 3656 1482 3700 te
1529 3650 1764 3717 protexi-

192 3740 288 3793 sti.
320 3748 373 3789 ut
424 3754 452 3789 a
500 3748 552 3789 te
612 3738 993 3806 impotentiam
1026 3741 1359 3807 repelleres?
1399 3738 1543 3793 Dixit
1578 3742 1719 3793 alius
1750 3757 1764 3793 :

194 3828 406 3881 Suﬂicit
442 3830 599 3896 vulgo
632 3828 682 3880 in
733 3830 1041 3897 exemplum
1081 3843 1236 3883 mors
1268 3846 1489 3899 regum;
1531 3839 1584 3884 et
1620 3833 1769 3885 sum-

192 3920 265 3975 cit
299 3919 523 3988 regibus
558 3922 611 3971 lu
673 3920 1181 3984 commonitionem,
1221 3936 1367 3973 mors
1416 3922 1582 3990 vulgi.
1620 3923 1764 3976 Dixit

193 4012 374 4067 alius:
429 4007 546 4062 Non
598 4011 745 4062 aliud
809 4011 977 4063 edidit
1021 4010 1326 4064 Alexander
1369 4013 1763 4067 documentum

195 4093 491 4163 illustrius,
523 4112 697 4154 morte
750 4116 870 4155 sua.
916 4100 1060 4155 Dixit
1111 4104 1251 4155 alius
1288 4122 1300 4155 :
1336 4101 1458 4157 Fuit
1513 4120 1615 4158 vox
1673 4116 1764 4159 tua

200 4190 479 4252 terribilis,
514 4201 566 4243 et
611 4206 836 4259 regnum
903 4200 1061 4245 tuum
1111 4194 1605 4264 praacelsum;jam
1641 4211 1768 4250 vero

189 4282 395 4342 defecit
428 4298 526 4336 vox
564 4290 677 4345 tua,
730 4292 783 4335 et
853 4300 1075 4352 regnum
1118 4294 1269 4338 tuum
1311 4287 1629 4355 depressum
1661 4298 1765 4342 est.

199 4378 336 4429 Dixit
372 4376 513 4428 alius
546 4395 557 4428 :
601 4374 727 4427 Fuit
772 4378 867 4429 tibi
905 4377 1060 4445 copia
1096 4378 1494 4442 benefaciendi,
1526 4396 1632 4432 non
1668 4396 1770 4432 au-

194 4484 303 4521 ιθιιι
341 4468 472 4520 mihi
504 4468 799 4535 loquendi;
852 4468 963 4536 jam
1005 4485 1131 4522 vero
1163 4478 1247 4523 est
1300 4472 1434 4523 mihi
1478 4473 1633 4541 copia
1685 4472 1769 4525 lo-

198 4557 427 4627 quendi,
466 4572 575 4610 non
608 4565 791 4609 autem
819 4558 917 4609 tibi
967 4556 1361 4613 benefaciendi.
1399 4559 1543 4613 Dixit
1574 4560 1714 4613 alius
1754 4578 1764 4613 :

199 4648 249 4701 Si
310 4647 427 4701 beri
501 4660 529 4698 a
575 4654 625 4700 te
677 4661 783 4699 non
853 4646 952 4699 fuit
990 4647 1281 4716 quisquam
1323 4664 1575 4716 securus,
1612 4650 1769 4705 hodie

193 4746 344 4795 certe
375 4752 480 4789 non
524 4737 677 4789 timet
730 4749 781 4789 te
836 4737 1148 4805 quisquam.
1193 4736 1339 4790 Dixit
1386 4740 1569 4793 alius:
1636 4741 1766 4793 Heri

196 4829 467 4882 sollicitus
520 4826 621 4879 fuit
677 4836 864 4895 pastor
908 4829 979 4881 oh
1020 4844 1261 4898 gregem,
1325 4828 1487 4883 hodie
1539 4846 1667 4901 grex
1700 4832 1768 4885 ob

196 4928 470 4989 pastorem
506 4933 686 4971 suum.
744 4916 886 4971 Dixit
940 4921 1133 4972 alius:
1190 4921 1491 4975 Pervenisti
1539 4923 1648 4991 jam
1702 4925 1766 4977 ad

196 5013 349 5063 illum
388 5009 477 5061 cui
501 5011 717 5062 debitor
776 5025 921 5073 eras,
952 5011 1022 5065 ob
1059 5012 1305 5065 debitum
1341 5014 1488 5083 quod
1545 5030 1769 5069 necesse

197 5112 280 5157 est
314 5111 373 5155 ut
404 5101 608 5164 solvas,
639 5113 803 5170 atque
849 5103 1059 5155 utinam
1116 5104 1309 5157 scirem
1361 5121 1469 5174 qua
1506 5109 1769 5175 patientia

196 5196 371 5249 uteris
398 5193 453 5249 in
488 5195 673 5248 debito
695 5209 804 5263 quo
845 5197 1046 5249 teneris
1078 5197 1380 5251 solvendo?
1408 5198 1551 5253 Dixit
1581 5198 1720 5255 alius
1750 5218 1762 5253 :

196 5286 251 5340 Si
282 5296 449 5339 antea
478 5300 541 5340 ea
574 5284 766 5339 fuisset
803 5286 901 5339 tibi
938 5289 1197 5354 gravitas,
1229 5299 1283 5342 et
1328 5292 1618 5358 temperies
1649 5308 1769 5361 quae

198 5377 361 5431 hodie
393 5388 498 5441 est,
524 5386 671 5431 certe
692 5378 930 5446 prudens
960 5378 1182 5433 fuisses.
1217 5379 1463 5450 Cumque
1501 5384 1763 5452 loquendi

198 5473 305 5538 jam
343 5472 503 5523 linem
544 5469 807 5525 fecissent
847 5472 1182 5542 phil050phi,
1226 5488 1458 5545 surgens
1500 5475 1764 5539 Ruslttac,

200 5560 345 5614 Darii
380 5564 522 5629 regis
560 5561 854 5617 Persarum
905 5564 1035 5627 tilia,
1091 5564 1389 5620 Alexandri
1452 5583 1608 5632 uxor,
1647 5584 1768 5636 quae

197 5654 446 5708 omnium
491 5654 804 5711 Alexandro
839 5657 1165 5712 charissima
1231 5657 1353 5723 luit,
1407 5676 1565 5714 uzanu
1628 5676 1767 5716 arca:

198 5743 449 5813 imposita
472 5746 608 5799 dixit
643 5764 655 5799 :
689 5745 801 5799 Non
835 5756 1172 5815 putaveram,
1203 5762 1235 5801 ο
1257 5765 1369 5813 rex,
1390 5766 1512 5805 cum
1541 5751 1763 5805 Darium

200 5838 463 5902 vinceres,
489 5853 711 5913 regnum
743 5848 890 5895 tuum
918 5838 1187 5896 deiictum
1211 5840 1297 5894 iri.
1320 5838 1456 5895 Tum
1478 5843 1611 5897 dixit
1645 5844 1763 5913 phi-

262 5929 284 5959 '
324 5930 455 5985 Luc.
494 5928 623 6007 "39
652 5947 765 5997 seq.

1873 3294 1971 3331 nos
2002 3278 2409 3349 qttatlragitifa].
2451 3280 2582 3335 l’ost
2616 3284 2790 3349 ipsum
2836 3282 3179 3349 l’tolomzeus,
3211 3284 3297 3337 cui
3340 3300 3441 3337 uo-

1876 3384 1996 3421 men
2028 3371 2350 3434 Alexander,
2398 3388 2696 3441 eOgnomen
2755 3374 3084 3439 (ialcb-Vzr,
3135 3394 3308 3433 annos
3362 3381 3444 3429 vi.

1874 3460 2009 3527 giuti
2044 3470 2250 3528 septem
2290 3461 2462 3531 [aliud
2494 3465 2772 3531 exemplar
2804 3464 2993 3533 viginti
3031 3482 3196 3519 uuum
3232 3468 3439 3541 habet].

1875 3547 1972 3601 llic
2003 3565 2147 3602 anno
2184 3557 2334 3619 regni
2368 3551 2447 3602 sui
2482 3551 2744 3605 vicesimo
2786 3550 3153 3624 llierosMyma
3204 3556 3439 3618 mittens,

1873 3640 1998 3693 inde
2039 3642 2380 3711 septuaginta
2417 3644 2563 3695 viros
2617 3659 2646 3695 e
2692 3642 2894 3697 Judzris
2937 3644 3316 3699 Alexandriam
3347 3646 3441 3697 ad-

1874 3732 1999 3785 duci
2038 3734 2270 3794 curavit,
2319 3749 2349 3801 q
2394 3749 2456 3787 os
2502 3729 2617 3787 'sibi
2658 3735 2825 3804 legem
2878 3736 3159 3806 librosque
3210 3738 3441 3807 prophe-

1876 3824 2258 3891 ticosclingua
2295 3823 2559 3879 llebraica
2586 3829 2636 3879 in
2665 3827 2904 3881 Cra'cam
2938 3828 3435 3897 transferrejussit,

1873 3917 2113 3983 ipsorum
2160 3918 2389 3983 singulis
2451 3920 2681 3971 scorsim
2746 3922 2812 3972 ab
2870 3919 2991 3972 aliis
3037 3921 3087 3972 in
3142 3920 3301 3973 domo
3334 3921 3435 3974 sibi

1877 4006 2094 4074 propria
2118 4008 2423 4074 collocatis,
2451 4017 2510 4061 ut
2538 4010 2609 4062 ita
2632 4010 2904 4076 quomodo
2938 4025 2996 4063 se
3022 4010 3272 4065 habitura
3297 4023 3442 4065 esset

1877 4098 2315 4167 uniuscujusque
2382 4100 2760 4169 interpretatio
2828 4099 3053 4154 videret.
3116 4100 3249 4155 Cum
3311 4117 3441 4171 ergo

1877 4200 2162 4256 postquam
2216 4190 2384 4243 libros
2432 4191 2568 4242 istos
2630 4190 3055 4255 transtulissent,
3119 4193 3442 4259 interpreta-

1877 4282 2056 4335 tiones
2081 4282 2322 4351 ipsorum
2351 4282 2696 4349 inspexisset,
2749 4284 3059 4337 uuiusmodi
3089 4296 3207 4338 erat
3238 4288 3440 4351 versio,

1878 4372 2023 4423 nulla
2054 4387 2282 4440 prorsus
2311 4371 2705 4440 discrepantia.
2767 4372 2958 4427 Libros
3009 4373 3173 4443 igitur
3197 4374 3251 4428 in
3275 4391 3439 4429 unum

1878 4463 2157 4523 collectos,
2191 4473 2241 4514 et
2268 4462 2471 4515 annulo
2526 4478 2625 4515 suo
2676 4463 2915 4531 signatos
2950 4466 3001 4515 iu
3056 4466 3256 4533 templo
3292 4466 3441 4528 idoli,

1806 4560 1845 4613 ι)
1877 4552 2160 4621 Serapidis
2194 4552 2348 4615 dicti,
2399 4554 2669 4622 reposuit.
2714 4555 2840 4607 Erat
2871 4572 2899 4607 e
2929 4558 3276 4623 septuaginta
3313 4557 3443 4611 isto-

1875 4662 1994 4701 rum
2020 4660 2271 4707 uumero,
2314 4646 2398 4699 vir
2455 4647 2675 4715 quidam
2713 4647 2929 4701 nomine
2960 4645 3177 4701 Simeon
3234 4649 3440 4719 justus,

1872 4740 1966 4807 qui
2004 4738 2294 4791 Dominum
2356 4746 2598 4791 nostrum
2645 4737 2921 4791 Christrm
2958 4754 2987 4793 e
3030 4740 3228 4807 templo
3255 4755 3442 4795 susce-

1872 4829 1967 4899 pit.
2001 4827 2098 4882 Hic
2124 4830 2253 4882 dum
2288 4831 2459 4899 legem
2492 4840 2547 4884 et
2586 4830 2756 4885 libros
2814 4830 3200 4899 prophetarum
3252 4848 3282 4886 e
3340 4832 3441 4886 liii-

1871 4935 1973 4989 gua
2008 4920 2269 4975 llcbraica
2320 4922 2371 4974 in
2399 4919 2642 4975 Griecam
2678 4922 3019 4987 transferret,
3083 4924 3438 4991 quotiescun-

1873 5027 1977 5081 que
2013 5026 2227 5065 comma
2254 5013 2474 5081 aliquod
2509 5014 2560 5065 in
2595 5028 2702 5081 quo
2743 5014 3024 5080 prophetia
3055 5025 3202 5068 esset
3232 5016 3297 5069 de
3336 5014 3440 5069 Do-

1875 5105 2021 5158 mino
2047 5104 2269 5158 Christo
2303 5106 2782 5173 interpretaretur,
2834 5106 2907 5157 illi
2961 5106 3123 5159 corde
3175 5122 3275 5161 suo
3330 5124 3438 5163 non

1874 5195 2202 5260 assentiens,
2239 5196 2474 5259 dixerat,
2530 5193 2643 5249 Hoc
2698 5196 2813 5250 licri
2865 5212 2971 5251 non
3019 5206 3238 5266 potest:
3298 5200 3438 5256 Deus

1872 5300 1997 5356 ergo
2028 5288 2153 5339 vita:
2186 5288 2473 5340 terminum
2511 5286 2612 5356 ipsi
2656 5288 2827 5350 auxit,
2868 5288 3004 5340 adeo
3047 5298 3101 5341 ut
3125 5303 3297 5343 annos
3326 5300 3437 5345 tre-

1873 5386 2063 5433 centos
2087 5378 2482 5447 quinquaginta
2532 5378 2756 5441 viveret,
2792 5379 2962 5433 donec
3019 5379 3293 5433 Christum
3334 5381 3438 5435 Do-

1871 5472 2077 5525 minum
2126 5472 2364 5537 videret;
2418 5470 2780 5541 297-299
2830 5488 2987 5541 quem
3049 5473 3137 5525 ubi
3190 5474 3435 5539 vidisset,

1870 5564 2049 5627 Nunc,
2079 5564 2268 5633 inquit,
2286 5564 2504 5627 dimitte,
2528 5582 2555 5616 ο
2578 5562 2819 5626 Domine,
2847 5581 3047 5617 servum
3082 5574 3226 5618 tuum
3254 5582 3437 5621 secuit-

1866 5657 1991 5707 dum
2022 5656 2223 5709 verbum
2248 5666 2390 5707 tuum
2428 5658 2479 5708 iu
2506 5673 2665 5724 pace;
2702 5657 2819 5725 jam
2843 5658 2977 5709 enim
3030 5658 3266 5711 riderunt
3298 5660 3436 5725 oculi

1868 5752 1966 5803 mei
1985 5753 2201 5803 salutent
2226 5764 2381 5818 quam
2406 5751 2609 5817 parasti
2627 5766 2805 5803 coram
2838 5751 3076 5804 omnibus
3113 5753 3347 5821 gentibus
3363 5751 3431 5805 °°.

1943 5842 2154 5899 Mortuo
2184 5840 2475 5897 Ptolemaeo
2504 5841 2564 5895 C.
2586 5842 2797 5913 lebvro,
2829 5847 3071 5913 regnavit
3102 5855 3223 5917 post
3258 5847 3430 5916 ipsum
