4200 6432
726 394 826 457 9ἳῦ

1729 387 1968 449 EUTYC
1979 389 2088 447 ΗΠ
2128 386 2660 448 ALEXANDRINI
2705 389 2918 451 PATR.

3843 402 3952 462 976

727 520 898 559 annos
919 503 1107 572 viginti
1146 517 1334 557 novem
1363 501 1687 556 Ptolomzeus
1730 503 2153 571 cognominatus
2178 501 2282 556 Le-
2315 507 2358 560 A
2391 518 2507 556 rum
2561 519 2589 556 a
2630 502 2834 557 familia
2888 503 3163 569 Davidica,
3208 521 3271 560 ex
3320 522 3429 577 quo
3475 507 3676 576 captivi
3729 508 3953 565 abducti

729 611 850 665 pus.
910 595 1008 648 Hic
1036 595 1378 648 Alexandriae
1426 594 1855 663 Hippodromuin
1913 607 2165 660 magnum
2218 593 2282 645 ad

724 701 987 755 equorum
1004 695 1280 738 certamen
1298 686 1586 749 exstruxit,
1602 685 1690 752 qui
1708 693 1944 752 tempore
1958 682 2190 737 Zenoois
2204 697 2289 735 re-

727 776 810 843 gis
834 776 955 844 igne
984 774 1163 842 periit.
1194 775 1322 829 Post
1339 777 1488 828 illum
1512 788 1684 827 annos
1708 774 1895 844 viginti
1913 790 2007 828 sex
2031 772 2276 842 regnavit

730 865 870 918 filius
925 865 1120 933 ipsius,
1169 865 1557 934 Philadelphus
1604 864 2044 932 cognominatus.
2081 863 2283 919 Deinde

726 971 906 1011 annos
950 958 1141 1026 viginti
1179 959 1429 1026 quinque
1475 956 1821 1021 Ptolomaeus,
1867 955 2282 1024 cognominatus

725 1043 1037 1113 Evcrgetes.
1091 1046 1166 1098 Et
1217 1053 1348 1112 post
1423 1049 1598 1115 ipsum
1671 1061 1843 1100 annos
1896 1046 2280 1113 septemdecim

729 1132 1054 1187 Ptolomaeus
1091 1135 1510 1202 cognominatus
1551 1135 1882 1204 Philopator.
1937 1134 2139 1189 Deinde
2183 1152 2284 1190 an-

727 1241 827 1279 nos
855 1225 1040 1295 viginti
1078 1235 1311 1294 quatuor
1341 1229 1667 1282 Ptolomazus
1703 1229 2120 1295 cognominatus
2157 1229 2286 1282 Illu-

725 1316 870 1368 stris.
913 1315 1046 1370 Post
1093 1318 1244 1370 illum
1280 1332 1454 1370 annos
1493 1318 1680 1386 viginti
1721 1316 2049 1373 Ptolomaeus
2097 1319 2283 1373 Philo-

727 1414 919 1458 metor.
963 1405 1091 1474 Ejus
1146 1415 1384 1473 tempore
1429 1406 1751 1472 Antiochus,
1795 1408 2111 1462 Graecorum
2166 1425 2283 1473 rex,

725 1496 954 1550 devictis
999 1497 1151 1566 Syria
1182 1495 1465 1562 etJudma,
1497 1499 1713 1552 Judaeos
1759 1514 1788 1552 e
1825 1499 1982 1568 Syria
2035 1500 2284 1568 expulit,

723 1587 1014 1653 omniaque
1052 1587 1157 1638 illis
1207 1588 1377 1650 mala,
1411 1596 1464 1641 et
1529 1589 1866 1642 cruciatuuin
1900 1605 2096 1658 genera
2139 1591 2284 1644 intu-

726 1675 807 1728 lit.
846 1675 972 1729 Post
1012 1676 1162 1730 illiiiii
1199 1681 1447 1747 regnavit
1495 1678 1665 1732 fra'er
1715 1681 1889 1746 ipsius
1935 1679 2281 1744 Ptolomaeus,

723 1767 1016 1836 Evergetes
1045 1771 1206 1822 etiam
1237 1771 1444 1831 dictus,
1473 1784 1648 1823 annos
1686 1771 1876 1839 viginti
1911 1778 2040 1825 tres.
2087 1769 2161 1822 Eo
2194 1786 2280 1821 re-

723 1865 922 1923 gnante
950 1859 1192 1910 condidit
1223 1859 1547 1922 Antiochus,
1586 1859 1902 1914 Gimcorum
1937 1877 2054 1924 rex,
2089 1865 2283 1916 Antio-

723 1947 922 2012 chiam,
979 1949 1066 2001 cui
1111 1949 1177 2002 de
1213 1951 1435 2004 nomine
1475 1966 1577 2004 suo
1622 1952 2034 2020 appellationem
2091 1955 2286 2008 indidit

720 2051 826 2104 qua
873 2048 1064 2092 vocata
1105 2049 1211 2094 est.
1249 2039 1383 2096 Post
1417 2043 1595 2112 ipsum
1638 2047 1885 2112 regnavit
1920 2044 2281 2108 Ptolomaeus,

723 2126 1003 2184 Liberator
1039 2131 1237 2197 dictus,
1277 2149 1450 2188 annos
1479 2135 1690 2202 viginti,
1723 2135 1880 2204 cujus
1921 2144 2164 2205 tempore
2190 2153 2283 2192 ex-

725 2232 934 2276 structa
966 2226 1206 2278 esturbs
1244 2223 1512 2280 Seleucia.
1552 2228 1757 2282 Deinde
1799 2228 2159 2292 Ptolomaeus,
2195 2230 2284 2283 cui

722 2315 886 2366 etiam
941 2330 1248 2385 cognomen
1311 2317 1634 2383 Liberator,
1693 2334 1867 2373 annos
1942 2320 2282 2390 quindecim.

725 2404 928 2460 Deinde
965 2406 1291 2463 Ptolomaeus
1324 2411 1542 2463 nomine
1583 2411 1906 2472 Alexander,
1959 2412 2286 2480 cognomine

724 2499 942 2568 lasphis
989 2499 1325 2569 Philopator,
1371 2516 1544 2556 annos
1569 2501 1756 2557 decem
1800 2501 1904 2573 [vel
1931 2503 2086 2572 juxta
2136 2504 2283 2558 aliud

724 2589 1020 2658 exemplar,
1087 2592 1419 2663 duodecim].
1474 2593 1677 2647 Deinde
1734 2595 2066 2649 Ptolomaeus
2123 2595 2286 2665 300

724 2679 1136 2741 cognominatus
1169 2679 1395 2745 Phosas,
1431 2683 1732 2736 octodecim
1767 2686 1886 2737 dies
1936 2683 2038 2754 [vel
2083 2701 2282 2739 secun-

722 2773 848 2828 dum
880 2772 1021 2826 aliud
1063 2774 1361 2843 exemplar,
1398 2784 1519 2828 octo
1549 2774 1764 2846 annos].
1804 2775 1932 2830 Post
1955 2778 2131 2846 ipsum
2156 2776 2284 2831 Pto-

725 2869 946 2919 Iomzens
986 2865 1278 2935 Dionysius
1303 2884 1472 2921 annos
1503 2871 1693 2938 viginti
1724 2885 1940 2922 novem.
1978 2869 2102 2923 Post
2123 2884 2282 2936 quem

725 2955 829 3008 [ilia
877 2957 1050 3024 ipsius
1100 2957 1384 3025 Cleopatra
1442 2961 1621 3027 (cujus
1675 2958 1909 3010 nominis
1947 2957 2284 3026 significatus

726 3056 803 3100 est
857 3060 1055 3114 petram
1124 3049 1362 3118 deﬂens),
1436 3064 1610 3103 annos
1663 3049 1852 3116 viginti
1933 3049 2090 3102 duos.
2161 3049 2286 3103 Haec

2388 603 2517 646 sunt
2549 609 2578 678 a
2611 595 3064 650 Boehtanassero.
3110 597 3299 665 Neque
3331 601 3474 652 enim
3506 599 3558 652 in
3596 601 3748 655 hunc
3780 618 3955 670 usque

2387 683 2530 736 diem
2563 682 2863 755 priniiciiint
2908 688 3014 741 sibi
3057 686 3227 741 Judaei
3261 703 3439 757 regem
3500 691 3604 744 nisi
3653 707 3683 744 e
3728 691 3954 747 Davidis

2387 774 2577 842 stirpe.
2630 774 2898 829 Sacerdos
2948 793 3077 831 vero
3119 779 3220 833 fuit
3258 781 3429 849 stirpe
3467 781 3719 836 Davidica
3754 785 3946 838 oriun-

2387 864 2512 927 dus,
2570 869 2784 922 nomine
2814 869 3181 936 Aristobulus,
3209 873 3300 942 qui
3363 873 3513 941 regio
3551 890 3703 929 more
3732 874 3950 930 ludatos

2389 957 2544 1009 rexit.
2598 957 2744 1011 Misit
2802 974 2930 1030 ergo
2980 961 3266 1030 Augustus
3303 964 3494 1018 ducem
3537 980 3566 1018 e
3599 967 3715 1019 suis
3758 984 3952 1036 quem-

2388 1048 2509 1101 dam
2545 1050 2765 1102 nomine
2806 1050 3011 1106 Paetum
3046 1054 3138 1116 qui
3174 1052 3547 1125 Hierosolyma
3576 1059 3802 1112 obsessa
3827 1074 3952 1112 cum

2387 1143 2659 1210 cepisset,
2737 1141 3116 1198 Aristobulum
3195 1144 3506 1200 Iudaeorum
3573 1151 3955 1214 sacerdotem,

2387 1231 2741 1300 compedibus
2776 1234 3045 1297 vinctum,
3101 1252 3227 1290 cum
3266 1238 3452 1292 multis
3499 1253 3528 1291 e
3580 1241 3747 1292 sociis
3779 1241 3955 1310 ipsius

2387 1325 2612 1375 Homam
2649 1324 2820 1386 misit,
2856 1325 3175 1394 tributoque
3210 1327 3418 1383 Iudicis
3455 1329 3712 1398 imposito
3742 1331 3810 1382 ab
3844 1333 3952 1387 illis

2386 1411 2660 1465 discessit.
2693 1412 2884 1484 Magna
2917 1430 3048 1468 vero
3089 1417 3309 1470 miseria
3337 1416 3555 1472 Judazos
3583 1421 3799 1474 invasit.
3849 1420 3954 1472 Sa-

2388 1503 2580 1556 cerdos
2634 1513 2810 1557 autem
2860 1506 3158 1560 Aristobuli
3223 1507 3347 1561 loco
3415 1509 3588 1563 factus
3644 1519 3728 1563 est
3787 1511 3955 1564 frater

2385 1592 2579 1659 ipsius,
2637 1594 2721 1646 cui
2779 1607 2974 1647 nomen
3031 1596 3236 1651 Arkan.
3280 1596 3503 1651 Arkzino
3540 1598 3627 1652 isti
3660 1614 3781 1651 cuin
3837 1601 3956 1653 viro

2385 1681 2618 1748 quodam
2676 1683 2892 1736 nomine
2922 1685 3232 1754 Antipatro,
3268 1687 3609 1752 Askalonita,
3641 1691 3954 1743 intercessit

2385 1773 2649 1835 amicitia,
2684 1774 2777 1843 qui
2821 1775 2974 1828 idolii
3023 1775 3309 1845 cujusdam
3341 1779 3578 1833 :edituus
3626 1778 3750 1842 fuit,
3781 1779 3954 1833 ideni-

2386 1879 2493 1930 que
2521 1863 2750 1918 Herodis
2778 1873 2948 1932 pater,
2981 1881 3151 1934 genus
3185 1882 3215 1919 e
3244 1866 3424 1935 Cypro
3449 1867 3675 1923 ducens.
3729 1868 3955 1923 Consti-

2388 1956 2491 2008 tuit
2516 1965 2694 2010 autem
2741 1956 2920 2010 Arkan
2956 1958 3221 2014 sacerdos
3275 1959 3538 2013 Herodem
3575 1963 3780 2014 viarum
3813 1976 3954 2028 pra:-

2384 2046 2584 2101 fectiiin
2635 2059 2829 2100 contra
2879 2049 3138 2113 latrones,
3188 2065 3309 2103 cum
3365 2049 3449 2102 vir
3497 2050 3693 2119 ingenii
3753 2049 3955 2104 ferocis

2383 2146 2552 2192 esset.
2585 2138 2908 2193 lnvadentes
2936 2139 3100 2210 30h
3129 2147 3308 2195 autem
3333 2139 3702 2213 Hierosolyma
3730 2142 3953 2210 quidam

2385 2244 2447 2282 ex
2476 2229 2538 2281 Al
2572 2229 2738 2283 Gauri
2766 2230 2960 2283 incolis
2995 2231 3272 2284 Ai'kanuin
3313 2233 3651 2287 sacerdotem
3680 2234 3954 2299 captivum

2385 2318 2752 2384 abduxerunt,
2798 2321 3109 2391 Antipatro,
3147 2321 3378 2377 Herodis
3412 2331 3585 2391 patre,
3615 2323 3907 2378 interfecto
3939 2341 3952 2375 :

2385 2412 2569 2481 itaque
2605 2413 2793 2466 relicta
2828 2422 2910 2465 est
2944 2415 3076 2466 urbs
3107 2415 3226 2467 sine
3257 2412 3514 2482 praefecto
3553 2422 3649 2465 aut
3679 2414 3958 2480 principe.

2387 2499 2631 2556 Herodes
2674 2519 2806 2572 ergo
2850 2505 3126 2558 ltomanos
3174 2505 3266 2571 qui
3312 2501 3708 2572 Hierosolymis
3749 2503 3959 2556 substi-

2386 2601 2570 2646 terunt
2619 2593 2938 2648 demulcens
2972 2596 3247 2663 multaque
3283 2594 3416 2663 ipsis
3461 2594 3655 2648 collata
3699 2596 3958 2662 pecunia,

2386 2685 2508 2737 urbi
2563 2693 2620 2736 iit
2673 2685 2928 2753 princeps
2980 2685 3214 2753 praefuit.
3280 2685 3594 2754 Aiiditoque
3648 2687 3959 2753 Augustum

2385 2774 2678 2845 Egyptum
2734 2778 2956 2830 tendere
3003 2778 3290 2846 quaesitum
3331 2777 3695 2844 CIeOpatrain,
3749 2775 3961 2829 Ramlze

2387 2869 2494 2936 ipsi
2539 2868 2753 2920 obviam
2802 2867 3000 2929 factus,
3037 2868 3219 2920 multis
3246 2868 3345 2934 ipsi
3373 2869 3694 2920 muneribus
3722 2867 3958 2931 oblatis,

2385 2957 2557 3026 ipsius
2584 2958 2684 3011 sibi
2715 2958 3003 3012 amicitiam
3032 2958 3357 3011 conciliavit.
3391 2959 3665 3027 Augustus
3688 2971 3816 3009 vero
3835 2972 3963 3012 cum

2386 3048 2676 3118 Egyptum
2728 3053 3090 3117 pervenisset,
3144 3065 3284 3104 caeso
3348 3050 3606 3113 Antonio,
3659 3047 3965 3117 Cleopatra:

727 3138 1065 3191 Alexandria:
1118 3142 1284 3192 multa
1346 3140 1612 3193 exstruxit
1659 3139 1886 3192 tedif‘icia
1932 3156 2166 3208 magna,
2230 3150 2356 3234 etc
2390 3141 2669 3207 deputato,
2731 3142 3112 3194 Alexandriam
3163 3143 3334 3209 ipsam
3371 3143 3657 3209 quaesitum
3703 3141 3960 3203 tetendit,

727 3230 1023 3294 miranda;
1081 3230 1317 3298 fecitque
1398 3245 1562 3298 opera
1645 3232 1944 3283 tessellata.
2001 3231 2284 3282 Exstrnxit

723 3321 884 3372 etlam
939 3322 1195 3390 templum
1238 3337 1516 3390 magnum,
1565 3325 1708 3389 quod
1752 3321 1971 3374 Saturni
2023 3321 2285 3389 templum

728 3412 1030 3480 appellavit,
1077 3413 1222 3482 quod
1262 3415 1363 3467 sub
1406 3413 1828 3467 Christianisnio
1878 3415 1931 3466 in
2002 3414 2288 3468 ecclesiam

725 3518 1069 3568 conversum,
1124 3504 1306 3559 Sancti
1358 3505 1642 3559 Michaelis
1706 3504 1991 3558 ecclesiam
2043 3507 2288 3558 nomina-

728 3603 894 3660 runt;
927 3610 1047 3663 qnie
1090 3597 1277 3649 eadem
1334 3594 1679 3647 Alkaisariah
1737 3595 2007 3663 appellata
2046 3603 2170 3658 est,
2224 3610 2288 3648 ac

729 3703 846 3756 igne
885 3687 1043 3754 periit
1074 3702 1183 3756 quo
1211 3698 1457 3754 tempore
1496 3685 1725 3754 ingressi
1758 3694 1886 3740 sunt
1913 3684 2288 3740 Occidentales

729 3779 1109 3832 Alexandriam
1163 3793 1284 3831 cum
1320 3777 1544 3831 domino
1581 3785 1771 3830 nostro
1803 3776 2126 3832 Almansore
2162 3778 2292 3831 Abi-

727 3869 922 3930 kalem,
984 3868 1076 3934 qui
1128 3867 1392 3921 Abdallah
1436 3867 1610 3930 audit,
1663 3875 1719 3920 et
1773 3866 2024 3921 Habbasa
2076 3866 2287 3920 Chalifa

730 3970 859 4012 tunc
909 3960 974 4012 Al
1018 3959 1334 4014 Moktadaro
1374 3957 1612 4021 Jaalaro,
1644 3966 1695 4011 et
1727 3973 1884 4012 servo
1929 3956 2046 4024 ejus
2079 3957 2286 4012 Tacino

730 4046 969 4117 (Egypti,
1005 4059 1056 4102 et
1086 4049 1433 4102 Alexandria:
1471 4048 1743 4116 pra'lccto.
1776 4048 2059 4101 Exstruxit
2097 4048 2287 4101 eadem

731 4142 789 4192 in‘
825 4141 958 4192 urbe
992 4141 1240 4192 Aclimini
1281 4141 1594 4192 columnam
1629 4141 1967 4193 mensoriam
1993 4179 2008 4204 ,
2044 4155 2152 4209 qua
2181 4139 2289 4192 Nili

731 4231 1127 4283 incrementum
1155 4231 1461 4300 percipitur
1499 4246 1516 4283 :
1554 4243 1652 4282 nec
1682 4245 1789 4282 non
1825 4230 1878 4282 in
1911 4231 2046 4285 urbe
2070 4231 2288 4285 Ansena

737 4321 912 4373 tliam.
956 4320 1130 4374 Porro
1179 4335 1323 4373 anno
1370 4321 1520 4389 regni
1554 4319 1674 4388 ejus
1707 4331 1904 4388 quarto
1954 4321 2074 4374 urbi
2105 4319 2291 4374 Romae

731 4413 1017 4480 imperavit
1076 4428 1166 4466 rex
1207 4414 1431 4465 nomine
1478 4410 1645 4464 Caius
1709 4410 1889 4464 Caesar
1936 4425 2111 4464 annos
2157 4426 2293 4480 qua-

2396 3245 2505 3298 quo
2534 3240 2744 3297 captam
2794 3231 3106 3299 ignominiae
3131 3243 3432 3300 exponeret
3473 3233 3736 3286 Romanis
3774 3242 3965 3286 osten-

2395 3336 2534 3376 sam.
2601 3320 2885 3390 Cleopatra
2923 3339 3051 3390 ergo
3080 3325 3266 3376 audito
3309 3340 3505 3378 carsum
3558 3339 3680 3378 esse
3726 3325 3795 3376 ab
3846 3326 3964 3376 Au-

2396 3422 2558 3480 gusto
2587 3413 2796 3467 Ciesare
2826 3415 3145 3483 deputatum
3193 3432 3350 3468 suum
3393 3417 3716 3469 Antonium.
3756 3423 3812 3468 et
3870 3430 3966 3468 ca-

2395 3514 2540 3573 ptam
2606 3505 2924 3573 .Egyptnm,
2971 3521 3039 3558 ne
3086 3507 3319 3561 ludibrio
3381 3507 3671 3561 haberetur
3740 3508 3964 3569 timens,

2397 3603 2628 3649 mortem
2665 3597 2934 3663 prtetulit;
2973 3607 3027 3649 et
3063 3613 3129 3650 ne
3167 3597 3220 3650 in
3254 3613 3448 3649 manus
3479 3598 3649 3665 ipsius
3682 3596 3960 3658 incidens,

2397 3685 2706 3753 ignominiae
2737 3697 3123 3756 exponeretur,
3163 3703 3352 3741 necem
3378 3688 3480 3742 sibi
3522 3687 3790 3741 conscivit
3818 3704 3832 3751 ;
3859 3688 3966 3739 hoc

2396 3791 2591 3843 nempe
2622 3786 2780 3844 pacto
2818 3795 2830 3830 :
2869 3779 3004 3830 duas
3033 3777 3280 3839 ancillas,
3305 3793 3534 3846 quarum
3565 3777 3720 3829 alteri
3765 3792 3966 3829 nomen

2395 3868 2561 3927 Ahra,
2579 3883 2695 3935 quae
2713 3869 2885 3935 ipsam
2908 3877 3122 3935 pectere
3139 3878 3192 3920 et
3215 3882 3343 3919 orna
3355 3883 3431 3929 re,
3452 3867 3603 3920 alteri
3622 3866 3815 3929 Matra,
3840 3883 3964 3935 qua:

2397 3959 2501 4027 ipsi
2547 3973 2756 4026 ungues
2800 3957 3096 4025 praecidere
3139 3972 3202 4010 ac
3229 3968 3409 4011 vestes
3446 3958 3677 4011 induere
3720 3961 3961 4019 solebat,

2398 4048 2720 4109 accersitas,
2764 4048 2929 4114 jussit
2976 4048 3028 4099 in
3088 4048 3307 4100 hortum
3353 4048 3639 4116 quemdam
3688 4048 3969 4115 profectas

2398 4138 2639 4204 viperam
2671 4153 2791 4205 quae
2827 4137 2974 4204 aspis
3021 4137 3341 4204 appellatur,
3379 4139 3482 4189 sibi
3510 4137 3743 4191 afferre:
3795 4154 3962 4202 quam

2399 4230 2522 4283 inde
2576 4231 2794 4281 allatam
2864 4243 2986 4280 cum
3068 4227 3119 4280 in
3197 4227 3326 4292 ipsis
3409 4229 3643 4293 primum
3735 4239 3970 4293 experta

2400 4319 2613 4381 fuisset,
2667 4321 2769 4372 illa:
2811 4318 3096 4372 confestim
3161 4326 3386 4369 ιηοτιιιιθ
3417 4328 3563 4369 sunt.
3593 4314 3795 4368 Viilens
3831 4332 3968 4384 ergo

2400 4420 2702 4480 serpentem
2777 4419 3000 4463 mortem
3073 4410 3307 4460 subitam
3391 4407 3624 4470 inferre,
3701 4422 3964 4458 coronam

733 4511 875 4556 tuor.
910 4501 1110 4554 Deinde
1134 4508 1258 4568 pOst
1293 4501 1469 4569 ipsum
1499 4499 1779 4566 Augustus
1801 4497 1984 4550 Cinsar
2006 4496 2290 4549 inonarchi
2327 4517 2373 4573 ι)
2402 4517 2554 4556 suain
2623 4502 2942 4568 prehensam
2997 4497 3349 4568 305-307
3409 4498 3568 4563 capiti
3640 4496 3926 4562 imponens
3951 4535 3967 4557 ,

735 4594 899 4657 lilius,
942 4592 1107 4661 idque
1139 4607 1281 4644 anno
1313 4592 1464 4660 regni
1503 4591 1805 4658 Cleopatra:
1838 4588 2150 4641 undecimo.
2194 4587 2292 4642 Hic

733 4685 959 4739 devictis
995 4684 1213 4753 regibus
1262 4684 1379 4736 orhi
1415 4681 1736 4750 imperavit,
1782 4678 1944 4746 cujus
1985 4677 2127 4730 fama
2166 4693 2289 4730 cum

732 4775 800 4828 ad
827 4775 1171 4843 Cleopatram
1204 4773 1571 4843 pervenisset,
1613 4771 1703 4823 illa
1763 4770 1831 4822 ab
1874 4771 1991 4837 ipso
2048 4778 2295 4819 metuens

737 4882 960 4938 regnum
1004 4880 1162 4919 suum
1205 4863 1457 4927 munivit,
1496 4871 1775 4914 exstructo
1825 4861 2032 4914 scilicet
2077 4873 2106 4911 a
2145 4868 2297 4925 parte

737 4962 987 5017 orientali
1041 4962 1106 5014 ad
1155 4959 1262 5013 Nili
1307 4973 1502 5028 ripam,
1554 4971 1712 5009 muro
1760 4971 1788 5006 a
1845 4952 2020 5006 Nubia
2075 4952 2299 5020 regione

738 5052 1086 5126 θοι-303
1131 5050 1418 5104 Pharmam
1458 5063 1651 5116 usque,
1689 5060 1790 5098 nec
1822 5060 1928 5095 non
1978 5043 2084 5095 alio
2130 5057 2159 5093 a
2194 5039 2300 5092 Nu-

739 5151 849 5210 bia,
887 5143 1270 5200 Alexandriam
1319 5156 1492 5208 usque
1529 5155 1557 5191 a
1589 5149 1743 5207 parte
1789 5134 2119 5189 Occideiitali
2151 5152 2163 5186 :
2203 5131 2297 5202 qui

740 5241 900 5295 hodie
931 5237 1100 5305 Hayet
1126 5233 1189 5289 Ol
1219 5235 1376 5303 Ajuz,
1405 5231 1593 5284 Murus
1622 5229 1807 5282 vetula:
1835 5229 2158 5296 appellatur.

820 5333 1107 5401 Cleopatra
1167 5338 1348 5380 autem
1417 5324 1762 5379 Alexandriae
1809 5320 2110 5382 habitavit,
2169 5316 2302 5369 fuit-

739 5439 844 5496 que
895 5423 1000 5492 ipsi
1063 5421 1119 5473 in
1177 5417 1470 5487 Egyptum
1524 5416 1815 5484 deputatus
1861 5410 2080 5463 nomine
2130 5412 2303 5461 Anto-

746 5521 888 5571 nius.
909 5514 1080 5568 Porro
1107 5512 1390 5580 Augustus
1419 5506 1601 5560 audita
1647 5507 1765 5574 ejus
1800 5504 1963 5567 lania,
1995 5499 2100 5570 ipsi
2129 5500 2306 5552 inhia-

742 5615 837 5664 vit.
878 5607 1196 5662 Nuntiatum
1251 5613 1335 5659 est
1399 5612 1577 5654 autem
1652 5599 1899 5667 Augusto
1972 5592 2187 5647 Judieos
2251 5595 2303 5644 in

749 5705 875 5756 urbe
924 5699 1424 5767 Hierosolymorum
1475 5691 1797 5759 obsequium
1836 5689 1940 5757 ipsi
2000 5702 2108 5740 non
2164 5701 2305 5752 pra:-

745 5805 910 5851 stare.
955 5792 1209 5847 Ablatum
1249 5797 1426 5843 autem
1457 5786 1567 5854 jam
1603 5781 1779 5837 fuerat
1827 5794 2051 5849 regnum
2085 5775 2300 5832 Judzeo-

2398 4609 2560 4660 seque
2621 4591 2824 4644 mundo
2877 4604 2977 4643 suo
3040 4589 3289 4640 universo
3345 4600 3583 4647 ornans,
3654 4600 3790 4636 auro
3850 4588 3975 4637 sci-

2397 4685 2546 4745 licet,
2570 4694 2814 4752 argento,
2851 4679 3168 4741 unionibus,
3202 4677 3513 4745 hyacinthis
3549 4691 3610 4728 :ic
3635 4677 3968 4742 smaragdis,

2400 4789 2462 4828 ac
2484 4774 2680 4827 deinde
2722 4784 2897 4826 vestes
2928 4770 3136 4836 regales
3174 4769 3382 4832 induta,
3416 4775 3688 4834 acceptam
3723 4768 3970 4834 viperam

2401 4866 2652 4919 mamilla:
2697 4865 2936 4918 sinistra:
2968 4861 3198 4933 (scilicet
3228 4861 3446 4926 regione
3503 4858 3588 4910 illa
3624 4859 3788 4911 situm
3841 4871 3973 4910 esse

2401 4971 2498 5010 cor
2528 4954 2775 5023 noverat)
2814 4953 3076 5013 admovit,
3122 4951 3419 5019 statimque
3447 4959 3660 5001 mortua
3701 4958 3806 5000 est.
3836 4943 3969 4999 Visa

2404 5051 2494 5102 illa
2544 5051 2819 5116 Augustus
2867 5056 2978 5098 tum
3009 5045 3178 5111 ipsam
3209 5050 3320 5094 tiim
3353 5042 3558 5094 factum
3592 5039 3765 5108 ipsius
3801 5040 3977 5091 mira-

2405 5149 2492 5193 tus
2524 5150 2632 5201 est,
2665 5139 2807 5207 quod
2839 5143 3070 5188 mortem
3105 5134 3352 5186 servituti
3401 5142 3454 5184 et
3489 5130 3804 5198 ignominiae
3834 5144 3977 5196 prae-

2405 5231 2640 5284 tulisset.
2677 5226 2882 5281 Ferunt
2909 5235 3089 5278 autem
3132 5226 3435 5291 Augustum
3474 5221 3747 5274 Caesarem
3785 5235 3973 5287 regem

2406 5324 2712 5390 ingressum
2754 5317 3050 5373 oﬂ'endisse
3092 5316 3263 5382 ipsam
3304 5327 3563 5366 coronam
3608 5325 3761 5363 suam
3806 5326 3973 5362 manu

2407 5414 2656 5473 sinistra,
2700 5425 2767 5464 ne
2806 5409 2871 5460 de
2915 5407 3094 5475 capite
3129 5405 3446 5464 decideret,
3489 5410 3804 5462 tenentem,
3860 5415 3977 5467 quo

2407 5505 2578 5572 ipsam
2631 5502 2684 5554 in
2726 5514 2890 5567 regno
2939 5512 3039 5552 suo
3083 5497 3362 5550 sedentem
3422 5494 3710 5546 inveniret.
3759 5487 3978 5544 Ferunt

2409 5595 2498 5648 alii
2551 5595 2746 5661 ipsam,
2791 5606 2912 5644 cum
2951 5598 3178 5643 mortem
3215 5588 3316 5644 sibi
3363 5584 3710 5639 consciscere
3767 5584 3975 5645 vellet,

2370 5704 2376 5710 ·
2410 5684 2635 5740 brachio
2684 5697 2784 5735 suo
2814 5681 2989 5732 cultro
3040 5679 3190 5746 prius
3228 5677 3399 5728 inciso
3427 5674 3560 5726 adeo
3593 5682 3649 5724 ut
3685 5672 3981 5741 egredere-

2413 5785 2500 5830 tur
2527 5773 2770 5844 sanguis,
2795 5771 2943 5827 virus
2974 5769 3196 5833 deinde,
3226 5766 3370 5838 quod
3402 5779 3567 5836 penes
3597 5765 3770 5830 ipsam
3805 5773 3978 5824 esset,
