4200 6432
221 410 322 470 977

1653 422 2016 484 ANNALES-

3384 450 3454 509 78

220 526 552 592 viperarum,
595 527 804 582 vulneri
851 528 1144 600 Iniecisse,
1183 548 1293 603 quo
1330 536 1515 590 statim
1573 549 1782 593 mortua
1813 541 1862 598 Λ
1889 543 2032 610 gavit
2083 542 2346 610 Herodes,
2386 551 2451 604 de
2495 565 2559 604 eo
2601 552 2746 620 quod
2783 565 3172 611 uarraverant:
3209 559 3302 628 qui
3342 562 3446 630 ipsi

217 625 317 667 cst.

287 705 448 757 Anno
501 715 678 761 autem
732 710 942 778 imperii
1001 715 1229 783 Augusti
1271 716 1505 774 Caesaris
1575 721 1782 775 duode-

222 795 364 846 cimo
399 797 664 852 abolitum
697 810 775 854 est
809 801 1111 873 Cleopatrae
1147 823 1394 877 regnum.
1425 810 1595 864 Porro
1628 829 1656 866 a
1694 830 1780 867 re-

215 900 321 952 gno
367 886 668 944 Alexandri
702 894 768 945 ad
797 895 958 949 tinem
991 899 1142 968 regni
1169 899 1471 970 CleOpatraa
1501 905 1626 958 anni
1655 915 1784 960 sunt

214 981 437 1034 ducenti
497 986 774 1053 octoginta
843 1004 1062 1044 novem.
1124 990 1392 1049 Redeunti
1453 997 1646 1053 deinde
1712 1016 1780 1054 ex

220 1069 460 1142 Egypto
496 1072 725 1130 Romam
771 1078 1017 1146 Augusto
1053 1082 1278 1151 Cresari,
1307 1103 1524 1142 rursum
1564 1091 1779 1145 obviam

216 1166 420 1221 Rzunlaa
467 1167 644 1223 factus
718 1173 984 1252 Herodes,
1029 1179 1198 1232 multa
1258 1181 1459 1235 obtulit
1520 1185 1778 1254 donaria;

213 1275 404 1327 quare,
437 1263 612 1330 ipsum
651 1250 850 1321 Judzeaé
882 1269 1152 1324 universae
1187 1287 1309 1325 cum
1346 1272 1520 1343 ipsius
1563 1280 1782 1334 ditioni-

217 1354 319 1406 bus
358 1363 414 1406 et
459 1356 680 1425 regione
708 1358 944 1412 Calilaeae
989 1370 1264 1442 montanae
1301 1367 1627 1435 praeficiens,
1667 1373 1780 1426 Au-

214 1458 410 1517 gustus
443 1454 607 1520 capiti
650 1455 825 1522 ipsius
852 1455 1103 1510 diadema
1137 1462 1347 1528 regium
1397 1463 1676 1532 imposuit.
1707 1468 1776 1521 At

212 1556 338 1594 cum
374 1539 747 1612 Hierosolyma
793 1561 889 1602 rex
950 1548 1060 1617 jam
1105 1549 1280 1606 factus
1323 1567 1578 1608 reversus
1611 1569 1779 1620 esset,

214 1633 512 1686 noluerunt
551 1632 722 1688 Judaei
761 1635 939 1705 ipsum
982 1639 1036 1692 in
1078 1655 1173 1694 eos
1219 1657 1469 1713 regnare.
1512 1644 1606 1701 llle
1648 1664 1777 1717 ergo

213 1721 564 1785 tyrannidem
620 1723 674 1776 in
738 1724 887 1792 ipsos
959 1742 1264 1794 exercens,
1325 1733 1523 1790 multos
1586 1753 1772 1792 eorum

212 1811 377 1880 308
431 1823 605 1867 mone
641 1816 846 1872 allecit.
898 1817 1104 1875 Dirutis
1155 1823 1317 1876 etiam
1368 1825 1522 1882 urbis
1574 1845 1776 1897 propu-

212 1903 448 1970 gnaculo
500 1919 562 1958 ac
617 1908 840 1975 templo,
869 1909 1042 1965 libros
1070 1909 1405 1982 Iudaeorum,
1451 1935 1589 1987 quos
1621 1923 1781 1974 resti-

222 2004 406 2049 tuerat
436 1996 566 2063 ipsis
595 1999 755 2059 Ezra,
789 2001 855 2054 de
885 2003 1126 2059 tribuum
1153 2010 1490 2078 geuealogiis
1514 2012 1784 2078 ipsorum-

211 2100 318 2152 que
350 2089 625 2157 prosapia,
668 2091 900 2156 ablatos,
943 2110 1134 2152 omnes
1186 2101 1508 2168 combussit,
1553 2118 1621 2156 ne
1661 2104 1785 2172 quis

213 2193 279 2229 ex
322 2179 459 2246 ipsis
505 2181 792 2250 cujusnatn
825 2195 975 2239 esset
1003 2188 1200 2255 tribus,
1237 2200 1329 2244 aut
1357 2207 1468 2259 quo
1501 2202 1652 2262 patre
1701 2211 1786 2248 sa—

212 2277 300 2322 tus
348 2270 746 2337 dignosceret:
794 2277 978 2329 omnia
1022 2280 1185 2332 etiam
1238 2285 1532 2338 sacerdoui
1573 2284 1782 2361 instru-

213 2371 394 2416 menta
439 2365 616 2418 ablata
651 2368 935 2432 vendidit,
975 2380 1260 2441 vestesque
1293 2375 1639 2430 sacerdotum
1690 2393 1784 2431 an-

210 2454 342 2507 nulo
391 2470 494 2510 suo
552 2459 832 2527 signavit;
887 2461 1018 2530 quin
1069 2473 1124 2516 et
1177 2467 1356 2532 ipsum
1410 2469 1782 2525 sacerdotium

211 2547 400 2599 venale
449 2547 662 2612 habuit,
706 2550 842 2604 adeo
893 2561 951 2606 ut
983 2568 1106 2606 cum
1145 2555 1389 2624 ipsorum
1430 2557 1553 2625 quis
1602 2574 1786 2614 sacer-

209 2635 394 2687 dotem
443 2651 502 2690 se
546 2637 662 2690 ﬁeri
716 2638 902 2703 vellet,
966 2655 1074 2694 non
1131 2642 1236 2697 nisi
1285 2659 1481 2713 magna
1541 2648 1784 2715 pecuniae

214 2742 430 2780 summa
477 2727 627 2795 prius
667 2741 887 2800 accepta
933 2747 1132 2786 munus
1177 2733 1309 2788 illud
1344 2735 1396 2790 in
1441 2736 1615 2805 ipsum
1647 2754 1782 2793 con-

214 2818 427 2872 ferret:
488 2821 834 2891 pessimeque
887 2838 951 2878 ac
1002 2825 1189 2894 inique
1251 2842 1309 2880 se
1363 2828 1417 2882 in
1461 2843 1628 2898 regno
1681 2846 1782 2886 suo

208 2912 401 2978 gessit.

278 3001 451 3058 Porro
481 3020 625 3060 anno
665 3007 880 3078 imperil
933 3011 1168 3079 Augusti
1203 3013 1437 3068 Carsaris
1481 3018 1782 3087 quadrage-

210 3095 353 3150 simo
411 3099 616 3164 prodiit
657 3101 725 3154 ab
764 3104 886 3170 ipso
941 3104 1178 3157 edictum
1229 3115 1287 3159 ut
1337 3108 1580 3163 omnium
1613 3125 1781 3178 regno

207 3191 384 3257 ipsius
416 3206 512 3260 per
541 3201 714 3247 totum
749 3196 932 3250 orbem
965 3195 1360 3270 [subditorum]
1402 3204 1777 3262 describercn‘

213 3297 300 3337 tur
348 3286 596 3346 nomina,
624 3286 865 3340 virorum
906 3290 1173 3359 (inquam)
1217 3308 1339 3345 cum
1374 3297 1634 3352 uxoribus
1665 3301 1778 3354 suis

207 3376 424 3442 tqurales
451 3377 578 3429 olim
609 3393 808 3433 census
834 3381 1251 3448 condebantur),
1276 3394 1334 3437 ul
1365 3401 1552 3440 eorum
1590 3405 1782 3445 nume-

206 3485 326 3521 rum
379 3479 710 3523 recenseret.
753 3471 1062 3540 Ilisit'ergo
1092 3489 1214 3530 cum
1257 3478 1454 3532 scribis
1498 3480 1691 3534 ducem
1745 3496 1774 3534 e

206 3561 321 3614 suis
352 3562 647 3626 quemdam
683 3563 906 3616 nomine
936 3562 1231 3632 Cyrenium
1254 3605 1268 3627 ,
1317 3584 1476 3634 quem
1513 3571 1682 3641 Syrize
1714 3587 1776 3628 ac

204 3649 409 3703 Judaeze
457 3650 717 3719 praefecit.
750 3652 908 3706 Anno
940 3662 1120 3707 autem
1169 3657 1382 3726 imperii
1429 3660 1599 3727 ipsius
1645 3679 1778 3729 qua-

205 3741 524 3808 dragesimo
577 3745 762 3811 primo
803 3747 1023 3799 allatum
1057 3757 1144 3802 est
1179 3749 1421 3804 Domina!
1456 3752 1636 3806 Maria:
1660 3755 1782 3808 Vir-

205 3834 316 3901 gini
374 3849 526 3902 pnrze
578 3835 799 3897 illibatae
848 3839 1100 3892 nuntium
1143 3841 1210 3894 de
1261 3841 1490 3896 Domino
1549 3844 1777 3905 Messia:

206 3940 462 3992 annoque
519 3925 731 3994 imperii
793 3929 1024 3998 Augusti
1073 3933 1306 3988 Caesaris
1362 3939 1781 4005 quadragesimo

207 4017 476 4080 secundo,
509 4027 560 4070 et
594 4019 744 4086 regni
791 4018 1054 4084 Herodis,
1087 4025 1361 4093 Antipatri
1404 4028 1525 4092 ﬁlii,
1577 4031 1628 4082 in
1677 4029 1777 4101 Sy-

208 4103 344 4156 riam
378 4104 658 4158 tricesimo
689 4109 850 4160 tertio
885 4107 991 4179 [vel
1024 4110 1176 4177 juxta
1209 4115 1358 4168 aliud
1387 4118 1688 4187 exemplar,
1724 4121 1777 4174 in

207 4202 410 4246 terram
444 4195 850 4268 lsraeliticam],
905 4209 1063 4256 natus
1131 4216 1211 4257 cSt
1270 4203 1533 4259 Dominus
1593 4217 1780 4264 noster

209 4282 465 4340 Christus
513 4287 597 4339 die
643 4287 832 4341 Canun
892 4291 1052 4357 primi
1103 4293 1367 4348 vicesimo
1427 4296 1774 4369 309-311

207 4376 427 4440 quinto,
469 4376 670 4430 Cabaci
717 4378 977 4433 vicesimo
1027 4395 1193 4436 nono.
1236 4384 1314 4437 Ad
1349 4384 1629 4442 Christum
1684 4407 1781 4446 au-

207 4479 316 4520 tem
361 4475 551 4519 natum
580 4482 608 4519 a
663 4466 770 4520 fine
820 4470 968 4537 regni
1021 4471 1321 4542 Cleopatra:
1361 4480 1486 4530 anni
1519 4491 1643 4534 sunt
1685 4483 1780 4536 tri-

1806 3249 1848 3304 C

1894 637 2330 703 responderunt:
2380 641 2605 696 Stellam
2645 659 2897 712 magnam
2946 648 2998 700 in
3045 646 3271 702 Oriente
3319 666 3451 703 con-

1891 728 2172 793 speximus
2213 746 2333 799 quae
2364 733 2621 790 indicavit
2668 738 2829 790 nobis
2872 748 3054 791 natum
3088 757 3209 796 esse
3245 741 3448 810 Regem

1890 834 2170 887 magnum,
2210 839 2370 892 quem
2418 827 2701 882 adoratum
2738 831 3026 894 venimus;
3068 848 3243 901 neque
3289 833 3454 886 desiit

1889 911 2043 964 stella
2073 914 2231 966 nobis
2269 915 2480 982 praeire,
2509 934 2570 971 ac
2599 935 2657 972 se
2687 921 2783 974 vize
2814 922 3007 978 ducem
3050 925 3313 990 praebere,
3348 926 3448 978 do-

1891 1015 2009 1063 nec,
2062 1001 2152 1054 ubi
2197 1003 2279 1057 'ad
2329 1005 2472 1059 hunc
2515 1007 2691 1061 locum
2743 1011 3127 1077 pervenimus,
3175 1028 3233 1066 se
3268 1005 3450 1068 “nobis

1893 1092 2235 1149 subduxerit.
2272 1094 2497 1163 Rogavit
2523 1114 2652 1167 ergo
2689 1099 2928 1155 llerodes
2959 1101 3175 1158 Judzeos
3200 1103 3391 1157 dicens
3432 1122 3446 1155 :

1891 1181 1994 1236 Ubi
2047 1185 2195 1237 nasci
2237 1185 2396 1239 debet
2445 1188 2740 1243 Christus?
2771 1190 2862 1258 qui
2906 1191 3014 1258 ipsi
3046 1192 3298 1245 dixerunt
3334 1209 3348 1245 :
3386 1190 3446 1244 In

1891 1273 2202 1330 Bethlehem
2235 1274 2456 1332 Iudaeae.
2489 1278 2630 1333 Tum
2652 1281 2916 1342 Herodes.
2944 1281 3084 1334 clam
3114 1283 3321 1336 vocatis
3344 1281 3454 1334 Ma-

1889 1367 1996 1436 gis,
2039 1368 2342 1436 exquisivit
2375 1371 2444 1424 ab
2488 1371 2618 1439 ipsis
2662 1387 2771 1440 quo
2805 1373 2966 1442 312
3020 1375 3280 1441 temporis
3326 1389 3455 1440 spa~

1891 1459 1966 1511 tio
2015 1459 2355 1526 apparuisset
2402 1459 2508 1515 illis
2557 1462 2754 1527 stella;
2797 1465 3250 1532 respondentibus
3294 1463 3401 1517 illis
3436 1504 3452 1528 ,

1896 1550 1939 1601 A
1979 1550 2203 1604 biennio
2242 1550 2399 1605 nobis
2443 1551 2494 1604 in
2531 1553 2751 1607 Oriente
2783 1557 3069 1622 apparuit;
3114 1556 3252 1610 dixit
3296 1556 3452 1624 ipsis,

1886 1640 2122 1695 Profecti
2147 1644 2371 1711 quaerite
2403 1642 2602 1712 Regem
2645 1645 2793 1699 hunc
2825 1662 3018 1703 recens
3048 1657 3262 1710 natum,
3288 1661 3450 1717 quem

1887 1734 2166 1789 inventum
2210 1737 2301 1790 ubi
2333 1737 2716 1804 adoraveritis,
2753 1740 2954 1794 reversi
2997 1741 3127 1795 mihi
3181 1741 3446 1801 indicate.

1888 1832 1947 1876 ut
2002 1833 2055 1877 et
2099 1826 2215 1892 ipse
2247 1827 2526 1892 profectus
2565 1845 2686 1882 eum
2724 1829 2968 1884 adorem.
3027 1829 3276 1900 Egressis
3323 1846 3452 1902 ergo

1881 1914 1946 1967 ab
1966 1912 2176 1969 llerode
2206 1915 2373 1985 Magis
2398 1932 2661 1985 apparens
2680 1923 2835 1976 stella
2862 1921 2996 1990 ipsis
3029 1922 3438 1977 Bethlchemum

1887 2006 2116 2073 praeivit,
2169 2022 2343 2076 usque
2406 2010 2472 2064 ad
2525 2012 2703 2065 locum
2763 2013 2818 2065 iu
2878 2028 2986 2082 quo
3043 2014 3143 2067 fuit
3188 2013 3450 2068 Dominus

1887 2109 2074 2153 noster
2133 2098 2383 2155 Christus
2427 2117 2531 2155 una
2583 2118 2706 2157 cum
2769 2104 2994 2158 Domina
3039 2113 3227 2159 nostra
3278 2103 3450 2159 Maria

1887 2190 2059 2258 ipsius
2096 2202 2288 2249 matre.
2337 2194 2652 2248 Adorarunt
2697 2196 2861 2264 igitur
2897 2197 3072 2265 ipsum
3121 2212 3182 2251 ac
3226 2212 3451 2251 munera

1885 2279 1987 2347 ipsi
2023 2281 2358 2347 obtulerunt,
2406 2298 2624 2348 aurum,
2659 2287 2933 2355 myrrham
2961 2297 3012 2341 et
3046 2288 3191 2341 thus.
3240 2289 3453 2342 Praece-

1886 2377 2034 2437 ptum
2091 2382 2273 2427 autem
2331 2383 2414 2428 est
2455 2376 2587 2443 ipsis
2641 2377 2696 2431 in
2753 2393 2968 2440 somno,
3021 2389 3080 2433 ut
3121 2381 3173 2432 in
3216 2381 3446 2447 patriam

1885 2476 2039 2514 suam
2075 2478 2166 2530 per
2198 2464 2355 2517 aliam
2385 2467 2525 2520 viam
2552 2468 2786 2536 regressi
2815 2467 2883 2521 ad
2923 2467 3192 2524 Herodem
3222 2486 3329 2524 non
3363 2485 3450 2526 re-

1885 2561 2242 2608 verterentur.
2314 2554 2485 2610 Porro
2533 2572 2596 2611 ex
2646 2573 2755 2626 quo
2796 2563 3046 2628 apparuit
3089 2561 3256 2630 Magis
3294 2561 3450 2616 stella

1887 2648 2190 2712 usquedum
2238 2647 2465 2702 adorato
2500 2648 2729 2706 Domino
2776 2662 2966 2707 nostro
2999 2652 3219 2709 Christo
3261 2658 3314 2710 in
3359 2673 3453 2724 pa—

1885 2735 2041 2787 triam
2089 2750 2242 2789 suam
2289 2739 2491 2792 reversi
2533 2749 2704 2806 sunt,
2757 2741 2914 2796 [luxit
2944 2743 3249 2798 biennium.
3302 2744 3452 2800 Jose-

1885 2827 2028 2895 phus
2073 2839 2253 2882 autem
2298 2828 2479 2884 Maria:
2515 2847 2750 2900 sponsus
2789 2834 3102 2891 admonitus
3148 2837 3199 2889 in
3257 2852 3451 2891 somno

1891 2919 2010 2981 fuit,
2068 2929 2126 2974 ut
2186 2924 2425 2992 acceptis
2476 2927 2703 2993 puerulo
2753 2935 2808 2980 et
2855 2938 3029 2983 matre
3083 2929 3277 2998 ipsius,
3327 2946 3449 2985 cum

1885 3009 2016 3076 ipsis
2074 3014 2126 3065 in
2173 3012 2469 3084 [Egyptum
2528 3018 2774 3086 fugeret:
2819 3020 2962 3087 quod
3011 3029 3064 3075 et
3120 3022 3248 3075 fecit
3298 3022 3451 3076 Jose-

1885 3101 2045 3170 phus.
2087 3102 2456 3161 Tardantibus
2490 3116 2669 3162 autem
2713 3109 2882 3180 Magis
2912 3154 2926 3177 ,
2968 3113 3231 3180 Herodes,
3265 3113 3352 3167 ubi
3391 3130 3449 3167 se

1886 3195 1952 3246 ab
1989 3196 2096 3250 illis
2120 3197 2340 3250 illusum
2377 3202 2570 3263 sensit,
2607 3199 2682 3256 ira
2717 3204 2873 3258 valde
2903 3205 3309 3261 excandescens
3332 3221 3448 3259 om-

1891 3301 1986 3338 nes
2013 3286 2064 3338 in
2095 3269 2447 3341 Bethlehemo
2491 3306 2691 3358 pueros
2715 3305 2744 3344 a
2770 3291 2990 3346 bimulis
3023 3301 3075 3347 et
3096 3293 3447 3350 inferioribus

1884 3375 2121 3430 interimi
2158 3378 2344 3446 jussit.
2395 3378 2666 3437 lntcrfecli
2699 3391 2827 3438 sunt
2875 3399 3003 3454 ergo
3036 3385 3309 3450 infantes,
3381 3403 3447 3442 ne

1884 3483 1993 3521 llllO
2028 3471 2319 3549 superstite
2368 3473 2580 3528 relicto.
2634 3475 2775 3530 Deus
2823 3488 3001 3530 autem
3047 3478 3099 3530 in
3174 3477 3442 3534 Herodem

1883 3561 2014 3614 iram
2065 3573 2228 3630 atque
2267 3563 2696 3633 indignationem
2741 3584 2898 3621 suam
2945 3567 3159 3634 eﬂ'udit,
3209 3569 3344 3622 adeo
3387 3577 3446 3624 ut

1883 3653 1934 3705 in
1994 3654 2242 3708 morbum
2289 3671 2507 3726 gravem
2551 3659 2837 3722 incideret,
2885 3675 2994 3727 quo
3040 3661 3276 3716 cruciari
3334 3678 3442 3715 non

1882 3746 2046 3800 desiit
2090 3747 2262 3802 donec
2312 3761 2640 3812 moreretur,
2695 3768 2817 3805 cum
2869 3767 3040 3808 annos
3083 3755 3300 3824 triginta
3357 3770 3444 3810 sc-

1884 3846 2024 3907 ptcm
2061 3848 2360 3907 regnasset.
2413 3842 2771 3914 313-315
2807 3843 2975 3900 Filios
3028 3856 3267 3912 quatuor
3318 3847 3446 3901 reli-

1881 3932 2020 3998 quit,
2049 3946 2298 3999 quorum
2340 3949 2480 3988 unus
2532 3937 2750 3990 nomine
2803 3937 3127 4001 Archelaus,
3170 3937 3448 3994 secundus

1881 4023 2141 4085 Herodes.
2181 4026 2376 4080 tertius
2409 4026 2716 4098 Philippus,
2755 4042 2984 4096 quartus
3014 4031 3310 4095 Lusanins,
3350 4033 3445 4102 qui

1881 4129 2048 4181 regno
2081 4116 2224 4169 inter
2250 4133 2307 4171 se
2333 4119 2509 4172 diviso
2545 4122 2930 4189 unusquisque
2974 4138 3223 4191 quartam
3271 4124 3444 4193 regio-

1883 4203 1967 4257 nis
1991 4202 2226 4258 Judaicze
2263 4217 2468 4273 partem
2503 4209 2604 4262 sibi
2627 4212 2946 4278 assumpsit.
2993 4211 3051 4265 In
3101 4220 3304 4267 sortem
3348 4228 3449 4267 au-

1883 4303 1988 4347 tem
2033 4294 2300 4350 Archelao
2350 4299 2668 4354 acciderunt
2719 4300 3032 4356 Bethlehem
3088 4313 3141 4357 et
3193 4302 3449 4360 Hieroso-

1883 4384 2043 4453 lyma.
2083 4383 2356 4453 Iosephus
2383 4402 2532 4457 ergo,
2578 4389 2766 4444 audito
2815 4400 3088 4445 mortuum
3131 4406 3253 4446 esse
3283 4391 3448 4448 Hero-

1881 4476 2026 4540 dem,
2059 4493 2122 4530 ex
2157 4477 2411 4548 -.»Egypto
2458 4494 2582 4533 cum
2633 4480 2866 4536 Domino
2903 4493 3090 4537 nostro
3127 4483 3350 4537 Christo
3395 4493 3450 4538 et

203 4562 377 4628 ginta.
421 4561 463 4613 A
509 4575 676 4629 regno
717 4562 1012 4617 Alexandri
1053 4568 1279 4620 trecenti
1331 4572 1687 4642 undeviginti.
1730 4575 1772 4629 A
1801 4575 1854 4635 D

1801 4575 1854 4635 1)
1883 4575 2053 4622 matre
2079 4569 2253 4636 ipsius
2287 4577 2536 4640 egressos
2575 4581 2693 4637 est,
2741 4573 2973 4628 Domino
3013 4575 3235 4629 Christo
3275 4590 3448 4630 annos

203 4657 454 4717 tempore
484 4666 594 4719 quo
625 4651 883 4707 Israelitze
928 4669 1022 4722 per
1047 4656 1539 4715 Bochtanasserem
1575 4668 1774 4734 captivi

205 4738 458 4795 Dabelem
489 4741 702 4796 abducti
755 4753 902 4808 sunt,
950 4747 1228 4817 quingenti
1270 4752 1543 4819 octoginta
1575 4755 1702 4808 duo.
1734 4756 1775 4809 A

203 4845 374 4898 regno
404 4831 649 4895 Davidis,
677 4834 823 4887 mille
856 4838 1252 4908 quinquaginta
1282 4857 1494 4897 novem.
1515 4847 1596 4899 Ab
1626 4849 1775 4901 exitu

203 4922 578 4976 lsraelitarum
629 4941 694 4978 ex
737 4927 945 4997 Egypto
1002 4931 1148 4985 mille
1197 4937 1439 4989 sexcenti
1494 4941 1775 5008 sexaginta

201 5017 472 5083 quinque.
516 5016 597 5070 Ab
633 5018 945 5074 Ahrahamo
977 5021 1060 5076 bis
1097 5025 1245 5078 mille
1284 5035 1499 5080 centum
1549 5039 1773 5098 septua-

203 5107 355 5173 ginta
388 5106 519 5161 duo.
562 5108 607 5160 A
637 5108 872 5164 Phaleko
911 5113 992 5167 bis
1049 5117 1197 5169 mille
1232 5120 1559 5189 septingenti
1595 5124 1776 5177 trede-

202 5200 338 5251 cim.
388 5200 428 5252 A
471 5199 679 5253 diluvio
709 5211 791 5256 ter
825 5206 970 5259 mille
1001 5207 1217 5262 ducenti
1248 5211 1606 5282 quadraginta
1638 5230 1774 5283 qna-

205 5300 353 5343 tunr.
384 5291 465 5344 Ab
495 5291 704 5346 Adamo
733 5295 1025 5362 quinquies
1061 5299 1207 5352 mille
1236 5302 1543 5371 quingenti.

295 5379 471 5432 Porro
525 5395 671 5435 anno
732 5384 948 5451 imperii
983 5389 1215 5456 Augusti
1263 5391 1495 5447 Caesaris
1531 5396 1774 5461 quadra-

204 5472 417 5537 gesimo
445 5481 664 5539 quarto,
715 5475 972 5538 Herodis,
1030 5478 1122 5531 lilii
1166 5479 1461 5548 Antipatri,
1499 5486 1775 5540 tricesimo

203 5564 426 5629 quinto,
449 5563 732 5618 venientes
757 5576 870 5621 tres
905 5566 1042 5637 Magi
1068 5571 1136 5624 ab
1162 5571 1388 5627 Oriente
1426 5576 1477 5628 in
1508 5574 1774 5642 Judzeam,

203 5655 580 5722 quaesiverunt
617 5657 706 5709 ubi
728 5669 887 5714 natus
909 5672 1052 5716 esset
1083 5663 1190 5717 Rex
1223 5665 1322 5720 iste
1350 5684 1596 5737 magnus.
1631 5669 1772 5725 Metu

204 5760 338 5815 ergo
373 5747 627 5815 perculso
681 5747 911 5812 Herode,
946 5767 1006 5805 ac
1039 5761 1150 5807 tota
1202 5753 1516 5812 Judreorum
1555 5762 1772 5831 regione

205 5835 277 5888 ob
320 5850 510 5890 eorum
555 5838 714 5893 verba
762 5843 1097 5910 perturbata,
1145 5849 1437 5907 accersitos
1473 5850 1656 5923 Magos
1686 5871 1773 5910 ro-

1881 4669 2008 4714 tuuc
2051 4671 2287 4729 quatuor
2316 4671 2468 4717 nato.
2507 4663 2733 4719 Timens
2772 4673 2951 4720 autem
2983 4665 3319 4721 Bethlehemi
3353 4668 3448 4721 ha-

1883 4752 2083 4817 bitare,
2113 4754 2183 4806 ob
2217 4755 2568 4819 Archelaum,
2601 4755 2886 4810 Nazarethi
2915 4758 3097 4811 sedem
3133 4757 3268 4817 fixit.
3297 4758 3448 4812 ideo-

1880 4859 1982 4909 que
2011 4845 2323 4900 Nazareuus
2352 4846 2546 4899 audiit.
2573 4848 2768 4908 Porro.
2796 4864 2939 4901 anno
2962 4849 3210 4902 Archelai
3233 4858 3446 4915 octavo,

1883 4933 2144 4988 Dominus
2180 4935 2452 5001 Christus,
2492 4952 2668 4992 annos
2703 4946 2832 4992 tunc
2863 4949 3022 4993 natus
3046 4939 3356 5004 duodecim,
3393 4942 3445 4996 in

1882 5026 2106 5093 templo,
2158 5027 2210 5080 in
2265 5028 2444 5082 medio
2472 5028 2755 5083 doctorum
2789 5030 2988 5084 sedens
3041 5031 3235 5085 doctos
3279 5032 3444 5087 doce-

1880 5117 1992 5169 bat.
2055 5115 2256 5169 Deinde
2299 5125 2552 5172 mortuus
2597 5126 2683 5171 est
2728 5116 3003 5186 Josephns
3033 5120 3124 5187 qui
3167 5120 3444 5175 Christum

1878 5207 2240 5272 educaverat;
2277 5219 2527 5263 mortuus
2555 5210 2718 5263 etiam
2762 5211 3063 5266 Archelaus
3107 5227 3230 5266 cum
3269 5227 3443 5266 annos

1880 5314 2072 5354 novem
2104 5312 2406 5369 regnasset,
2445 5303 2593 5356 nullo
2632 5304 2783 5370 regni
2818 5303 3031 5357 haerede
3059 5304 3271 5359 relicto.
3297 5305 3444 5360 Obiit

1879 5395 2042 5447 etiam
2079 5396 2356 5464 Augustus
2384 5395 2586 5456 Caesar,
2645 5405 2933 5467 postquam
2971 5412 3142 5452 annos
3172 5399 3444 5467 quinqua-

1878 5488 2028 5555 ginta
2059 5503 2152 5542 sex
2178 5497 2231 5540 et
2262 5503 2356 5542 sex
2381 5504 2594 5544 menses
2624 5489 2988 5558 imperasset;
3019 5489 3104 5542 cui
3134 5490 3186 5542 in
3216 5489 3443 5558 imperio

1878 5579 2139 5633 Romanae
2170 5582 2437 5635 successit
2479 5582 2620 5636 Illius
2666 5581 2837 5649 ipsius
2884 5581 3158 5644 Tiberius,
3210 5580 3443 5636 Domino

1879 5683 2065 5727 nostro
2099 5675 2320 5726 Christo
2348 5690 2523 5729 annos
2569 5684 2701 5728 tunc
2749 5675 3061 5743 quindecim
3116 5685 3263 5728 nato.
3315 5671 3440 5727 Fuit

1879 5773 2060 5818 autem
2094 5763 2316 5817 Tiberio
2347 5766 2460 5827 regi
2494 5764 2706 5818 amicus
2742 5765 2963 5820 nomine
2991 5763 3224 5828 Pilatus,
3267 5778 3330 5817 ex
3358 5763 3440 5815 in—

1880 5859 1996 5915 sula
2056 5858 2287 5928 quadam
2345 5859 2394 5913 in
2457 5859 2590 5913 mari
2647 5857 2831 5913 llmnae
2862 5858 3059 5926 vicina,
3105 5873 3224 5928 qua:
3271 5856 3438 5912 Pouta
