  <div class='ocr_page' id='page_1' title='image "/cluster/home/n/w/nwhite01/storage/ocr_20150623/111/nnc1.0046979743/495.png"; bbox 0 0 4200 6432; ppageno 0'>
   <div class='ocr_carea' id='block_1_1' title="bbox 674 383 781 443">
    <p class='ocr_par' dir='ltr' id='par_1_1' title="bbox 674 383 781 443">
     <span class='ocr_line' id='line_1_1' title="bbox 674 383 781 443; baseline 0.009 -2"><span class='ocrx_word' id='word_1_1' title='bbox 674 383 781 443; x_wconf 81' lang='lat'><strong>979</strong></span> 
     </span>
    </p>
   </div>
   <div class='ocr_carea' id='block_1_2' title="bbox 1697 382 2892 446">
    <p class='ocr_par' dir='ltr' id='par_1_2' title="bbox 1697 382 2892 446">
     <span class='ocr_line' id='line_1_2' title="bbox 1697 382 2892 446; baseline -0.001 -3"><span class='ocrx_word' id='word_1_2' title='bbox 1697 382 2062 446; x_wconf 80' lang='lat' dir='ltr'><strong>EUTYCHII</strong></span> <span class='ocrx_word' id='word_1_3' title='bbox 2101 383 2639 446; x_wconf 72' lang='lat' dir='ltr'><strong>ALEXANDRINI</strong></span> <span class='ocrx_word' id='word_1_4' title='bbox 2672 384 2892 442; x_wconf 84' lang='lat' dir='ltr'><strong>PATR.</strong></span> 
     </span>
    </p>
   </div>
   <div class='ocr_carea' id='block_1_3' title="bbox 3813 380 3922 446">
    <p class='ocr_par' dir='ltr' id='par_1_3' title="bbox 3813 380 3922 446">
     <span class='ocr_line' id='line_1_3' title="bbox 3813 380 3922 446; baseline -0.064 0"><span class='ocrx_word' id='word_1_5' title='bbox 3813 380 3922 446; x_wconf 84' lang='lat'><strong>980</strong></span> 
     </span>
    </p>
   </div>
   <div class='ocr_carea' id='block_1_4' title="bbox 671 490 3919 563">
    <p class='ocr_par' dir='ltr' id='par_1_4' title="bbox 671 490 3919 563">
     <span class='ocr_line' id='line_1_4' title="bbox 671 490 3919 563; baseline 0.001 -24"><span class='ocrx_word' id='word_1_6' title='bbox 671 500 899 548; x_wconf 76' lang='lat' dir='ltr'><strong>vocatur</strong></span> <span class='ocrx_word' id='word_1_7' title='bbox 930 492 1097 563; x_wconf 82' lang='lat' dir='ltr'><strong>(unde</strong></span> <span class='ocrx_word' id='word_1_8' title='bbox 1138 496 1225 550; x_wconf 86' lang='lat' dir='ltr'><strong>ille</strong></span> <span class='ocrx_word' id='word_1_9' title='bbox 1268 495 1478 551; x_wconf 81' lang='lat' dir='ltr'><strong>Pilatus</strong></span> <span class='ocrx_word' id='word_1_10' title='bbox 1520 495 1751 551; x_wconf 89' lang='lat' dir='ltr'><strong>Pontius</strong></span> <span class='ocrx_word' id='word_1_11' title='bbox 1796 493 2235 562; x_wconf 87' lang='lat' dir='ltr'><strong>denominatus),</strong></span> <span class='ocrx_word' id='word_1_12' title='bbox 2269 499 2314 559; x_wconf 82' lang='grc' dir='ltr'><strong>Α</strong></span> <span class='ocrx_word' id='word_1_13' title='bbox 2345 495 2499 549; x_wconf 90' lang='lat' dir='ltr'><strong>hasta</strong></span> <span class='ocrx_word' id='word_1_14' title='bbox 2561 494 2977 555; x_wconf 84' lang='lat' dir='ltr'><strong>trausﬁxerunt.</strong></span> <span class='ocrx_word' id='word_1_15' title='bbox 3036 490 3179 546; x_wconf 89' lang='lat' dir='ltr'><strong>unde</strong></span> <span class='ocrx_word' id='word_1_16' title='bbox 3217 491 3427 547; x_wconf 79' lang='lat' dir='ltr'><strong>etlluxit</strong></span> <span class='ocrx_word' id='word_1_17' title='bbox 3477 506 3599 545; x_wconf 91' lang='lat' dir='ltr'><strong>cum</strong></span> <span class='ocrx_word' id='word_1_18' title='bbox 3653 491 3919 558; x_wconf 71' lang='lat' dir='ltr'><strong>sanguin&#39;</strong></span> 
     </span>
    </p>
   </div>
   <div class='ocr_carea' id='block_1_5' title="bbox 673 580 1816 655">
    <p class='ocr_par' dir='ltr' id='par_1_5' title="bbox 673 580 1816 655">
     <span class='ocr_line' id='line_1_5' title="bbox 673 580 1816 655; baseline 0.008 -23"><span class='ocrx_word' id='word_1_19' title='bbox 673 597 837 648; x_wconf 82' lang='lat' dir='ltr'><strong>quem</strong></span> <span class='ocrx_word' id='word_1_20' title='bbox 875 580 1075 638; x_wconf 69' lang='lat' dir='ltr'><strong>Iudaeae</strong></span> <span class='ocrx_word' id='word_1_21' title='bbox 1116 584 1365 640; x_wconf 81' lang='lat' dir='ltr'><strong>Archelai</strong></span> <span class='ocrx_word' id='word_1_22' title='bbox 1401 587 1522 641; x_wconf 87' lang='lat' dir='ltr'><strong>loco</strong></span> <span class='ocrx_word' id='word_1_23' title='bbox 1555 586 1816 655; x_wconf 61' lang='lat' dir='ltr'><strong>praefecit.</strong></span> 
     </span>
    </p>
   </div>
   <div class='ocr_carea' id='block_1_6' title="bbox 747 673 2234 748">
    <p class='ocr_par' dir='ltr' id='par_1_6' title="bbox 747 673 2234 748">
     <span class='ocr_line' id='line_1_6' title="bbox 747 673 2234 748; baseline 0.001 -22"><span class='ocrx_word' id='word_1_24' title='bbox 747 673 917 726; x_wconf 81' lang='lat' dir='ltr'><strong>Porro</strong></span> <span class='ocrx_word' id='word_1_25' title='bbox 938 688 1083 727; x_wconf 88' lang='lat' dir='ltr'><strong>anno</strong></span> <span class='ocrx_word' id='word_1_26' title='bbox 1116 676 1268 745; x_wconf 83' lang='lat' dir='ltr'><strong>regni</strong></span> <span class='ocrx_word' id='word_1_27' title='bbox 1299 677 1501 731; x_wconf 84' lang='lat' dir='ltr'><strong>Tiberii</strong></span> <span class='ocrx_word' id='word_1_28' title='bbox 1533 677 1765 732; x_wconf 70' lang='lat' dir='ltr'><strong>Caesaris</strong></span> <span class='ocrx_word' id='word_1_29' title='bbox 1794 678 2011 732; x_wconf 89' lang='lat' dir='ltr'><strong>decimo</strong></span> <span class='ocrx_word' id='word_1_30' title='bbox 2037 674 2234 748; x_wconf 89' lang='lat' dir='ltr'><strong>quinto</strong></span> 
     </span>
    </p>
   </div>
   <div class='ocr_carea' id='block_1_7' title="bbox 675 762 2240 839">
    <p class='ocr_par' dir='ltr' id='par_1_7' title="bbox 675 762 2240 839">
     <span class='ocr_line' id='line_1_7' title="bbox 675 762 2240 839; baseline 0.004 -24"><span class='ocrx_word' id='word_1_31' title='bbox 675 765 928 833; x_wconf 86' lang='lat' dir='ltr'><strong>apparuit</strong></span> <span class='ocrx_word' id='word_1_32' title='bbox 978 762 1221 821; x_wconf 86' lang='lat' dir='ltr'><strong>Joannes</strong></span> <span class='ocrx_word' id='word_1_33' title='bbox 1282 767 1561 823; x_wconf 69' lang='lat' dir='ltr'><strong>Zachariae</strong></span> <span class='ocrx_word' id='word_1_34' title='bbox 1608 769 1754 824; x_wconf 89' lang='lat' dir='ltr'><strong>ﬁlius</strong></span> <span class='ocrx_word' id='word_1_35' title='bbox 1822 770 2092 839; x_wconf 80' lang='lat' dir='ltr'><strong>Baptista,</strong></span> <span class='ocrx_word' id='word_1_36' title='bbox 2147 767 2240 836; x_wconf 75' lang='lat' dir='ltr'><strong>Qui</strong></span> 
     </span>
    </p>
   </div>
   <div class='ocr_carea' id='block_1_8' title="bbox 676 855 2240 931">
    <p class='ocr_par' dir='ltr' id='par_1_8' title="bbox 676 855 2240 931">
     <span class='ocr_line' id='line_1_8' title="bbox 676 855 2240 931; baseline 0 -19"><span class='ocrx_word' id='word_1_37' title='bbox 676 856 841 926; x_wconf 79' lang='lat'><strong>316</strong></span> <span class='ocrx_word' id='word_1_38' title='bbox 866 855 1085 914; x_wconf 69' lang='lat' dir='ltr'><strong>Judazos</strong></span> <span class='ocrx_word' id='word_1_39' title='bbox 1122 859 1176 912; x_wconf 91' lang='lat' dir='ltr'><strong>in</strong></span> <span class='ocrx_word' id='word_1_40' title='bbox 1222 858 1464 915; x_wconf 82' lang='lat' dir='ltr'><strong>Jordane</strong></span> <span class='ocrx_word' id='word_1_41' title='bbox 1506 862 1560 916; x_wconf 92' lang='lat' dir='ltr'><strong>in</strong></span> <span class='ocrx_word' id='word_1_42' title='bbox 1609 871 1955 930; x_wconf 75' lang='lat' dir='ltr'><strong>peccatorum</strong></span> <span class='ocrx_word' id='word_1_43' title='bbox 1991 861 2128 931; x_wconf 83' lang='lat' dir='ltr'><strong>ipsis</strong></span> <span class='ocrx_word' id='word_1_44' title='bbox 2164 875 2240 913; x_wconf 81' lang='lat' dir='ltr'><strong>re-</strong></span> 
     </span>
    </p>
   </div>
   <div class='ocr_carea' id='block_1_9' title="bbox 681 946 2247 1022">
    <p class='ocr_par' dir='ltr' id='par_1_9' title="bbox 681 946 2247 1022">
     <span class='ocr_line' id='line_1_9' title="bbox 681 946 2247 1022; baseline 0.004 -23"><span class='ocrx_word' id='word_1_45' title='bbox 681 946 999 1002; x_wconf 86' lang='lat' dir='ltr'><strong>missionem</strong></span> <span class='ocrx_word' id='word_1_46' title='bbox 1052 948 1389 1018; x_wconf 84' lang='lat' dir='ltr'><strong>baptizavit;</strong></span> <span class='ocrx_word' id='word_1_47' title='bbox 1437 953 1503 1007; x_wconf 92' lang='lat' dir='ltr'><strong>ad</strong></span> <span class='ocrx_word' id='word_1_48' title='bbox 1556 969 1717 1022; x_wconf 83' lang='lat' dir='ltr'><strong>quem</strong></span> <span class='ocrx_word' id='word_1_49' title='bbox 1762 968 1887 1007; x_wconf 88' lang='lat' dir='ltr'><strong>cum</strong></span> <span class='ocrx_word' id='word_1_50' title='bbox 1920 952 2247 1008; x_wconf 78' lang='lat' dir='ltr'><strong>accessisset</strong></span> 
     </span>
    </p>
   </div>
   <div class='ocr_carea' id='block_1_10' title="bbox 682 1037 2247 1113">
    <p class='ocr_par' dir='ltr' id='par_1_10' title="bbox 682 1037 2247 1113">
     <span class='ocr_line' id='line_1_10' title="bbox 682 1037 2247 1113; baseline 0.003 -22"><span class='ocrx_word' id='word_1_51' title='bbox 682 1037 947 1095; x_wconf 81' lang='lat' dir='ltr'><strong>Dominus</strong></span> <span class='ocrx_word' id='word_1_52' title='bbox 987 1050 1197 1107; x_wconf 82' lang='lat' dir='ltr'><strong>noster,</strong></span> <span class='ocrx_word' id='word_1_53' title='bbox 1239 1052 1293 1096; x_wconf 89' lang='lat' dir='ltr'><strong>et</strong></span> <span class='ocrx_word' id='word_1_54' title='bbox 1317 1043 1494 1113; x_wconf 92' lang='lat' dir='ltr'><strong>ipsum</strong></span> <span class='ocrx_word' id='word_1_55' title='bbox 1545 1046 1597 1097; x_wconf 92' lang='lat' dir='ltr'><strong>in</strong></span> <span class='ocrx_word' id='word_1_56' title='bbox 1647 1043 1888 1099; x_wconf 72' lang='lat' dir='ltr'><strong>Iordane</strong></span> <span class='ocrx_word' id='word_1_57' title='bbox 1928 1044 2247 1113; x_wconf 82' lang='lat' dir='ltr'><strong>baptizavit,</strong></span> 
     </span>
    </p>
   </div>
   <div class='ocr_carea' id='block_1_11' title="bbox 684 1134 2251 1203">
    <p class='ocr_par' dir='ltr' id='par_1_11' title="bbox 684 1134 2251 1203">
     <span class='ocr_line' id='line_1_11' title="bbox 684 1134 2251 1203; baseline 0.003 -21"><span class='ocrx_word' id='word_1_58' title='bbox 684 1145 859 1184; x_wconf 81' lang='lat' dir='ltr'><strong>annos</strong></span> <span class='ocrx_word' id='word_1_59' title='bbox 898 1140 1011 1184; x_wconf 90' lang='lat' dir='ltr'><strong>tum</strong></span> <span class='ocrx_word' id='word_1_60' title='bbox 1050 1144 1241 1186; x_wconf 89' lang='lat' dir='ltr'><strong>natum</strong></span> <span class='ocrx_word' id='word_1_61' title='bbox 1284 1136 1527 1203; x_wconf 77' lang='lat' dir='ltr'><strong>triginta.</strong></span> <span class='ocrx_word' id='word_1_62' title='bbox 1565 1135 1804 1191; x_wconf 88' lang='lat' dir='ltr'><strong>Herodes</strong></span> <span class='ocrx_word' id='word_1_63' title='bbox 1842 1146 2043 1198; x_wconf 90' lang='lat' dir='ltr'><strong>antem,</strong></span> <span class='ocrx_word' id='word_1_64' title='bbox 2082 1134 2251 1187; x_wconf 84' lang='lat' dir='ltr'><strong>Hero-</strong></span> 
     </span>
    </p>
   </div>
   <div class='ocr_carea' id='block_1_12' title="bbox 686 1222 2248 1294">
    <p class='ocr_par' dir='ltr' id='par_1_12' title="bbox 686 1222 2248 1294">
     <span class='ocr_line' id='line_1_12' title="bbox 686 1222 2248 1294; baseline 0.003 -20"><span class='ocrx_word' id='word_1_65' title='bbox 686 1222 773 1276; x_wconf 90' lang='lat' dir='ltr'><strong>dis</strong></span> <span class='ocrx_word' id='word_1_66' title='bbox 809 1224 902 1276; x_wconf 87' lang='lat' dir='ltr'><strong>lilii</strong></span> <span class='ocrx_word' id='word_1_67' title='bbox 932 1225 1205 1294; x_wconf 82' lang='lat' dir='ltr'><strong>Antipatri</strong></span> <span class='ocrx_word' id='word_1_68' title='bbox 1242 1227 1405 1291; x_wconf 92' lang='lat' dir='ltr'><strong>lilius,</strong></span> <span class='ocrx_word' id='word_1_69' title='bbox 1434 1227 1663 1282; x_wconf 83' lang='lat' dir='ltr'><strong>dimissa</strong></span> <span class='ocrx_word' id='word_1_70' title='bbox 1692 1244 1862 1281; x_wconf 78' lang='lat' dir='ltr'><strong>uxore</strong></span> <span class='ocrx_word' id='word_1_71' title='bbox 1896 1242 1994 1281; x_wconf 86' lang='lat' dir='ltr'><strong>sua</strong></span> <span class='ocrx_word' id='word_1_72' title='bbox 2025 1227 2248 1280; x_wconf 88' lang='lat' dir='ltr'><strong>nomine</strong></span> 
     </span>
    </p>
   </div>
   <div class='ocr_carea' id='block_1_13' title="bbox 689 1314 2251 1387">
    <p class='ocr_par' dir='ltr' id='par_1_13' title="bbox 689 1314 2251 1387">
     <span class='ocr_line' id='line_1_13' title="bbox 689 1314 2251 1387; baseline 0.001 -23"><span class='ocrx_word' id='word_1_73' title='bbox 689 1314 873 1376; x_wconf 79' lang='lat' dir='ltr'><strong>Arcta,</strong></span> <span class='ocrx_word' id='word_1_74' title='bbox 912 1315 1053 1384; x_wconf 85' lang='lat' dir='ltr'><strong>regis</strong></span> <span class='ocrx_word' id='word_1_75' title='bbox 1097 1316 1335 1369; x_wconf 81' lang='lat' dir='ltr'><strong>Arabum</strong></span> <span class='ocrx_word' id='word_1_76' title='bbox 1385 1314 1521 1387; x_wconf 86' lang='lat' dir='ltr'><strong>[vel,</strong></span> <span class='ocrx_word' id='word_1_77' title='bbox 1556 1316 1710 1384; x_wconf 92' lang='lat' dir='ltr'><strong>juxta</strong></span> <span class='ocrx_word' id='word_1_78' title='bbox 1757 1315 1903 1369; x_wconf 89' lang='lat' dir='ltr'><strong>aliud</strong></span> <span class='ocrx_word' id='word_1_79' title='bbox 1952 1318 2251 1385; x_wconf 80' lang='lat' dir='ltr'><strong>exemplar,</strong></span> 
     </span>
    </p>
   </div>
   <div class='ocr_carea' id='block_1_14' title="bbox 691 1404 2255 1478">
    <p class='ocr_par' dir='ltr' id='par_1_14' title="bbox 691 1404 2255 1478">
     <span class='ocr_line' id='line_1_14' title="bbox 691 1404 2255 1478; baseline 0.003 -21"><span class='ocrx_word' id='word_1_80' title='bbox 691 1404 755 1457; x_wconf 79' lang='lat' dir='ltr'><strong>Al</strong></span> <span class='ocrx_word' id='word_1_81' title='bbox 780 1404 972 1477; x_wconf 84' lang='lat' dir='ltr'><strong>Gauri]</strong></span> <span class='ocrx_word' id='word_1_82' title='bbox 1004 1406 1137 1470; x_wconf 90' lang='lat' dir='ltr'><strong>ﬁlia,</strong></span> <span class='ocrx_word' id='word_1_83' title='bbox 1168 1424 1391 1463; x_wconf 88' lang='lat' dir='ltr'><strong>uxorem</strong></span> <span class='ocrx_word' id='word_1_84' title='bbox 1425 1409 1612 1463; x_wconf 79' lang='lat' dir='ltr'><strong>fratris</strong></span> <span class='ocrx_word' id='word_1_85' title='bbox 1645 1408 1728 1461; x_wconf 91' lang='lat' dir='ltr'><strong>sui</strong></span> <span class='ocrx_word' id='word_1_86' title='bbox 1758 1408 2009 1478; x_wconf 90' lang='lat' dir='ltr'><strong>Philippi,</strong></span> <span class='ocrx_word' id='word_1_87' title='bbox 2038 1410 2255 1462; x_wconf 85' lang='lat' dir='ltr'><strong>nomine</strong></span> 
     </span>
    </p>
   </div>
   <div class='ocr_carea' id='block_1_15' title="bbox 694 1489 2253 1564">
    <p class='ocr_par' dir='ltr' id='par_1_15' title="bbox 694 1489 2253 1564">
     <span class='ocr_line' id='line_1_15' title="bbox 694 1489 2253 1564; baseline 0.004 -21"><span class='ocrx_word' id='word_1_88' title='bbox 694 1489 1079 1560; x_wconf 88' lang='lat' dir='ltr'><strong>llerodiadem,</strong></span> <span class='ocrx_word' id='word_1_89' title='bbox 1126 1496 1244 1564; x_wconf 90' lang='lat' dir='ltr'><strong>ipso</strong></span> <span class='ocrx_word' id='word_1_90' title='bbox 1287 1498 1467 1551; x_wconf 90' lang='lat' dir='ltr'><strong>adhuc</strong></span> <span class='ocrx_word' id='word_1_91' title='bbox 1514 1497 1660 1559; x_wconf 89' lang='lat' dir='ltr'><strong>vivo,</strong></span> <span class='ocrx_word' id='word_1_92' title='bbox 1709 1498 1758 1550; x_wconf 83' lang='lat' dir='ltr'><strong>vi</strong></span> <span class='ocrx_word' id='word_1_93' title='bbox 1802 1498 2036 1551; x_wconf 87' lang='lat' dir='ltr'><strong>ablatam</strong></span> <span class='ocrx_word' id='word_1_94' title='bbox 2078 1497 2253 1550; x_wconf 82' lang='lat' dir='ltr'><strong>duxit.</strong></span> 
     </span>
    </p>
   </div>
   <div class='ocr_carea' id='block_1_16' title="bbox 694 1586 2256 1656">
    <p class='ocr_par' dir='ltr' id='par_1_16' title="bbox 694 1586 2256 1656">
     <span class='ocr_line' id='line_1_16' title="bbox 694 1586 2256 1656; baseline 0.003 -20"><span class='ocrx_word' id='word_1_95' title='bbox 694 1586 838 1640; x_wconf 81' lang='lat' dir='ltr'><strong>Dixit</strong></span> <span class='ocrx_word' id='word_1_96' title='bbox 896 1601 1029 1656; x_wconf 89' lang='lat' dir='ltr'><strong>ergo</strong></span> <span class='ocrx_word' id='word_1_97' title='bbox 1076 1587 1149 1641; x_wconf 90' lang='lat' dir='ltr'><strong>illi</strong></span> <span class='ocrx_word' id='word_1_98' title='bbox 1206 1586 1638 1644; x_wconf 79' lang='lat' dir='ltr'><strong>Joannes:Non</strong></span> <span class='ocrx_word' id='word_1_99' title='bbox 1695 1591 1822 1643; x_wconf 88' lang='lat' dir='ltr'><strong>licet</strong></span> <span class='ocrx_word' id='word_1_100' title='bbox 1878 1590 1972 1642; x_wconf 91' lang='lat' dir='ltr'><strong>tibi</strong></span> <span class='ocrx_word' id='word_1_101' title='bbox 2036 1605 2256 1643; x_wconf 88' lang='lat' dir='ltr'><strong>uxorem</strong></span> 
     </span>
    </p>
   </div>
   <div class='ocr_carea' id='block_1_17' title="bbox 693 1678 2257 1749">
    <p class='ocr_par' dir='ltr' id='par_1_17' title="bbox 693 1678 2257 1749">
     <span class='ocr_line' id='line_1_17' title="bbox 693 1678 2257 1749; baseline 0.002 -19"><span class='ocrx_word' id='word_1_102' title='bbox 693 1678 885 1733; x_wconf 82' lang='lat' dir='ltr'><strong>fratris</strong></span> <span class='ocrx_word' id='word_1_103' title='bbox 938 1679 1015 1733; x_wconf 92' lang='lat' dir='ltr'><strong>lui</strong></span> <span class='ocrx_word' id='word_1_104' title='bbox 1066 1680 1186 1749; x_wconf 89' lang='lat' dir='ltr'><strong>ipso</strong></span> <span class='ocrx_word' id='word_1_105' title='bbox 1223 1681 1438 1735; x_wconf 76' lang='lat' dir='ltr'><strong>vivente</strong></span> <span class='ocrx_word' id='word_1_106' title='bbox 1490 1682 1709 1735; x_wconf 86' lang='lat' dir='ltr'><strong>dueere.</strong></span> <span class='ocrx_word' id='word_1_107' title='bbox 1761 1679 1940 1745; x_wconf 85' lang='lat' dir='ltr'><strong>Quare</strong></span> <span class='ocrx_word' id='word_1_108' title='bbox 1990 1682 2162 1747; x_wconf 89' lang='lat' dir='ltr'><strong>ipsum</strong></span> <span class='ocrx_word' id='word_1_109' title='bbox 2202 1681 2257 1733; x_wconf 90' lang='lat' dir='ltr'><strong>in</strong></span> 
     </span>
    </p>
   </div>
   <div class='ocr_carea' id='block_1_18' title="bbox 690 1771 2259 1842">
    <p class='ocr_par' dir='ltr' id='par_1_18' title="bbox 690 1771 2259 1842">
     <span class='ocr_line' id='line_1_18' title="bbox 690 1771 2259 1842; baseline 0 -18"><span class='ocrx_word' id='word_1_110' title='bbox 690 1785 968 1824; x_wconf 89' lang='lat' dir='ltr'><strong>carcerem</strong></span> <span class='ocrx_word' id='word_1_111' title='bbox 1025 1771 1221 1842; x_wconf 84' lang='lat' dir='ltr'><strong>conjici</strong></span> <span class='ocrx_word' id='word_1_112' title='bbox 1281 1771 1470 1840; x_wconf 89' lang='lat' dir='ltr'><strong>jussit.</strong></span> <span class='ocrx_word' id='word_1_113' title='bbox 1525 1771 1663 1824; x_wconf 88' lang='lat' dir='ltr'><strong>Cum</strong></span> <span class='ocrx_word' id='word_1_114' title='bbox 1719 1771 1915 1825; x_wconf 89' lang='lat' dir='ltr'><strong>deinde</strong></span> <span class='ocrx_word' id='word_1_115' title='bbox 1970 1772 2259 1825; x_wconf 83' lang='lat' dir='ltr'><strong>comitibus</strong></span> 
     </span>
    </p>
   </div>
   <div class='ocr_carea' id='block_1_19' title="bbox 695 1860 2263 1921">
    <p class='ocr_par' dir='ltr' id='par_1_19' title="bbox 695 1860 2263 1921">
     <span class='ocr_line' id='line_1_19' title="bbox 695 1860 2263 1921; baseline 0.002 -7"><span class='ocrx_word' id='word_1_116' title='bbox 695 1860 814 1915; x_wconf 85' lang='lat' dir='ltr'><strong>suis</strong></span> <span class='ocrx_word' id='word_1_117' title='bbox 843 1862 1151 1915; x_wconf 81' lang='lat' dir='ltr'><strong>convivium</strong></span> <span class='ocrx_word' id='word_1_118' title='bbox 1182 1863 1533 1917; x_wconf 79' lang='lat' dir='ltr'><strong>instruxisset</strong></span> <span class='ocrx_word' id='word_1_119' title='bbox 1560 1861 1823 1921; x_wconf 87' lang='lat' dir='ltr'><strong>Herodes.</strong></span> <span class='ocrx_word' id='word_1_120' title='bbox 1850 1864 2263 1917; x_wconf 84' lang='lat' dir='ltr'><strong>comedentibus</strong></span> 
     </span>
    </p>
   </div>
   <div class='ocr_carea' id='block_1_20' title="bbox 696 1952 2265 2019">
    <p class='ocr_par' dir='ltr' id='par_1_20' title="bbox 696 1952 2265 2019">
     <span class='ocr_line' id='line_1_20' title="bbox 696 1952 2265 2019; baseline 0.003 -16"><span class='ocrx_word' id='word_1_121' title='bbox 696 1952 803 2006; x_wconf 81' lang='lat' dir='ltr'><strong>illis</strong></span> <span class='ocrx_word' id='word_1_122' title='bbox 832 1958 886 2006; x_wconf 85' lang='lat' dir='ltr'><strong>et</strong></span> <span class='ocrx_word' id='word_1_123' title='bbox 923 1952 1253 2019; x_wconf 87' lang='lat' dir='ltr'><strong>bibentibus,</strong></span> <span class='ocrx_word' id='word_1_124' title='bbox 1303 1955 1511 2009; x_wconf 87' lang='lat' dir='ltr'><strong>saltans</strong></span> <span class='ocrx_word' id='word_1_125' title='bbox 1552 1953 1870 2008; x_wconf 84' lang='lat' dir='ltr'><strong>Herodiadis</strong></span> <span class='ocrx_word' id='word_1_126' title='bbox 1904 1954 2011 2007; x_wconf 90' lang='lat' dir='ltr'><strong>ﬁlia</strong></span> <span class='ocrx_word' id='word_1_127' title='bbox 2050 1955 2103 2007; x_wconf 92' lang='lat' dir='ltr'><strong>in</strong></span> <span class='ocrx_word' id='word_1_128' title='bbox 2150 1970 2265 2007; x_wconf 90' lang='lat' dir='ltr'><strong>mc-</strong></span> 
     </span>
    </p>
   </div>
   <div class='ocr_carea' id='block_1_21' title="bbox 696 2044 2265 2114">
    <p class='ocr_par' dir='ltr' id='par_1_21' title="bbox 696 2044 2265 2114">
     <span class='ocr_line' id='line_1_21' title="bbox 696 2044 2265 2114; baseline 0.003 -22"><span class='ocrx_word' id='word_1_129' title='bbox 696 2044 787 2098; x_wconf 90' lang='lat' dir='ltr'><strong>dio</strong></span> <span class='ocrx_word' id='word_1_130' title='bbox 818 2054 995 2098; x_wconf 67' lang='lat' dir='ltr'><strong>caelus</strong></span> <span class='ocrx_word' id='word_1_131' title='bbox 1031 2045 1133 2111; x_wconf 88' lang='lat' dir='ltr'><strong>ipsi</strong></span> <span class='ocrx_word' id='word_1_132' title='bbox 1159 2046 1396 2112; x_wconf 79' lang='lat' dir='ltr'><strong>placuit:</strong></span> <span class='ocrx_word' id='word_1_133' title='bbox 1428 2047 1515 2102; x_wconf 93' lang='lat' dir='ltr'><strong>cui</strong></span> <span class='ocrx_word' id='word_1_134' title='bbox 1547 2047 1674 2100; x_wconf 89' lang='lat' dir='ltr'><strong>ille:</strong></span> <span class='ocrx_word' id='word_1_135' title='bbox 1706 2045 1835 2100; x_wconf 87' lang='lat' dir='ltr'><strong>Pete</strong></span> <span class='ocrx_word' id='word_1_136' title='bbox 1868 2061 1896 2099; x_wconf 89' lang='lat' dir='ltr'><strong>a</strong></span> <span class='ocrx_word' id='word_1_137' title='bbox 1927 2061 2034 2107; x_wconf 89' lang='lat' dir='ltr'><strong>me,</strong></span> <span class='ocrx_word' id='word_1_138' title='bbox 2069 2046 2265 2114; x_wconf 87' lang='lat' dir='ltr'><strong>inquit,</strong></span> 
     </span>
    </p>
   </div>
   <div class='ocr_carea' id='block_1_22' title="bbox 696 2136 2267 2208">
    <p class='ocr_par' dir='ltr' id='par_1_22' title="bbox 696 2136 2267 2208">
     <span class='ocr_line' id='line_1_22' title="bbox 696 2136 2267 2208; baseline 0.001 -20"><span class='ocrx_word' id='word_1_139' title='bbox 696 2136 960 2205; x_wconf 80' lang='lat' dir='ltr'><strong>quidquid</strong></span> <span class='ocrx_word' id='word_1_140' title='bbox 993 2138 1089 2189; x_wconf 85' lang='lat' dir='ltr'><strong>tibi</strong></span> <span class='ocrx_word' id='word_1_141' title='bbox 1129 2137 1364 2191; x_wconf 89' lang='lat' dir='ltr'><strong>libuerit.</strong></span> <span class='ocrx_word' id='word_1_142' title='bbox 1399 2137 1491 2191; x_wconf 91' lang='lat' dir='ltr'><strong>llla</strong></span> <span class='ocrx_word' id='word_1_143' title='bbox 1526 2153 1653 2207; x_wconf 85' lang='lat' dir='ltr'><strong>ergo</strong></span> <span class='ocrx_word' id='word_1_144' title='bbox 1684 2138 1840 2208; x_wconf 89' lang='lat' dir='ltr'><strong>petiit</strong></span> <span class='ocrx_word' id='word_1_145' title='bbox 1874 2148 1931 2190; x_wconf 90' lang='lat' dir='ltr'><strong>ut</strong></span> <span class='ocrx_word' id='word_1_146' title='bbox 1965 2137 2069 2190; x_wconf 87' lang='lat' dir='ltr'><strong>sibi</strong></span> <span class='ocrx_word' id='word_1_147' title='bbox 2102 2136 2267 2190; x_wconf 82' lang='lat' dir='ltr'><strong>Joan-</strong></span> 
     </span>
    </p>
   </div>
   <div class='ocr_carea' id='block_1_23' title="bbox 700 2227 2268 2299">
    <p class='ocr_par' dir='ltr' id='par_1_23' title="bbox 700 2227 2268 2299">
     <span class='ocr_line' id='line_1_23' title="bbox 700 2227 2268 2299; baseline 0.001 -18"><span class='ocrx_word' id='word_1_148' title='bbox 700 2228 786 2282; x_wconf 89' lang='lat' dir='ltr'><strong>nis</strong></span> <span class='ocrx_word' id='word_1_149' title='bbox 815 2238 977 2297; x_wconf 87' lang='lat' dir='ltr'><strong>caput</strong></span> <span class='ocrx_word' id='word_1_150' title='bbox 1014 2230 1067 2282; x_wconf 92' lang='lat' dir='ltr'><strong>in</strong></span> <span class='ocrx_word' id='word_1_151' title='bbox 1121 2230 1301 2297; x_wconf 85' lang='lat' dir='ltr'><strong>patina</strong></span> <span class='ocrx_word' id='word_1_152' title='bbox 1338 2228 1525 2295; x_wconf 86' lang='lat' dir='ltr'><strong>daret;</strong></span> <span class='ocrx_word' id='word_1_153' title='bbox 1578 2245 1749 2299; x_wconf 90' lang='lat' dir='ltr'><strong>quare</strong></span> <span class='ocrx_word' id='word_1_154' title='bbox 1787 2230 1898 2294; x_wconf 89' lang='lat' dir='ltr'><strong>ille,</strong></span> <span class='ocrx_word' id='word_1_155' title='bbox 1940 2227 2147 2284; x_wconf 78' lang='lat' dir='ltr'><strong>Joanne</strong></span> <span class='ocrx_word' id='word_1_156' title='bbox 2179 2229 2268 2283; x_wconf 63' lang='lat' dir='ltr'><strong>dev</strong></span> 
     </span>
    </p>
   </div>
   <div class='ocr_carea' id='block_1_24' title="bbox 700 2319 2269 2389">
    <p class='ocr_par' dir='ltr' id='par_1_24' title="bbox 700 2319 2269 2389">
     <span class='ocr_line' id='line_1_24' title="bbox 700 2319 2269 2389; baseline -0.001 -18"><span class='ocrx_word' id='word_1_157' title='bbox 700 2320 887 2372; x_wconf 86' lang='lat' dir='ltr'><strong>collari</strong></span> <span class='ocrx_word' id='word_1_158' title='bbox 922 2319 1094 2387; x_wconf 83' lang='lat' dir='ltr'><strong>iussn,</strong></span> <span class='ocrx_word' id='word_1_159' title='bbox 1129 2330 1291 2389; x_wconf 90' lang='lat' dir='ltr'><strong>caput</strong></span> <span class='ocrx_word' id='word_1_160' title='bbox 1324 2319 1500 2389; x_wconf 90' lang='lat' dir='ltr'><strong>ipsius</strong></span> <span class='ocrx_word' id='word_1_161' title='bbox 1534 2321 1583 2374; x_wconf 88' lang='lat' dir='ltr'><strong>ei</strong></span> <span class='ocrx_word' id='word_1_162' title='bbox 1626 2320 1872 2375; x_wconf 89' lang='lat' dir='ltr'><strong>tradidit.</strong></span> <span class='ocrx_word' id='word_1_163' title='bbox 1902 2319 2051 2374; x_wconf 87' lang='lat' dir='ltr'><strong>Uxor</strong></span> <span class='ocrx_word' id='word_1_164' title='bbox 2090 2329 2269 2373; x_wconf 91' lang='lat' dir='ltr'><strong>autem</strong></span> 
     </span>
    </p>
   </div>
   <div class='ocr_carea' id='block_1_25' title="bbox 702 2413 2273 2481">
    <p class='ocr_par' dir='ltr' id='par_1_25' title="bbox 702 2413 2273 2481">
     <span class='ocr_line' id='line_1_25' title="bbox 702 2413 2273 2481; baseline 0.001 -17"><span class='ocrx_word' id='word_1_165' title='bbox 702 2413 876 2481; x_wconf 82' lang='lat' dir='ltr'><strong>ipsius</strong></span> <span class='ocrx_word' id='word_1_166' title='bbox 923 2414 1082 2466; x_wconf 82' lang='lat' dir='ltr'><strong>Areta</strong></span> <span class='ocrx_word' id='word_1_167' title='bbox 1134 2414 1199 2467; x_wconf 85' lang='lat' dir='ltr'><strong>ad</strong></span> <span class='ocrx_word' id='word_1_168' title='bbox 1257 2422 1464 2481; x_wconf 87' lang='lat' dir='ltr'><strong>patrem</strong></span> <span class='ocrx_word' id='word_1_169' title='bbox 1517 2428 1674 2467; x_wconf 83' lang='lat' dir='ltr'><strong>Suum</strong></span> <span class='ocrx_word' id='word_1_170' title='bbox 1710 2414 1867 2473; x_wconf 86' lang='lat' dir='ltr'><strong>abiit.</strong></span> <span class='ocrx_word' id='word_1_171' title='bbox 1912 2413 2002 2480; x_wconf 91' lang='lat' dir='ltr'><strong>qui</strong></span> <span class='ocrx_word' id='word_1_172' title='bbox 2049 2413 2273 2480; x_wconf 81' lang='lat' dir='ltr'><strong>proinde</strong></span> 
     </span>
    </p>
   </div>
   <div class='ocr_carea' id='block_1_26' title="bbox 704 2505 2273 2577">
    <p class='ocr_par' dir='ltr' id='par_1_26' title="bbox 704 2505 2273 2577">
     <span class='ocr_line' id='line_1_26' title="bbox 704 2505 2273 2577; baseline -0.002 -17"><span class='ocrx_word' id='word_1_173' title='bbox 704 2509 782 2562; x_wconf 86' lang='lat' dir='ltr'><strong>ira</strong></span> <span class='ocrx_word' id='word_1_174' title='bbox 810 2518 1136 2572; x_wconf 87' lang='lat' dir='ltr'><strong>commotus,</strong></span> <span class='ocrx_word' id='word_1_175' title='bbox 1166 2508 1338 2577; x_wconf 84' lang='lat' dir='ltr'><strong>copiis</strong></span> <span class='ocrx_word' id='word_1_176' title='bbox 1371 2508 1484 2562; x_wconf 90' lang='lat' dir='ltr'><strong>suis</strong></span> <span class='ocrx_word' id='word_1_177' title='bbox 1513 2507 1757 2561; x_wconf 88' lang='lat' dir='ltr'><strong>collectis</strong></span> <span class='ocrx_word' id='word_1_178' title='bbox 1784 2516 1973 2561; x_wconf 89' lang='lat' dir='ltr'><strong>contra</strong></span> <span class='ocrx_word' id='word_1_179' title='bbox 2010 2505 2273 2559; x_wconf 87' lang='lat' dir='ltr'><strong>Ilerodem</strong></span> 
     </span>
    </p>
   </div>
   <div class='ocr_carea' id='block_1_27' title="bbox 706 2597 2273 2667">
    <p class='ocr_par' dir='ltr' id='par_1_27' title="bbox 706 2597 2273 2667">
     <span class='ocr_line' id='line_1_27' title="bbox 706 2597 2273 2667; baseline -0.002 -16"><span class='ocrx_word' id='word_1_180' title='bbox 706 2599 1001 2667; x_wconf 79' lang='lat' dir='ltr'><strong>prolectus,</strong></span> <span class='ocrx_word' id='word_1_181' title='bbox 1064 2599 1321 2667; x_wconf 87' lang='lat' dir='ltr'><strong>belloque</strong></span> <span class='ocrx_word' id='word_1_182' title='bbox 1382 2598 1557 2666; x_wconf 88' lang='lat' dir='ltr'><strong>ipsum</strong></span> <span class='ocrx_word' id='word_1_183' title='bbox 1609 2612 1940 2667; x_wconf 72' lang='lat' dir='ltr'><strong>aggressus,</strong></span> <span class='ocrx_word' id='word_1_184' title='bbox 1999 2597 2273 2650; x_wconf 85' lang='lat' dir='ltr'><strong>sociorum</strong></span> 
     </span>
    </p>
   </div>
   <div class='ocr_carea' id='block_1_28' title="bbox 705 2688 2277 2760">
    <p class='ocr_par' dir='ltr' id='par_1_28' title="bbox 705 2688 2277 2760">
     <span class='ocr_line' id='line_1_28' title="bbox 705 2688 2277 2760; baseline -0.003 -16"><span class='ocrx_word' id='word_1_185' title='bbox 705 2691 879 2758; x_wconf 81' lang='lat' dir='ltr'><strong>ipsius</strong></span> <span class='ocrx_word' id='word_1_186' title='bbox 911 2691 1115 2746; x_wconf 88' lang='lat' dir='ltr'><strong>multos</strong></span> <span class='ocrx_word' id='word_1_187' title='bbox 1154 2690 1375 2754; x_wconf 91' lang='lat' dir='ltr'><strong>occidit,</strong></span> <span class='ocrx_word' id='word_1_188' title='bbox 1423 2690 1607 2760; x_wconf 88' lang='lat' dir='ltr'><strong>(alios)</strong></span> <span class='ocrx_word' id='word_1_189' title='bbox 1644 2691 1887 2758; x_wconf 86' lang='lat' dir='ltr'><strong>captivos</strong></span> <span class='ocrx_word' id='word_1_190' title='bbox 1919 2690 2083 2757; x_wconf 74' lang='lat' dir='ltr'><strong>Cepit,</strong></span> <span class='ocrx_word' id='word_1_191' title='bbox 2115 2688 2277 2757; x_wconf 91' lang='lat' dir='ltr'><strong>oppi-</strong></span> 
     </span>
    </p>
   </div>
   <div class='ocr_carea' id='block_1_29' title="bbox 709 2778 2277 2853">
    <p class='ocr_par' dir='ltr' id='par_1_29' title="bbox 709 2778 2277 2853">
     <span class='ocr_line' id='line_1_29' title="bbox 709 2778 2277 2853; baseline -0.001 -20"><span class='ocrx_word' id='word_1_192' title='bbox 709 2786 794 2838; x_wconf 85' lang='lat' dir='ltr'><strong>dis</strong></span> <span class='ocrx_word' id='word_1_193' title='bbox 846 2799 1036 2839; x_wconf 89' lang='lat' dir='ltr'><strong>eorum</strong></span> <span class='ocrx_word' id='word_1_194' title='bbox 1090 2784 1353 2847; x_wconf 82' lang='lat' dir='ltr'><strong>incensis,</strong></span> <span class='ocrx_word' id='word_1_195' title='bbox 1407 2784 1571 2853; x_wconf 88' lang='lat' dir='ltr'><strong>idque</strong></span> <span class='ocrx_word' id='word_1_196' title='bbox 1622 2797 1763 2837; x_wconf 88' lang='lat' dir='ltr'><strong>anno</strong></span> <span class='ocrx_word' id='word_1_197' title='bbox 1814 2781 2027 2848; x_wconf 86' lang='lat' dir='ltr'><strong>imperii</strong></span> <span class='ocrx_word' id='word_1_198' title='bbox 2073 2778 2277 2834; x_wconf 87' lang='lat' dir='ltr'><strong>Tiberii</strong></span> 
     </span>
    </p>
   </div>
   <div class='ocr_carea' id='block_1_30' title="bbox 707 2875 1420 2929">
    <p class='ocr_par' dir='ltr' id='par_1_30' title="bbox 707 2875 1420 2929">
     <span class='ocr_line' id='line_1_30' title="bbox 707 2875 1420 2929; baseline -0.004 0"><span class='ocrx_word' id='word_1_199' title='bbox 707 2876 942 2929; x_wconf 64' lang='lat' dir='ltr'><strong>Caesaris</strong></span> <span class='ocrx_word' id='word_1_200' title='bbox 965 2875 1176 2929; x_wconf 87' lang='lat' dir='ltr'><strong>decimo</strong></span> <span class='ocrx_word' id='word_1_201' title='bbox 1208 2885 1420 2927; x_wconf 82' lang='lat' dir='ltr'><strong>octavo.</strong></span> 
     </span>
    </p>
   </div>
   <div class='ocr_carea' id='block_1_31' title="bbox 780 2956 2281 3033">
    <p class='ocr_par' dir='ltr' id='par_1_31' title="bbox 780 2956 2281 3033">
     <span class='ocr_line' id='line_1_31' title="bbox 780 2956 2281 3033; baseline -0.006 -15"><span class='ocrx_word' id='word_1_202' title='bbox 780 2970 939 3018; x_wconf 81' lang='lat' dir='ltr'><strong>Anno</strong></span> <span class='ocrx_word' id='word_1_203' title='bbox 986 2974 1166 3018; x_wconf 88' lang='lat' dir='ltr'><strong>autem</strong></span> <span class='ocrx_word' id='word_1_204' title='bbox 1225 2965 1375 3033; x_wconf 86' lang='lat' dir='ltr'><strong>regni</strong></span> <span class='ocrx_word' id='word_1_205' title='bbox 1434 2961 1685 3025; x_wconf 82' lang='lat' dir='ltr'><strong>Herodis,</strong></span> <span class='ocrx_word' id='word_1_206' title='bbox 1744 2961 1834 3014; x_wconf 83' lang='lat' dir='ltr'><strong>lilii</strong></span> <span class='ocrx_word' id='word_1_207' title='bbox 1889 2958 2138 3022; x_wconf 85' lang='lat' dir='ltr'><strong>llerodis,</strong></span> <span class='ocrx_word' id='word_1_208' title='bbox 2190 2956 2281 3010; x_wconf 87' lang='lat' dir='ltr'><strong>lilii</strong></span> 
     </span>
    </p>
   </div>
   <div class='ocr_carea' id='block_1_32' title="bbox 713 3047 2283 3123">
    <p class='ocr_par' dir='ltr' id='par_1_32' title="bbox 713 3047 2283 3123">
     <span class='ocr_line' id='line_1_32' title="bbox 713 3047 2283 3123; baseline -0.004 -15"><span class='ocrx_word' id='word_1_209' title='bbox 713 3055 1007 3123; x_wconf 76' lang='lat' dir='ltr'><strong>Antipatri,</strong></span> <span class='ocrx_word' id='word_1_210' title='bbox 1039 3054 1300 3108; x_wconf 88' lang='lat' dir='ltr'><strong>vicesimo</strong></span> <span class='ocrx_word' id='word_1_211' title='bbox 1345 3068 1513 3114; x_wconf 90' lang='lat' dir='ltr'><strong>nono,</strong></span> <span class='ocrx_word' id='word_1_212' title='bbox 1561 3051 1857 3105; x_wconf 82' lang='lat' dir='ltr'><strong>cruciﬁxus</strong></span> <span class='ocrx_word' id='word_1_213' title='bbox 1897 3057 1979 3101; x_wconf 83' lang='lat' dir='ltr'><strong>est</strong></span> <span class='ocrx_word' id='word_1_214' title='bbox 2024 3047 2283 3101; x_wconf 86' lang='lat' dir='ltr'><strong>Dominus</strong></span> 
     </span>
    </p>
   </div>
   <div class='ocr_carea' id='block_1_33' title="bbox 2356 581 3924 654">
    <p class='ocr_par' dir='ltr' id='par_1_33' title="bbox 2356 581 3924 654">
     <span class='ocr_line' id='line_1_33' title="bbox 2356 581 3924 654; baseline -0.005 -15"><span class='ocrx_word' id='word_1_215' title='bbox 2356 602 2519 654; x_wconf 88' lang='lat' dir='ltr'><strong>aqua.</strong></span> <span class='ocrx_word' id='word_1_216' title='bbox 2575 585 2706 640; x_wconf 87' lang='lat' dir='ltr'><strong>Post</strong></span> <span class='ocrx_word' id='word_1_217' title='bbox 2750 593 2983 639; x_wconf 90' lang='lat' dir='ltr'><strong>mortem</strong></span> <span class='ocrx_word' id='word_1_218' title='bbox 3038 583 3211 653; x_wconf 87' lang='lat' dir='ltr'><strong>ipsius</strong></span> <span class='ocrx_word' id='word_1_219' title='bbox 3251 583 3521 637; x_wconf 83' lang='lat' dir='ltr'><strong>accedens</strong></span> <span class='ocrx_word' id='word_1_220' title='bbox 3570 582 3653 634; x_wconf 89' lang='lat' dir='ltr'><strong>vir</strong></span> <span class='ocrx_word' id='word_1_221' title='bbox 3698 581 3924 649; x_wconf 88' lang='lat' dir='ltr'><strong>quidam</strong></span> 
     </span>
    </p>
   </div>
   <div class='ocr_carea' id='block_1_34' title="bbox 2350 672 3921 747">
    <p class='ocr_par' dir='ltr' id='par_1_34' title="bbox 2350 672 3921 747">
     <span class='ocr_line' id='line_1_34' title="bbox 2350 672 3921 747; baseline -0.006 -13"><span class='ocrx_word' id='word_1_222' title='bbox 2350 681 2576 734; x_wconf 87' lang='lat' dir='ltr'><strong>nomine</strong></span> <span class='ocrx_word' id='word_1_223' title='bbox 2623 678 2917 747; x_wconf 67' lang='lat' dir='ltr'><strong>Iosephus,</strong></span> <span class='ocrx_word' id='word_1_224' title='bbox 2970 692 3091 731; x_wconf 91' lang='lat' dir='ltr'><strong>cum</strong></span> <span class='ocrx_word' id='word_1_225' title='bbox 3144 676 3262 730; x_wconf 88' lang='lat' dir='ltr'><strong>dari</strong></span> <span class='ocrx_word' id='word_1_226' title='bbox 3313 677 3417 731; x_wconf 87' lang='lat' dir='ltr'><strong>sibi</strong></span> <span class='ocrx_word' id='word_1_227' title='bbox 3472 676 3643 744; x_wconf 91' lang='lat' dir='ltr'><strong>ipsum</strong></span> <span class='ocrx_word' id='word_1_228' title='bbox 3678 690 3706 726; x_wconf 93' lang='lat' dir='ltr'><strong>a</strong></span> <span class='ocrx_word' id='word_1_229' title='bbox 3742 672 3921 725; x_wconf 83' lang='lat' dir='ltr'><strong>Pilato</strong></span> 
     </span>
    </p>
   </div>
   <div class='ocr_carea' id='block_1_35' title="bbox 2348 766 3922 841">
    <p class='ocr_par' dir='ltr' id='par_1_35' title="bbox 2348 766 3922 841">
     <span class='ocr_line' id='line_1_35' title="bbox 2348 766 3922 841; baseline -0.007 -15"><span class='ocrx_word' id='word_1_230' title='bbox 2348 771 2610 841; x_wconf 81' lang='lat' dir='ltr'><strong>petiissct,</strong></span> <span class='ocrx_word' id='word_1_231' title='bbox 2644 786 2674 825; x_wconf 90' lang='lat' dir='ltr'><strong>e</strong></span> <span class='ocrx_word' id='word_1_232' title='bbox 2720 784 2885 823; x_wconf 90' lang='lat' dir='ltr'><strong>cruce</strong></span> <span class='ocrx_word' id='word_1_233' title='bbox 2917 767 3248 835; x_wconf 82' lang='lat' dir='ltr'><strong>depositum.</strong></span> <span class='ocrx_word' id='word_1_234' title='bbox 3294 768 3583 834; x_wconf 83' lang='lat' dir='ltr'><strong>linteisque</strong></span> <span class='ocrx_word' id='word_1_235' title='bbox 3620 766 3922 820; x_wconf 87' lang='lat' dir='ltr'><strong>involutum</strong></span> 
     </span>
    </p>
   </div>
   <div class='ocr_carea' id='block_1_36' title="bbox 2348 854 3926 928">
    <p class='ocr_par' dir='ltr' id='par_1_36' title="bbox 2348 854 3926 928">
     <span class='ocr_line' id='line_1_36' title="bbox 2348 854 3926 928; baseline -0.007 -12"><span class='ocrx_word' id='word_1_236' title='bbox 2348 866 2401 917; x_wconf 91' lang='lat' dir='ltr'><strong>in</strong></span> <span class='ocrx_word' id='word_1_237' title='bbox 2438 869 2796 915; x_wconf 89' lang='lat' dir='ltr'><strong>monumento</strong></span> <span class='ocrx_word' id='word_1_238' title='bbox 2832 874 2975 913; x_wconf 87' lang='lat' dir='ltr'><strong>novo</strong></span> <span class='ocrx_word' id='word_1_239' title='bbox 3015 858 3160 928; x_wconf 89' lang='lat' dir='ltr'><strong>quod</strong></span> <span class='ocrx_word' id='word_1_240' title='bbox 3196 858 3298 913; x_wconf 87' lang='lat' dir='ltr'><strong>sibi</strong></span> <span class='ocrx_word' id='word_1_241' title='bbox 3334 858 3620 918; x_wconf 79' lang='lat' dir='ltr'><strong>ell’oderat,</strong></span> <span class='ocrx_word' id='word_1_242' title='bbox 3655 854 3926 923; x_wconf 69' lang='lat' dir='ltr'><strong>sepelivit,</strong></span> 
     </span>
    </p>
   </div>
   <div class='ocr_carea' id='block_1_37' title="bbox 2348 949 3924 1023">
    <p class='ocr_par' dir='ltr' id='par_1_37' title="bbox 2348 949 3924 1023">
     <span class='ocr_line' id='line_1_37' title="bbox 2348 949 3924 1023; baseline -0.009 -13"><span class='ocrx_word' id='word_1_243' title='bbox 2348 955 2535 1023; x_wconf 87' lang='lat' dir='ltr'><strong>lapide</strong></span> <span class='ocrx_word' id='word_1_244' title='bbox 2563 955 2768 1009; x_wconf 87' lang='lat' dir='ltr'><strong>ostium</strong></span> <span class='ocrx_word' id='word_1_245' title='bbox 2799 952 2920 1020; x_wconf 88' lang='lat' dir='ltr'><strong>ejus</strong></span> <span class='ocrx_word' id='word_1_246' title='bbox 2947 952 3265 1005; x_wconf 86' lang='lat' dir='ltr'><strong>obstrncns.</strong></span> <span class='ocrx_word' id='word_1_247' title='bbox 3298 951 3391 1005; x_wconf 93' lang='lat' dir='ltr'><strong>Die</strong></span> <span class='ocrx_word' id='word_1_248' title='bbox 3420 949 3660 1003; x_wconf 83' lang='lat' dir='ltr'><strong>crastino</strong></span> <span class='ocrx_word' id='word_1_249' title='bbox 3694 960 3924 1013; x_wconf 86' lang='lat' dir='ltr'><strong>congre-</strong></span> 
     </span>
    </p>
   </div>
   <div class='ocr_carea' id='block_1_38' title="bbox 2349 1037 3927 1115">
    <p class='ocr_par' dir='ltr' id='par_1_38' title="bbox 2349 1037 3927 1115">
     <span class='ocr_line' id='line_1_38' title="bbox 2349 1037 3927 1115; baseline -0.005 -19"><span class='ocrx_word' id='word_1_250' title='bbox 2349 1046 2454 1115; x_wconf 89' lang='lat' dir='ltr'><strong>gati</strong></span> <span class='ocrx_word' id='word_1_251' title='bbox 2490 1044 2632 1112; x_wconf 87' lang='lat' dir='ltr'><strong>apud</strong></span> <span class='ocrx_word' id='word_1_252' title='bbox 2667 1042 2898 1096; x_wconf 77' lang='lat' dir='ltr'><strong>Pilatum</strong></span> <span class='ocrx_word' id='word_1_253' title='bbox 2928 1041 3124 1110; x_wconf 63' lang='lat' dir='ltr'><strong>Judaei,</strong></span> <span class='ocrx_word' id='word_1_254' title='bbox 3162 1041 3422 1093; x_wconf 86' lang='lat' dir='ltr'><strong>dixerunt</strong></span> <span class='ocrx_word' id='word_1_255' title='bbox 3462 1040 3569 1093; x_wconf 86' lang='lat' dir='ltr'><strong>illis</strong></span> <span class='ocrx_word' id='word_1_256' title='bbox 3606 1037 3927 1092; x_wconf 86' lang='lat' dir='ltr'><strong>:Timemus</strong></span> 
     </span>
    </p>
   </div>
   <div class='ocr_carea' id='block_1_39' title="bbox 2354 1133 3929 1207">
    <p class='ocr_par' dir='ltr' id='par_1_39' title="bbox 2354 1133 3929 1207">
     <span class='ocr_line' id='line_1_39' title="bbox 2354 1133 3929 1207; baseline -0.008 -11"><span class='ocrx_word' id='word_1_257' title='bbox 2354 1157 2418 1196; x_wconf 90' lang='lat' dir='ltr'><strong>ne</strong></span> <span class='ocrx_word' id='word_1_258' title='bbox 2456 1154 2619 1195; x_wconf 88' lang='lat' dir='ltr'><strong>noetu</strong></span> <span class='ocrx_word' id='word_1_259' title='bbox 2676 1144 2998 1193; x_wconf 84' lang='lat' dir='ltr'><strong>accedentes</strong></span> <span class='ocrx_word' id='word_1_260' title='bbox 3045 1137 3298 1207; x_wconf 91' lang='lat' dir='ltr'><strong>discipuli</strong></span> <span class='ocrx_word' id='word_1_261' title='bbox 3342 1136 3480 1204; x_wconf 87' lang='lat' dir='ltr'><strong>ejus,</strong></span> <span class='ocrx_word' id='word_1_262' title='bbox 3524 1149 3722 1201; x_wconf 85' lang='lat' dir='ltr'><strong>corpus</strong></span> <span class='ocrx_word' id='word_1_263' title='bbox 3753 1133 3929 1200; x_wconf 88' lang='lat' dir='ltr'><strong>ipsius</strong></span> 
     </span>
    </p>
   </div>
   <div class='ocr_carea' id='block_1_40' title="bbox 2355 1224 3923 1298">
    <p class='ocr_par' dir='ltr' id='par_1_40' title="bbox 2355 1224 3923 1298">
     <span class='ocr_line' id='line_1_40' title="bbox 2355 1224 3923 1298; baseline -0.009 -12"><span class='ocrx_word' id='word_1_264' title='bbox 2355 1232 2713 1293; x_wconf 79' lang='lat' dir='ltr'><strong>sullnrentur,</strong></span> <span class='ocrx_word' id='word_1_265' title='bbox 2749 1232 3043 1298; x_wconf 85' lang='lat' dir='ltr'><strong>dicantque</strong></span> <span class='ocrx_word' id='word_1_266' title='bbox 3093 1228 3404 1281; x_wconf 89' lang='lat' dir='ltr'><strong>hominibus</strong></span> <span class='ocrx_word' id='word_1_267' title='bbox 3454 1226 3632 1291; x_wconf 88' lang='lat' dir='ltr'><strong>ipsum</strong></span> <span class='ocrx_word' id='word_1_268' title='bbox 3683 1224 3736 1275; x_wconf 88' lang='lat' dir='ltr'><strong>in</strong></span> <span class='ocrx_word' id='word_1_269' title='bbox 3785 1224 3923 1276; x_wconf 80' lang='lat' dir='ltr'><strong>viris</strong></span> 
     </span>
    </p>
   </div>
   <div class='ocr_carea' id='block_1_41' title="bbox 2355 1314 3929 1390">
    <p class='ocr_par' dir='ltr' id='par_1_41' title="bbox 2355 1314 3929 1390">
     <span class='ocr_line' id='line_1_41' title="bbox 2355 1314 3929 1390; baseline -0.01 -11"><span class='ocrx_word' id='word_1_270' title='bbox 2355 1339 2495 1379; x_wconf 88' lang='lat' dir='ltr'><strong>esse.</strong></span> <span class='ocrx_word' id='word_1_271' title='bbox 2532 1322 2669 1376; x_wconf 87' lang='lat' dir='ltr'><strong>Juhe</strong></span> <span class='ocrx_word' id='word_1_272' title='bbox 2709 1337 2840 1390; x_wconf 86' lang='lat' dir='ltr'><strong>ergo</strong></span> <span class='ocrx_word' id='word_1_273' title='bbox 2871 1321 3143 1390; x_wconf 78' lang='lat' dir='ltr'><strong>obsignari</strong></span> <span class='ocrx_word' id='word_1_274' title='bbox 3196 1319 3428 1386; x_wconf 89' lang='lat' dir='ltr'><strong>lapidem</strong></span> <span class='ocrx_word' id='word_1_275' title='bbox 3462 1316 3555 1385; x_wconf 91' lang='lat' dir='ltr'><strong>qui</strong></span> <span class='ocrx_word' id='word_1_276' title='bbox 3592 1315 3657 1367; x_wconf 91' lang='lat' dir='ltr'><strong>ad</strong></span> <span class='ocrx_word' id='word_1_277' title='bbox 3698 1314 3929 1380; x_wconf 69' lang='lat' dir='ltr'><strong>sepulcri</strong></span> 
     </span>
    </p>
   </div>
   <div class='ocr_carea' id='block_1_42' title="bbox 2355 1404 3933 1481">
    <p class='ocr_par' dir='ltr' id='par_1_42' title="bbox 2355 1404 3933 1481">
     <span class='ocr_line' id='line_1_42' title="bbox 2355 1404 3933 1481; baseline -0.008 -11"><span class='ocrx_word' id='word_1_278' title='bbox 2355 1417 2553 1470; x_wconf 89' lang='lat' dir='ltr'><strong>ostium</strong></span> <span class='ocrx_word' id='word_1_279' title='bbox 2593 1422 2696 1468; x_wconf 90' lang='lat' dir='ltr'><strong>est.</strong></span> <span class='ocrx_word' id='word_1_280' title='bbox 2749 1414 3049 1481; x_wconf 82' lang='lat' dir='ltr'><strong>Respondit</strong></span> <span class='ocrx_word' id='word_1_281' title='bbox 3092 1412 3228 1480; x_wconf 89' lang='lat' dir='ltr'><strong>ipsis</strong></span> <span class='ocrx_word' id='word_1_282' title='bbox 3272 1408 3476 1462; x_wconf 88' lang='lat' dir='ltr'><strong>Pilatus</strong></span> <span class='ocrx_word' id='word_1_283' title='bbox 3510 1426 3523 1460; x_wconf 94' lang='lat'>:</span> <span class='ocrx_word' id='word_1_284' title='bbox 3560 1408 3735 1467; x_wconf 79' lang='lat' dir='ltr'><strong>Abite,</strong></span> <span class='ocrx_word' id='word_1_285' title='bbox 3771 1404 3933 1457; x_wconf 79' lang='lat' dir='ltr'><strong>facite</strong></span> 
     </span>
    </p>
   </div>
   <div class='ocr_carea' id='block_1_43' title="bbox 2356 1499 3934 1576">
    <p class='ocr_par' dir='ltr' id='par_1_43' title="bbox 2356 1499 3934 1576">
     <span class='ocr_line' id='line_1_43' title="bbox 2356 1499 3934 1576; baseline -0.007 -17"><span class='ocrx_word' id='word_1_286' title='bbox 2356 1507 2502 1576; x_wconf 90' lang='lat' dir='ltr'><strong>quod</strong></span> <span class='ocrx_word' id='word_1_287' title='bbox 2565 1508 2719 1561; x_wconf 89' lang='lat' dir='ltr'><strong>vobis</strong></span> <span class='ocrx_word' id='word_1_288' title='bbox 2758 1506 2934 1559; x_wconf 89' lang='lat' dir='ltr'><strong>visum</strong></span> <span class='ocrx_word' id='word_1_289' title='bbox 3001 1504 3183 1558; x_wconf 77' lang='lat' dir='ltr'><strong>fuerit.</strong></span> <span class='ocrx_word' id='word_1_290' title='bbox 3247 1501 3324 1554; x_wconf 93' lang='lat' dir='ltr'><strong>llli</strong></span> <span class='ocrx_word' id='word_1_291' title='bbox 3380 1515 3511 1569; x_wconf 86' lang='lat' dir='ltr'><strong>ergo</strong></span> <span class='ocrx_word' id='word_1_292' title='bbox 3564 1499 3934 1566; x_wconf 88' lang='lat' dir='ltr'><strong>speculatores</strong></span> 
     </span>
    </p>
   </div>
   <div class='ocr_carea' id='block_1_44' title="bbox 2358 1586 3935 1669">
    <p class='ocr_par' dir='ltr' id='par_1_44' title="bbox 2358 1586 3935 1669">
     <span class='ocr_line' id='line_1_44' title="bbox 2358 1586 3935 1669; baseline -0.011 -15"><span class='ocrx_word' id='word_1_293' title='bbox 2358 1602 2622 1669; x_wconf 87' lang='lat' dir='ltr'><strong>quosdam</strong></span> <span class='ocrx_word' id='word_1_294' title='bbox 2683 1598 2960 1653; x_wconf 87' lang='lat' dir='ltr'><strong>adhibitos</strong></span> <span class='ocrx_word' id='word_1_295' title='bbox 3016 1598 3081 1650; x_wconf 91' lang='lat' dir='ltr'><strong>ad</strong></span> <span class='ocrx_word' id='word_1_296' title='bbox 3143 1594 3454 1663; x_wconf 91' lang='lat' dir='ltr'><strong>sepulcrum</strong></span> <span class='ocrx_word' id='word_1_297' title='bbox 3512 1586 3935 1644; x_wconf 79' lang='lat' dir='ltr'><strong>custodiendum</strong></span> 
     </span>
    </p>
   </div>
   <div class='ocr_carea' id='block_1_45' title="bbox 2360 1676 3937 1756">
    <p class='ocr_par' dir='ltr' id='par_1_45' title="bbox 2360 1676 3937 1756">
     <span class='ocr_line' id='line_1_45' title="bbox 2360 1676 3937 1756; baseline -0.009 -13"><span class='ocrx_word' id='word_1_298' title='bbox 2360 1694 2727 1755; x_wconf 76' lang='lat' dir='ltr'><strong>collocarunt,</strong></span> <span class='ocrx_word' id='word_1_299' title='bbox 2765 1690 3161 1756; x_wconf 85' lang='lat' dir='ltr'><strong>obsignatoque</strong></span> <span class='ocrx_word' id='word_1_300' title='bbox 3192 1687 3367 1755; x_wconf 85' lang='lat' dir='ltr'><strong>lapide</strong></span> <span class='ocrx_word' id='word_1_301' title='bbox 3402 1683 3606 1737; x_wconf 81' lang='lat' dir='ltr'><strong>reversi</strong></span> <span class='ocrx_word' id='word_1_302' title='bbox 3648 1689 3796 1735; x_wconf 92' lang='lat' dir='ltr'><strong>sunt.</strong></span> <span class='ocrx_word' id='word_1_303' title='bbox 3826 1676 3937 1730; x_wconf 69' lang='lat' dir='ltr'><strong>hle-</strong></span> 
     </span>
    </p>
   </div>
   <div class='ocr_carea' id='block_1_46' title="bbox 2366 1772 3938 1845">
    <p class='ocr_par' dir='ltr' id='par_1_46' title="bbox 2366 1772 3938 1845">
     <span class='ocr_line' id='line_1_46' title="bbox 2366 1772 3938 1845; baseline -0.006 -17"><span class='ocrx_word' id='word_1_304' title='bbox 2366 1779 2452 1831; x_wconf 86' lang='lat' dir='ltr'><strong>dia</strong></span> <span class='ocrx_word' id='word_1_305' title='bbox 2501 1779 2703 1833; x_wconf 90' lang='lat' dir='ltr'><strong>deinde</strong></span> <span class='ocrx_word' id='word_1_306' title='bbox 2746 1787 2905 1830; x_wconf 91' lang='lat' dir='ltr'><strong>nocte</strong></span> <span class='ocrx_word' id='word_1_307' title='bbox 2935 1777 3023 1829; x_wconf 90' lang='lat' dir='ltr'><strong>die</strong></span> <span class='ocrx_word' id='word_1_308' title='bbox 3057 1777 3252 1845; x_wconf 86' lang='lat' dir='ltr'><strong>primo,</strong></span> <span class='ocrx_word' id='word_1_309' title='bbox 3297 1789 3418 1830; x_wconf 90' lang='lat' dir='ltr'><strong>cum</strong></span> <span class='ocrx_word' id='word_1_310' title='bbox 3453 1772 3776 1825; x_wconf 80' lang='lat' dir='ltr'><strong>accederent</strong></span> <span class='ocrx_word' id='word_1_311' title='bbox 3814 1784 3938 1820; x_wconf 85' lang='lat' dir='ltr'><strong>mu-</strong></span> 
     </span>
    </p>
   </div>
   <div class='ocr_carea' id='block_1_47' title="bbox 2369 1858 3943 1936">
    <p class='ocr_par' dir='ltr' id='par_1_47' title="bbox 2369 1858 3943 1936">
     <span class='ocr_line' id='line_1_47' title="bbox 2369 1858 3943 1936; baseline -0.008 -13"><span class='ocrx_word' id='word_1_312' title='bbox 2369 1872 2528 1925; x_wconf 83' lang='lat' dir='ltr'><strong>lieres</strong></span> <span class='ocrx_word' id='word_1_313' title='bbox 2557 1872 2802 1935; x_wconf 75' lang='lat' dir='ltr'><strong>quaedam</strong></span> <span class='ocrx_word' id='word_1_314' title='bbox 2845 1880 3089 1921; x_wconf 84' lang='lat' dir='ltr'><strong>aromata</strong></span> <span class='ocrx_word' id='word_1_315' title='bbox 3122 1876 3173 1919; x_wconf 87' lang='lat' dir='ltr'><strong>et</strong></span> <span class='ocrx_word' id='word_1_316' title='bbox 3203 1866 3557 1936; x_wconf 80' lang='lat' dir='ltr'><strong>thymiamata</strong></span> <span class='ocrx_word' id='word_1_317' title='bbox 3596 1876 3779 1916; x_wconf 85' lang='lat' dir='ltr'><strong>secum</strong></span> <span class='ocrx_word' id='word_1_318' title='bbox 3806 1858 3943 1912; x_wconf 83' lang='lat' dir='ltr'><strong>all&#39;e-</strong></span> 
     </span>
    </p>
   </div>
   <div class='ocr_carea' id='block_1_48' title="bbox 2371 1948 3944 2029">
    <p class='ocr_par' dir='ltr' id='par_1_48' title="bbox 2371 1948 3944 2029">
     <span class='ocr_line' id='line_1_48' title="bbox 2371 1948 3944 2029; baseline -0.008 -13"><span class='ocrx_word' id='word_1_319' title='bbox 2371 1974 2550 2016; x_wconf 87' lang='lat' dir='ltr'><strong>rentes</strong></span> <span class='ocrx_word' id='word_1_320' title='bbox 2574 1962 2777 2029; x_wconf 83' lang='lat' dir='ltr'><strong>quibus</strong></span> <span class='ocrx_word' id='word_1_321' title='bbox 2807 1960 3116 2028; x_wconf 79' lang='lat' dir='ltr'><strong>sepulcrum</strong></span> <span class='ocrx_word' id='word_1_322' title='bbox 3151 1957 3418 2019; x_wconf 85' lang='lat' dir='ltr'><strong>suﬁirent,</strong></span> <span class='ocrx_word' id='word_1_323' title='bbox 3454 1970 3581 2008; x_wconf 77' lang='lat' dir='ltr'><strong>ecre</strong></span> <span class='ocrx_word' id='word_1_324' title='bbox 3616 1948 3841 2017; x_wconf 78' lang='lat' dir='ltr'><strong>angelus</strong></span> <span class='ocrx_word' id='word_1_325' title='bbox 3875 1956 3944 2004; x_wconf 88' lang='lat' dir='ltr'><strong>de</strong></span> 
     </span>
    </p>
   </div>
   <div class='ocr_carea' id='block_1_49' title="bbox 2371 2044 3943 2118">
    <p class='ocr_par' dir='ltr' id='par_1_49' title="bbox 2371 2044 3943 2118">
     <span class='ocr_line' id='line_1_49' title="bbox 2371 2044 3943 2118; baseline -0.01 -11"><span class='ocrx_word' id='word_1_326' title='bbox 2371 2056 2510 2108; x_wconf 74' lang='lat' dir='ltr'><strong>cmlo</strong></span> <span class='ocrx_word' id='word_1_327' title='bbox 2532 2053 2866 2107; x_wconf 85' lang='lat' dir='ltr'><strong>descendens</strong></span> <span class='ocrx_word' id='word_1_328' title='bbox 2888 2053 3066 2118; x_wconf 85' lang='lat' dir='ltr'><strong>lapide.</strong></span> <span class='ocrx_word' id='word_1_329' title='bbox 3087 2067 3113 2101; x_wconf 86' lang='lat' dir='ltr'><strong>a</strong></span> <span class='ocrx_word' id='word_1_330' title='bbox 3143 2048 3477 2102; x_wconf 84' lang='lat' dir='ltr'><strong>monumenti</strong></span> <span class='ocrx_word' id='word_1_331' title='bbox 3502 2047 3642 2100; x_wconf 88' lang='lat' dir='ltr'><strong>ostio</strong></span> <span class='ocrx_word' id='word_1_332' title='bbox 3665 2044 3943 2101; x_wconf 85' lang='lat' dir='ltr'><strong>devoluto,</strong></span> 
     </span>
    </p>
   </div>
   <div class='ocr_carea' id='block_1_50' title="bbox 2373 2135 3944 2212">
    <p class='ocr_par' dir='ltr' id='par_1_50' title="bbox 2373 2135 3944 2212">
     <span class='ocr_line' id='line_1_50' title="bbox 2373 2135 3944 2212; baseline -0.009 -14"><span class='ocrx_word' id='word_1_333' title='bbox 2373 2145 2473 2212; x_wconf 82' lang='lat' dir='ltr'><strong>ipsi</strong></span> <span class='ocrx_word' id='word_1_334' title='bbox 2505 2145 2772 2198; x_wconf 83' lang='lat' dir='ltr'><strong>insidebat</strong></span> <span class='ocrx_word' id='word_1_335' title='bbox 2799 2162 2813 2208; x_wconf 91' lang='lat'><strong>;</strong></span> <span class='ocrx_word' id='word_1_336' title='bbox 2842 2144 2934 2211; x_wconf 88' lang='lat' dir='ltr'><strong>qui</strong></span> <span class='ocrx_word' id='word_1_337' title='bbox 2970 2143 3102 2211; x_wconf 75' lang='lat' dir='ltr'><strong>ipsis</strong></span> <span class='ocrx_word' id='word_1_338' title='bbox 3126 2141 3261 2194; x_wconf 82' lang='lat' dir='ltr'><strong>dixit</strong></span> <span class='ocrx_word' id='word_1_339' title='bbox 3291 2157 3307 2194; x_wconf 85' lang='lat'><strong>:</strong></span> <span class='ocrx_word' id='word_1_340' title='bbox 3345 2136 3421 2191; x_wconf 80' lang='lat' dir='ltr'><strong>Ne</strong></span> <span class='ocrx_word' id='word_1_341' title='bbox 3456 2138 3659 2203; x_wconf 86' lang='lat' dir='ltr'><strong>timete,</strong></span> <span class='ocrx_word' id='word_1_342' title='bbox 3684 2135 3944 2190; x_wconf 83' lang='lat' dir='ltr'><strong>surrexit.</strong></span> 
     </span>
    </p>
   </div>
   <div class='ocr_carea' id='block_1_51' title="bbox 2376 2226 3949 2303">
    <p class='ocr_par' dir='ltr' id='par_1_51' title="bbox 2376 2226 3949 2303">
     <span class='ocr_line' id='line_1_51' title="bbox 2376 2226 3949 2303; baseline -0.011 -13"><span class='ocrx_word' id='word_1_343' title='bbox 2376 2237 2548 2291; x_wconf 90' lang='lat' dir='ltr'><strong>Dicite</strong></span> <span class='ocrx_word' id='word_1_344' title='bbox 2591 2246 2770 2289; x_wconf 83' lang='lat' dir='ltr'><strong>autem</strong></span> <span class='ocrx_word' id='word_1_345' title='bbox 2804 2235 3090 2303; x_wconf 76' lang='lat' dir='ltr'><strong>discipulis</strong></span> <span class='ocrx_word' id='word_1_346' title='bbox 3122 2234 3244 2299; x_wconf 88' lang='lat' dir='ltr'><strong>ejus</strong></span> <span class='ocrx_word' id='word_1_347' title='bbox 3275 2243 3335 2285; x_wconf 90' lang='lat' dir='ltr'><strong>ut</strong></span> <span class='ocrx_word' id='word_1_348' title='bbox 3363 2232 3417 2284; x_wconf 92' lang='lat' dir='ltr'><strong>in</strong></span> <span class='ocrx_word' id='word_1_349' title='bbox 3454 2239 3688 2283; x_wconf 87' lang='lat' dir='ltr'><strong>montem</strong></span> <span class='ocrx_word' id='word_1_350' title='bbox 3714 2226 3949 2280; x_wconf 66' lang='lat' dir='ltr'><strong>Calilaee.</strong></span> 
     </span>
    </p>
   </div>
   <div class='ocr_carea' id='block_1_52' title="bbox 2377 2315 3950 2397">
    <p class='ocr_par' dir='ltr' id='par_1_52' title="bbox 2377 2315 3950 2397">
     <span class='ocr_line' id='line_1_52' title="bbox 2377 2315 3950 2397; baseline -0.01 -16"><span class='ocrx_word' id='word_1_351' title='bbox 2377 2329 2814 2397; x_wconf 85' lang='lat' dir='ltr'><strong>proﬁciscantur.</strong></span> <span class='ocrx_word' id='word_1_352' title='bbox 2850 2326 2921 2379; x_wconf 93' lang='lat' dir='ltr'><strong>ibi</strong></span> <span class='ocrx_word' id='word_1_353' title='bbox 2967 2325 3109 2379; x_wconf 89' lang='lat' dir='ltr'><strong>enim</strong></span> <span class='ocrx_word' id='word_1_354' title='bbox 3158 2325 3337 2391; x_wconf 85' lang='lat' dir='ltr'><strong>ipsum</strong></span> <span class='ocrx_word' id='word_1_355' title='bbox 3375 2321 3722 2373; x_wconf 76' lang='lat' dir='ltr'><strong>convenient.</strong></span> <span class='ocrx_word' id='word_1_356' title='bbox 3759 2315 3950 2368; x_wconf 80' lang='lat' dir='ltr'><strong>Prole-</strong></span> 
     </span>
    </p>
   </div>
   <div class='ocr_carea' id='block_1_53' title="bbox 2376 2410 3949 2491">
    <p class='ocr_par' dir='ltr' id='par_1_53' title="bbox 2376 2410 3949 2491">
     <span class='ocr_line' id='line_1_53' title="bbox 2376 2410 3949 2491; baseline -0.01 -17"><span class='ocrx_word' id='word_1_357' title='bbox 2376 2431 2476 2474; x_wconf 73' lang='lat' dir='ltr'><strong>ctze</strong></span> <span class='ocrx_word' id='word_1_358' title='bbox 2510 2436 2641 2491; x_wconf 89' lang='lat' dir='ltr'><strong>ergo</strong></span> <span class='ocrx_word' id='word_1_359' title='bbox 2674 2420 2930 2473; x_wconf 86' lang='lat' dir='ltr'><strong>mulieres</strong></span> <span class='ocrx_word' id='word_1_360' title='bbox 2966 2417 3030 2471; x_wconf 88' lang='lat' dir='ltr'><strong>ad</strong></span> <span class='ocrx_word' id='word_1_361' title='bbox 3073 2415 3393 2484; x_wconf 67' lang='lat' dir='ltr'><strong>discipulos.</strong></span> <span class='ocrx_word' id='word_1_362' title='bbox 3432 2414 3545 2467; x_wconf 75' lang='lat' dir='ltr'><strong>hzec</strong></span> <span class='ocrx_word' id='word_1_363' title='bbox 3579 2410 3709 2480; x_wconf 86' lang='lat' dir='ltr'><strong>ipsis</strong></span> <span class='ocrx_word' id='word_1_364' title='bbox 3744 2424 3949 2462; x_wconf 82' lang='lat' dir='ltr'><strong>renun-</strong></span> 
     </span>
    </p>
   </div>
   <div class='ocr_carea' id='block_1_54' title="bbox 2380 2505 3952 2581">
    <p class='ocr_par' dir='ltr' id='par_1_54' title="bbox 2380 2505 3952 2581">
     <span class='ocr_line' id='line_1_54' title="bbox 2380 2505 3952 2581; baseline -0.008 -15"><span class='ocrx_word' id='word_1_365' title='bbox 2380 2516 2605 2567; x_wconf 85' lang='lat' dir='ltr'><strong>tiarunt.</strong></span> <span class='ocrx_word' id='word_1_366' title='bbox 2657 2511 3007 2581; x_wconf 74' lang='lat'><strong>321-323</strong></span> <span class='ocrx_word' id='word_1_367' title='bbox 3066 2510 3341 2565; x_wconf 87' lang='lat' dir='ltr'><strong>Satellites</strong></span> <span class='ocrx_word' id='word_1_368' title='bbox 3396 2514 3575 2561; x_wconf 82' lang='lat' dir='ltr'><strong>autem</strong></span> <span class='ocrx_word' id='word_1_369' title='bbox 3622 2505 3711 2574; x_wconf 85' lang='lat' dir='ltr'><strong>qui</strong></span> <span class='ocrx_word' id='word_1_370' title='bbox 3755 2518 3952 2555; x_wconf 85' lang='lat' dir='ltr'><strong>monu-</strong></span> 
     </span>
    </p>
   </div>
   <div class='ocr_carea' id='block_1_55' title="bbox 2382 2597 3948 2662">
    <p class='ocr_par' dir='ltr' id='par_1_55' title="bbox 2382 2597 3948 2662">
     <span class='ocr_line' id='line_1_55' title="bbox 2382 2597 3948 2662; baseline -0.011 -5"><span class='ocrx_word' id='word_1_371' title='bbox 2382 2612 2620 2657; x_wconf 84' lang='lat' dir='ltr'><strong>mentum</strong></span> <span class='ocrx_word' id='word_1_372' title='bbox 2645 2601 3046 2662; x_wconf 67' lang='lat' dir='ltr'><strong>custodierunt,</strong></span> <span class='ocrx_word' id='word_1_373' title='bbox 3077 2599 3129 2649; x_wconf 88' lang='lat' dir='ltr'><strong>in</strong></span> <span class='ocrx_word' id='word_1_374' title='bbox 3160 2597 3353 2650; x_wconf 79' lang='lat' dir='ltr'><strong>faciem</strong></span> <span class='ocrx_word' id='word_1_375' title='bbox 3392 2609 3570 2656; x_wconf 86' lang='lat' dir='ltr'><strong>suam,</strong></span> <span class='ocrx_word' id='word_1_376' title='bbox 3602 2599 3948 2644; x_wconf 82' lang='lat' dir='ltr'><strong>mortuorum</strong></span> 
     </span>
    </p>
   </div>
   <div class='ocr_carea' id='block_1_56' title="bbox 2383 2680 3954 2762">
    <p class='ocr_par' dir='ltr' id='par_1_56' title="bbox 2383 2680 3954 2762">
     <span class='ocr_line' id='line_1_56' title="bbox 2383 2680 3954 2762; baseline -0.011 -14"><span class='ocrx_word' id='word_1_377' title='bbox 2383 2696 2575 2762; x_wconf 83' lang='lat' dir='ltr'><strong>instar,</strong></span> <span class='ocrx_word' id='word_1_378' title='bbox 2606 2700 2902 2762; x_wconf 86' lang='lat' dir='ltr'><strong>conspecto</strong></span> <span class='ocrx_word' id='word_1_379' title='bbox 2941 2689 3129 2758; x_wconf 80' lang='lat' dir='ltr'><strong>angelo</strong></span> <span class='ocrx_word' id='word_1_380' title='bbox 3163 2695 3215 2740; x_wconf 86' lang='lat' dir='ltr'><strong>et</strong></span> <span class='ocrx_word' id='word_1_381' title='bbox 3250 2684 3381 2753; x_wconf 91' lang='lat' dir='ltr'><strong>quid</strong></span> <span class='ocrx_word' id='word_1_382' title='bbox 3439 2684 3662 2743; x_wconf 77' lang='lat' dir='ltr'><strong>faceret,</strong></span> <span class='ocrx_word' id='word_1_383' title='bbox 3704 2680 3954 2749; x_wconf 89' lang='lat' dir='ltr'><strong>procide-</strong></span> 
     </span>
    </p>
   </div>
   <div class='ocr_carea' id='block_1_57' title="bbox 2382 2770 3958 2851">
    <p class='ocr_par' dir='ltr' id='par_1_57' title="bbox 2382 2770 3958 2851">
     <span class='ocr_line' id='line_1_57' title="bbox 2382 2770 3958 2851; baseline -0.012 -12"><span class='ocrx_word' id='word_1_384' title='bbox 2382 2794 2531 2839; x_wconf 91' lang='lat' dir='ltr'><strong>runt.</strong></span> <span class='ocrx_word' id='word_1_385' title='bbox 2569 2787 2646 2839; x_wconf 87' lang='lat' dir='ltr'><strong>Ac</strong></span> <span class='ocrx_word' id='word_1_386' title='bbox 2679 2799 2837 2837; x_wconf 87' lang='lat' dir='ltr'><strong>mane</strong></span> <span class='ocrx_word' id='word_1_387' title='bbox 2864 2783 3091 2851; x_wconf 78' lang='lat' dir='ltr'><strong>profecti</strong></span> <span class='ocrx_word' id='word_1_388' title='bbox 3134 2779 3359 2845; x_wconf 71' lang='lat' dir='ltr'><strong>Judrejs,</strong></span> <span class='ocrx_word' id='word_1_389' title='bbox 3386 2774 3518 2846; x_wconf 88' lang='lat' dir='ltr'><strong>quid</strong></span> <span class='ocrx_word' id='word_1_390' title='bbox 3557 2774 3689 2844; x_wconf 90' lang='lat' dir='ltr'><strong>ipsis</strong></span> <span class='ocrx_word' id='word_1_391' title='bbox 3719 2770 3958 2823; x_wconf 87' lang='lat' dir='ltr'><strong>accidis-</strong></span> 
     </span>
    </p>
   </div>
   <div class='ocr_carea' id='block_1_58' title="bbox 2383 2864 3955 2942">
    <p class='ocr_par' dir='ltr' id='par_1_58' title="bbox 2383 2864 3955 2942">
     <span class='ocr_line' id='line_1_58' title="bbox 2383 2864 3955 2942; baseline -0.009 -12"><span class='ocrx_word' id='word_1_392' title='bbox 2383 2876 2936 2942; x_wconf 79' lang='lat' dir='ltr'><strong>sct,annuntiarunt;</strong></span> <span class='ocrx_word' id='word_1_393' title='bbox 2965 2874 3056 2940; x_wconf 91' lang='lat' dir='ltr'><strong>qui</strong></span> <span class='ocrx_word' id='word_1_394' title='bbox 3090 2873 3196 2925; x_wconf 91' lang='lat' dir='ltr'><strong>illis</strong></span> <span class='ocrx_word' id='word_1_395' title='bbox 3225 2871 3347 2924; x_wconf 87' lang='lat' dir='ltr'><strong>data</strong></span> <span class='ocrx_word' id='word_1_396' title='bbox 3382 2867 3607 2937; x_wconf 89' lang='lat' dir='ltr'><strong>pecunia</strong></span> <span class='ocrx_word' id='word_1_397' title='bbox 3640 2864 3900 2918; x_wconf 81' lang='lat' dir='ltr'><strong>dixerunt</strong></span> <span class='ocrx_word' id='word_1_398' title='bbox 3934 2875 3955 2916; x_wconf 88' lang='lat'><strong>:</strong></span> 
     </span>
    </p>
   </div>
   <div class='ocr_carea' id='block_1_59' title="bbox 2388 2951 3961 3035">
    <p class='ocr_par' dir='ltr' id='par_1_59' title="bbox 2388 2951 3961 3035">
     <span class='ocr_line' id='line_1_59' title="bbox 2388 2951 3961 3035; baseline -0.013 -15"><span class='ocrx_word' id='word_1_399' title='bbox 2388 2966 2444 3020; x_wconf 92' lang='lat' dir='ltr'><strong>Si</strong></span> <span class='ocrx_word' id='word_1_400' title='bbox 2481 2968 2606 3035; x_wconf 81' lang='lat' dir='ltr'><strong>quis</strong></span> <span class='ocrx_word' id='word_1_401' title='bbox 2660 2967 2725 3019; x_wconf 89' lang='lat' dir='ltr'><strong>de</strong></span> <span class='ocrx_word' id='word_1_402' title='bbox 2776 2966 2878 3017; x_wconf 90' lang='lat' dir='ltr'><strong>hoc</strong></span> <span class='ocrx_word' id='word_1_403' title='bbox 2913 2979 3009 3017; x_wconf 86' lang='lat' dir='ltr'><strong>vos</strong></span> <span class='ocrx_word' id='word_1_404' title='bbox 3047 2960 3484 3025; x_wconf 81' lang='lat' dir='ltr'><strong>intcrrogavcrit,</strong></span> <span class='ocrx_word' id='word_1_405' title='bbox 3524 2955 3687 3009; x_wconf 78' lang='lat' dir='ltr'><strong>dicite</strong></span> <span class='ocrx_word' id='word_1_406' title='bbox 3716 2953 3843 3020; x_wconf 85' lang='lat' dir='ltr'><strong>ipsi,</strong></span> <span class='ocrx_word' id='word_1_407' title='bbox 3876 2951 3961 3002; x_wconf 84' lang='lat' dir='ltr'><strong>di-</strong></span> 
     </span>
    </p>
   </div>
   <div class='ocr_carea' id='block_1_60' title="bbox 2388 3041 3962 3123">
    <p class='ocr_par' dir='ltr' id='par_1_60' title="bbox 2388 3041 3962 3123">
     <span class='ocr_line' id='line_1_60' title="bbox 2388 3041 3962 3123; baseline -0.011 -13"><span class='ocrx_word' id='word_1_408' title='bbox 2388 3057 2627 3123; x_wconf 85' lang='lat' dir='ltr'><strong>scipulos</strong></span> <span class='ocrx_word' id='word_1_409' title='bbox 2684 3057 2853 3121; x_wconf 88' lang='lat' dir='ltr'><strong>ipsius</strong></span> <span class='ocrx_word' id='word_1_410' title='bbox 2906 3055 3079 3122; x_wconf 84' lang='lat' dir='ltr'><strong>ipsum</strong></span> <span class='ocrx_word' id='word_1_411' title='bbox 3128 3052 3274 3104; x_wconf 83' lang='lat' dir='ltr'><strong>furto</strong></span> <span class='ocrx_word' id='word_1_412' title='bbox 3323 3048 3637 3103; x_wconf 84' lang='lat' dir='ltr'><strong>abstulisse.</strong></span> <span class='ocrx_word' id='word_1_413' title='bbox 3695 3041 3962 3110; x_wconf 84' lang='lat' dir='ltr'><strong>Discipuli</strong></span> 
     </span>
    </p>
   </div>
   <div class='ocr_carea' id='block_1_61' title="bbox 715 3127 2367 3209">
    <p class='ocr_par' dir='ltr' id='par_1_61' title="bbox 715 3127 2347 3201">
     <span class='ocr_line' id='line_1_61' title="bbox 715 3127 2347 3201; baseline -0.007 -3"><span class='ocrx_word' id='word_1_414' title='bbox 715 3157 900 3201; x_wconf 85' lang='lat' dir='ltr'><strong>noster</strong></span> <span class='ocrx_word' id='word_1_415' title='bbox 928 3144 1178 3200; x_wconf 84' lang='lat' dir='ltr'><strong>Christus</strong></span> <span class='ocrx_word' id='word_1_416' title='bbox 1219 3145 1304 3197; x_wconf 90' lang='lat' dir='ltr'><strong>die</strong></span> <span class='ocrx_word' id='word_1_417' title='bbox 1340 3142 1565 3196; x_wconf 80' lang='lat' dir='ltr'><strong>Veneris</strong></span> <span class='ocrx_word' id='word_1_418' title='bbox 1598 3142 1799 3194; x_wconf 88' lang='lat' dir='ltr'><strong>mensis</strong></span> <span class='ocrx_word' id='word_1_419' title='bbox 1845 3142 1884 3191; x_wconf 77' lang='grc' dir='ltr'><strong>Α</strong></span> <span class='ocrx_word' id='word_1_420' title='bbox 1909 3145 1986 3190; x_wconf 84' lang='lat' dir='ltr'><strong>&#39;ar</strong></span> <span class='ocrx_word' id='word_1_421' title='bbox 2019 3139 2081 3189; x_wconf 77' lang='lat' dir='ltr'><strong>vi</strong></span> <span class='ocrx_word' id='word_1_422' title='bbox 2106 3138 2278 3189; x_wconf 90' lang='lat' dir='ltr'><strong>esimo</strong></span> <span class='ocrx_word' id='word_1_423' title='bbox 2307 3127 2347 3182; x_wconf 90' lang='lat' dir='ltr'><strong>C</strong></span> 
     </span>
    </p>
   </div>
   <div class='ocr_carea' id='block_1_62' title="bbox 2384 3127 3961 3209">
    <p class='ocr_par' dir='ltr' id='par_1_62' title="bbox 2389 3137 3961 3209">
     <span class='ocr_line' id='line_1_62' title="bbox 2389 3137 3961 3209; baseline -0.009 -10"><span class='ocrx_word' id='word_1_424' title='bbox 2389 3164 2518 3203; x_wconf 80' lang='lat' dir='ltr'><strong>vero</strong></span> <span class='ocrx_word' id='word_1_425' title='bbox 2563 3148 2615 3199; x_wconf 94' lang='lat' dir='ltr'><strong>in</strong></span> <span class='ocrx_word' id='word_1_426' title='bbox 2650 3146 2886 3199; x_wconf 72' lang='lat' dir='ltr'><strong>Galilrece</strong></span> <span class='ocrx_word' id='word_1_427' title='bbox 2933 3153 3189 3197; x_wconf 87' lang='lat' dir='ltr'><strong>montana</strong></span> <span class='ocrx_word' id='word_1_428' title='bbox 3241 3140 3489 3209; x_wconf 82' lang='lat' dir='ltr'><strong>profecti,</strong></span> <span class='ocrx_word' id='word_1_429' title='bbox 3540 3139 3614 3192; x_wconf 88' lang='lat' dir='ltr'><strong>ibi</strong></span> <span class='ocrx_word' id='word_1_430' title='bbox 3666 3137 3961 3191; x_wconf 85' lang='lat' dir='ltr'><strong>Dominum</strong></span> 
     </span>
    </p>
   </div>
   <div class='ocr_carea' id='block_1_63' title="bbox 714 3226 2283 3299">
    <p class='ocr_par' dir='ltr' id='par_1_63' title="bbox 714 3226 2283 3299">
     <span class='ocr_line' id='line_1_63' title="bbox 714 3226 2283 3299; baseline -0.006 -11"><span class='ocrx_word' id='word_1_431' title='bbox 714 3236 898 3299; x_wconf 88' lang='lat' dir='ltr'><strong>tertio,</strong></span> <span class='ocrx_word' id='word_1_432' title='bbox 926 3234 1238 3288; x_wconf 86' lang='lat' dir='ltr'><strong>Bormahati</strong></span> <span class='ocrx_word' id='word_1_433' title='bbox 1259 3233 1517 3286; x_wconf 79' lang='lat' dir='ltr'><strong>vicesimo</strong></span> <span class='ocrx_word' id='word_1_434' title='bbox 1536 3232 1789 3298; x_wconf 79' lang='lat' dir='ltr'><strong>septimo,</strong></span> <span class='ocrx_word' id='word_1_435' title='bbox 1814 3227 2175 3298; x_wconf 79' lang='lat'><strong>317-319</strong></span> <span class='ocrx_word' id='word_1_436' title='bbox 2202 3226 2283 3279; x_wconf 89' lang='lat' dir='ltr'><strong>id-</strong></span> 
     </span>
    </p>
   </div>
   <div class='ocr_carea' id='block_1_64' title="bbox 715 3318 2281 3396">
    <p class='ocr_par' dir='ltr' id='par_1_64' title="bbox 715 3318 2281 3396">
     <span class='ocr_line' id='line_1_64' title="bbox 715 3318 2281 3396; baseline -0.01 -15"><span class='ocrx_word' id='word_1_437' title='bbox 715 3342 822 3396; x_wconf 86' lang='lat' dir='ltr'><strong>que</strong></span> <span class='ocrx_word' id='word_1_438' title='bbox 843 3328 945 3380; x_wconf 89' lang='lat' dir='ltr'><strong>hoc</strong></span> <span class='ocrx_word' id='word_1_439' title='bbox 970 3336 1129 3395; x_wconf 89' lang='lat' dir='ltr'><strong>pacto</strong></span> <span class='ocrx_word' id='word_1_440' title='bbox 1163 3342 1177 3378; x_wconf 89' lang='lat'>:</span> <span class='ocrx_word' id='word_1_441' title='bbox 1217 3323 1447 3376; x_wconf 87' lang='lat' dir='ltr'><strong>Domino</strong></span> <span class='ocrx_word' id='word_1_442' title='bbox 1474 3330 1661 3374; x_wconf 71' lang='lat' dir='ltr'><strong>nostro</strong></span> <span class='ocrx_word' id='word_1_443' title='bbox 1685 3321 1903 3374; x_wconf 82' lang='lat' dir='ltr'><strong>Christo</strong></span> <span class='ocrx_word' id='word_1_444' title='bbox 1931 3318 2136 3371; x_wconf 88' lang='lat' dir='ltr'><strong>Pascha</strong></span> <span class='ocrx_word' id='word_1_445' title='bbox 2158 3331 2281 3370; x_wconf 91' lang='lat' dir='ltr'><strong>cum</strong></span> 
     </span>
    </p>
   </div>
   <div class='ocr_carea' id='block_1_65' title="bbox 716 3406 2283 3488">
    <p class='ocr_par' dir='ltr' id='par_1_65' title="bbox 716 3406 2283 3488">
     <span class='ocr_line' id='line_1_65' title="bbox 716 3406 2283 3488; baseline -0.01 -15"><span class='ocrx_word' id='word_1_446' title='bbox 716 3418 1000 3488; x_wconf 79' lang='lat' dir='ltr'><strong>discipulis</strong></span> <span class='ocrx_word' id='word_1_447' title='bbox 1037 3416 1150 3470; x_wconf 90' lang='lat' dir='ltr'><strong>suis</strong></span> <span class='ocrx_word' id='word_1_448' title='bbox 1173 3413 1511 3475; x_wconf 84' lang='lat' dir='ltr'><strong>celebrante,</strong></span> <span class='ocrx_word' id='word_1_449' title='bbox 1542 3412 1609 3464; x_wconf 91' lang='lat' dir='ltr'><strong>ad</strong></span> <span class='ocrx_word' id='word_1_450' title='bbox 1648 3422 1861 3464; x_wconf 89' lang='lat' dir='ltr'><strong>noctem</strong></span> <span class='ocrx_word' id='word_1_451' title='bbox 1900 3408 2006 3462; x_wconf 88' lang='lat' dir='ltr'><strong>diei</strong></span> <span class='ocrx_word' id='word_1_452' title='bbox 2033 3406 2283 3468; x_wconf 77' lang='lat' dir='ltr'><strong>Veneris,</strong></span> 
     </span>
    </p>
   </div>
   <div class='ocr_carea' id='block_1_66' title="bbox 718 3499 2287 3579">
    <p class='ocr_par' dir='ltr' id='par_1_66' title="bbox 718 3499 2287 3579">
     <span class='ocr_line' id='line_1_66' title="bbox 718 3499 2287 3579; baseline -0.005 -18"><span class='ocrx_word' id='word_1_453' title='bbox 718 3512 808 3579; x_wconf 81' lang='lat' dir='ltr'><strong>qui</strong></span> <span class='ocrx_word' id='word_1_454' title='bbox 855 3510 974 3564; x_wconf 83' lang='lat' dir='ltr'><strong>dies</strong></span> <span class='ocrx_word' id='word_1_455' title='bbox 1008 3508 1294 3561; x_wconf 84' lang='lat' dir='ltr'><strong>Paschalis</strong></span> <span class='ocrx_word' id='word_1_456' title='bbox 1344 3506 1465 3567; x_wconf 83' lang='lat' dir='ltr'><strong>fuit,</strong></span> <span class='ocrx_word' id='word_1_457' title='bbox 1516 3503 1706 3558; x_wconf 85' lang='lat' dir='ltr'><strong>abiens</strong></span> <span class='ocrx_word' id='word_1_458' title='bbox 1738 3519 1767 3555; x_wconf 93' lang='lat' dir='ltr'><strong>c</strong></span> <span class='ocrx_word' id='word_1_459' title='bbox 1800 3501 2085 3568; x_wconf 84' lang='lat' dir='ltr'><strong>discipulis</strong></span> <span class='ocrx_word' id='word_1_460' title='bbox 2117 3499 2287 3567; x_wconf 83' lang='lat' dir='ltr'><strong>ipsius</strong></span> 
     </span>
    </p>
   </div>
   <div class='ocr_carea' id='block_1_67' title="bbox 718 3590 2285 3672">
    <p class='ocr_par' dir='ltr' id='par_1_67' title="bbox 718 3590 2285 3672">
     <span class='ocr_line' id='line_1_67' title="bbox 718 3590 2285 3672; baseline -0.005 -19"><span class='ocrx_word' id='word_1_461' title='bbox 718 3601 934 3672; x_wconf 84' lang='lat' dir='ltr'><strong>quidam</strong></span> <span class='ocrx_word' id='word_1_462' title='bbox 967 3600 1184 3653; x_wconf 87' lang='lat' dir='ltr'><strong>nomine</strong></span> <span class='ocrx_word' id='word_1_463' title='bbox 1208 3596 1377 3653; x_wconf 75' lang='lat' dir='ltr'><strong>Judas</strong></span> <span class='ocrx_word' id='word_1_464' title='bbox 1400 3595 1684 3650; x_wconf 88' lang='lat' dir='ltr'><strong>lscariotes</strong></span> <span class='ocrx_word' id='word_1_465' title='bbox 1705 3595 1843 3647; x_wconf 81' lang='lat' dir='ltr'><strong>dixit</strong></span> <span class='ocrx_word' id='word_1_466' title='bbox 1880 3593 2084 3647; x_wconf 72' lang='lat' dir='ltr'><strong>Judzeis</strong></span> <span class='ocrx_word' id='word_1_467' title='bbox 2109 3610 2121 3644; x_wconf 91' lang='lat'>:</span> <span class='ocrx_word' id='word_1_468' title='bbox 2145 3590 2285 3655; x_wconf 84' lang='lat' dir='ltr'><strong>Quid</strong></span> 
     </span>
    </p>
   </div>
   <div class='ocr_carea' id='block_1_68' title="bbox 723 3685 2284 3754">
    <p class='ocr_par' dir='ltr' id='par_1_68' title="bbox 723 3685 2284 3754">
     <span class='ocr_line' id='line_1_68' title="bbox 723 3685 2284 3754; baseline -0.005 -9"><span class='ocrx_word' id='word_1_469' title='bbox 723 3694 853 3746; x_wconf 91' lang='lat' dir='ltr'><strong>mihi</strong></span> <span class='ocrx_word' id='word_1_470' title='bbox 885 3692 1108 3754; x_wconf 89' lang='lat' dir='ltr'><strong>dabitis,</strong></span> <span class='ocrx_word' id='word_1_471' title='bbox 1154 3700 1216 3745; x_wconf 91' lang='lat' dir='ltr'><strong>ut</strong></span> <span class='ocrx_word' id='word_1_472' title='bbox 1260 3690 1353 3743; x_wconf 86' lang='lat' dir='ltr'><strong>ubi</strong></span> <span class='ocrx_word' id='word_1_473' title='bbox 1387 3690 1459 3743; x_wconf 90' lang='lat' dir='ltr'><strong>sit</strong></span> <span class='ocrx_word' id='word_1_474' title='bbox 1490 3689 1579 3742; x_wconf 91' lang='lat' dir='ltr'><strong>ille</strong></span> <span class='ocrx_word' id='word_1_475' title='bbox 1623 3688 1776 3741; x_wconf 84' lang='lat' dir='ltr'><strong>vobis</strong></span> <span class='ocrx_word' id='word_1_476' title='bbox 1808 3686 2040 3740; x_wconf 89' lang='lat' dir='ltr'><strong>indicem</strong></span> <span class='ocrx_word' id='word_1_477' title='bbox 2073 3685 2095 3735; x_wconf 91' lang='lat'><strong>?</strong></span> <span class='ocrx_word' id='word_1_478' title='bbox 2129 3699 2284 3738; x_wconf 87' lang='lat' dir='ltr'><strong>cum-</strong></span> 
     </span>
    </p>
   </div>
   <div class='ocr_carea' id='block_1_69' title="bbox 722 3777 2288 3854">
    <p class='ocr_par' dir='ltr' id='par_1_69' title="bbox 722 3777 2288 3854">
     <span class='ocr_line' id='line_1_69' title="bbox 722 3777 2288 3854; baseline -0.007 -16"><span class='ocrx_word' id='word_1_479' title='bbox 722 3802 827 3854; x_wconf 86' lang='lat' dir='ltr'><strong>que</strong></span> <span class='ocrx_word' id='word_1_480' title='bbox 855 3787 931 3838; x_wconf 90' lang='lat' dir='ltr'><strong>illi</strong></span> <span class='ocrx_word' id='word_1_481' title='bbox 965 3784 1190 3852; x_wconf 83' lang='lat' dir='ltr'><strong>triginta</strong></span> <span class='ocrx_word' id='word_1_482' title='bbox 1227 3790 1514 3851; x_wconf 71' lang='lat' dir='ltr'><strong>argenteos</strong></span> <span class='ocrx_word' id='word_1_483' title='bbox 1543 3781 1642 3848; x_wconf 86' lang='lat' dir='ltr'><strong>ipsi</strong></span> <span class='ocrx_word' id='word_1_484' title='bbox 1674 3779 1972 3841; x_wconf 88' lang='lat' dir='ltr'><strong>dedissent,</strong></span> <span class='ocrx_word' id='word_1_485' title='bbox 2002 3777 2093 3829; x_wconf 92' lang='lat' dir='ltr'><strong>ille</strong></span> <span class='ocrx_word' id='word_1_486' title='bbox 2124 3783 2288 3835; x_wconf 86' lang='lat' dir='ltr'><strong>noctu</strong></span> 
     </span>
    </p>
   </div>
   <div class='ocr_carea' id='block_1_70' title="bbox 724 3866 2283 3938">
    <p class='ocr_par' dir='ltr' id='par_1_70' title="bbox 724 3866 2283 3938">
     <span class='ocr_line' id='line_1_70' title="bbox 724 3866 2283 3938; baseline -0.008 -8"><span class='ocrx_word' id='word_1_487' title='bbox 724 3879 848 3931; x_wconf 90' lang='lat' dir='ltr'><strong>illos</strong></span> <span class='ocrx_word' id='word_1_488' title='bbox 880 3878 934 3929; x_wconf 90' lang='lat' dir='ltr'><strong>in</strong></span> <span class='ocrx_word' id='word_1_489' title='bbox 979 3877 1159 3929; x_wconf 91' lang='lat' dir='ltr'><strong>locum</strong></span> <span class='ocrx_word' id='word_1_490' title='bbox 1196 3874 1287 3928; x_wconf 87' lang='lat' dir='ltr'><strong>ubi</strong></span> <span class='ocrx_word' id='word_1_491' title='bbox 1328 3872 1487 3927; x_wconf 81' lang='lat' dir='ltr'><strong>.lesus</strong></span> <span class='ocrx_word' id='word_1_492' title='bbox 1517 3887 1640 3926; x_wconf 90' lang='lat' dir='ltr'><strong>cum</strong></span> <span class='ocrx_word' id='word_1_493' title='bbox 1677 3871 1964 3938; x_wconf 85' lang='lat' dir='ltr'><strong>discipulis</strong></span> <span class='ocrx_word' id='word_1_494' title='bbox 2012 3868 2128 3922; x_wconf 89' lang='lat' dir='ltr'><strong>suis</strong></span> <span class='ocrx_word' id='word_1_495' title='bbox 2163 3866 2283 3929; x_wconf 82' lang='lat' dir='ltr'><strong>fuit,</strong></span> 
     </span>
    </p>
   </div>
   <div class='ocr_carea' id='block_1_71' title="bbox 724 3956 2290 4032">
    <p class='ocr_par' dir='ltr' id='par_1_71' title="bbox 724 3956 2290 4032">
     <span class='ocr_line' id='line_1_71' title="bbox 724 3956 2290 4032; baseline -0.01 -10"><span class='ocrx_word' id='word_1_496' title='bbox 724 3966 970 4022; x_wconf 85' lang='lat' dir='ltr'><strong>adduxit.</strong></span> <span class='ocrx_word' id='word_1_497' title='bbox 1003 3963 1081 4017; x_wconf 93' lang='lat' dir='ltr'><strong>Illi</strong></span> <span class='ocrx_word' id='word_1_498' title='bbox 1114 3979 1245 4032; x_wconf 87' lang='lat' dir='ltr'><strong>ergo</strong></span> <span class='ocrx_word' id='word_1_499' title='bbox 1296 3965 1475 4029; x_wconf 91' lang='lat' dir='ltr'><strong>ipsum</strong></span> <span class='ocrx_word' id='word_1_500' title='bbox 1529 3959 1858 4029; x_wconf 87' lang='lat' dir='ltr'><strong>prehensum</strong></span> <span class='ocrx_word' id='word_1_501' title='bbox 1915 3957 1979 4010; x_wconf 86' lang='lat' dir='ltr'><strong>ad</strong></span> <span class='ocrx_word' id='word_1_502' title='bbox 2015 3956 2290 4024; x_wconf 82' lang='lat' dir='ltr'><strong>principes</strong></span> 
     </span>
    </p>
   </div>
   <div class='ocr_carea' id='block_1_72' title="bbox 726 4048 2288 4121">
    <p class='ocr_par' dir='ltr' id='par_1_72' title="bbox 726 4048 2288 4121">
     <span class='ocr_line' id='line_1_72' title="bbox 726 4048 2288 4121; baseline -0.01 -9"><span class='ocrx_word' id='word_1_503' title='bbox 726 4074 854 4112; x_wconf 88' lang='lat' dir='ltr'><strong>suos</strong></span> <span class='ocrx_word' id='word_1_504' title='bbox 896 4059 1106 4110; x_wconf 83' lang='lat' dir='ltr'><strong>Annam</strong></span> <span class='ocrx_word' id='word_1_505' title='bbox 1150 4064 1204 4109; x_wconf 90' lang='lat' dir='ltr'><strong>et</strong></span> <span class='ocrx_word' id='word_1_506' title='bbox 1249 4053 1510 4121; x_wconf 81' lang='lat' dir='ltr'><strong>Caipham</strong></span> <span class='ocrx_word' id='word_1_507' title='bbox 1570 4050 1883 4105; x_wconf 85' lang='lat' dir='ltr'><strong>sacerdotes</strong></span> <span class='ocrx_word' id='word_1_508' title='bbox 1923 4048 2288 4109; x_wconf 88' lang='lat' dir='ltr'><strong>abduxerunt,</strong></span> 
     </span>
    </p>
   </div>
   <div class='ocr_carea' id='block_1_73' title="bbox 726 4138 2293 4220">
    <p class='ocr_par' dir='ltr' id='par_1_73' title="bbox 726 4138 2293 4220">
     <span class='ocr_line' id='line_1_73' title="bbox 726 4138 2293 4220; baseline -0.007 -19"><span class='ocrx_word' id='word_1_509' title='bbox 726 4152 819 4220; x_wconf 87' lang='lat' dir='ltr'><strong>qui</strong></span> <span class='ocrx_word' id='word_1_510' title='bbox 868 4154 1045 4218; x_wconf 88' lang='lat' dir='ltr'><strong>ipsum</strong></span> <span class='ocrx_word' id='word_1_511' title='bbox 1084 4145 1413 4200; x_wconf 84' lang='lat' dir='ltr'><strong>custoditum</strong></span> <span class='ocrx_word' id='word_1_512' title='bbox 1465 4144 1553 4196; x_wconf 91' lang='lat' dir='ltr'><strong>die</strong></span> <span class='ocrx_word' id='word_1_513' title='bbox 1603 4142 1847 4195; x_wconf 89' lang='lat' dir='ltr'><strong>crastino</strong></span> <span class='ocrx_word' id='word_1_514' title='bbox 1883 4139 2057 4192; x_wconf 88' lang='lat' dir='ltr'><strong>Pilato</strong></span> <span class='ocrx_word' id='word_1_515' title='bbox 2101 4138 2293 4191; x_wconf 86' lang='lat' dir='ltr'><strong>Pontio</strong></span> 
     </span>
    </p>
   </div>
   <div class='ocr_carea' id='block_1_74' title="bbox 729 4235 2291 4315">
    <p class='ocr_par' dir='ltr' id='par_1_74' title="bbox 729 4235 2291 4315">
     <span class='ocr_line' id='line_1_74' title="bbox 729 4235 2291 4315; baseline -0.009 -16"><span class='ocrx_word' id='word_1_516' title='bbox 729 4244 985 4315; x_wconf 64' lang='lat' dir='ltr'><strong>praelecto</strong></span> <span class='ocrx_word' id='word_1_517' title='bbox 1019 4241 1380 4296; x_wconf 87' lang='lat' dir='ltr'><strong>tradiderunt.</strong></span> <span class='ocrx_word' id='word_1_518' title='bbox 1428 4239 1530 4303; x_wconf 88' lang='lat' dir='ltr'><strong>Qui</strong></span> <span class='ocrx_word' id='word_1_519' title='bbox 1570 4254 1690 4291; x_wconf 92' lang='lat' dir='ltr'><strong>cum</strong></span> <span class='ocrx_word' id='word_1_520' title='bbox 1724 4238 1859 4291; x_wconf 88' lang='lat' dir='ltr'><strong>nihil</strong></span> <span class='ocrx_word' id='word_1_521' title='bbox 1891 4245 2082 4291; x_wconf 87' lang='lat' dir='ltr'><strong>contra</strong></span> <span class='ocrx_word' id='word_1_522' title='bbox 2116 4235 2291 4300; x_wconf 90' lang='lat' dir='ltr'><strong>ipsum</strong></span> 
     </span>
    </p>
   </div>
   <div class='ocr_carea' id='block_1_75' title="bbox 733 4325 2294 4406">
    <p class='ocr_par' dir='ltr' id='par_1_75' title="bbox 733 4325 2294 4406">
     <span class='ocr_line' id='line_1_75' title="bbox 733 4325 2294 4406; baseline -0.008 -16"><span class='ocrx_word' id='word_1_523' title='bbox 733 4337 1024 4406; x_wconf 89' lang='lat' dir='ltr'><strong>probatum</strong></span> <span class='ocrx_word' id='word_1_524' title='bbox 1074 4333 1369 4392; x_wconf 85' lang='lat' dir='ltr'><strong>inveniret.</strong></span> <span class='ocrx_word' id='word_1_525' title='bbox 1408 4331 1542 4385; x_wconf 87' lang='lat' dir='ltr'><strong>dixit</strong></span> <span class='ocrx_word' id='word_1_526' title='bbox 1579 4330 1682 4383; x_wconf 90' lang='lat' dir='ltr'><strong>illis</strong></span> <span class='ocrx_word' id='word_1_527' title='bbox 1716 4346 1728 4382; x_wconf 96' lang='lat'>:</span> <span class='ocrx_word' id='word_1_528' title='bbox 1763 4329 1902 4395; x_wconf 87' lang='lat' dir='ltr'><strong>Quid</strong></span> <span class='ocrx_word' id='word_1_529' title='bbox 1934 4329 2001 4381; x_wconf 90' lang='lat' dir='ltr'><strong>de</strong></span> <span class='ocrx_word' id='word_1_530' title='bbox 2040 4328 2141 4380; x_wconf 92' lang='lat' dir='ltr'><strong>hoc</strong></span> <span class='ocrx_word' id='word_1_531' title='bbox 2177 4325 2294 4377; x_wconf 90' lang='lat' dir='ltr'><strong>viro</strong></span> 
     </span>
    </p>
   </div>
   <div class='ocr_carea' id='block_1_76' title="bbox 730 4418 2367 4527">
    <p class='ocr_par' dir='ltr' id='par_1_76' title="bbox 730 4418 2367 4527">
     <span class='ocr_line' id='line_1_76' title="bbox 730 4418 2367 4527; baseline -0.007 -48"><span class='ocrx_word' id='word_1_532' title='bbox 730 4428 1064 4493; x_wconf 87' lang='lat' dir='ltr'><strong>dicitis,hoc,</strong></span> <span class='ocrx_word' id='word_1_533' title='bbox 1084 4426 1329 4494; x_wconf 85' lang='lat' dir='ltr'><strong>inquam,</strong></span> <span class='ocrx_word' id='word_1_534' title='bbox 1349 4420 1829 4492; x_wconf 66' lang='lat' dir='ltr'><strong>regeludaeorum?</strong></span> <span class='ocrx_word' id='word_1_535' title='bbox 1855 4418 2287 4485; x_wconf 83' lang='lat' dir='ltr'><strong>ReSpouderunt:</strong></span> <span class='ocrx_word' id='word_1_536' title='bbox 2324 4472 2367 4527; x_wconf 65' lang='grc' dir='ltr'><strong>Β</strong></span> 
     </span>
     <span class='ocr_line' id='line_1_77' title="bbox 732 4504 2285 4527; baseline 0 0"><span class='ocrx_word' id='word_1_537' title='bbox 732 4520 773 4527; x_wconf 79' lang='lat'><strong>_.</strong></span> <span class='ocrx_word' id='word_1_538' title='bbox 1046 4516 1096 4527; x_wconf 81' lang='grc' dir='ltr'><strong>ι.</strong></span> <span class='ocrx_word' id='word_1_539' title='bbox 1392 4522 1402 4527; x_wconf 84' lang='grc'><strong>-</strong></span> <span class='ocrx_word' id='word_1_540' title='bbox 1499 4510 1535 4527; x_wconf 73' lang='lat' dir='ltr'><strong>n</strong></span> <span class='ocrx_word' id='word_1_541' title='bbox 1566 4525 1633 4527; x_wconf 57' lang='lat'><strong>,,-</strong></span> <span class='ocrx_word' id='word_1_542' title='bbox 1688 4525 1755 4527; x_wconf 37' lang='lat' dir='ltr'><strong>_AA</strong></span> <span class='ocrx_word' id='word_1_543' title='bbox 1812 4508 1948 4527; x_wconf 45' lang='lat' dir='ltr'><strong>neut.</strong></span> <span class='ocrx_word' id='word_1_544' title='bbox 1974 4506 2075 4527; x_wconf 59' lang='grc'><strong>2112,</strong></span> <span class='ocrx_word' id='word_1_545' title='bbox 2108 4504 2285 4527; x_wconf 72' lang='grc' dir='ltr'><strong>-Λ--Ξ.Ι</strong></span> 
     </span>
    </p>
   </div>
   <div class='ocr_carea' id='block_1_77' title="bbox 732 4504 2289 4581">
    <p class='ocr_par' dir='ltr' id='par_1_77' title="bbox 732 4504 2289 4581">
     <span class='ocr_line' id='line_1_78' title="bbox 732 4504 2289 4581; baseline -0.009 -9"><span class='ocrx_word' id='word_1_546' title='bbox 732 4520 848 4572; x_wconf 84' lang='grc' dir='ltr'>Νοη</span> <span class='ocrx_word' id='word_1_547' title='bbox 873 4528 956 4571; x_wconf 84' lang='lat' dir='ltr'><strong>est</strong></span> <span class='ocrx_word' id='word_1_548' title='bbox 971 4516 1130 4569; x_wconf 86' lang='lat' dir='ltr'><strong>nobis</strong></span> <span class='ocrx_word' id='word_1_549' title='bbox 1152 4530 1245 4569; x_wconf 88' lang='lat' dir='ltr'><strong>rex</strong></span> <span class='ocrx_word' id='word_1_550' title='bbox 1277 4522 1472 4581; x_wconf 67' lang='lat' dir='ltr'><strong>praeter</strong></span> <span class='ocrx_word' id='word_1_551' title='bbox 1497 4510 1785 4564; x_wconf 70' lang='lat' dir='ltr'><strong>Cmsarem.</strong></span> <span class='ocrx_word' id='word_1_552' title='bbox 1812 4508 1952 4562; x_wconf 83' lang='lat' dir='ltr'><strong>Dixit</strong></span> <span class='ocrx_word' id='word_1_553' title='bbox 1974 4506 2081 4561; x_wconf 89' lang='lat' dir='ltr'><strong>illis</strong></span> <span class='ocrx_word' id='word_1_554' title='bbox 2108 4522 2122 4559; x_wconf 90' lang='lat'><strong>:</strong></span> <span class='ocrx_word' id='word_1_555' title='bbox 2146 4504 2289 4569; x_wconf 89' lang='lat' dir='ltr'><strong>Quid</strong></span> 
     </span>
    </p>
   </div>
   <div class='ocr_carea' id='block_1_78' title="bbox 731 4599 2295 4681">
    <p class='ocr_par' dir='ltr' id='par_1_78' title="bbox 731 4599 2295 4681">
     <span class='ocr_line' id='line_1_79' title="bbox 731 4599 2295 4681; baseline -0.01 -15"><span class='ocrx_word' id='word_1_556' title='bbox 731 4627 860 4681; x_wconf 88' lang='lat' dir='ltr'><strong>ergo</strong></span> <span class='ocrx_word' id='word_1_557' title='bbox 874 4610 997 4665; x_wconf 83' lang='lat' dir='ltr'><strong>huic</strong></span> <span class='ocrx_word' id='word_1_558' title='bbox 1011 4608 1240 4664; x_wconf 79' lang='lat' dir='ltr'><strong>faciam?</strong></span> <span class='ocrx_word' id='word_1_559' title='bbox 1258 4606 1516 4661; x_wconf 86' lang='lat' dir='ltr'><strong>Dixerunt</strong></span> <span class='ocrx_word' id='word_1_560' title='bbox 1531 4604 1604 4657; x_wconf 92' lang='lat' dir='ltr'><strong>illi</strong></span> <span class='ocrx_word' id='word_1_561' title='bbox 1627 4620 1642 4657; x_wconf 91' lang='lat'><strong>:</strong></span> <span class='ocrx_word' id='word_1_562' title='bbox 1662 4600 1928 4669; x_wconf 80' lang='lat' dir='ltr'><strong>Cruciﬁge</strong></span> <span class='ocrx_word' id='word_1_563' title='bbox 1948 4615 2070 4655; x_wconf 89' lang='lat' dir='ltr'><strong>eum</strong></span> <span class='ocrx_word' id='word_1_564' title='bbox 2089 4615 2105 4665; x_wconf 91' lang='lat'><strong>;</strong></span> <span class='ocrx_word' id='word_1_565' title='bbox 2124 4599 2295 4667; x_wconf 54' lang='lat' dir='ltr'><strong>siquis</strong></span> 
     </span>
    </p>
   </div>
   <div class='ocr_carea' id='block_1_79' title="bbox 732 4694 2293 4771">
    <p class='ocr_par' dir='ltr' id='par_1_79' title="bbox 732 4694 2293 4771">
     <span class='ocr_line' id='line_1_80' title="bbox 732 4694 2293 4771; baseline -0.008 -17"><span class='ocrx_word' id='word_1_566' title='bbox 732 4705 855 4757; x_wconf 86' lang='lat' dir='ltr'><strong>dem</strong></span> <span class='ocrx_word' id='word_1_567' title='bbox 884 4702 1193 4771; x_wconf 84' lang='lat' dir='ltr'><strong>religionem</strong></span> <span class='ocrx_word' id='word_1_568' title='bbox 1214 4708 1477 4760; x_wconf 86' lang='lat' dir='ltr'><strong>nostram,</strong></span> <span class='ocrx_word' id='word_1_569' title='bbox 1504 4696 1751 4763; x_wconf 86' lang='lat' dir='ltr'><strong>corrupit</strong></span> <span class='ocrx_word' id='word_1_570' title='bbox 1777 4709 1838 4746; x_wconf 90' lang='lat' dir='ltr'><strong>ac</strong></span> <span class='ocrx_word' id='word_1_571' title='bbox 1862 4694 2031 4762; x_wconf 82' lang='lat' dir='ltr'><strong>legem</strong></span> <span class='ocrx_word' id='word_1_572' title='bbox 2052 4698 2293 4744; x_wconf 83' lang='lat' dir='ltr'><strong>nostram</strong></span> 
     </span>
    </p>
   </div>
   <div class='ocr_carea' id='block_1_80' title="bbox 734 4781 2298 4855">
    <p class='ocr_par' dir='ltr' id='par_1_80' title="bbox 734 4781 2298 4855">
     <span class='ocr_line' id='line_1_81' title="bbox 734 4781 2298 4855; baseline -0.007 -10"><span class='ocrx_word' id='word_1_573' title='bbox 734 4793 916 4855; x_wconf 85' lang='lat' dir='ltr'><strong>solvit,</strong></span> <span class='ocrx_word' id='word_1_574' title='bbox 945 4805 1005 4846; x_wconf 86' lang='lat' dir='ltr'><strong>se</strong></span> <span class='ocrx_word' id='word_1_575' title='bbox 1040 4788 1132 4843; x_wconf 90' lang='lat' dir='ltr'><strong>Dei</strong></span> <span class='ocrx_word' id='word_1_576' title='bbox 1166 4788 1363 4842; x_wconf 81' lang='lat' dir='ltr'><strong>Filium</strong></span> <span class='ocrx_word' id='word_1_577' title='bbox 1396 4800 1518 4840; x_wconf 87' lang='lat' dir='ltr'><strong>esse</strong></span> <span class='ocrx_word' id='word_1_578' title='bbox 1541 4792 1867 4853; x_wconf 66' lang='lat' dir='ltr'><strong>praetexens.</strong></span> <span class='ocrx_word' id='word_1_579' title='bbox 1892 4781 2140 4836; x_wconf 78' lang='lat' dir='ltr'><strong>Metuens</strong></span> <span class='ocrx_word' id='word_1_580' title='bbox 2169 4794 2298 4848; x_wconf 89' lang='lat' dir='ltr'><strong>ergo</strong></span> 
     </span>
    </p>
   </div>
   <div class='ocr_carea' id='block_1_81' title="bbox 734 4872 2296 4952">
    <p class='ocr_par' dir='ltr' id='par_1_81' title="bbox 734 4872 2296 4952">
     <span class='ocr_line' id='line_1_82' title="bbox 734 4872 2296 4952; baseline -0.008 -15"><span class='ocrx_word' id='word_1_581' title='bbox 734 4884 839 4937; x_wconf 91' lang='lat' dir='ltr'><strong>hoc</strong></span> <span class='ocrx_word' id='word_1_582' title='bbox 870 4880 1107 4952; x_wconf 77' lang='lat' dir='ltr'><strong>[audito]</strong></span> <span class='ocrx_word' id='word_1_583' title='bbox 1128 4879 1356 4943; x_wconf 85' lang='lat' dir='ltr'><strong>Pilatus,</strong></span> <span class='ocrx_word' id='word_1_584' title='bbox 1375 4876 1627 4931; x_wconf 86' lang='lat' dir='ltr'><strong>manibus</strong></span> <span class='ocrx_word' id='word_1_585' title='bbox 1651 4874 1767 4930; x_wconf 89' lang='lat' dir='ltr'><strong>suis</strong></span> <span class='ocrx_word' id='word_1_586' title='bbox 1788 4889 1925 4943; x_wconf 87' lang='lat' dir='ltr'><strong>aqua</strong></span> <span class='ocrx_word' id='word_1_587' title='bbox 1951 4872 2173 4933; x_wconf 85' lang='lat' dir='ltr'><strong>ablntis,</strong></span> <span class='ocrx_word' id='word_1_588' title='bbox 2192 4886 2250 4925; x_wconf 88' lang='lat' dir='ltr'><strong>se</strong></span> <span class='ocrx_word' id='word_1_589' title='bbox 2268 4886 2296 4924; x_wconf 88' lang='lat' dir='ltr'><strong>a</strong></span> 
     </span>
    </p>
   </div>
   <div class='ocr_carea' id='block_1_82' title="bbox 734 4966 2300 5044">
    <p class='ocr_par' dir='ltr' id='par_1_82' title="bbox 734 4966 2300 5044">
     <span class='ocr_line' id='line_1_83' title="bbox 734 4966 2300 5044; baseline -0.008 -16"><span class='ocrx_word' id='word_1_590' title='bbox 734 4977 1003 5044; x_wconf 82' lang='lat' dir='ltr'><strong>sanguine</strong></span> <span class='ocrx_word' id='word_1_591' title='bbox 1032 4973 1203 5038; x_wconf 84' lang='lat' dir='ltr'><strong>ipsius</strong></span> <span class='ocrx_word' id='word_1_592' title='bbox 1246 4970 1528 5025; x_wconf 92' lang='lat' dir='ltr'><strong>innoxium</strong></span> <span class='ocrx_word' id='word_1_593' title='bbox 1570 4966 1967 5037; x_wconf 88' lang='lat' dir='ltr'><strong>pronuntiavit,</strong></span> <span class='ocrx_word' id='word_1_594' title='bbox 1997 4966 2300 5019; x_wconf 86' lang='lat' dir='ltr'><strong>inclaman-</strong></span> 
     </span>
    </p>
   </div>
   <div class='ocr_carea' id='block_1_83' title="bbox 736 5057 2300 5130">
    <p class='ocr_par' dir='ltr' id='par_1_83' title="bbox 736 5057 2300 5130">
     <span class='ocr_line' id='line_1_84' title="bbox 736 5057 2300 5130; baseline -0.008 -10"><span class='ocrx_word' id='word_1_595' title='bbox 736 5065 883 5120; x_wconf 90' lang='lat' dir='ltr'><strong>tibus</strong></span> <span class='ocrx_word' id='word_1_596' title='bbox 911 5063 1115 5118; x_wconf 58' lang='lat' dir='ltr'><strong>ludatis</strong></span> <span class='ocrx_word' id='word_1_597' title='bbox 1143 5062 1461 5130; x_wconf 85' lang='lat' dir='ltr'><strong>sanguinem</strong></span> <span class='ocrx_word' id='word_1_598' title='bbox 1491 5059 1609 5126; x_wconf 91' lang='lat' dir='ltr'><strong>ejus</strong></span> <span class='ocrx_word' id='word_1_599' title='bbox 1649 5073 1816 5128; x_wconf 88' lang='lat' dir='ltr'><strong>super</strong></span> <span class='ocrx_word' id='word_1_600' title='bbox 1845 5057 1994 5127; x_wconf 89' lang='lat' dir='ltr'><strong>ipsos</strong></span> <span class='ocrx_word' id='word_1_601' title='bbox 2025 5057 2300 5125; x_wconf 82' lang='lat' dir='ltr'><strong>ipsorum-</strong></span> 
     </span>
    </p>
   </div>
   <div class='ocr_carea' id='block_1_84' title="bbox 736 5149 2297 5226">
    <p class='ocr_par' dir='ltr' id='par_1_84' title="bbox 736 5149 2297 5226">
     <span class='ocr_line' id='line_1_85' title="bbox 736 5149 2297 5226; baseline -0.006 -15"><span class='ocrx_word' id='word_1_602' title='bbox 736 5172 841 5226; x_wconf 87' lang='lat' dir='ltr'><strong>que</strong></span> <span class='ocrx_word' id='word_1_603' title='bbox 872 5155 1075 5209; x_wconf 88' lang='lat' dir='ltr'><strong>liberos</strong></span> <span class='ocrx_word' id='word_1_604' title='bbox 1115 5152 1380 5208; x_wconf 77' lang='lat' dir='ltr'><strong>futurum.</strong></span> <span class='ocrx_word' id='word_1_605' title='bbox 1427 5151 1565 5205; x_wconf 87' lang='lat' dir='ltr'><strong>Tum</strong></span> <span class='ocrx_word' id='word_1_606' title='bbox 1606 5150 1848 5219; x_wconf 87' lang='lat' dir='ltr'><strong>crueiﬁgi</strong></span> <span class='ocrx_word' id='word_1_607' title='bbox 1883 5151 2058 5221; x_wconf 82' lang='lat' dir='ltr'><strong>ipsum</strong></span> <span class='ocrx_word' id='word_1_608' title='bbox 2087 5149 2297 5216; x_wconf 82' lang='lat' dir='ltr'><strong>jussit;</strong></span> 
     </span>
    </p>
   </div>
   <div class='ocr_carea' id='block_1_85' title="bbox 738 5238 2301 5316">
    <p class='ocr_par' dir='ltr' id='par_1_85' title="bbox 738 5238 2301 5316">
     <span class='ocr_line' id='line_1_86' title="bbox 738 5238 2301 5316; baseline -0.006 -15"><span class='ocrx_word' id='word_1_609' title='bbox 738 5262 953 5316; x_wconf 89' lang='lat' dir='ltr'><strong>unaque</strong></span> <span class='ocrx_word' id='word_1_610' title='bbox 990 5244 1237 5300; x_wconf 90' lang='lat' dir='ltr'><strong>cruciﬁxi</strong></span> <span class='ocrx_word' id='word_1_611' title='bbox 1282 5255 1409 5299; x_wconf 90' lang='lat' dir='ltr'><strong>sunt</strong></span> <span class='ocrx_word' id='word_1_612' title='bbox 1445 5243 1554 5295; x_wconf 92' lang='lat' dir='ltr'><strong>duo</strong></span> <span class='ocrx_word' id='word_1_613' title='bbox 1585 5242 1849 5304; x_wconf 86' lang='lat' dir='ltr'><strong>latrones,</strong></span> <span class='ocrx_word' id='word_1_614' title='bbox 1882 5255 2025 5294; x_wconf 91' lang='lat' dir='ltr'><strong>unus</strong></span> <span class='ocrx_word' id='word_1_615' title='bbox 2058 5241 2124 5292; x_wconf 89' lang='lat' dir='ltr'><strong>ad</strong></span> <span class='ocrx_word' id='word_1_616' title='bbox 2168 5238 2301 5293; x_wconf 85' lang='lat' dir='ltr'><strong>dex-</strong></span> 
     </span>
    </p>
   </div>
   <div class='ocr_carea' id='block_1_86' title="bbox 739 5331 2303 5406">
    <p class='ocr_par' dir='ltr' id='par_1_86' title="bbox 739 5331 2303 5406">
     <span class='ocr_line' id='line_1_87' title="bbox 739 5331 2303 5406; baseline -0.004 -15"><span class='ocrx_word' id='word_1_617' title='bbox 739 5350 879 5392; x_wconf 89' lang='lat' dir='ltr'><strong>tram</strong></span> <span class='ocrx_word' id='word_1_618' title='bbox 927 5338 1122 5406; x_wconf 87' lang='lat' dir='ltr'><strong>ipsius.</strong></span> <span class='ocrx_word' id='word_1_619' title='bbox 1168 5336 1304 5390; x_wconf 81' lang='lat' dir='ltr'><strong>alter</strong></span> <span class='ocrx_word' id='word_1_620' title='bbox 1356 5334 1421 5389; x_wconf 87' lang='lat' dir='ltr'><strong>ad</strong></span> <span class='ocrx_word' id='word_1_621' title='bbox 1477 5333 1779 5394; x_wconf 88' lang='lat' dir='ltr'><strong>sinistram,</strong></span> <span class='ocrx_word' id='word_1_622' title='bbox 1821 5333 1951 5384; x_wconf 83' lang='lat' dir='ltr'><strong>liora</strong></span> <span class='ocrx_word' id='word_1_623' title='bbox 1997 5340 2146 5387; x_wconf 75' lang='lat' dir='ltr'><strong>sexta</strong></span> <span class='ocrx_word' id='word_1_624' title='bbox 2196 5331 2303 5386; x_wconf 90' lang='lat' dir='ltr'><strong>diei</strong></span> 
     </span>
    </p>
   </div>
   <div class='ocr_carea' id='block_1_87' title="bbox 738 5424 2306 5494">
    <p class='ocr_par' dir='ltr' id='par_1_87' title="bbox 738 5424 2306 5494">
     <span class='ocr_line' id='line_1_88' title="bbox 738 5424 2306 5494; baseline -0.004 -12"><span class='ocrx_word' id='word_1_625' title='bbox 738 5428 1010 5494; x_wconf 78' lang='lat' dir='ltr'><strong>Veneris;</strong></span> <span class='ocrx_word' id='word_1_626' title='bbox 1044 5429 1276 5482; x_wconf 72' lang='lat' dir='ltr'><strong>tenebrae.</strong></span> <span class='ocrx_word' id='word_1_627' title='bbox 1310 5438 1491 5481; x_wconf 87' lang='lat' dir='ltr'><strong>autem</strong></span> <span class='ocrx_word' id='word_1_628' title='bbox 1529 5440 1732 5479; x_wconf 74' lang='lat' dir='ltr'><strong>crassae</strong></span> <span class='ocrx_word' id='word_1_629' title='bbox 1772 5424 1949 5478; x_wconf 84' lang='lat' dir='ltr'><strong>instar</strong></span> <span class='ocrx_word' id='word_1_630' title='bbox 1978 5425 2155 5479; x_wconf 88' lang='lat' dir='ltr'><strong>noctis</strong></span> <span class='ocrx_word' id='word_1_631' title='bbox 2197 5433 2306 5477; x_wconf 87' lang='lat' dir='ltr'><strong>ter-</strong></span> 
     </span>
    </p>
   </div>
   <div class='ocr_carea' id='block_1_88' title="bbox 741 5517 2307 5589">
    <p class='ocr_par' dir='ltr' id='par_1_88' title="bbox 741 5517 2307 5589">
     <span class='ocr_line' id='line_1_89' title="bbox 741 5517 2307 5589; baseline -0.001 -16"><span class='ocrx_word' id='word_1_632' title='bbox 741 5534 859 5573; x_wconf 83' lang='lat' dir='ltr'><strong>ram</strong></span> <span class='ocrx_word' id='word_1_633' title='bbox 906 5525 1074 5571; x_wconf 85' lang='lat' dir='ltr'><strong>totam</strong></span> <span class='ocrx_word' id='word_1_634' title='bbox 1119 5517 1463 5576; x_wconf 87' lang='lat' dir='ltr'><strong>obtexerunt.</strong></span> <span class='ocrx_word' id='word_1_635' title='bbox 1496 5518 1823 5572; x_wconf 90' lang='lat' dir='ltr'><strong>obscuratus</strong></span> <span class='ocrx_word' id='word_1_636' title='bbox 1865 5518 1965 5572; x_wconf 82' lang='lat' dir='ltr'><strong>fuit</strong></span> <span class='ocrx_word' id='word_1_637' title='bbox 2007 5519 2112 5578; x_wconf 90' lang='lat' dir='ltr'><strong>sol.</strong></span> <span class='ocrx_word' id='word_1_638' title='bbox 2142 5518 2307 5589; x_wconf 75' lang='lat'><strong>320</strong></span> 
     </span>
    </p>
   </div>
   <div class='ocr_carea' id='block_1_89' title="bbox 743 5608 2307 5681">
    <p class='ocr_par' dir='ltr' id='par_1_89' title="bbox 743 5608 2307 5681">
     <span class='ocr_line' id='line_1_90' title="bbox 743 5608 2307 5681; baseline 0.002 -16"><span class='ocrx_word' id='word_1_639' title='bbox 743 5619 1110 5681; x_wconf 83' lang='lat' dir='ltr'><strong>apparuerunt</strong></span> <span class='ocrx_word' id='word_1_640' title='bbox 1172 5610 1361 5675; x_wconf 64' lang='lat' dir='ltr'><strong>stellis,</strong></span> <span class='ocrx_word' id='word_1_641' title='bbox 1403 5608 1542 5664; x_wconf 67' lang='lat' dir='ltr'><strong>ﬁssae</strong></span> <span class='ocrx_word' id='word_1_642' title='bbox 1585 5618 1712 5665; x_wconf 93' lang='lat' dir='ltr'><strong>sunt</strong></span> <span class='ocrx_word' id='word_1_643' title='bbox 1761 5620 1947 5680; x_wconf 61' lang='lat' dir='ltr'><strong>petrae,</strong></span> <span class='ocrx_word' id='word_1_644' title='bbox 2000 5613 2307 5681; x_wconf 87' lang='lat' dir='ltr'><strong>mortuique</strong></span> 
     </span>
    </p>
   </div>
   <div class='ocr_carea' id='block_1_90' title="bbox 742 5701 2305 5772">
    <p class='ocr_par' dir='ltr' id='par_1_90' title="bbox 742 5701 2305 5772">
     <span class='ocr_line' id='line_1_91' title="bbox 742 5701 2305 5772; baseline -0.001 -13"><span class='ocrx_word' id='word_1_645' title='bbox 742 5705 1051 5772; x_wconf 82' lang='lat' dir='ltr'><strong>complures</strong></span> <span class='ocrx_word' id='word_1_646' title='bbox 1098 5716 1130 5756; x_wconf 87' lang='lat' dir='ltr'><strong>e</strong></span> <span class='ocrx_word' id='word_1_647' title='bbox 1161 5701 1425 5771; x_wconf 87' lang='lat' dir='ltr'><strong>sepulcris</strong></span> <span class='ocrx_word' id='word_1_648' title='bbox 1468 5702 1584 5756; x_wconf 88' lang='lat' dir='ltr'><strong>suis</strong></span> <span class='ocrx_word' id='word_1_649' title='bbox 1614 5712 2056 5759; x_wconf 85' lang='lat' dir='ltr'><strong>resurrexerunt.</strong></span> <span class='ocrx_word' id='word_1_650' title='bbox 2091 5702 2305 5757; x_wconf 82' lang='lat' dir='ltr'><strong>Mortuo</strong></span> 
     </span>
    </p>
   </div>
   <div class='ocr_carea' id='block_1_91' title="bbox 742 5793 2304 5869">
    <p class='ocr_par' dir='ltr' id='par_1_91' title="bbox 742 5793 2304 5869">
     <span class='ocr_line' id='line_1_92' title="bbox 742 5793 2304 5869; baseline 0.001 -19"><span class='ocrx_word' id='word_1_651' title='bbox 742 5809 871 5851; x_wconf 71' lang='lat' dir='ltr'><strong>vero</strong></span> <span class='ocrx_word' id='word_1_652' title='bbox 900 5793 1128 5851; x_wconf 87' lang='lat' dir='ltr'><strong>Domino</strong></span> <span class='ocrx_word' id='word_1_653' title='bbox 1159 5801 1348 5863; x_wconf 67' lang='lat' dir='ltr'><strong>nostro</strong></span> <span class='ocrx_word' id='word_1_654' title='bbox 1389 5793 1609 5852; x_wconf 87' lang='lat' dir='ltr'><strong>Christo</strong></span> <span class='ocrx_word' id='word_1_655' title='bbox 1642 5796 1695 5850; x_wconf 93' lang='lat' dir='ltr'><strong>in</strong></span> <span class='ocrx_word' id='word_1_656' title='bbox 1725 5810 1927 5869; x_wconf 73' lang='lat' dir='ltr'><strong>cruce,</strong></span> <span class='ocrx_word' id='word_1_657' title='bbox 1961 5796 2109 5853; x_wconf 81' lang='lat' dir='ltr'><strong>latus</strong></span> <span class='ocrx_word' id='word_1_658' title='bbox 2132 5796 2304 5866; x_wconf 83' lang='lat' dir='ltr'><strong>ipsius</strong></span> 
     </span>
    </p>
   </div>
   <div class='ocr_carea' id='block_1_92' title="bbox 2387 3226 3968 3299">
    <p class='ocr_par' dir='ltr' id='par_1_92' title="bbox 2387 3226 3968 3299">
     <span class='ocr_line' id='line_1_93' title="bbox 2387 3226 3968 3299; baseline -0.01 -6"><span class='ocrx_word' id='word_1_659' title='bbox 2387 3248 2635 3293; x_wconf 90' lang='lat' dir='ltr'><strong>nostrum</strong></span> <span class='ocrx_word' id='word_1_660' title='bbox 2663 3236 2943 3289; x_wconf 88' lang='lat' dir='ltr'><strong>Christum</strong></span> <span class='ocrx_word' id='word_1_661' title='bbox 2989 3241 3390 3295; x_wconf 88' lang='lat' dir='ltr'><strong>convenerunt,</strong></span> <span class='ocrx_word' id='word_1_662' title='bbox 3436 3230 3528 3299; x_wconf 90' lang='lat' dir='ltr'><strong>qui</strong></span> <span class='ocrx_word' id='word_1_663' title='bbox 3568 3228 3698 3296; x_wconf 90' lang='lat' dir='ltr'><strong>ipsis</strong></span> <span class='ocrx_word' id='word_1_664' title='bbox 3733 3226 3968 3280; x_wconf 85' lang='lat' dir='ltr'><strong>benedi-</strong></span> 
     </span>
    </p>
   </div>
   <div class='ocr_carea' id='block_1_93' title="bbox 2385 3318 3963 3389">
    <p class='ocr_par' dir='ltr' id='par_1_93' title="bbox 2385 3318 3963 3389">
     <span class='ocr_line' id='line_1_94' title="bbox 2385 3318 3963 3389; baseline -0.01 -6"><span class='ocrx_word' id='word_1_665' title='bbox 2385 3346 2517 3384; x_wconf 89' lang='lat' dir='ltr'><strong>cens</strong></span> <span class='ocrx_word' id='word_1_666' title='bbox 2558 3333 2610 3383; x_wconf 92' lang='lat' dir='ltr'><strong>in</strong></span> <span class='ocrx_word' id='word_1_667' title='bbox 2666 3328 2931 3382; x_wconf 89' lang='lat' dir='ltr'><strong>mundum</strong></span> <span class='ocrx_word' id='word_1_668' title='bbox 2980 3328 3147 3389; x_wconf 90' lang='lat' dir='ltr'><strong>misit,</strong></span> <span class='ocrx_word' id='word_1_669' title='bbox 3192 3334 3252 3379; x_wconf 89' lang='lat' dir='ltr'><strong>ut</strong></span> <span class='ocrx_word' id='word_1_670' title='bbox 3304 3323 3555 3377; x_wconf 88' lang='lat' dir='ltr'><strong>homines</strong></span> <span class='ocrx_word' id='word_1_671' title='bbox 3596 3320 3660 3372; x_wconf 89' lang='lat' dir='ltr'><strong>ad</strong></span> <span class='ocrx_word' id='word_1_672' title='bbox 3710 3319 3870 3372; x_wconf 88' lang='lat' dir='ltr'><strong>ﬁdem</strong></span> <span class='ocrx_word' id='word_1_673' title='bbox 3905 3318 3963 3369; x_wconf 92' lang='lat' dir='ltr'><strong>in</strong></span> 
     </span>
    </p>
   </div>
   <div class='ocr_carea' id='block_1_94' title="bbox 2387 3410 3956 3486">
    <p class='ocr_par' dir='ltr' id='par_1_94' title="bbox 2387 3410 3956 3486">
     <span class='ocr_line' id='line_1_95' title="bbox 2387 3410 3956 3486; baseline -0.01 -10"><span class='ocrx_word' id='word_1_674' title='bbox 2387 3422 2625 3486; x_wconf 87' lang='lat' dir='ltr'><strong>Patrem,</strong></span> <span class='ocrx_word' id='word_1_675' title='bbox 2658 3420 2881 3483; x_wconf 85' lang='lat' dir='ltr'><strong>Filium,</strong></span> <span class='ocrx_word' id='word_1_676' title='bbox 2927 3426 2980 3471; x_wconf 89' lang='lat' dir='ltr'><strong>et</strong></span> <span class='ocrx_word' id='word_1_677' title='bbox 3011 3416 3274 3485; x_wconf 89' lang='lat' dir='ltr'><strong>Spiritum</strong></span> <span class='ocrx_word' id='word_1_678' title='bbox 3325 3421 3578 3466; x_wconf 85' lang='lat' dir='ltr'><strong>sanctum</strong></span> <span class='ocrx_word' id='word_1_679' title='bbox 3628 3410 3956 3462; x_wconf 85' lang='lat' dir='ltr'><strong>invitarent.</strong></span> 
     </span>
    </p>
   </div>
   <div class='ocr_carea' id='block_1_95' title="bbox 2387 3498 3965 3580">
    <p class='ocr_par' dir='ltr' id='par_1_95' title="bbox 2387 3498 3965 3580">
     <span class='ocr_line' id='line_1_96' title="bbox 2387 3498 3965 3580; baseline -0.012 -13"><span class='ocrx_word' id='word_1_680' title='bbox 2387 3513 2526 3567; x_wconf 89' lang='lat' dir='ltr'><strong>Tum</strong></span> <span class='ocrx_word' id='word_1_681' title='bbox 2579 3520 2700 3580; x_wconf 84' lang='lat' dir='ltr'><strong>post</strong></span> <span class='ocrx_word' id='word_1_682' title='bbox 2754 3508 3116 3577; x_wconf 80' lang='lat' dir='ltr'><strong>quadraginta</strong></span> <span class='ocrx_word' id='word_1_683' title='bbox 3174 3506 3290 3559; x_wconf 89' lang='lat' dir='ltr'><strong>dies</strong></span> <span class='ocrx_word' id='word_1_684' title='bbox 3338 3504 3391 3555; x_wconf 93' lang='lat' dir='ltr'><strong>in</strong></span> <span class='ocrx_word' id='word_1_685' title='bbox 3433 3501 3632 3554; x_wconf 73' lang='lat' dir='ltr'><strong>cmlum</strong></span> <span class='ocrx_word' id='word_1_686' title='bbox 3682 3498 3965 3555; x_wconf 70' lang='lat' dir='ltr'><strong>ascendit.</strong></span> 
     </span>
    </p>
   </div>
   <div class='ocr_carea' id='block_1_96' title="bbox 2390 3587 3968 3666">
    <p class='ocr_par' dir='ltr' id='par_1_96' title="bbox 2390 3587 3968 3666">
     <span class='ocr_line' id='line_1_97' title="bbox 2390 3587 3968 3666; baseline -0.009 -11"><span class='ocrx_word' id='word_1_687' title='bbox 2390 3619 2560 3657; x_wconf 90' lang='lat' dir='ltr'><strong>annos</strong></span> <span class='ocrx_word' id='word_1_688' title='bbox 2590 3601 2797 3654; x_wconf 83' lang='lat' dir='ltr'><strong>habens</strong></span> <span class='ocrx_word' id='word_1_689' title='bbox 2823 3598 3044 3666; x_wconf 88' lang='lat' dir='ltr'><strong>triginta</strong></span> <span class='ocrx_word' id='word_1_690' title='bbox 3082 3605 3213 3647; x_wconf 89' lang='lat' dir='ltr'><strong>tres.</strong></span> <span class='ocrx_word' id='word_1_691' title='bbox 3246 3592 3446 3645; x_wconf 88' lang='lat' dir='ltr'><strong>Deinde</strong></span> <span class='ocrx_word' id='word_1_692' title='bbox 3480 3601 3599 3657; x_wconf 89' lang='lat' dir='ltr'><strong>post</strong></span> <span class='ocrx_word' id='word_1_693' title='bbox 3625 3588 3812 3642; x_wconf 83' lang='lat' dir='ltr'><strong>decem</strong></span> <span class='ocrx_word' id='word_1_694' title='bbox 3844 3587 3968 3641; x_wconf 81' lang='lat' dir='ltr'><strong>dies</strong></span> 
     </span>
    </p>
   </div>
   <div class='ocr_carea' id='block_1_97' title="bbox 2389 3678 3970 3764">
    <p class='ocr_par' dir='ltr' id='par_1_97' title="bbox 2389 3678 3970 3764">
     <span class='ocr_line' id='line_1_98' title="bbox 2389 3678 3970 3764; baseline -0.013 -14"><span class='ocrx_word' id='word_1_695' title='bbox 2389 3694 2732 3764; x_wconf 83' lang='lat' dir='ltr'><strong>congregatis</strong></span> <span class='ocrx_word' id='word_1_696' title='bbox 2762 3689 3044 3757; x_wconf 85' lang='lat' dir='ltr'><strong>discipulis</strong></span> <span class='ocrx_word' id='word_1_697' title='bbox 3083 3688 3137 3739; x_wconf 90' lang='lat' dir='ltr'><strong>in</strong></span> <span class='ocrx_word' id='word_1_698' title='bbox 3164 3682 3449 3739; x_wconf 75' lang='lat' dir='ltr'><strong>ccenaculo</strong></span> <span class='ocrx_word' id='word_1_699' title='bbox 3478 3680 3701 3733; x_wconf 90' lang='lat' dir='ltr'><strong>Sihouis</strong></span> <span class='ocrx_word' id='word_1_700' title='bbox 3730 3678 3970 3731; x_wconf 86' lang='lat' dir='ltr'><strong>descen-</strong></span> 
     </span>
    </p>
   </div>
   <div class='ocr_carea' id='block_1_98' title="bbox 2393 3771 3971 3858">
    <p class='ocr_par' dir='ltr' id='par_1_98' title="bbox 2393 3771 3971 3858">
     <span class='ocr_line' id='line_1_99' title="bbox 2393 3771 3971 3858; baseline -0.015 -14"><span class='ocrx_word' id='word_1_701' title='bbox 2393 3792 2473 3844; x_wconf 92' lang='lat' dir='ltr'><strong>dit</strong></span> <span class='ocrx_word' id='word_1_702' title='bbox 2507 3792 2559 3843; x_wconf 94' lang='lat' dir='ltr'><strong>in</strong></span> <span class='ocrx_word' id='word_1_703' title='bbox 2591 3791 2741 3858; x_wconf 91' lang='lat' dir='ltr'><strong>ipsos</strong></span> <span class='ocrx_word' id='word_1_704' title='bbox 2780 3785 3019 3854; x_wconf 83' lang='lat' dir='ltr'><strong>Spiritus</strong></span> <span class='ocrx_word' id='word_1_705' title='bbox 3057 3789 3301 3843; x_wconf 88' lang='lat' dir='ltr'><strong>sanctus,</strong></span> <span class='ocrx_word' id='word_1_706' title='bbox 3332 3778 3470 3831; x_wconf 87' lang='lat' dir='ltr'><strong>adeo</strong></span> <span class='ocrx_word' id='word_1_707' title='bbox 3502 3783 3560 3828; x_wconf 90' lang='lat' dir='ltr'><strong>ut</strong></span> <span class='ocrx_word' id='word_1_708' title='bbox 3594 3773 3853 3825; x_wconf 87' lang='lat' dir='ltr'><strong>omnibus</strong></span> <span class='ocrx_word' id='word_1_709' title='bbox 3891 3771 3971 3822; x_wconf 83' lang='lat' dir='ltr'><strong>lo-</strong></span> 
     </span>
    </p>
   </div>
   <div class='ocr_carea' id='block_1_99' title="bbox 2395 3863 3971 3952">
    <p class='ocr_par' dir='ltr' id='par_1_99' title="bbox 2395 3863 3971 3952">
     <span class='ocr_line' id='line_1_100' title="bbox 2395 3863 3971 3952; baseline -0.016 -15"><span class='ocrx_word' id='word_1_710' title='bbox 2395 3889 2693 3952; x_wconf 86' lang='lat' dir='ltr'><strong>querentur</strong></span> <span class='ocrx_word' id='word_1_711' title='bbox 2726 3877 2947 3947; x_wconf 87' lang='lat' dir='ltr'><strong>linguis.</strong></span> <span class='ocrx_word' id='word_1_712' title='bbox 2988 3870 3245 3941; x_wconf 89' lang='lat' dir='ltr'><strong>Discipuli</strong></span> <span class='ocrx_word' id='word_1_713' title='bbox 3279 3878 3459 3924; x_wconf 90' lang='lat' dir='ltr'><strong>autem</strong></span> <span class='ocrx_word' id='word_1_714' title='bbox 3499 3863 3741 3933; x_wconf 87' lang='lat' dir='ltr'><strong>quotidie</strong></span> <span class='ocrx_word' id='word_1_715' title='bbox 3778 3864 3971 3932; x_wconf 84' lang='lat' dir='ltr'><strong>sepul-</strong></span> 
     </span>
    </p>
   </div>
   <div class='ocr_carea' id='block_1_100' title="bbox 2394 3951 3967 4026">
    <p class='ocr_par' dir='ltr' id='par_1_100' title="bbox 2394 3951 3967 4026">
     <span class='ocr_line' id='line_1_101' title="bbox 2394 3951 3967 4026; baseline -0.017 0"><span class='ocrx_word' id='word_1_716' title='bbox 2394 3951 2544 4026; x_wconf 87' lang='lat' dir='ltr'><strong>crum</strong></span> <span class='ocrx_word' id='word_1_717' title='bbox 2573 3981 2624 4024; x_wconf 90' lang='lat' dir='ltr'><strong>et</strong></span> <span class='ocrx_word' id='word_1_718' title='bbox 2657 3970 2837 4023; x_wconf 92' lang='lat' dir='ltr'><strong>locum</strong></span> <span class='ocrx_word' id='word_1_719' title='bbox 2891 3965 3071 4019; x_wconf 91' lang='lat' dir='ltr'><strong>crucis</strong></span> <span class='ocrx_word' id='word_1_720' title='bbox 3112 3962 3355 4016; x_wconf 89' lang='lat' dir='ltr'><strong>adibant.</strong></span> <span class='ocrx_word' id='word_1_721' title='bbox 3404 3957 3468 4009; x_wconf 86' lang='lat' dir='ltr'><strong>At</strong></span> <span class='ocrx_word' id='word_1_722' title='bbox 3492 3955 3659 4009; x_wconf 62' lang='lat' dir='ltr'><strong>Jndwi</strong></span> <span class='ocrx_word' id='word_1_723' title='bbox 3688 3954 3802 4005; x_wconf 82' lang='lat' dir='ltr'><strong>viso</strong></span> <span class='ocrx_word' id='word_1_724' title='bbox 3831 3951 3967 4016; x_wconf 87' lang='lat' dir='ltr'><strong>quid</strong></span> 
     </span>
    </p>
   </div>
   <div class='ocr_carea' id='block_1_101' title="bbox 2396 4044 3972 4131">
    <p class='ocr_par' dir='ltr' id='par_1_101' title="bbox 2396 4044 3972 4131">
     <span class='ocr_line' id='line_1_102' title="bbox 2396 4044 3972 4131; baseline -0.018 -13"><span class='ocrx_word' id='word_1_725' title='bbox 2396 4065 2636 4119; x_wconf 79' lang='lat' dir='ltr'><strong>fecerunt</strong></span> <span class='ocrx_word' id='word_1_726' title='bbox 2658 4058 2934 4131; x_wconf 88' lang='lat' dir='ltr'><strong>discipuli,</strong></span> <span class='ocrx_word' id='word_1_727' title='bbox 2962 4057 3241 4115; x_wconf 86' lang='lat' dir='ltr'><strong>dixerunt,</strong></span> <span class='ocrx_word' id='word_1_728' title='bbox 3268 4050 3442 4103; x_wconf 90' lang='lat' dir='ltr'><strong>Locus</strong></span> <span class='ocrx_word' id='word_1_729' title='bbox 3466 4048 3568 4099; x_wconf 84' lang='lat' dir='ltr'><strong>iste</strong></span> <span class='ocrx_word' id='word_1_730' title='bbox 3590 4060 3696 4098; x_wconf 88' lang='lat' dir='ltr'><strong>non</strong></span> <span class='ocrx_word' id='word_1_731' title='bbox 3723 4044 3972 4097; x_wconf 82' lang='lat' dir='ltr'><strong>occulta-</strong></span> 
     </span>
    </p>
   </div>
   <div class='ocr_carea' id='block_1_102' title="bbox 2396 4131 3963 4216">
    <p class='ocr_par' dir='ltr' id='par_1_102' title="bbox 2396 4131 3963 4216">
     <span class='ocr_line' id='line_1_103' title="bbox 2396 4131 3963 4216; baseline -0.017 -7"><span class='ocrx_word' id='word_1_732' title='bbox 2396 4157 2561 4214; x_wconf 89' lang='lat' dir='ltr'><strong>bitur,</strong></span> <span class='ocrx_word' id='word_1_733' title='bbox 2608 4152 2958 4216; x_wconf 79' lang='lat' dir='ltr'><strong>futurumque</strong></span> <span class='ocrx_word' id='word_1_734' title='bbox 2990 4154 3074 4199; x_wconf 90' lang='lat' dir='ltr'><strong>est</strong></span> <span class='ocrx_word' id='word_1_735' title='bbox 3121 4153 3179 4197; x_wconf 92' lang='lat' dir='ltr'><strong>ut</strong></span> <span class='ocrx_word' id='word_1_736' title='bbox 3209 4144 3263 4195; x_wconf 91' lang='lat' dir='ltr'><strong>in</strong></span> <span class='ocrx_word' id='word_1_737' title='bbox 3314 4141 3434 4207; x_wconf 88' lang='lat' dir='ltr'><strong>ipso</strong></span> <span class='ocrx_word' id='word_1_738' title='bbox 3470 4131 3758 4207; x_wconf 80' lang='lat' dir='ltr'><strong>[erigatur]</strong></span> <span class='ocrx_word' id='word_1_739' title='bbox 3794 4131 3963 4185; x_wconf 70' lang='lat' dir='ltr'><strong>aediﬁ-</strong></span> 
     </span>
    </p>
   </div>
   <div class='ocr_carea' id='block_1_103' title="bbox 2395 4224 3968 4311">
    <p class='ocr_par' dir='ltr' id='par_1_103' title="bbox 2395 4224 3968 4311">
     <span class='ocr_line' id='line_1_104' title="bbox 2395 4224 3968 4311; baseline -0.015 -11"><span class='ocrx_word' id='word_1_740' title='bbox 2395 4246 2571 4311; x_wconf 92' lang='lat' dir='ltr'><strong>cium;</strong></span> <span class='ocrx_word' id='word_1_741' title='bbox 2619 4243 2840 4311; x_wconf 87' lang='lat' dir='ltr'><strong>pulvere</strong></span> <span class='ocrx_word' id='word_1_742' title='bbox 2883 4252 3012 4307; x_wconf 86' lang='lat' dir='ltr'><strong>ergo</strong></span> <span class='ocrx_word' id='word_1_743' title='bbox 3057 4235 3311 4288; x_wconf 89' lang='lat' dir='ltr'><strong>obrutmn</strong></span> <span class='ocrx_word' id='word_1_744' title='bbox 3352 4229 3690 4297; x_wconf 80' lang='lat' dir='ltr'><strong>obtegamus,</strong></span> <span class='ocrx_word' id='word_1_745' title='bbox 3726 4238 3796 4276; x_wconf 90' lang='lat' dir='ltr'><strong>ne</strong></span> <span class='ocrx_word' id='word_1_746' title='bbox 3838 4224 3968 4290; x_wconf 88' lang='lat' dir='ltr'><strong>quis</strong></span> 
     </span>
    </p>
   </div>
   <div class='ocr_carea' id='block_1_104' title="bbox 2397 4315 3965 4408">
    <p class='ocr_par' dir='ltr' id='par_1_104' title="bbox 2397 4315 3965 4408">
     <span class='ocr_line' id='line_1_105' title="bbox 2397 4315 3965 4408; baseline -0.017 -16"><span class='ocrx_word' id='word_1_747' title='bbox 2397 4341 2572 4408; x_wconf 87' lang='lat' dir='ltr'><strong>ipsum</strong></span> <span class='ocrx_word' id='word_1_748' title='bbox 2595 4332 2916 4403; x_wconf 81' lang='lat' dir='ltr'><strong>conspiciat,</strong></span> <span class='ocrx_word' id='word_1_749' title='bbox 2940 4337 3036 4384; x_wconf 89' lang='lat' dir='ltr'><strong>aut</strong></span> <span class='ocrx_word' id='word_1_750' title='bbox 3058 4328 3225 4381; x_wconf 91' lang='lat' dir='ltr'><strong>ullum</strong></span> <span class='ocrx_word' id='word_1_751' title='bbox 3254 4324 3353 4392; x_wconf 89' lang='lat' dir='ltr'><strong>ipsi</strong></span> <span class='ocrx_word' id='word_1_752' title='bbox 3381 4318 3664 4387; x_wconf 80' lang='lat' dir='ltr'><strong>vestigium</strong></span> <span class='ocrx_word' id='word_1_753' title='bbox 3690 4315 3965 4384; x_wconf 87' lang='lat' dir='ltr'><strong>supersit;</strong></span> 
     </span>
    </p>
   </div>
   <div class='ocr_carea' id='block_1_105' title="bbox 2400 4416 3968 4500">
    <p class='ocr_par' dir='ltr' id='par_1_105' title="bbox 2400 4416 3968 4500">
     <span class='ocr_line' id='line_1_106' title="bbox 2400 4416 3968 4500; baseline -0.017 -16"><span class='ocrx_word' id='word_1_754' title='bbox 2400 4430 2640 4500; x_wconf 87' lang='lat' dir='ltr'><strong>quandiu</strong></span> <span class='ocrx_word' id='word_1_755' title='bbox 2672 4426 2815 4481; x_wconf 88' lang='lat' dir='ltr'><strong>enim</strong></span> <span class='ocrx_word' id='word_1_756' title='bbox 2850 4422 3101 4478; x_wconf 89' lang='lat' dir='ltr'><strong>homines</strong></span> <span class='ocrx_word' id='word_1_757' title='bbox 3137 4416 3448 4486; x_wconf 90' lang='lat' dir='ltr'><strong>sepulcrum</strong></span> <span class='ocrx_word' id='word_1_758' title='bbox 3474 4424 3704 4462; x_wconf 89' lang='lat' dir='ltr'><strong>vacuum</strong></span> <span class='ocrx_word' id='word_1_759' title='bbox 3730 4422 3968 4474; x_wconf 82' lang='lat' dir='ltr'><strong>conspe—</strong></span> 
     </span>
    </p>
   </div>
   <div class='ocr_carea' id='block_1_106' title="bbox 2404 4500 3975 4583">
    <p class='ocr_par' dir='ltr' id='par_1_106' title="bbox 2404 4500 3975 4583">
     <span class='ocr_line' id='line_1_107' title="bbox 2404 4500 3975 4583; baseline -0.016 -8"><span class='ocrx_word' id='word_1_760' title='bbox 2404 4520 2604 4583; x_wconf 85' lang='lat' dir='ltr'><strong>xcrint,</strong></span> <span class='ocrx_word' id='word_1_761' title='bbox 2655 4514 2915 4572; x_wconf 88' lang='lat' dir='ltr'><strong>credituri</strong></span> <span class='ocrx_word' id='word_1_762' title='bbox 2973 4521 3121 4575; x_wconf 90' lang='lat' dir='ltr'><strong>sunt,</strong></span> <span class='ocrx_word' id='word_1_763' title='bbox 3169 4524 3234 4564; x_wconf 89' lang='lat' dir='ltr'><strong>ac</strong></span> <span class='ocrx_word' id='word_1_764' title='bbox 3281 4508 3439 4563; x_wconf 90' lang='lat' dir='ltr'><strong>ﬁdem</strong></span> <span class='ocrx_word' id='word_1_765' title='bbox 3488 4500 3805 4560; x_wconf 85' lang='lat' dir='ltr'><strong>adhibituri,</strong></span> <span class='ocrx_word' id='word_1_766' title='bbox 3861 4512 3975 4567; x_wconf 88' lang='lat' dir='ltr'><strong>quo</strong></span> 
     </span>
    </p>
   </div>
   <div class='ocr_carea' id='block_1_107' title="bbox 2400 4591 3969 4684">
    <p class='ocr_par' dir='ltr' id='par_1_107' title="bbox 2400 4591 3969 4684">
     <span class='ocr_line' id='line_1_108' title="bbox 2400 4591 3969 4684; baseline -0.017 -17"><span class='ocrx_word' id='word_1_767' title='bbox 2400 4622 2561 4684; x_wconf 91' lang='lat' dir='ltr'><strong>pacto</strong></span> <span class='ocrx_word' id='word_1_768' title='bbox 2615 4608 2967 4678; x_wconf 87' lang='lat' dir='ltr'><strong>abrogabitur</strong></span> <span class='ocrx_word' id='word_1_769' title='bbox 3025 4602 3186 4659; x_wconf 89' lang='lat' dir='ltr'><strong>nobis</strong></span> <span class='ocrx_word' id='word_1_770' title='bbox 3242 4599 3437 4667; x_wconf 81' lang='lat' dir='ltr'><strong>religio</strong></span> <span class='ocrx_word' id='word_1_771' title='bbox 3497 4606 3703 4650; x_wconf 89' lang='lat' dir='ltr'><strong>nostra.</strong></span> <span class='ocrx_word' id='word_1_772' title='bbox 3761 4591 3969 4644; x_wconf 88' lang='lat' dir='ltr'><strong>Locum</strong></span> 
     </span>
    </p>
   </div>
   <div class='ocr_carea' id='block_1_108' title="bbox 2396 4681 3975 4767">
    <p class='ocr_par' dir='ltr' id='par_1_108' title="bbox 2396 4681 3975 4767">
     <span class='ocr_line' id='line_1_109' title="bbox 2396 4681 3975 4767; baseline -0.015 -13"><span class='ocrx_word' id='word_1_773' title='bbox 2396 4681 2527 4767; x_wconf 76' lang='lat' dir='ltr'><strong>ergo</strong></span> <span class='ocrx_word' id='word_1_774' title='bbox 2552 4698 2774 4767; x_wconf 79' lang='lat' dir='ltr'><strong>pulvere</strong></span> <span class='ocrx_word' id='word_1_775' title='bbox 2830 4696 3179 4757; x_wconf 88' lang='lat' dir='ltr'><strong>obtexerunt,</strong></span> <span class='ocrx_word' id='word_1_776' title='bbox 3227 4689 3362 4743; x_wconf 86' lang='lat' dir='ltr'><strong>adeo</strong></span> <span class='ocrx_word' id='word_1_777' title='bbox 3402 4696 3461 4741; x_wconf 93' lang='lat' dir='ltr'><strong>ut</strong></span> <span class='ocrx_word' id='word_1_778' title='bbox 3509 4697 3766 4754; x_wconf 85' lang='lat' dir='ltr'><strong>magnum</strong></span> <span class='ocrx_word' id='word_1_779' title='bbox 3819 4681 3975 4734; x_wconf 83' lang='lat' dir='ltr'><strong>ﬁeret</strong></span> 
     </span>
    </p>
   </div>
   <div class='ocr_carea' id='block_1_109' title="bbox 2398 4789 2813 4847">
    <p class='ocr_par' dir='ltr' id='par_1_109' title="bbox 2398 4789 2813 4847">
     <span class='ocr_line' id='line_1_110' title="bbox 2398 4789 2813 4847; baseline -0.014 -1"><span class='ocrx_word' id='word_1_780' title='bbox 2398 4789 2813 4847; x_wconf 86' lang='lat' dir='ltr'><strong>stercorarium.</strong></span> 
     </span>
    </p>
   </div>
   <div class='ocr_carea' id='block_1_110' title="bbox 2472 4860 3982 4938">
    <p class='ocr_par' dir='ltr' id='par_1_110' title="bbox 2472 4860 3982 4938">
     <span class='ocr_line' id='line_1_111' title="bbox 2472 4860 3982 4938; baseline -0.013 -5"><span class='ocrx_word' id='word_1_781' title='bbox 2472 4883 2638 4933; x_wconf 85' lang='lat' dir='ltr'><strong>Porro</strong></span> <span class='ocrx_word' id='word_1_782' title='bbox 2663 4878 2870 4932; x_wconf 90' lang='lat' dir='ltr'><strong>Pilatus</strong></span> <span class='ocrx_word' id='word_1_783' title='bbox 2893 4872 3170 4928; x_wconf 82' lang='lat' dir='ltr'><strong>Tiberium</strong></span> <span class='ocrx_word' id='word_1_784' title='bbox 3203 4883 3381 4938; x_wconf 88' lang='lat' dir='ltr'><strong>regem</strong></span> <span class='ocrx_word' id='word_1_785' title='bbox 3408 4867 3474 4921; x_wconf 92' lang='lat' dir='ltr'><strong>de</strong></span> <span class='ocrx_word' id='word_1_786' title='bbox 3502 4866 3663 4918; x_wconf 87' lang='lat' dir='ltr'><strong>rebus</strong></span> <span class='ocrx_word' id='word_1_787' title='bbox 3692 4862 3756 4914; x_wconf 87' lang='lat' dir='ltr'><strong>ad</strong></span> <span class='ocrx_word' id='word_1_788' title='bbox 3794 4860 3982 4914; x_wconf 80' lang='lat' dir='ltr'><strong>Domi-</strong></span> 
     </span>
    </p>
   </div>
   <div class='ocr_carea' id='block_1_111' title="bbox 2401 4953 3980 5029">
    <p class='ocr_par' dir='ltr' id='par_1_111' title="bbox 2401 4953 3980 5029">
     <span class='ocr_line' id='line_1_112' title="bbox 2401 4953 3980 5029; baseline -0.012 -5"><span class='ocrx_word' id='word_1_789' title='bbox 2401 4988 2529 5025; x_wconf 89' lang='lat' dir='ltr'><strong>num</strong></span> <span class='ocrx_word' id='word_1_790' title='bbox 2581 4975 2828 5023; x_wconf 90' lang='lat' dir='ltr'><strong>nostrum</strong></span> <span class='ocrx_word' id='word_1_791' title='bbox 2869 4964 3150 5019; x_wconf 85' lang='lat' dir='ltr'><strong>Christum</strong></span> <span class='ocrx_word' id='word_1_792' title='bbox 3200 4958 3573 5029; x_wconf 80' lang='lat' dir='ltr'><strong>spectantibus</strong></span> <span class='ocrx_word' id='word_1_793' title='bbox 3619 4970 3715 5023; x_wconf 92' lang='lat' dir='ltr'><strong>per</strong></span> <span class='ocrx_word' id='word_1_794' title='bbox 3761 4953 3980 5006; x_wconf 86' lang='lat' dir='ltr'><strong>litteras</strong></span> 
     </span>
    </p>
   </div>
   <div class='ocr_carea' id='block_1_112' title="bbox 2400 5046 3980 5134">
    <p class='ocr_par' dir='ltr' id='par_1_112' title="bbox 2400 5046 3980 5134">
     <span class='ocr_line' id='line_1_113' title="bbox 2400 5046 3980 5134; baseline -0.013 -14"><span class='ocrx_word' id='word_1_795' title='bbox 2400 5064 2564 5134; x_wconf 65' lang='grc'><strong>324,</strong></span> <span class='ocrx_word' id='word_1_796' title='bbox 2591 5062 2882 5117; x_wconf 87' lang='lat' dir='ltr'><strong>certiorem</strong></span> <span class='ocrx_word' id='word_1_797' title='bbox 2909 5058 3060 5121; x_wconf 78' lang='lat' dir='ltr'><strong>fecit,</strong></span> <span class='ocrx_word' id='word_1_798' title='bbox 3087 5069 3188 5109; x_wconf 87' lang='lat' dir='ltr'><strong>nec</strong></span> <span class='ocrx_word' id='word_1_799' title='bbox 3218 5068 3326 5107; x_wconf 91' lang='lat' dir='ltr'><strong>non</strong></span> <span class='ocrx_word' id='word_1_800' title='bbox 3357 5051 3425 5105; x_wconf 89' lang='lat' dir='ltr'><strong>de</strong></span> <span class='ocrx_word' id='word_1_801' title='bbox 3456 5046 3745 5117; x_wconf 90' lang='lat' dir='ltr'><strong>discipulis</strong></span> <span class='ocrx_word' id='word_1_802' title='bbox 3777 5046 3980 5113; x_wconf 84' lang='lat' dir='ltr'><strong>ipsius,</strong></span> 
     </span>
    </p>
   </div>
   <div class='ocr_carea' id='block_1_113' title="bbox 2402 5139 3981 5225">
    <p class='ocr_par' dir='ltr' id='par_1_113' title="bbox 2402 5139 3981 5225">
     <span class='ocr_line' id='line_1_114' title="bbox 2402 5139 3981 5225; baseline -0.011 -14"><span class='ocrx_word' id='word_1_803' title='bbox 2402 5157 2697 5225; x_wconf 82' lang='lat' dir='ltr'><strong>ninltisque</strong></span> <span class='ocrx_word' id='word_1_804' title='bbox 2754 5166 2879 5223; x_wconf 77' lang='lat' dir='ltr'><strong>qua:</strong></span> <span class='ocrx_word' id='word_1_805' title='bbox 2932 5151 3002 5204; x_wconf 91' lang='lat' dir='ltr'><strong>ab</strong></span> <span class='ocrx_word' id='word_1_806' title='bbox 3061 5147 3198 5217; x_wconf 91' lang='lat' dir='ltr'><strong>ipsis</strong></span> <span class='ocrx_word' id='word_1_807' title='bbox 3256 5149 3613 5215; x_wconf 87' lang='lat' dir='ltr'><strong>patrarentur</strong></span> <span class='ocrx_word' id='word_1_808' title='bbox 3666 5139 3981 5202; x_wconf 85' lang='lat' dir='ltr'><strong>miraculis,</strong></span> 
     </span>
    </p>
   </div>
   <div class='ocr_carea' id='block_1_114' title="bbox 2402 5229 3985 5317">
    <p class='ocr_par' dir='ltr' id='par_1_114' title="bbox 2402 5229 3985 5317">
     <span class='ocr_line' id='line_1_115' title="bbox 2402 5229 3985 5317; baseline -0.013 -14"><span class='ocrx_word' id='word_1_809' title='bbox 2402 5257 2633 5317; x_wconf 68' lang='lat' dir='ltr'><strong>mgrotos</strong></span> <span class='ocrx_word' id='word_1_810' title='bbox 2665 5244 2932 5304; x_wconf 86' lang='lat' dir='ltr'><strong>sanando.</strong></span> <span class='ocrx_word' id='word_1_811' title='bbox 2977 5250 3224 5295; x_wconf 91' lang='lat' dir='ltr'><strong>mortuos</strong></span> <span class='ocrx_word' id='word_1_812' title='bbox 3270 5231 3649 5289; x_wconf 85' lang='lat' dir='ltr'><strong>resuscitando</strong></span> <span class='ocrx_word' id='word_1_813' title='bbox 3676 5248 3691 5293; x_wconf 88' lang='lat'><strong>;</strong></span> <span class='ocrx_word' id='word_1_814' title='bbox 3721 5229 3819 5298; x_wconf 91' lang='lat' dir='ltr'><strong>qui</strong></span> <span class='ocrx_word' id='word_1_815' title='bbox 3855 5244 3985 5299; x_wconf 82' lang='lat' dir='ltr'><strong>pro-</strong></span> 
     </span>
    </p>
   </div>
   <div class='ocr_carea' id='block_1_115' title="bbox 2405 5321 3984 5411">
    <p class='ocr_par' dir='ltr' id='par_1_115' title="bbox 2405 5321 3984 5411">
     <span class='ocr_line' id='line_1_116' title="bbox 2405 5321 3984 5411; baseline -0.013 -15"><span class='ocrx_word' id='word_1_816' title='bbox 2405 5352 2589 5411; x_wconf 87' lang='lat' dir='ltr'><strong>pterea</strong></span> <span class='ocrx_word' id='word_1_817' title='bbox 2627 5339 2682 5391; x_wconf 90' lang='lat' dir='ltr'><strong>in</strong></span> <span class='ocrx_word' id='word_1_818' title='bbox 2713 5336 2988 5391; x_wconf 86' lang='lat' dir='ltr'><strong>Christum</strong></span> <span class='ocrx_word' id='word_1_819' title='bbox 3014 5331 3303 5387; x_wconf 91' lang='lat' dir='ltr'><strong>Dominum</strong></span> <span class='ocrx_word' id='word_1_820' title='bbox 3335 5336 3583 5381; x_wconf 86' lang='lat' dir='ltr'><strong>nostrum</strong></span> <span class='ocrx_word' id='word_1_821' title='bbox 3622 5321 3851 5377; x_wconf 79' lang='lat' dir='ltr'><strong>credere</strong></span> <span class='ocrx_word' id='word_1_822' title='bbox 3888 5337 3984 5376; x_wconf 73' lang='lat' dir='ltr'><strong>vo-</strong></span> 
     </span>
    </p>
   </div>
   <div class='ocr_carea' id='block_1_116' title="bbox 2406 5413 3983 5498">
    <p class='ocr_par' dir='ltr' id='par_1_116' title="bbox 2406 5413 3983 5498">
     <span class='ocr_line' id='line_1_117' title="bbox 2406 5413 3983 5498; baseline -0.013 -12"><span class='ocrx_word' id='word_1_823' title='bbox 2406 5432 2527 5495; x_wconf 90' lang='lat' dir='ltr'><strong>luit,</strong></span> <span class='ocrx_word' id='word_1_824' title='bbox 2555 5445 2619 5485; x_wconf 88' lang='lat' dir='ltr'><strong>ac</strong></span> <span class='ocrx_word' id='word_1_825' title='bbox 2644 5428 2959 5498; x_wconf 83' lang='lat' dir='ltr'><strong>religionem</strong></span> <span class='ocrx_word' id='word_1_826' title='bbox 2988 5422 3354 5477; x_wconf 88' lang='lat' dir='ltr'><strong>Christianam</strong></span> <span class='ocrx_word' id='word_1_827' title='bbox 3389 5416 3667 5486; x_wconf 82' lang='lat' dir='ltr'><strong>publicare</strong></span> <span class='ocrx_word' id='word_1_828' title='bbox 3693 5430 3710 5476; x_wconf 92' lang='lat'><strong>;</strong></span> <span class='ocrx_word' id='word_1_829' title='bbox 3734 5422 3790 5464; x_wconf 87' lang='lat' dir='ltr'><strong>at</strong></span> <span class='ocrx_word' id='word_1_830' title='bbox 3822 5413 3983 5481; x_wconf 88' lang='lat' dir='ltr'><strong>sequi</strong></span> 
     </span>
    </p>
   </div>
   <div class='ocr_carea' id='block_1_117' title="bbox 2409 5505 3989 5590">
    <p class='ocr_par' dir='ltr' id='par_1_117' title="bbox 2409 5505 3989 5590">
     <span class='ocr_line' id='line_1_118' title="bbox 2409 5505 3989 5590; baseline -0.011 -15"><span class='ocrx_word' id='word_1_831' title='bbox 2409 5523 2464 5577; x_wconf 92' lang='lat' dir='ltr'><strong>in</strong></span> <span class='ocrx_word' id='word_1_832' title='bbox 2498 5525 2600 5575; x_wconf 90' lang='lat' dir='ltr'><strong>hoc</strong></span> <span class='ocrx_word' id='word_1_833' title='bbox 2635 5523 2817 5590; x_wconf 90' lang='lat' dir='ltr'><strong>ipsum</strong></span> <span class='ocrx_word' id='word_1_834' title='bbox 2848 5518 3139 5570; x_wconf 87' lang='lat' dir='ltr'><strong>noluerunt</strong></span> <span class='ocrx_word' id='word_1_835' title='bbox 3170 5512 3397 5566; x_wconf 87' lang='lat' dir='ltr'><strong>comites</strong></span> <span class='ocrx_word' id='word_1_836' title='bbox 3423 5509 3617 5577; x_wconf 78' lang='lat' dir='ltr'><strong>ipsius.</strong></span> <span class='ocrx_word' id='word_1_837' title='bbox 3650 5505 3851 5559; x_wconf 85' lang='lat' dir='ltr'><strong>Herodi</strong></span> <span class='ocrx_word' id='word_1_838' title='bbox 3884 5521 3989 5559; x_wconf 76' lang='lat' dir='ltr'><strong>au-</strong></span> 
     </span>
    </p>
   </div>
   <div class='ocr_carea' id='block_1_118' title="bbox 2407 5597 3986 5676">
    <p class='ocr_par' dir='ltr' id='par_1_118' title="bbox 2407 5597 3986 5676">
     <span class='ocr_line' id='line_1_119' title="bbox 2407 5597 3986 5676; baseline -0.009 -9"><span class='ocrx_word' id='word_1_839' title='bbox 2407 5622 2516 5667; x_wconf 89' lang='lat' dir='ltr'><strong>tem</strong></span> <span class='ocrx_word' id='word_1_840' title='bbox 2551 5611 2724 5665; x_wconf 89' lang='lat' dir='ltr'><strong>iratus</strong></span> <span class='ocrx_word' id='word_1_841' title='bbox 2755 5616 2863 5670; x_wconf 87' lang='lat' dir='ltr'><strong>est,</strong></span> <span class='ocrx_word' id='word_1_842' title='bbox 2906 5606 3050 5676; x_wconf 88' lang='lat' dir='ltr'><strong>quod</strong></span> <span class='ocrx_word' id='word_1_843' title='bbox 3088 5603 3380 5666; x_wconf 80' lang='lat' dir='ltr'><strong>Joannem,</strong></span> <span class='ocrx_word' id='word_1_844' title='bbox 3432 5599 3756 5653; x_wconf 75' lang='lat' dir='ltr'><strong>llerodiadis</strong></span> <span class='ocrx_word' id='word_1_845' title='bbox 3790 5597 3986 5652; x_wconf 80' lang='lat' dir='ltr'><strong>fratris</strong></span> 
     </span>
    </p>
   </div>
   <div class='ocr_carea' id='block_1_119' title="bbox 2410 5689 3982 5770">
    <p class='ocr_par' dir='ltr' id='par_1_119' title="bbox 2410 5689 3982 5770">
     <span class='ocr_line' id='line_1_120' title="bbox 2410 5689 3982 5770; baseline -0.01 -11"><span class='ocrx_word' id='word_1_846' title='bbox 2410 5704 2493 5759; x_wconf 88' lang='lat' dir='ltr'><strong>sui</strong></span> <span class='ocrx_word' id='word_1_847' title='bbox 2520 5700 2708 5757; x_wconf 89' lang='lat' dir='ltr'><strong>uxoris</strong></span> <span class='ocrx_word' id='word_1_848' title='bbox 2741 5699 2941 5770; x_wconf 87' lang='lat' dir='ltr'><strong>gratia,</strong></span> <span class='ocrx_word' id='word_1_849' title='bbox 2979 5695 3369 5757; x_wconf 77' lang='lat' dir='ltr'><strong>interfecisset,</strong></span> <span class='ocrx_word' id='word_1_850' title='bbox 3396 5701 3450 5748; x_wconf 89' lang='lat' dir='ltr'><strong>et</strong></span> <span class='ocrx_word' id='word_1_851' title='bbox 3481 5706 3606 5745; x_wconf 88' lang='lat' dir='ltr'><strong>cum</strong></span> <span class='ocrx_word' id='word_1_852' title='bbox 3642 5689 3783 5759; x_wconf 87' lang='lat' dir='ltr'><strong>ipsa,</strong></span> <span class='ocrx_word' id='word_1_853' title='bbox 3816 5689 3893 5742; x_wconf 90' lang='lat' dir='ltr'><strong>illi</strong></span> <span class='ocrx_word' id='word_1_854' title='bbox 3927 5690 3982 5744; x_wconf 82' lang='lat' dir='ltr'><strong>vi</strong></span> 
     </span>
    </p>
   </div>
   <div class='ocr_carea' id='block_1_120' title="bbox 2410 5781 3985 5862">
    <p class='ocr_par' dir='ltr' id='par_1_120' title="bbox 2410 5781 3985 5862">
     <span class='ocr_line' id='line_1_121' title="bbox 2410 5781 3985 5862; baseline -0.01 -13"><span class='ocrx_word' id='word_1_855' title='bbox 2410 5796 2612 5860; x_wconf 81' lang='lat' dir='ltr'><strong>ablata,</strong></span> <span class='ocrx_word' id='word_1_856' title='bbox 2656 5801 2905 5862; x_wconf 83' lang='lat' dir='ltr'><strong>stuprum</strong></span> <span class='ocrx_word' id='word_1_857' title='bbox 2939 5788 3326 5851; x_wconf 86' lang='lat' dir='ltr'><strong>commisisset,</strong></span> <span class='ocrx_word' id='word_1_858' title='bbox 3360 5786 3615 5856; x_wconf 75' lang='lat' dir='ltr'><strong>quodque</strong></span> <span class='ocrx_word' id='word_1_859' title='bbox 3663 5783 3731 5838; x_wconf 87' lang='lat' dir='ltr'><strong>de</strong></span> <span class='ocrx_word' id='word_1_860' title='bbox 3756 5781 3985 5836; x_wconf 81' lang='lat' dir='ltr'><strong>Christo</strong></span> 
     </span>
    </p>
   </div>
  </div>
