4200 6432
200 386 300 449 981

1642 385 2010 444 ANNALES.

3351 390 3459 458 989

197 494 474 550 crucifixo
504 494 727 562 gavisus
763 503 940 557 esset;
976 510 1146 563 quare
1194 494 1421 548 nontam
1462 494 1783 549 accersitum
1818 490 1859 545 A
1891 492 2235 548 Antiochiam
2266 534 2277 557 ,
2353 498 2489 551 alios
2554 496 2776 549 Romam
2842 496 3085 567 captivos
3154 497 3450 552 abducens.

201 589 253 641 in
288 586 608 655 Hispaniam
642 587 926 655 relegavit,
964 588 1289 656 prmfectura
1327 588 1499 655 ipsius
1543 587 1594 639 in
1630 588 1774 639 Pila-

200 687 313 729 tum
344 677 567 731 collata.
596 676 673 729 Eo
701 687 961 746 regnante
995 679 1213 731 condita
1244 688 1328 733 est
1355 679 1486 731 urbs
1510 676 1780 743 Tiberina,

201 772 275 823 ita
310 765 388 824 de'
429 772 645 824 nomine
680 771 885 842 Tiberii
927 772 1273 841 imperatoris
1312 772 1605 842 appellata.
1638 770 1782 826 Obiit

202 861 404 917 deinde
462 861 713 918 Tiberius
760 863 965 928 Czcsar,
1026 876 1311 933 postquam
1368 879 1542 919 annos
1594 864 1780 933 viginti

202 956 367 1013 duos.
402 970 466 1009 ac
498 970 737 1009 mensem
776 971 945 1009 unum
997 968 1278 1024 regnasset
1313 972 1330 1010 :
1365 966 1625 1024 regnante
1661 965 1783 1024 post

205 1046 384 1114 ipsum
445 1044 581 1099 Caio
631 1043 870 1107 Caesare,
928 1060 1101 1100 annos
1156 1054 1392 1113 quatuor
1432 1059 1557 1099 cum
1609 1045 1784 1100 tribus

206 1138 514 1200 mensibus,
550 1138 667 1190 viro
718 1137 959 1189 moribus
1007 1134 1158 1199 feris,
1209 1138 1468 1205 superbo,
1518 1152 1581 1189 ac
1630 1134 1785 1191 valde

206 1245 468 1299 nequam.
511 1228 607 1282 llic
661 1228 894 1283 Pilatum
950 1229 1178 1283 Romam
1234 1232 1560 1283 accersitum
1609 1239 1786 1283 morte

206 1324 486 1377 multavit.
526 1324 770 1391 Prolapsi
803 1332 985 1377 autem
1020 1321 1190 1378 Judaei
1223 1323 1292 1377 ad
1329 1324 1589 1391 majorem
1622 1339 1781 1391 quam

207 1431 317 1481 qua
368 1427 529 1468 antea
582 1415 796 1468 fuerant
828 1416 1148 1493 nequitiam,
1179 1432 1302 1469 cum
1341 1417 1392 1470 in
1428 1417 1575 1485 ipsos
1609 1404 1780 1469 irr'ue-

212 1514 334 1557 rent
369 1503 627 1567 Romani,
665 1520 913 1573 magnam
971 1520 1158 1558 eorum
1192 1516 1425 1575 stragem
1460 1506 1782 1569 ediderunt;

207 1596 371 1663 cujus
395 1611 521 1649 cum
552 1598 617 1649 ad
650 1596 839 1657 Caium
872 1596 1144 1651 thsarem
1180 1599 1566 1665 imperatorem
1596 1614 1786 1667 perve-

208 1688 382 1741 nisset
420 1687 585 1752 fama,
611 1688 701 1740 ille
732 1702 955 1740 suorum
980 1688 1288 1761 quemdam,
1322 1688 1539 1741 nomine
1567 1687 1784 1740 lrudnm

207 1775 512 1828 Aristobuli
564 1775 875 1844 tilium,qui
917 1784 973 1830 et
1022 1776 1295 1844 Agrianus
1345 1779 1652 1846 appellatus
1680 1788 1784 1843 est,

208 1867 608 1938 Hierosolymis
638 1866 903 1934 prtcfecit,
955 1866 1153 1920 additis
1185 1869 1346 1921 etiam
1381 1878 1617 1936 quatuor
1662 1886 1789 1938 pro-

208 1960 410 2013 vinciis
443 1976 583 2028 quas
630 1958 887 2022 Herodis,
932 1958 1023 2012 lilii
1068 1960 1365 2029 Antipatri,
1407 1962 1501 2014 lilii
1544 1963 1684 2016 inter
1730 1982 1786 2018 se

208 2052 394 2121 partiti
459 2050 817 2121 325-327
868 2051 1104 2104 fuerant.
1168 2051 1291 2105 Fuit
1353 2053 1628 2120 Agriatttts
1689 2055 1787 2109 istc

208 2154 392 2203 prava:
447 2141 907 2203 conversationis,
956 2155 1019 2194 ac
1073 2140 1253 2195 multae
1309 2144 1550 2196 malitia:-
1589 2147 1689 2208 vir,
1734 2147 1785 2198 in

208 2230 512 2301 discipulos
565 2229 944 2286 crudelitatem
998 2231 1331 2305 [exercens].
1380 2233 1471 2289 Ille
1518 2250 1659 2299 erat,
1694 2238 1785 2307 qui

209 2325 549 2394 Stephanum
589 2336 880 2394 martyrem
916 2334 970 2379 et
1001 2327 1349 2380 diacooorum
1385 2329 1691 2397 principem
1720 2346 1784 2383 ac

208 2420 448 2488 primum
480 2420 748 2487 lapidibus
774 2420 1029 2473 obrutum
1067 2420 1374 2487 interfecit;
1408 2424 1608 2491 quique
1632 2421 1788 2478 Jaco-

208 2513 335 2565 bum
365 2509 594 2565 Joannis
617 2511 835 2563 fratrem
862 2510 1101 2567 Zchedaei
1125 2514 1291 2566 lilium
1322 2514 1502 2583 gladio
1526 2515 1745 2568 sustulit
1769 2533 1784 2582 ;

207 2604 543 2672 Petrumque.
577 2605 629 2657 in
663 2621 941 2659 carcerem
976 2605 1287 2671 conjectum
1320 2620 1351 2659 e
1383 2606 1563 2659 medio
1595 2607 1785 2659 tollere

209 2696 259 2748 iu
295 2697 483 2749 animo
515 2697 727 2760 habuit,
764 2714 925 2767 quem
959 2706 1139 2751 tamen
1175 2712 1276 2767 0pc
1307 2714 1403 2751 sua
1441 2697 1584 2751 Deus
1610 2716 1639 2752 e
1673 2715 1787 2751 ma-

207 2790 374 2843 nibus
396 2790 515 2858 ejus
538 2790 780 2859 eripuit;
818 2792 909 2859 qui
934 2794 1002 2844 ab
1031 2792 1149 2857 ipso
1178 2787 1516 2845 Antiochiam
1549 2791 1783 2861 fugiens,

208 2881 505 2936 Arcadium
557 2883 862 2936 Antiochia:
910 2882 1277 2950 patriarcham
1330 2881 1640 2944 constituit,
1696 2883 1783 2936 cui

210 2991 387 3030 attnos
416 2975 607 3043 viginti
646 2983 853 3044 septem
889 2974 1126 3043 praefuit.
1159 2977 1337 3042 Atque
1368 2974 1457 3027 hic
1490 2976 1697 3040 primus
1730 2976 1782 3028 in

209 3070 342 3123 urbe
367 3068 677 3121 Aulinrltiu‘.
712 3066 1017 3137 patriarcha
1051 3066 1226 3120 factus
1250 3076 1352 3120 cst.
1387 3066 1673 3120 Prolertns
1701 3073 1784 3120 est

1960 582 2131 637 Porro
2174 600 2318 639 anno
2364 586 2576 641 Claudii
2627 586 2860 642 Caesaris
2907 602 3075 650 nono,
3123 587 3452 654 evangelista

1891 674 2104 730 Marcus
2136 677 2189 731 in
2242 678 2377 731 urbe
2421 679 2761 733 Alexandriae
2809 680 3056 733 homines
3106 679 3169 731 ad
3204 679 3361 733 fidem
3402 682 3457 734 in

1890 766 2171 823 Christum
2206 768 2493 821 Dominum
2543 780 2788 825 nostrmn
2844 770 3089 823 invitavit
3129 788 3141 822 :
3194 770 3286 839 qui
3327 770 3454 824 dum

1891 860 2079 913 urbem
2121 861 2519 929 perambularet
2555 862 2802 918 diﬂracta
2852 872 2937 918 est
2981 863 3080 931 ipsi
3128 863 3293 917 calcei
3331 880 3457 917 cor-

1890 951 2067 1019 rigia;
2101 968 2270 1020 quare
2301 954 2365 1007 ad
2386 962 2627 1009 sutorem
2665 957 2881 1010 nomine
2902 956 3205 1009 llananiam
3241 972 3298 1009 se
3331 970 3462 1009 con-

1890 1044 2029 1109 tulit,
2063 1047 2154 1114 qui
2193 1047 2431 1100 calceum
2478 1048 2650 1117 ipsius
2701 1048 2962 1103 reficeret.
3008 1049 3103 1103 Ille
3146 1048 3339 1103 subula
3393 1047 3459 1099 ad

1894 1136 2278 1205 perforandum
2317 1138 2557 1192 calceum
2592 1146 2833 1207 sumpta,
2868 1154 2992 1191 eum
3034 1138 3263 1207 digitum
3301 1152 3459 1191 suum

1890 1227 2248 1295 perforasset,
2305 1229 2441 1283 adeo
2486 1239 2545 1283 ut
2600 1231 2830 1284 multum
2876 1229 3123 1284 efﬂueret
3173 1228 3461 1295 sanguinis

1894 1335 1993 1374 nec
2022 1321 2143 1375 sine
2200 1320 2385 1375 dolore
2415 1321 2637 1389 ingenti,
2670 1323 2721 1375 in
2759 1322 2998 1375 Marcum
3044 1321 3461 1375 snbmurmura-

1893 1411 1968 1463 vit
2002 1428 2013 1462 :
2057 1411 2141 1463 cui
2178 1427 2305 1479 ergo
2347 1412 2562 1466 Marcus
2603 1432 2616 1467 :
2650 1412 2705 1467 Si
2748 1412 3068 1473 credideris,
3100 1410 3456 1481 329-331

1895 1502 2092 1569 inquit,
2130 1504 2179 1556 in
2224 1502 2407 1558 Jesum
2445 1505 2722 1559 Christum
2776 1506 2969 1560 Filium
3017 1505 3129 1569 Dei,
3182 1506 3465 1559 sanabitur

1895 1594 2097 1659 digitus
2131 1607 2253 1648 tuus
2295 1615 2307 1649 :
2342 1613 2407 1651 ac
2449 1599 2718 1666 prehenso
2761 1598 2934 1664 ipsius
2975 1597 3162 1665 digito,
3196 1576 3373 1650 dixit?
3404 1593 3462 1647 ln

1896 1688 2113 1741 nomine
2142 1689 2269 1742 .lesu
2301 1688 2505 1743 Christi
2532 1696 2757 1743 sanetur
2788 1690 2991 1757 digitus
3020 1700 3143 1743 tuus
3171 1705 3185 1753 ;
3210 1688 3299 1755 qui
3330 1701 3461 1750 ergo

1896 1778 2082 1828 eodem
2132 1787 2412 1831 momento
2449 1778 2502 1831 in
2547 1780 2838 1832 sanitatem
2884 1761 3171 1830 restitutus
3202 1785 3303 1838 est,
3338 1790 3464 1830 san-

1896 1866 2057 1934 guine
2090 1867 2326 1935 amplius
2375 1884 2480 1922 ncn
2514 1868 2785 1922 cfiiuente.
2841 1867 3083 1921 Credidit
3119 1881 3249 1934 ergo
3285 1866 3351 1919 ab
3397 1881 3462 1918 co

1893 1968 2137 2027 tempore
2192 1960 2467 2013 llananias
2514 1960 2568 2013 in
2624 1960 2924 2023 Christmn,
2980 1959 3121 2013 unde
3165 1942 3462 2028 baptizavit

1890 2066 2011 2101 eum
2047 2049 2265 2104 Marcus
2295 2061 2344 2102 et
2378 2050 2721 2104 Alexandria:
2761 2050 3128 2115 patriarcham
3154 2050 3459 2102 constituit.

1892 2138 2122 2208 Fuitque
2156 2143 2201 2195 is
2239 2141 2673 2207 patriarcharum
2716 2142 2806 2208 qui
2842 2140 3183 2193 Alexandriae
3218 2140 3459 2207 przelecti

1890 2241 2013 2284 sunt
2045 2230 2274 2299 primus.
2307 2230 2608 2283 Constituit
2645 2239 2822 2283 autem
2860 2230 3190 2299 evangelista
3227 2227 3461 2293 Marcus,

1888 2336 1995 2374 una
2028 2336 2151 2375 cuni
2195 2320 2439 2375 llanauia
2474 2320 2810 2389 patriarcha,
2844 2321 3136 2374 duodecim
3179 2320 3465 2390 presbyte-

1894 2429 2001 2478 ros,
2030 2414 2119 2479 qui
2167 2428 2360 2482 nempe
2388 2428 2512 2467 cnm
2554 2413 2858 2481 patriarcha
2892 2426 3197 2477 manerent,
3235 2412 3370 2465 adeo
3404 2419 3464 2465 ut

1889 2522 2011 2559 cum
2042 2516 2254 2560 vacaret
2282 2506 2707 2575 patriarchatus,
2735 2520 2901 2558 unum
2927 2519 2957 2558 e
3007 2503 3298 2557 duodecim
3337 2518 3459 2572 pre—

1889 2599 2123 2669 shyteris
2142 2599 2425 2667 eligerent,
2447 2600 2605 2665 cujus
2635 2599 2796 2668 capiti
2832 2598 3024 2667 reliqui
3055 2598 3303 2653 undecim
3344 2613 3461 2651 ma-

1892 2708 1995 2744 nus
2028 2690 2368 2760 imponentes
2410 2690 2513 2759 ipsi
2566 2690 2955 2745 benedicerent
2997 2698 3051 2743 et
3093 2688 3461 2757 patriarcham

1891 2792 2182 2847 crearent;
2234 2782 2432 2837 deinde
2468 2783 2644 2835 virum
2702 2782 2934 2851 aliquem
2989 2783 3256 2850 insignem
3297 2782 3466 2851 elige-

1892 2882 2010 2928 rent
2053 2890 2212 2943 quem
2258 2890 2443 2929 secum
2481 2875 2855 2945 presbyterum
2905 2874 3307 2927 constituerent
3342 2873 3462 2926 loco

1890 2968 2009 3035 ejus
2036 2970 2127 3036 qui
2156 2967 2331 3021 factus
2362 2979 2445 3023 est
2475 2968 2809 3036 patriarcha,
2842 2975 2899 3019 ut
2934 2968 3004 3020 ita
3036 2982 3248 3034 semper
3276 2974 3463 3018 exsta-

1890 3066 2014 3113 rent
2047 3060 2356 3113 dnodecim.
2408 3058 2595 3127 Neque
2643 3059 2803 3113 desiit
2848 3058 3192 3112 Alexandria:
3242 3060 3464 3112 institu-

207 3159 404 3212 deiude
432 3158 628 3213 Petrus
657 3156 910 3224 Romam,
938 3158 1080 3227 quod
1109 3173 1252 3211 anno
1281 3157 1427 3227 regni
1461 3156 1575 3209 Caii
1609 3156 1786 3242 Casa-

1896 3156 2009 3200 tum
2041 3148 2144 3201 hoc
2166 3148 2233 3202 de
2256 3148 2607 3217 presbyteris,
2631 3157 2689 3200 ut
2713 3148 2923 3201 scilicet
2952 3148 3291 3215 patriarchas
3313 3164 3467 3203 crea-

212 3250 286 3301 ris
334 3248 580 3301 secundo
619 3248 870 3318 contigit.
932 3247 1123 3300 Incidit
1172 3256 1357 3299 autem
1409 3246 1682 3316 Agrianos
1732 3247 1786 3301 in

211 3335 465 3388 morbum
528 3351 772 3405 gravem,
829 3351 941 3405 quo
990 3344 1317 3405 consumpta
1375 3351 1542 3391 carne
1593 3336 1785 3405 ipsius,

211 3437 379 3495 atque
411 3428 685 3481 exsiccato
713 3442 962 3496 corpore,
1011 3436 1261 3482 mortuus
1288 3436 1389 3481 est.
1429 3428 1630 3482 Audito
1658 3443 1788 3497 ergo

210 3519 510 3587 Agrianum
538 3528 811 3572 mortuum
841 3534 982 3580 esse,
1004 3518 1167 3571 alium
1191 3518 1244 3572 in
1275 3518 1451 3572 locum
1480 3520 1595 3586 ejus
1626 3518 1789 3573 suffe-

211 3614 287 3663 rit
342 3612 509 3665 Caius
568 3613 909 3679 imperator,
973 3612 1193 3665 nomine
1248 3612 1412 3665 etiam
1464 3612 1787 3682 Agrianum,

212 3718 375 3769 quem
414 3701 788 3773 Hierosolyma
826 3702 998 3755 misit.

285 3790 459 3847 Porro
484 3809 625 3845 anno
656 3794 806 3860 regni
844 3792 1017 3861 ipsius
1044 3792 1289 3847 secundo
1323 3792 1498 3846 factus
1526 3806 1607 3847 est
1629 3793 1792 3848 Jaco-

217 3887 319 3939 bus
350 3884 577 3954 Iosephi
616 3885 781 3948 filius,
818 3886 911 3955 qui
945 3895 997 3938 et
1028 3885 1196 3939 frater
1238 3885 1448 3940 Domini
1481 3887 1653 3941 nostri
1696 3903 1791 3957 apv

214 3979 473 4043 pellatur,
517 3978 805 4046 episcopus
854 3976 1405 4048 llierosolymitanus,
1438 3978 1528 4047 qui
1581 3980 1793 4047 primus

216 4068 345 4121 huic
378 4066 588 4121 muneri
628 4064 1017 4137 Hierosolymis
1044 4066 1333 4135 praefectus
1361 4075 1465 4129 est,
1492 4082 1600 4136 quo
1623 4080 1793 4121 annos

214 4159 409 4228 viginti
467 4168 590 4214 Octo
640 4158 864 4212 functus
913 4167 1016 4213 est.
1075 4158 1273 4213 Gravia
1326 4167 1507 4212 autem
1558 4159 1716 4213 valde
1763 4174 1792 4212 a

214 4250 420 4304 Iudaeis
472 4262 528 4305 et
579 4250 841 4305 Romanis
896 4250 1039 4319 passi
1100 4260 1229 4304 sunt
1278 4250 1554 4319 discipuli,
1612 4250 1795 4305 multis

216 4345 465 4412 ipsorum
501 4353 674 4397 morte
700 4343 933 4397 affectis.
967 4343 1179 4397 Mortuo
1202 4352 1382 4397 autem
1407 4343 1537 4396 Caio
1560 4342 1793 4409 Caesare,

217 4436 404 4489 ltoma:
435 4446 559 4502 post
595 4435 773 4503 ipsum
806 4434 1095 4503 imperavit
1125 4433 1291 4503 328
1324 4431 1586 4487 Claudius
1612 4432 1795 4486 Caesar

1892 3250 2014 3293 rent
2044 3256 2109 3293 ex
2156 3241 2489 3311 presbyteris
2528 3239 2840 3302 duodecim,
2892 3255 3064 3309 usque
3106 3240 3171 3293 ad
3221 3252 3463 3309 tempora

1891 3330 2182 3385 Alexandri
2225 3332 2550 3401 patriarcha:
2587 3330 2965 3395 Alexandrini,
3000 3332 3091 3399 qui
3135 3331 3235 3385 fuit
3265 3348 3329 3386 ex
3358 3348 3460 3385 nu-

1892 3438 2042 3477 tnero
2075 3424 2167 3475 illo
2193 3433 2561 3477 trecentorum
2585 3431 2639 3477 et
2664 3423 2988 3477 octodecim.
3016 3423 3068 3477 ls
3096 3434 3272 3477 autem
3294 3424 3465 3477 vetuit

1895 3531 1964 3570 ne
2014 3514 2272 3584 deinceps
2310 3515 2681 3583 patriarcham
2730 3515 3033 3584 presbyteri
3081 3524 3349 3570 crearent.
3402 3515 3466 3569 Et

1892 3607 2133 3661 decrevit
2163 3618 2217 3659 ut
2251 3615 2467 3660 mortuo
2495 3607 2805 3676 patriarcha
2837 3607 3194 3661 convenirent
3220 3608 3459 3676 episcopi

1894 3700 1985 3767 qui
2031 3701 2392 3770 patriarcham
2428 3701 2765 3755 ordinarent.
2802 3701 3052 3754 Decrevit
3093 3701 3221 3755 item
3262 3710 3335 3761 ut.
3369 3717 3462 3754 va-

1896 3804 2056 3848 cante
2096 3794 2256 3863 332
2287 3794 2679 3862 patriarcham,
2726 3794 2993 3862 eligerent
3024 3809 3086 3847 ex
3137 3809 3465 3862 quacunque

1896 3884 2117 3938 tandem
2153 3886 2391 3951 regione,
2424 3885 2539 3939 sive
2568 3898 2631 3937 ex
2659 3884 2945 3937 duodecim
2980 3884 3087 3938 illis
3114 3884 3466 3953 presbyteris,

1896 3976 2010 4030 sive
2044 3977 2187 4037 aliis,
2222 3977 2395 4029 virum
2424 3976 2663 4046 aliquem
2695 3976 2979 4040 eximium,
3013 3984 3311 4045 perspectas
3343 3992 3467 4044 pro-

1899 4068 2101 4132 bitatis,
2152 4084 2389 4137 eumque
2442 4068 2812 4136 patriarcham
2855 4080 3121 4122 crearent.
3176 4071 3347 4136 Atque
3397 4069 3470 4121 ita

1898 4162 2119 4216 evanuit
2149 4162 2459 4215 institntmn
2495 4161 2625 4214 illud
2678 4162 2977 4230 antiquius,
3028 4178 3137 4231 quo
3171 4162 3343 4215 creari
3381 4178 3472 4215 so-

1899 4255 2027 4309 litus
2052 4270 2079 4306 a
2106 4254 2439 4324 presbyteris
2468 4254 2776 4323 patriarcha
2803 4294 2818 4316 ,
2849 4266 2896 4308 et
2924 4256 3257 4309 succcssitin
3287 4256 3470 4309 locum

1898 4346 2017 4414 ejus
2050 4347 2327 4400 decretum
2360 4346 2427 4399 de
2462 4344 2774 4411 patriarcha
2806 4346 2873 4399 ab
2899 4347 3172 4415 episcopis
3206 4348 3467 4402 creando.

1899 4436 2054 4502 Quod
2085 4446 2264 4492 autem
2293 4444 2548 4505 qnzerunt
2586 4434 2903 4508 [nonnulli],
2934 4437 3119 4503 Quare
3159 4439 3471 4506 patriarcha

214 4540 393 4580 annos
426 4525 863 4613 quatuordecim,
901 4540 1008 4592 quo
1057 4525 1359 4593 imperante
1390 4523 1563 4579 fames
1600 4538 1793 4594 magna
1821 4546 1875 4605 ι)
1902 4528 2301 4582 Alexandrinus
2335 4536 2559 4582 vocetur
2603 4527 2744 4595 Papa
2799 4528 2978 4597 (cujus
3009 4529 3247 4582 nominis
3302 4529 3471 4598 signi-

214 4630 269 4674 et
307 4619 493 4688 gravis
522 4634 615 4688 per
645 4626 815 4671 totum
847 4618 1033 4671 Orbem
1082 4616 1207 4679 fuit,
1240 4616 1398 4681 cujus
1432 4618 1791 4681 vehementia,

215 4722 269 4765 ct
323 4722 475 4779 peste
530 4709 728 4762 mortui
782 4718 909 4763 sunt
960 4710 1230 4763 homines.
1284 4707 1538 4776 Ejusdem
1586 4706 1793 4761 Claudii

217 4811 469 4870 tempore
495 4798 713 4865 scripsit
743 4797 1027 4852 Mattbazus
1058 4796 1447 4868 Evangeliuum
1480 4813 1638 4851 suum
1670 4796 1798 4851 Ilie-

218 4893 535 4962 rosolymis,
601 4892 789 4963 lingua
842 4892 1131 4957 llehraica,
1184 4892 1330 4962 quod
1388 4891 1578 4947 Graece
1632 4894 1796 4947 vertit

213 4985 461 5040 Joannes
516 4984 873 5053 evangelista.
924 4983 1093 5038 Porro
1149 4982 1319 5037 Judaei
1373 4984 1587 5053 pejores
1633 4997 1796 5053 quam

217 5080 439 5132 fuerant
466 5085 522 5131 et
548 5077 929 5132 sceleratiores
952 5086 1269 5140 evaserunt,
1301 5078 1437 5131 adeo
1457 5086 1513 5129 ut
1540 5077 1629 5130 alii
1662 5077 1798 5130 alios

219 5172 271 5223 in
308 5169 502 5238 plateis
549 5179 605 5221 et
638 5170 869 5236 campis,
906 5183 1013 5237 qua
1072 5176 1227 5223 erant
1279 5170 1518 5236 nequitia
1556 5178 1610 5225 et
1642 5171 1799 5223 mali-

218 5274 319 5327 ιιι,
353 5260 691 5315 occiderent.
724 5261 994 5330 Agrianos
1019 5275 1150 5329 ergo
1181 5258 1679 5331 Hierosolymorum
1713 5280 1797 5317 rc-

218 5354 414 5424 gimini
447 5354 737 5423 quemdam
773 5353 996 5407 nomine
1028 5351 1246 5407 Festum
1283 5354 1609 5421 praeficiens,
1641 5368 1701 5408 se
1732 5356 1799 5408 ab

220 5447 355 5516 ipsis
384 5445 615 5499 Romam
653 5445 778 5515 fuga
811 5446 1098 5515 proripuit,
1130 5462 1241 5516 quo
1270 5462 1395 5500 cum
1432 5446 1798 5516 pervenisset,

218 5539 455 5594 Claudio
506 5537 708 5592 Caesari
764 5538 1120 5608 imperatori,
1177 5554 1424 5608 quaenam
1480 5548 1800 5593 exercerent

222 5635 432 5689 scelera
470 5631 665 5691 Judaei.
704 5628 967 5689 narravit.
1000 5631 1105 5699 Qui
1137 5648 1287 5704 ergo,
1320 5634 1567 5688 exercitu
1602 5647 1801 5701 magno

228 5725 604 5796 Hierosolyma
639 5724 1181 5789 misso,Judaorum,
1232 5742 1337 5779 una
1384 5742 1506 5780 cum
1555 5727 1797 5796 ipsorum

224 5817 491 5875 uxoribus
536 5828 589 5874 et
625 5818 832 5887 liberis,
866 5819 1065 5876 multos
1116 5818 1427 5882 interfecit;
1467 5820 1600 5875 alios
1635 5821 1796 5874 etiam

1900 4618 2091 4673 licatus
2113 4632 2216 4677 est.
2244 4618 2433 4682 avus)?
2458 4618 2763 4688 [sciendum
2786 4617 2891 4690 est]
2922 4621 2990 4675 ab
3016 4621 3281 4680 Hanania.
3307 4637 3469 4690 quem

1900 4710 2183 4763 constituit
2221 4709 2433 4763 Marcus
2464 4711 2801 4778 evangelista
2836 4712 3202 4779 patriarcham
3234 4712 3471 4766 Alexan-

1900 4799 2049 4861 driae,
2078 4816 2249 4868 usque
2278 4799 2328 4852 in
2359 4807 2603 4867 tempora
2639 4798 2893 4854 Demetrii
2923 4801 3244 4871 patriarchae
3276 4801 3470 4855 ibidem

1904 4893 1970 4960 (is
1997 4892 2306 4960 patriarcha
2337 4892 2441 4945 fuit
2460 4893 2869 4948 Alexandrinus
2893 4894 3236 4963 undecimus)
3262 4894 3471 4949 nullum

1903 4984 2074 5037 fuisse
2121 4982 2175 5035 in
2225 4984 2519 5052 provinciis
2565 4983 2783 5053 Egypti
2832 4986 3188 5055 episcopum;
3241 5000 3339 5039 nec
3374 5001 3471 5054 pa-

1904 5074 2154 5129 triarcha:
2188 5085 2317 5128 ante
2354 5090 2477 5128 eum
2511 5084 2773 5129 crearunt
2807 5076 3120 5145 episcOpos.
3164 5077 3261 5130 Ille
3288 5084 3470 5131 autem

1906 5169 2083 5221 factus
2118 5168 2427 5237 patriarcha
2467 5176 2576 5221 tres
2606 5169 2895 5222 constituit
2926 5170 3229 5238 episcopos.
3258 5168 3323 5222 Et
3354 5170 3467 5236 pri-

1904 5277 2024 5315 mus
2058 5260 2162 5315 fuit
2202 5261 2287 5315 hic
2329 5258 2642 5328 patriarcha
2693 5260 3101 5315 Alexandrinus
3129 5261 3224 5330 qui
3256 5262 3472 5328 episco-

1903 5368 2000 5424 pos
2024 5353 2171 5409 fecit.

1970 5444 2180 5499 Mortuo
2216 5444 2487 5498 Demetrio
2518 5442 2777 5499 suffectus
2804 5451 2890 5497 est
2920 5443 3180 5498 Heraclas
3212 5444 3463 5512 patriar-

1902 5542 2001 5595 cha
2034 5537 2452 5599 Alexandrinus,
2486 5536 2576 5606 qui
2608 5536 2892 5604 episcopos
2927 5536 3216 5591 constituit
3247 5535 3461 5605 viginti.

1907 5636 1977 5689 Ex
2008 5636 2090 5690 his
2120 5650 2261 5688 unus
2292 5644 2430 5699 erat,
2468 5633 2789 5685 Ammonius
2818 5632 3020 5697 dictus,
3060 5631 3340 5700 religionis
3378 5632 3467 5683 de-

1907 5735 2102 5781 sertor.
2160 5724 2230 5779 De
2264 5740 2371 5793 quo
2404 5724 2565 5778 simul
2604 5738 2665 5777 ac
2692 5723 2758 5779 ad
2827 5723 3108 5777 Ileraclam
3158 5722 3335 5775 delata
3390 5736 3473 5771 est

1909 5818 2075 5883 fatua,
2111 5815 2457 5887 congregavit
2494 5815 2535 5869 is
2572 5812 2839 5871 svnodnm
2868 5813 3246 5883 episcoporum
3279 5849 3293 5873 ,
3330 5818 3381 5864 et
3416 5810 3468 5862 iu
