4200 6432
696 396 802 461 983

1709 396 2074 459 EUTYCHII
2110 396 2644 461 ALEXANDRINI
2686 400 2901 461 PATR.

3830 392 3945 460 984

696 512 883 564 urbem
919 509 1188 565 Απιιηοιιίί
1215 508 1476 580 Perrexit.
1510 509 1602 564 libi
1645 525 1702 566 τε
1743 512 1878 566 satis
1933 510 2153 582 cognita
2204 519 2259 564 el
2294 514 2339 571 Δ
2368 516 2587 571 Oriente
2615 517 2811 581 fuerat,
2839 513 3059 569 nomine
3084 511 3501 583 Vespasianum,
3533 508 3713 574 misit,
3742 520 3800 563 ιιι
3831 509 3949 564 col.

698 614 976 671 p:rspecta
1002 616 1123 655 eum
1160 602 1225 655 ad
1252 602 1531 656 veritatem
1558 602 1791 659 reduxit.
1836 602 1972 657 Cum
2002 618 2132 657 vero
2166 602 2266 656 ho-

698 693 871 747 mines
893 691 1490 763 audicrantepisropos
1545 693 1785 748 vocitare
1854 693 2265 759 patriarcbam,

694 784 846 836 Abba
870 797 964 837 seu
990 782 1201 837 Patrem
1225 822 1241 846 ,
1275 782 1616 855 333-335
1642 785 1784 838 inter
1811 800 1869 839 se
1893 783 2081 838 dixere
2107 798 2123 836 :
2159 782 2268 837 Nos

695 875 1019 944 episcopum
1044 874 1336 944 quemlibet
1371 874 1547 940 Abba,
1576 891 1669 929 seu
1722 875 1935 930 Patrem
1962 914 1978 939 ,
2030 875 2268 944 appella-

694 982 838 1029 mus,
869 972 922 1023 et
952 966 1219 1036 appellant
1246 966 1486 1035 episcopi
1520 967 1885 1036 patriarcham
1911 968 2088 1023 Abba.
2115 966 2267 1021 Unde

608 1051 612 1054 ⁴
694 1075 829 1115 sane
860 1068 1071 1129 oportet
1104 1069 1163 1114 ut
1197 1074 1456 1115 vocemus
1486 1075 1587 1114 nos
1617 1062 1983 1130 patriarcham
2038 1060 2264 1128 Papam,

694 1152 748 1205 id
781 1160 883 1216 est,
906 1154 1116 1218 Avum;
1153 1168 1276 1207 cum
1308 1154 1379 1206 sit
1407 1151 1566 1207 Pater
1600 1160 1835 1222 patrum.
1865 1153 1940 1206 Ita
1968 1167 1997 1205 a
2024 1163 2267 1221 tempore

696 1244 965 1308 lleraclm,
998 1245 1315 1314 patriarcha
1349 1245 1751 1300 Alexandrinus
1782 1244 1960 1299 dictus
1986 1254 2069 1299 est
2096 1241 2262 1308 Papa,

696 1334 747 1388 id
769 1348 875 1398 est,
899 1338 1069 1390 Avus.
1107 1337 1397 1406 Postquam
1428 1343 1607 1390 autem
1634 1334 1917 1389 Hananias
1950 1334 2264 1404 patriarcha

695 1425 1128 1487 Alexandrinus,
1148 1441 1310 1495 quem
1332 1424 1545 1479 Marcus
1569 1425 1901 1495 evangelista
1927 1426 1979 1478 in
2009 1425 2138 1479 sede
2168 1439 2265 1479 sua

696 1518 1008 1583 constituit,
1041 1522 1217 1573 annos
1250 1517 1467 1572 sederat
1500 1516 1690 1584 viginti
1722 1515 1853 1581 duo,
1882 1527 2132 1570 mortuus
2157 1524 2263 1571 est.

692 1612 759 1665 Et
788 1609 1067 1680 prolectus
1100 1618 1186 1664 est
1218 1608 1436 1665 Marcus
1466 1607 1798 1678 evangelista
1824 1609 1875 1661 in
1906 1606 2128 1660 Baream
2160 1647 2176 1671 ,
2210 1615 2265 1661 ut

690 1704 939 1757 homines
968 1702 1033 1756 ad
1070 1701 1225 1754 ﬁdem
1260 1701 1312 1753 in
1339 1700 1618 1756 Christum
1672 1699 1867 1753 Filium
1922 1697 2015 1754 Dei
2064 1699 2265 1752 invita-

692 1805 792 1848 ret.
821 1794 965 1849 Obiit
997 1794 1121 1849 dein
1145 1792 1410 1849 Claudius
1440 1792 1650 1856 Caesar,
1684 1793 1986 1861 imperator
2016 1830 2030 1855 ,
2059 1800 2113 1845 et
2165 1792 2265 1843 im-

693 1884 900 1951 peravit
928 1883 1111 1938 Romae
1139 1892 1260 1953 post
1291 1898 1415 1937 eum
1446 1881 1594 1937 ﬁlius
1626 1884 1746 1951 ejus
1793 1880 1934 1935 Nero
1961 1880 2144 1935 Caesar
2174 1896 2270 1933 an-

692 1975 1101 2038 nistredecim,
1163 1975 1256 2043 qui
1317 1975 1528 2044 primus
1573 1973 1672 2027 fuit
1726 1974 2173 2043 gravissimorum
2215 1973 2268 2027 in

688 2066 1041 2122 Christianos
1071 2066 1338 2119 malorum
1366 2074 1577 2130 auctor,
1608 2065 1770 2119 homo
1797 2074 1985 2133 utpote
2049 2066 2102 2119 in
2137 2080 2270 2119 con-

691 2157 796 2211 silii
824 2165 878 2210 et
906 2156 1028 2209 vita:
1059 2155 1405 2210 instituenda:
1449 2156 1661 2210 ratione
1692 2156 2157 2225 improbissimus.
2203 2156 2271 2209 Et

695 2258 931 2318 tempore
959 2246 1187 2302 Nemnis
1242 2247 1492 2308 Caesaris,
1529 2249 1746 2317 scripsit
1779 2248 1969 2302 Petrus
1995 2287 2009 2308 .
2052 2258 2267 2316 aposto-

690 2343 865 2395 lorum
891 2341 1165 2411 princeps,
1198 2338 1550 2411 Evangelium
1570 2339 1758 2403 Marci,
1791 2340 2031 2395 dictante
2054 2338 2268 2404 Marco,

694 2438 871 2504 lingua
903 2434 1142 2489 Romana
1166 2474 1180 2498 ,
1211 2435 1263 2487 in
1297 2435 1429 2488 urbe
1460 2435 1674 2499 Romae;
1708 2432 1801 2487 sed
1860 2433 2108 2488 attribuit
2139 2432 2269 2487 illud

694 2524 906 2579 Marco.
937 2525 1116 2579 Etiam
1154 2534 1397 2594 tempore
1431 2524 1596 2589 hujus
1650 2524 1999 2592 imperatoris
2054 2524 2273 2592 scripsit

693 2618 870 2670 Lucas
908 2615 1258 2687 Evangelium
1291 2630 1448 2669 suum
1474 2613 1683 2677 Graece,
1717 2614 1781 2667 ad
1830 2614 2002 2668 virum
2035 2614 2268 2667 nobilem

687 2726 752 2764 ex
782 2708 1126 2778 sapientibus
1156 2706 1419 2762 Romanis
1441 2748 1455 2771 ,
1490 2706 1577 2759 cui
1632 2721 1830 2760 nomen
1888 2705 2226 2775 Theophilus
2255 2744 2268 2765 ,

689 2801 755 2855 ad
788 2815 947 2869 quem
981 2801 1107 2855 item
1141 2798 1365 2867 scripsit
1388 2798 1519 2851 Acta
1570 2812 1667 2852 seu
1725 2796 2125 2865 discipulorum
2190 2794 2272 2847 bi.

690 2895 941 2949 storiam.
975 2892 1106 2944 Erat
1133 2899 1316 2945 autem
1340 2888 1517 2943 Lucas
1546 2887 1875 2958 evangelista
1907 2901 2089 2940 comes
2118 2884 2271 2938 Pauli

688 2984 943 3055 apostoli,
972 2996 1207 3051 quocum
1237 2996 1332 3050 per
1356 2988 1574 3051 tempus
1602 2981 1817 3049 aliquod
1855 2982 2078 3035 mansit.
2109 2978 2266 3034 Unde

688 3071 937 3140 estquod
970 3070 1167 3138 Paulus
1196 3076 1473 3136 apostolus
1530 3069 1695 3140 336
1737 3070 1791 3122 in
1850 3070 2085 3139 quadam
2145 3068 2269 3138 Epi-

2370 608 2523 663 lectis
2550 607 2724 676 copiis
2752 605 2952 660 Iudaeae
2981 606 3255 674 regionem
3288 616 3583 672 aggressus
3615 640 3631 665 ,
3677 599 3939 669 populum

2372 698 2684 752 universum
2718 696 2811 762 (ne
2835 710 2947 751 uno
2973 692 3286 765 superstite)
3323 691 3693 746 internecione
3715 689 3939 753 deleret,

2369 791 2674 858 t'omosqne
2704 790 2944 857 ipsorum
2986 794 3243 841 vastaret.
3265 784 3387 852 Quo
3414 783 3600 837 audito
3622 780 3939 851 congregati

2368 883 2562 948 Judaei,
2592 882 2881 936 ditioribus
2907 890 3160 952 sumptus
3195 876 3631 932 ministrantibus
3652 876 3793 927 circa
3812 874 3944 925 Hie—

2370 976 2640 1045 rosolyma
2674 983 2783 1029 tres
2811 979 3129 1028 struxerunt
3186 983 3396 1035 muros,
3430 966 3631 1037 quibus
3693 964 3941 1018 turribus

2371 1067 2595 1119 munitis
2630 1081 2693 1119 ac
2725 1065 2950 1121 firmatis
2979 1079 3100 1119 sese
3136 1068 3465 1116 tutarentur.
3494 1055 3780 1112 Profectus
3810 1070 3942 1125 ergo

2368 1159 2423 1212 in
2460 1156 2693 1211 Iudaeam
2736 1154 3101 1224 Vespasianus
3134 1152 3337 1207 nullam
3377 1151 3429 1204 in
3456 1147 3694 1203 Gallilzea
3746 1145 3939 1199 urbem

2369 1249 2589 1319 reliquit
2622 1262 2784 1318 quam
2817 1262 2921 1300 non
2962 1246 3195 1299 dirutam
3230 1241 3543 1297 incenderet
3569 1247 3793 1294 :contra
3815 1235 3943 1290 Hie-

2368 1344 2636 1413 rosolyma
2666 1356 2818 1405 vero,
2851 1339 2993 1409 quod
3025 1339 3164 1393 adeo
3204 1337 3412 1390 munita
3445 1342 3589 1389 esset
3617 1372 3632 1395 ,
3691 1347 3817 1387 cum
3870 1331 3940 1384 ad

2368 1434 2572 1503 aliquid
2626 1431 2956 1486 moliendum
3026 1430 3323 1499 imparatus
3374 1434 3540 1490 esset,
3614 1438 3722 1494 quo
3767 1423 3941 1477 tutius

2369 1542 2456 1581 res
2489 1534 2692 1595 ageret,
2723 1524 2839 1592 ipsa
2871 1537 3012 1576 anno
3042 1521 3255 1591 integro
3283 1518 3493 1573 obsedit
3528 1557 3544 1580 ,
3594 1515 3795 1570 Iudaeis
3852 1516 3940 1568 in-

2367 1616 2525 1670 terim
2555 1615 2690 1668 clam
2725 1623 2885 1668 noctu
2932 1608 3351 1682 erumpentibus
3408 1605 3789 1674 Romanosque
3836 1619 3941 1659 cte-

2367 1706 2644 1762 dentibus.

2440 1799 2633 1865 Porro,
2676 1811 2918 1868 tempore
2948 1797 3175 1852 Neronis
3215 1794 3399 1850 ﬂoruit
3439 1793 3683 1848 medicus
3715 1789 3943 1859 quidam

2377 1892 2597 1947 nomine
2637 1892 3066 1951 Andromacbus,
3105 1888 3195 1955 qui
3245 1885 3439 1940 Neroni
3472 1884 3765 1937 theriacam
3809 1896 3948 1949 prae-

2372 1985 2760 2039 stantissimam
2796 1982 3047 2038 confecit.
3081 1978 3316 2049 (Arabes
3349 1993 3466 2032 eam
3493 1975 3810 2029 Dberlaratn
3844 1988 3947 2041 ap-

2373 2078 2618 2146 pellant.)
2647 2075 2873 2131 Occisus
2905 2083 2990 2129 est
3022 2084 3201 2128 autem
3234 2070 3374 2126 Nero
3397 2072 3713 2137 imperator,
3739 2065 3946 2117 Romae.

2376 2166 2745 2237 Vespasianus
2778 2167 2944 2236 igitur
2974 2165 3163 2219 audito
3198 2162 3547 2218 interfectum
3578 2174 3702 2215 esse
3738 2170 3949 2225 regem.

2379 2260 2882 2330 Hierosohmorum
2915 2258 3202 2312 obsidione
3228 2257 3405 2311 soluta
3435 2296 3451 2318 ,
3504 2254 3805 2308 Caesaream
3862 2264 3949 2303 re-

2374 2366 2564 2405 versus
2598 2350 2669 2405 ibi
2699 2348 2963 2404 substitit.
2990 2347 3284 2418 Imperavit
3344 2354 3524 2400 autem
3583 2355 3708 2414 post
3758 2344 3940 2411 ipsum

2372 2443 2539 2500 Galba
2571 2453 2773 2513 septem
2805 2456 3040 2505 menses,
3071 2439 3266 2495 deinde
3297 2435 3619 2493 interfectus
3666 2445 3790 2499 est;
3843 2433 3947 2486 im-

2375 2551 2593 2607 perante
2626 2547 2745 2607 post
2780 2539 2957 2605 ipsum
2987 2536 3198 2589 Othone
3251 2542 3361 2587 tres
3410 2545 3646 2585 menses.
3676 2527 3838 2599 340
3870 2526 3950 2579 Eo

2374 2629 2531 2698 pulso
2562 2642 2685 2681 cum
2725 2627 3050 2693 imperasset
3091 2623 3338 2678 Vitellius
3378 2631 3502 2675 octo
3555 2634 3770 2673 menses
3795 2656 3810 2680 ,
3862 2617 3952 2670 in-

2375 2722 2636 2777 terfectus
2664 2730 2768 2774 est.
2809 2717 2946 2772 Tum
2975 2724 3246 2771 commota
3272 2724 3354 2769 est
3385 2712 3542 2769 valde
3567 2712 3820 2765 universa
3838 2706 3953 2761 Ro-

2376 2828 2658 2867 manorum
2680 2812 2837 2873 ditio,
2870 2809 3155 2863 concitatis
3183 2807 3423 2874 undique
3458 2804 3511 2858 in
3546 2818 3641 2857 eos
3669 2800 3951 2871 gentibus;

2375 2914 2429 2959 at
2458 2913 2579 2972 post
2615 2902 3015 2956 contentionem
3042 2914 3282 2969 gravem,
3305 2906 3356 2950 et
3380 2896 3797 2951 commotionem
3828 2907 3952 2947 ma—

2375 3009 2555 3064 gnam,
2587 2993 2844 3055 ducibus,
2878 2989 3154 3061 praefectis
3184 3004 3246 3042 ac
3279 2987 3497 3051 scribis,
3524 2993 3792 3055 quotquot
3822 2998 3950 3037 cum

2376 3087 2427 3138 iu
2454 3084 2823 3137 Romanorum
2854 3091 3000 3136 terra
3031 3088 3144 3133 tum
3171 3080 3224 3134 in
3249 3079 3467 3132 Oriente
3494 3077 3738 3139 fuerunt,
3769 3074 3954 3128 omni-

689 3164 829 3218 su’l‘
855 3177 952 3217 sua
984 3162 1137 3225 ἀίδην
1174 3180 1194 3213 ⁸
1226 3158 1403 3216 LM“
1432 3162 1673 3216 medicus
1696 3178 1791 3218 V05
1816 3163 2037 3216 saluta“
2087 3180 2105 3213 ’
2135 3162 2271 3216 P79”
2297 3177 2339 3235 C
2374 3178 2475 3231 bus
2506 3178 2683 3229 visunt
2718 3183 2799 3229 est
2837 3172 3253 3241 Vespasianum,
3284 3170 3374 3237 qui
3408 3167 3803 3239 Hierosolymis
3845 3166 3955 3218 ob-

690 3258 921 3311 hensum
969 3270 1099 3309 vero
1134 3254 1353 3309 Petrum
1410 3254 1553 3309 Nero
1613 3254 1795 3310 Caesar
1849 3256 2001 3309 cruci
2054 3254 2260 3325 alligit,

686 3364 916 3420 corpore
948 3350 1160 3403 scilicet
1196 3347 1435 3413 inverso,
1468 3358 1631 3417 atque
1669 3347 1746 3403 ita
1783 3357 1960 3403 morte
2013 3364 2138 3403 eum
2189 3348 2270 3402 af-

691 3443 818 3498 fecit
855 3459 869 3496 :
908 3456 1030 3495 nam
1058 3448 1112 3494 et
1142 3437 1357 3493 dixerat
1404 3439 1452 3494 ei
1515 3438 1755 3494 Petrus:
1819 3440 1877 3494 Si
1935 3440 2020 3495 vis
2062 3450 2123 3493 ut
2173 3455 2272 3508 ego

689 3535 841 3591 cruci
878 3532 1087 3602 aﬂigar,
1126 3546 1356 3599 corpore
1379 3548 1462 3586 me
1488 3532 1713 3589 inverso
1748 3532 1904 3604 alligo
1964 3531 2120 3588 cruci
2153 3571 2168 3595 ,
2205 3547 2272 3587 ne

693 3638 845 3678 mors
876 3622 1009 3677 mihi
1062 3622 1258 3677 alllicta
1291 3622 1488 3677 similis
1555 3623 1626 3677 sit
1672 3625 1719 3679 ei
1762 3639 1882 3693 quae
1932 3623 2274 3693 inﬂigebatur

692 3714 925 3769 Domino
972 3728 1093 3768 meo
1126 3713 1367 3778 Christo,
1406 3715 1500 3782 qui
1535 3716 1688 3770 cruci
1719 3715 1913 3771 allixus
1939 3726 2020 3770 est
2045 3730 2273 3785 corpore

693 3817 896 3865 erecto.
964 3805 1072 3859 Sed
1137 3804 1319 3874 gladio
1370 3805 1665 3860 trucidavit
1730 3806 1986 3862 Paulum.
2045 3806 2273 3863 Occisus

695 3904 876 3953 autem
903 3906 985 3953 est
1017 3897 1209 3951 Petrus
1230 3897 1331 3952 sub
1359 3912 1563 3951 annum
1603 3899 1928 3954 vicesimum
1965 3902 2270 3954 secundum

695 3999 822 4058 post
847 3990 1135 4044 Dominum
1176 3996 1431 4043 nostrum
1473 3988 1778 4044 Christum.
1814 3989 1940 4044 Erat
1989 4006 2119 4046 vero
2154 3999 2276 4061 post

700 4086 938 4145 Petrum,
970 4082 1143 4138 Linus
1172 4081 1487 4151 patriarcha
1525 4081 1711 4136 Romae
1739 4123 1753 4144 ,
1790 4098 1897 4152 qua
1936 4081 2158 4139 functus
2189 4084 2269 4137 di-

699 4176 909 4243 gnitate
944 4172 1232 4228 duodecim
1265 4189 1441 4227 annos
1472 4172 1627 4227 obiit.
1663 4173 1731 4227 Et
1768 4174 1854 4227 hic
1905 4174 2116 4243 primus
2160 4184 2279 4231 erat

700 4267 1012 4339 patriarcha
1043 4265 1345 4321 Romanus.
1376 4266 1510 4320 Erat
1539 4275 1720 4321 autem
1754 4266 1970 4321 Marcus
2000 4266 2277 4345 Evangelii

699 4366 914 4422 auctor,
946 4360 1001 4411 in
1037 4356 1368 4411 Alexandria
1413 4366 1469 4411 et
1497 4355 1667 4411 Barca
1702 4357 1955 4413 homines
2001 4359 2067 4413 ad
2117 4359 2277 4415 ﬁdem

700 4453 751 4503 in
784 4449 1064 4503 Christum
1103 4447 1303 4502 Filium
1338 4447 1432 4501 Dei
1468 4447 1709 4502 invitans
1755 4450 1914 4503 annis
1946 4459 2176 4519 septem.
2216 4452 2277 4507 Et

2374 3267 2613 3322 sidendis
2650 3272 2949 3334 occupatus
2991 3262 3186 3324 fuerat,
3237 3260 3467 3326 imperio
3509 3258 3803 3326 praeﬁcere.
3841 3255 3952 3320 Qui

2372 3375 2504 3429 ergo
2538 3373 2662 3412 cum
2694 3356 2939 3410 Cmsarea
2969 3353 3195 3407 Romam
3226 3350 3501 3422 prolectus
3548 3366 3615 3404 eo
3672 3350 3958 3417 pervenis-

2375 3458 2477 3509 set.
2515 3448 2784 3501 irruentes
2815 3446 2908 3515 qui
2961 3442 3148 3496 Romae
3203 3450 3362 3497 erant
3416 3443 3582 3496 (luces
3636 3442 3690 3494 in
3754 3440 3954 3493 ducem

2374 3540 2658 3611 quemdam
2694 3540 2916 3593 nomine
2949 3536 3264 3598 Artitinunt,
3320 3533 3409 3602 qui
3494 3533 3781 3601 imperium
3846 3530 3956 3585 sibi

2372 3646 2644 3702 occupare
2666 3636 2953 3691 statuerat,
2990 3627 3167 3696 ipsum
3219 3627 3631 3679 interemerunt.
3672 3620 3819 3677 Urbe
3858 3622 3960 3676 de.

2378 3725 2503 3780 inde
2535 3722 2764 3793 egressi,
2796 3718 3132 3789 Vespasiano
3167 3715 3379 3769 obviam
3417 3722 3609 3769 euntes
3632 3753 3646 3776 ,
3673 3713 3836 3781 capiti
3872 3714 3959 3781 ip-

2376 3817 2493 3872 sius
2522 3815 2767 3868 diadema
2800 3813 3220 3881 imposuerunt;
3253 3808 3345 3875 qui
3385 3806 3473 3861 ubi
3523 3805 3709 3859 urbem
3743 3804 3961 3874 ingres-

2378 3922 2471 3964 sus
2503 3905 2640 3960 solio
2668 3904 2816 3973 regio
2849 3902 3162 3967 insedisset,
3196 3901 3520 3955 sceleratum
3567 3912 3631 3952 ac
3691 3897 3952 3951 rebellem

2377 4014 2645 4069 quemque
2677 3999 2822 4051 inter
2858 3993 3132 4050 Romanos
3165 4000 3341 4049 morte
3374 3992 3662 4054 multavit,
3704 3989 3842 4042 adeo
3896 4000 3959 4044 ut

2380 4094 2479 4147 Sub
2511 4091 2629 4159 ipso
2659 4089 2713 4142 in
2749 4096 2951 4143 statum
2996 4088 3261 4157 Optimum
3296 4093 3349 4139 et
3382 4084 3735 4153 tranquillum
3791 4083 3958 4136 reda—

2379 4195 2464 4235 cta
2493 4182 2562 4234 sit
2594 4178 2960 4233 Romanorum
2991 4186 3159 4231 terra.
3186 4177 3297 4229 Duo
3327 4182 3514 4229 autem
3580 4176 3679 4243 ipsi
3727 4173 3958 4228 fuerunt

2381 4272 2498 4333 lilii,
2527 4283 2756 4339 quorum
2789 4268 2883 4321 uni
2914 4283 3109 4321 nomen
3142 4266 3303 4321 ’l'itus
3338 4306 3352 4329 ,
3378 4264 3535 4319 alteri
3574 4263 3915 4319 Domitianus
3942 4281 3961 4329 ;

2382 4377 2610 4433 quorum
2649 4360 3009 4414 Domitianum
3043 4358 3217 4428 copiis
3265 4357 3473 4427 magnis
3515 4356 3844 4411 instructum
3889 4358 3961 4410 ad

2383 4462 2571 4525 gentes
2601 4452 2867 4505 barbaras
2898 4450 3068 4513 misit,
3098 4463 3234 4517 quas
3260 4448 3351 4501 ille
3404 4447 3645 4511 occidit,
3690 4447 3959 4515 diripuit,

698 4553 843 4593 anno
878 4539 1092 4609 imperii
1120 4538 1354 4592 Neronis
1386 4538 1622 4591 Cesaris
1646 4539 1757 4609 jam
1790 4539 1923 4595 dicti
1949 4516 2144 4610 primo.
2176 4558 2272 4597 oc-
2304 4516 2356 4576 D
2383 4516 2581 4598 delevit
2623 4560 2637 4596 :
2667 4540 2852 4594 Titum
2882 4555 3034 4604 vero,
3077 4516 3321 4593 esercitu
3355 4536 3825 4606 etiaml'requenti
3863 4539 3955 4592 in-

699 4633 845 4687 cisus
870 4640 956 4687 est
987 4630 1200 4685 Marcus
1241 4626 1584 4683 Alexandriae
1612 4668 1628 4694 ,
1656 4638 1710 4685 et
1751 4646 1951 4702 corpus
1989 4633 2110 4704 ejus
2153 4636 2274 4705 igne

697 4728 784 4774 CSI.
813 4730 1119 4775 crematum
1133 4761 1145 4774 .

770 4812 945 4868 Porro
976 4829 1120 4868 anno
1148 4815 1365 4885 imperii
1401 4814 1639 4870 Neronis
1673 4814 1908 4869 Caesaris
1954 4813 2276 4869 duodecimo

699 4903 1033 4959 constitutus
1057 4914 1154 4958 .est
1183 4904 1426 4975 lgnatius
1451 4904 1765 4976 patriarcha
1798 4903 2101 4959 Antiochia:
2125 4943 2142 4970 ,
2180 4904 2275 4975 qui

699 5011 821 5051 cum
857 5010 1034 5051 annos
1086 4997 1311 5065 triginta
1348 4996 1489 5052 duos
1529 4997 1880 5065 praefuisset,
1927 5005 2102 5050 morte
2144 4996 2277 5052 atl‘e-

700 5097 822 5143 ctus
860 5097 966 5144 est.
1002 5086 1221 5143 Mortuo
1256 5098 1440 5144 autem
1508 5089 1669 5144 Festo
1699 5129 1716 5155 ,
1773 5088 2273 5160 Hierosolymorum

700 5180 981 5250 praefecto,
1010 5181 1311 5250 relictaque
1368 5181 1508 5236 urbe
1560 5181 1679 5235 sine
1728 5182 1974 5252 principe
2014 5181 2107 5251 qui
2154 5195 2273 5234 eam

705 5272 1085 5327 moderaretur
1114 5313 1129 5337 ,
1170 5273 1433 5328 concitati
1462 5272 1636 5327 Judaei
1668 5272 1930 5326 Jacobum
1961 5270 2184 5342 Josephi
2216 5271 2279 5325 li-

706 5365 862 5427 lium,
892 5363 989 5433 qui
1042 5364 1254 5419 Domini
1295 5364 1466 5420 frater
1519 5364 1717 5428 audit,
1773 5364 2047 5433 lapidibus
2103 5364 2279 5419 donec

707 5467 1016 5512 moreretur
1093 5457 1402 5527 impetitum
1460 5455 1898 5521 interfecerunt,
1970 5455 2278 5525 multosque

704 5547 1059 5618 337-339
1083 5547 1473 5616 discipulorum
1497 5547 1829 5601 cruciatibus
1857 5546 1992 5601 male
2019 5547 2278 5601 multatos

706 5642 840 5694 urbe
869 5640 1172 5707 eiecerunt.
1205 5638 1285 5692 Ex
1318 5639 1449 5692 urbe
1486 5638 1649 5707 igitur
1687 5638 1811 5708 fuga
1853 5638 2092 5708 prolapsi
2118 5638 2275 5692 Chri-

713 5732 898 5793 stiani,
931 5731 1223 5786 Iordanem
1257 5740 1604 5785 transeuntes
1629 5771 1643 5794 ,
1690 5731 1809 5785 loca
1880 5732 1982 5785 ista
2039 5730 2279 5785 incolue-

711 5834 858 5880 runt.
893 5824 987 5883 His
1017 5826 1215 5883 auditis
1242 5824 1384 5882 Nero
1412 5825 1595 5884 απελτ
1623 5825 1687 5882 ad
1734 5826 2045 5896 praelectum
2102 5825 2191 5896 qui
2222 5826 2275 5881 in

2382 4642 2677 4697 structum,
2711 4630 3141 4700 Hierosolymam
3183 4630 3352 4695 misit,
3385 4644 3548 4698 quam
3581 4627 3802 4682 biennio
3857 4630 3961 4682 ob-

2378 4725 2551 4791 sedit;
2609 4723 2970 4778 morientibus
3004 4722 3180 4791 quiin
3212 4722 3347 4775 urbe
3396 4729 3553 4773 erant
3598 4720 3761 4787 fame,
3822 4722 3965 4775 adeo

2380 4826 2437 4869 ut
2468 4830 2577 4885 prae
2608 4814 2771 4879 fame,
2808 4824 3147 4868 mortuorum
3179 4826 3242 4866 ac
3272 4820 3524 4865 natorum
3556 4825 3781 4866 suorum
3838 4826 3965 4865 car-

2380 4922 2477 4961 nes
2504 4905 2855 4961 comederent
2886 4924 2900 4959 :
2935 4920 3041 4975 qua
3069 4902 3266 4958 deinde
3316 4910 3474 4971 capta
3519 4917 3713 4957 omnes
3762 4903 3962 4973 3&1-

2379 4996 2539 5068 343
2566 4997 2660 5064 qui
2701 4995 2755 5050 in
2788 4996 2903 5065 ipsa
2939 4995 3153 5048 fuerant
3186 5004 3295 5047 tam
3323 5008 3502 5048 mares
3531 5007 3695 5061 quam
3724 4992 3959 5047 feminas

2382 5086 2691 5152 interfecit,
2747 5083 3226 5153 proscindeutibus
3277 5079 3626 5153 [militibus]
3676 5096 3965 5151 praegnan—

2381 5180 2518 5233 tium
2556 5186 2761 5240 uteros,
2806 5184 2858 5230 et
2889 5176 3127 5229 infantes
3162 5180 3311 5229 saxis
3338 5173 3712 5228 allideutibus.
3745 5172 3956 5227 Urbem

2381 5272 2543 5324 etiam
2579 5279 2632 5324 et
2664 5268 2920 5336 templum
2971 5274 3182 5321 vastata
3227 5264 3488 5319 incendit.
3538 5263 3815 5317 Numerati
3866 5265 3934 5316 de

2382 5363 2509 5416 inde
2540 5360 2633 5429 qui
2667 5358 2839 5427 ipsius
2867 5358 3025 5427 jussu
3054 5357 3221 5411 occisi
3255 5367 3409 5417 sunt,
3444 5366 3527 5409 ter
3570 5355 3766 5409 millies
3811 5356 3965 5410 mille

2383 5452 2581 5521 reperti
2610 5461 2759 5513 sunt,
2794 5464 2911 5503 cum
2945 5448 3034 5502 alii
3068 5447 3302 5519 Syriam,
3335 5447 3425 5501 alii
3473 5446 3770 5517 Egyptum
3802 5487 3817 5510 ,
3867 5448 3963 5501 alii

2383 5548 2436 5601 in
2474 5557 2674 5599 terram
2707 5540 2960 5606 AlGaur,
3012 5541 3398 5611 prolugissent.
3461 5539 3579 5593 1am
3633 5554 3662 5592 a
3730 5538 3965 5594 Christo

2383 5646 2510 5692 nato
2540 5637 2604 5689 ad
2636 5634 3136 5703 Hierosolymorum
3171 5648 3267 5703 per
3299 5632 3478 5685 Titum
3523 5630 3793 5686 excidium
3829 5632 3963 5685 anni

2386 5737 2512 5782 sunt
2544 5727 2904 5797 septuaginta.
2940 5725 3022 5779 Ab
3055 5724 3384 5789 Alexandro,
3421 5723 3650 5779 trecenti
3678 5724 3960 5791 octoginta

2387 5839 2600 5879 novent.
2625 5823 2659 5878 Α
2691 5819 3014 5891 Captivitate
3047 5817 3389 5889 Babylonica,
3422 5816 3660 5873 sexcenti
3684 5815 3964 5887 quinqua-
