4200 6432
201 372 309 435 985

1639 381 2013 445 ANNALES.

3336 392 3439 455 986

197 497 347 562 ginta
379 494 510 549 duo.
547 492 590 547 A
623 506 791 562 regno
818 492 1061 558 Davidis,
1116 493 1263 549 mille
1312 506 1528 550 centum
1579 496 1769 569 viginti
1800 499 1846 555 Α
1878 498 2014 567 perii
2054 498 2175 568 ejus
2211 500 2405 569 quinto
2451 500 2785 556 constitutus
2817 503 3052 560 Gordius
3100 506 3437 566 Alexandriae

202 600 424 641 novem.
456 583 537 638 Ab
564 584 711 639 exitu
752 584 1119 638 lsraeiitarutn
1168 601 1233 639 ex
1288 586 1523 657 {Egypto
1549 628 1564 652 ,
1622 592 1768 648 mille

198 682 533 751 septingenti
597 682 817 750 triginta
871 683 1133 750 quinque.
1190 683 1272 737 Ab
1303 684 1634 752 Abrahamo,
1685 687 1769 743 bis

196 774 348 827 mille
374 774 595 827 ducenti
622 774 978 844 quadraginta
1006 775 1135 829 duo.
1161 776 1203 829 A
1234 762 1484 842 Phaielto,
1509 777 1594 832 bis
1626 778 1769 834 mille

195 868 522 933 septingenti
557 867 833 936 octoginta
864 878 995 922 tres.
1024 866 1070 921 A
1102 866 1330 935 Diluvio,
1352 878 1431 923 ter
1460 870 1605 925 mille
1660 879 1767 925 tre-

190 959 797 1026 centiquatuordeeim.
861 959 944 1013 Ab
1002 959 1237 1026 Adamo,
1267 961 1557 1032 quinquies
1619 965 1765 1020 mille

189 1037 474 1119 quingenti
504 1053 872 1120 septuaginta.

268 1141 577 1196 Christiani
609 1150 811 1208 autem,
841 1144 935 1211 qui
969 1142 1186 1198 Iudaeos
1228 1144 1524 1211 fugientes.
1568 1145 1765 1199 Iorda-

192 1249 315 1287 nem
346 1234 701 1299 trajecerant,
729 1245 781 1289 et
832 1234 889 1288 in
934 1235 1057 1290 istis
1111 1235 1245 1289 locis
1287 1237 1442 1289 sedes
1490 1237 1717 1292 ﬁxerant
1744 1279 1759 1302 ,

190 1326 385 1379 audito
418 1326 601 1381 Titum
631 1328 823 1381 urbem
853 1328 1506 1384 destruxisseinterfectis
1538 1328 1758 1397 Iudaeis;

200 1418 638 1488 Hierosolymam
669 1421 779 1489 jam
810 1419 1108 1474 desolatam
1141 1424 1366 1483 reversi,
1402 1422 1572 1489 ipsam
1606 1423 1758 1475 inro-

193 1509 628 1587 iuerunt,3&4
660 1520 978 1579 structaque
1011 1511 1115 1564 sibi
1165 1510 1298 1565 inihi
1346 1513 1595 1577 ecclesia,
1649 1515 1763 1581 epi-

190 1618 429 1672 scopum
470 1604 766 1657 secundum
804 1603 905 1671 ipsi
936 1604 1300 1673 praefecerunt
1335 1605 1552 1659 nomine
1581 1607 1761 1660 Simo-

194 1711 344 1754 nem,
377 1694 593 1763 Cleopre
624 1694 814 1747 filium.
848 1696 1074 1763 (Ileopas
1102 1694 1199 1749 iste
1229 1694 1395 1750 frater
1448 1696 1549 1751 fuit
1605 1697 1758 1752 Jose-

186 1788 277 1854 phi
316 1787 411 1855 qui
468 1787 756 1840 Dominum
807 1793 1058 1839 nostrum
1113 1786 1391 1840 Christum
1458 1788 1755 1856 educavit;
1792 1820 1833 1877 Β

186 1878 401 1945 fuitque
465 1876 609 1943 hoe,
657 1891 800 1930 anno
861 1877 1070 1944 imperii
1126 1876 1445 1945 Vespasiani
1524 1888 1756 1948 quarto;

185 1972 338 2025 illum
374 1980 573 2034 autem,
600 1981 886 2039 postquam
926 1984 1097 2024 annos
1134 1971 1323 2040 viginti
1377 1987 1470 2028 sex
1534 1989 1758 2028 munere

190 2065 301 2117 iSIO
333 2062 560 2117 functus
590 2063 807 2128 fuisset,
844 2062 1116 2117 interfecit
1146 2062 1415 2131 Trajanus
1442 2064 1753 2132 imperator.

187 2154 361 2208 Porro
383 2168 531 2209 anno
560 2155 773 2222 imperii
806 2154 979 2221 ipsius
1006 2155 1169 2209 tertio
1217 2156 1525 2222 patriarcha
1577 2154 1759 2210 Romae

189 2248 526 2301 constitutus
561 2254 642 2300 est
666 2244 969 2308 Dacletius,
1000 2254 1054 2299 et
1084 2259 1209 2297 cum
1262 2245 1484 2300 biennio
1528 2246 1759 2300 sedisset

192 2349 442 2391 mortuus
474 2344 581 2391 est.
614 2338 772 2391 Anno
802 2337 1015 2406 imperii
1047 2336 1220 2405 ipsius
1258 2338 1446 2406 quinto
1473 2337 1759 2406 praefectus

189 2438 269 2481 est
302 2427 489 2481 Romae
518 2429 789 2491 Clemens,
825 2429 915 2494 qui
950 2428 1183 2496 scriptor
1233 2428 1357 2494 fuit,
1391 2443 1623 2494 cumque
1657 2445 1756 2481 an-

184 2535 283 2574 nos
310 2536 510 2574 novem
541 2520 775 2574 sedisset
806 2527 1057 2575 mortuus
1082 2529 1193 2575 est.
1223 2520 1379 2573 Anno
1401 2518 1608 2579 imperii
1633 2518 1753 2586 ejus

186 2626 331 2665 nono
367 2610 715 2665 Alexandria
749 2611 1067 2679 patriarcha
1105 2612 1438 2666 constitutus
1470 2609 1752 2671 Philetius,

182 2703 269 2774 qui
296 2707 425 2756 cum
460 2716 634 2755 annos
659 2703 919 2756 tredecim
952 2703 1202 2765 sedisset,
1246 2703 1386 2757 diem
1439 2701 1592 2755 obiit.
1650 2699 1754 2754 Ve-

181 2795 475 2863 spasianus
516 2803 696 2848 autem
728 2803 1017 2863 postquam
1042 2808 1165 2847 eum
1203 2793 1408 2848 honore
1436 2801 1491 2847 et
1515 2792 1754 2860 potentia

179 2902 351 2942 annos
394 2903 585 2943 novem
618 2894 671 2940 et
706 2897 913 2953 septem
948 2900 1162 2941 menses
1186 2886 1507 2953 imperasset
1533 2925 1548 2948 ,
1605 2900 1755 2936 mor-

177 2988 299 3033 tuus
339 2986 450 3034 est.
486 2978 777 3047 imperavit
814 2978 1140 3046 postipsum
1189 2975 1331 3028 filius
1379 2974 1551 3042 ipsius
1598 2973 1753 3028 Titus

178 3085 351 3123 annos
379 3078 493 3123 tres
524 3078 578 3123 et
603 3068 741 3123 duos
774 3083 1015 3131 menses,
1043 3066 1166 3121 dein
1201 3076 1450 3119 mortuus
1486 3074 1592 3120 est.
1625 3065 1752 3119 Post

1872 593 2207 659 patriarcha,
2234 602 2518 663 postquam
2573 594 2762 649 decem
2795 611 2968 651 annos
3019 600 3250 655 sedisset
3294 601 3435 656 diem

1871 683 2026 738 obiit.
2084 683 2239 741 Anno
2280 688 2521 754 ejusdem
2582 688 2797 742 decimo
2848 691 3035 758 quinto
3095 692 3438 748 Alexandriae

1869 779 2177 847 patriarcha
2214 782 2547 835 constitutus
2584 791 2665 836 est
2700 782 2970 846 Barthius,
3005 783 3096 849 qui
3147 784 3310 855 348
3335 800 3435 838 au-

1869 884 1972 924 nos
1996 869 2282 926 duodecim
2313 872 2473 937 sedit,
2500 872 2622 926 dein
2658 882 2905 927 mortuus
2936 884 3040 929 est.
3075 874 3288 929 Mortuo
3334 893 3434 930 au-

1870 972 1974 1015 tem
2006 960 2309 1015 Domitiano
2346 961 2561 1017 Caesare
2593 964 2939 1032 imperatore,
2966 974 3087 1034 post
3117 965 3295 1033 ipsum
3329 967 3432 1020 Ro-

1866 1067 1968 1106 mae
2006 1053 2288 1119 imperavit
2312 1052 2487 1106 Nerva
2532 1052 2718 1107 Caesar
2743 1055 2833 1121 qui
2863 1064 2913 1107 et
2937 1055 3218 1111 llarastius
3249 1058 3433 1111 Caesar

1865 1143 2034 1202 audit,
2064 1158 2266 1196 annum
2298 1160 2461 1196 unum
2480 1155 2533 1197 et
2561 1146 2802 1215 quinque
2837 1160 3071 1210 menses,
3103 1148 3229 1201 dein
3266 1150 3426 1215 obiit,

1866 1235 2195 1289 succedente
2221 1236 2323 1304 ipsi
2360 1235 2591 1302 Trajano
2621 1237 2838 1291 Cmsare
2862 1275 2880 1301 ,
2928 1239 3020 1307 qui
3075 1248 3129 1292 et
3161 1241 3433 1297 Adrianus

1862 1326 2044 1380 Caesar
2064 1329 2360 1396 appellatus
2386 1337 2489 1391 est,
2517 1329 2605 1398 qui
2640 1328 2822 1384 Romae
2849 1346 3021 1384 annos
3048 1332 3426 1387 novemdecim

1863 1420 2173 1486 imperavit.
2204 1420 2498 1489 imperator
2555 1424 2655 1475 iSle
2703 1438 2897 1487 magna
2971 1424 3021 1477 in
3084 1423 3430 1479 Christianos

1863 1511 2002 1564 maia
2035 1512 2316 1574 excitavit,
2348 1528 2411 1566 ac
2442 1513 2719 1567 diuturna:
2759 1516 2894 1582 ipsis
2932 1516 3191 1578 tristitie,
3241 1531 3305 1570 ac
3335 1514 3432 1569 do-

1861 1602 1991 1655 loris
2022 1602 2359 1659 vehementis
2392 1613 2589 1660 auctor
2613 1605 2731 1668 fuit,
2770 1607 2898 1659 dum
2931 1608 3128 1662 multos
3162 1616 3430 1679 martyres

1861 1693 1979 1747 neci
2016 1692 2184 1757 dedit,
2221 1694 2509 1750 interfecto
2542 1696 2727 1751 Romae
2758 1697 2965 1765 lgnatio
2988 1700 3079 1767 qui
3112 1698 3428 1766 patriarcha

1861 1785 2235 1841 Antiochenus
2267 1787 2463 1849 fuerat,
2504 1805 2716 1844 necnon
2750 1790 3002 1845 Simeone
3051 1789 3267 1859 Cleopm
3320 1791 3432 1865 lilio

1860 1880 2120 1948 episcopo
2151 1877 2670 1951 ilierosolytnitano,
2702 1898 2862 1951 quem
2899 1883 3054 1936 cruci
3101 1882 3292 1946 aliixit,
3320 1899 3430 1953 an-

1859 1986 1958 2024 nos
1991 1978 2180 2024 natum
2208 1980 2424 2026 centum
2483 1972 2697 2042 viginti.
2749 1973 2805 2027 in
2875 1974 3194 2027 servitutem
3258 1973 3429 2043 redigi

1857 2062 2201 2129 etiamjussit
2230 2063 2599 2129 Christianos,
2635 2072 2823 2128 utpote
2882 2066 3102 2133 quibus,
3132 2080 3195 2118 ex
3253 2066 3427 2133 ipsius

1858 2152 2149 2209 sententia.
2183 2154 2327 2206 nulla
2382 2162 2532 2207 esset
2590 2154 2780 2222 religio
2834 2165 2926 2210 aut
2960 2156 3064 2209 lex.
3114 2156 3230 2209 Prae
3294 2154 3429 2208 dura

1857 2254 2035 2298 autem
2077 2260 2238 2313 quam
2265 2248 2408 2314 passi
2436 2256 2561 2300 sunt
2593 2247 2887 2302 Christiani
2919 2249 3203 2313 servitute,
3235 2258 3289 2302 et
3314 2262 3431 2317 gra-

1856 2339 2032 2400 vibus,
2059 2339 2258 2407 quibus
2287 2338 2485 2392 sublati
2522 2348 2671 2403 sunt,
2738 2340 3000 2403 caedibus,
3037 2341 3417 2396 misericordia

1855 2443 1981 2495 erga
2018 2429 2167 2494 ipsos
2220 2427 2395 2481 affecti
2434 2438 2559 2481 sunt
2617 2427 2871 2492 Romani,
2934 2443 2997 2483 ac
3050 2429 3236 2483 testati
3288 2432 3429 2497 apud

1858 2520 2242 2588 imperatorem
2269 2520 2438 2589 ipsius
2472 2522 2775 2575 consiliarii
2814 2538 2879 2579 ac
2905 2522 3074 2576 duces
3108 2536 3234 2577 esse
3263 2521 3430 2576 Chri-

1857 2611 2022 2662 tianis
2058 2610 2373 2676 religionem
2406 2610 2643 2675 ﬁrmam,
2681 2627 2744 2667 ac
2772 2613 2942 2679 legem
2977 2611 3197 2675 bonam,
3249 2626 3427 2679 neque

1855 2712 2103 2771 oportere
2141 2702 2290 2771 ipsos
2318 2702 2441 2756 illos
2476 2704 2526 2755 in
2559 2703 2882 2757 servitutem
2916 2703 3187 2770 redigere.
3250 2700 3424 2757 Jussit

1856 2807 1987 2861 ergo
2020 2808 2087 2845 ne
2143 2794 2378 2861 amplius
2418 2794 2563 2848 servi
2612 2794 2821 2859 tierent,
2856 2801 2909 2848 et
2936 2809 2965 2847 a
2994 2794 3138 2848 malo
3171 2794 3304 2864 ipsis
3341 2796 3428 2849 in-

1858 2881 2080 2935 ferendo
2115 2881 2402 2936 abstinuit.

1925 2974 2090 3028 Porro
2117 2984 2357 3042 tempore
2394 2972 2610 3040 Trajani
2646 2974 2875 3030 Caesaris
2903 2976 3242 3041 imperatoris
3276 2976 3416 3030 scri-

1856 3066 1962 3133 psit
2000 3063 2237 3117 Joannes
2274 3064 2621 3132 Evangeliunt
2679 3080 2838 3118 suum
2869 3064 3075 3125 Graece,
3131 3066 3184 3117 in
3248 3066 3426 3121 insula

177 3166 354 3229 ipsum
404 3160 699 3228 imperavit
757 3159 939 3212 frater
1001 3159 1126 3226 ejus
1180 3156 1520 3210 Domitianus
1580 3166 1818 3219 annosc
1856 3156 2046 3209 Patmo
2073 3156 2365 3225 appellata,
2419 3170 2449 3209 e
2502 3163 2645 3209 terra
2702 3156 2864 3219 Asiae,
2921 3171 3043 3223 qua!
3086 3157 3425 3209 Romanorum

177 3250 514 3321 quindecim.
552 3250 800 3318 Magnam
837 3248 925 3303 hic
990 3248 1044 3301 in
1102 3246 1321 3302 Iudaeos
1368 3246 1746 3301 crudelitatem

177 3343 451 3407 exercuit,
483 3341 619 3395 adeo
650 3348 709 3394 ut
735 3341 856 3407 ejus
917 3350 1160 3410 tempore
1218 3340 1401 3394 nullus
1461 3346 1750 3409 appareret

176 3436 416 3491 ludens.
445 3436 587 3500 Quin
618 3446 671 3488 et
699 3433 755 3487 in
792 3432 975 3488 animo
1012 3432 1197 3488 habuit
1248 3447 1403 3501 reges
1448 3446 1751 3496 eorumque

176 3528 314 3580 ﬁlios
354 3542 385 3580 e
417 3526 601 3580 medio
626 3526 838 3586 tollere,
867 3536 926 3578 ut
956 3540 1063 3577 non
1104 3533 1245 3578 esset
1282 3524 1334 3576 in
1366 3534 1506 3577 terra
1559 3531 1752 3590 praeter

174 3632 351 3686 ipsum
382 3631 500 3669 rex.
543 3614 779 3683 Nepotes
816 3630 947 3681 ergo
1000 3614 1165 3669 etiam
1229 3628 1423 3683 regum
1483 3613 1705 3667 sustulit
1733 3651 1748 3673 ,

176 3707 496 3773 multosque
527 3720 679 3774 reges
713 3705 1008 3760 interfecit.
1030 3705 1269 3773 Cumque
1302 3704 1613 3757 nuntiatum
1648 3703 1750 3771 ipsi

172 3803 321 3851 esset
351 3810 597 3849 asserere
640 3796 989 3850 Christianos
1048 3794 1403 3866 355-347
1472 3794 1749 3848 Christum

173 3902 358 3957 regem
393 3902 558 3941 suum
586 3902 728 3950 esse,
767 3903 1108 3955 regnumque
1134 3889 1307 3957 ipsius
1339 3893 1626 3949 mternum,
1665 3902 1753 3940 es-

170 3996 340 4049 seque
384 3980 534 4048 ipsos
566 3978 869 4034 exercitum
898 3981 1208 4049 copiosum.
1238 3992 1608 4046 magnamque
1647 3978 1751 4032 ho-

170 4074 385 4126 minum
421 4071 854 4135 multitudinem,
879 4071 1226 4126 vehementer
1277 4071 1355 4125 ira
1404 4072 1703 4129 excanduit
1734 4111 1750 4137 ,

170 4164 451 4231 iussitque
481 4178 512 4216 e
542 4163 719 4217 medio
749 4164 861 4217 tolli
916 4163 1281 4227 Christianos,
1319 4180 1418 4219 nec
1470 4166 1639 4219 ullum
1695 4166 1749 4219 in

170 4270 339 4324 regno
388 4255 561 4323 ipsius
602 4255 837 4322 relinqui
872 4255 1266 4310 Christianum.
1297 4254 1422 4311 Fuit
1447 4265 1560 4311 tum
1584 4255 1753 4310 Joan-

171 4360 268 4400 nes
320 4346 654 4408 evangelista
685 4347 738 4398 in
774 4344 942 4409 Neso,
976 4345 1069 4415 qui
1106 4347 1206 4400 hoc
1238 4346 1422 4400 audito
1471 4356 1743 4412 metuens,

169 4437 445 4507 Ephesum
476 4436 631 4507 fugit.
670 4437 887 4490 Mittens
916 4446 1093 4491 autem
1128 4436 1427 4505 imperator
1480 4436 1745 4493 Hieroso-

169 4529 337 4599 lyma,
365 4527 539 4590 Iudae,
573 4527 665 4581 filii
695 4526 941 4595 Josephi,
996 4527 1393 4595 discipulorum
1445 4528 1606 4582 unius
1631 4567 1646 4590 ,
1694 4529 1754 4581 fi-

169 4620 271 4673 lios
304 4622 618 4687 prehendit,
648 4636 786 4689 quos
830 4621 1044 4673 vinctos
1097 4617 1439 4687 Romamque
1496 4619 1751 4674 advecms

167 4712 234 4767 de
262 4712 486 4768 Christo
518 4727 580 4767 ac
616 4713 790 4781 ipsius
825 4726 992 4781 regno
1022 4710 1396 4779 interrogavit.
1432 4709 1749 4780 Responde-

169 4815 303 4859 runt
332 4804 433 4865 iili,
463 4819 685 4874 regnum
712 4804 883 4872 ipsius
916 4804 1135 4857 cmleste
1156 4818 1299 4866 esse,
1323 4817 1426 4855 non
1453 4810 1749 4867 terrenum,

174 4898 469 4967 ipsumque
504 4896 712 4950 ultimis
743 4895 1082 4962 temporibus
1122 4909 1244 4948 cum
1290 4894 1460 4963 gloria
1514 4908 1706 4963 magna
1734 4934 1749 4958 ,

165 4996 218 5041 et
248 4987 567 5056 splendore,
595 4993 885 5040 venturum
920 4984 987 5039 ad
1033 4984 1360 5052 iudicandos
1403 4992 1457 5039 et
1496 4986 1656 5040 vivos
1692 4993 1751 5040 et

167 5089 437 5143 mortuos,
467 5092 532 5131 ac
563 5092 1009 5146 unumquemque
1045 5077 1199 5145 juxta
1244 5091 1407 5146 opera
1439 5092 1535 5131 sua
1566 5093 1750 5133 renut-

176 5180 523 5223 neraturum.
563 5167 773 5232 Quibus
802 5167 891 5222 ille
919 5168 1121 5222 auditis
1173 5171 1503 5237 perterritus
1550 5169 1751 5227 liberos

163 5277 259 5316 eos
296 5260 532 5325 dimisit,
557 5274 768 5314 necnon
800 5261 1012 5314 honore
1048 5259 1186 5315 allici
1242 5260 1586 5317 Christianos
1626 5263 1748 5332 jus-

166 5354 259 5414 sit,
294 5353 543 5421 ipsisque
570 5367 628 5406 se
653 5367 929 5421 opponere
964 5351 1150 5407 desiit.

233 5447 432 5507 Porro,
467 5459 611 5498 anno
639 5445 854 5514 imperii
905 5442 1085 5513 ipsius
1123 5446 1365 5498 secundo
1415 5446 1747 5505 constitutus

175 5545 260 5590 est
291 5533 580 5589 Evaristus
611 5536 922 5604 patriarcha
960 5535 1169 5602 Romae,
1204 5537 1293 5591 ubi
1329 5551 1453 5589 eum
1498 5544 1621 5591 octo
1649 5551 1750 5591 an-

166 5643 268 5680 nos
306 5624 539 5680 sedisset
591 5636 843 5681 mortuus
872 5637 977 5683 est.
1026 5628 1187 5681 Anno
1238 5627 1453 5695 imperii
1492 5627 1740 5696 ejusdem

167 5717 382 5772 decimo
412 5715 724 5785 patriarcha
763 5718 948 5772 Romae
977 5716 1154 5773 factus
1177 5727 1259 5772 est
1296 5717 1620 5783 Alexander,
1652 5720 1745 5786 qui

171 5810 240 5865 ibi
277 5810 462 5865 decem
496 5823 670 5866 annos
698 5809 856 5879 sedit,
888 5810 1013 5869 dein
1045 5820 1292 5876 mortuus
1318 5818 1423 5868 est.
1455 5809 1613 5868 Auno
1645 5812 1745 5867 itu-

1856 3258 1995 3301 terra
2032 3257 2137 3301 est.
2196 3246 2453 3315 Ejusdem
2497 3256 2740 3314 tempore
2776 3245 3123 3317 349-351
3186 3244 3428 3313 philoso-

1852 3339 1992 3406 phus
2020 3338 2242 3407 quidam
2281 3338 2382 3392 fuit
2413 3354 2443 3392 e
2472 3336 2842 3391 Romanorum
2896 3336 3265 3405 magnatihus,
3325 3350 3422 3388 uo-

1851 3431 1997 3486 mine
2027 3430 2375 3485 Commodes.
2402 3430 2560 3482 Anno
2584 3428 2795 3496 imperii
2831 3427 3073 3495 ejusdem
3107 3436 3261 3481 sexto
3284 3441 3421 3481 cou-

1851 3524 2077 3579 stitutus
2102 3534 2185 3578 est
2217 3521 2388 3577 Judas
2417 3523 2715 3594 episcOpus
2742 3521 3296 3591 iiierosoiyutitanus,
3327 3520 3423 3578 ubi

1851 3631 1972 3670 cum
2004 3627 2207 3684 septem
2240 3631 2411 3669 annos
2445 3615 2679 3671 sedisset
2717 3622 2968 3668 mortuus
2995 3622 3097 3667 est.

1919 3709 2077 3761 Anno
2112 3706 2350 3775 ejusdem
2396 3707 2608 3760 decimo
2657 3713 2854 3775 quarto
2887 3704 3180 3758 Zaccbteus
3213 3703 3427 3773 episco-

1850 3814 1953 3869 pus
1995 3798 2516 3868 liierosoiymitanus
2547 3798 2904 3859 constitutus,
2938 3810 3061 3849 cum
3089 3806 3293 3862 septem
3322 3809 3424 3849 an-

1851 3905 1948 3944 nos
1984 3889 2215 3943 sedisset
2248 3888 2392 3941 diem
2438 3888 2594 3941 obiit.
2628 3888 2784 3941 Anuo
2812 3886 3060 3955 ejusdem
3105 3895 3261 3941 sexto
3287 3900 3421 3939 con-

1850 3985 2080 4039 stitutus
2101 3993 2183 4038 est
2214 3979 2377 4037 Jeron
2412 3981 2717 4050 patriarcha
2745 3979 3145 4043 Antiochenus,
3178 3979 3269 4049 qui
3294 3995 3419 4032 cum

1858 4090 2033 4131 annos
2063 4076 2252 4146 viginti
2300 4074 2532 4128 sedisset
2583 4080 2832 4126 mortuus
2880 4081 2987 4127 est.
3026 4071 3183 4124 Anno
3211 4071 3425 4140 imperii

1849 4166 1969 4233 ejus
1994 4173 2211 4235 quarto,
2247 4163 2448 4231 Xystus
2486 4164 2791 4232 patriarcha
2824 4161 3012 4216 Romae
3064 4163 3422 4226 constitutus,

1851 4271 2024 4310 annos
2056 4257 2243 4310 decem
2287 4257 2460 4320 sedet,
2508 4254 2631 4309 dein
2682 4256 2931 4308 moritur.
2976 4254 3137 4308 Anno
3175 4253 3421 4323 ejusdem

1851 4347 2061 4403 decimo
2084 4357 2280 4415 quarto
2336 4345 2523 4401 Romae
2552 4345 2866 4412 patriarcha
2901 4347 3075 4402 factus
3114 4354 3197 4399 est
3225 4345 3414 4423 Teles-

1854 4440 2077 4507 phorus,
2135 4438 2224 4505 qui
2274 4453 2397 4489 cum
2458 4449 2631 4491 annos
2684 4436 2935 4490 undecim
2983 4436 3214 4491 sedisset
3277 4436 3421 4489 diem

1792 4520 1833 4573 ί)
1858 4531 2010 4585 obiit.
2034 4530 2190 4582 Anno
2227 4528 2437 4597 imperii
2469 4527 2589 4595 ejus
2625 4527 2915 4580 undecimo
2939 4528 3274 4580 constitutus
3299 4525 3424 4579 Jus-

1857 4630 1943 4675 tus
1968 4620 2275 4690 patriarcba
2319 4618 2742 4681 Alexandrinus,
2776 4618 2866 4671 ubi
2910 4617 3095 4672 decem
3125 4632 3301 4673 annos
3332 4633 3423 4673 se-

1853 4713 1952 4776 dit,
1992 4713 2114 4765 dein
2165 4719 2410 4764 mortuus
2452 4716 2554 4763 est.
2602 4708 2680 4763 Eo
2724 4716 2972 4778 tempore
3019 4709 3223 4763 reversi
3246 4706 3419 4762 Judzei

1856 4805 2245 4872 Hierosolyma,
2289 4818 2411 4857 cum
2445 4802 2791 4871 multiplicati
2831 4810 3019 4856 essent
3049 4801 3182 4854 adeo
3217 4810 3277 4853 ut
3316 4800 3421 4852 im-

1854 4895 2088 4964 pleretur
2114 4892 2245 4960 ipsis
2279 4892 2427 4955 urbs,
2471 4905 2650 4961 regem
2686 4891 2788 4946 sibi
2822 4889 3090 4960 praeficere
3117 4889 3421 4943 constitue-

1855 4991 1977 5037 runt
2006 5000 2020 5047 ;
2062 4982 2205 5050 quod
2234 4996 2357 5034 cum
2383 4978 2619 5049 Trajano
2653 4980 3028 5033 renuntiatum
3053 4986 3217 5039 esset,
3253 4977 3418 5029 misso
3507 5043 3515 5055 Ι

1854 5075 1943 5129 ille
1974 5074 2348 5144 Hierosolyma
2377 5074 2517 5127 duce
2555 5087 2681 5126 cum
2717 5071 3028 5142 ingentibus
3057 5064 3227 5139 cepiis
3259 5070 3419 5122 innu-

1855 5180 2033 5220 meros
2067 5164 2339 5219 interfecit
2384 5160 2623 5217 Judazos.
2678 5159 2881 5215 Contra
2932 5159 3222 5228 Trajanum
3256 5158 3415 5210 istum

1858 5258 2059 5328 prodiit
2114 5256 2295 5311 Babeli
2344 5254 2562 5308 rebellis
2601 5252 2845 5322 quidam,
2877 5259 3066 5306 contra
3100 5265 3260 5319 quem
3292 5265 3416 5318 pro-

1854 5350 1995 5404 fecto
2042 5346 2281 5414 'l‘rajano
2331 5346 2466 5399 inita
2508 5355 2590 5398 est
2631 5344 2773 5397 inter
2810 5344 2959 5411 ipsos
2998 5356 3174 5412 pugna
3209 5341 3419 5395 acerri-

1853 5453 1960 5499 ma,
1997 5439 2048 5490 in
2085 5452 2191 5506 qua
2228 5436 2380 5488 multi
2428 5451 2491 5488 ex
2545 5443 2773 5502 utroque
2796 5431 3039 5486 exercitu
3083 5430 3213 5486 caesi
3269 5439 3415 5493 sunt,

1853 5533 2075 5600 ipseque
2122 5529 2392 5593 Traianus
2418 5529 2471 5581 in
2502 5525 2688 5595 praelio
2718 5524 3041 5579 interfectus
3097 5522 3224 5576 Post
3256 5536 3419 5590 quem

1854 5621 2137 5691 imperavit
2169 5619 2346 5674 Elius
2400 5619 2675 5673 Adrianus
2707 5618 2866 5688 352
2905 5616 3086 5669 Cmsar
3119 5628 3293 5668 annos
3331 5613 3415 5665 vi-

1852 5716 2007 5787 ginti.
2044 5716 2140 5770 ilic
2201 5723 2391 5769 contra
2454 5713 2705 5769 rebellem
2765 5712 2930 5765 istum
3006 5708 3251 5764 Babelcm
3292 5722 3419 5775 pro-

1853 5809 2027 5866 lectus
2065 5808 2241 5877 ipsum
2269 5805 2589 5877 profligavit.
2622 5804 2751 5860 Dein
2788 5801 3082 5874 :Egyptum
3111 5799 3414 5857 contendit.
