4200 6432
750 365 853 424 987

1753 366 2119 427 EUTYCHII
2150 365 2678 430 ALEXANDRINI
2715 373 2926 436 PATR.

3888 375 3995 436 983

751 478 946 532 Gravia
981 490 1158 536 autem
1190 483 1340 537 valde
1374 483 1442 536 ab
1468 499 1532 537 eo
1565 485 1708 554 passi
1743 493 1864 538 sunt
1899 486 2132 556 Egyptii
2184 490 2312 542 dum
2343 482 2386 534 A
2417 495 2500 540 est
2532 485 2811 572 Benjamin
2834 490 3125 560 episcopus
3146 492 3691 564 Hierosolymitanus,
3722 497 3811 563 qui
3837 506 3997 562 post-

755 580 1005 630 bomincs
1055 577 1121 630 ad
1184 577 1449 631 idulorttm
1497 581 1703 632 cultum
1759 582 2024 650 adigeret,
2061 596 2222 650 quam
2252 581 2322 634 ob

754 680 979 720 causam
1017 672 1217 724 multos
1247 674 1464 726 etiame
1495 674 1846 738 Christianis,
1885 684 2057 728 morte
2094 674 2274 729 aﬂ'ecit
2305 690 2320 726 :

752 757 893 811 inter
926 769 1152 818 cmteros
1181 763 1296 816 Mar
1331 766 1595 819 Astatium
1639 782 1760 821 cum
1800 783 1966 820 uxore
2013 778 2065 820 et
2109 767 2323 822 duobus

754 851 914 915 liliis;
951 855 1152 922 quibus
1201 857 1407 911 scilicet
1465 859 1584 913 ollas
1636 875 1797 913 aenea:
1858 859 2084 914 inclusis
2124 874 2320 928 aquam

753 942 1183 1010 superfundens,
1228 945 1406 1014 ignem
1439 949 1634 1002 deinde
1680 950 1990 1018 supposuit,
2028 949 2200 1003 donec
2232 966 2326 1004 co-

750 1049 1071 1101 querentur.
1112 1041 1306 1097 Gravis
1339 1052 1516 1098 autem
1550 1045 1695 1100 [Elio
1735 1047 1979 1100 Adriano
2007 1049 2059 1099 in
2096 1062 2326 1115 corpore

752 1145 850 1181 suo
893 1132 1117 1187 morbus
1152 1135 1350 1188 accidit
1379 1151 1392 1198 ;
1421 1152 1589 1204 quare
1633 1139 1758 1192 dum
1796 1141 1973 1193 varias
2013 1150 2326 1207 peragraret

757 1223 1006 1289 regiones
1039 1227 1104 1279 ad
1141 1231 1436 1282 remedium
1470 1234 1683 1298 corpori
1711 1241 1762 1284 et
1808 1233 1996 1286 morbo
2045 1248 2146 1286 suo
2179 1249 2326 1301 qum-

753 1316 1002 1382 rendum,
1040 1316 1411 1389 Hierosolyma
1436 1323 1534 1390 ipsi
1575 1325 1883 1385 laudarunt,
1916 1340 2022 1387 quo
2046 1340 2167 1377 cum
2205 1340 2326 1390 per-

755 1407 997 1461 venisset
1025 1409 1249 1477 ipsaque
1293 1425 1500 1467 vastata
1543 1415 1829 1476 inveniret,
1865 1417 1999 1469 adeo
2033 1424 2087 1467 ut
2117 1418 2324 1469 nullum

753 1493 822 1544 ibi
875 1491 1213 1568 [:cdilicium]
1272 1511 1466 1568 pra-ter
1526 1502 1968 1557 Christianorum
2032 1507 2322 1560 ecclesiam

752 1593 916 1644 esset.
952 1588 1159 1640 exstrui
1200 1589 1363 1656 jussit
1400 1593 1584 1645 urbem
1623 1595 1793 1664 circa
1821 1596 2106 1662 templum,
2143 1611 2329 1648 muro-

752 1689 854 1740 que
884 1675 1005 1730 forti
1039 1680 1179 1750 cingi
1215 1700 1225 1733 :
1261 1683 1403 1750 quod
1434 1699 1554 1737 cum
1588 1687 1840 1738 audirent
1867 1684 2059 1750 Judzei,
2082 1704 2143 1741 ex
2177 1691 2326 1741 omni

751 1768 1056 1833 provincia,
1089 1771 1349 1838 omnique
1404 1777 1538 1829 urbe
1586 1777 1882 1842 conﬂuere,
1908 1778 2044 1833 adeo
2070 1789 2126 1832 ut
2179 1780 2324 1833 brevi

754 1861 1014 1925 temporis
1065 1865 1244 1932 spatio
1307 1867 1622 1936 impleretur
1692 1871 1824 1938 ipsis
1880 1873 2031 1926 urbs.
2084 1872 2328 1940 Cumque

753 1953 907 2003 mttlti
950 1970 1176 2008 numero
1209 1959 1534 2019 evasissent.
1565 1977 1742 2030 regem
1796 1962 1902 2014 illis
1943 1964 2160 2016 nomine
2192 1963 2325 2017 Bav-

756 2040 958 2106 juzium
999 2047 1374 2112 pra-fecerunt.
1410 2049 1563 2114 Quod
1619 2066 1741 2104 cum
1779 2051 1920 2105 Ᾱὶιὶο
1954 2052 2196 2105 Adriano
2247 2069 2329 2104 re-

756 2136 1067 2188 nuntiatum
1105 2152 1269 2202 eSset,
1306 2141 1455 2194 misit
1493 2142 1579 2195 ille
1606 2142 1800 2195 ducem
1832 2158 1861 2196 e
1894 2145 2009 2198 suis
2039 2145 2325 2212 quemdam

758 2227 970 2292 magnis
1020 2226 1348 2283 instructum
1407 2233 1604 2299 cepiis,
1641 2234 1732 2300 qui
1790 2235 1979 2287 urbem
2031 2235 2326 2289 obsideret.

759 2315 963 2370 Mortui
997 2334 1125 2387 ergo
1173 2332 1298 2374 sunt
1339 2322 1430 2390 qui
1477 2323 1527 2376 in
1578 2339 1638 2377 ea
1671 2334 1826 2378 erant
1857 2324 1994 2379 lattie
2024 2334 2075 2379 et
2108 2327 2221 2383 siti.
2255 2327 2327 2380 Ea

755 2409 952 2462 deinde
985 2421 1141 2479 capta
1203 2428 1452 2483 magnam
1506 2413 1813 2468 Judaeorum
1852 2425 2089 2486 stragem
2133 2417 2325 2482 edidit,

758 2499 1057 2567 urbemque
1087 2503 1251 2554 diruit
1290 2505 1425 2557 adeo
1454 2513 1511 2556 ut
1536 2505 1803 2560 desertam
1839 2508 2193 2576 relinqueret.
2230 2510 2328 2561 A4.

759 2608 861 2658 que
898 2594 1000 2647 hoc
1035 2595 1282 2648 ultimum
1336 2597 1689 2668 353-355
1715 2611 1796 2654 est
1827 2599 2327 2669 Hierosolymorum

745 2687 1055 2741 excidium.
1089 2687 1331 2742 Fuerunt
1390 2698 1570 2742 autem
1604 2707 1632 2744 e
1668 2691 1892 2756 Iudaeis,
1923 2694 2014 2761 qui
2039 2693 2328 2764 JEgyptum

760 2777 1026 2843 lugerent.
1066 2781 1156 2832 alii
1195 2782 1282 2844 qui
1335 2782 1545 2851 Syriam
1602 2795 1653 2836 et
1688 2785 1738 2834 in
1778 2794 2012 2845 montes,
2061 2795 2111 2837 et
2151 2771 2353 2847 regio?

761 2884 880 2919 nem
909 2870 1129 2937 Algaur.
1163 2870 1331 2924 Jussit
1358 2888 1484 2925 vero
1513 2889 1624 2932 res.
1651 2889 1716 2926 ne
1740 2875 1861 2939 quis
1888 2873 2110 2928 Judaeus
2141 2878 2328 2930 urbem

761 2961 1048 3024 incoleret,
1103 2979 1290 3016 verum
1351 2965 1579 3018 interﬁci
1632 2967 1777 3032 ipsos
1829 2975 2108 3035 totamque
2141 2983 2328 3021 eorum

762 3052 981 3120 stirpem
1023 3055 1190 3108 deleri
1229 3073 1244 3116 ;
1292 3058 1478 3109 urbem
1513 3066 1690 3110 autem
1724 3074 1750 3109 a
1779 3058 1981 3112 Graecis
2019 3059 2245 3112 habitari
2277 3069 2330 3114 et

2425 594 2587 646 quam
2662 595 2837 635 annos
2914 591 3030 638 tres
3086 584 3318 638 sedisset
3366 595 3618 638 mortuus
3668 594 3770 637 est.
3838 587 3999 639 Anno

2423 672 2664 739 ejusdem
2697 672 2930 737 decimo,
2965 675 3139 729 factus
3168 683 3252 729 est
3284 673 3521 730 Joannes
3552 677 3842 744 episcopus
3873 676 3998 728 Πίν-

2427 762 2872 832 rosolymitanus,
2909 765 3000 833 qui
3032 780 3154 819 cum
3193 781 3365 822 annos
3404 769 3541 822 duos
3574 767 3807 822 sedisset
3842 785 3994 822 mor-

2427 862 2556 906 tuus
2615 863 2720 908 est.
2783 855 2939 908 Anno
2972 856 3213 924 ejusdem
3277 859 3488 913 decimo
3515 859 3675 912 tertio
3705 861 3880 914 factus
3909 870 3996 913 est

2427 945 2747 1002 Matathaeus
2781 949 3068 1017 episcopus
3097 950 3637 1022 llierosolymitanus,
3662 953 3824 1018 quiet
3855 953 3995 1007 duos

2427 1048 2600 1088 annos
2636 1037 2798 1099 sedit,
2830 1039 2954 1091 dein
3003 1051 3253 1102 mortuus
3290 1050 3393 1095 est.
3425 1041 3585 1094 Anno
3615 1043 3864 1110 ejusdem
3899 1045 3998 1095 de-

2426 1127 2570 1179 cimo
2619 1118 2812 1195 quinto
2865 1133 3193 1186 constitutus
3246 1143 3328 1188 est
3385 1135 3662 1203 Philippus
3706 1137 3999 1203 episcopus

2429 1215 2971 1289 llierosolymitanus,
2999 1225 3090 1290 qui
3122 1241 3246 1278 eum
3275 1242 3447 1280 annos
3471 1228 3632 1280 etiam
3661 1229 3797 1283 duos
3823 1230 3998 1283 sedis-

2428 1316 2508 1358 set
2560 1319 2806 1364 mortuus
2863 1322 2967 1366 est.
3015 1317 3171 1368 Anno
3225 1318 3468 1385 ejusdem
3508 1320 3719 1373 decimo
3768 1324 3998 1390 septimo

2430 1397 2604 1452 factus
2633 1411 2715 1455 est
2745 1402 2949 1459 Seneca
2977 1407 3266 1474 episcopus
3317 1410 3872 1481 Hierosolymitanus,
3906 1416 3996 1480 qui

2429 1508 2629 1544 annum
2662 1512 2828 1549 unmn
2865 1499 3026 1561 sedit,
3079 1501 3202 1553 dein
3258 1515 3506 1558 mortuus
3535 1515 3637 1560 est.
3665 1503 3823 1558 Anno
3852 1508 4001 1571 ejus-

2429 1587 2549 1638 dem
2600 1586 2810 1642 decimo
2857 1601 3052 1644 octavo
3085 1601 3301 1648 creatus
3336 1607 3420 1648 est
3463 1595 3651 1651 Justus
3711 1598 4000 1667 episc0pns

2433 1676 2975 1750 llierosolymitanus,
3010 1684 3096 1736 ubi
3128 1701 3248 1739 cum
3282 1703 3454 1742 annos
3477 1690 3716 1757 quinque
3746 1692 4001 1759 sedisset,

2430 1786 2458 1823 e
2488 1771 2627 1826 vivis
2657 1774 2914 1828 excessit.
2969 1775 3178 1832 Mortuo
3212 1791 3391 1833 autem
3451 1781 3596 1836 Elin
3647 1784 3998 1852 imperatore,

2433 1872 2554 1929 post
2603 1863 2778 1930 ipsum
2834 1864 3019 1921 Romae.
3061 1883 3236 1925 annos
3289 1874 3474 1942 viginti
3527 1874 3664 1929 duos
3717 1877 4004 1941 imperavit

2433 1955 2741 2011 Antoninus
2770 1960 2952 2014 (Iresar
2982 1980 2995 2015 :
3030 1962 3186 2030 cujus
3210 1963 3416 2030 imperii
3449 1982 3589 2019 anno
3615 1969 3805 2033 quinto
3827 1969 4003 2024 factus

2431 2059 2514 2103 est
2584 2050 2845 2104 Anicetus
2903 2054 3211 2120 patriarcha
3241 2055 3600 2126 357-359
3668 2059 3998 2116 Romanus:

2431 2142 2572 2195 sedit
2633 2159 2806 2198 annos
2875 2147 3148 2210 undecim,
3193 2150 3317 2201 dein
3372 2161 3618 2204 mortuus
3668 2165 3770 2206 est.
3847 2155 4006 2207 Anno

2431 2233 2670 2301 ejusdem
2726 2235 2938 2289 decimo
2975 2246 3130 2291 sexto
3187 2239 3364 2292 factus
3399 2252 3484 2294 est
3534 2242 3852 2297 Soterichus
3914 2260 4010 2310 pa-

2431 2327 2672 2380 triarcha
2725 2326 3000 2382 Romanus
3037 2349 3048 2381 :
3088 2329 3227 2383 sedit
3265 2346 3438 2384 annos
3490 2343 3635 2394 octo,
3677 2336 3798 2386 dein
3859 2352 4009 2389 mor-

2437 2426 2558 2470 lutts
2608 2427 2711 2470 est.
2750 2419 2908 2471 Anno
2954 2419 3168 2485 imperii
3215 2421 3386 2488 ipsius
3431 2434 3630 2489 quarto
3677 2427 4014 2480 constitutus

2435 2505 2516 2558 est
2567 2506 2781 2561 Clarius
2827 2509 3137 2576 patriarcha
3192 2510 3611 2573 Alexandrinus,
3648 2513 3788 2567 sedit
3835 2530 4012 2569 annos

2441 2599 2714 2660 undecim,
2745 2598 2868 2651 dein
2901 2608 3151 2655 mortuus
3185 2608 3287 2654 est.
3323 2602 3482 2655 Anno
3518 2604 3761 2670 ejusdem
3794 2604 4013 2658 decimo

2436 2689 2631 2755 quinto
2661 2689 2992 2743 constitutus
3018 2673 3102 2744 est
3131 2691 3398 2759 Agrabius
3425 2696 3732 2760 patriarcha
3770 2696 4014 2750 Alexan-

2434 2780 2648 2843 drinus,
2689 2781 2779 2847 qui
2831 2796 3002 2836 annos
3062 2783 3344 2836 duodecim
3377 2784 3543 2846 sedit,
3591 2785 3715 2837 dein
3763 2798 4016 2842 mortuus

2437 2877 2542 2922 est.
2579 2870 2737 2922 Auno
2793 2872 3002 2938 imperii
3063 2873 3238 2941 ipsius
3295 2876 3455 2927 tertio
3497 2886 3711 2930 creatus
3741 2887 3823 2930 est
3873 2878 4017 2931 Erus

2440 2961 2750 3028 patriarcha
2806 2965 3187 3019 Antiochenns
3222 3007 3236 3030 ,
3297 2968 3437 3020 sedit
3505 2970 3667 3022 annis
3727 2971 4014 3032 tredecim,

2438 3051 2562 3104 dein
2597 3045 2747 3107 obiit.
2783 3056 2936 3108 Anno
2961 3055 3205 3123 ejusdem
3231 3059 3446 3112 decimo
3495 3071 3650 3115 sexto
3675 3072 3895 3116 creatus
3931 3073 4019 3118 est

762 3151 826 3205 de
861 3149 1204 3218 imperatoris
1245 3151 1464 3204 nomine
1493 3149 1689 3203 jEliam
1719 3152 1976 3217 appellari
2011 3172 2024 3206 :
2058 3167 2225 3219 quare
2269 3152 2338 3206 ab
2365 3148 2407 3204 C
2443 3145 2776 3213 Theophilus
2809 3149 3113 3214 patriarcha
3143 3150 3533 3209 Antiochenus.
3564 3154 3655 3222 qui
3688 3170 3810 3206 cum
3838 3172 4021 3212 annos

763 3257 826 3294 eo
868 3253 1114 3311 tempore
1145 3243 1290 3295 hunc
1332 3258 1502 3310 usque
1536 3243 1677 3295 diem
1704 3242 1844 3296 Ailia
1873 3254 2097 3297 vocatur
2127 3260 2141 3297 :
2173 3259 2334 3312 quam

763 3335 1108 3389 incoluerunt
1146 3334 1340 3396 Grreci,
1377 3344 1429 3387 et
1481 3337 1544 3388 ad
1589 3344 1800 3404 portam
1841 3338 2024 3403 templi
2077 3353 2198 3405 quae
2241 3339 2334 3390 Al-

763 3427 903 3480 liaba
937 3426 1215 3498 [pulchra]
1254 3427 1428 3489 audit,
1451 3441 1630 3480 arcem
1657 3437 1999 3486 struxerunt.
2033 3443 2195 3496 super
2227 3445 2334 3494 qua

764 3518 1001 3571 tabulam
1056 3535 1307 3588 magnam
1353 3531 1672 3586 posuerunt,
1710 3520 2056 3586 imperatoris
2117 3523 2339 3575 nomine

766 3609 905 3664 lElio
940 3611 1280 3679 inscriptam,
1315 3613 1478 3677 idque
1503 3625 1648 3664 anno
1679 3610 1891 3679 imperii
1921 3611 2092 3678 ipsius
2119 3618 2336 3664 octavo.

767 3705 870 3755 Arx
936 3705 1038 3756 ista
1084 3701 1246 3756 hodie
1299 3703 1366 3756 ad
1399 3713 1608 3769 portam
1673 3700 2179 3771 Hierosolymorum
2235 3703 2339 3754 sita

767 3795 985 3847 ltavidis
1017 3794 1322 3848 sacrarium
1371 3795 1696 3861 appellatur.
1734 3794 1851 3847 lam
1886 3795 1953 3848 ab
1982 3794 2199 3846 excidio
2233 3795 2341 3860 pri-

768 3903 853 3940 mo
877 3903 970 3954 per
1003 3887 1182 3940 Titum
1209 3887 1352 3941 facto
1377 3889 1442 3941 ad
1474 3888 1575 3942 hoc
1606 3889 1834 3942 alterum
1867 3888 1992 3939 anni
2030 3894 2157 3941 sunt
2184 3887 2345 3954 quin-

767 3981 1026 4046 quaginta
1083 3987 1218 4034 tres.
1279 3978 1500 4047 lmpleta
1554 3987 1732 4033 autem
1789 3989 1918 4031 sunt
1966 3977 2341 4048 Hierosolyma

771 4072 992 4135 Graecis,
1028 4073 1119 4140 qui
1157 4088 1281 4125 cum
1336 4071 1684 4125 Christianos
1719 4073 1982 4133 limetum,
2040 4070 2184 4124 istud
2243 4070 2345 4124 sub

769 4175 874 4228 quo
913 4171 1028 4212 erat
1063 4160 1409 4226 Sepulcrum,
1472 4169 1525 4212 et
1573 4159 1832 4214 Craniqu
1871 4159 2038 4220 adire.
2067 4167 2231 4227 atque
2268 4159 2340 4213 ibi

770 4266 959 4319 preces
995 4251 1224 4305 fundere
1252 4252 1520 4310 viderent.
1547 4267 1644 4305 eos
1703 4251 1806 4304 hoc
1841 4250 2022 4304 facere
2052 4252 2346 4319 prohiben-

771 4353 852 4395 tes
888 4358 1056 4412 super
1107 4343 1290 4397 limeto
1323 4344 1580 4412 templum
1614 4343 1808 4398 Veneri
1837 4344 2078 4397 dicatum
2130 4355 2347 4399 struxe-

773 4443 920 4486 I'ttttl.

847 4527 1002 4578 Anno
1031 4525 1238 4592 imperii
1273 4526 1392 4594 ejus
1416 4535 1568 4580 sexto
1601 4527 1934 4581 constitutus
1965 4536 2048 4580 est
2076 4528 2346 4597 Eugenius

775 4617 1079 4684 patriarcha
1117 4616 1414 4680 Romanus,
1452 4621 1541 4686 qui
1570 4635 1691 4672 cum
1718 4636 1892 4673 annos
1916 4629 2149 4688 quatuor
2179 4620 2348 4674 sedis-

775 4717 856 4760 set
892 4718 1139 4759 mortuus
1170 4719 1271 4761 est.
1306 4713 1465 4761 Anno
1494 4709 1735 4775 ejusdem
1769 4710 1980 4763 decimo
2021 4713 2350 4765 constitutus

773 4807 858 4852 est
890 4796 1106 4850 Marcus
1135 4798 1444 4865 patriarcha
1479 4800 1774 4865 Rullianus,
1805 4802 1896 4870 qui
1924 4817 2098 4856 annos
2124 4803 2352 4870 quinde-

780 4889 883 4941 cim
920 4889 1080 4951 sedit,
1107 4890 1230 4943 dein
1277 4901 1528 4946 mortuus
1557 4902 1659 4945 est.
1714 4894 1872 4946 Anno
1936 4908 2082 4946 nono
2136 4893 2348 4961 imperii

778 4979 899 5046 ejus
932 4978 1105 5032 factus
1144 4989 1226 5033 est
1255 4979 1541 5032 Cornelius
1588 4981 1896 5048 patriarcha
1943 4983 2341 5043 Antiocheuus,

787 5070 876 5122 ubi
906 5085 1029 5125 cum
1072 5085 1245 5124 annos
1277 5071 1740 5140 356sexdecim
1774 5072 2003 5127 sedisset
2027 5074 2168 5126 diem
2195 5074 2351 5128 obiit.

783 5165 941 5216 Anno
977 5164 1183 5232 imperii
1237 5163 1354 5230 ejus
1385 5163 1626 5217 secundo
1667 5172 1884 5218 creatus
1931 5177 2014 5218 est
2049 5165 2347 5218 Eumenius

787 5255 1091 5322 patriarcha
1125 5254 1547 5318 Alexandrinus,
1573 5256 1663 5323 qui
1701 5270 1824 5308 eum
1853 5272 2025 5308 annos
2060 5256 2347 5309 duodecim

788 5348 1018 5401 sedisset
1053 5358 1297 5400 mortuus
1325 5357 1427 5401 est.
1454 5349 1611 5400 Anno
1641 5348 1883 5416 ejusdem
1915 5347 2127 5400 decimo
2154 5358 2349 5415 quarto

783 5442 1114 5495 constitutus
1145 5450 1227 5494 est
1254 5440 1561 5494 Marcianus
1589 5440 1896 5508 patriarcha
1927 5439 2352 5505 Alexandrinus,

785 5531 880 5598 qui
915 5540 1200 5600 postquam
1245 5546 1417 5584 annos
1459 5533 1646 5586 decem
1681 5531 1916 5586 sedisset
1971 5541 2216 5584 mortuus
2249 5541 2353 5584 cst.

787 5623 946 5675 Anno
998 5623 1208 5691 imperii
1269 5623 1388 5693 ejus
1419 5633 1616 5691 quarto
1676 5623 2009 5678 constitutus
2035 5631 2120 5678 est
2151 5621 2355 5677 Tobias

791 5717 1080 5786 episcopus
1143 5716 1693 5788 llierosolymitauus,
1724 5719 1811 5772 ubi
1845 5734 1969 5772 cum
2021 5727 2131 5774 tres
2185 5733 2357 5770 annos

793 5809 1018 5864 sedisset
1055 5820 1304 5866 mortuus
1339 5822 1438 5865 est.
1471 5811 1628 5864 Anno
1659 5811 1896 5880 ejusdem
1920 5811 2149 5879 septimo
2183 5807 2354 5864 factus

2439 3237 2626 3302 viginti
2665 3253 2829 3290 unum
2852 3240 3082 3293 sedisset
3108 3251 3356 3294 mortuus
3386 3253 3488 3295 est.
3512 3243 3666 3297 Anno
3691 3244 3905 3313 imperii
3935 3248 4019 3315 ip-

2438 3329 2550 3382 sius
2588 3330 2763 3398 primo
2832 3333 3165 3388 constitutus
3197 3343 3278 3388 est
3323 3335 3448 3388 Levi
3485 3338 3772 3406 episcopus
3816 3338 4015 3392 lliero-

2438 3422 2833 3491 solymitanus;
2888 3426 3027 3477 sedit
3061 3441 3236 3480 annos
3282 3428 3543 3497 quinque,
3595 3429 3718 3481 dein
3759 3443 4015 3485 mortuus

2437 3523 2536 3566 est.
2563 3515 2718 3567 Anno
2736 3515 2980 3581 ejusdem
3007 3527 3163 3569 sexto
3186 3519 3516 3573 constitutus
3535 3530 3619 3573 est
3644 3519 3877 3588 Ephrem
3898 3522 4019 3587 epi-

2440 3621 2640 3671 scopus
2685 3605 3248 3677 Hierosolymitanus;
3288 3609 3428 3664 sedit
3473 3626 3646 3666 annos
3687 3612 3849 3674 duos,
3893 3614 4021 3666 dein

2444 3709 2689 3749 nrortuus
2721 3707 2822 3751 est.
2852 3699 3008 3750 Anno
3035 3699 3280 3762 ejusdem
3307 3713 3501 3754 octavo
3526 3701 3701 3755 factus
3723 3712 3808 3755 est
3842 3704 4021 3755 Arsa-

2442 3786 2566 3836 nius
2585 3787 2874 3852 episcopus
2895 3785 3440 3856 Hierosolymitanus.
3462 3791 3552 3856 qui
3568 3805 3688 3842 cum
3711 3807 3888 3845 annos
3912 3805 4025 3844 Irus

2445 3877 2677 3929 sedisset
2709 3887 2960 3931 mortuus
2993 3888 3098 3934 est.
3128 3880 3282 3931 Anno
3305 3879 3548 3944 ejusdem
3575 3882 3863 3935 undecimo
3888 3899 4024 3936 conv

2444 3967 2668 4021 sdtutus
2701 3966 2841 4020 Juda
2900 3970 3194 4038 episcopus
3229 3969 3772 4040 llierosolymitamts,
3806 3973 4024 4026 duobus

2446 4058 2605 4113 annis
2628 4059 2788 4121 sedit,
2818 4059 2942 4112 dein
2973 4061 3127 4114 obiit.
3155 4060 3272 4114 Jam
3313 4076 3440 4115 vero
3475 4077 3502 4114 a
3530 4061 3732 4115 Jacobo
3763 4063 4026 4132 epismpu

2455 4149 2959 4220 llierosolymitano
3017 4153 3216 4219 primo,
3267 4167 3442 4219 usque
3478 4153 3544 4206 ad
3597 4152 3790 4205 Judam
3857 4153 4022 4207 istum

2450 4243 2697 4310 ejusdem
2734 4244 2834 4297 loci
2871 4244 3214 4312 episcopum,
3248 4244 3466 4297 fuerunt
3491 4245 3759 4314 episcopi,
3793 4248 3884 4313 qui
3907 4247 4021 4300 sedi

2450 4335 2538 4388 isti
2593 4334 3049 4402 praeﬁciebantur,
3086 4335 3421 4388 circumcisi.
3455 4336 3612 4389 Anno
3643 4336 3855 4401 imperii
3915 4339 4025 4389 An-

2453 4427 2624 4479 tonini
2652 4426 2865 4485 decitpo
2918 4427 3076 4478 tertio
3117 4428 3452 4480 constitutus
3486 4436 3570 4480 est
3600 4428 3762 4495 360
3808 4426 4027 4481 Marcus

2460 4519 2754 4585 episcopus
2793 4515 3345 4583 llierosolymitanus,
3375 4518 3463 4570 ubi
3487 4534 3660 4571 annos
3693 4531 3817 4572 octo
3859 4521 4026 4580 sedit,

2451 4610 2873 4677 deinﬂmortuus
2909 4617 3013 4660 est.
3067 4610 3223 4662 Anno
3256 4608 3504 4676 ejusdem
3543 4612 3800 4664 vicesimo
3851 4612 4028 4679 primo

2451 4711 2667 4754 creatus
2698 4708 2780 4753 est
2805 4700 3100 4754 Cassianus
3129 4703 3423 4770 episcopus
3470 4702 4026 4772 llicrosolymitanus,

2451 4794 2692 4865 quicum
2727 4807 2900 4845 annos
2940 4793 3178 4860 quinque
3216 4793 3450 4848 sedisset
3485 4795 3626 4848 dicm
3659 4795 3817 4847 obiit.

2523 4883 2736 4939 Mortuo
2759 4883 3035 4936 Antonino
3064 4883 3298 4945 Cmsare,
3335 4885 3437 4952 ipsi
3471 4883 3523 4937 in
3559 4885 3789 4952 imperio
3815 4901 4032 4940 succes-

2455 4978 2527 5032 sit
2558 4976 2790 5042 Mareus,
2828 4977 2919 5044 qui
2952 4977 3207 5030 Aurelius
3236 4976 3438 5040 Caesar,
3475 4992 3571 5031 nec
3606 4993 3712 5030 non
3753 4979 4030 5033 Antonius

2455 5080 2506 5124 et
2532 5071 2703 5124 Verus
2729 5069 3029 5135 appellatus
3052 5076 3156 5128 est.
3180 5070 3414 5136 quicum
3451 5085 3624 5122 annos
3653 5072 4027 5125 novemdecim

2459 5163 2782 5230 imperasset
2808 5176 2836 5213 e
2867 5161 3006 5215 vivis
3033 5160 3290 5214 excessit.
3321 5159 3525 5227 Magnae
3556 5161 3642 5214 hic
3670 5162 4029 5221 calamitatis.

2458 5262 2510 5305 et
2542 5254 2778 5307 tristitia:
2807 5255 3081 5306 diuturnae
3114 5253 3446 5307 Christianis
3495 5263 3685 5306 auctor
3725 5252 3850 5313 fuit,
3893 5258 4031 5306 ιιιιιι-

2461 5347 2532 5398 tis
2564 5346 2666 5399 sub
2691 5348 2809 5414 ipso
2855 5346 3173 5416 martyrium
3229 5346 3429 5414 passis.
3465 5343 3595 5412 Ejus
3627 5356 3876 5413 tempore
3923 5362 4035 5398 ma-

2461 5453 2562 5502 gna
2626 5438 2728 5491 fuit
2778 5437 2973 5499 fames,
3033 5437 3382 5503 siccitasque,
3415 5445 3467 5488 et
3519 5439 3712 5504 pestis,
3748 5436 3880 5488 dum
3937 5452 4034 5505 per

2462 5529 2740 5583 biennium
2775 5546 2881 5582 non
2913 5531 3141 5596 plueret,
3168 5529 3304 5581 adeo
3333 5539 3392 5580 ut
3427 5543 3613 5597 parum
3645 5529 3868 5582 abesset
3903 5532 4032 5596 quin

2461 5632 2514 5675 et
2560 5637 2652 5675 rex
2686 5632 2738 5674 et
2770 5621 3001 5688 populus
3049 5620 3278 5688 imperio
3303 5620 3477 5687 ipsius
3519 5619 3775 5672 subditus
3808 5621 3950 5672 fame
3983 5633 4032 5672 et

2463 5723 2612 5783 peste
2637 5714 2874 5782 perirent
2897 5733 2906 5765 :
2937 5713 3172 5780 quiergn
3190 5711 3528 5765 Christianos
3552 5719 3815 5780 rogarunt
3833 5721 3888 5764 ut
3911 5727 4032 5780 pre-

2470 5809 2624 5864 cibus
2649 5823 2676 5861 a
2703 5807 2931 5862 Domino
2949 5822 3050 5862 suo
3066 5807 3300 5873 pluviam
3324 5806 3701 5869 inuictrarrnt.
3739 5804 3851 5858 lllis
3870 5804 4033 5874 igitur
