4200 6432
160 408 258 468 989

1588 406 1962 465 ANNALES-

3286 401 3392 467 9‘30

160 534 349 586 preces
375 519 445 574 ad
486 520 772 575 Dominum
824 520 1204 586 fundentibus,
1245 539 1494 591 magnam
1533 525 1725 592 pluvia:
1755 523 1796 576 Α
1829 521 1918 574 ubi
1955 528 2100 574 esset
2150 519 2393 588 ipsorum
2447 518 2704 575 dominus
2751 517 2855 588 ipsi
2917 517 3244 578 iudicarent,
3290 519 3389 583 illi,

161 616 377 675 copiam
405 612 650 674 demisit,
691 629 798 681 quo
825 622 985 682 pacto
1014 615 1226 670 sublata
1268 623 1354 669 est
1382 625 1435 670 et
1470 615 1640 670 fames
1673 623 1725 668 et

158 708 350 770 pestis.
393 705 508 759 Sub
531 706 651 773 ipso
681 707 733 758 in
757 704 962 761 Graecia
986 706 1170 760 floruit
1200 707 1444 772 Magnius
1482 709 1725 774 sapiens.

155 799 313 848 Anno
347 797 560 864 imperii
586 798 828 864 ejusdem
854 799 1092 853 secundo
1117 802 1448 855 constitutus
1463 811 1543 853 est
1565 801 1728 853 Eleu-

157 889 368 942 tberius
417 890 730 957 patriarcha
780 889 1088 954 Romanus,
1115 893 1204 959 qui
1235 903 1519 959 postquam
1551 907 1727 946 annos

154 984 472 1048 quindecim
507 985 763 1046 sedisset,
799 992 1048 1039 mortuus
1077 996 1182 1039 est.
1217 984 1435 1051 Imperii
1482 984 1724 1053 ejusdem

157 1089 301 1127 anno
326 1073 544 1127 decimo
589 1077 823 1143 septimo
846 1075 1024 1129 factus
1055 1075 1242 1130 Victor
1283 1075 1468 1128 Itonia:
1499 1075 1727 1144 patriar-

159 1167 258 1219 cha
295 1167 486 1219 decem
516 1181 691 1219 annos
753 1165 912 1227 sedit,
963 1167 1085 1220 dein
1132 1177 1380 1220 mortuus
1418 1175 1520 1220 est.
1572 1168 1730 1220 Anno

157 1257 404 1320 ejusdem
439 1258 632 1323 quinto
666 1259 998 1312 constitutus
1038 1268 1117 1312 est
1141 1257 1392 1312 Julianus
1423 1258 1728 1327 patriarcha

159 1348 572 1402 Alexandrinus
607 1364 890 1417 annosque
921 1349 1104 1402 decem
1135 1351 1294 1413 sedit,
1317 1353 1440 1404 dein
1483 1361 1729 1403 mortuus

159 1450 262 1492 est.
316 1438 478 1490 Auno
537 1440 749 1492 dei-imo
805 1441 1158 1521 361-363
1181 1441 1375 1509 quinto
1398 1443 1730 1494 constitutus

167 1545 246 1587 est
286 1535 600 1589 Demetrius
636 1536 942 1604 patriarcha
981 1535 1406 1596 Alexandrinus,
1433 1539 1527 1602 qui
1558 1550 1730 1587 annos

165 1625 534 1691 quadraginta
573 1635 685 1679 tres
713 1625 877 1688 sedit,
912 1625 1034 1677 dein
1063 1634 1311 1678 mortuus
1353 1633 1455 1678 est.
1510 1624 1731 1678 Primus

165 1718 254 1769 ille
290 1717 728 1781 patriarcharum
764 1716 1052 1783 episcopos
1084 1717 1135 1767 in
1167 1714 1384 1784 Aipypti
1416 1715 1618 1768 ditione
1645 1728 1733 1764 or-

1828 628 1942 680 prae
1970 611 2136 664 animi
2171 613 2530 680 generositate
2561 626 2623 664 ac
2664 611 2867 664 domini
2901 610 2985 666 sui
3014 610 3261 664 servandi
3293 611 3391 664 dc-

1829 707 2055 767 siderio,
2087 705 2213 758 illud
2247 705 2423 761 facere
2453 715 2776 760 recusarunt
2812 722 2826 758 :
2861 712 2917 758 et
2965 704 3035 757 ab
3084 703 3392 756 Alexandro

1829 798 1895 849 ad
1949 799 2277 851 Pirrenninm
2332 813 2506 851 annos
2545 798 2714 851 fuisse
2765 796 3087 864 quingentos
3141 805 3194 848 et
3231 795 3392 848 sede-

1829 891 1931 941 cim
1968 908 1983 944 :
2015 891 2178 958 idque
2211 903 2352 942 anno
2386 890 2597 956 imperii
2635 886 2922 943 Commodi
2947 887 3179 940 Caesaris
3207 884 3395 956 365-
3474 900 3478 904 '

1829 982 1987 1052 367
2021 999 2182 1036 nono.
2213 983 2334 1036 Have
2355 983 2615 1036 Galenus.

1902 1075 2104 1129 Floruit
2129 1077 2290 1128 etiam
2345 1074 2589 1139 ejusdem
2623 1084 2864 1142 tempore
2904 1072 3257 1125 Democrates
3292 1085 3393 1123 sa—

1833 1169 2006 1237 piens.
2057 1169 2213 1220 Anno
2265 1168 2475 1236 imperii
2523 1168 2691 1234 ipsius
2723 1178 2910 1219 octavo
2938 1173 3152 1218 creatus
3183 1173 3264 1216 est
3293 1162 3396 1216 Ze-

1831 1262 2080 1328 phiriuus
2139 1262 2444 1329 patriarcha
2481 1261 2780 1322 Romanus,
2811 1261 2902 1325 qui
2947 1274 3118 1312 annos
3171 1257 3393 1311 octode—

1832 1355 1936 1405 cim
1967 1352 2124 1418 sedit,
2164 1353 2284 1406 dein
2322 1360 2562 1406 mortuus
2589 1361 2690 1404 est.
2723 1352 2877 1404 Auno
2904 1351 3020 1416 ejus
3050 1351 3240 1417 quinto
3266 1364 3398 1402 con-

1831 1445 2056 1499 stitutus
2086 1452 2171 1498 est
2194 1443 2452 1512 Serapion
2511 1444 2816 1510 patriarcha
2862 1441 3257 1502 Antiochenus,
3303 1441 3396 1504 qui

1831 1552 1951 1589 cum
2000 1537 2190 1591 decem
2248 1550 2420 1589 annos
2470 1536 2723 1595 sedisset,
2779 1543 3024 1587 mortuus
3081 1540 3182 1585 est.
3244 1536 3399 1583 Anno

1831 1628 2072 1695 ejusdem
2098 1630 2274 1697 primo
2298 1629 2629 1681 constitutus
2660 1635 2742 1679 est
2789 1623 3154 1694 Symmachus
3181 1624 3400 1690 episco-

1836 1735 1934 1786 pus
1958 1717 2504 1789 Hierosolymitanus.
2532 1718 2617 1771 ubi
2646 1733 2769 1770 cum
2797 1716 2936 1769 duos
2974 1729 3143 1767 annos
3170 1714 3400 1769 sedisset

161 1808 393 1861 dinavit.
429 1808 584 1860 Anno
616 1807 826 1874 imperii
853 1808 1100 1874 ejusdem
1125 1807 1338 1859 decimo
1363 1807 1554 1873 quinto
1579 1820 1733 1858 crea-
1763 1847 1804 1902 Β
1836 1821 2082 1865 mortuus
2115 1820 2219 1866 est.
2258 1813 2416 1865 Anno
2461 1810 2578 1876 ejus
2607 1811 2765 1862 tertio
2798 1812 2975 1864 factus
3007 1819 3090 1863 est
3126 1810 3404 1862 Cabianus

162 1911 246 1953 tus
273 1910 362 1952 est
404 1898 674 1952 Maximus
705 1900 1012 1966 patriarcha
1061 1899 1459 1959 Antiochenus,
1501 1897 1592 1949 ubi
1633 1912 1730 1948 no-

164 2008 281 2043 vcm
322 2007 499 2044 annos
527 1992 689 2058 sedit,
717 1991 844 2044 dein
882 2001 1133 2044 mortuus
1163 2001 1266 2044 est.
1306 1993 1460 2043 Auno
1487 1990 1730 2054 ejusdem

160 2091 362 2149 quarto
399 2083 580 2134 factus
608 2091 691 2135 est
720 2080 990 2134 Eusebius
1024 2081 1315 2149 episcopus
1341 2080 1732 2148 Hierosolymi-

161 2189 347 2241 tmus,
376 2190 468 2242 qui
518 2190 641 2227 cum
689 2191 862 2228 annos
891 2176 1028 2230 duos
1068 2175 1302 2228 sedisset
1335 2183 1582 2227 mortuus
1631 2185 1731 2227 est.

163 2269 320 2320 Anno
347 2267 474 2334 ejus
503 2276 658 2320 sexto
695 2275 915 2320 creatus
941 2274 1024 2318 est
1059 2262 1238 2318 Julius
1266 2265 1574 2334 patriarcha
1610 2266 1736 2318 Hie-

169 2360 620 2430 rosolymitanus.
675 2360 763 2427 qui
793 2375 918 2412 cum
952 2373 1126 2412 annos
1155 2358 1292 2412 duos
1333 2359 1560 2412 sedisset
1590 2374 1737 2410 mor-

165 2461 294 2504 tuus
328 2459 434 2503 est.
486 2452 646 2503 Anno
693 2449 935 2517 ejusdem
971 2448 1186 2502 decimo
1235 2447 1409 2502 factus
1458 2457 1543 2502 est
1567 2447 1736 2502 Maxi-

163 2558 284 2596 mu:
321 2544 615 2608 cpiscOpus
649 2541 1196 2610 llierosolymitanus,
1229 2543 1322 2611 qui
1379 2557 1552 2594 annos
1593 2557 1734 2609 qua-

161 2645 286 2687 tuor
335 2637 502 2694 seuit,
540 2633 665 2686 dem
707 2641 953 2686 mortuus
981 2641 1080 2686 est.
1113 2635 1268 2686 Anno
1305 2634 1546 2700 ejusdem
1582 2633 1735 2685 deci-

161 2742 250 2780 mo
303 2725 502 2793 quinto
537 2721 737 2776 ibidem
795 2723 1130 2776 constitutus
1163 2730 1247 2774 est
1296 2721 1585 2789 cpisc0pus
1635 2721 1732 2774 Ju-

159 2819 362 2879 lianus,
397 2817 490 2886 qui
529 2831 649 2871 cuzn
675 2817 814 2869 duos
849 2830 1023 2868 annos
1046 2815 1279 2868 sedisset
1320 2823 1568 2867 mortuus
1605 2823 1727 2867 est:

159 2924 305 2962 anno
338 2917 520 2961 autem
555 2908 765 2960 decimo
781 2906 1012 2974 septimo
1039 2904 1264 2967 Gabius,
1299 2906 1389 2973 qui
1420 2913 1530 2957 tres
1557 2919 1730 2959 annos

159 3003 318 3060 sedit,
350 2999 474 3054 dein
499 3007 746 3051 mortuus
777 3007 881 3050 est.
921 2997 996 3051 Eo
1022 3006 1263 3065 tempore
1292 2997 1513 3064 scripsit
1545 2997 1735 3048 Deme-

160 3090 298 3142 trius
335 3089 646 3157 patriarcha
695 3087 1101 3141 Alexandrinus
1133 3087 1198 3139 ad
1236 3087 1466 3140 Gabium
1523 3087 1736 3154 episco-

1835 1903 2118 1970 cpisCOpus
2168 1901 2728 1970 Hierosolymitanus,
2764 1905 3015 1969 quicum
3070 1913 3182 1954 tres
3231 1913 3403 1955 annos

1837 1995 2088 2057 sedisset,
2149 2003 2395 2048 mortuus
2427 2004 2531 2048 est.
2581 1995 2738 2046 Auno
2771 1994 2890 2060 ejus
2932 2003 3083 2047 sexto
3118 1993 3292 2047 factus
3320 2002 3404 2045 est

1835 2085 2081 2142 Julianus
2104 2086 2392 2155 episcOpus
2428 2085 2975 2154 Hierosolymitanus.
2999 2087 3092 2152 qui
3125 2100 3246 2138 cum
3273 2099 3406 2151 qua-

1837 2187 1961 2231 tuor
2009 2193 2180 2232 annos
2227 2177 2455 2230 sedisset
2493 2185 2742 2229 mortuus
2784 2188 2890 2230 eSt.
2940 2177 3098 2230 Anno
3153 2174 3398 2241 ejusden

1839 2268 2128 2320 undecimo
2173 2269 2501 2320 constitutus
2531 2274 2612 2319 est
2649 2265 2791 2319 Elias
2823 2266 3114 2333 episcopus
3149 2264 3404 2317 Hieroso-

1839 2359 2147 2427 lymitanus,
2179 2359 2268 2426 qui
2307 2358 2443 2411 duos
2477 2372 2649 2412 annos
2673 2357 2835 2419 sedit,
2867 2357 2989 2410 dein
3027 2364 3274 2409 mortuus
3299 2363 3400 2407 est.

1836 2452 1994 2505 Anno
2030 2452 2240 2521 imperii
2269 2451 2440 2519 ipsius
2463 2449 2698 2510 decimo,
2721 2449 2892 2500 exorti
2928 2449 3104 2502 Persre
3135 2448 3404 2508 Babelem.

1841 2542 2120 2607 Amidum,
2162 2551 2213 2594 et
2268 2540 2502 2594 Persiam
2543 2546 2929 2606 occuparunt,
2997 2536 3181 2609 [duce]
3218 2553 3409 2605 nempe

1841 2634 2139 2687 Azdashiro
2167 2632 2277 2686 ﬁlio
2310 2631 2526 2695 Babeci,
2562 2631 2654 2683 lilii
2689 2631 2905 2694 Sasani,
2952 2630 3284 2691 Estochrita,
3313 2629 3403 2694 qui

1841 2727 2048 2794 primus
2083 2740 2288 2794 regum,
2317 2725 2494 2776 denuo
2528 2724 2579 2774 in
2615 2721 2856 2775 Persiam
2893 2722 3170 2790 regnavit,
3216 2721 3408 2773 litteris

1842 2817 1906 2869 ad
1951 2830 2138 2870 omnes
2171 2826 2281 2868 tum
2333 2815 2435 2867 sibi
2492 2816 2700 2868 vicinos
2729 2814 2924 2867 Persia}
2972 2829 3144 2882 rcges,
3178 2825 3285 2866 tum
3317 2814 3407 2881 qui

1845 2909 2058 2977 longius
2091 2909 2142 2959 in
2173 2908 2295 2960 aliis
2333 2908 2558 2960 aberant
2600 2906 2926 2974 provinciis,
2959 2906 3194 2958 tribuum
3234 2918 3407 2971 reges,

1840 3000 2000 3062 datis,
2029 2999 2224 3067 quibus
2263 2999 2412 3066 ipsos
2456 2999 2522 3051 ad
2571 2998 2673 3052 sibi
2725 2996 3131 3050 assentiendum
3165 3004 3220 3048 et
3249 3010 3404 3062 opem

1844 3091 2117 3145 ferendam
2157 3091 2445 3150 invitavit,
2501 3107 2728 3144 monens
2781 3106 2848 3144 ne
2894 3090 2993 3156 ipsi
3050 3089 3305 3142 adversus
3353 3103 3411 3141 se

160 3197 290 3249 pum
372 3179 952 3250 llierosolymitauum,
1018 3178 1311 3232 Maximum
1367 3178 1733 3244 patriarcham
1765 3203 1806 3259 ρ
1841 3183 2177 3252 praeberent,
2216 3191 2443 3235 mortem
2471 3192 2522 3234 ει
2563 3197 2750 3251 pugnas
2782 3182 2825 3234 si
2860 3181 2911 3234 id
2949 3179 3191 3234 facere";
3227 3179 3406 3232 mina-

158 3273 590 3336 antiochenum,
625 3281 680 3325 et
723 3272 998 3326 Victorem
1031 3273 1400 3339 patriarcham
1428 3269 1736 3324 Romanum

159 3367 226 3422 de
260 3367 474 3420 ratione
499 3365 740 3434 computi
771 3363 1052 3418 Daschalis
1080 3370 1134 3416 et
1165 3362 1362 3430 jejunii
1395 3361 1740 3416 Christiano-

161 3466 389 3522 rum,et
424 3457 695 3526 quomodo
749 3470 779 3508 a
831 3454 1103 3509 Paschate
1156 3453 1468 3506 Judzeorum
1503 3452 1738 3505 deduca-

161 3559 292 3611 tur;
322 3546 392 3600 de
431 3560 539 3614 qua
586 3561 643 3599 re
682 3545 886 3598 multos
928 3554 1228 3597 exararunt
1260 3544 1426 3596 libros
1457 3553 1509 3595 et
1535 3542 1738 3610 episto-

161 3639 272 3703 las,
296 3639 476 3690 donec
510 3651 576 3690 eo
606 3635 697 3703 qni
730 3635 840 3703 jam
869 3633 1188 3687 observatur
1227 3632 1387 3686 modo
1403 3630 1740 3684 Christiano-

163 3747 287 3785 rum
341 3730 554 3784 Pascua
604 3729 1045 3790 constituerent;
1088 3728 1252 3794 idque
1280 3727 1404 3794 quia
1434 3725 1731 3778 Christiani

165 3831 292 3889 post
334 3836 624 3875 ascensum
658 3819 872 3874 Domini
904 3818 1068 3889 364
1094 3818 1295 3872 Christi
1325 3818 1377 3870 in
1412 3819 1602 3880 cicius,
1647 3817 1738 3870 ubi

163 3915 366 3967 festum
395 3911 650 3979 baptismi
682 3911 1075 3971 celebrassent,
1099 3910 1186 3961 die
1211 3908 1736 3975 crastiuojejunium

163 4004 538 4075 quadraginta
570 4003 784 4058 dierum
811 4005 1048 4072 incipere
1084 4002 1355 4066 solebant,
1388 4003 1526 4069 quod
1550 4001 1741 4053 deinde

163 4098 484 4158 solvebant,
521 4097 663 4150 sicut
719 4094 849 4148 fecit
911 4094 1176 4148 Dominus
1226 4093 1503 4156 Christus,
1556 4100 1742 4160 utpote

163 4190 258 4255 qui
295 4196 589 4255 postquam
626 4185 934 4253 baptizatus
969 4185 1024 4238 in
1065 4183 1305 4238 Jordane
1339 4185 1533 4238 fuisset
1565 4188 1618 4235 in
1649 4183 1742 4236 de-

163 4293 376 4336 sertum
415 4281 572 4341 abiit,
603 4281 691 4332 ubi
732 4278 1088 4350 quadraginta
1121 4281 1238 4334 dies
1269 4281 1486 4346 jejunus
1523 4281 1740 4332 mansit.

171 4372 341 4425 Iidem
372 4385 496 4422 cum
531 4368 702 4422 Judaei
736 4369 947 4422 I'ascha
995 4370 1338 4423 celebrarent
1373 4370 1514 4422 idem
1551 4371 1741 4423 obser-

167 4475 376 4519 varunt
413 4465 636 4518 festum.
674 4463 750 4516 ita
783 4478 917 4532 ergo
951 4471 1264 4517 statuerunt
1289 4465 1616 4531 patriarchae
1654 4464 1739 4515 isti

1843 3288 1948 3329 tus.
1987 3276 2064 3328 Ad
2113 3290 2251 3343 quos
2285 3289 2414 3341 ergo
2447 3273 2532 3326 ubi
2587 3274 2953 3340 pervenissent
2984 3273 3174 3324 litterae
3210 3281 3262 3324 et
3294 3273 3409 3338 epi-

1841 3369 2011 3429 stolae,
2052 3369 2208 3421 valde
2240 3367 2313 3420 illi
2351 3367 2543 3419 timere
2572 3383 2586 3429 ;
2621 3367 2710 3418 alii
2747 3365 2888 3418 ultro
2927 3365 3092 3433 368
3119 3365 3362 3417 obsecuti
3391 3403 3406 3422 ,

1845 3461 2057 3527 ipsique
2086 3460 2149 3510 ad
2188 3472 2343 3526 opem
2385 3457 2458 3509 illi
2515 3457 2787 3510 ferendam
2837 3456 3064 3523 profecti
3106 3463 3270 3516 sunt,
3319 3453 3406 3506 alii

1840 3552 2013 3605 donec
2044 3551 2109 3604 ad
2162 3551 2307 3620 ipsos
2363 3551 2647 3604 accederet
2683 3558 2988 3609 manentes,
3041 3557 3150 3600 tum
3204 3546 3283 3600 vel
3334 3545 3408 3596 illi

1843 3653 2035 3714 sponte
2069 3644 2534 3710 obsequebantur,
2570 3642 2648 3694 vel
2689 3641 2836 3692 inviti
2894 3639 3098 3693 servire
3142 3638 3410 3704 cogeban-

1843 3746 1951 3800 tur,
1987 3735 2080 3789 alii
2117 3749 2323 3787 moram
2363 3742 2646 3786 traxerunt
2683 3733 2857 3784 donec
2898 3731 3098 3783 caedem
3127 3741 3179 3783 et
3219 3728 3410 3781 intcri~

1841 3836 1951 3880 tum
1982 3835 2313 3896 paterentur.
2353 3823 2518 3878 Nemo
2552 3831 2730 3876 autem
2770 3823 2840 3874 illi
2877 3821 3195 3890 obsequium
3232 3827 3414 3872 matu-

1842 3921 1958 3972 rius
1992 3919 2268 3988 przestitit,
2299 3931 2458 3984 quem
2485 3932 2593 3968 nou
2628 3916 2976 3967 beneficentia
3011 3928 3106 3966 sua
3143 3927 3406 3964 remune—

1843 4011 2008 4074 ravit,
2040 4010 2251 4078 ipsique
2283 4008 2604 4076 dignitatem
2645 4006 2815 4064 auxit.
2863 4005 3020 4057 titulo
3056 4005 3232 4058 solum
3269 4003 3417 4071 regis

1842 4111 2087 4169 excepto,
2112 4116 2219 4169 quo
2250 4100 2544 4161 neminem,
2579 4098 2696 4166 ipso
2731 4106 2982 4164 excepto,
3012 4095 3258 4166 insigniri
3292 4111 3416 4164 per—

1845 4196 2096 4247 missum.
2141 4192 2330 4260 Neque
2365 4205 2392 4242 a
2426 4190 2632 4243 ditione
2669 4189 2734 4241 ad
2763 4189 3050 4247 ditionem,
3093 4203 3120 4239 a
3163 4202 3329 4254 regno
3352 4187 3417 4238 ad

1845 4301 2070 4354 regnum
2103 4323 2118 4346 ,
2155 4298 2182 4335 a
2217 4283 2439 4351 regione
2477 4283 2542 4334 ad
2581 4283 2854 4348 regionem
2904 4279 3134 4332 transire
3174 4278 3419 4340 destitit,

1843 4377 2018 4429 donec
2039 4375 2102 4426 ad
2134 4373 2318 4426 urbem
2350 4373 2590 4434 Saturni,
2629 4387 2748 4440 qua:
2774 4379 2909 4425 este
2934 4372 3152 4438 regione
3179 4369 3420 4432 Mascen,

1845 4465 2199 4536 pervenisset,
2230 4479 2350 4532 qua!
2377 4472 2429 4516 et
2455 4467 2560 4515 Arx
2599 4463 2918 4529 appellatur,
2947 4461 2999 4514 in
3029 4476 3134 4529 qua
3166 4475 3224 4513 se
3246 4461 3423 4512 muni-

169 4553 462 4610 Paschatis
492 4561 834 4622 computum,
868 4562 926 4606 ut
952 4554 1263 4622 jejunarent
1289 4555 1588 4607 Christiani
1611 4571 1744 4624 qua-
1777 4556 1822 4612 D
1851 4566 1999 4612 verat
2030 4573 2122 4611 rex
2153 4555 2446 4610 Alsawadi.
2495 4553 2644 4606 Illum
2701 4553 2954 4605 diuturna
2989 4550 3274 4604 obsidione
3307 4550 3425 4602 cin-

166 4650 418 4718 dragiuta
449 4645 593 4706 dies,
627 4646 826 4700 deinde
859 4646 948 4700 die
992 4645 1278 4702 Paschalis
1317 4646 1584 4714 jejunium
1629 4649 1742 4702 sol-

167 4748 384 4796 verent.

235 4833 389 4888 Obiit
421 4840 601 4886 autem
635 4831 850 4886 Marcus
876 4832 1058 4885 Carsar
1091 4832 1407 4899 imperator,
1443 4830 1745 4898 imperante

173 4936 303 4990 post
366 4925 550 4994 ipsum
618 4923 804 4978 Romae
841 4923 1142 4978 Commodo
1191 4923 1428 4984 Caesare,
1482 4921 1742 4974 Antonini

171 5019 307 5078 filio,
342 5030 516 5070 annos
547 5015 854 5070 duodecim.
889 5015 1022 5080 Ejus
1044 5027 1288 5085 tempore
1313 5014 1493 5067 ﬂoruit
1523 5015 1573 5065 in
1599 5014 1748 5067 Grzc-

169 5124 361 5163 corum
404 5108 632 5166 ditione.
687 5107 820 5161 urbe
870 5107 1153 5176 Pergamo,
1213 5105 1452 5160 Galenus
1501 5106 1741 5174 sapiens,

170 5200 305 5252 artis
361 5198 588 5252 medica:
624 5208 835 5252 auctor.
896 5197 1065 5250 Porro
1117 5199 1366 5250 meminit
1425 5195 1743 5251 Galenusiu

174 5293 440 5346 librorum
475 5305 700 5344 suorum
736 5290 936 5352 indice,
991 5306 1049 5344 se
1092 5289 1392 5344 Commodo
1429 5289 1743 5358 imperatori

173 5385 460 5440 educando
489 5383 659 5454 [quod
713 5383 779 5436 ad
829 5383 1139 5454 sanitatem]
1179 5381 1491 5450 prmfectnm
1554 5381 1744 5435 fuisse.

177 5475 422 5528 Meminit
462 5475 625 5527 etiam
681 5487 934 5526 sermone
987 5473 1162 5540 primo
1186 5472 1307 5524 libri
1347 5473 1435 5538 qui
1473 5471 1547 5524 De
1577 5471 1746 5524 animi

176 5566 412 5620 moribus
442 5566 784 5629 inscribitur,
823 5566 991 5619 fuisse
1023 5576 1260 5633 tempore
1307 5563 1590 5618 Commodi
1631 5565 1748 5617 im-

174 5659 469 5727 peratoris,
506 5658 712 5724 virum,
749 5655 972 5710 nomine
1003 5655 1354 5720 Pereunium,
1395 5657 1486 5724 qui
1519 5671 1642 5708 cum
1679 5656 1745 5709 ad

175 5765 359 5804 necem
389 5763 419 5802 a
449 5745 748 5803 Commodo
773 5750 1062 5817 quaesitus,
1098 5748 1347 5818 fugisset,
1379 5755 1539 5817 atque
1569 5747 1743 5815 impe-

182 5856 326 5898 rator
361 5842 500 5898 duos
522 5841 612 5911 qui
652 5842 729 5898 illi
783 5844 996 5899 fuerant
1043 5857 1231 5899 servos
1265 5842 1597 5908 verberaret,
1635 5857 1742 5912 Quo

1849 4661 1987 4706 ctam
2028 4665 2150 4704 cum
2185 4648 2389 4701 nullam
2417 4644 2664 4714 capiendi
2708 4644 2972 4696 rationem
3015 4641 3284 4693 inveniret
3317 4625 3422 4692 A’z-

1849 4741 2058 4803 dashir,
2090 4754 2273 4792 arcem
2313 4737 2614 4790 ascendens
2649 4735 2790 4802 regis
2839 4732 3133 4800 (Alsawadi
3192 4731 3419 4797 scilicet)

1849 4833 1954 4885 lilia
1983 4830 2046 4882 ad
2078 4827 2362 4882 Azdasbiri
2399 4826 2584 4891 copias
2612 4823 3039 4891 perlustrandas,
3086 4836 3210 4873 cum
3252 4819 3432 4873 Asda-r

1849 4922 1982 4977 shiri
2014 4921 2291 4984 conspecti
2329 4917 2499 4970 forma
2530 4917 2628 4983 ipsi
2664 4915 2923 4984 placeret,
2954 4928 3142 4967 amore
3177 4913 3295 4978 ejus
3335 4925 3426 4963 ca-

1850 5022 1938 5083 pta
1972 5020 2077 5066 est.
2131 5009 2420 5062 Prehensaa
2453 5008 2618 5075 igitur
2645 5009 2855 5075 sagitta:
2887 5021 3008 5058 cum
3063 5005 3178 5058 lucc
3225 5004 3424 5056 inScri-

1848 5109 2043 5175 psisset
2071 5117 2083 5151 :
2117 5099 2174 5154 Si
2195 5102 2323 5153 mihi
2346 5100 2646 5168 promiseris
2679 5108 2724 5150 te
2759 5113 2975 5148 uxorem
3008 5113 3088 5147 me
3119 5095 3423 5155 ducturum,

1846 5197 2088 5250 iudicabo
2130 5195 2222 5246 tibi
2254 5197 2421 5246 locum
2468 5207 2569 5260 quo
2615 5191 2792 5242 urbem
2838 5191 2974 5242 hanc
3005 5203 3186 5253 capere
3230 5185 3421 5255 possis,

1848 5303 1966 5344 eam
2031 5286 2388 5339 Azdashirum
2431 5283 2817 5350 versusjecit;
2870 5280 2958 5333 cui
3010 5295 3134 5332 cum
3189 5278 3423 5345 placeret

1849 5381 1990 5449 quod
2020 5380 2336 5448 scripserat,
2369 5377 2624 5442 sagittam
2679 5376 2781 5426 hoc
2816 5372 3082 5438 inscripto
3136 5381 3420 5437 responso:

1849 5473 2183 5526 Prwsliturus
2215 5487 2329 5522 sum
2363 5469 2454 5520 tibi
2479 5468 2616 5536 quod
2647 5466 2847 5534 petiist‘
2897 5465 2964 5516 ad
2993 5465 3162 5530 ipsam
3189 5458 3422 5513 remisit.

1849 5566 2001 5632 Quod
2037 5580 2160 5618 cum
2199 5565 2416 5633 legisset
2446 5562 2558 5624 illa,
2595 5559 2876 5627 rescripsit
2907 5596 2920 5609 .
2982 5557 3074 5609 Est
3126 5552 3242 5606 urbi
3295 5551 3422 5604 huic

1852 5666 2002 5728 porta
2043 5673 2209 5726 parva
2256 5655 2408 5708 lateri
2450 5653 2541 5706 uni
2577 5660 2969 5720 superstructa,
3003 5648 3056 5700 in
3103 5647 3224 5699 loco
3277 5644 3369 5697 tali
3407 5659 3419 5695 :

1851 5749 2033 5802 addita
2091 5749 2192 5801 lnci
2247 5745 2632 5814 descriptione.
2686 5739 2954 5796 Azdashir
2991 5753 3118 5806 ergo
3153 5747 3420 5789 conversa

1851 5839 2194 5912 369-371
2242 5836 2302 5890 ad
2342 5837 2518 5892 lrcum
2568 5837 2728 5889 istum
2781 5831 3052 5888 exercitus
3104 5829 3184 5882 sui
3229 5836 3424 5889 parte,
