4200 6432
753 386 855 451 991

1767 396 2129 455 EUTYCHH
2165 397 2700 459 ALEXANDRINI
2741 403 2958 461 PATR.

3887 394 3998 455 992

754 518 815 554 ex
856 510 1006 569 parte
1040 500 1140 555 alia
1176 502 1296 556 “'03
1325 518 1498 571 Pugna
1549 513 1845 573 οοοιιρειιοε
1876 504 2126 569 detinuit.
2164 517 2325 575 atque
2355 513 2400 566 A
2426 527 2531 578 que
2561 511 2611 563 iu
2643 513 2830 566 Persia
2867 520 3012 566 sunt.
3041 508 3598 568 Bahman-Azdashir.
3631 520 3750 574 qua'
3779 515 3862 559 est
3892 504 3997 556 Eu-

756 594 827 645 ita
879 603 1068 662 aperto
1120 595 1238 647 loco
1292 596 1359 647 ab
1412 595 1561 649 urbis
1611 596 1802 649 incolis
1861 596 2106 666 neglecto
2142 611 2320 665 regem

754 684 926 752 ipsius
957 684 1348 738 interfecerunt
1373 727 1386 748 ,
1426 687 1718 754 omniaque
1762 702 1883 754 quae
1920 688 1971 740 in
2007 688 2120 756 ipsa
2169 697 2324 739 erant

754 785 1114 844 occuparunt.
1159 775 1294 828 Tum
1337 780 1585 843 praestitit
1636 777 1906 832 Azdashir
1954 777 2130 849 [juxta
2189 779 2323 833 alios

756 867 1008 937 Ardshir]
1047 868 1167 920 lilia:
1218 870 1362 938 regis
1402 871 1542 937 quod
1591 870 1664 923 illi
1718 870 1993 938 pollicitus
2031 871 2225 933 fuerat,
2268 886 2326 925 se

755 974 872 1010 eam
910 959 1116 1011 scilicet
1151 975 1374 1014 uxorem
1412 960 1724 1014 ducturum.
1755 961 1922 1014 Nocte
1959 971 2136 1015 autem
2176 977 2321 1029 qua-

756 1051 878 1102 dam
911 1050 1239 1104 decumbens
1265 1053 1380 1120 ipsa
1419 1052 1472 1105 in
1515 1053 1674 1118 lecto,
1701 1054 1767 1106 de
1800 1053 1917 1107 loco
1952 1054 2004 1105 in
2036 1069 2144 1122 quo
2178 1055 2327 1119 jace-

760 1154 842 1197 ret
883 1152 1094 1212 questa,
1160 1153 1266 1197 tota
1305 1155 1462 1197 nocte
1497 1144 1763 1199 insomnis
1799 1147 2116 1213 permansit.
2168 1144 2328 1210 Qua:-

767 1245 920 1289 rente
952 1253 1082 1304 ergo
1114 1237 1204 1288 illo
1235 1235 1389 1306 [quid
1429 1235 1622 1306 esset],
1657 1250 1783 1290 eaee
1809 1238 1911 1290 sub
1947 1237 2114 1290 linteo
2155 1236 2327 1305 ipsius

761 1329 812 1380 in
868 1329 1008 1380 lecto
1045 1327 1231 1380 folium
1271 1328 1368 1382 fuit
1409 1328 1744 1393 oleagineum
1777 1369 1791 1393 ,
1832 1330 1975 1397 quod
2036 1329 2325 1398 vestigium

760 1421 870 1473 cuti
907 1420 1026 1488 ejus
1063 1421 1434 1489 impresserat.
1467 1421 1690 1490 Itogavit
1712 1435 1840 1490 ergo
1873 1421 2043 1482 illam,
2075 1435 2182 1488 quo
2207 1421 2328 1473 cibo

762 1514 932 1580 ipsam
971 1528 1193 1580 pascere
1229 1512 1421 1566 solitus
1443 1521 1587 1566 esset
1616 1520 1785 1580 pater;
1825 1514 2188 1580 respondente
2213 1511 2324 1565 illa:

764 1603 854 1655 Illa
895 1604 1093 1672 quibus
1151 1604 1423 1672 praecipue
1471 1604 1731 1657 vescebar
1798 1611 1952 1656 erant
2004 1602 2102 1656 ﬂos
2153 1601 2327 1666 lactis,

765 1696 937 1756 favus,
974 1705 1026 1748 et
1068 1697 1336 1759 medulla;
1375 1697 1513 1749 dixit
1546 1696 1849 1749 Azdashir:
1883 1693 1997 1748 Non
2035 1695 2149 1748 scio
2188 1709 2329 1761 quo.

762 1784 924 1836 modo
949 1785 1072 1852 quis
1114 1795 1313 1852 patrem
1340 1792 1492 1837 tuum
1521 1823 1536 1847 ,
1566 1784 1617 1837 in
1650 1794 1699 1838 te
1730 1783 1962 1837 amando
1989 1825 2002 1847 ,
2035 1793 2087 1837 et
2124 1784 2330 1837 honore

763 1871 1062 1932 afficiendo,
1090 1879 1296 1938 aequet;
1330 1889 1453 1926 cum
1483 1888 1612 1942 ergo
1643 1889 1747 1928 non
1780 1874 1922 1928 aliud
1958 1874 2058 1943 ipsi
2093 1889 2190 1943 pro
2216 1889 2331 1927 ma-

764 1963 885 2031 gnis
924 1965 1094 2032 ipsius
1133 1964 1185 2016 in
1221 1973 1274 2017 te
1318 1964 1529 2019 meritis
1561 1981 1720 2033 quam
1747 1966 1950 2020 czedcm
1990 1965 2332 2034 rependeris,

763 2056 954 2108 merita
985 2065 1129 2108 certe
1171 2070 1230 2109 es
1269 2057 1383 2122 ipsa
1421 2072 1486 2117 ne
1519 2058 1570 2109 in
1611 2067 1754 2109 terra
1806 2066 2080 2124 superstes
2113 2057 2334 2122 sinaris,

765 2157 926 2215 atque
964 2164 1062 2216 ego
1097 2149 1169 2200 illi
1201 2149 1321 2216 jura
1359 2164 1457 2203 sua
1492 2149 1782 2217 rependam
1819 2168 1833 2204 :
1876 2167 1997 2205 cum
2050 2154 2190 2206 enim
2240 2154 2338 2209 ob—

763 2238 1044 2291 caecavcrit
1075 2254 1228 2293 amor
1265 2241 1454 2294 oculos
1491 2247 1614 2294 tuos
1639 2282 1654 2305 ,
1686 2251 1740 2295 et
1771 2242 2106 2296 intellectum
2139 2245 2328 2297 turba-

763 2330 901 2383 verit
940 2329 1074 2383 adeo
1115 2338 1173 2383 ut
1221 2331 1535 2384 meritorum
1586 2334 1756 2400 patris
1799 2334 1871 2387 tui
1920 2335 2086 2388 oblita
2141 2334 2333 2400 fueris,

767 2437 870 2475 non
901 2437 1123 2490 possum
1169 2437 1270 2492 ego
1319 2425 1418 2475 hac
1459 2439 1522 2476 ex
1565 2433 1717 2492 parte
1749 2440 1776 2478 2
1817 2435 1867 2479 te
1919 2441 2144 2481 securus
2189 2444 2332 2483 (ESSE.

763 2512 900 2567 Tum
926 2517 1093 2583 jussit
1124 2515 1333 2584 capillis
1368 2515 1550 2569 caudae
1580 2518 1702 2585 equi
1740 2517 2023 2574 ferocioris
2065 2520 2334 2590 alligatam

765 2609 967 2676 raptari
1003 2624 1015 2660 :
1051 2609 1191 2676 quod
1225 2615 1279 2661 et
1313 2606 1513 2662 factum
1545 2607 1718 2661 donec
1768 2617 1879 2662 tota
1927 2610 2030 2678 ipsi
2085 2612 2330 2679 corporis

763 2713 1054 2766 compages
1087 2699 1429 2751 membratim
1465 2699 1887 2767 discerperetur.

837 2789 998 2858 372
1053 2788 1264 2844 Mortuo
1309 2790 1609 2864 Commodo
1655 2791 1910 2858 Caesare,
1965 2792 2334 2850 Romanorum

765 2881 1121 2948 imperatore,
1155 2884 1422 2935 successit
1459 2882 1560 2950 ipsi
1612 2882 1864 2938 Pertinax
1906 2885 2089 2938 Caesar
2134 2885 2334 2939 Romae

767 2987 959 3024 norum
1004 2971 1318 3039 imperator,
1367 2974 1458 3040 qui
1487 3013 1501 3036 ,
1539 2989 1661 3027 cum
1703 2975 1881 3029 tribus
1921 2977 2210 3031 mensibus
2252 2994 2337 3032 re-

765 3072 999 3131 gnasset,
1029 3064 1346 3118 interfectus
1379 3078 1495 3130 est;
1532 3066 1830 3134 imperante
1863 3081 1984 3138 post
2023 3071 2195 3140 ipsum
2230 3069 2338 3121 Ro-

2427 603 2634 672 phrata:
2667 602 2885 657 Basora:
2908 643 2922 666 ,
2951 600 3274 664 Astarabad,
3315 615 3433 669 quae
3461 605 3542 653 est
3571 596 3953 651 Corch-Bisan
3981 633 3995 656 ,

2428 692 2531 746 sita
2580 692 2723 746 inter
2766 692 2920 748 vicos
2968 691 3168 761 Tigris,
3201 699 3256 744 et
3297 690 3483 743 urbem
3523 686 3635 740 Sult
3673 685 3951 738 il-Ahvvaz
3982 725 3997 748 ,

2428 798 2700 852 unamque
2743 783 2907 836 trium
2940 783 3157 837 urbium
3218 795 3338 849 quae
3391 787 3517 834 sunt
3569 778 3619 830 in
3671 774 3994 829 Al-Sawad:

2429 886 2624 943 prmter
2658 885 2766 930 tres
2811 876 2972 930 urbes
3006 890 3230 943 quarum
3268 887 3374 926 una
3406 881 3490 926 est
3523 870 3712 924 Alcliat
3733 908 3748 932 ,
3776 882 3897 932 quae
3934 866 3998 917 ad

2428 965 2763 1020 occidentem
2795 966 2898 1020 sita
2925 974 3009 1019 est
3036 963 3271 1033 regionis
3307 959 3716 1017 transﬂuvialis,
3757 958 3859 1010 alia
3901 957 4002 1008 Ba-

2432 1055 2532 1108 har
2571 1055 2762 1109 Samer
2809 1056 2864 1110 iu
2911 1055 3275 1118 Caramania,
3323 1052 3481 1107 tertia
3529 1053 3662 1106 urbs
3709 1049 4000 1118 Al-Ayela.

2437 1149 2580 1202 Obiit
2611 1149 2807 1202 deinde.
2840 1147 3108 1202 Azdashir
3143 1155 3430 1215 postquam
3465 1159 3636 1198 annos
3662 1142 4002 1211 quatuorde-

2430 1241 2534 1294 cim
2578 1247 2630 1293 et
2665 1255 2757 1294 sex
2793 1255 3008 1293 menses
3033 1246 3333 1307 regnasset.
3363 1236 3625 1304 Regnavit
3666 1242 3784 1303 post
3820 1235 4000 1301 ipsum

2433 1332 2574 1385 filius
2610 1332 2782 1400 ipsius
2816 1332 2998 1385 Sabur
3035 1330 3148 1385 Ebn
3187 1331 3476 1392 Azdashir,
3512 1344 3685 1382 annos
3728 1328 3956 1395 triginta
3987 1367 4002 1387 ,

2433 1440 2672 1478 mensem
2709 1440 2876 1478 unum
2899 1440 2924 1497 ς⁹
2952 1424 3115 1492 idque
3159 1439 3306 1478 anno
3343 1421 3559 1491 imperii
3595 1419 3780 1474 Severi
3825 1419 4007 1473 Caesa-

2434 1521 2528 1580 ris,
2563 1519 2908 1587 imperatoris
2941 1516 3210 1580 Romani,
3257 1515 3605 1570 duodecimo.
3651 1512 3863 1566 Mortuo
3910 1512 4007 1564 Se-
4051 1513 4059 1520 “

2435 1621 2561 1659 vero
2589 1597 2824 1668 Cmsare,
2861 1606 3044 1660 Romae
3074 1614 3194 1675 post
3232 1606 3405 1675 ipsum
3434 1622 3524 1660 sex
3556 1620 3728 1659 annos
3760 1602 4007 1672 regnavit

2432 1696 2700 1751 Antonius
2759 1697 2940 1751 Caesar
2984 1696 3262 1752 Caracalla
3325 1696 3491 1762 (quod
3552 1702 3677 1755 est,
3733 1693 3983 1756 Calvus).

2433 1787 2590 1839 Anno
2639 1788 2849 1854 imperii
2888 1786 3006 1855 ejus
3037 1788 3197 1840 tertio
3244 1785 3421 1838 factus
3453 1793 3536 1838 est
3586 1783 3862 1836 Aurianus
3908 1796 4007 1850 pa-

2438 1879 2674 1931 triarcha
2707 1877 3004 1939 Romanus,
3044 1877 3134 1942 qui
3168 1883 3407 1942 quatuor
3441 1889 3614 1927 annos
3665 1873 3806 1927 sedit
3829 1913 3844 1936 ,
3878 1871 4008 1925 dein

2438 1978 2706 2024 mortuus.
2736 1971 2890 2024 Anno
2931 1969 3105 2038 ipsius
3132 1968 3296 2038 376
3327 1968 3506 2036 primo
3539 1976 3757 2019 creatus
3783 1974 3865 2019 est
3903 1963 4011 2016 Va-

2439 2061 2552 2115 lens
2578 2060 2870 2130 episcopus
2909 2060 3458 2129 llierosolymitanns,
3492 2059 3582 2125 qui
3612 2074 3734 2113 cum
3763 2065 3873 2112 tres
3904 2072 4011 2110 an-

2438 2167 2538 2206 nos
2570 2153 2816 2215 sedisset,
2848 2162 3096 2205 mortuus
3122 2159 3224 2206 est.

2506 2243 2664 2296 Anno
2691 2244 2934 2313 ejusdem
2966 2245 3159 2313 quinto
3189 2243 3522 2298 constitutus
3567 2249 3652 2296 est
3707 2239 4014 2294 Delitianus

2439 2335 2731 2403 episcopus
2783 2334 3329 2406 llierosolymitanns,
3393 2335 3484 2402 qui
3548 2347 3721 2386 annos
3769 2339 4017 2400 quatuor

2437 2424 2598 2487 sedit,
2630 2425 2753 2478 dein
2794 2433 3040 2479 mortuus
3070 2434 3173 2479 est.
3209 2424 3362 2490 Quod
3395 2423 3458 2475 ad
3494 2421 3782 2484 Saburem,
3812 2419 4018 2476 Persa-

2441 2536 2556 2572 rum
2605 2535 2782 2589 regem
2820 2558 2835 2581 ,
2883 2534 3092 2573 summa
3144 2519 3233 2572 ille
3282 2533 3406 2571 eum
3461 2516 3671 2585 justitia
3730 2515 3876 2568 inter
3909 2515 4012 2568 ho-

2441 2612 2612 2665 mines
2645 2620 2892 2664 versatus
2922 2621 3005 2664 est
3036 2629 3048 2663 :
3078 2613 3356 2678 cmpitque
3385 2609 3697 2677 provincias
3724 2606 3930 2669 visere.
3965 2616 4022 2660 et

2437 2705 2688 2773 regiones
2720 2704 2980 2758 colendas
3011 2718 3226 2757 curare.
3261 2704 3523 2768 Anuoque
3559 2702 3707 2770 regni
3730 2700 3814 2755 sui
3842 2701 4017 2754 unde-

2437 2797 2578 2849 cimo
2607 2807 2817 2859 exacto,
2846 2812 2970 2849 cum
3001 2794 3173 2864 copiis
3199 2795 3314 2849 suis
3344 2795 3532 2847 urbem
3560 2793 3792 2855 Nisibin,
3822 2793 3876 2846 in
3910 2807 4023 2859 qua

2438 2890 2605 2955 copim
2636 2904 2700 2940 ex
2742 2886 3001 2941 Antonini
3033 2887 3327 2942 Caracalla:
3382 2884 3729 2954 imperatoris
3780 2883 4020 2937 Romani

2437 2978 2677 3032 exercitu
2714 2993 2821 3030 non
2861 2991 3046 3046 pauca;
3078 2985 3276 3039 erant,
3331 2979 3608 3045 profectus
3632 3017 3646 3039 ,
3703 2990 3819 3029 eam
3867 2975 4027 3028 obsi-

2441 3074 2603 3124 dione
2636 3072 2700 3124 ad
2733 3082 2948 3139 tempus
2996 3069 3166 3123 cinxit
3195 3106 3209 3131 ,
3243 3083 3438 3136 capere
3495 3083 3623 3121 vero
3659 3081 3765 3120 non
3817 3067 4026 3134 potuit.

766 3154 941 3207 manis
969 3153 1184 3207 Juliano
1209 3155 1437 3218 Caesare,
1465 3157 1680 3208 duobus
1713 3158 2013 3221 mensibus,
2049 3168 2167 3226 post
2196 3173 2335 3226 quos
2361 3190 2404 3251 C
2438 3162 2573 3216 Cum
2605 3177 2736 3230 ergo
2783 3177 2841 3216 se
2872 3176 2990 3215 eam
3031 3176 3340 3229 expugnare
3384 3174 3489 3213 non
3540 3172 3699 3226 posse
3748 3167 4024 3220 cerneret,

767 3245 1087 3299 interfectus
1123 3248 1286 3299 etiam
1324 3257 1428 3301 est.
1479 3246 1742 3314 Regnavit
1776 3257 1894 3316 post
1940 3249 2113 3316 ipsum
2152 3249 2334 3304 Roma:

765 3339 818 3390 in
857 3337 1130 3394 Romanos
1182 3341 1417 3393 Severus
1453 3340 1635 3393 Caesar
1678 3356 1851 3394 annos
1904 3343 2332 3408 septemdecim,

768 3429 928 3496 idque
977 3445 1121 3482 anno
1185 3439 1377 3498 quarto
1420 3431 1568 3498 regni
1622 3429 1910 3484 Azdashiri
1951 3431 2062 3483 Ebn
2119 3430 2334 3487 Babeci.

768 3518 1001 3589 Fuitque
1035 3522 1330 3588 imperator
1362 3523 1466 3576 iste
1497 3521 1754 3586 Severus,
1787 3522 1868 3573 vir
1907 3537 2140 3589 nequam
2171 3561 2186 3583 ,
2227 3539 2338 3575 ma-

768 3627 996 3678 gnarum
1030 3611 1358 3665 Christianis
1381 3613 1750 3666 calamitatum
1777 3614 2181 3682 multorumque
2206 3630 2334 3668 (ξι-ιι-

766 3705 1005 3756 eiatuum
1039 3712 1254 3764 auctor,
1298 3705 1456 3770 cujus
1500 3713 1744 3772 tempore
1780 3704 2097 3774 martyrium
2135 3704 2338 3772 ubique

769 3793 1056 3846 subierunt
1110 3793 1411 3847 Christiani
1448 3794 1858 3862 quamplurimi.
1901 3794 2037 3847 Tum
2086 3805 2137 3848 et
2173 3793 2341 3866 Egy-

769 3898 919 3958 ptum
958 3889 1259 3957 profectus,
1311 3905 1499 3943 omnes
1541 3891 1630 3958 qui
1663 3890 1736 3944 ibi
1775 3899 1829 3944 et
1881 3891 2222 3945 Alexandria:
2255 3907 2341 3946 es-

769 3993 892 4034 sent
923 3981 1265 4035 Christianos
1296 3983 1589 4045 interemit,
1641 3991 1696 4036 et
1741 3983 2005 4036 ecclesias
2031 3983 2216 4046 diruit,
2253 3999 2343 4037 ex-

768 4084 981 4130 strui-to
1013 4077 1348 4129 Alexandria:
1379 4075 1602 4143 templo,
1630 4074 1774 4142 quod
1813 4072 2040 4127 Deorum
2079 4076 2338 4146 templum

771 4167 1070 4218 vocitatum
1114 4176 1219 4221 est.
1259 4167 1416 4219 Anno
1449 4165 1658 4233 imperii
1711 4165 1883 4232 ipsius
1929 4163 2341 4232 decimoquarto

771 4257 948 4311 factus
980 4266 1065 4311 est
1096 4257 1340 4310 Calixtus
1365 4257 1675 4324 patriarcha
1711 4255 2011 4322 Romanus,
2068 4256 2161 4325 qui
2215 4271 2340 4311 cum

770 4365 862 4403 sex
899 4364 1073 4403 annos
1102 4350 1331 4404 sedisset
1364 4357 1608 4402 mortuus
1635 4357 1737 4402 est.

839 4442 995 4492 Anno
1024 4439 1265 4507 ejusdem
1304 4441 1465 4493 tertio
1512 4439 1847 4494 constitutus
1879 4445 1962 4494 est
1993 4441 2341 4506 Asclepiades

2438 3255 2605 3323 jussit
2634 3269 2797 3321 prope
2821 3254 2992 3319 ipsam
3029 3253 3491 3321 propugnaculum
3517 3250 3711 3311 altum,
3736 3249 4018 3316 amplum,

2445 3364 2548 3399 una
2576 3363 2696 3399 eum
2735 3356 2884 3399 turre
2920 3345 3152 3409 exstrui,
3187 3345 3237 3396 in
3262 3341 3429 3410 quod,
3469 3341 3558 3394 ubi
3597 3341 3805 3394 finitum
3851 3347 4027 3404 esset,

2446 3439 2749 3493 ascendens
2784 3440 2898 3506 ipse
2929 3453 3054 3491 cum
3087 3436 3366 3489 exercitus
3409 3435 3491 3487 sui
3531 3433 3846 3500 praecipuis,
3873 3447 4030 3501 qua:-

2445 3545 2660 3597 cunque
2694 3529 2836 3582 intra
2875 3529 3061 3581 urbem
3093 3533 3276 3580 essent
3310 3527 3433 3578 inde
3474 3525 3776 3593 prospexit,
3805 3539 3906 3575 nec
3933 3538 4030 3574 sa—

2446 3621 2596 3692 gittis
2625 3635 2720 3675 eos
2761 3629 2942 3688 petere
2972 3619 3302 3673 destiterunt
3331 3657 3345 3680 ,
3396 3616 3529 3669 adeo
3565 3628 3624 3669 ut
3656 3631 3760 3668 non
3798 3615 4031 3668 auderet

2445 3729 2510 3765 ex
2562 3713 2696 3780 ipsis
2727 3712 3002 3781 quispiam
3059 3711 3204 3764 foras
3239 3709 3446 3777 egredi.
3482 3706 3680 3760 Urbem
3731 3706 3900 3775 igitur
3952 3704 4030 3758 illi

2447 3804 2646 3858 dedere
2696 3805 2747 3856 in
2801 3804 2983 3856 animo
3017 3803 3367 3862 habuerunt,
3417 3809 3471 3853 at
3506 3800 3682 3854 delato
3731 3799 3797 3852 ad
3845 3801 4029 3866 ipsum

2449 3897 2637 3950 nuntio
2667 3895 2876 3949 hostem
2912 3894 3201 3964 quemdam
3252 3893 3494 3946 subditos
3528 3893 3700 3960 ipsius
3753 3907 3821 3944 ex
3870 3901 4032 3960 parte

2447 3985 2747 4038 Chorasani
2782 3983 3075 4048 invasisse,
3107 3983 3196 4036 ille
3232 3981 3297 4036 ad
3327 3980 3708 4035 Nisebensium
3740 3991 4032 4048 magnates

2450 4079 2668 4131 mittens
2699 4077 3005 4144 eligendum
3035 4077 3168 4143 ipsis
3207 4076 3510 4144 proposuit,
3538 4083 3716 4126 utrum
3749 4075 4034 4140 relinque-

2448 4177 2529 4222 ret
2564 4169 2704 4237 apud
2734 4168 2881 4237 ipsos
2919 4167 3010 4236 qui
3057 4167 3180 4220 illos
3213 4166 3379 4229 bello,
3412 4181 3583 4233 usque
3631 4168 3758 4217 dum
3794 4165 3908 4233 ipse
3945 4179 4034 4215 re-

2448 4269 2748 4312 verteretur
2771 4298 2786 4322 ,
2821 4260 3180 4318 lacesserent,
3234 4271 3300 4309 an
3348 4270 3471 4308 cum
3520 4256 3637 4322 ipso
3669 4254 3829 4323 377
3865 4254 4035 4324 379

2451 4353 2628 4407 ftedus
2663 4367 2901 4420 pangere
2918 4352 3122 4404 vellent
3153 4366 3219 4404 ne
3256 4349 3664 4418 propugnaculo
3694 4356 3819 4400 ante
3851 4348 4035 4414 ipsius

2451 4443 2686 4497 reditum
2722 4457 2917 4495 manus
2949 4443 3321 4495 admoverent.
3351 4442 3434 4492 illi
3471 4457 3598 4508 ergo
3631 4438 3809 4493 foedus
3841 4449 3898 4492 et
3932 4454 4029 4507 pa-

773 4531 1078 4599 patriarcha
1111 4532 1516 4593 Antiochenus,
1549 4533 1640 4600 qui
1693 4546 1865 4587 annos
1912 4548 2103 4586 novem
2154 4534 2334 4598 sedit,
2370 4541 2414 4596 Ι)
2443 4546 2589 4590 ctum
2622 4549 2744 4587 cum
2793 4533 2909 4600 ipso
2943 4532 3186 4604 inierunt
3231 4532 3367 4584 nihil
3400 4545 3458 4584 se
3493 4532 3557 4583 de
3608 4529 4028 4598 propugnaculo

770 4625 895 4676 dein
932 4631 1180 4676 mortuus
1213 4633 1318 4677 est.
1361 4624 1521 4677 Anno
1560 4625 1802 4690 ejusdem
1844 4624 2172 4679 duodecimo
2213 4641 2342 4678 cou-

773 4716 996 4768 stitutus
1026 4723 1108 4768 est
1145 4715 1427 4767 Philemon
1460 4715 1767 4783 patriarcha
1815 4715 2210 4778 Antiochenus,
2243 4716 2338 4783 qui

770 4822 894 4860 Cum
934 4807 1196 4860 tredecim
1231 4821 1406 4860 annos
1445 4805 1721 4869 sedisset,
1758 4816 2010 4860 mortuus
2047 4816 2152 4860 est.
2184 4808 2342 4859 Anno

771 4900 983 4967 imperii
1018 4899 1190 4968 ipsius
1221 4899 1395 4966 primo
1427 4899 1601 4953 factus
1650 4908 1733 4954 est
1778 4899 2009 4967 Capiton
2049 4902 2342 4967 episcopus

771 4991 1314 5060 llierosolymitanns,
1350 4992 1438 5043 ubi
1482 5006 1606 5043 cum
1642 5002 1880 5059 quatuor
1912 5008 2083 5046 annos
2113 4991 2344 5045 sedisset

771 5093 1018 5138 mortuus
1044 5091 1146 5136 est.
1176 5085 1329 5135 Anno
1352 5083 1704 5153 373-375
1728 5085 1970 5152 ejusdem
1994 5093 2142 5138 sexto
2170 5085 2344 5138 factus

769 5187 855 5230 est
885 5173 1155 5229 Maximus
1176 5175 1468 5241 episcopus
1502 5174 2059 5242 Hierosolyniitanus,
2092 5175 2181 5227 ubi
2218 5190 2340 5228 cum

772 5276 1009 5336 quatuor
1037 5282 1209 5321 annos
1240 5267 1473 5320 sedisset
1509 5275 1756 5321 mortuus
1779 5275 1882 5320 est.
1909 5267 2066 5318 Anno
2096 5267 2341 5335 ejusdem

771 5360 981 5413 decimo
1017 5360 1342 5412 constitutus
1381 5370 1466 5412 est
1498 5358 1764 5411 Antonius
1813 5359 2103 5426 episcopus
2143 5359 2336 5412 Hiero-

772 5453 1158 5522 solymitanus,
1188 5452 1278 5519 qui
1322 5451 1563 5518 quinque
1615 5465 1787 5503 annos
1819 5451 1976 5513 sedit,
2025 5451 2148 5503 dein
2195 5465 2344 5503 mor-

773 5554 897 5597 tuus
950 5555 1057 5596 est.
1100 5543 1366 5596 Azdashir
1423 5557 1550 5595 vero
1595 5541 1786 5596 Babeci
1836 5542 2005 5607 filius,
2059 5541 2342 5595 Persarum

771 5651 885 5700 rex,
922 5643 1123 5703 quanta
1160 5634 1272 5688 fieri
1308 5634 1485 5703 potuit
1523 5648 1644 5686 cum
1670 5633 1882 5702 justitia
1918 5635 2058 5686 inter
2093 5635 2342 5687 homines

773 5736 1022 5780 versatus
1051 5735 1170 5789 est;
1201 5743 1295 5781 sex
1343 5729 1505 5780 etiam
1557 5726 1720 5779 urbes
1767 5725 2052 5789 condidit,
2096 5727 2345 5780 videlicet

777 5819 960 5874 urbem
998 5819 1150 5882 Jaur,
1178 5819 1362 5876 urbem
1395 5815 1658 5872 Azdashir
1700 5815 1974 5884 Achurln,
2018 5833 2138 5888 qua:
2187 5826 2344 5872 utra:-

2448 4635 2776 4681 mutaturos.
2807 4625 2942 4680 Cum
2992 4633 3171 4678 autem
3209 4625 3276 4676 ab
3328 4623 3462 4690 ipsis
3509 4625 3851 4683 recessisset,
3889 4620 4032 4675 Nisi-

2450 4723 2645 4773 benses
2679 4719 2850 4772 muris
2899 4718 3053 4770 urbis
3107 4731 3324 4768 manum
3366 4715 3756 4775 admoventes,
3815 4714 3955 4781 ipsis
4001 4729 4030 4766 a

2445 4821 2595 4881 parte
2623 4814 2733 4865 arci
2765 4814 3011 4878 proxima
3043 4808 3261 4868 dirutis,
3289 4807 3434 4860 illam
3471 4806 3606 4858 urbe
3639 4820 3753 4859 sua:
3781 4805 4027 4859 additam

2447 4918 2602 4955 muro
2639 4901 2766 4953 forti
2802 4901 3114 4953 cinxerunt.
3161 4894 3379 4949 Mortuo
3431 4909 3555 4947 vero
3593 4891 3876 4946 Antonino
3914 4892 4034 4946 Ca:-

2457 5005 2578 5046 sare
2610 4989 2978 5043 Romanorum
3017 4989 3363 5055 imperatore,
3411 4991 3537 5053 post
3584 4984 3763 5053 ipsum
3817 4983 3876 5035 in
3914 4983 4034 5036 illos

2448 5082 2692 5149 regnavit
2733 5081 3039 5133 Marcianus
3069 5078 3252 5131 Caesar
3294 5090 3496 5128 annum
3530 5084 3583 5127 et
3613 5078 3753 5126 duos
3787 5088 4031 5125 menses.

2449 5173 2577 5226 Dein
2615 5173 2708 5226 illo
2741 5171 3026 5225 interfecto
3055 5169 3342 5237 imperavit
3390 5166 3660 5218 Antonius
3683 5163 3870 5217 Caesar
3895 5166 4034 5217 alter

2446 5279 2619 5318 annos
2652 5273 2760 5316 tres
2789 5272 2845 5315 et
2872 5276 3087 5315 menses
3118 5274 3331 5318 novem.
3360 5257 3519 5324 idque
3559 5269 3705 5308 anno
3739 5256 3900 5321 regni
3931 5254 4033 5308 Sa-

2447 5360 2598 5428 poris
2632 5359 2771 5426 regis
2813 5356 3103 5410 Persarum
3141 5355 3582 5422 decimoqnarto.
3629 5350 3777 5404 Misit
3808 5351 3905 5403 hic
3937 5351 4032 5402 Ni-

2448 5452 2607 5506 sibim
2659 5449 2962 5502 exercitum
3028 5461 3282 5516 magnum
3317 5445 3410 5515 qui
3446 5444 3618 5513 ipsam
3660 5449 4034 5510 propugnaret

2449 5553 2503 5597 et
2533 5542 2868 5598 defenderet.

2520 5635 2690 5690 Porro
2722 5649 2866 5686 anno
2890 5631 3100 5700 imperii
3133 5630 3392 5683 Antonini
3425 5629 3654 5683 Caesaris
3687 5628 3866 5696 primo
3899 5644 4031 5682 con-

2452 5725 2676 5779 stitutus
2755 5731 2838 5777 est
2895 5721 3144 5776 Bitianus
3212 5720 3521 5787 patriarcha
3581 5717 3885 5785 Romanus,
3944 5718 4036 5786 qui

2456 5836 2628 5875 annos
2661 5817 2899 5889 quinque
2934 5813 3097 5881 sedit,
3127 5811 3250 5868 dein
3289 5822 3536 5868 mortuus
3571 5822 3674 5867 est.
3707 5813 3866 5867 Auno
3897 5811 4035 5881 ejus-
