4200 6432
154 438 251 501 993

1590 418 1962 481 ANNALES.

3291 415 3396 477 991

156 544 276 597 dem
314 543 559 597 secundo
609 540 937 594 constitutus
979 544 1064 591 est
1112 534 1368 590 Rahunas
1415 531 1718 603 patriarcha
1752 539 1796 593 Α
1823 529 2156 584 constitutus
2185 539 2271 584 est
2303 528 2595 585 Narcissus
2622 527 2910 598 episcopus
2942 525 3396 597 llierosolymita-

154 636 556 695 Antiochenus,
593 633 685 703 qui
722 642 1007 702 postquam
1037 646 1210 684 annos
1241 642 1433 683 novem
1462 627 1715 690 sedisset,

156 735 407 781 mortuus
444 735 548 781 est.
575 726 809 794 Sapores
836 737 961 776 vero
989 720 1276 775 Azdashiri
1324 718 1485 782 ﬁlius,
1526 716 1719 771 Persa-

155 830 273 870 rum
306 831 401 870 rex
451 815 663 868 Nisibin
704 828 953 867 reversus
1011 826 1134 865 eum
1169 809 1391 863 vidisset
1430 809 1559 878 quid
1593 823 1724 878 pro-

154 908 459 977 pugnaculo
492 904 764 969 fecissent,
790 903 994 957 fraudis
1027 902 1149 955 illos
1179 900 1458 966 incusans,
1485 897 1722 953 Fraudu-

154 998 332 1052 lenter
362 996 588 1067 (lnquit)
627 1007 680 1050 et
728 996 914 1050 dolose
946 993 1134 1064 egistis
1162 1010 1176 1057 ;
1214 994 1466 1063 ipsosque
1495 988 1722 1062 [denuo]

151 1091 391 1144 obsedit.
428 1088 566 1143 Cum
593 1098 772 1157 autem
809 1095 933 1157 post
962 1086 1188 1140 multum
1228 1086 1487 1154 temporis
1525 1084 1595 1137 ibi
1644 1085 1723 1136 in-

152 1190 439 1250 sumptutn
472 1181 659 1235 urbem
690 1194 999 1249 expugnare
1031 1179 1361 1248 nequivisset
1387 1216 1402 1241 ,
1431 1190 1573 1244 :egre
1619 1175 1723 1229 hoc

153 1270 337 1340 ipsum
368 1271 582 1326 habuit.
615 1269 757 1322 Dixit
791 1283 923 1339 ergo
949 1270 1244 1324 comitibus
1270 1267 1382 1320 suis
1410 1282 1422 1317 :
1451 1266 1587 1319 Num
1638 1278 1724 1318 re-

154 1363 337 1431 perire
368 1363 594 1431 potestis
623 1361 674 1414 in
712 1362 955 1416 exercitu
988 1367 1176 1414 nostro
1200 1359 1527 1429 quempiam,
1559 1356 1725 1425 38o

154 1454 244 1521 qui
287 1468 401 1507 non
440 1452 533 1505 illo
563 1453 706 1519 quod
762 1468 861 1507 nos
906 1453 1142 1518 patimur
1176 1449 1443 1520 angatur!
1490 1448 1727 1515 Inquisi-

155 1544 304 1598 tione
330 1557 462 1612 ergo
497 1548 637 1596 faeta
661 1542 799 1597 duos
829 1543 1152 1596 invenerunt
1182 1541 1326 1595 viros
1358 1541 1482 1593 vino
1511 1546 1564 1590 et
1593 1552 1725 1590 can-

154 1635 230 1688 tui
267 1633 648 1702 indulgentes;
684 1634 885 1703 quibus
923 1633 1011 1688 ille
1056 1648 1069 1683 :
1102 1634 1359 1701 Apparet,
1391 1629 1590 1698 inquit,
1633 1644 1726 1698 pa—

154 1741 274 1779 rum
310 1728 466 1782 vobis
492 1727 644 1782 cordi
679 1741 801 1782 esse
837 1742 925 1780 res
961 1734 1200 1787 nostras,
1236 1737 1359 1777 cum
1392 1723 1596 1775 itavos
1639 1736 1724 1788 ge-

156 1819 291 1872 ratis
325 1831 390 1872 ac
441 1820 485 1873 si
535 1818 669 1871 nihil
718 1819 785 1870 ad
822 1832 919 1871 vos
969 1823 1276 1885 spectarent
1327 1829 1447 1883 quae
1490 1813 1722 1882 agimus.

156 1909 581 1979 Responderunt
613 1907 688 1961 illi
714 1923 728 1959 :
759 1908 817 1961 Si
860 1917 911 1962 te
943 1878 1082 1961 male
1115 1878 1393 1970 habeat,-o
1429 1878 1548 1970 rex,
1580 1906 1729 1960 urbis
1760 1878 1805 1937 Β

157 2001 319 2070 hujus
362 2007 558 2064 status,
590 2012 873 2068 speramus
908 2012 998 2063 ea,
1037 2013 1135 2052 nos
1164 2013 1282 2051 eam
1311 2013 1474 2066 quam
1512 1997 1606 2049 tibi
1652 1997 1733 2049 in-

155 2090 398 2146 dicaturi
453 2105 646 2145 sumus
709 2092 920 2144 ratione
978 2098 1260 2158 capturos.
1324 2087 1545 2143 Dicente
1616 2089 1729 2153 illo,

155 2182 421 2247 Quanam
475 2196 606 2249 ergo
662 2180 797 2233 illa?
841 2178 1257 2248 responderunt,
1289 2188 1361 2255 'ut
1413 2194 1730 2248 progressus

158 2273 272 2340 ipse
300 2285 430 2324 cum
455 2271 629 2338 capiis
658 2270 767 2323 tuis
794 2269 1045 2322 manibus
1068 2269 1277 2337 junctis
1309 2284 1495 2337 preces
1526 2270 1591 2322 ad
1626 2268 1731 2321 Do-

158 2360 369 2414 tainum
408 2360 649 2415 fundatis
696 2375 805 2430 quo
854 2360 1007 2414 vobis
1058 2369 1116 2414 ut
1170 2361 1354 2414 urbem
1413 2361 1732 2429 expugnctis

156 2452 446 2505 concedat.
475 2453 632 2517 Quod
683 2468 805 2506 cum
861 2451 1082 2507 fecisset
1134 2450 1391 2518 Sapores,
1440 2466 1537 2504 nec
1573 2452 1733 2523 quid-

157 2552 325 2605 quam
365 2540 625 2607 prodesse
658 2539 888 2600 videret,
918 2539 1055 2591 dixit
1088 2540 1222 2609 ipsis
1250 2556 1262 2592 :
1302 2540 1599 2595 Consilium
1644 2558 1734 2596 vc-

158 2637 333 2682 strum
384 2629 579 2693 secuti,
642 2629 795 2683 nihili
849 2632 1077 2686 subesse
1127 2631 1376 2685 efﬁcacia:
1434 2634 1679 2687 videmus
1714 2674 1729 2699 ,

160 2720 285 2787 quid
319 2734 454 2788 ergo
477 2719 587 2787 jam
622 2720 842 2773 dicitis?
869 2719 1312 2791 Responderunt:
1345 2722 1638 2777 Metuimus
1666 2740 1734 2778 ne

162 2808 552 2879 vilipenderint
584 2811 831 2864 homines
860 2812 1149 2865 consilium
1193 2821 1475 2876 nostrum;
1510 2813 1652 2882 quod
1688 2813 1733 2867 si

161 2899 447 2952 curaveris
477 2906 534 2952 ut
561 2900 789 2954 sinceris
826 2902 1115 2956 affectibus
1144 2916 1336 2957 omnes
1370 2902 1540 2957 instar
1568 2905 1733 2959 unius

165 3004 361 3058 preces
394 2990 648 3053 fundant,
677 2993 787 3045 voti
812 2992 890 3046 tui
924 3009 1147 3062 compos
1171 2994 1301 3047 eris.
1342 2993 1575 3064 Sapores
1605 3011 1734 3064 ergo

163 3081 484 3134 convocatis
520 3084 809 3136 comitibus
848 3085 963 3137 suis
995 3085 1201 3153 rogavit
1241 3092 1300 3136 ut
1331 3086 1565 3139 sinceris
1596 3086 1733 3141 affe-

1832 638 1968 687 nus,
1999 621 2091 689 qui
2120 633 2399 691 postquam
2437 637 2610 676 annos
2634 620 2921 675 duodecim
2958 619 3208 682 sedisset,
3237 617 3396 686 fugit.

1832 714 2043 767 Mortuo
2082 714 2388 769 Alexandro
2418 715 2654 779 Caesare,
2691 714 2897 777 Romae,
2929 713 3191 766 Romanis
3224 712 3394 778 impe-

1831 806 1972 857 ravit
2022 802 2350 858 Maximinus
2399 805 2580 858 Caesar
2611 803 2777 874 385
2826 811 2937 856 trcs
2969 816 3189 855 annos:
3234 800 3394 867 idque

1831 910 1972 949 anno
2021 895 2171 963 regni
2206 894 2430 962 Saporis
2473 894 2758 947 Azdashiri
2797 892 2889 945 ﬁlii
2934 892 3221 945 Persarum
3257 888 3417 957 regis.

1832 989 2134 1043 tricesimo.
2195 986 2522 1039 Maximinus
2576 987 2871 1054 imperator
2920 984 3021 1036 iste
3079 996 3397 1047 magnarum

1828 1078 2155 1131 Christianis
2185 1076 2555 1129 calamitatum
2579 1085 2631 1129 et
2652 1075 2888 1128 tristitiae
2917 1076 3186 1127 diuturna:
3209 1081 3401 1125 auctor

1830 1169 1957 1230 fuit,
1993 1170 2433 1223 Christianorum
2469 1177 2650 1236 strage
2684 1167 2828 1220 edita
2866 1165 3291 1233 hominibusque
3326 1163 3394 1216 ad

1832 1261 2136 1322 idolorum,
2174 1274 2293 1328 qua:
2326 1259 2443 1327 ipse
2480 1272 2578 1327 pro
2613 1257 2719 1311 diis
2752 1256 2976 1318 habuit,
3017 1257 3222 1311 cultum
3268 1270 3399 1323 pro-

1832 1353 2031 1421 lapsis,
2080 1352 2461 1420 episcopisque
2494 1366 2601 1406 non
2649 1349 2840 1419 paucis
2874 1364 2903 1403 e
2937 1348 3113 1401 medio
3146 1350 3399 1411 sublatis,

1835 1446 1974 1499 inter
1995 1459 2135 1512 quos
2168 1443 2351 1496 Babila
2386 1443 2690 1497 Antiochiae
2723 1439 3032 1511 patriarcha
3068 1456 3080 1492 :
3112 1437 3402 1492 Narcissus

1832 1551 1958 1605 ergo
1982 1536 2273 1602 episcopus
2299 1532 2823 1601 llierosolymitanns
2847 1532 3032 1585 audito
3057 1529 3401 1584 interfectum

1830 1641 1951 1680 esse
1983 1624 2223 1678 Babilam
2269 1623 2635 1690 patriam-ham
2673 1623 3088 1684 Antiochenum,
3123 1621 3241 1690 fuga
3278 1633 3407 1683 pro-

1834 1720 2018 1788 lapsus
2072 1717 2387 1771 cathedram
2438 1714 2704 1769 deseruit.
2764 1714 2920 1766 Anno
2973 1714 3134 1782 igitur
3189 1712 3402 1780 imperii

1834 1808 2274 1879 ipsius'secundo
2310 1808 2485 1861 factus
2520 1806 2651 1860 Dius
2683 1805 2977 1874 cpiscopus
3012 1803 3406 1872 Hierosolymi-

1834 1909 2015 1958 tauus.
2043 1901 2157 1951 vice
2184 1898 2449 1957 Narcissi,
2477 1912 2650 1951 annos
2676 1908 2786 1950 tres
2815 1896 2979 1957 sedit,
3012 1895 3132 1948 dein
3162 1902 3406 1946 mortuus

1833 2001 1938 2044 est.
1972 1991 2134 2042 Anno
2172 1989 2382 2057 imperii
2417 1988 2537 2055 ejus
2569 1988 2730 2040 tertio
2759 1996 2976 2041 creatus
2997 1996 3076 2040 est
3112 1981 3408 2038 Flavianus

1833 2084 2140 2152 patriarcha
2175 2082 2475 2143 Romanus,
2505 2080 2593 2134 tibi
2625 2090 2914 2149 postquam
2940 2093 3112 2132 annos
3140 2079 3400 2132 tredecim

1832 2177 2099 2238 sedisset,
2135 2176 2354 2229 occisus
2383 2183 2488 2228 est.
2528 2174 2687 2227 Anno
2732 2174 2907 2242 ipsius
2950 2172 3194 2227 secundo
3228 2170 3406 2224 factus

1834 2267 2127 2337 Dionysius
2175 2267 2483 2335 patriarcha
2532 2267 2965 2329 Alexandrinus,
3028 2265 3120 2335 qui
3172 2264 3408 2333 scriptor

1834 2360 1957 2422 fuit,
2004 2372 2177 2411 annos
2222 2358 2609 2426 septemdecim
2657 2358 2821 2421 sedit,
2854 2356 2979 2411 dein
3011 2365 3262 2411 mortuus
3298 2365 3405 2409 est.

1833 2452 1993 2505 Anno
2035 2453 2197 2504 etiam
2253 2451 2497 2505 secundo
2541 2451 2749 2516 imperii
2802 2450 2975 2517 ipsius
3025 2456 3275 2501 mortuus
3322 2455 3408 2500 est

1836 2542 2075 2611 Sapores
2108 2542 2394 2596 Azdashiri
2435 2542 2580 2595 lilius
2607 2556 2698 2594 rex
2739 2540 3055 2603 Persarum,
3089 2548 3213 2608 post
3244 2552 3404 2609 quem

1835 2638 2081 2705 regnavit
2125 2635 2361 2688 ilormoz
2414 2632 2639 2701 Saporis
2684 2631 2827 2687 ﬁlius
2870 2631 2995 2702 (qui
3037 2640 3123 2684 est
3172 2628 3406 2683 llormoz

1834 2726 2133 2795 Al-llorri)
2180 2740 2382 2778 annum
2438 2738 2603 2777 unum
2654 2732 2707 2777 et
2752 2737 2968 2776 menses
3015 2720 3235 2785 decem,
3284 2728 3408 2789 post

1836 2835 1975 2889 quos
2021 2828 2271 2872 mortuus
2347 2826 2448 2869 cst.
2476 2817 2631 2868 Auno
2668 2815 2831 2867 tertio
2870 2812 3080 2881 imperii
3124 2810 3405 2864 Maximini

1838 2908 2069 2963 Cmsaris
2117 2922 2344 2976 regnum
2397 2906 2449 2959 in
2485 2905 2676 2959 Persas
2725 2902 2965 2957 obtinuit
3010 2902 3239 2955 Bahram
3270 2898 3407 2952 Hor-

1836 3000 1977 3053 mozi
2012 3000 2178 3061 ﬁlius,
2228 2998 2321 3067 qui
2368 3010 2542 3051 annos
2581 3008 2691 3050 tres
2737 3010 2859 3048 cum
2905 2993 3080 3048 tribus
3124 2991 3408 3047 mensibus

1836 3092 2101 3158 regnavit.
2157 3090 2313 3143 Auno
2366 3088 2528 3141 tertio
2587 3087 2841 3140 Bahrami
2902 3087 3045 3155 regis
3105 3082 3398 3139 Persarum

161 3172 344 3226 ctibus
370 3180 424 3225 et
456 3187 589 3240 pura
626 3183 804 3227 mente
842 3172 1131 3245 [agerent].
1174 3176 1441 3229 Asserunt
1468 3191 1596 3247 ergo
1626 3194 1731 3231 non
1764 3206 1805 3262 ε
1837 3182 2191 3253 385—387
2241 3182 2375 3233 obiit
2405 3180 2733 3233 Mariminus
2776 3178 2982 3241 Caesar,
3027 3176 3405 3229 Romanorum

161 3264 314 3329 prius
347 3263 498 3330 ipsos
529 3263 688 3316 binas
715 3265 1029 3332 concepisse
1060 3264 1306 3332 preculas
1335 3280 1496 3335 qnam
1530 3281 1557 3318 a
1585 3282 1735 3321 sum-

162 3365 250 3403 ino
278 3350 346 3403 ad
381 3352 547 3403 imum
582 3352 709 3406 ﬁsso
756 3353 907 3407 urbis
936 3370 1090 3407 tnuro
1119 3364 1362 3423 apertum
1396 3358 1467 3409 sit
1495 3358 1731 3426 spatium

162 3458 274 3508 quo
304 3444 513 3496 intrare
544 3453 762 3512 possent
794 3445 1076 3509 homines;
1100 3462 1207 3514 quo
1240 3446 1389 3499 valde
1425 3450 1597 3501 territi
1639 3466 1733 3502 ur-

163 3532 246 3588 bis
276 3535 470 3589 incola:
497 3553 509 3587 :
548 3534 669 3597 llic,
701 3537 975 3604 inquiunt,
1010 3538 1212 3591 fraudis
1244 3546 1441 3591 nostra:
1478 3539 1599 3594 ﬁnis
1627 3551 1730 3596 est.

164 3622 449 3693 ingressus
478 3640 607 3695 ergo
637 3628 825 3681 urbem
849 3629 1087 3698 Sapores
1122 3632 1392 3687 interfecit
1412 3637 1730 3705 quicunque

164 3714 217 3767 in
252 3730 451 3768 manus
488 3716 662 3785 ipsius
714 3730 1078 3786 pervenerunt
1129 3724 1273 3777 viros
1312 3724 1452 3777 bello
1489 3724 1733 3787 idoneos,

164 3803 411 3872 reliquos
450 3804 571 3872 ejus
596 3808 801 3861 incolas
831 3808 1189 3880 381~383
1220 3817 1465 3880 captivos
1492 3813 1731 3878 abduxit,

165 3907 531 3962 niagnamque
563 3896 613 3948 in
644 3910 710 3948 eo
731 3913 892 3965 opum
923 3902 1028 3953 vim
1064 3902 1288 3969 reperit.
1317 3899 1518 3956 Locum
1552 3911 1732 3956 autem

164 3983 262 4050 qui
291 3984 346 4036 in
381 4000 539 4038 muro
570 3985 734 4039 ﬁssus
759 3996 841 4040 est
871 4004 933 4042 ea
967 3992 1128 4044 modo
1174 3993 1403 4060 relinqui
1441 3994 1640 4061 jussit,
1678 3999 1737 4045 ut

166 4089 232 4131 eo
272 4086 570 4145 conspecto
619 4078 868 4133 homines
919 4069 1227 4151 exemplum
1269 4093 1549 4153 caperent.
1601 4083 1735 4138 Dein

166 4167 349 4221 varias
394 4168 449 4220 in
480 4166 636 4239 Syria
671 4169 838 4223 urbes
867 4172 1027 4239 cepit,
1061 4174 1249 4226 multis
1301 4175 1476 4238 cat-sis,
1522 4175 1737 4228 multis-

165 4276 269 4327 que
296 4262 531 4329 captivis
561 4262 737 4315 factis.
761 4260 979 4316 Terram
1007 4265 1166 4317 etiam
1198 4265 1508 4321 Graecorum
1540 4268 1742 4335 ingres-

166 4364 263 4403 sus
284 4365 539 4419 magnam
566 4365 752 4405 eorum
773 4360 1005 4420 stragem
1025 4352 1216 4416 edidit,
1236 4356 1409 4424 captis
1434 4354 1661 4407 Kalonia
1686 4362 1740 4407 et

165 4440 535 4510 Cappadocia.

237 4532 456 4586 Mortuo
490 4534 768 4585 Antonino
800 4532 1015 4587 Cmsare
1037 4575 1052 4596 ,
1097 4532 1280 4588 Romae
1312 4546 1436 4605 post
1469 4537 1643 4606 ipsum
1681 4537 1735 4590 in

1841 3272 2169 3340 imperator;
2222 3277 2347 3337 post
2394 3284 2557 3338 quem
2605 3269 2847 3335 regnavit
2883 3266 3156 3335 Pupienus
3200 3266 3406 3330 Ca'sar,

1837 3364 1929 3432 qui
1970 3372 2022 3415 et
2056 3360 2307 3413 Julianus
2350 3361 2658 3428 appellatus
2689 3368 2793 3421 est,
2838 3368 2949 3414 tres
2984 3374 3236 3421 menses,
3280 3359 3405 3412 dein

1836 3454 2054 3507 occisus
2084 3462 2198 3515 est;
2233 3451 2538 3521 imperante
2570 3461 2689 3519 post
2720 3451 2897 3520 ipsum
2933 3449 3115 3503 Romae
3143 3449 3409 3505 Romanis

1836 3543 2113 3597 Gordiano
2160 3541 2371 3595 Gesare
2423 3557 2600 3597 annos
2649 3553 2906 3611 quatuor.
2966 3542 3138 3610 Cujus
3189 3542 3406 3610 imperii

1838 3650 1983 3688 anno
2025 3635 2201 3702 primo
2252 3634 2584 3689 coostitutus
2629 3643 2712 3688 est
2761 3633 3055 3688 Flavianos
3098 3634 3405 3703 patriarcha

1838 3725 2239 3789 Antiochenus,
2267 3730 2359 3794 qui
2398 3742 2571 3781 annos
2608 3726 2859 3780 undecim
2893 3726 3056 3788 sedit,
3096 3726 3221 3779 dein
3259 3740 3406 3779 mor-

1842 3825 1964 3869 tuus
2005 3824 2111 3870 est.
2144 3815 2303 3870 Anno
2346 3817 2559 3884 imperii
2606 3818 2778 3885 ipsius
2820 3815 3063 3869 secundo
3106 3816 3284 3868 factus
3324 3825 3409 3868 est

1837 3907 2144 3963 Germanus
2193 3908 2487 3979 episcopus
2538 3907 3107 3977 Hierosolymitanus,
3157 3908 3404 3975 quicum

1839 4015 2010 4054 annos
2043 4012 2282 4069 quatuor
2322 4002 2588 4066 sedisset,
2626 4012 2874 4055 mortuus
2914 4010 3019 4055 est.
3054 4003 3213 4054 Anno
3256 3998 3409 4066 ejus-

1838 4092 1960 4146 dem
2017 4094 2179 4146 tertio
2231 4103 2477 4147 mortuus
2526 4102 2611 4147 est
2656 4092 2886 4145 Bahrani
2943 4090 3195 4145 ilormozi
3241 4090 3408 4152 ﬁlius,

1841 4197 1933 4235 rex
1969 4181 2289 4245 Persarum;
2329 4191 2451 4250 post
2498 4197 2659 4251 quem
2698 4183 2941 4250 regnavit
2985 4181 3212 4234 Bahram
3258 4177 3407 4230 Bah-

1843 4275 1977 4328 rami
2013 4274 2154 4330 filius
2195 4274 2247 4327 in
2285 4272 2480 4328 Persas
2503 4312 2517 4335 ,
2554 4287 2727 4327 annos
2775 4272 3181 4341 septemdecim.
3234 4268 3407 4338 Cujus

1841 4376 2087 4435 tempore
2120 4366 2375 4433 prodiens
2421 4364 2641 4434 quidam
2690 4364 2899 4434 origine
2946 4362 3131 4425 Persa,
3183 4362 3405 4413 nomine

1841 4457 2005 4521 Mani,
2034 4456 2454 4510 Manichaeorum
2484 4456 2766 4524 religionis
2797 4465 2981 4508 auctor
3009 4455 3129 4515 fuit,
3153 4465 3405 4506 asserens

1842 4565 1901 4603 se
1935 4550 2249 4617 prophetam
2290 4563 2433 4613 esse,
2469 4562 2630 4616 quem
2666 4548 2999 4615 prehensum
3045 4544 3283 4597 medium
3316 4541 3405 4595 di-

167 4623 446 4677 Romauos
493 4623 735 4692 regnavit
772 4624 1081 4679 Alexander
1125 4626 1306 4681 Caesar
1344 4643 1515 4683 annos
1559 4628 1740 4683 trede-

1846 4643 1973 4695 visit
2020 4639 2273 4703 Bahram,
2325 4638 2579 4691 Babrami
2635 4638 2800 4701 ﬁlius,
2854 4637 3028 4704 captis
3082 4637 3305 4703 insuper
3337 4649 3402 4687 ex

169 4716 297 4780 cini,
334 4715 501 4782 idque
531 4730 675 4770 anno
707 4719 854 4784 regni
886 4716 1110 4785 Saporis
1145 4718 1239 4770 ﬁlii
1268 4720 1555 4774 Azdashiri
1594 4723 1739 4792 regis

168 4806 464 4860 Persarum
500 4808 993 4876 decimo—septimo.
1030 4809 1144 4863 Sub
1180 4825 1245 4864 eo
1274 4826 1405 4880 pace
1437 4820 1491 4865 et
1527 4813 1738 4866 incolu-

171 4899 364 4951 mitate
419 4898 593 4966 gavisi
628 4908 754 4952 sunt
800 4898 1120 4955 Christiani.
1157 4901 1327 4956 Mater
1365 4906 1509 4957 enim
1545 4906 1740 4973 ipsius,

174 4990 394 5043 nomine
427 4988 633 5050 Manta,
670 5004 865 5060 magno
909 4991 961 5043 in
1006 4990 1350 5047 Christianos
1390 5008 1575 5047 amore
1611 5010 1740 5063 pro-

172 5079 388 5147 pendit.
428 5080 588 5133 Anno
620 5080 833 5149 imperii
870 5081 1042 5149 ipsius
1076 5082 1251 5149 primo
1289 5084 1625 5139 constitutus
1660 5096 1743 5140 est

176 5168 466 5225 Heraclius
494 5173 805 5240 patriarcha
841 5174 1263 5242 Alexandrinus,
1296 5177 1385 5229 ubi
1414 5192 1536 5231 cum
1566 5193 1739 5233 annos

178 5264 440 5317 tredecim
463 5263 714 5329 sedisset,
741 5274 989 5318 mortuus
1012 5273 1115 5319 est.
1142 5265 1273 5333 Ejus
1297 5278 1542 5335 tempore
1560 5270 1741 5340 appel-

178 5358 321 5410 latus
373 5361 459 5410 est
513 5357 819 5425 patriarcha
871 5358 1269 5414 Alexandrinus
1320 5360 1503 5427 Baba,
1554 5362 1605 5416 id
1662 5370 1744 5416 cst

177 5464 335 5501 avus.
372 5451 532 5501 Anno
563 5449 772 5519 imperii
799 5450 920 5519 ejus
954 5452 1115 5505 tertio
1141 5463 1362 5507 creatus
1393 5462 1478 5508 est
1510 5455 1742 5510 Anteros

178 5538 491 5607 patriarcha
524 5536 805 5595 Romanus
831 5581 846 5605 ,
897 5544 990 5609 qui
1032 5558 1205 5597 annos
1241 5545 1530 5599 duodecim
1581 5546 1740 5612 sedit,

177 5632 301 5682 dein
331 5638 584 5685 mortuus
618 5640 723 5685 est.
762 5632 918 5685 Anno
947 5635 1191 5701 ejusdem
1218 5645 1407 5689 octavo
1439 5635 1616 5693 factus
1644 5636 1742 5689 Ba-

176 5720 283 5773 hila
348 5722 659 5790 patriarcha
709 5724 1123 5791 Antiochenus,
1177 5740 1350 5781 annos
1402 5737 1529 5781 octo
1580 5730 1741 5794 sedit,

174 5812 302 5868 dein
352 5822 604 5871 mortuus
656 5824 762 5871 est.
808 5817 967 5873 Anno
1016 5818 1227 5890 imperii
1282 5820 1451 5890 ipsius
1503 5822 1743 5879 secundo

1847 4729 2016 4797 ipsius
2055 4727 2282 4780 asseclis
2330 4733 2384 4780 et
2433 4727 2524 4794 qui
2577 4726 2695 4795 ejus
2738 4726 3066 4781 sententiam
3114 4723 3407 4792 amplecte-

1843 4830 2030 4875 rentur
2086 4818 2219 4873 viris
2266 4817 2559 4882 ducentis,
2617 4833 2756 4888 quos
2807 4818 3081 4885 capitibus
3134 4813 3407 4866 immersis

1843 4912 1957 4966 luto
2014 4910 2187 4965 inﬁxit
2240 4910 2415 4965 donec
2469 4922 2841 4973 morerentur,
2902 4909 3126 4962 dicens:
3176 4904 3406 4958 Hortum

1843 5020 2004 5072 quem
2054 5004 2152 5058 feci
2197 5002 2511 5057 hominibus
2553 5002 2669 5056 vice
2702 5002 2960 5057 arborum
2993 4998 3254 5068 plantavi.
3296 4997 3408 5063 Ap-

1844 5092 2023 5160 pellati
2072 5101 2250 5144 autem
2298 5099 2429 5145 sunt
2469 5090 2783 5158 religionem
2835 5088 3007 5157 ipsius
3051 5082 3315 5153 professi,
3352 5090 3408 5135 et

1844 5181 2166 5234 sententiain
2219 5179 2491 5248 amplexi,
2549 5178 2851 5242 Manichrei,
2905 5177 3061 5231 titulo
3114 5193 3144 5231 a
3191 5175 3408 5231 nomine

1845 5270 2018 5339 ipsius
2048 5271 2185 5325 Mani
2211 5270 2522 5340 desumpto.

1914 5364 2083 5419 Porro
2114 5379 2258 5417 anno
2302 5366 2451 5433 regni
2499 5362 2755 5417 Bahrami
2802 5362 2893 5415 ﬁlii
2948 5361 3194 5414 Bahratni
3242 5359 3408 5413 tertio

1844 5465 2094 5511 mortuus
2121 5465 2201 5509 est
2250 5455 2562 5511 Gordianus
2598 5454 2779 5509 Caesar
2811 5453 3178 5506 Romanorum
3232 5451 3406 5520 impe-

1844 5561 2014 5614 rator,
2052 5550 2352 5618 imperante
2384 5560 2506 5618 post
2553 5550 2726 5616 ipsum
2765 5547 2949 5600 Roma:
2989 5542 3246 5599 Romanis
3278 5543 3431 5597 Phi--

1844 5643 1991 5712 lippo
2015 5641 2247 5705 Caesare,
2268 5642 2431 5712 388
2450 5657 2623 5695 annos
2649 5651 2882 5710 septem,
2906 5639 2995 5709 qui
3029 5638 3083 5692 in
3111 5635 3401 5692 Dominum

1843 5736 2121 5790 Christum
2157 5736 2406 5788 credidit.
2438 5736 2597 5789 Anno
2628 5734 2837 5804 imperii
2870 5732 3041 5803 ipsius
3074 5732 3251 5799 primo
3278 5742 3407 5781 con-

1844 5828 2066 5883 stitutus
2091 5837 2171 5884 est
2200 5827 2511 5884 Gordianus
2542 5827 2831 5898 episcopus
2865 5820 3404 5892 llierosolymitanus.
