4200 6432
725 352 831 418 995

1728 337 2104 403 EUTYCllll
2148 333 2687 398 ALEXANDRINI
2732 331 2959 395 PATB.

3869 323 3975 387 995

728 468 819 521 uhi
843 478 962 518 eum
996 462 1238 533 quinque
1266 476 1440 517 annos
1466 460 1698 515 sedisset
1724 471 1975 514 mortuus
2002 469 2102 515 est.
2139 459 2297 510 Anno
2326 454 2375 514 Α
2400 453 2587 508 Caesar
2620 451 2807 514 audit,
2841 465 3018 504 annos
3057 445 3369 517 quindecim
3394 487 3407 510 ,
3449 445 3614 514 idque
3647 456 3792 495 anno
3828 444 3975 511 regni

730 556 901 625 ipsius
936 565 1134 623 quarto
1164 569 1415 608 reversus
1449 551 1740 607 Narcissus
1776 554 2069 622 episcotius
2106 549 2297 603 Hiero-

728 650 1093 721 solymitanus
1136 649 1229 718 qui
1281 648 1512 716 fugerat,
1564 663 1769 700 annum
1816 648 1955 702 sedit
2000 662 2124 700 cum
2156 645 2299 700 Gor-

728 744 916 807 diano,
948 756 1057 810 quo
1098 741 1291 795 deinde
1339 746 1574 801 mortuo,
1618 740 1761 794 sedit
1802 750 1924 809 post
1954 740 2129 806 ipsum
2166 737 2301 791 Nar-

730 835 913 887 cissus
972 847 1146 885 annos
1193 832 1400 894 decem,
1457 830 1584 883 dein
1642 841 1891 885 mortuus
1941 839 2065 893 est,
2125 844 2301 885 annos

731 936 891 979 natus
939 935 1154 979 centum
1202 937 1255 977 et
1291 923 1591 979 sexdecim.
1646 923 1703 977 ιιι
1758 923 2066 993 Philippum
2119 916 2297 976 autem

729 1017 998 1071 Caesarem
1048 1017 1433 1086 imperatorem
1480 1017 1729 1071 insiliens
1773 1016 1880 1071 dux
1922 1014 2167 1084 quidam,
2200 1030 2300 1066 no-

732 1109 877 1160 mine
909 1106 1138 1169 Decitts,
1170 1106 1287 1174 ipso
1330 1106 1617 1163 interfecto
1660 1107 1940 1175 imperium
1992 1103 2297 1170 occupavit,

734 1197 1089 1265 regnavitque
1124 1198 1311 1252 Romae
1342 1198 1397 1251 in
1443 1198 1718 1252 Romanos
1748 1213 1918 1251 annos
1946 1195 2108 1258 duos,
2141 1194 2303 1264 idque

732 1304 878 1341 anno
911 1290 1061 1359 regni
1103 1290 1359 1344 Bahrami
1404 1290 1496 1343 lilii
1541 1291 1789 1342 Bahrami
1832 1293 1973 1359 regis
2014 1288 2300 1342 Persarum

731 1378 969 1434 decimo.
1004 1381 1046 1431 A
1076 1380 1238 1433 Decio
1267 1380 1374 1433 isto
1407 1381 1843 1447 persecutionem
1874 1396 2094 1447 gravem
2134 1382 2307 1434 mala-

730 1486 839 1540 que
873 1487 1066 1541 magua
1096 1473 1240 1540 passi
1272 1482 1401 1525 sunt
1433 1471 1756 1536 Christiani,
1783 1472 1912 1527 dum
1947 1488 2011 1526 ex
2046 1474 2112 1527 iis
2144 1473 2305 1525 innu-

734 1576 915 1616 meros
954 1560 1314 1629 interfecerit.
1348 1561 1664 1633 Martyrium
1712 1565 1815 1617 sub
1860 1566 1982 1632 ipso
2015 1565 2305 1617 subierunt

731 1653 1151 1721 quamplurimi,
1215 1653 1357 1707 inter
1392 1669 1532 1721 quos
1569 1663 1743 1707 morte
1791 1653 2016 1708 aiTectus
2053 1660 2135 1709 est
2180 1651 2305 1706 Fla-

733 1746 927 1798 vianus
947 1743 1133 1797 Romae
1163 1744 1493 1811 patriarcha.
1528 1744 1730 1797 Deinde
1751 1745 2084 1814 Carthagine
2110 1747 2302 1799 urbem

735 1835 1002 1903 Ephesum
1046 1836 1323 1904 prolectus
1360 1836 1411 1889 in
1462 1838 1634 1903 ipsius
1668 1838 1845 1890 medio
1876 1838 2135 1906 templum
2186 1855 2304 1891 ma-

730 1943 897 1995 gnum
929 1928 1205 1982 exstruxit
1248 1930 1300 1981 in
1332 1944 1442 1996 quo
1477 1927 1620 1980 idola
1662 1932 1889 1993 statuit,
1922 1931 2096 1997 jussis
2128 1930 2309 1984 homi-

732 2017 897 2069 nibus
942 2016 1051 2070 illis
1095 2017 1301 2070 cultum
1360 2030 1649 2085 [ιι-κείρω,
1683 2027 1738 2069 et
1783 2018 2053 2071 sacriﬁcia
2090 2019 2308 2080 offerre,

734 2109 842 2161 illis
886 2111 977 2175 qui
1031 2109 1081 2161 id
1133 2108 1315 2161 facere
1364 2118 1687 2161 recusarent
1733 2118 1963 2163 mortem
2021 2109 2304 2166 inferens:

734 2199 1090 2266 quamobrem
1150 2201 1269 2251 neci
1321 2199 1442 2253 data
1493 2211 1576 2253 cst
1634 2216 1825 2271 magna
1871 2202 2306 2257 Christianorum

734 2292 1062 2355 multitudo,
1105 2309 1244 2360 quos
1292 2309 1459 2360 super
1495 2293 1693 2363 Ephesi
1744 2310 1902 2349 muro
1938 2296 2199 2363 patibulis
2228 2297 2310 2349 af-

736 2382 868 2433 lixit.
892 2380 1088 2435 Decius
1109 2383 1274 2434 etiam
1299 2383 1597 2451 imperator
1615 2393 1926 2450 assumptos
1948 2383 2305 2451 389-391

735 2488 765 2525 e
798 2482 1112 2541 magnatum
1150 2472 1349 2540 Ephesi
1390 2474 1512 2525 liliis
1546 2488 1745 2541 pueros
1778 2483 2012 2541 septem,
2050 2476 2197 2542 ipsos
2235 2475 2310 2527 rei

737 2565 1005 2617 vestiaria:
1026 2579 1139 2617 suae
1163 2563 1441 2633 praefecit;
1470 2580 1705 2633 quorum
1736 2566 1958 2618 nomina
1987 2575 2113 2618 sunt
2138 2566 2310 2618 Maxi-

738 2656 977 2716 mianus,
1014 2656 1326 2721 Amlichus,
1366 2655 1602 2720 Dianus,
1640 2655 1960 2719 Martimus,
1997 2658 2313 2727 Dionysius,

739 2748 1031 2810 Antonius,
1061 2744 1325 2802 Joannes.
1366 2747 1585 2815 Septem
1626 2748 1715 2802 isti
1744 2747 1976 2815 juvenes
2005 2764 2131 2802 cum
2170 2750 2313 2803 idola

740 2852 845 2889 non
881 2838 1147 2900 colerent,
1188 2849 1378 2890 notum
1416 2836 1621 2892 factum
1653 2847 1736 2893 est
1773 2840 1871 2893 hoc
1899 2841 2011 2907 regi
2046 2856 2140 2909 per
2163 2840 2314 2894 dela-

739 2937 928 2981 tores:
960 2943 1129 2995 quare
1166 2929 1343 2982 iratus
1380 2928 1497 2997 ipse.
1546 2930 1665 2983 illos
1700 2931 1752 2982 in
1803 2946 2082 2984 carcerem
2115 2934 2311 3000 conjici

740 3020 939 3087 jussit,
972 3018 1169 3074 deinde
1211 3024 1277 3073 ad
1320 3023 1621 3075 exercitum
1670 3022 1953 3091 profectus
1988 3025 2110 3079 illos
2140 3026 2315 3080 donec

2404 544 2653 598 Bahrami
2722 544 2812 597 lilii
2893 541 3147 595 Balirami
3206 541 3499 592 Persarum
3568 536 3709 606 regis
3763 535 3981 588 decimo

2400 649 2617 708 quarto.
2652 639 2813 691 Anno
2845 633 3056 702 imperii
3093 632 3267 699 ipsius
3315 630 3492 699 primo
3524 628 3866 680 tonstitutus
3901 637 3984 677 est

2405 728 2674 782 Maximus
2707 726 3015 796 patriarcha
3047 722 3473 785 Alexandrinus,
3504 720 3594 789 qui
3629 735 3803 773 annos
3831 728 3985 771 octo-

2402 823 2577 877 decim
2609 822 2773 881 sedit,
2809 820 2934 873 dein
2969 825 3219 870 mortuus
3250 821 3354 869 est.
3390 815 3586 868 Eodem
3620 827 3766 865 anno
3800 813 3985 865 iactus

2403 928 2489 971 est
2521 925 2575 969 ct
2622 913 2825 966 Lucius
2862 910 3175 977 patriarcha
3210 906 3528 969 Romanus,
3565 907 3654 975 qui
3693 920 3817 958 cum
3858 915 3983 956 orto

2406 1024 2623 1061 menses
2676 1004 2907 1060 sedisset
2961 1009 3216 1056 mortuus
3268 1009 3371 1053 est.
3428 996 3558 1051 Post
3614 1013 3735 1049 eum
3801 996 3984 1048 lactus

2406 1099 2648 1154 Estatius
2694 1098 2892 1151 ibidem
2924 1096 3263 1166 patriarcha,
3306 1108 3398 1147 sex
3445 1104 3620 1143 annos
3657 1090 3822 1153 sedit,
3856 1088 3982 1141 dein

2408 1202 2658 1246 mortuus
2682 1200 2787 1246 est.
2824 1190 2982 1245 Anno
3016 1188 3263 1257 ejusdem
3300 1198 3495 1240 octavo
3521 1185 3863 1239 constitutus
3902 1191 3985 1236 est

2404 1284 2613 1355 Xystus
2651 1284 2962 1351 patriarcha
2995 1282 3234 1343 ibidem,
3272 1279 3365 1347 qui
3406 1294 3531 1333 cum
3578 1290 3769 1331 novem
3806 1289 3986 1328 annos

2408 1376 2643 1431 sedisset
2676 1382 2930 1427 mortuus
2964 1382 3069 1427 est.
3108 1371 3309 1425 Eodem
3346 1384 3492 1423 anno
3535 1367 3872 1423 constitutus
3904 1372 3988 1417 est

2410 1468 2674 1522 Dominus
2705 1466 3009 1518 Antiochiae
3043 1461 3347 1532 patriarcha
3385 1461 3477 1529 qui
3509 1475 3631 1514 cum
3664 1469 3774 1513 tres
3809 1468 3985 1510 annos

2410 1560 2647 1614 sedisset
2694 1566 2944 1611 mortuus
2995 1563 3099 1609 est.
3152 1554 3312 1606 Auno
3360 1552 3606 1621 ejusdem
3658 1549 3987 1602 duodecimo

2409 1649 2763 1721 393-395
2796 1658 3012 1703 creatus
3043 1660 3126 1701 eSt
3162 1646 3485 1700 Timotheus
3518 1641 3715 1697 ibidem
3746 1643 3987 1710 patriar-

2413 1744 2536 1805 cha,
2573 1745 2664 1810 qtti
2699 1751 2751 1794 et
2793 1749 3080 1809 postquam
3117 1751 3226 1792 tres
3259 1752 3433 1790 annos
3468 1737 3699 1789 sedisset
3737 1743 3989 1786 mortuus

2411 1845 2512 1887 est.
2552 1836 2708 1886 Anno
2740 1831 2952 1899 imperii
2990 1829 3163 1897 ipsius
3202 1832 3396 1896 quinto
3432 1826 3605 1881 lactus
3639 1836 3720 1879 est
3753 1823 3991 1876 Alexan-

2413 1929 2509 1981 der
2535 1926 2822 1995 episcopus
2850 1922 3403 1992 llierosolymitanus,
3430 1936 3591 1986 quem
3624 1933 3747 1973 cum
3776 1925 3989 1983 septem

2412 2033 2588 2070 annos
2636 2016 2908 2077 sedisset,
2969 2026 3145 2065 morte
3193 2010 3371 2065 affecit
3423 2012 3725 2078 imperator
3783 2006 3890 2059 iste
3936 2007 3989 2057 in

2415 2109 2548 2161 urbe
2579 2107 2852 2170 Caesarea,
2897 2108 3059 2174 idque
3109 2118 3252 2157 anno
3298 2101 3510 2171 imperii
3556 2101 3641 2154 sui
3674 2098 3992 2152 undecimo.

2412 2203 2572 2255 Anno
2599 2199 2842 2266 ejusdem
2877 2201 3089 2251 decimo
3127 2208 3325 2263 quarto
3359 2195 3693 2249 constitutus
3733 2203 3815 2245 est
3846 2190 3991 2243 Mar-

2414 2296 2589 2350 zziban
2630 2293 2922 2362 episc0pus
2968 2288 3533 2357 llierosolymitanus,
3578 2286 3669 2353 qui
3700 2298 3879 2336 annos
3913 2285 3997 2335 vi—

2415 2388 2551 2458 gittti
2588 2402 2754 2439 unum
2788 2387 2946 2444 sedit,
2984 2382 3107 2435 dein
3145 2387 3397 2434 mortuus
3426 2385 3531 2430 est.
3569 2376 3727 2428 Anno
3757 2374 3995 2442 septimo

2416 2481 2628 2548 imperii
2678 2478 2889 2533 Galieni
2928 2477 3159 2530 Caesaris
3194 2475 3515 2527 iuterfecms
3559 2484 3643 2524 est
3679 2469 3997 2540 Cyprianus

2417 2582 2625 2642 martyr
2660 2574 2711 2623 in
2746 2570 2947 2637 oppido
2980 2569 3129 2620 dicto
3173 2570 3475 2634 Arsagena.
3524 2563 3773 2616 Crudelis
3811 2573 3998 2613 autem

2417 2665 2516 2716 l'uit
2545 2661 2831 2731 Galiteuus
2856 2658 3165 2730 [Galienus]
3189 2658 3372 2711 Cresar
3399 2656 3452 2707 in
3482 2653 3850 2713 Christianos,
3882 2664 4003 2702 nta-

2418 2769 2648 2823 gnorutn
2687 2752 2796 2805 illis
2837 2753 3101 2803 malorum
3137 2758 3350 2801 auctor.
3388 2748 3519 2816 Ejus
3554 2747 3725 2798 lilium
3752 2783 3767 2808 ,
3797 2746 3893 2812 qui
3930 2747 3996 2795 atl

2418 2847 2617 2899 bellum
2642 2860 2765 2899 cum
2796 2842 2977 2897 Persis
3007 2844 3304 2910 gerendum
3335 2839 3611 2908 proiectus
3636 2847 3743 2901 est,
3773 2847 3996 2905 captum

2416 2938 2593 2992 Persae
2613 2937 2677 2989 ad
2701 2936 3025 2988 Bahramum
3050 2934 3213 2987 ﬁlium
3234 2932 3486 2984 Bahrami
3506 2932 3791 2983 Persarum
3815 2944 3999 2996 regem

2419 3033 2717 3089 miserunt,
2749 3027 2842 3095 qui
2888 3026 3065 3094 capite
3092 3025 3268 3093 ipsum
3315 3023 3620 3083 truncavit,
3666 3036 3774 3089 quo
3808 3022 4003 3071 audito

746 3118 1117 3166 reverteretur
1161 3112 1390 3166 dimisit.
1444 3113 1782 3176 lmperatore
1824 3131 1957 3185 ergo
2023 3116 2157 3169 urbe
2191 3134 2316 3186 pro-

2424 3138 2617 3191 tuagna
2664 3121 2892 3173 tristitia
2940 3116 3164 3170 allectus
3196 3124 3279 3169 est
3322 3114 3607 3168 Galitenus
3648 3112 3849 3171 Cwsar,
3886 3121 3941 3163 et
3973 3126 4003 3161 a

747 3201 912 3266 lecto,
941 3204 1194 3257 omnibus
1216 3219 1337 3272 quae
1368 3203 1643 3257 habebant
1674 3204 1725 3257 in
1772 3206 2169 3276 elecmosynam
2206 3208 2319 3262 dis-

745 3295 964 3348 tributis
1007 3296 1075 3347 ad
1121 3303 1359 3349 montem
1408 3311 1687 3365 magnum,
1725 3296 1904 3351 Chaos
1968 3299 2317 3367 appellatum,

746 3386 812 3438 ad
862 3395 1071 3454 partem
1124 3387 1321 3455 Ephesi
1373 3389 1694 3442 orientalem
1740 3391 2002 3458 proiecti,
2052 3393 2102 3443 in
2156 3407 2318 3460 specu

745 3482 979 3547 quodam
1038 3496 1238 3550 magno
1283 3483 1376 3550 qui
1432 3483 1483 3534 in
1538 3484 1657 3549 ipso
1707 3484 1806 3535 fuit
1859 3500 1917 3537 se
1971 3484 2319 3551 abdiderunt,

749 3571 893 3623 unde
921 3585 1064 3624 unus
1098 3572 1297 3639 aliquis
1340 3588 1404 3625 ex
1458 3572 1591 3638 ipsis
1631 3575 1877 3640 quotidie
1910 3575 2100 3626 urbem
2133 3590 2321 3642 perso-

747 3672 910 3715 natus
966 3663 1409 3731 ingrediehatttr,
1466 3673 1525 3716 ιιι
1572 3665 1704 3733 quid
1760 3663 1827 3719 de
1885 3664 2017 3733 ipsis
2076 3666 2324 3718 dicerent

750 3757 999 3809 homines
1042 3756 1277 3817 audiret,
1320 3758 1575 3824 victuque
1608 3759 1740 3826 ipsis
1777 3766 2093 3824 comparato
2141 3774 2324 3811 rever-

754 3860 852 3897 sus
883 3846 989 3899 illis
1021 3845 1310 3899 iudicaret.
1342 3846 1585 3899 Reverso
1620 3847 1786 3916 igitur
1815 3846 2138 3914 imperaturi
2172 3863 2234 3900 ac
2260 3848 2325 3901 de

752 3936 890 4003 ipsis
929 3938 1140 4004 roganti
1172 3952 1296 3989 cum
1329 3938 1641 3989 nuntiatum
1680 3945 1846 4002 esset,
1886 3938 2057 3991 fuisse
2096 3938 2243 4005 ipsos
2271 3939 2323 3991 iu

752 4037 938 4081 monte
985 4031 1042 4080 in
1099 4030 1395 4096 spelunca,
1430 4029 1597 4096 jussit
1643 4028 1760 4096 ipse
1803 4029 2012 4083 obstrui
2058 4030 2329 4098 spelunca:

754 4120 1006 4183 aditum,
1052 4129 1109 4172 ut
1156 4121 1228 4173 ibi
1278 4132 1645 4173 morerentur.
1699 4121 1839 4175 Deus
1888 4130 2072 4173 autem
2122 4131 2325 4189 septem

752 4211 1044 4281 juvenibus
1091 4212 1212 4265 istis
1255 4226 1507 4264 somnum
1542 4211 1791 4273 immisit,
1838 4228 1946 4280 quo
1977 4212 2152 4264 instar
2184 4226 2329 4265 tuor-

760 4314 974 4356 tuortttn
1011 4302 1376 4356 dormierunt.
1413 4303 1641 4367 Quidam
1685 4317 1815 4371 ergo
1858 4318 1921 4354 ex
1970 4304 2143 4370 ipsius
2190 4318 2325 4372 prae-

773 4392 930 4446 fectis
965 4404 1181 4460 sumpta
1214 4394 1414 4447 lamina
1453 4394 1703 4461 plumbea
1738 4393 2022 4446 historiam
2062 4395 2327 4461 ipsorum,

2426 3216 2568 3267 malo
2603 3210 2934 3266 (Christianis
2970 3208 3259 3261 inferendo
3290 3206 3547 3260 cessavit.
3583 3206 3743 3257 Anno
3782 3202 4007 3270 imperti

2422 3305 2594 3369 ipsius
2623 3305 2813 3370 quinto
2846 3311 3091 3353 mortuus
3120 3308 3202 3351 est
3232 3298 3462 3351 Bahram
3485 3337 3497 3359 ,
3543 3297 3685 3349 lil‘us
3716 3296 4004 3358 Bahrami,

2421 3396 2713 3449 Persarum
2748 3408 2881 3449 rex:
2918 3402 3036 3460 post
3069 3405 3231 3459 quem
3266 3390 3510 3459 regnavit
3541 3388 3793 3451 Bahram,
3834 3386 4005 3439 etiam

2422 3487 2677 3539 Bahrami
2713 3486 2875 3547 lilius,
2913 3485 3006 3551 qui
3038 3494 3090 3536 et
3126 3484 3345 3536 Shahan
3387 3479 3531 3533 Shah
3572 3479 3745 3543 audit,
3782 3495 4006 3532 menses

2421 3585 2678 3645 quatuor,
2718 3574 2844 3626 deitt
2885 3581 3136 3624 mortuus
3177 3582 3283 3631 est,
3316 3572 3646 3622 succedente
3687 3570 3790 3637 ipsi
3834 3569 4011 3622 fratre

2426 3669 2598 3736 ipsius
2631 3666 2801 3720 Narsa
2834 3666 2943 3718 lilio
2976 3663 3259 3724 Bahrami,
3295 3661 3389 3714 lilii
3423 3661 3672 3728 Saporis,
3701 3660 3793 3711 lilii
3827 3662 4013 3713 Azda-

2426 3762 2583 3822 shiri,
2616 3758 2713 3811 lilii
2745 3758 2938 3819 Babec,
2976 3757 3069 3807 lilii
3107 3754 3300 3807 Sasaui
3328 3771 3342 3819 ;
3375 3753 3464 3821 qui
3509 3754 3561 3806 in
3598 3752 3795 3804 Persas
3830 3767 4012 3805 annos

2427 3868 2619 3907 novem
2669 3850 2951 3918 regnavit,
2991 3846 3117 3899 dein
3162 3856 3415 3898 mortuus
3463 3856 3565 3897 est.
3601 3847 3758 3897 Anno
3789 3846 4013 3912 imperii

2428 3945 2671 4012 ejusdem
2706 3941 2974 4012 (videlicet
3003 3939 3216 3992 Galieui
3248 3938 3499 4004 Caesaris)
3532 3937 3746 3989 decimo
3780 3946 4008 4004 quarto,

2428 4034 2593 4105 396
2638 4048 2865 4101 regnum
2908 4034 2961 4084 in
3000 4031 3195 4085 Persas
3238 4030 3475 4084 obtinuit
3519 4028 3777 4089 llurmoz,
3823 4027 4015 4081 Narsa:

2431 4129 2610 4189 illius,
2661 4126 2820 4178 annis
2865 4134 3075 4192 septem
3128 4133 3182 4177 et
3232 4124 3475 4191 quinque
3512 4122 3833 4186 mensibus,
3885 4121 4015 4174 dein

2431 4230 2677 4271 lliﬂl‘lUUS
2705 4228 2809 4270 05L

2500 4305 2717 4359 Mortuo
2752 4315 2931 4359 autem
2971 4303 3196 4358 Galieno
3223 4304 3461 4368 Czesare,
3498 4303 3875 4357 Romanorum
3907 4302 4014 4355 im-

2436 4409 2718 4467 peratore,
2773 4398 3063 4467 imperavit
3114 4405 3235 4464 post
3287 4399 3467 4464 ipsum
3515 4396 3699 4448 Romae
3746 4396 4015 4449 Claudius

758 4492 814 4538 et
857 4483 986 4552 quid
1036 4484 1171 4551 ipsis
1214 4500 1337 4537 cum
1391 4484 1719 4551 itnperulore
1768 4482 1929 4536 Decio
1975 4485 2328 4552 cnnligissct.
2367 4463 2407 4516 θ
2443 4494 2648 4555 Caesar,
2692 4504 2895 4543 annum
2949 4503 3150 4552 unum,
3188 4488 3354 4555 idque
3402 4502 3546 4539 anno
3584 4487 3732 4553 regni
3773 4486 4016 4540 ilormoz

760 4579 1086 4647 inscripsit;
1128 4592 1291 4646 quam
1326 4577 1521 4630 deinde
1554 4591 1694 4629 arcae
1722 4591 1892 4630 aenea:
1935 4575 2184 4638 inclusit,
2226 4592 2329 4646 qua

762 4670 818 4721 in
849 4682 1013 4735 specu
1047 4666 1235 4718 relicta
1274 4665 1497 4734 januam
1535 4666 1705 4735 ipsius
1728 4665 2022 4719 obstruxit.

835 4760 997 4829 392
1058 4757 1274 4811 Mortuo
1338 4757 1500 4811 Decio
1551 4757 1767 4812 Caesare
1827 4760 2158 4825 imperatore
2212 4765 2333 4825 post

762 4851 940 4920 ipsum
990 4848 1175 4902 Roma:
1217 4849 1270 4901 in
1324 4847 1604 4902 Romanos
1640 4848 1928 4916 imperium
1978 4848 2339 4901 obtinuerunt

764 4955 941 4994 annos
980 4940 1153 5003 duos,
1197 4939 1555 5007 imperatores
1587 4939 1697 4993 duo
1738 4937 1928 4992 Galius
1969 4947 2022 4991 et
2063 4936 2336 5003 Julianus,

765 5030 1044 5094 Caesares;
1082 5028 1248 5097 idque
1275 5041 1420 5080 anno
1447 5028 1596 5095 regni
1641 5026 1893 5079 Bahrami
1936 5026 2030 5079 lilii
2063 5025 2338 5091 Bahrami,

768 5120 1053 5173 Persarum
1090 5119 1255 5187 regis,
1286 5119 1632 5172 duodecimo.
1666 5120 1823 5170 Anno
1854 5118 2072 5186 imperii
2100 5118 2339 5185 ipsorum

769 5213 947 5282 primo
973 5210 1267 5266 Cornelius
1296 5210 1481 5262 Romae
1507 5209 1816 5278 patriarcha
1844 5212 2175 5263 constitutus
2201 5209 2341 5262 duos

769 5318 943 5358 aiinos
973 5304 1138 5367 sedit,
1162 5303 1287 5356 dein
1330 5311 1581 5357 mortuus
1605 5312 1711 5356 est.
1749 5300 1956 5355 Eodem
1990 5317 2137 5354 anno
2165 5302 2343 5356 factus

769 5408 854 5451 est
899 5394 1204 5450 Demetrius
1256 5393 1567 5463 patriarcha
1620 5393 2032 5457 Antiochenus,
2079 5393 2171 5462 qui
2220 5402 2344 5446 octo

771 5502 946 5542 annos
977 5487 1137 5547 sedit,
1173 5486 1299 5539 dein
1335 5494 1583 5539 mortuus
1622 5494 1725 5539 est.
1763 5485 2010 5540 Mortuus
2042 5492 2127 5539 est
2163 5494 2341 5539 autent

773 5581 1027 5635 Julianus
1051 5580 1368 5646 imperator,
1388 5588 1444 5632 et
1466 5578 1776 5631 octodecim
1806 5588 1926 5647 post
1956 5576 2149 5631 diebus
2176 5578 2345 5630 inter-

778 5671 953 5728 fectus
1003 5671 1235 5734 Galitts,
1285 5670 1498 5740 imperii
1542 5686 1813 5736 consors,
1872 5671 2176 5741 imperante
2222 5678 2346 5741 post

778 5771 925 5837 ipsos
972 5766 1231 5822 Romanis
1278 5764 1481 5831 Galitio
1526 5766 1779 5837 Caesare,
1816 5768 1907 5838 qui
1944 5780 1997 5822 et
2035 5768 2347 5822 Alteriauus

2443 4582 2728 4635 Persarum
2758 4579 2902 4648 regis
2927 4578 3108 4630 tertio.
3128 4577 3282 4629 Anno
3309 4577 3517 4645 imperii
3542 4575 3756 4628 Claudii
3774 4575 4014 4631 Caesaris

2442 4673 2618 4742 primo
2650 4670 2985 4724 constitutus
3023 4678 3101 4721 est
3138 4665 3339 4719 Paulus
3370 4666 3682 4736 patriarcha
3718 4668 4022 4721 Antioche-

2442 4772 2578 4820 nus,
2629 4757 2721 4824 qui
2773 4770 2899 4807 cum
2948 4768 3124 4807 annos
3171 4760 3295 4806 octo
3341 4754 3573 4808 sedisset
3621 4765 3879 4809 mortuus
3914 4766 4019 4810 est.

2439 4848 2874 4917 Cognominatus
2931 4856 3015 4900 est
3082 4854 3263 4899 autem
3319 4844 3523 4898 Paulus
3577 4846 4019 4913 Somaisetanus,

2441 4940 2587 5007 quod
2615 4955 2681 4992 ex
2711 4939 2907 4991 incolis
2934 4936 3203 4991 Somaiset
3233 4946 3401 4998 esset,
3428 4936 3636 5007 fuitque
3661 4938 3803 4991 idem
3830 4952 4021 4994 auctor

2442 5031 2714 5084 haereseos
2767 5028 3228 5081 Paulicianorum.
3277 5027 3381 5093 Qui
3428 5031 3677 5084 eamdem
3724 5046 3853 5085 cum
3907 5034 4023 5102 ipso

2444 5120 2600 5174 (idem
2649 5119 2883 5188 professi
2935 5128 3091 5182 sunt,
3139 5120 3498 5186 eamdemque
3542 5122 3873 5174 sententiam
3909 5139 4024 5175 am-

2446 5213 2609 5276 plexi,
2634 5228 2663 5264 a
2697 5212 2914 5265 nomine
2949 5210 3126 5279 ipsius
3153 5209 3344 5271 Paulo,
3375 5212 3695 5264 l’auliciani.
3730 5212 4021 5269 Sententia

2445 5311 2624 5355 autem
2652 5299 2801 5353 Pauli
2834 5301 3174 5353 Sainosetani
3211 5301 3325 5353 haec
3355 5309 3508 5354 erat:
3542 5301 3833 5356 Dominum
3866 5304 4024 5359 Chri-

2446 5404 2587 5447 stum
2634 5392 2911 5447 hominem
2956 5389 3128 5445 fuisse
3170 5407 3198 5443 a
3244 5392 3453 5446 Deitate
3486 5406 3730 5447 creatum
3775 5396 4023 5463 ejusdem

2445 5498 2570 5538 cum
2604 5492 2852 5537 nostrum
2877 5484 3062 5551 aliquo
3092 5482 3436 5547 substantiae,
3463 5493 3516 5537 et
3546 5485 3878 5552 principium
3905 5487 4025 5541 Filii

2448 5592 2475 5629 ιι
2517 5576 2683 5629 Maria
2719 5575 2926 5639 fuisse,
2976 5575 3267 5646 ipsumque
3304 5576 3540 5629 electum
3577 5578 3746 5632 fuisse
3788 5590 3847 5631 ut
3881 5593 4026 5636 esset

2449 5669 2701 5723 Salvator
2755 5669 3078 5722 substantia:
3134 5670 3423 5732 humanm,
3489 5671 3786 5726 comitante
3844 5675 4023 5742 ipsum

2449 5764 2622 5834 gratia
2668 5763 2851 5817 divina
2896 5762 3033 5816 etin
3074 5761 3192 5831 ipso
3228 5761 3506 5818 habitante
3555 5779 3649 5827 per
3693 5780 3941 5822 antorem
3978 5778 4025 5823 et
