4200 6432
784 421 891 487 999

1802 429 2172 489 EUTYCHII
2216 430 2516 490 ALEXAN
2532 431 2749 491 DRINI
2789 432 3004 492 PATR.

3890 434 3903 493 i
3919 434 4024 497 000

855 538 1058 603 Quinto
1083 545 1262 591 autem
1292 547 1419 607 post
1439 538 1659 591 Petrum
1695 537 2058 605 patriarcham
2122 539 2352 594 interfe-
2383 554 2427 607 Α
2458 540 2571 609 ipse
2603 540 2752 596 [iulia
2787 544 3019 614 fugiens,
3050 558 3111 597 ac
3140 541 3456 613 Byzantium
3482 544 3781 614 profectus.
3815 559 4023 616 patrem

783 643 931 682 ctum
967 642 1131 691 anno,
1198 630 1528 682 constitutus
1587 636 1670 681 est
1728 628 1992 693 Achillas,
2052 631 2353 698 discipulus

782 718 976 786 ipsius,
1031 718 1345 785 patriarcha
1381 716 1826 783 Alexandrinus;
1891 719 1979 770 ubi
2031 733 2124 773 sex
2179 733 2354 773 annos

780 806 943 869 sedit,
978 806 1099 860 dein
1156 816 1404 861 mortuus
1451 816 1555 861 est.
1587 809 1750 865 Arius
1814 818 1998 863 autem
2052 811 2354 863 amicorum

781 911 1008 950 suorum
1037 912 1139 965 ope
1160 908 1349 951 contra
1378 897 1652 951 Achillam
1683 900 1971 969 implorata
1997 900 2096 968 ipsi
2128 899 2352 952 simula-

782 1001 860 1041 vrt
892 991 1119 1045 rediisse
1150 1006 1208 1044 se
1239 991 1307 1042 ab
1336 991 1441 1044 ista
1485 993 1758 1046 sententia
1792 993 1976 1061 impia,
2029 993 2244 1060 istaque
2275 991 2357 1043 in-

783 1082 1089 1145 iidelitate;
1135 1096 1303 1148 quare
1364 1082 1632 1150 ipsumet
1683 1086 1735 1137 in
1774 1083 2077 1137 Ecclesiant
2128 1084 2351 1136 admisit

783 1173 1026 1224 Achillas
1072 1180 1126 1225 et
1181 1173 1566 1242 presbyterum
1616 1176 1923 1229 constituit.
1985 1173 2357 1228 Diocletianus

783 1278 913 1317 vero
970 1278 1064 1316 rex
1091 1263 1441 1319 Christianos
1504 1267 1744 1335 undique
1789 1267 2134 1336 conquisitos
2185 1274 2359 1320 morte

784 1354 966 1408 alfecit
1010 1372 1022 1407 :
1080 1371 1223 1424 quos
1251 1357 1378 1407 dum
1415 1371 1664 1424 quaerere
1690 1369 1963 1425 pergeret,
2018 1374 2141 1412 cum
2175 1357 2240 1410 ad
2278 1359 2359 1410 lo-

785 1462 910 1500 cum
948 1447 1256 1499 Dalmitiam
1289 1445 1495 1498 dictum
1532 1448 1887 1515 pervenisset,
1922 1447 2064 1501 Deus
2098 1449 2149 1500 in
2181 1448 2355 1514 ipsum

788 1539 1080 1593 vindictam
1113 1554 1266 1593 suam
1297 1539 1515 1603 effudit,
1566 1539 1703 1592 adeo
1734 1549 1791 1593 ut
1821 1542 2001 1594 soluto
2032 1554 2261 1609 corpore
2300 1538 2356 1591 in

788 1631 1036 1684 morbum
1071 1646 1290 1701 gravem
1330 1632 1619 1697 incideret,
1660 1634 1952 1701 plagasque
1993 1648 2186 1701 graves
2220 1647 2355 1685 con-

786 1724 1050 1788 traheret,
1084 1726 1218 1778 adeo
1254 1732 1314 1776 ut
1347 1739 1556 1777 vermes
1586 1727 1921 1792 produceret
1952 1738 2152 1790 corpus
2186 1724 2358 1791 ipsius

786 1815 879 1883 qui
907 1827 939 1867 tt
974 1828 1137 1867 carne
1170 1815 1336 1879 ipsius
1369 1814 1422 1867 in
1463 1823 1665 1867 terram
1694 1816 2026 1877 deciderent,
2066 1814 2356 1882 linguaque

2457 647 2611 687 suum
2644 635 2801 695 adiit,
2834 636 2926 703 qui
2956 651 3179 705 regnum
3214 636 3314 703 ipsi
3346 637 3589 691 tradidit.

2530 726 2825 794 Aliquanto
2868 736 2993 794 post
3035 736 3279 780 mortuus
3310 736 3394 781 est
3427 729 3721 795 Cmistans,
3748 730 4026 786 Constan—

2455 818 2552 870 tini
2585 827 2760 887 pater.
2815 817 2954 871 Deus
2986 827 3166 873 autem
3205 819 3257 870 in
3292 817 3684 874 Maximianum
3734 822 4032 890 imperato-

2455 923 2569 962 rem
2623 909 2841 963 morbos
2886 924 3077 975 graves
3128 910 3375 974 immisit,
3406 910 3545 963 adeo
3590 922 3649 966 ut
3689 926 3814 965 raro
3853 913 4029 981 ipsius

2454 999 2740 1065 deﬂueret,
2796 1011 2849 1056 et
2902 1001 2955 1054 in
3018 1011 3219 1053 terram
3286 1002 3559 1071 projectus
3610 1015 3875 1066 maneret,
3928 1021 4029 1059 nec

2456 1091 2580 1161 quis
2612 1091 2678 1143 ad
2726 1092 2902 1158 ipsum
2940 1090 3221 1145 accederet
3264 1093 3343 1145 Vel
3393 1092 3651 1145 accedere
3679 1105 3881 1161 posset.
3932 1094 4029 1148 Mi-

2458 1184 2559 1238 rati
2579 1193 2703 1238 sunt
2733 1200 2859 1253 ergo
2890 1186 3023 1240 socii
3050 1187 3219 1255 ipsius
3243 1186 3371 1239 illud
3404 1190 3547 1256 quod
3576 1188 3676 1255 ipsi
3701 1191 4027 1259 coatigerai,

2456 1280 2588 1347 quin
2633 1286 2686 1330 et
2726 1277 2829 1345 ipsi
2866 1278 3069 1332 inimici
3121 1278 3330 1332 niiserti
3383 1290 3513 1332 sunt
3543 1280 3661 1348 ejus
3693 1281 3763 1332 ob
3802 1295 3868 1332 ea
3904 1298 4027 1345 quae

2458 1385 2656 1436 passus
2694 1378 2797 1424 est.
2850 1369 2973 1436 Ipse
3014 1385 3143 1424 vero
3179 1372 3243 1423 ad
3279 1386 3336 1424 se
3367 1386 3644 1435 reversus,
3696 1371 3802 1425 Hoc
3840 1373 4027 1426 forsan

2456 1463 2601 1528 quod
2634 1464 2809 1530 patior
2848 1461 3069 1531 (inquit)
3095 1462 3219 1515 inde
3259 1462 3387 1515 inihi
3417 1462 3636 1525 accidit,
3678 1465 3822 1532 quod
3864 1464 4028 1518 Chri-

2458 1556 2673 1609 stianos
2702 1555 3089 1610 interfecerim.
3134 1553 3365 1608 Litteras
3397 1572 3529 1625 ergo
3562 1557 3614 1609 in
3655 1572 3847 1614 omnes
3903 1575 4029 1627 pro-

2458 1647 2666 1700 vincias
2710 1660 2845 1700 suas
2890 1647 3064 1709 dedit,
3111 1657 3168 1699 ut
3210 1647 3579 1711 Christianos,
3626 1650 3939 1717 quicunque
3970 1651 4025 1706 in

2457 1735 2773 1793 carceribus
2803 1744 3015 1800 essent,
3048 1737 3409 1801 dimitterent,
3457 1753 3661 1806 eosque
3703 1741 3911 1793 honore
3946 1742 4029 1795 af-

2462 1830 2703 1892 ficerent,
2750 1844 2852 1883 nec
2892 1828 3061 1881 ullunt
3114 1829 3181 1883 iis
3222 1831 3483 1884 damnum
3514 1830 3675 1902 412
3720 1833 4032 1897 inferrent;

781 1918 850 1955 ex
900 1915 995 1956 ore
1032 1901 1315 1968 deﬂueret,
1362 1903 1549 1972 itaque
1581 1912 1831 1957 mortuus
1872 1905 1964 1956 sit.
1997 1902 2357 1957 Maximianus
2390 1886 2432 1940 Β
2464 1932 2717 1991 rogarem
2769 1930 2949 1976 autem
2983 1930 3041 1975 ut
3071 1923 3213 1975 ίηιει-
3272 1886 3743 1995 “mandat-pm
3800 1928 4029 1996 impera,

786 2008 934 2057 vero,
975 1993 1069 2062 qui
1092 1994 1350 2049 Alcurius
1374 1997 1681 2065 appellatus
1708 2010 1809 2069 cst,
1854 1996 1906 2049 in
1942 1997 2193 2048 morbum
2224 1995 2359 2049 inci-

783 2083 883 2148 dit,
920 2101 1028 2153 quo
1060 2086 1314 2139 adustum
1346 2098 1429 2141 est
1460 2103 1662 2155 corpus
1695 2088 1887 2154 ipsius,
1915 2090 2050 2141 adeo
2078 2095 2135 2139 ut
2168 2088 2360 2141 carbo-

784 2179 873 2231 nis
896 2179 1069 2229 instar
1097 2187 1282 2244 esset;
1346 2178 1611 2248 Tarsique
1647 2190 1895 2234 mortuus
1921 2189 2026 2245 est,
2060 2181 2361 2248 imperante

788 2279 908 2339 past
947 2272 1094 2337 ipsos
1118 2268 1415 2334 Maxentio,
1448 2271 1764 2325 Maximiani
1796 2273 1927 2335 lilio,
1953 2286 2165 2338 unaque
2189 2271 2360 2324 Maxi-

783 2357 968 2410 miano
1001 2358 1208 2421 altero,
1255 2358 1346 2426 qui
1378 2366 1431 2409 et
1465 2357 1790 2412 Calerianus
1818 2358 2010 2420 audiit,
2059 2372 2232 2411 annos
2262 2373 2361 2410 no-

784 2466 904 2503 vcm
939 2468 955 2504 :
988 2448 1155 2519 idque
1199 2464 1341 2503 anno
1371 2447 1539 2519 408
1573 2450 1722 2517 regni
1785 2448 2011 2517 Saporis
2061 2448 2157 2501 filii
2215 2447 2358 2502 Hor-

785 2539 926 2593 mozi
954 2537 1139 2593 Persa:
1174 2539 1449 2592 tricesimo
1495 2538 1758 2591 secundo.
1808 2539 2123 2591 Diviserunt
2156 2538 2209 2591 hi
2260 2539 2361 2592 iiii-

788 2633 995 2699 perium
1022 2631 1159 2683 adeo
1192 2626 1649 2694 utMaximianus,
1669 2630 1762 2697 qui
1785 2628 2039 2683 Galerius
2060 2631 2361 2699 appellatus

789 2732 894 2787 cst,
916 2723 971 2775 in
1001 2722 1278 2776 Orientem
1310 2730 1361 2774 et
1382 2720 1621 2789 Syriam,
1649 2729 1958 2787 terramque
1990 2719 2358 2772 Romanorum

791 2825 1071 2885 regnaret;
1102 2814 1407 2868 Maxentius
1433 2828 1560 2868 vero
1591 2813 1777 2866 Romae
1808 2822 1864 2866 et
1908 2813 1961 2865 in
1994 2812 2167 2881 ipsius
2199 2811 2359 2864 terri-

789 2908 949 2961 toria.
982 2906 1230 2960 Fuerunt
1259 2906 1448 2959 autem
1470 2906 1522 2958 in
1548 2904 1895 2959 Christianos
1930 2904 2106 2955 instar
2142 2903 2360 2954 leonum

787 2999 1151 3060 saevientium,
1203 2997 1559 3051 etmalorum
1636 2997 2065 3061 exsiliorumque
2104 2992 2210 3044 illis
2259 3007 2358 3044 au-

787 3102 967 3144 etores
992 3103 1113 3158 qua:
1142 3087 1456 3143 describere
1492 3101 1652 3140 nemo
1674 3093 1871 3155 potest,
1895 3083 2187 3153 qualiaque
2216 3079 2359 3134 haud

2460 2022 2579 2068 tore
2605 2026 2728 2076 vota
2765 2014 3081 2069 funderent.
3105 2013 3406 2070 Orantibus
3437 2032 3566 2085 ergo
3586 2032 3684 2085 pro
3708 2020 4036 2087 imperatore

2458 2106 2788 2161 Christianis
2829 2121 2893 2159 ac
2925 2123 3114 2175 preces
3153 2107 3538 2173 fundentibus,
3593 2109 3732 2163 Deus
3755 2111 3856 2179 ipsi
3880 2114 4036 2165 sani-

2462 2205 2625 2249 tatem
2663 2196 2926 2259 restituit,
2968 2198 3106 2249 adeo
3142 2206 3201 2250 ut
3237 2198 3443 2253 viribus
3490 2206 3543 2251 et
3570 2201 3806 2253 sanitate
3836 2202 4035 2254 melius

2460 2304 2621 2359 quam
2653 2298 2811 2342 antea
2848 2287 3127 2355 gauderet.
3185 2288 3283 2343 Ille
3320 2305 3451 2343 vero
3493 2292 3585 2344 uhi
3616 2292 3843 2345 sanitati
3872 2296 4035 2347 resti-

2463 2389 2610 2434 tutus
2640 2380 3037 2445 convaluisset,
3074 2382 3139 2433 ad
3175 2381 3435 2449 majorem
3472 2381 3769 2451 impietatis
3800 2387 4035 2452 gradum

2459 2488 2622 2540 quam
2684 2481 2844 2526 antea
2896 2475 3220 2543 prolapsus,
3269 2475 3325 2527 in
3382 2490 3575 2530 omnes
3617 2476 3856 2530 ditioues
3902 2491 4039 2532 Siras

2461 2564 2727 2627 scribens,
2754 2564 3104 2618 Christianos
3135 2567 3311 2619 occidi
3336 2567 3530 2635 jussit,
3563 2576 3616 2621 et
3649 2584 3715 2622 ne
3739 2569 4042 2637 professio-

2462 2655 2546 2708 nis
2576 2654 2696 2722 ejus
2736 2655 3014 2723 quispiam
3063 2656 3116 2708 in
3147 2656 3377 2725 imperio
3412 2658 3586 2725 ipsius
3608 2660 4038 2725 relinqueretur,

2463 2760 2597 2799 neve
2627 2749 2816 2801 urbem
2856 2758 2949 2801 aut
2984 2749 3243 2817 oppidum
3278 2750 3517 2803 incolere
3548 2750 3881 2813 sinerentur,
3940 2752 4041 2804 sed

2463 2839 2682 2906 penitus
2733 2839 3198 2908 exstirparentur.
3278 2840 3560 2895 lnterfecti
3624 2852 3750 2894 sunt
3809 2857 3944 2911 ergo
4011 2858 4043 2896 c

2462 2928 2815 2990 Christianis,
2853 2944 2960 2997 qua
2993 2929 3119 2991 viri,
3164 2944 3270 2998 qua
3303 2928 3537 2991 feniinze,
3571 2946 3677 2998 qua
3705 2934 3885 2998 pueri,
3922 2932 4047 3000 plu-

2465 3033 2551 3071 res
2583 3034 2745 3087 quam
2775 3019 2868 3087 qui
2901 3020 3179 3072 numerari
3218 3020 3450 3088 possint,
3498 3022 3634 3073 adeo
3674 3028 3732 3073 ut
3760 3035 3871 3088 prae
3896 3024 4048 3074 occi-

2463 3124 2647 3163 sorum
2680 3111 3036 3163 multitudine
3071 3112 3331 3178 plaustris
3362 3111 3527 3165 delati
3558 3112 3612 3163 in
3647 3126 3829 3175 mare,
3884 3123 3940 3165 et
3990 3114 4045 3164 in

786 3182 988 3272 fecerat
1022 3178 1147 3246 quis
1172 3192 1237 3231 ex
1271 3176 1460 3272 iis-qui
1514 3185 1923 3272 antecesserant
1954 3175 2199 3272 regibus.
2250 3173 2359 3272 lin-
2385 3214 2428 3269 ρ
2466 3200 2678 3252 deserta
2706 3173 3127 3267 projicerentu-r.
3180 3200 3358 3252 Morte
3392 3208 3505 3251 tum
3549 3200 3724 3254 affecti
3758 3173 3886 3255 sunt
3910 3201 4045 3253 Ser-

783 3270 995 3335 peravit
1030 3282 1136 3320 una
1180 3279 1304 3319 cum
1352 3267 1486 3332 ipsis
1531 3266 1815 3333 Byzantio,
1856 3266 2213 3332 partibusque
2256 3264 2358 3329 ipsi

783 3359 1160 3426 adjaceuttbus
1193 3356 1494 3421 Constans,
1541 3356 1888 3411 Constantini
1942 3366 2118 3426 pater,
2166 3358 2250 3409 vir
2278 3371 2362 3409 se-

782 3455 966 3513 datus,
990 3448 1302 3517 religiosus,
1324 3448 1587 3500 idolorum
1608 3454 1755 3510 osur,
1778 3447 2109 3501 Christianis
2124 3448 2354 3500 amicus.

792 3538 894 3591 llic
935 3539 989 3591 in
1034 3547 1219 3606 partes
1251 3537 1656 3604 Mesopotamiae
1702 3552 1766 3588 ac
1814 3534 2006 3597 Euhie,
2060 3540 2360 3605 profectus,

781 3634 909 3681 dum
944 3628 996 3681 in
1031 3627 1232 3698 opp.do
1262 3628 1496 3696 quodam
1523 3626 1688 3679 liolne
1716 3628 1930 3696 Caphar
1959 3632 2171 3681 Phaear
2215 3627 2360 3698 [vice

781 3718 958 3790 figuli]
1002 3723 1147 3772 dicto
1220 3718 1584 3782 subsisteret,
1636 3720 1770 3771 vidit
1808 3720 1881 3772 ibi
1921 3721 2204 3773 mulierem
2235 3721 2359 3789 pul-

782 3811 994 3872 chram,
1048 3810 1372 3875 formosam,
1411 3810 1630 3863 nomine
1676 3807 1962 3876 Helenam,
1994 3827 2113 3880 qua:
2155 3828 2184 3864 a
2222 3813 2358 3864 Bar-

704 3898 710 3902 ’
782 3904 899 3956 sica
929 3905 1192 3970 episcopo
1235 3899 1479 3954 liohensi
1517 3901 1583 3953 ad
1630 3900 1790 3954 fidem
1823 3902 2195 3956 Christianam
2228 3918 2361 3958 con-

783 4008 939 4047 versa
980 3997 1177 4057 fuerat,
1229 4008 1329 4046 nec
1358 4010 1464 4045 non
1496 3993 1675 4062 legere
1706 3995 1973 4047 didicerat
2004 4011 2202 4064 :quam
2231 4011 2356 4051 cum

780 4101 809 4138 ε
846 4098 1000 4154 patre
1033 4086 1259 4154 petitam
1287 4085 1343 4137 in
1380 4100 1605 4138 uxorem
1630 4084 1737 4139 sibi
1766 4086 2037 4149 duxisSet,
2060 4102 2122 4139 ea
2144 4089 2214 4139 ab
2241 4088 2359 4156 ipso

781 4177 1002 4247 gravida
1032 4179 1175 4229 facta
1199 4187 1283 4230 est
1309 4193 1323 4241 ;
1351 4191 1573 4231 reverso
1595 4177 1792 4230 deinde
1815 4177 2118 4231 Constante
2151 4177 2359 4246 Byzan-

783 4273 943 4333 tium,
975 4270 1186 4338 peperit
1212 4266 1416 4322 Helena
1450 4268 1617 4321 lilium
1639 4269 1952 4337 pulchrum,
1983 4280 2354 4334 mansuetum,

784 4365 1061 4418 intellectu
1120 4364 1434 4431 praeditum,
1503 4361 1633 4414 mali
1690 4360 2012 4430 fugientem,
2074 4363 2358 4429 sapientia:

782 4466 1079 4519 amantem,
1114 4455 1368 4508 videlicet
1418 4451 1861 4516 Constantinum,
1890 4455 1982 4521 qui
2020 4451 2186 4507 licitae
2218 4453 2349 4506 edu-

2461 3292 2584 3360 gius
2613 3299 2667 3343 et
2700 3291 2948 3345 Bacchus
2977 3296 3029 3344 in
3066 3293 3201 3345 urbe
3234 3292 3618 3361 Cappadocize,
3663 3293 3823 3362 cujus
3848 3294 4047 3348 incola:

2461 3391 2639 3436 erant.
2697 3381 2989 3436 lnterfecta
3031 3395 3113 3437 est
3141 3393 3195 3437 et
3237 3395 3423 3437 sancta
3458 3385 3713 3437 Barbara.
3764 3386 3928 3438 Anno
3959 3401 4046 3438 se-

2461 3473 2640 3527 cundo
2694 3474 2909 3543 imperii
2945 3473 3262 3529 Maximiani
3309 3476 3487 3530 factus
3538 3487 3623 3531 est
3656 3476 3911 3529 Vitellius
3947 3494 4045 3543 pa-

2462 3566 2701 3620 triarcha
2728 3567 3127 3632 Antiochcnus,
3167 3568 3259 3623 ubi
3296 3584 3418 3624 cum
3461 3584 3555 3623 sex
3594 3584 3769 3623 annos
3802 3571 4046 3623 sedisset

2462 3664 2712 3710 mortuus
2744 3664 2849 3711 est.
2911 3658 3070 3712 Anno
3105 3660 3318 3728 imperii
3356 3662 3477 3729 ejus
3512 3662 3673 3714 tertio
3701 3670 3927 3715 creatus
3964 3674 4047 3715 est

2460 3745 2747 3799 Marcellus
2794 3749 3107 3815 patriarcha
3158 3749 3460 3812 Romanus,
3518 3751 3613 3818 qui
3670 3767 3848 3803 annos
3897 3753 4045 3804 duos

2462 3839 2633 3899 sedit,
2684 3836 2810 3890 dein
2852 3849 3102 3891 mortuus
3141 3848 3245 3892 est.
3296 3837 3467 3892 Porro
3518 3839 3752 3907 Sapores
3783 3839 4042 3895 Horinozi

2463 3926 2605 3979 filius
2632 3925 2925 3981 Persarum
2954 3943 3048 3983 rex
3068 3967 3083 3993 ,
3135 3943 3257 3982 cum
3312 3929 3425 3998 jam
3466 3930 3729 3999 grandior
3762 3929 3946 3984 factus
3975 3934 4042 3984 ad

2460 4024 2676 4069 aetatem
2719 4017 3019 4086 juvenilem
3062 4020 3425 4088 pervenisset,
3459 4031 3710 4090 recteque
3762 4026 4042 4075 constitu-

2471 4118 2583 4159 tum
2624 4118 2774 4163 esset
2804 4126 3030 4180 regnum
3072 4113 3262 4181 ipsius,
3296 4113 3482 4167 audita
3515 4112 3829 4167 Maximiani
3867 4114 4043 4183 impe-

2458 4198 2660 4253 ratoris
2716 4199 3074 4272 ﬁla-415
3139 4204 3513 4259 liomanorum
3572 4205 3737 4267 fama,
3802 4216 3857 4260 et
3909 4208 4041 4275 quid

2458 4289 2789 4344 Christianis
2817 4291 3060 4347 faceret:
3120 4295 3414 4348 comitibus
3444 4295 3562 4349 suis
3584 4334 3601 4360 ,
3646 4292 3782 4348 Volo
3814 4296 4041 4367 (inquit)

2457 4395 2558 4448 ego
2594 4379 2962 4434 Romanorum
2998 4383 3273 4453 regionem
3300 4387 3449 4440 solus
3475 4385 3704 4455 ingredi,
3752 4396 3812 4439 ut
3851 4404 4041 4457 regum

2467 4471 2710 4537 ipsorum
2765 4481 2931 4542 atque
2979 4477 3321 4529 exercituum
3377 4485 3601 4543 statum,
3642 4487 3697 4530 et
3748 4478 4040 4546 regionum

780 4559 937 4601 catus
964 4545 1277 4600 Graecorum
1317 4546 1646 4614 sapientiam
1678 4544 1959 4598 addidicit.
1988 4542 2352 4599 Maximianus
2385 4542 2426 4595 D
2458 4561 2622 4611 suum
2673 4571 3018 4627 perspectum
3080 4565 3332 4626 habeam,
3388 4566 3537 4629 dein,
3572 4542 3663 4619 ubi
3696 4542 3842 4635 ,μιοᾷ
3893 4568 4041 4621 volui

780 4649 988 4701 autem,
1020 4638 1110 4705 qui
1143 4638 1399 4690 Galerius
1427 4634 1608 4691 dicius
1635 4646 1720 4691 est
1742 4674 1757 4700 ,
1796 4637 1879 4689 vir
1913 4636 2014 4689 fuit
2045 4651 2223 4706 asper,
2255 4652 2353 4689 au-

785 4733 913 4789 dax,
964 4726 1298 4781 Christianis
1349 4728 1506 4781 valde
1561 4727 1832 4794 infensus,
1882 4728 2083 4796 quique
2153 4729 2355 4783 multos

784 4815 1133 4888 409-411
1167 4819 1410 4887 ipsorum
1444 4818 1567 4871 neci
1606 4818 1796 4883 daret;
1827 4820 2176 4883 mulierosus,
2219 4819 2357 4871 adeo

787 4922 845 4963 ut
877 4925 984 4963 non
1010 4911 1349 4977 relinqueret
1376 4908 1704 4964 Christianis
1759 4909 1923 4962 filiam
1981 4911 2215 4978 aliquam
2251 4912 2358 4963 vir-

780 5004 959 5071 ginem
986 5016 1152 5070 quam
1186 5016 1296 5055 non
1338 5002 1666 5070 prehensam
1707 5015 1771 5054 ac
1804 5001 2048 5054 vitiatam
2080 5001 2358 5055 interfice-

782 5104 900 5157 ret;
950 5094 1252 5160 eodemque
1309 5093 1469 5146 modo
1521 5100 1831 5145 tractarunt
1884 5093 2115 5147 comites
2178 5093 2355 5165 ipsius

782 5182 1025 5252 virgines
1059 5182 1497 5235 Christianorum
1523 5198 1539 5248 ;
1571 5183 1829 5251 ipsosque
1861 5183 2058 5250 opibus
2092 5182 2357 5250 spoliatos

783 5273 1154 5339 trucidarunt,
1190 5272 1327 5326 adeo
1361 5282 1420 5325 ut
1450 5275 1596 5326 ntale
1624 5272 1918 5325 admodum
1947 5271 2018 5326 ab
2050 5273 2186 5340 ipsis
2214 5281 2359 5328 esset

783 5365 1132 5419 Christianis.
1162 5365 1244 5419 Ad
1273 5365 1523 5420 eumdem
1554 5372 1877 5433 pervenerat
1912 5367 2053 5417 fama
2085 5365 2359 5420 Constan-

785 5459 906 5520 tini,
932 5456 1157 5523 scrlicctt,
1177 5474 1298 5513 esse
1320 5473 1443 5511 eum
1475 5472 1699 5526 puerum
1731 5468 2098 5523 mansuetum,
2123 5461 2246 5513 mali
2272 5461 2359 5512 fu-

784 5551 1044 5620 gientem,
1107 5551 1401 5618 multaeque
1470 5550 1749 5611 scientia,
1830 5542 2356 5621 quemque‘magno

792 5644 1092 5697 fruiturum
1146 5644 1377 5712 imperio
1428 5643 1889 5696 annuntiaverant
1931 5645 2025 5712 qui
2066 5658 2190 5697 cum
2242 5646 2360 5714 ipso

787 5744 944 5786 erant
992 5735 1294 5805 astrologi;
1335 5748 1508 5803 quare
1553 5743 1729 5788 morte
1784 5734 1937 5788 illum
1978 5737 2197 5790 allicere
2245 5747 2361 5790 stu-

789 5825 910 5878 duit
943 5842 957 5879 :
993 5828 1138 5897 quod
1170 5839 1295 5880 cum
1330 5825 1696 5881 Constantino
1744 5835 1930 5881 notum
1962 5828 2162 5882 factum
2192 5838 2357 5895 esset,

2455 4648 2762 4720 perfecero,
2813 4650 2867 4703 in
2925 4667 3152 4721 regnum
3197 4669 3377 4707 meum
3431 4671 3753 4711 reversurus
3802 4674 3955 4722 sum,
3985 4669 4041 4711 ut

2455 4750 2604 4811 post,
2652 4742 2993 4814 experientia
3050 4743 3306 4806 edoctus,
3335 4760 3432 4798 eos
3490 4747 3794 4814 aggrediar.
3831 4749 4044 4804 Carere

2454 4849 2586 4902 ergo
2635 4835 2816 4904 ipsum
2866 4835 3155 4903 jusserunt
3206 4835 3435 4889 comites
3485 4835 3682 4905 ipsius,
3724 4838 3862 4905 quid
3918 4841 4043 4891 inde

2454 4925 2560 4994 ipsi
2591 4937 2915 4979 eventurum
2955 4927 3210 4980 timerent
3238 4925 3571 4982 indicantes.
3627 4928 3722 4982 Ille
3752 4945 3890 4984 vero
3914 4946 4046 4984 con-

2457 5014 2772 5069 sulentibus
2801 5016 2934 5084 ipsis
2962 5017 3276 5071 auscultare
3306 5017 3501 5081 noluit,
3558 5020 3652 5073 sed
3696 5020 4048 5074 dissimulato

2460 5102 2651 5157 habitu
2706 5106 2980 5173 profectus
3033 5117 3118 5160 est
3148 5106 3319 5161 donec
3354 5109 3406 5161 in
3453 5110 3823 5163 Romanorum
3868 5114 4049 5178 regio-

2459 5208 2587 5247 nem
2621 5197 2985 5264 pervenisset,
3017 5198 3105 5251 ubi
3138 5198 3205 5252 ad
3237 5207 3452 5269 tempus
3486 5202 3712 5263 mansit,
3766 5202 3882 5254 huc
3916 5202 4048 5254 illnc

2432 5322 2439 5333 .
2458 5284 2804 5339 circumiens.

2531 5374 2781 5445 Dumque
2816 5379 2889 5431 ita
2925 5392 2984 5432 se
3018 5377 3266 5444 haberet,
3305 5392 3436 5433 ecce
3484 5378 3692 5433 audivit
3717 5378 4048 5433 Maximiani

2461 5466 2633 5519 filium
2687 5469 3002 5521 conviviqu
3067 5468 3380 5534 instruere;
3433 5482 3497 5523 ac
3541 5470 3781 5538 jussisse
3831 5479 4049 5539 patrem

2462 5558 2638 5627 ipsius
2674 5570 2730 5611 ut
2756 5559 3081 5614 accedentes
3114 5561 3397 5613 hominum
3444 5562 3610 5614 etiam
3645 5560 3821 5613 intimi
3862 5561 4052 5614 convi-

2464 5652 2552 5703 vio
2581 5652 2724 5718 ejus,
2756 5659 3047 5720 postquam
3083 5652 3408 5707 comedendi
3445 5653 3607 5707 finem
3646 5652 3915 5707 fecissent
3947 5667 4050 5705 no-

2466 5744 2622 5805 liiles,
2659 5746 2944 5800 adessent.
2980 5745 3270 5799 Profectus
3304 5756 3385 5799 est
3411 5760 3541 5815 ergo
3578 5745 3816 5814 Sapores
3855 5745 4051 5798 habitu

2466 5836 2699 5891 mendici
2755 5839 2995 5906 indutus,
3056 5849 3111 5895 ut
3169 5840 3329 5894 (ωιιυί
3386 5839 3509 5893 huic
3558 5839 3850 5893 interesset
3911 5839 4051 5889 Dum
