4200 6432
241 418 361 482 1001

1660 426 1861 485 ANNA
1872 426 2024 489 LES.

3333 432 3468 496 1002

232 543 403 587 autem
455 531 568 599 ipse
604 546 804 586 mensae
835 533 1211 597 accnmberet,
1262 548 1388 587 ecce
1424 534 1790 590 Maximianus
1824 546 1861 596 Α
1894 539 2084 593 audito
2118 542 2354 612 linguam
2412 544 2658 613 ipsorum
2688 545 2957 601 intellexit
2989 548 3251 617 Sapores.
3307 550 3473 623 420

234 628 523 693 imperator
575 639 671 677 vas
711 623 983 691 quoddam
1037 638 1067 676 e
1113 624 1260 678 vasis
1289 624 1534 693 Saporis,
1582 628 1669 679 cui
1718 628 1800 679 in-

233 718 438 783 sculpta
468 726 586 771 erat
619 716 791 784 ipsius
824 718 1000 785 imago
1022 757 1035 779 ,
1093 716 1350 783 pretulit,
1384 721 1434 771 in
1467 733 1577 786 quo
1612 718 1801 771 biben-

235 813 350 861 dum
405 809 723 874 imperatori
772 808 1124 877 praebuerunt
1174 815 1316 862 servi
1368 810 1507 879 ejus,
1549 825 1647 863 nec
1695 826 1797 862 non

234 900 293 952 iis
320 901 411 966 qui
447 897 594 949 circa
631 897 809 965 ipsqu
857 906 1041 950 essent
1088 900 1424 966 proceribus,
1456 898 1634 952 donec
1682 914 1800 967 per-

234 992 329 1041 lato
358 987 579 1041 tandem
620 988 813 1056 poculo
842 987 908 1040 ad
941 986 1229 1055 quemdam
1264 1005 1292 1044 e
1338 991 1676 1058 sapientibus
1719 993 1797 1059 ip-

239 1092 413 1129 sorum
443 1078 533 1146 qui
566 1088 618 1130 et
645 1076 950 1145 astrologia:
976 1087 1028 1129 et
1059 1078 1557 1146 pliy‘siognomoniae
1586 1077 1799 1130 deditus

235 1170 345 1227 fuit,
402 1168 489 1219 ille
545 1168 784 1233 inspecta
837 1165 1088 1236 imagine,
1148 1182 1272 1217 cum
1330 1178 1383 1220 et
1428 1176 1587 1220 antea
1635 1164 1801 1236 416

231 1258 446 1323 Saporis
480 1257 532 1307 in
565 1268 827 1309 consessu
852 1256 1093 1308 sedentis
1134 1256 1343 1309 vultum
1373 1255 1750 1324 conspexisset
1780 1272 1793 1308 :

234 1343 391 1396 Video
444 1344 671 1411 (inquit)
722 1345 866 1397 inter
914 1343 1330 1398 discumbentes
1362 1345 1653 1412 quemdam
1703 1347 1794 1413 qui

232 1438 510 1503 imaginem
536 1445 588 1487 et
624 1436 849 1503 figuram
885 1434 1044 1511 istam
1077 1437 1275 1503 poculo
1305 1436 1431 1489 huic
1465 1435 1792 1505 insculptam

234 1527 432 1590 refert;
476 1527 619 1591 quod
660 1527 705 1578 si
742 1525 857 1593 ipse
890 1523 1127 1594 Sapores
1178 1539 1286 1577 non
1336 1525 1429 1589 sit,
1491 1542 1599 1579 non
1630 1535 1714 1580 est
1742 1526 1794 1580 in

233 1632 366 1673 terra
406 1620 681 1687 quispiam
722 1617 824 1686 ipsi
874 1618 1130 1672 similior.
1186 1616 1429 1686 Rogante
1464 1632 1597 1687 ergo
1630 1617 1795 1670 Maxi-

228 1710 401 1763 miano
427 1713 759 1777 imperatore
809 1708 1065 1775 quisnam
1101 1709 1192 1761 ille
1216 1718 1395 1771 esset;
1446 1709 1571 1760 ille:
1629 1708 1797 1761 Video

231 1802 444 1870 (inquit)
502 1798 557 1850 in
596 1799 696 1851 hoc
731 1798 931 1866 poculo
972 1797 1197 1869 Saporis
1251 1797 1572 1865 imaginem,
1628 1806 1794 1867 atque

1908 630 2277 693 Erantautem
2313 637 2447 700 ipsis
2478 646 2630 693 utres
2661 638 2782 692 oleo
2826 643 2997 707 pleni.
3050 641 3257 698 Horum
3306 646 3472 714 igitur

1902 724 2118 778 cuidam
2150 735 2312 779 noctu
2339 727 2404 780 ad
2433 743 2490 782 se
2522 738 2715 784 vocato
2742 731 2917 783 dixit:
2952 733 3025 785 Ex
3055 734 3141 789 his
3171 743 3346 790 utrem
3380 738 3470 790 ali-

1903 833 2064 885 quem
2117 827 2401 885 acceptum
2451 821 2502 873 in
2562 838 2647 877 me
2704 823 2978 889 effundas,
3016 820 3158 895 quod
3208 845 3331 884 cum
3381 828 3473 884 ille

1903 909 2108 962 fecerat
2135 909 2498 966 madefactum
2534 922 2616 967 est
2649 916 2824 970 lorum
2858 933 2967 986 quo
2997 921 3333 975 constrictus
3365 931 3468 978 est.

1905 1000 2172 1068 Egressus
2197 1017 2349 1069 ergo,
2412 1005 2586 1056 instar
2630 1004 2817 1060 bestiae
2854 1009 3083 1064 incessit
3106 1010 3281 1064 donec
3318 1016 3469 1067 urbis

1906 1101 2071 1155 portae
2097 1095 2320 1161 prOpior
2342 1092 2524 1149 factus
2544 1097 2899 1153 exclamaret.
2936 1099 3472 1173 lnclamantibusque

1902 1179 2074 1245 ipsum
2111 1185 2434 1240 custodibus
2469 1203 2667 1243 nomen
2695 1205 2854 1243 suum
2885 1190 3143 1248 indicavit
3166 1232 3182 1258 ,
3215 1196 3307 1263 qui
3339 1210 3469 1250 voce

1898 1272 2017 1347 ejus
2044 1276 2252 1340 agnita,
2306 1288 2517 1346 portam
2549 1280 2700 1335 urbis
2731 1281 2835 1350 ipsi
2871 1294 3222 1348 aperuerunt.
3274 1286 3469 1351 Quant-

1898 1366 2133 1431 primum
2185 1378 2364 1421 autem
2426 1373 2615 1426 urbem
2662 1356 2944 1444 ingressus
2985 1384 3094 1444 est,
3143 1391 3339 1446 magno
3394 1380 3468 1432 illi

1896 1456 2097 1523 gaudio
2126 1444 2330 1523 perfusi
2365 1475 2556 1515 vocem
2608 1468 2953 1521 sustulerunt
2981 1467 3152 1523 Deum
3184 1469 3471 1524 laudantes

1899 1559 1963 1597 ac
1992 1547 2354 1605 celebrantes.
2428 1551 2745 1623 Experrecti
2795 1558 2964 1626 igitur
2994 1560 3310 1615 Maximiani
3334 1562 3471 1617 socii

1899 1639 2177 1705 suppetias
2237 1642 2376 1711 ipsis
2409 1658 2439 1698 a
2472 1654 2626 1715 tergo
2647 1649 2938 1704 advenisse
2972 1655 3072 1706 rati
3114 1662 3263 1708 sunt.
3326 1652 3473 1708 Dixit

1898 1737 2075 1783 autem
2110 1732 2344 1802 Sapores
2375 1737 2482 1791 illis
2516 1742 2605 1809 qui
2637 1742 2691 1796 in
2727 1757 2854 1799 arce
2886 1752 3043 1798 erant
3072 1761 3085 1797 :
3125 1746 3321 1801 Parate
3353 1762 3471 1813 vos,

1899 1831 2099 1877 utcmn
2134 1840 2412 1893 campana:
2436 1845 2631 1883 sonum
2651 1833 2932 1889 audieritis
2967 1842 3019 1889 in
3056 1834 3203 1904 ipsos
3228 1837 3471 1893 irritatis.

230 1896 309 1946 hic
338 1893 430 1944 ille
463 1899 549 1945 est
587 1906 601 1941 :
637 1890 1017 1958 prebensaque
1050 1887 1275 1954 Saporis
1306 1903 1469 1942 manu
1518 1891 1694 1958 ipsum
1729 1892 1793 1943 ad
1831 1891 1863 1950 Β

1901 1914 2055 1977 Quod
2094 1931 2214 1969 cum
2250 1918 2532 1985 fecissent,
2562 1924 2618 1976 in
2640 1924 2818 1995 fugam
2849 1941 3031 1982 coram
3062 1930 3192 1997 ipsis
3222 1930 3472 1984 cenversi

229 1994 401 2050 regem
438 1979 686 2042 adduxit,
743 1979 840 2047 qui
870 1978 1050 2044 ipsum
1084 1977 1337 2046 quisnam
1364 1988 1512 2032 esset
1540 1981 1792 2047 rogavit?

227 2071 306 2121 cui
338 2062 597 2137 'Sapores
634 2084 648 2120 :
681 2065 811 2118 Sum
866 2081 967 2134 ego
1022 2082 1228 2134 panper
1273 2067 1498 2136 quidam
1535 2085 1565 2122 e
1602 2070 1797 2127 Persia:

230 2162 438 2213 incolis.
473 2158 802 2226 Suspicatus
835 2174 963 2212 vero
1002 2158 1367 2215 Maximianus
1398 2162 1530 2215 illud
1558 2164 1703 2230 quod
1746 2166 1795 2217 in

228 2266 337 2318 ipso
376 2252 869 2315 animadverterat,
917 2253 1206 2321 ipsumque
1246 2252 1390 2305 haud
1439 2269 1564 2305 vera
1614 2255 1797 2308 dicere

228 2346 554 2414 percipiens,
590 2345 970 2400 vehementius
1000 2344 1177 2413 ipsum
1220 2344 1599 2412 interrogavit.
1648 2344 1790 2397 Dixit

226 2436 383 2504 igitur
434 2438 568 2506 ipsis
626 2438 913 2506 Sapores:
964 2437 1228 2500 Quaniam
1272 2436 1413 2511 quod
1465 2448 1651 2489 verum
1718 2448 1798 2490 est

230 2529 401 2593 tultis,
436 2544 557 2581 sum
585 2544 683 2598 ego
721 2545 750 2581 e
782 2526 982 2581 Persia:
1014 2526 1267 2591 ducibus,
1296 2527 1454 2596 cujus
1485 2538 1639 2596 pater
1666 2542 1793 2587 cum

229 2621 274 2671 in
309 2635 492 2687 regem
526 2620 767 2686 graviter
790 2618 1133 2688 deliquisset.
1168 2618 1262 2676 ille
1294 2621 1471 2688 ipsum
1502 2620 1793 2685 interfecit,

228 2711 414 2778 opibus
446 2710 620 2779 ipsius
652 2710 869 2764 ablatis.
926 2709 1035 2779 Ego
1084 2724 1236 2780 ergo,
1288 2709 1419 2763 mihi
1445 2721 1696 2765 metuens
1726 2712 1792 2764 ad

230 2810 316 2849 vos
347 2812 431 2851 me
457 2797 691 2862 contuli,
729 2812 958 2865 sperans
988 2814 1074 2852 me
1106 2799 1161 2851 in
1196 2801 1414 2868 regione
1445 2809 1619 2852 vestra
1642 2816 1799 2853 secu-

229 2904 334 2939 rum
366 2888 504 2942 fore.
528 2888 608 2941 Ad
646 2891 963 2957 pauperiem
989 2901 1170 2944 autem
1201 2891 1483 2951 redactus,
1520 2902 1569 2944 et
1602 2907 1792 2946 neces-

226 2982 372 3034 sitate
426 2982 721 3050 impulsus,
779 2984 888 3036 huc
936 2984 1057 3039 veni
1112 2998 1223 3051 prae
1273 2998 1336 3035 ea
1392 2997 1500 3052 qua
1564 2986 1794 3053 urgebar

226 3073 377 3137 fame,
442 3075 743 3142 indigentia
793 3090 858 3129 ac
906 3082 1254 3144 paupertate.
1300 3072 1508 3128 Miserti
1553 3089 1685 3144 ergo
1713 3079 1793 3144 ip-

225 3163 353 3226 sius,
404 3178 537 3217 vera
577 3164 756 3231 ipsum
813 3163 1015 3218 dixisse
1065 3165 1191 3227 rati,
1218 3180 1344 3218 eum
1408 3165 1685 3221 dimittere
1739 3169 1790 3219 in

224 3254 394 3307 animo
439 3255 772 3310 habuerunt.
828 3254 1010 3308 Vetuit
1061 3268 1240 3308 autem
1299 3255 1420 3307 illos
1448 3257 1641 3310 doctus
1678 3256 1784 3322 ille,
1821 3238 1863 3293 (ἶ

226 3344 449 3400 dicens:
488 3346 690 3401 Sciatis
720 3350 863 3400 huuc
889 3350 1178 3415 ipsummet
1211 3345 1471 3413 Saporem
1492 3362 1613 3401 esse
1656 3367 1668 3401 :
1708 3366 1792 3405 ve-

233 3437 535 3490 hementius
592 3453 723 3504 ergo
785 3440 888 3507 ipsi
946 3440 1148 3491 instate
1215 3437 1390 3490 donec
1447 3454 1642 3492 verum
1713 3442 1781 3495 de

222 3541 275 3579 se
333 3528 488 3580 voltis
551 3528 775 3581 indicet.
835 3527 1146 3605 Inttninebat
1658 3547 1789 3601 ergo

228 3619 318 3685 ipsi
350 3618 723 3673 Maximianus
758 3623 1071 3689 imperator,
1113 3625 1313 3678 eadem
1351 3628 1592 3679 minatus
1625 3635 1789 3695 atque

225 3709 318 3762 hac
362 3711 543 3764 solum
595 3710 910 3764 coxidilione
972 3714 1326 3766 securitatem
1381 3716 1679 3783 pollicitus,
1741 3718 1785 3770 si

222 3816 356 3862 rere,
386 3804 514 3869 quis
548 3811 717 3867 esset,
760 3802 1051 3855 indicaret.
1098 3804 1242 3857 Dixit
1283 3806 1518 3874 Saporcs
1549 3824 1562 3861 :
1595 3808 1785 3861 Mirum

221 3892 461 3959 estquod
498 3893 704 3960 putetis
732 3891 994 3960 Saporem
1041 3896 1277 3963 inopiam
1316 3907 1369 3952 et
1405 3910 1784 3966 paupertatem

224 3986 271 4034 in
319 3985 544 4053 regione
592 3992 775 4037 vestra
834 3986 1161 4051 eiecturum,
1195 3990 1376 4056 potius
1424 4006 1585 4058 quam
1625 4002 1681 4044 ut
1731 3994 1783 4047 in

226 4090 377 4143 n-gno
406 4091 511 4129 suo
550 4075 904 4130 subsisteret.
938 4076 1020 4129 Illi
1048 4094 1177 4133 vero
1213 4081 1319 4134 hoc
1358 4083 1424 4135 ab
1463 4098 1529 4136 eo
1558 4099 1782 4152 respon-

221 4183 328 4219 sum
379 4184 491 4220 non
549 4180 901 4235 acceperunt,
966 4170 1140 4225 donec
1185 4189 1241 4225 se
1295 4186 1480 4229 revera
1522 4175 1780 4245 Saporem

219 4272 331 4312 esse
370 4260 668 4315 confessis
700 4273 871 4314 esset.
907 4260 1071 4318 Jussu
1103 4280 1232 4333 ergo
1261 4264 1579 4320 Maximiani
1618 4269 1785 4338 impe-

221 4352 405 4404 ratoris
460 4366 642 4404 vaccae
693 4352 882 4419 figura:
920 4367 1067 4407 cavae
1111 4370 1140 4408 e
1177 4357 1344 4411 coriis
1396 4358 1608 4413 bovinis
1657 4376 1781 4415 con-

220 4444 380 4505 fectae,
438 4444 737 4510 impositus
783 4454 901 4504 est,
934 4460 1040 4512 qua
1089 4446 1286 4500 deinde
1315 4450 1531 4503 occlusa
1585 4452 1779 4520 vigiles

219 4534 307 4601 ipsi
340 4542 389 4586 et
416 4533 679 4588 custodes
709 4534 985 4607 praefei-it.‘

280 4626 413 4678 'l’usn
468 4624 675 4679 Persia!
740 4629 1011 4696 regionem
1058 4645 1343 4697 aggressus
1400 4632 1781 4695 Maximianus.

219 4731 404 4785 magna
440 4718 623 4769 tribus
672 4722 914 4785 ipsorum
961 4726 1166 4787 strage,
1224 4722 1385 4775 urbes
1418 4725 1573 4778 ruina
1606 4736 1787 4781 vasta-

217 4811 281 4859 vit
315 4826 329 4861 :
361 4826 461 4863 nec
494 4824 603 4862 non
630 4809 856 4862 arbores
879 4810 1199 4880 palmasque
1221 4815 1547 4882 amputavit.
1579 4816 1785 4887 Sapore

217 4901 421 4955 interim
455 4905 637 4970 ipsum
668 4916 996 4970 quocunque
1023 4905 1123 4957 iret
1151 4907 1468 4961 comitante.
1494 4906 1677 4976 Neque
1712 4913 1780 4963 ita

216 5001 267 5041 se
307 4990 507 5044 habere
532 4988 697 5043 desiit
726 4988 901 5045 donec
935 4991 1000 5042 ad
1028 4990 1402 5047 Jondi-Sabur
1426 4998 1780 5063 pervenisset,

218 5081 263 5131 in
295 5097 395 5150 qua
427 5084 747 5136 munierant
774 5099 833 5138 se
861 5082 1152 5139 Persarum
1189 5089 1481 5155 primores,
1535 5091 1696 5159 cujus
1730 5102 1783 5144 et

215 5173 492 5229 dimidium
530 5175 807 5229 machinis
858 5177 913 5230 in
948 5192 1068 5231 eam
1107 5176 1335 5234 directis
1378 5182 1645 5248 deiecerat
1677 5185 1778 5237 nisi

214 5266 347 5329 quod
376 5267 556 5335 ipsam
596 5266 805 5334 ingredi
856 5284 964 5322 non
1011 5282 1211 5338 posset.
1268 5271 1450 5327 Rebus
1495 5284 1674 5329 autem
1711 5278 1781 5328 ita

216 5368 268 5408 se
298 5356 630 5413 habentibus
665 5369 821 5413 nocte
866 5362 1100 5429 quadam
1134 5364 1391 5417 custodes
1435 5364 1642 5434 Sapore
1675 5382 1771 5419 ne-

215 5446 493 5516 gligentius
527 5450 712 5501 habito
749 5459 989 5519 portam,
1026 5467 1119 5520 per
1151 5468 1312 5521 quam
1350 5454 1402 5508 in
1436 5455 1659 5522 figuram
1692 5458 1777 5510 in-

210 5540 292 5605 jicl
339 5541 560 5595 solebat
592 5541 773 5602 cibus.
830 5557 939 5595 non
975 5545 1393 5598 obseraverant.
1436 5546 1564 5600 Erat
1595 5556 1777 5602 autem

215 5644 310 5683 nox
359 5630 664 5693 Oshanan,
724 5633 897 5702 (juxta
929 5636 1079 5690 aliud
1124 5636 1421 5705 exemplar,
1486 5653 1590 5692 nox
1620 5638 1778 5707 festa)

214 5720 535 5794 fueruntque
592 5722 743 5778 circa
800 5727 977 5794 ipsum
1010 5742 1075 5781 ex
1128 5728 1321 5782 incolis
1370 5730 1594 5794 Abvazi,
1641 5746 1777 5799 quos

215 5811 433 5871 ltomanl
464 5816 718 5888 captivos
746 5829 1026 5886 ceperant,
1062 5821 1241 5884 multi,
1267 5837 1499 5889 quorum
1524 5838 1776 5878 sermone

518 5917 797 5974 PATROL.
844 5914 961 5974 Gn.
1008 5914 1172 5977 CXI.

1902 2016 2029 2059 sunt
2057 2006 2291 2063 Romani
2320 2027 2335 2064 :
2364 2027 2502 2081 quos
2534 2015 2713 2085 gladio
2746 2019 2995 2084 insecuti,
3031 2035 3283 2089 magnam
3321 2022 3474 2090 ipso-

1903 2115 2019 2152 rum
2054 2111 2292 2171 stragem
2345 2106 2662 2174 ediderunt,
2713 2110 2946 2182 direptis
2983 2116 3104 2183 quae
3150 2114 3285 2183 ipsis
3315 2124 3473 2169 erant

1901 2195 2097 2258 opibus
2138 2201 2192 2248 et
2239 2198 2533 2254 thesauris.
2581 2199 2787 2257 Deinde
2829 2204 3068 2274 Sapores
3096 2205 3469 2262 Romanorum

1902 2284 2179 2351 regionem
2237 2287 2519 2357 ingressus
2560 2307 2811 2362 magnam
2840 2310 3029 2351 eorum
3069 2307 3308 2369 stragem
3362 2300 3475 2354 edi-

1901 2375 1997 2435 dit,
2036 2377 2340 2448 nmltasque
2374 2385 2604 2439 vastavit
2638 2387 2822 2453 urbes,
2870 2390 3059 2445 multis
3090 2393 3217 2445 inde
3241 2393 3473 2462 captivis
3534 2420 3537 2425 ν

1899 2468 2171 2524 abductis.
2212 2472 2470 2529 Grassata
2519 2486 2607 2532 est
2646 2488 2830 2534 autem
2876 2483 2931 2536 in
2967 2484 3342 2539 Romanorum
3390 2501 3477 2541 re-

1898 2561 2057 2628 gione
2108 2563 2279 2619 fames
2327 2569 2531 2636 gravis,
2583 2574 2861 2641 pestisque
2909 2587 2963 2630 et
3009 2575 3189 2646 plaga,
3225 2578 3362 2632 adeo
3414 2586 3474 2632 ut

1900 2662 2147 2709 mortuos
2191 2671 2301 2725 pra:
2343 2661 2694 2718 multitudine
2731 2667 2967 2734 ipsorum
3001 2670 3234 2738 sepelire
3275 2674 3470 2740 nequi-

1900 2755 2041 2801 rent.
2098 2748 2287 2818 ltaque
2337 2752 2478 2807 bello
2515 2753 2762 2824 Saporis,
2813 2759 2953 2813 fame
2988 2799 3002 2823 ,
3051 2763 3361 2829 pestilentia
3396 2755 3471 2820 {et

1899 2849 2073 2894 morte
2118 2855 2147 2893 a
2193 2843 2520 2900 Christianis
2580 2848 2972 2908 interﬁeiendis
3044 2856 3248 2911 detenti
3322 2866 3470 2913 sunt.

1897 2928 2067 2986 Porro
2095 2931 2424 3002 Maxentius,
2460 2936 2830 2997 Romanorum
2860 2946 3218 3019 421-423
3246 2951 3472 3020 impera-

1899 3034 2003 3090 tor,
2040 3027 2296 3083 omuibus
2349 3031 2443 3099 qui
2491 3041 2617 3088 ante
2656 3033 2836 3104 ipsum
2874 3039 3277 3107 imperaverant
3318 3044 3471 3113 pejor

1896 3112 2020 3178 fuit,
2058 3130 2250 3172 omnes
2281 3120 2374 3188 qui
2426 3121 2610 3178 Romae
2643 3136 2821 3195 erant,
2892 3134 3166 3201 praecipue
3199 3112 3471 3191 Christia-

1898 3221 1998 3259 nos
2031 3246 2046 3269 ,
2096 3211 2148 3262 in
2205 3214 2529 3268 servitutem
2562 3219 2835 3288 redigens,
2880 3226 3076 3290 Opibus
3112 3228 3355 3296 ipsorum
3389 3232 3472 3286 di-

1896 3301 2090 3367 reptis,
2122 3303 2441 3361 mulieribus
2469 3319 2522 3363 et
2551 3316 2735 3379 pueris
2769 3315 3097 3375 interfectis.

1968 3391 2101 3444 Cum
2130 3407 2258 3471 ergo
2287 3398 2536 3453 audirent
2556 3400 2739 3458 Roma:
2770 3408 2980 3473 incolae,
3020 3410 3286 3479 imperare
3318 3417 3463 3471 Con-

1893 3490 2212 3555 stantinum,
2245 3493 2530 3564 ipsumque
2566 3499 2688 3550 mali
2734 3515 2970 3568 osorem,
3016 3506 3138 3558 boui
3188 3520 3458 3566 amantem

1890 3596 2030 3645 esse,
2069 3590 2229 3652 atque
2266 3586 2493 3655 imperio
2519 3589 2689 3657 ipsius
2715 3594 2959 3649 subditos
2982 3599 3372 3668 tranquillitate
3399 3619 3462 3654 ae

1892 3688 2021 3740 pace
2059 3676 2161 3730 sub
2201 3678 2317 3746 ipso
2350 3680 2478 3737 frui.
2527 3682 2734 3738 litteras
2780 3688 2846 3741 ad
2900 3688 3075 3757 ipsum
3128 3694 3464 3762 scripserunt

1889 3782 2080 3819 eorum
2112 3770 2401 3838 primores,
2435 3777 2635 3842 quibus
2663 3781 2833 3847 ipsum
2882 3795 3141 3852 rogarunt
3185 3800 3248 3841 ac
3286 3790 3460 3856 petic-

1892 3868 2036 3922 rnnt,
2089 3870 2145 3914 ut
2178 3863 2374 3930 ipsosa
2410 3867 2661 3924 Maxentii
2695 3873 2952 3928 servitute
2987 3874 3254 3933 liberaret.
3285 3879 3463 3935 Lectis

1890 3951 1977 4003 ille
2012 3955 2247 4020 ipsorum
2282 3960 2477 4014 litteris
2505 3977 2696 4030 magna
2731 3980 2851 4017 cum
2878 3966 3191 4032 ,aiiicerelur
3215 3972 3459 4040 tristitia,

1886 4044 2083 4099 dubius
2127 4050 2300 4113 haesit,
2323 4044 2452 4119 quid
2484 4052 2689 4109 faceret
2710 4057 2951 4113 nescius.
2979 4058 3114 4114 Dum
3144 4072 3319 4117 autem
3346 4065 3459 4119 haec

1888 4138 2069 4189 animo
2093 4142 2351 4205 volveret,
2377 4159 2502 4200 ecce
2528 4151 2778 4216 apparuit
2802 4152 2875 4204 illi
2907 4152 3025 4221 ipso
3054 4159 3296 4223 meridie,
3326 4176 3459 4214 crux

1874 4243 1913 4295 te
1932 4230 2101 4285 stellis
2126 4232 2355 4302 fulgens,
2373 4239 2518 4291 circa
2549 4254 2707 4308 quam
2732 4244 2993 4313 scriptum
3014 4258 3154 4315 erat,
3182 4250 3293 4305 Hoc
3313 4254 3461 4323 signo

1886 4323 2074 4377 vinces.
2127 4324 2392 4394 Egressus
2433 4336 2759 4400 ergosociis
2785 4340 2901 4392 suis
2926 4341 3063 4394 dixit
3094 4362 3109 4397 :
3164 4344 3461 4403 Vidistisnc

1882 4416 2023 4482 quod
2055 4432 2151 4484 ego
2178 4419 2313 4474 vidi?
2340 4431 2736 4492 responderunt
2766 4430 2838 4483 illi
2867 4448 2882 4485 :
2912 4431 3103 4489 Etiam.
3137 4435 3214 4492 Ex
3238 4454 3301 4493 eo
3331 4457 3463 4512 ergo

1885 4515 2125 4577 tempore
2192 4511 2504 4581 religionem
2573 4518 2925 4578 cbnstianam
3003 4531 3284 4597 amplexus
3356 4511 3456 4589 est.

1893 4598 2128 4671 Fuitque
2160 4604 2284 4669 hoc,
2312 4622 2457 4663 anno
2488 4610 2554 4664 ab
2575 4613 2724 4667 obitu
2753 4618 2923 4683 patris
2950 4619 3121 4688 ipsius
3144 4622 3458 4683 Constantis

1890 4705 2063 4751 sexto.
2089 4698 2484 4758 Constantinus
2510 4720 2637 4775 ergo
2662 4708 2955 4764 instructus
2984 4715 3157 4782 copiis
3175 4719 3458 4775 omnibus-

1890 4802 1993 4854 que
2024 4790 2099 4842 ad.
2144 4789 2475 4847 Maxentium
2517 4796 2892 4855 Romanorum
2933 4805 3316 4874 imperatorem
3363 4828 3458 4881 op-

1893 4882 2234 4950 pugnandum
2267 4888 2493 4953 paratis,
2528 4904 2746 4945 crucem
2776 4909 3019 4963 magnam
3060 4901 3319 4967 confecit,
3353 4920 3456 4973 qua

1892 4976 2082 5030 vexillo
2111 4979 2531 5049 superimposita
2555 4986 2831 5052 profectus
2872 4996 2956 5042 est
2994 4989 3323 5051 Maxentium
3361 5012 3455 5068 ag.

1889 5064 2200 5135 gressurus.
2245 5069 2548 5129 Maxentius
2582 5091 2711 5131 vero
2734 5079 2918 5133 audito
2942 5085 3357 5144 Constantinum
3391 5064 3456 5145 ad

1889 5162 2086 5216 bellum
2118 5165 2219 5233 ipsi
2265 5166 2605 5223 inferendum
2639 5173 2920 5237 accedere,
2946 5192 3005 5230 se
3032 5188 3087 5231 et
3127 5179 3245 5248 ipse
3297 5197 3456 5252 para-

1887 5257 1983 5319 vit,
2012 5256 2286 5329 fluvioque
2302 5264 2392 5331 qui
2417 5262 2601 5319 Romae
2622 5266 2835 5336 adjacet
2861 5277 3024 5337 ponte
3054 5279 3251 5338 strato,
3273 5278 3458 5345 c0pias

1885 5366 2013 5406 suas
2038 5368 2230 5410 omnes
2264 5357 2517 5424 educens,
2545 5374 2669 5415 cum
2695 5364 3056 5419 Constantino
3084 5366 3248 5439 424
3272 5373 3460 5439 praelia

1886 5446 2183 5500 contendit.
2216 5447 2570 5503 Constantino
2614 5461 2791 5504 autem
2835 5455 3059 5508 victoria
3096 5460 3287 5525 potito,
3340 5478 3457 5514 ma~

1884 5549 2096 5603 gnaque
2126 5538 2394 5591 sociorum
2444 5538 2700 5593 Maxentii
2747 5552 2927 5611 strage
2968 5546 3133 5610 edita,
3182 5546 3317 5615 fugit
3371 5550 3460 5603 illc

1883 5640 2004 5679 cum
2027 5630 2237 5696 exiguis
2262 5646 2447 5685 eorum
2479 5632 2722 5701 reliquiis
2754 5636 2819 5687 ad
2865 5634 3061 5689 Urbem
3094 5640 3455 5695 contendens.

1885 5723 2030 5777 Eliso
2058 5738 2183 5777 vero
2219 5724 2318 5777 sub
2344 5726 2477 5793 ipsis
2506 5738 2689 5795 ponte,
2736 5730 3057 5785 submersus
3081 5741 3168 5787 est
3195 5747 3317 5794 cum
3342 5749 3456 5788 suis

1886 5817 2210 5884 Maxentius,
2237 5819 2371 5874 adeo
2412 5832 2470 5875 ut
2506 5836 2613 5890 qua
2644 5824 2841 5879 mersis
2869 5839 2971 5892 qua
2998 5825 3155 5880 caesis
3204 5826 3454 5895 implere-

2947 5920 3021 5981 32
