4200 6432
736 383 869 449 1003

1744 386 2113 445 EUTYCllll
2148 385 2686 447 ALEXANDRINI
2732 388 2951 446 ΡΑῚἪ.

3832 392 3966 455 1004

732 498 819 543 tur
843 489 1057 545 ﬂuvius.
1092 490 1308 559 Egressi
1344 509 1473 563 ergo
1511 493 1732 547 Ilornani
1781 509 1903 547 curn
1947 495 2166 549 coronis
2208 510 2303 549 au-
2336 504 2375 560 Α
2411 500 2590 552 exutis
2652 501 2897 555 vestibus
2965 502 3017 553 in
3056 501 3232 553 lacum
3281 516 3339 556 se
3374 500 3666 571 projiciens
3722 505 3771 559 in
3809 503 3968 557 Chri-

732 584 858 644 rcis,
902 582 1241 653 diversisque
1290 585 1619 639 ludicrarum
1677 598 1729 639 et
1774 589 1923 641 lusus
1973 586 2302 656 generibus,

728 673 1089 728 Constantino
1112 688 1491 740 occurrerunt,
1535 691 1727 746 magna
1759 680 1830 731 ob
1880 679 2050 746 ipsius
2095 676 2297 730 adven-

735 777 842 817 tum
888 766 1066 819 laetitia
1120 767 1313 821 affecti.
1346 767 1436 820 llle
1464 768 1551 821 ubi
1596 769 1783 821 urbem
1818 769 2091 836 ingressus
2133 776 2300 830 esset,

731 867 1031 928 martyrum
1068 858 1493 912 christianornrn
1553 859 1812 928 crur-ique
1840 858 2143 921 aﬁixorum,
2178 873 2301 911 cor-

666 984 669 987 -
728 965 855 1018 pora
895 949 1312 1020 sepelirijussit.
1348 948 1495 1018 lique
1517 952 1607 1019 qui
1635 951 1758 1020 fuga
1806 966 1865 1005 se
1905 949 2300 1012 subduxeranl,

728 1053 782 1095 ct
806 1058 943 1111 quos
972 1041 1224 1095 exsulare
1258 1042 1498 1111 jusserat
1541 1042 1870 1104 Maxentius,
1897 1042 1949 1093 in
1980 1042 2211 1111 patriam
2244 1051 2297 1095 et

728 1138 903 1189 locum
932 1149 1089 1187 suum
1128 1135 1326 1187 reversi
1363 1142 1507 1188 sunt.
1535 1134 1687 1199 Quod
1713 1132 1863 1187 sicui
1892 1132 2019 1201 qrrid
2051 1141 2294 1201 ereptum

725 1228 941 1294 fuisset,
986 1226 1115 1281 illud
1153 1226 1254 1295 ipsi
1292 1225 1551 1280 restituit.
1593 1226 1808 1294 Septem
1854 1240 1983 1292 ergo
2013 1226 2203 1279 diebus
2243 1226 2297 1277 in

725 1318 870 1387 regis
896 1327 949 1371 et
970 1316 1155 1370 crucis
1179 1315 1437 1368 honorem
1482 1312 1677 1367 festum
1718 1312 2088 1374 celebrarunt,
2128 1313 2292 1364 eden-

724 1417 830 1471 tes,
855 1408 1105 1461 bibentes
1135 1414 1189 1459 et
1230 1405 1413 1458 laetitia
1459 1404 1688 1473 perfusi.
1746 1403 1869 1456 Haec
1902 1417 2022 1456 cum
2054 1403 2294 1457 audisset

727 1500 1073 1563 Maximinus,
1126 1498 1378 1553 Galerius
1430 1496 1777 1565 appellatus,.
1821 1511 2013 1565 magna
2072 1496 2160 1548 ille
2216 1496 2291 1548 ira

723 1601 1058 1650 evzestuans,
1106 1588 1348 1641 rollectis
1379 1586 1551 1654 copiis
1595 1587 1709 1639 seis
1739 1586 2013 1654 profectus
2042 1594 2124 1638 est
2155 1583 2297 1638 Con-

723 1681 1027 1733 stantinum
1060 1678 1199 1731 bello
1221 1690 1601 1744 aggressurus.
1628 1673 1745 1739 Quo
1775 1673 1957 1727 arrdito
1984 1673 2292 1726 Constanti-

727 1788 825 1823 mrs
864 1772 1027 1824 etiam
1068 1767 1353 1821 instructis
1394 1766 1574 1835 copiis
1610 1767 1884 1834 rebusque
1921 1765 2145 1834 paratis,
2192 1766 2291 1835 ipsi

722 1863 933 1916 obviam
975 1860 1091 1913 ivit.
1147 1858 1427 1912 Maximini
1466 1867 1645 1911 autem
1697 1859 1944 1923 comites,
1980 1857 2095 1911 visa
2128 1874 2291 1926 super

729 1957 927 2009 vexillo
958 1971 1142 2023 cruce,
1187 1957 1239 2009 in
1268 1956 1445 2028 l'rrgam
1470 1973 1653 2013 coram
1698 1958 1817 2027 ipso
1846 1958 2091 2013 conversi
2140 1964 2286 2017 sunt,

721 2061 861 2115 quos
908 2046 1089 2114 gladio
1133 2047 1411 2101 insecutus
1457 2062 1709 2117 n‘ragnam
1766 2048 2008 2116 ipsorum
2052 2057 2286 2111 stragem

720 2138 910 2200 edidit,
941 2137 1061 2191 aliis
1086 2139 1245 2190 ctianr
1280 2138 1506 2207 captivis
1546 2138 1723 2202 factis,
1762 2138 1884 2191 aliis
1913 2138 2082 2205 ipsius
2129 2136 2285 2189 ﬁdem

722 2229 1156 2298 implorantibus,
1175 2232 1309 2285 adeo
1326 2240 1382 2285 ut
1397 2229 1719 2285 Maximinus
1735 2232 1910 2285 nudus
1929 2230 2160 2298 fugiens,
2180 2244 2287 2282 non

722 2329 961 2374 cessaret
981 2318 1333 2393 535-527
1369 2337 1397 2376 a
1425 2324 1541 2376 loco
1573 2323 1636 2375 ad
1672 2323 1848 2376 locant
1881 2338 1937 2376 se
1966 2322 2295 2386 subdrrcere,

722 2408 895 2463 donec
924 2410 988 2463 ad
1022 2411 1208 2463 urbem
1236 2426 1390 2465 suam
1422 2411 1749 2480 perveniret,
1777 2412 1867 2467 tibi
1908 2412 2131 2465 deorum
2165 2426 2291 2465 suo-

726 2514 842 2550 rrrrrr
887 2500 1257 2563 sacriﬁculos,
1317 2502 1847 2571 praestigiator-eique
1883 2510 1936 2555 et
1973 2502 2194 2566 sciolos,
2237 2503 2291 2555 in

723 2603 858 2657 quos
885 2603 1072 2642 arnore
1094 2604 1414 2659 propensus,
1438 2601 1492 2645 et
1517 2606 1546 2644 a
1565 2592 1763 2660 quibus
1785 2591 2071 2646 consilium
2101 2606 2296 2659 capere

724 2681 921 2735 solitus
941 2682 1138 2746 luerat,
1166 2689 1525 2753 congregatos
1552 2682 1729 2752 capite
1751 2683 2042 2746 truncavit,
2064 2697 2130 2735 ne
2153 2681 2198 2736 si
2237 2683 2289 2734 in

725 2784 920 2822 manus
943 2771 1284 2824 Constantini
1312 2770 1615 2825 inciderent
1639 2772 1853 2824 illoruur
1888 2785 1989 2840 ope
2027 2779 2290 2824 uteretur.

796 2860 936 2914 Deus
963 2873 1146 2915 autern
1173 2862 1500 2916 Maximiano
1534 2864 1709 2932 ignem
1751 2863 1806 2915 in
1838 2873 2078 2916 ventrem
2108 2862 2291 2915 imrni-
2330 2924 2339 2931 κ

724 2954 821 3019 sit,
854 2956 1095 3024 qtrieurrr
1161 2954 1297 3008 adeo
1334 2955 1553 3020 torruit,
1601 2966 1660 3008 ut
1720 2966 2105 3024 rumperentur
2163 2953 2291 3023 ipsi,

726 3064 835 3115 pra:
883 3048 1067 3103 calore
1098 3062 1260 3116 quem
1312 3048 1461 3101 intus
1524 3048 1716 3109 sensit,
1777 3048 1985 3101 viscera
2019 3046 2188 3114 :quin
2238 3054 2291 3098 et

2415 600 2560 645 stum
2601 591 2856 653 credidit,
2890 595 3155 663 istamque
3200 607 3231 647 e
3274 593 3396 649 lure
3431 610 3686 650 coronam
3737 598 3965 667 accepit.

2412 681 2546 734 Tum
2575 699 2603 735 e
2633 682 2841 750 piscina
2875 693 3149 739 extractos
3175 686 3301 740 dum
3337 686 3579 753 plaustro
3602 694 3971 757 asportandos

2408 773 2769 841 imponerent,
2792 785 3039 843 repertus
3062 790 3143 832 est
3167 778 3308 831 inter
3334 778 3483 846 ipsos
3509 779 3723 846 juvenis
3748 783 3967 847 quidam

2410 865 2650 917 norrdrrrn
2711 873 2981 931 mortuus,
3049 883 3209 937 quem
3270 870 3393 923 ideo
3449 875 3721 935 relictum,
3780 882 3969 925 astans

2408 965 2579 1008 mater
2610 956 2783 1024 ipsius
2838 959 3059 1013 sustulit
3111 968 3169 1012 ut
3222 960 3275 1013 in
3335 961 3640 1030 plaustrum
3680 978 3786 1014 una
3843 979 3968 1017 cum

2407 1046 2640 1100 mortuis
2672 1048 2998 1116 conjicerct,
3031 1052 3177 1119 qrrod
3229 1067 3358 1106 cum
3405 1068 3521 1107 eam
3570 1052 3748 1106 facere
3788 1054 3972 1119 probi-

2406 1138 2613 1202 berent,
2652 1138 2777 1208 quia
2822 1142 3003 1196 adlrrrc
3036 1143 3262 1206 viveret,
3301 1143 3393 1197 ille
3424 1146 3477 1197 in
3506 1143 3750 1196 humeris
3793 1142 3973 1210 ipsius

2409 1239 2664 1284 mortuus
2694 1241 2799 1285 est.
2839 1229 3018 1296 Quare
3067 1243 3118 1287 ct
3153 1236 3322 1303 ipsum
3358 1234 3410 1287 in
3448 1236 3750 1304 plaustrum
3781 1230 3973 1300 injecit

2408 1335 2512 1372 una
2542 1336 2665 1374 eum
2706 1323 3060 1392 martyribus,
3097 1341 3236 1391 quos
3266 1336 3415 1378 extra
3472 1326 3659 1377 urbem
3702 1323 3970 1376 Sebasteo

2403 1407 2635 1462 eductos
2664 1420 3111 1464 concremarunt.
3141 1412 3279 1465 Cum
3313 1423 3492 1466 autem
3541 1412 3656 1465 hagc
3702 1411 3973 1465 audiissn

2402 1496 3146 1570 Constantinus,litterisque
3178 1502 3276 1570 ipsi
3306 1503 3429 1556 facti
3463 1503 3543 1556 sui
3570 1501 3971 1569 turpitudinem

2402 1590 2813 1657 exprobrasset,
2871 1606 3047 1661 neque
3101 1594 3192 1648 ille
3241 1602 3423 1646 tamen
3474 1593 3784 1656 desineret,
3833 1592 3971 1658 quin

2401 1679 2756 1751 429-431
2791 1683 2970 1749 potius
2999 1682 3243 1737 collectis
3273 1683 3449 1752 ρορίἰε
3480 1683 3546 1736 ad
3579 1684 3779 1737 bellum
3818 1682 3973 1735 Con-

2402 1771 2649 1822 stantino
2698 1771 3042 1826 inferendum
3110 1773 3572 1842 proﬁcisceretur,
3627 1774 3772 1828 misit
3818 1770 3970 1834 Con-

2396 1862 2671 1914 stantinus
2734 1866 3033 1921 exercitum
3089 1866 3182 1934 qui
3240 1881 3362 1920 cum
3419 1867 3540 1935 ipso
3604 1867 3659 1921 in
3708 1867 3968 1936 Bithynia

2401 1954 2587 2022 proelio
2618 1953 2883 2019 conﬂixit,
2918 1970 2945 2007 a
2971 1971 3081 2023 quo
3122 1973 3245 2011 cum
3308 1956 3622 2027 proﬁigatus
3671 1968 3838 2021 esset,
3873 1973 3972 2010 ca-

2401 2055 2522 2113 ptrrs
2550 2046 2716 2098 etiam
2753 2054 2839 2100 est
2872 2055 2925 2098 et
2960 2046 3025 2099 ad
3062 2046 3482 2101 Cunstantinrrrrr
3515 2048 3830 2117 perductus,
3868 2047 3969 2115 qui

2399 2139 2578 2205 ipsum
2640 2137 2693 2189 in
2748 2140 2937 2191 urbem
2997 2136 3445 2193 Thessalonicam
3499 2138 3757 2206 relegavit
3808 2155 3823 2192 :
3877 2138 3971 2189 cui

2401 2230 2691 2299 prtel'ectus
2720 2246 2841 2285 cum
2878 2242 3195 2297 conaretur,
3226 2234 3401 2302 copiis
3446 2247 3475 2287 e
3505 2233 3973 2285 Thessalonicen-

2399 2318 2552 2371 sibus
2575 2319 2845 2381 collectis,
2899 2318 3320 2374 Constantinum
3360 2322 3554 2374 iterum
3596 2322 3738 2376 bello
3787 2321 3969 2373 laces-

2400 2424 2541 2471 sere,
2575 2410 2726 2463 misit
2784 2411 3017 2480 ipsequi
3072 2420 3236 2481 caput
3284 2412 3363 2465 illi
3420 2420 3751 2482 arrrputaret.
3805 2413 3973 2465 Chri-

2403 2502 2749 2553 stianismurn
2780 2509 2960 2555 autem
3019 2502 3307 2571 amplexus
3353 2513 3436 2557 est
3480 2503 3877 2557 Constantinus
3916 2506 3973 2555 in

2405 2589 2537 2641 urbe
2564 2591 2706 2642 dicta
2739 2589 3080 2656 Nicomedia,
3112 2592 3274 2661 idque
3303 2608 3448 2647 anno
3474 2594 3686 2662 imperii
3718 2593 3802 2646 sui
3830 2592 3975 2643 duo-

2402 2678 2617 2732 decirno
2655 2697 2669 2733 :
2703 2680 2981 2749 jrrssitqrre
3009 2681 3063 2734 in
3113 2682 3372 2736 omnibus
3410 2683 3726 2753 regionibus
3754 2682 3969 2735 exstrrri

2402 2771 2690 2835 ecclesias,
2749 2773 2988 2840 erogatis
3044 2788 3075 2826 e
3134 2773 3480 2844 vectigalium
3543 2790 3769 2827 suorum
3838 2774 3976 2827 ﬁsco

2405 2864 2643 2916 nurumis
2678 2862 2743 2915 ad
2779 2864 3138 2918 ecclesiarum
3174 2879 3306 2919 vasa
3351 2864 3708 2919 conﬁcienda.

2476 2952 2653 3009 Primo
2687 2955 2899 3024 imperii
2931 2956 3109 3025 ipsius
3136 2970 3280 3009 anno
3308 2956 3649 3011 constitutus
3700 2952 3975 3007 Eusebius

2404 3044 2710 3111 patriarcha
2750 3042 3029 3098 Romanus
3089 3060 3184 3100 sex
3231 3061 3404 3099 annos
3439 3046 3600 3108 sedit,
3643 3044 3764 3097 dein
3821 3061 3977 3095 mur-

723 3141 1035 3195 excidentes
1065 3141 1165 3208 ipsi
1196 3139 1338 3193 oculi
1376 3140 1427 3192 in
1464 3150 1661 3193 terram
1699 3140 2039 3201 deciderunt,
2066 3138 2292 3192 adusta-
2321 3141 2366 3201 ο
2399 3145 2526 3189 tuus
2558 3146 2661 3191 est.
2714 3136 2875 3190 Anno
2909 3138 3123 3205 imperii
3179 3138 3424 3204 ejusdem
3487 3138 3719 3207 septinro
3782 3136 3973 3189 factus

724 3247 831 3302 que
868 3247 998 3287 caro
1051 3232 1117 3284 ab
1168 3231 1386 3285 ossibus
1447 3241 1694 3298 separata
1744 3238 1849 3293 est,
1907 3230 1976 3281 ita
2018 3239 2077 3281 ut
2121 3235 2295 3279 morte

725 3322 957 3391 pessima
1012 3322 1234 3389 periret.
1297 3319 1565 3374 Omnibus
1608 3335 1738 3389 ergo
1795 3320 2161 3372 Romanorum
2214 3318 2296 3369 di-

726 3412 969 3466 tionibus
1007 3410 1305 3480 tranquille
1341 3418 1392 3463 et
1443 3411 1495 3462 in
1528 3425 1658 3479 pace
1710 3410 1992 3477 imperavit
2023 3408 2292 3461 Constan-

726 3505 895 3566 tinus,
930 3502 1093 3569 idque
1126 3516 1271 3553 anno
1301 3502 1511 3569 imperii
1559 3498 1807 3569 Saporis,
1863 3496 2115 3551 llormozi
2174 3498 2287 3561 lilii,

725 3594 1013 3647 Persarum
1052 3593 1191 3661 regis
1223 3590 1638 3660 quadragesimo
1694 3590 1889 3658 primo.
1937 3589 2064 3640 Erat
2110 3597 2291 3639 autem

725 3684 1142 3745 Constantinus,
1179 3682 1322 3736 ﬁlius
1349 3681 1674 3741 Constantii,
1735 3680 1828 3732 lilii
1882 3678 2135 3740 Valentii,
2197 3678 2290 3731 lilii

722 3778 931 3838 Arsisi,
987 3775 1081 3829 ﬁlii
1138 3773 1305 3837 Decii,
1356 3772 1447 3824 ﬁlii
1518 3769 1733 3824 Claudii
1794 3771 2139 3837 imperatoris
2196 3768 2289 3837 qui

728 3869 913 3921 llornze
963 3865 1147 3919 ﬂoruit
1201 3871 1444 3933 tempore
1501 3861 1903 3931 apostolorrrrn.
1964 3861 2094 3912 Erat
2160 3874 2291 3911 vero

725 3960 1088 4014 Constantino
1138 3962 1249 4008 dux
1301 3969 1465 4027 quem
1528 3953 1754 4014 amavit,
1817 3959 1871 4004 et
1932 3949 2000 4003 ad
2057 3952 2290 4004 honores

724 4052 926 4112 evexit,
978 4047 1196 4101 nomine
1225 4044 1506 4109 Licinius;
1568 4058 1860 4111 quemque,
1895 4042 2020 4095 data
2070 4040 2172 4109 ipsi
2236 4041 2287 4092 in

728 4156 951 4195 uxorein
984 4152 1176 4193 sorore
1210 4151 1310 4189 sua
1339 4134 1745 4197 ConStantinia,
1780 4132 1963 4184 [lenire
2014 4130 2289 4200 pra-ferit;

721 4234 922 4303 jnbens
956 4231 1131 4300 ipsum
1164 4228 1498 4283 christianos
1546 4225 1753 4278 honore
1798 4223 2031 4281 allicere,
2080 4220 2288 4288 magni-

727 4343 833 4397 que
887 4327 1087 4386 facere,
1155 4337 1255 4375 nec
1310 4321 1553 4388 ipsorum
1614 4316 1706 4369 ulli
1775 4328 1997 4367 nocere.
2047 4311 2288 4365 Licinius

727 4430 907 4472 autem
950 4413 1235 4483 imperium
1272 4410 1497 4478 adeptus
1524 4408 1590 4459 ad
1658 4405 1923 4459 idolorum
1956 4402 2160 4455 cultum
2203 4416 2291 4452 re-

2398 3237 2481 3279 est
2523 3226 2849 3281 Meletianus
2880 3229 3190 3294 patriarcha
3235 3229 3537 3287 Romanus,
3582 3229 3674 3296 qui
3703 3243 3828 3280 crrrrr
3874 3242 3975 3280 an-

2401 3333 2500 3371 nos
2539 3326 2779 3387 quatuor
2810 3319 3046 3373 sedisset
3080 3328 3332 3373 rnortuus
3366 3326 3471 3372 est.
3517 3318 3675 3371 Anno
3703 3333 3835 3370 vero
3868 3334 3975 3368 tm-

2396 3410 2606 3463 decimo
2659 3410 2859 3462 ibidem
2914 3411 3226 3478 patriarcha
3292 3410 3623 3465 constitutus
3677 3410 3973 3468 Silvestcr.

2398 3516 2572 3555 annos
2618 3501 2813 3569 viginti
2866 3511 2988 3554 octo
3016 3501 3176 3563 sedit,
3207 3500 3333 3555 dein
3372 3511 3620 3554 rnortrrns
3655 3512 3761 3555 est.
3806 3502 3974 3553 Anno

2395 3593 2736 3660 principatus
2767 3590 2887 3658 ejus
2916 3606 3062 3644 nono
3101 3593 3436 3646 celebratrrrn
3460 3603 3543 3647 est
3578 3593 3875 3646 concilium
3914 3597 3971 3647 i':

2397 3681 2529 3734 urbe
2562 3680 2761 3733 Nicaea.
2796 3681 2953 3734 Anno
2986 3682 3145 3735 etiam
3179 3683 3390 3751 imperii
3421 3682 3771 3737 Constantini
3811 3687 3977 3736 tertio

2398 3778 2618 3824 creatus
2664 3776 2747 3823 est
2800 3768 3116 3824 Philonicus
3174 3774 3483 3839 patriarcha
3544 3775 3971 3837 Antiochenus,

2397 3861 2488 3930 qui
2525 3861 2767 3928 quinque
2799 3875 2971 3915 annos
3010 3862 3167 3927 sedit,
3225 3864 3349 3917 dein
3387 3876 3633 3919 mortuus
3667 3876 3771 3919 est.
3810 3872 3975 3919 Anno

2393 3952 2639 4019 ejusdem
2674 3967 2817 4005 nono
2851 3953 3186 4007 constitutrrs
3212 3962 3294 4007 est
3315 3954 3634 4022 Apollonius
3654 3958 3974 4024 patriarcha

2393 4044 2796 4107 Antiochenus,
2849 4045 2944 4114 qui
2989 4043 3151 4115 432
3203 4060 3323 4098 cum
3361 4047 3606 4115 quinque
3660 4063 3838 4100 annos
3879 4066 3975 4099 su-

2394 4133 2589 4194 disset,
2625 4142 2876 4185 mortuus
2908 4142 3011 4186 est.
3049 4135 3207 4186 Anno
3240 4134 3480 4201 ejusdem
3516 4135 3731 4188 decimo
3771 4137 3975 4202 quinto

2396 4226 2571 4277 laetus
2605 4235 2689 4277 est
2724 4224 2924 4276 ibidem
2969 4225 3281 4291 patriarcha
3320 4224 3664 4289 Eustathius,
3696 4227 3791 4292 qui
3842 4235 3972 4278 octo

2393 4328 2563 4366 annos
2592 4312 2754 4376 sedit,
2812 4311 2936 4364 dein
2983 4321 3226 4364 mortuus
3275 4322 3377 4365 est.
3412 4312 3580 4380 Cujus
3623 4313 3971 4383 principatus

2395 4420 2537 4458 anno
2564 4404 2755 4472 quinto
2789 4403 2890 4455 fuit
2926 4403 3217 4456 concilium
3258 4403 3560 4456 Nicaeuunr.
3608 4406 3766 4455 Anno
3801 4407 3969 4456 etiarn

727 4524 941 4572 versus,
971 4467 1042 4559 ad
1074 4512 1302 4559 mortem
1340 4500 1464 4555 duci
1518 4499 1683 4568 jussit
1737 4496 2090 4549 christianos.
2146 4492 2288 4546 Mar-
2321 4467 2366 4523 θ
2398 4495 2613 4564 imperii
2651 4494 3000 4547 Constantini
3060 4496 3238 4560 primo
3287 4492 3619 4545 constitutus
3672 4502 3755 4543 est
3818 4497 3973 4545 Asou

728 4602 927 4670 tyriuru
964 4610 1093 4666 ergo
1124 4593 1227 4648 sub
1252 4593 1371 4660 ipso
1398 4589 1539 4658 passi
1566 4595 1693 4641 sunt
1740 4586 2059 4639 Theodorus
2108 4584 2284 4647 rrriles,

729 4690 1074 4758 metropolita
1133 4684 1299 4756 428
1367 4679 1704 4743 Barkensis,
1768 4692 1891 4730 cum
1958 4676 2287 4744 martyribus

727 4782 1111 4854 quadraginta,
1164 4778 1256 4845 qui
1309 4790 1376 4828 ex
1441 4774 1575 4825 urbe
1632 4769 1883 4823 Sebastia
1931 4766 2287 4835 Cappadociae

730 4885 903 4927 rrant.
938 4870 1063 4925 Fuit
1092 4877 1271 4921 autem
1309 4866 1408 4933 ipsi
1465 4865 1518 4917 in
1562 4860 1807 4915 Sebastia
1851 4858 2143 4926 pra-lectus
2192 4872 2288 4907 no-

733 4967 874 5017 mine
920 4959 1189 5030 Agricola,
1238 4959 1327 5024 qui
1361 4950 1715 5021 quadraginta
1759 4955 2025 5015 martyres
2076 4943 2287 5010 Cappa-

728 5061 890 5109 duces
915 5054 1207 5123 prehensus
1237 5048 1289 5100 in
1342 5044 1609 5114 piscinam
1646 5053 1801 5107 aqua‘.
1841 5036 2015 5089 nudos
2063 5032 2286 5098 abjeeit,

730 5163 855 5202 cum
906 5122 1049 5197 esset
1112 5142 1201 5192 nix
1256 5140 1570 5197 vehemens,
1638 5130 1782 5183 rrndc
1836 5128 2036 5193 frigore
2088 5122 2285 5175 mortui

730 5246 878 5292 sunt.
911 5233 1064 5289 Unus
1099 5241 1306 5284 tantum
1335 5243 1399 5280 cx
1428 5224 1560 5293 ipsis
1614 5222 1667 5273 in
1720 5219 1997 5277 balnerrnr,
2042 5213 2186 5282 quod
2222 5214 2287 5265 ad

732 5331 882 5382 lacus
911 5327 1080 5393 ripam
1119 5322 1317 5382 fuerat,
1352 5326 1609 5384 egressus
1651 5320 1734 5363 est
1767 5317 1826 5359 ut
1864 5307 1936 5359 ibi
1980 5320 2037 5359 se
2091 5304 2288 5356 calefa-

736 5425 909 5483 ceret,
935 5431 1094 5486 quem
1128 5412 1389 5465 decidens
1418 5408 1469 5459 in
1505 5405 1681 5475 ipsum
1710 5401 1962 5453 balneum
1996 5396 2287 5450 interfecit.

735 5512 1032 5567 Praefectus
1073 5516 1279 5568 autem,
1308 5504 1401 5573 qui
1438 5495 1767 5551 satellitibus
1803 5508 1830 5544 a
1863 5493 2061 5561 quibus
2109 5498 2291 5541 custo-

731 5604 1014 5656 diebantur
1044 5603 1296 5668 praeerat,
1323 5584 1826 5655 cumquadraginta
1857 5598 1884 5633 e
1916 5584 2035 5633 luce
2058 5594 2289 5631 coronas

730 5694 945 5748 cmlitus
996 5692 1049 5743 in
1099 5697 1397 5756 martyrum
1449 5681 1683 5734 istorum
1717 5675 1894 5741 capita
1943 5670 2292 5724 descendisse

732 5790 994 5845 cerneret,
1053 5796 1211 5832 unanr
1272 5782 1450 5829 autem
1509 5781 1733 5823 vacuam
1790 5763 2081 5828 mansisse,
2153 5762 2269 5830 ipse

2388 4588 2675 4654 episcopus
2746 4584 3316 4654 Ilierosolymitanus,
3366 4584 3459 4650 qui
3532 4598 3724 4634 novem
3792 4600 3972 4636 annos

2390 4675 2560 4735 sedit.
2610 4676 2735 4729 dein
2802 4686 3049 4727 mortrrns
3085 4683 3186 4727 est.
3243 4675 3400 4726 Anno
3451 4673 3663 4741 imperii
3715 4673 3967 4739 ejusdem

2388 4767 2619 4826 decimo.
2642 4767 3077 4818 censtitutusest
3106 4762 3377 4815 Macarius
3415 4764 3611 4816 ibidem
3644 4764 3973 4832 episcorpns,

2390 4857 2482 4924 qui
2546 4855 2921 4909 novemdccim
2973 4869 3146 4907 annos
3194 4853 3353 4918 sedit,
3409 4854 3532 4906 dein
3573 4867 3825 4908 mortuus
3866 4872 3969 4912 t‘Sl.

2391 4952 2546 5001 Arno
2601 4947 2941 5015 principatus
3004 4945 3122 5014 ejus
3197 4945 3412 4998 decimo
3469 4945 3807 4999 celebratum
3888 4960 3972 5002 est

2389 5037 2677 5089 concilium
2709 5036 3005 5089 Nil-renum.
3042 5037 3200 5086 Anno
3231 5034 3394 5086 etiam
3439 5034 3653 5101 imperii
3690 5035 3971 5088 Constan-

2391 5126 2489 5178 tini
2529 5124 2719 5194 qrrirrto
2767 5124 2945 5177 factus
2984 5131 3069 5176 est
3114 5124 3423 5176 Alexander
3470 5121 3782 5191 patriarcha
3840 5125 3969 5176 Ale—

2392 5216 2711 5269 xandrinus.
2782 5215 2881 5266 Hic
2906 5213 3051 5267 Petri
3085 5215 3339 5281 martyris
3370 5213 3696 5281 patriarchae
3726 5212 3969 5265 Alexan—

2390 5307 2555 5368 drini,
2587 5306 2681 5373 qui
2713 5306 2928 5358 occisus
2962 5313 3067 5365 est,
3097 5302 3421 5371 discipulus,
3454 5301 3725 5370 iidemque
3776 5308 3969 5359 socius

2391 5396 2612 5449 Achillae
2667 5394 2990 5463 patriarcha:
3043 5393 3417 5455 Alexandrini,
3475 5407 3648 5446 annos
3721 5394 3966 5446 sedecim

2391 5488 2550 5551 sedit,
2598 5488 2723 5540 dein
2770 5494 3021 5540 mortuus
3050 5495 3157 5539 est.
3198 5487 3355 5538 Anno
3389 5484 3731 5553 principatus
3788 5485 3968 5553 ipsius

2391 5580 2604 5633 decirrro
2627 5579 2815 5647 quinto
2852 5577 3186 5631 celebratum
3216 5583 3299 5631 est
3329 5577 3624 5629 concilium
3654 5573 3965 5628 Nic-aenum.

2392 5673 2699 5725 Alexander
2726 5670 2991 5738 siquidem
3014 5669 3318 5738 patriarcha
3346 5668 3747 5721 Alexandrinus
3774 5668 3970 5719 Arium

2392 5765 2676 5819 ecclesiam
2714 5764 2920 5828 ingredi
2956 5765 3147 5827 vetuit,
3183 5760 3343 5828 eique
3368 5759 3691 5823 maledixit,
3730 5758 3969 5813 dicens:
