4200 6432
215 495 348 558 1005

211 608 529 664 Slalcdiclus
564 618 644 659 ιξκι
702 610 903 668 Arius;

211 700 522 766 patriarcha
570 710 865 767 antequam
886 700 1205 767 martyrium
1237 696 1477 750 subiret:
1507 694 1781 746 Malcdixit

213 793 356 843 llius
398 792 549 849 Arin,
605 805 672 841 ne
709 803 838 855 ergo
870 791 1045 856 ipsum
1101 787 1404 855 recipiatis,
1463 799 1639 853 neque
1694 799 1781 833 vo-

211 886 420 938 biscum
472 884 526 934 in
583 882 880 935 Ecclesium
944 880 1267 933 admittatis.
1308 878 1540 931 Praeerat
1600 884 1779 927 autem

208 975 330 1026 urbi
355 977 559 1043 Asyuto
577 990 605 1027 e
620 974 827 1027 ditione
843 972 1058 1041 AEgypti
1080 972 1372 1039 episcopus
1388 969 1607 1021 nomine
1624 966 1784 1018 Mele-

210 1067 340 1124 titts,
360 1064 453 1132 qui
473 1066 584 1117 Arii
616 1063 944 1119 sententiain
974 1062 1255 1129 amplexus
1276 1057 1630 1131 533-535
1661 1066 1778 1118 est;

212 1156 393 1209 eidem
418 1170 550 1224 ergo
571 1156 733 1209 etiam
778 1153 1061 1207 maledixit
1105 1150 1415 1206 Alexander
1444 1149 1780 1218 patriarcha.

210 1246 386 1299 Porro
440 1246 543 1299 fuit
604 1244 948 1299 Alexandriae
1014 1244 1276 1312 templum
1333 1257 1588 1311 magnum
1637 1238 1780 1307 quod

208 1337 484 1389 exstruxit
506 1336 791 1404 Cleopatra
825 1337 1005 1405 regina
1036 1332 1244 1388 nomini
1290 1332 1511 1385 Saturni
1541 1331 1761 1384 dedica-

211 1435 352 1485 Iunt,
394 1425 449 1476 in
489 1438 599 1492 quo
649 1422 857 1478 idolum
911 1438 1113 1477 aereum
1170 1437 1425 1490 magnum
1479 1429 1594 1473 erat
1639 1415 1782 1486 quod

212 1514 445 1567 Michael
476 1517 787 1584 appellatus
814 1525 919 1579 est,
962 1516 1048 1568 cui
1078 1515 1424 1569 Alexandria:
1476 1521 1530 1564 et
1562 1509 1782 1579 Egypti

218 1608 414 1659 incolae
462 1606 551 1660 die
586 1606 793 1659 mensis
829 1604 1044 1668 lleturi,
1102 1606 1195 1673 qui
1240 1603 1459 1657 Tishrin
1516 1604 1785 1671 posterior

208 1704 315 1759 est,
366 1692 566 1748 festum
624 1708 881 1763 magnum
932 1694 1307 1753 celebrabant,
1354 1692 1556 1749 inultas
1607 1690 1783 1746 eidem

212 1788 424 1839 hostias
454 1785 824 1839 immolantes.
848 1785 985 1839 Cum
1016 1798 1146 1853 ergo
1177 1784 1520 1837 Alexandria:
1554 1781 1783 1849 patriar-

209 1877 310 1928 cha
344 1876 523 1927 factus
549 1884 698 1929 esset
726 1875 1056 1939 Alexander,
1096 1874 1284 1944 ibique
1314 1874 1615 1927 obtinuerit
1650 1874 1783 1927 ﬁdes

1674 486 2038 545 ANNAIES.

959 608 1097 659 dixit
1153 609 1297 661 enim
1362 605 1522 658 nobis
1579 603 1773 655 Petrus
1805 608 1846 659 Α
1879 614 2079 666 corpus
2103 587 2832 663 assumpsisse,’eteSpiritu
2876 593 3100 647 sancto;
3148 582 3457 651 factumque

3311 464 3451 526 1006

1884 700 1962 746 est
1993 689 2123 743 illud
2157 688 2407 742 Christus
2423 700 2584 740 unus.
2614 682 2864 739 Christus
2888 694 3018 747 ergo
3043 678 3180 731 duos
3210 690 3438 742 compre-

1897 780 2088 835 hendit
2118 778 2475 848 signiﬁcatus,
2501 775 2739 830 Verbum
2769 781 2824 826 et
2858 785 3080 838 corpus;
3116 784 3238 835 qua:
3278 776 3454 819 tatucn

1884 884 2113 941 utraque
2136 882 2319 926 creata
2338 879 2486 922 sunt.
2510 868 2648 921 Tum
2670 864 3011 935 respondens
3035 862 3108 913 illi
3128 860 3454 914 Alexander:

1886 964 1981 1017 Dic
2034 965 2161 1017 inihi
2231 962 2452 1031 (inquit)
2486 976 2644 1029 quem
2677 969 2838 1029 putas
2889 956 3062 1011 teneri
3119 969 3221 1008 nos
3273 953 3457 1022 potius

1887 1055 2086 1118 colere,
2116 1057 2339 1108 illumne
2386 1054 2480 1122 qui
2535 1067 2635 1105 nos
2684 1050 2914 1111 creavit,
2950 1065 3016 1099 an
3073 1047 3299 1116 quinos
3345 1061 3450 1097 non

1895 1146 2135 1209 creaviti?
2171 1144 2551 1214 RCSpOIidt'lllC
2582 1141 2737 1200 Ario,
2773 1142 2920 1191 illum
2949 1139 3039 1205 qui
3091 1154 3189 1191 nos
3221 1135 3462 1194 creavit;

1899 1238 2036 1290 dixit
2071 1237 2417 1290 Alexander:
2463 1233 2519 1288 Si
2553 1247 2684 1300 ergo
2733 1229 2940 1284 creavit
2997 1244 3101 1282 nos
3150 1228 3343 1289 Filius,
3383 1229 3459 1280 uti

1887 1330 2098 1391 dixisti,
2169 1330 2350 1396 sitque
2422 1329 2565 1380 idem
2629 1334 2875 1388 creatus,
2936 1330 3050 1374 tum
3112 1319 3307 1373 Filium
3368 1322 3459 1387 qui

1888 1430 2109 1475 creatus
2143 1430 2249 1484 est,
2285 1421 2461 1489 magis
2491 1418 2673 1472 colere
2702 1419 2973 1478 tenemur,
3023 1429 3188 1483 quam
3245 1411 3458 1466 Patrem

1890 1516 2235 1574 increatum;
2269 1514 2377 1563 imo
2413 1510 2631 1563 fulurus
2659 1515 2742 1560 est
2769 1508 2950 1562 cultus
2978 1505 3156 1559 Patris
3192 1506 3461 1559 creatoris

1888 1604 2198 1667 inﬁdelitas,
2228 1601 2407 1655 cultus
2445 1615 2569 1654 vero
2597 1598 2718 1651 Filii
2751 1600 2916 1652 creati
2975 1599 3141 1662 ﬁdes;
3176 1596 3324 1667 quod
3372 1597 3460 1651 ab-

1881 1691 2178 1748 wrdorum
2214 1689 2677 1743 absurdissimum
2714 1697 2818 1743 est.
2869 1685 3082 1741 Placuit
3122 1702 3252 1755 ergo
3284 1688 3458 1756 impe-

1887 1782 2078 1844 ratori,
2110 1792 2165 1835 et
2193 1784 2285 1848 qui
2315 1780 2542 1834 aderant
2571 1780 2809 1842 ceteris,
2834 1780 3126 1833 Alexandri
3159 1782 3455 1843 sententia,

1888 1874 2004 1925 Arii
2038 1883 2217 1927 autem
2246 1870 2488 1925 absurda
2529 1872 2645 1924 \‘isa
2670 1880 2773 1925 est.
2808 1872 2941 1925 Alia:
2989 1872 3154 1925 etiam
3195 1875 3458 1941 quaestio-

208 1966 535 2029 chriSIiana,
580 1966 749 2019 voluit
789 1966 879 2020 ille
906 1964 1179 2035 confringi
1231 1964 1433 2019 idolum
1461 1976 1513 2019 et
1538 1965 1649 2018 tolli
1701 1978 1785 2017 sa-
1821 1961 1861 2015 B
1892 1978 1987 2016 nes
2020 1963 2201 2015 multa:
2226 1962 2370 2016 inter
2403 1976 2495 2014 eos
2525 1962 2740 2031 agitatae
2766 1970 2914 2015 sunt.
2948 1961 3117 2015 Jussit
3145 1978 3279 2031 ergo
3307 1956 3454 2017 Con—

208 2056 441 2120 criﬁcia,
477 2071 715 2125 cumque
746 2056 1082 2110 obsisterent
1125 2057 1230 2125 ipsi
1280 2054 1657 2119 Alexandrini,
1696 2056 1785 2132 ille

210 2147 413 2199 astutia
444 2148 594 2214 ipsos
619 2162 912 2215 aggressus
938 2165 952 2201 :
999 2146 1204 2201 Idolum
1234 2147 1454 2217 (inquit)
1491 2147 1633 2199 istud
1653 2147 1784 2198 nulli

209 2237 437 2289 omnino
470 2240 544 2289 rei
580 2239 707 2291 utile
733 2246 850 2301 est;
877 2238 1021 2307 quod
1070 2240 1116 2291 si
1147 2238 1343 2291 festum
1378 2237 1509 2289 illud
1532 2236 1787 2288 Michaeli

209 2328 411 2393 angelo
452 2326 888 2388 celebraveritis,
942 2330 1101 2394 eique
1152 2326 1359 2381 hosﬁas
1413 2328 1546 2379 istas
1583 2326 1787 2378 consti-

210 2415 455 2474 tueritis,
493 2414 607 2481 ipse
639 2428 736 2482 pro
764 2414 917 2467 vobis
944 2417 1086 2482 apud
1126 2413 1295 2466 Deum
1348 2415 1647 2468 intercedet
1673 2430 1787 2467 ma-

207 2507 464 2574 jorisque
533 2505 682 2558 vobis
744 2508 869 2558 boni
929 2521 1116 2568 causa,
1166 2522 1327 2575 quam
1386 2507 1592 2560 idolum
1641 2507 1785 2561 istud

212 2600 435 2653 iuturus
468 2606 575 2651 est.
608 2598 995 2650 Annuentibus
1026 2612 1156 2665 ergo
1184 2598 1312 2661 illis,
1356 2612 1418 2649 ex
1469 2596 1612 2651 idolo
1652 2612 1783 2651 con-

210 2689 390 2742 fracto
420 2705 643 2743 crucem
674 2690 953 2754 confecit;
992 2690 1252 2758 templum
1305 2704 1459 2751 vero,
1509 2689 1787 2744 Michaelis

208 2780 501 2834 ecclesiam
535 2781 830 2848 appellavit
860 2780 1075 2847 (estque
1110 2780 1200 2833 illa
1240 2780 1469 2834 ecclesia
1511 2798 1631 2849 qua:
1671 2783 1787 2836 Ca:-

208 2886 366 2921 sarea
408 2878 601 2921 vorata
631 2878 744 2935 est;
783 2880 834 2923 et
868 2871 992 2939 igne
1039 2871 1199 2938 periit
1241 2886 1361 2923 cum
1408 2870 1785 2927 Occidentales

209 2961 597 3014 Alexandriam
656 2962 886 3027 ingressi
937 2978 1056 3014 eam
1090 2972 1429 3032 vastarunt);
1496 2980 1784 3016 consecra—

212 3064 374 3120 taque
409 3062 538 3103 sunt
587 3051 785 3106 festum
849 3062 901 3105 et
954 3053 1189 3107 victitnze
1252 3052 1498 3107 Michaeli
1558 3055 1784 3122 angelo;

212 3144 358 3195 unde
388 3152 442 3197 et
474 3144 655 3197 adhuc
690 3144 961 3212 Cophlitzn
1012 3144 1065 3196 in
1097 3143 1330 3214 Egypto
1358 3154 1413 3199 ct
1460 3146 1782 3198 Alexandria

212 3253 274 3288 eo
300 3236 388 3287 die
420 3235 619 3287 festum
648 3234 889 3287 Michaeli
912 3237 1104 3304 angelo
1132 3237 1430 3300 celebrant,
1459 3246 1511 3290 et
1534 3236 1781 3292 victimas

212 3326 655 3391 quamplurimas
687 3328 922 3379 credunt.

280 3416 453 3487 436
484 3417 618 3469 Cum
667 3432 796 3484 ergo
830 3416 1139 3470 Alexander
1190 3418 1501 3485 patriarcha
1552 3418 1785 3472 Alexan—

213 3508 427 3570 drinus,
462 3507 654 3559 Arium
692 3506 997 3560 l'lcclesiam
1026 3509 1229 3577 ingredi
1268 3510 1601 3575 prohiberet,
1626 3511 1784 3579 eique

213 3597 587 3650 malediceret.
630 3596 911 3665 profectus
965 3597 1055 3650 ille
1098 3598 1164 3649 ad
1219 3598 1638 3652 Constantinum
1680 3600 1781 3652 im-

213 3697 516 3755 peratorem
555 3704 710 3754 opem
753 3690 819 3740 ab
876 3688 994 3756 ipso
1041 3698 1233 3740 contra
1283 3689 1649 3743 Alexandrum
1691 3708 1783 3760 pa-

212 3778 507 3831 triarchaui
540 3779 711 3845 petiit.
762 3778 1002 3831 Comites
1027 3789 1207 3831 autem
1254 3796 1309 3833 se
1353 3782 1483 3835 Ario
1540 3786 1782 3850 praebue-

210 3880 336 3923 runt
386 3870 627 3937 episc0pi
671 3872 795 3933 duo,
820 3885 1051 3937 quorum
1073 3872 1450 3924 unusnomine
1486 3871 1782 3929 Eumenius

216 3960 234 4030 [
266 3960 343 4011 al.
380 3956 715 4029 Eusebius],
745 3959 1069 4013 Nicomedia:
1098 3961 1291 4028 epise.,
1334 3962 1468 4016 alter
1516 3963 1781 4021 Eusebius

211 4050 377 4102 Phila:
405 4049 715 4117 episeopus,
753 4064 909 4117 opem
940 4066 967 4102 a
1002 4050 1367 4103 Constantino
1402 4054 1775 4121 implorantes.

210 4140 433 4194 Dicente
484 4140 994 4193 AriozAlexauder
1051 4142 1362 4207 patriarcha
1440 4146 1640 4212 iniuria
1694 4164 1779 4202 lue

207 4231 413 4295 affecit,
448 4240 501 4283 et
552 4231 791 4285 Ecclesia
832 4233 1105 4285 immerito
1156 4235 1386 4302 expulit,
1446 4249 1497 4288 et
1542 4238 1779 4307 impeta-

209 4330 382 4373 torem
410 4332 632 4389 rogante
660 4332 717 4373 ut
744 4322 892 4373 illum
932 4333 1264 4386 accerseret,
1321 4341 1429 4393 quo
1456 4343 1639 4380 coram
1673 4331 1775 4381 iiii-

206 4419 460 4478 peratore
490 4426 614 4462 cum
666 4412 782 4479 ipso
830 4412 1157 4479 diSputaret.
1218 4416 1620 4471 Constantinus
1650 4436 1777 4487 ergo

205 4501 507 4568 imperator
534 4502 704 4553 misso
733 4502 1118 4557 AleXandriam
1154 4510 1344 4560 nuntio
1397 4510 1544 4560 illum
1593 4524 1775 4563 accer-

206 4592 355 4654 sivit,
429 4591 731 4659 Ariumque
793 4596 1086 4647 c0uvenire
1150 4595 1277 4650 feeit
1328 4612 1437 4666 quo
1488 4614 1608 4651 cum
1662 4602 1777 4668 ipso

204 4684 631 4751 disputationem
669 4684 915 4738 haberet.
965 4680 1140 4740 Iussit
1179 4690 1344 4757 igitur
1388 4692 1777 4746 Constantinus
1810 4661 1855 4718 υ

203 4773 396 4824 Arium
419 4772 740 4821 sententiam
763 4788 917 4825 suam
942 4776 1232 4841 explicare.
1252 4774 1388 4827 Tum
1410 4777 1571 4828 Arius
1594 4800 1604 4831 :
1630 4780 1781 4839 Dico,

204 4863 404 4931 inquit,
430 4862 645 4915 Patrem
690 4862 862 4917 fuisse
886 4880 1009 4918 cum
1047 4881 1150 4919 non
1177 4874 1322 4920 esset
1346 4864 1550 4929 Filius;
1583 4867 1781 4923 deinde

206 4957 385 5022 ipsum
417 4956 482 5008 de
512 4970 651 5008 novo
686 4955 1005 5021 produxisse
1037 4955 1231 5009 Filium
1269 4957 1359 5025 qui
1397 4956 1495 5009 fuit
1544 4958 1616 5009 illi
1648 4957 1788 5011 Ver-t

204 5048 357 5104 bum.
385 5046 491 5099 nisi
518 5048 660 5114 quod
691 5048 756 5102 de
783 5063 922 5101 novo
949 5048 1248 5115 productus
1274 5060 1327 5102 et
1356 5061 1572 5104 creatus
1596 5051 1783 5105 fuerit.

208 5136 419 5190 Deinde
454 5138 675 5191 tradidit
713 5139 874 5192 Pater
901 5139 1061 5203 Filio,
1098 5141 1191 5207 qui
1226 5139 1461 5196 Verbum
1492 5142 1662 5211 ipsius
1687 5160 1783 5210 ap-

204 5219 463 5283 pellatur,
488 5218 797 5286 imperiutu,
826 5220 1035 5291 fuitque
1059 5225 1147 5277 illc
1182 5228 1441 5280 cwloruni
1461 5241 1514 5283 et
1533 5244 1703 5293 terra),
1722 5244 1776 5286 et

202 5309 450 5359 omnium
471 5308 748 5376 quaeinter
768 5322 976 5365 easunt
1026 5317 1294 5379 conditor,
1324 5319 1467 5371 sicut
1519 5320 1771 5375 inEvan-

202 5401 348 5467 geho
391 5410 583 5452 sancto
627 5410 878 5469 testatur,
910 5405 1133 5461 dicens:
1163 5408 1298 5461 Data
1330 5423 1405 5462 est
1432 5413 1557 5465 mihi
1603 5419 1770 5469 omnis

196 5499 433 5553 potestas
456 5491 507 5540 in
527 5494 680 5543 caelos
702 5504 746 5543 et
774 5495 829 5545 in
864 5505 1059 5546 terram
1084 5497 1136 5549 ':
1162 5497 1258 5551 fuit
1282 5516 1408 5570 ergo
1455 5503 1543 5556 ille
1585 5520 1769 5558 eorum

205 5580 465 5632 Conditor
499 5596 561 5633 ea
588 5598 709 5648 qua:
740 5583 840 5652 ipsi
884 5587 1007 5639 data
1038 5588 1113 5641 esl
1148 5587 1519 5664 [potestate]
1571 5596 1772 5650 Deinde

194 5669 563 5742 537-539
587 5670 821 5728 Verbum
889 5678 1016 5733 illud
1049 5691 1232 5751 postea
1262 5699 1325 5738 ex
1355 5686 1520 5740 Maria
1562 5690 1770 5759 virgine

264 5877 283 5905 '
337 5875 526 5931 Matth.
558 5893 749 5943 xxvnt,
781 5880 864 5937 18.

1887 2054 2166 2108 stantinus
2196 2053 2565 2106 Alexandrum
2598 2055 2960 2121 patriarcham
3007 2054 3141 2107 Ario
3171 2056 3452 2110 omnibus-

1886 2160 1993 2211 que
2031 2131 2123 2211 qui
2158 2144 2404 2197 eamdem
2442 2145 2903 2213 amplecterentur
2930 2146 3259 2199 sententiam
3294 2149 3459 2201 male-

1889 2236 2091 2285 dicere.
2133 2234 2279 2287 Dixit
2307 2242 2489 2287 autem
2522 2236 2829 2289 Alexander
2874 2216 3241 2289 Constantino
3288 2238 3463 2306 impc-

1890 2324 2057 2376 ralori
2088 2342 2100 2375 :
2144 2324 2295 2377 llaud
2329 2326 2438 2390 ita;
2472 2324 2600 2393 quin
2634 2326 2815 2393 potius
2841 2325 3065 2378 mittens
3102 2342 3193 2379 rex
3238 2329 3463 2395 patriar-

1887 2418 2019 2469 chas
2038 2428 2091 2469 et
2113 2418 2395 2486 episc0pos
2420 2427 2684 2478 accersat,
2715 2426 2771 2469 ut
2798 2419 2869 2472 sit
2902 2418 3054 2471 nobis
3077 2420 3389 2484 concilium,
3407 2420 3459 2473 in

1888 2522 1995 2575 quo
2016 2523 2126 2559 rem
2151 2508 2493 2573 deﬁnianius,
2518 2510 2755 2578 Arioque
2777 2510 3189 2576 inalediratnus,
3209 2522 3259 2565 et
3282 2529 3461 2567 veram

1890 2596 2048 2651 ﬁdem
2126 2612 2482 2666 exponamus,
2526 2600 2889 2666 omnibusque
2943 2610 3122 2653 notam
3172 2599 3462 2657 faciamus.

1959 2688 2178 2743 Mittens
2208 2703 2337 2759 ergo
2365 2688 2761 2743 Constantinus
2803 2706 2894 2743 rex
2927 2690 2983 2742 in
3033 2707 3223 2747 omnes
3259 2694 3461 2762 passim

1890 2784 2160 2852 regiones,
2184 2782 2524 2851 patriarchas
2550 2791 2602 2833 et
2630 2780 3094 2853 episeoposm
3120 2790 3460 2847 convocavit,

1889 2877 2024 2929 adeo
2060 2886 2117 2929 ut
2139 2885 2262 2943 post
2288 2889 2489 2927 annum
2518 2884 2573 2927 et
2604 2873 2743 2927 duos
2806 2888 3021 2929 menses
3051 2874 3228 2929 Nicea:
3262 2892 3464 2931 conve-

1890 2967 2070 3020 nirent
2136 2967 2219 3020 bis
2280 2966 2431 3018 inille
2464 2964 2821 3034 quadraginta
2856 2974 2981 3017 octo
3016 2967 3279 3035 episcopi,
3338 2982 3465 3022 sen-

1892 3058 2081 3111 tentiis
2112 3066 2168 3111 et
2204 3056 2564 3124 religionibus
2611 3056 2757 3109 inter
2795 3071 2853 3109 se
2878 3057 3271 3125 discrepantes.
3296 3058 3464 3112 Erant

1890 3163 1954 3199 ex
1983 3148 2089 3201 illis
2122 3148 2214 3217 qui
2251 3150 2582 3201 allirtnarent
2611 3146 2891 3201 Christum
2948 3156 3002 3200 et
3033 3148 3255 3203 Matrem
3291 3151 3463 3219 ipsius

1889 3240 2026 3292 duos
2054 3253 2179 3294 esse
2231 3240 2365 3293 deos
2400 3249 2597 3306 praeter
2646 3236 2812 3292 Deum
2847 3237 3163 3309 [summum
3192 3241 3245 3314 :]
3304 3255 3461 3299 erant

1815 3324 1856 3378 (Σ
1897 3332 1947 3382 hi
1992 3330 2237 3393 Barbari,
2271 3340 2324 3383 et
2353 3328 2655 3383 Marianitae
2711 3330 3025 3386 audierunt.
3064 3332 3231 3387 Erant
3262 3338 3354 3403 qui
3380 3336 3459 3391 di-

1890 3433 2073 3476 eerent
2107 3423 2385 3476 Christum
2423 3437 2451 3474 a
2488 3423 2645 3476 Patre
2682 3437 2823 3487 esse,
2858 3425 3027 3478 instar
3061 3423 3290 3482 ﬂamina:
3320 3431 3458 3497 ignis

1889 3528 2009 3581 quae
2037 3514 2103 3567 ab
2128 3513 2249 3582 igne
2285 3511 2599 3567 ﬂammante
2645 3514 2994 3583 dependeret,
3061 3533 3161 3572 nec
3223 3520 3456 3587 priorem

1887 3606 2199 3661 diminuere
2229 3606 2549 3673 posterioris
2591 3607 2658 3660 ab
2712 3608 2829 3676 ipso
2859 3610 3271 3665 derivationem.
3301 3615 3455 3668 Erat-

1886 3714 1991 3765 que
2024 3698 2139 3750 hinc
2166 3698 2385 3751 Sabellii
2441 3707 2494 3753 et
2545 3702 2879 3755 asseclaruin
2938 3703 3111 3771 ipsius
3162 3710 3454 3763 sententia.

1885 3787 2227 3842 Asserebant
2278 3791 2370 3842 alii
2409 3787 2685 3859 Virginem
2745 3791 2968 3847 Mariam
3035 3797 3453 3870 haudquaquam

1885 3878 2061 3947 ipsum
2106 3896 2296 3934 novem
2330 3882 2611 3937 mensibus
2664 3884 2714 3937 in
2777 3896 2933 3941 utero
2972 3898 3235 3958 gestasse,
3267 3907 3451 3947 verum

1885 3969 2060 4038 ipsum
2092 3985 2187 4038 per
2226 3980 2436 4025 uterum
2465 3974 2644 4042 ipsius
2691 3976 2861 4031 instar
2894 3993 3047 4048 aquae
3082 3997 3178 4051 per
3208 3986 3451 4039 canalem

1883 4060 2203 4124 transiissc;
2238 4059 2473 4115 Verbum
2512 4063 2778 4131 siquidem
2809 4082 2903 4136 per
2938 4084 3126 4125 aurem
3178 4072 3349 4141 ipsius
3376 4075 3453 4128 iu-

1881 4165 2127 4218 gressuin
2152 4151 2221 4204 ibi
2250 4153 2431 4205 statim
2476 4155 2680 4209 cxiisse
2708 4159 2795 4211 ubi
2832 4160 3015 4228 egredi
3047 4163 3185 4216 solet
3223 4164 3401 4219 infans
3438 4184 3453 4221 :

1882 4251 2001 4303 quae
2035 4240 2313 4293 sententia
2356 4240 2529 4296 Eliani
2565 4255 2617 4297 et
2660 4248 2971 4316 sequacium
3000 4250 3170 4321 ipsius
3200 4252 3323 4308 fuit.
3352 4256 3455 4309 Alii

1883 4331 2158 4385 Christum
2208 4333 2484 4390 hominem
2553 4338 2725 4393 fuisse
2781 4355 2811 4394 a
2865 4343 3149 4400 divinitate
3184 4360 3451 4413 creatum,

1880 4420 2121 4488 ejusdem
2167 4438 2289 4476 cum
2327 4436 2577 4481 nostrum
2629 4431 2812 4498 aliquo
2856 4434 3200 4500 substantiae,
3252 4438 3455 4508 ﬁliique

1883 4512 2206 4582 principium
2247 4533 2273 4567 a
2308 4516 2475 4570 Maria
2516 4519 2712 4585 fuisse,
2755 4522 3043 4595 ipsumque
3073 4528 3306 4583 electum
3358 4536 3449 4603 qui

1882 4604 2202 4657 substantiae
2262 4606 2516 4664 humana:
2588 4612 2849 4668 liberator
2916 4626 3083 4681 esset,
3158 4624 3455 4679 comitante

1883 4696 2055 4764 ipsum
2088 4698 2259 4767 gratia
2305 4700 2514 4766 divina,
2547 4714 2599 4755 et
2642 4704 2695 4756 in
2730 4707 2845 4774 ipso
2891 4724 2986 4776 per
3012 4725 3253 4766 amorem
3285 4726 3335 4768 et
3363 4732 3455 4769 vo-

1882 4789 2141 4841 luntatem
2174 4788 2477 4853 habitante,
2518 4793 2750 4863 ideoque
2800 4803 3126 4866 appellatum
3164 4806 3333 4860 fuisse
3365 4807 3423 4862 Fi

1887 4877 2016 4930 lium
2050 4878 2162 4931 Dei.
2204 4878 2455 4935 Dicentes
2494 4884 2655 4937 etiam
2692 4886 2857 4939 Deum
2900 4892 3261 4948 substantiam
3289 4907 3449 4952 uitam

1883 4983 2004 5022 esse
2025 5009 2038 5033 ,
2063 4978 2114 5022 et
2149 4985 2435 5038 personam
2462 4991 2647 5041 unam,
2675 4992 2792 5045 qua:
2816 4983 2989 5035 trihns
3008 4988 3322 5043 nominibus
3353 5006 3448 5059 ap-

1881 5058 2132 5125 pellatur,
2168 5077 2270 5116 nec
2301 5062 2353 5115 ltl
2386 5064 2643 5129 Verbum,
2674 5085 2770 5122 uec
2810 5070 2860 5121 in
2896 5072 3158 5138 Spiritum
3193 5058 3443 5134 sant-tuin

1880 5151 2161 5205 credentes
2186 5171 2197 5205 :
2222 5153 2712 5230 (aratur-443
2733 5162 2839 5215 hcce
2872 5168 3143 5220 sententia
3167 5168 3317 5224 Pauli
3348 5174 3449 5227 Sa-

1878 5244 2139 5296 inosateni
2162 5247 2483 5311 patriarcha:
2504 5250 2849 5317 Autioclieni,
2867 5258 3093 5325 ejusque
3115 5271 3443 5318 sectatorum

1880 5335 1967 5402 qui
2004 5333 2307 5391 Pauliciani
2344 5342 2595 5395 audiunt.
2653 5342 2822 5398 Erant
2865 5358 2920 5401 et
2960 5350 3051 5415 qui
3115 5365 3443 5422 asserercnt,

1883 5433 1995 5479 tres
2025 5443 2146 5482 esse
2188 5429 2336 5491 deos.
2374 5434 2462 5499 qui
2494 5449 2597 5485 non
2633 5436 2790 5489 aliter
2829 5453 2889 5491 se
2920 5442 3151 5496 habeant
3182 5460 3349 5513 quam
3386 5460 3444 5502 ut

1877 5517 2072 5581 bonus,
2109 5530 2159 5572 et
2194 5524 2392 5584 malus,
2440 5534 2492 5577 et
2520 5527 2608 5593 qui
2646 5530 2807 5581 medii
2839 5531 2909 5583 sit
2934 5533 3073 5586 inter
3110 5550 3207 5590 eos
3234 5548 3441 5608 tempe-

1880 5614 2151 5673 ramenti;
2207 5630 2329 5682 qua!
2381 5615 2675 5672 lilaicionis
2726 5621 2997 5675 maledicti
3054 5634 3108 5678 et
3164 5630 3438 5684 sociorum

1882 5700 2051 5768 ipsius
2120 5707 2387 5757 senta-otia
2449 5708 2666 5775 :quict
2724 5709 3059 5767 aﬁirtnaruut
3115 5714 3438 5773 Marcionein
