  <div class='ocr_page' id='page_1' title='image "/cluster/home/n/w/nwhite01/storage/ocr_20150623/111/nnc1.0046979743/509.png"; bbox 0 0 4200 6432; ppageno 0'>
   <div class='ocr_carea' id='block_1_1' title="bbox 729 387 3967 479">
    <p class='ocr_par' dir='ltr' id='par_1_1' title="bbox 729 387 3967 479">
     <span class='ocr_line' id='line_1_1' title="bbox 729 387 3967 479; baseline 0.005 -35"><span class='ocrx_word' id='word_1_1' title='bbox 729 395 863 457; x_wconf 80' lang='lat' dir='ltr'><strong>mm</strong></span> <span class='ocrx_word' id='word_1_2' title='bbox 1732 388 2104 449; x_wconf 79' lang='lat' dir='ltr'><strong>EUTYCHII</strong></span> <span class='ocrx_word' id='word_1_3' title='bbox 2130 387 2630 451; x_wconf 68' lang='lat' dir='ltr'><strong>ALEXANDRIN</strong></span> <span class='ocrx_word' id='word_1_4' title='bbox 2643 392 2662 448; x_wconf 90' lang='lat' dir='ltr'><strong>l</strong></span> <span class='ocrx_word' id='word_1_5' title='bbox 2705 392 2921 455; x_wconf 77' lang='lat' dir='ltr'><strong>PATR.</strong></span> <span class='ocrx_word' id='word_1_6' title='bbox 3829 412 3967 479; x_wconf 71' lang='lat'><strong>1003</strong></span> 
     </span>
    </p>
   </div>
   <div class='ocr_carea' id='block_1_2' title="bbox 725 498 3976 593">
    <p class='ocr_par' dir='ltr' id='par_1_2' title="bbox 725 498 3976 593">
     <span class='ocr_line' id='line_1_2' title="bbox 725 498 3976 593; baseline 0.006 -36"><span class='ocrx_word' id='word_1_7' title='bbox 725 501 1026 573; x_wconf 82' lang='lat' dir='ltr'><strong>principem</strong></span> <span class='ocrx_word' id='word_1_8' title='bbox 1072 503 1443 573; x_wconf 71' lang='lat' dir='ltr'><strong>apostolorum</strong></span> <span class='ocrx_word' id='word_1_9' title='bbox 1482 515 1620 561; x_wconf 88' lang='lat' dir='ltr'><strong>esse,</strong></span> <span class='ocrx_word' id='word_1_10' title='bbox 1676 501 1838 553; x_wconf 87' lang='lat' dir='ltr'><strong>Petro</strong></span> <span class='ocrx_word' id='word_1_11' title='bbox 1872 501 2124 569; x_wconf 74' lang='lat' dir='ltr'><strong>apostolo</strong></span> <span class='ocrx_word' id='word_1_12' title='bbox 2156 501 2295 568; x_wconf 74' lang='lat' dir='ltr'><strong>reje-</strong></span> <span class='ocrx_word' id='word_1_13' title='bbox 2327 510 2368 562; x_wconf 74' lang='grc' dir='ltr'><strong>Α</strong></span> <span class='ocrx_word' id='word_1_14' title='bbox 2401 498 2728 566; x_wconf 87' lang='lat' dir='ltr'><strong>Sabbatum,</strong></span> <span class='ocrx_word' id='word_1_15' title='bbox 2751 503 2939 558; x_wconf 68' lang='lat' dir='ltr'><strong>Cihaci</strong></span> <span class='ocrx_word' id='word_1_16' title='bbox 3000 504 3195 560; x_wconf 88' lang='lat' dir='ltr'><strong>feriam</strong></span> <span class='ocrx_word' id='word_1_17' title='bbox 3234 511 3471 566; x_wconf 86' lang='lat' dir='ltr'><strong>tertiam.</strong></span> <span class='ocrx_word' id='word_1_18' title='bbox 3497 511 3670 573; x_wconf 87' lang='lat' dir='ltr'><strong>Natus</strong></span> <span class='ocrx_word' id='word_1_19' title='bbox 3702 529 3784 574; x_wconf 82' lang='lat' dir='ltr'><strong>est</strong></span> <span class='ocrx_word' id='word_1_20' title='bbox 3843 533 3976 593; x_wconf 84' lang='lat' dir='ltr'><strong>ergo</strong></span> 
     </span>
    </p>
   </div>
   <div class='ocr_carea' id='block_1_3' title="bbox 722 589 3973 683">
    <p class='ocr_par' dir='ltr' id='par_1_3' title="bbox 722 589 3973 683">
     <span class='ocr_line' id='line_1_3' title="bbox 722 589 3973 683; baseline 0.004 -33"><span class='ocrx_word' id='word_1_21' title='bbox 722 604 832 651; x_wconf 92' lang='lat' dir='ltr'><strong>eto.</strong></span> <span class='ocrx_word' id='word_1_22' title='bbox 864 595 966 649; x_wconf 84' lang='lat' dir='ltr'><strong>Alii</strong></span> <span class='ocrx_word' id='word_1_23' title='bbox 994 591 1278 667; x_wconf 86' lang='lat' dir='ltr'><strong>[denique]</strong></span> <span class='ocrx_word' id='word_1_24' title='bbox 1298 599 1655 648; x_wconf 84' lang='lat' dir='ltr'><strong>asseruerunt</strong></span> <span class='ocrx_word' id='word_1_25' title='bbox 1681 590 2024 645; x_wconf 80' lang='lat' dir='ltr'><strong>divinitatem</strong></span> <span class='ocrx_word' id='word_1_26' title='bbox 2051 589 2291 655; x_wconf 75' lang='lat' dir='ltr'><strong>Christi;</strong></span> <span class='ocrx_word' id='word_1_27' title='bbox 2399 591 2661 647; x_wconf 82' lang='lat' dir='ltr'><strong>Dominus</strong></span> <span class='ocrx_word' id='word_1_28' title='bbox 2688 606 2876 649; x_wconf 87' lang='lat' dir='ltr'><strong>noster</strong></span> <span class='ocrx_word' id='word_1_29' title='bbox 2930 596 3090 678; x_wconf 75' lang='lat' dir='ltr'><strong>Jesus</strong></span> <span class='ocrx_word' id='word_1_30' title='bbox 3149 599 3408 661; x_wconf 84' lang='lat' dir='ltr'><strong>Christus</strong></span> <span class='ocrx_word' id='word_1_31' title='bbox 3460 608 3727 665; x_wconf 80' lang='lat' dir='ltr'><strong>vicesimo</strong></span> <span class='ocrx_word' id='word_1_32' title='bbox 3776 589 3973 683; x_wconf 72' lang='lat' dir='ltr'><strong>quinio</strong></span> 
     </span>
    </p>
   </div>
   <div class='ocr_carea' id='block_1_4' title="bbox 722 681 3974 777">
    <p class='ocr_par' dir='ltr' id='par_1_4' title="bbox 722 681 3974 777">
     <span class='ocr_line' id='line_1_4' title="bbox 722 681 3974 777; baseline 0.005 -35"><span class='ocrx_word' id='word_1_33' title='bbox 722 702 845 759; x_wconf 67' lang='lat' dir='ltr'><strong>qua:</strong></span> <span class='ocrx_word' id='word_1_34' title='bbox 873 686 1027 741; x_wconf 84' lang='lat' dir='ltr'><strong>Pauli</strong></span> <span class='ocrx_word' id='word_1_35' title='bbox 1061 686 1293 755; x_wconf 73' lang='lat' dir='ltr'><strong>apostoli</strong></span> <span class='ocrx_word' id='word_1_36' title='bbox 1324 683 1597 740; x_wconf 85' lang='lat' dir='ltr'><strong>sententia</strong></span> <span class='ocrx_word' id='word_1_37' title='bbox 1627 691 1732 744; x_wconf 90' lang='lat' dir='ltr'><strong>est,</strong></span> <span class='ocrx_word' id='word_1_38' title='bbox 1774 697 1874 735; x_wconf 89' lang='lat' dir='ltr'><strong>nec</strong></span> <span class='ocrx_word' id='word_1_39' title='bbox 1927 695 2035 735; x_wconf 90' lang='lat' dir='ltr'><strong>non</strong></span> <span class='ocrx_word' id='word_1_40' title='bbox 2081 681 2292 750; x_wconf 87' lang='lat' dir='ltr'><strong>episco—</strong></span> <span class='ocrx_word' id='word_1_41' title='bbox 2395 683 2483 738; x_wconf 90' lang='lat' dir='ltr'><strong>die</strong></span> <span class='ocrx_word' id='word_1_42' title='bbox 2513 685 2725 739; x_wconf 85' lang='lat' dir='ltr'><strong>Canuni</strong></span> <span class='ocrx_word' id='word_1_43' title='bbox 2764 690 2988 756; x_wconf 84' lang='lat' dir='ltr'><strong>prioris,</strong></span> <span class='ocrx_word' id='word_1_44' title='bbox 3038 692 3232 746; x_wconf 81' lang='lat' dir='ltr'><strong>Cibaci</strong></span> <span class='ocrx_word' id='word_1_45' title='bbox 3270 698 3532 753; x_wconf 81' lang='lat' dir='ltr'><strong>vicesimo</strong></span> <span class='ocrx_word' id='word_1_46' title='bbox 3556 715 3723 768; x_wconf 91' lang='lat' dir='ltr'><strong>nono,</strong></span> <span class='ocrx_word' id='word_1_47' title='bbox 3755 681 3974 777; x_wconf 82' lang='lat' dir='ltr'><strong>fuitque</strong></span> 
     </span>
    </p>
   </div>
   <div class='ocr_carea' id='block_1_5' title="bbox 722 774 1739 849">
    <p class='ocr_par' dir='ltr' id='par_1_5' title="bbox 722 774 1739 849">
     <span class='ocr_line' id='line_1_5' title="bbox 722 774 1739 849; baseline -0.004 -16"><span class='ocrx_word' id='word_1_48' title='bbox 722 794 912 849; x_wconf 89' lang='lat' dir='ltr'><strong>porum</strong></span> <span class='ocrx_word' id='word_1_49' title='bbox 935 788 1305 833; x_wconf 87' lang='lat' dir='ltr'><strong>trecentorum</strong></span> <span class='ocrx_word' id='word_1_50' title='bbox 1333 785 1388 830; x_wconf 88' lang='lat' dir='ltr'><strong>et</strong></span> <span class='ocrx_word' id='word_1_51' title='bbox 1415 774 1739 829; x_wconf 82' lang='lat' dir='ltr'><strong>octodecim.</strong></span> 
     </span>
    </p>
   </div>
   <div class='ocr_carea' id='block_1_6' title="bbox 792 865 2290 940">
    <p class='ocr_par' dir='ltr' id='par_1_6' title="bbox 792 865 2290 940">
     <span class='ocr_line' id='line_1_6' title="bbox 792 865 2290 940; baseline -0.004 -15"><span class='ocrx_word' id='word_1_52' title='bbox 792 871 1016 925; x_wconf 82' lang='lat' dir='ltr'><strong>Auditis</strong></span> <span class='ocrx_word' id='word_1_53' title='bbox 1050 871 1290 940; x_wconf 89' lang='lat' dir='ltr'><strong>ipsorum</strong></span> <span class='ocrx_word' id='word_1_54' title='bbox 1326 868 1615 922; x_wconf 85' lang='lat' dir='ltr'><strong>sententiis</strong></span> <span class='ocrx_word' id='word_1_55' title='bbox 1646 867 1875 921; x_wconf 83' lang='lat' dir='ltr'><strong>miratus</strong></span> <span class='ocrx_word' id='word_1_56' title='bbox 1906 873 1991 922; x_wconf 92' lang='lat' dir='ltr'><strong>est</strong></span> <span class='ocrx_word' id='word_1_57' title='bbox 2018 865 2290 920; x_wconf 85' lang='lat' dir='ltr'><strong>Constan-</strong></span> 
     </span>
    </p>
   </div>
   <div class='ocr_carea' id='block_1_7' title="bbox 722 958 2288 1030">
    <p class='ocr_par' dir='ltr' id='par_1_7' title="bbox 722 958 2288 1030">
     <span class='ocr_line' id='line_1_7' title="bbox 722 958 2288 1030; baseline -0.006 -14"><span class='ocrx_word' id='word_1_58' title='bbox 722 966 868 1016; x_wconf 88' lang='lat' dir='ltr'><strong>tinus</strong></span> <span class='ocrx_word' id='word_1_59' title='bbox 900 975 993 1015; x_wconf 80' lang='lat' dir='ltr'><strong>rex</strong></span> <span class='ocrx_word' id='word_1_60' title='bbox 1028 961 1172 1014; x_wconf 91' lang='lat' dir='ltr'><strong>hanc</strong></span> <span class='ocrx_word' id='word_1_61' title='bbox 1194 958 1647 1030; x_wconf 84' lang='lat' dir='ltr'><strong>discrepantiam,</strong></span> <span class='ocrx_word' id='word_1_62' title='bbox 1673 960 1944 1028; x_wconf 88' lang='lat' dir='ltr'><strong>domoque</strong></span> <span class='ocrx_word' id='word_1_63' title='bbox 1972 959 2104 1028; x_wconf 89' lang='lat' dir='ltr'><strong>ipsis</strong></span> <span class='ocrx_word' id='word_1_64' title='bbox 2131 973 2288 1028; x_wconf 82' lang='lat' dir='ltr'><strong>sepo-</strong></span> 
     </span>
    </p>
   </div>
   <div class='ocr_carea' id='block_1_8' title="bbox 664 1051 2287 1122">
    <p class='ocr_par' dir='ltr' id='par_1_8' title="bbox 664 1051 2287 1122">
     <span class='ocr_line' id='line_1_8' title="bbox 664 1051 2287 1122; baseline -0.001 -16"><span class='ocrx_word' id='word_1_65' title='bbox 664 1062 667 1063; x_wconf 71' lang='lat'><strong><em>&#39;</em></strong></span> <span class='ocrx_word' id='word_1_66' title='bbox 721 1055 826 1107; x_wconf 83' lang='lat' dir='ltr'><strong>sita</strong></span> <span class='ocrx_word' id='word_1_67' title='bbox 870 1053 923 1107; x_wconf 92' lang='lat' dir='ltr'><strong>in</strong></span> <span class='ocrx_word' id='word_1_68' title='bbox 953 1067 1059 1122; x_wconf 85' lang='lat' dir='ltr'><strong>qua</strong></span> <span class='ocrx_word' id='word_1_69' title='bbox 1099 1053 1215 1106; x_wconf 88' lang='lat' dir='ltr'><strong>loca</strong></span> <span class='ocrx_word' id='word_1_70' title='bbox 1256 1052 1390 1122; x_wconf 88' lang='lat' dir='ltr'><strong>ipsis</strong></span> <span class='ocrx_word' id='word_1_71' title='bbox 1429 1054 1659 1121; x_wconf 83' lang='lat' dir='ltr'><strong>paravit,</strong></span> <span class='ocrx_word' id='word_1_72' title='bbox 1699 1051 2097 1121; x_wconf 83' lang='lat' dir='ltr'><strong>disputationes</strong></span> <span class='ocrx_word' id='word_1_73' title='bbox 2144 1053 2287 1119; x_wconf 86' lang='lat' dir='ltr'><strong>ipsos</strong></span> 
     </span>
    </p>
   </div>
   <div class='ocr_carea' id='block_1_9' title="bbox 717 1130 2287 1214">
    <p class='ocr_par' dir='ltr' id='par_1_9' title="bbox 717 1130 2287 1214">
     <span class='ocr_line' id='line_1_9' title="bbox 717 1130 2287 1214; baseline -0.002 -17"><span class='ocrx_word' id='word_1_74' title='bbox 717 1146 915 1199; x_wconf 83' lang='lat' dir='ltr'><strong>habere</strong></span> <span class='ocrx_word' id='word_1_75' title='bbox 942 1130 1130 1212; x_wconf 73' lang='lat' dir='ltr'><strong>juSsit,</strong></span> <span class='ocrx_word' id='word_1_76' title='bbox 1162 1154 1220 1197; x_wconf 92' lang='lat' dir='ltr'><strong>ttt</strong></span> <span class='ocrx_word' id='word_1_77' title='bbox 1252 1153 1545 1214; x_wconf 88' lang='lat' dir='ltr'><strong>perspecto</strong></span> <span class='ocrx_word' id='word_1_78' title='bbox 1591 1145 1731 1212; x_wconf 86' lang='lat' dir='ltr'><strong>apud</strong></span> <span class='ocrx_word' id='word_1_79' title='bbox 1776 1157 1935 1212; x_wconf 88' lang='lat' dir='ltr'><strong>quem</strong></span> <span class='ocrx_word' id='word_1_80' title='bbox 1963 1158 2092 1197; x_wconf 76' lang='lat' dir='ltr'><strong>vera</strong></span> <span class='ocrx_word' id='word_1_81' title='bbox 2142 1150 2287 1197; x_wconf 80' lang='lat' dir='ltr'><strong>esset</strong></span> 
     </span>
    </p>
   </div>
   <div class='ocr_carea' id='block_1_10' title="bbox 718 1236 2287 1306">
    <p class='ocr_par' dir='ltr' id='par_1_10' title="bbox 718 1236 2287 1306">
     <span class='ocr_line' id='line_1_10' title="bbox 718 1236 2287 1306; baseline -0.004 -15"><span class='ocrx_word' id='word_1_82' title='bbox 718 1238 872 1301; x_wconf 87' lang='lat' dir='ltr'><strong>fides,</strong></span> <span class='ocrx_word' id='word_1_83' title='bbox 915 1239 1094 1306; x_wconf 89' lang='lat' dir='ltr'><strong>ipsum</strong></span> <span class='ocrx_word' id='word_1_84' title='bbox 1146 1245 1491 1305; x_wconf 80' lang='lat' dir='ltr'><strong>sequeretur.</strong></span> <span class='ocrx_word' id='word_1_85' title='bbox 1553 1236 1631 1288; x_wconf 92' lang='lat' dir='ltr'><strong>Illi</strong></span> <span class='ocrx_word' id='word_1_86' title='bbox 1688 1249 1820 1304; x_wconf 84' lang='lat' dir='ltr'><strong>ergo</strong></span> <span class='ocrx_word' id='word_1_87' title='bbox 1857 1242 2161 1288; x_wconf 84' lang='lat' dir='ltr'><strong>tercentum</strong></span> <span class='ocrx_word' id='word_1_88' title='bbox 2232 1242 2287 1287; x_wconf 91' lang='lat' dir='ltr'><strong>et</strong></span> 
     </span>
    </p>
   </div>
   <div class='ocr_carea' id='block_1_11' title="bbox 713 1327 2283 1398">
    <p class='ocr_par' dir='ltr' id='par_1_11' title="bbox 713 1327 2283 1398">
     <span class='ocr_line' id='line_1_11' title="bbox 713 1327 2283 1398; baseline -0.003 -16"><span class='ocrx_word' id='word_1_89' title='bbox 713 1330 1018 1385; x_wconf 84' lang='lat' dir='ltr'><strong>octodecim</strong></span> <span class='ocrx_word' id='word_1_90' title='bbox 1057 1331 1110 1380; x_wconf 91' lang='lat' dir='ltr'><strong>in</strong></span> <span class='ocrx_word' id='word_1_91' title='bbox 1171 1343 1335 1382; x_wconf 90' lang='lat' dir='ltr'><strong>unam</strong></span> <span class='ocrx_word' id='word_1_92' title='bbox 1384 1327 1566 1391; x_wconf 89' lang='lat' dir='ltr'><strong>tidem,</strong></span> <span class='ocrx_word' id='word_1_93' title='bbox 1631 1342 1908 1398; x_wconf 87' lang='lat' dir='ltr'><strong>unamque</strong></span> <span class='ocrx_word' id='word_1_94' title='bbox 1961 1329 2283 1383; x_wconf 88' lang='lat' dir='ltr'><strong>sententiam</strong></span> 
     </span>
    </p>
   </div>
   <div class='ocr_carea' id='block_1_12' title="bbox 711 1419 2283 1489">
    <p class='ocr_par' dir='ltr' id='par_1_12' title="bbox 711 1419 2283 1489">
     <span class='ocr_line' id='line_1_12' title="bbox 711 1419 2283 1489; baseline -0.002 -14"><span class='ocrx_word' id='word_1_95' title='bbox 711 1428 1109 1475; x_wconf 88' lang='lat' dir='ltr'><strong>consenserunt</strong></span> <span class='ocrx_word' id='word_1_96' title='bbox 1157 1419 1543 1488; x_wconf 81' lang='lat' dir='ltr'><strong>disputantes,</strong></span> <span class='ocrx_word' id='word_1_97' title='bbox 1600 1419 1709 1473; x_wconf 90' lang='lat' dir='ltr'><strong>illis</strong></span> <span class='ocrx_word' id='word_1_98' title='bbox 1757 1420 2097 1489; x_wconf 78' lang='lat' dir='ltr'><strong>argumentis</strong></span> <span class='ocrx_word' id='word_1_99' title='bbox 2169 1419 2283 1472; x_wconf 88' lang='lat' dir='ltr'><strong>suis</strong></span> 
     </span>
    </p>
   </div>
   <div class='ocr_carea' id='block_1_13' title="bbox 710 1510 2281 1582">
    <p class='ocr_par' dir='ltr' id='par_1_13' title="bbox 710 1510 2281 1582">
     <span class='ocr_line' id='line_1_13' title="bbox 710 1510 2281 1582; baseline -0.004 -16"><span class='ocrx_word' id='word_1_100' title='bbox 710 1514 1020 1582; x_wconf 83' lang='lat' dir='ltr'><strong>superiores</strong></span> <span class='ocrx_word' id='word_1_101' title='bbox 1076 1520 1398 1572; x_wconf 81' lang='lat' dir='ltr'><strong>evaserunt,</strong></span> <span class='ocrx_word' id='word_1_102' title='bbox 1458 1510 1731 1577; x_wconf 82' lang='lat' dir='ltr'><strong>fidemque</strong></span> <span class='ocrx_word' id='word_1_103' title='bbox 1781 1524 1966 1563; x_wconf 80' lang='lat' dir='ltr'><strong>veram</strong></span> <span class='ocrx_word' id='word_1_104' title='bbox 2030 1510 2281 1563; x_wconf 85' lang='lat' dir='ltr'><strong>declara-</strong></span> 
     </span>
    </p>
   </div>
   <div class='ocr_carea' id='block_1_14' title="bbox 710 1600 2282 1672">
    <p class='ocr_par' dir='ltr' id='par_1_14' title="bbox 710 1600 2282 1672">
     <span class='ocr_line' id='line_1_14' title="bbox 710 1600 2282 1672; baseline -0.004 -14"><span class='ocrx_word' id='word_1_105' title='bbox 710 1604 1092 1672; x_wconf 83' lang='lat' dir='ltr'><strong>runt;re|iqui</strong></span> <span class='ocrx_word' id='word_1_106' title='bbox 1121 1613 1301 1657; x_wconf 87' lang='lat' dir='ltr'><strong>autem</strong></span> <span class='ocrx_word' id='word_1_107' title='bbox 1342 1602 1582 1671; x_wconf 86' lang='lat' dir='ltr'><strong>episcopi</strong></span> <span class='ocrx_word' id='word_1_108' title='bbox 1627 1601 1922 1655; x_wconf 89' lang='lat' dir='ltr'><strong>sententiis</strong></span> <span class='ocrx_word' id='word_1_109' title='bbox 1969 1612 2023 1654; x_wconf 91' lang='lat' dir='ltr'><strong>et</strong></span> <span class='ocrx_word' id='word_1_110' title='bbox 2066 1600 2282 1669; x_wconf 80' lang='lat' dir='ltr'><strong>religio-</strong></span> 
     </span>
    </p>
   </div>
   <div class='ocr_carea' id='block_1_15' title="bbox 712 1692 2281 1764">
    <p class='ocr_par' dir='ltr' id='par_1_15' title="bbox 712 1692 2281 1764">
     <span class='ocr_line' id='line_1_15' title="bbox 712 1692 2281 1764; baseline -0.004 -10"><span class='ocrx_word' id='word_1_111' title='bbox 712 1703 873 1755; x_wconf 87' lang='lat' dir='ltr'><strong>nibus</strong></span> <span class='ocrx_word' id='word_1_112' title='bbox 901 1700 1043 1753; x_wconf 87' lang='lat' dir='ltr'><strong>inter</strong></span> <span class='ocrx_word' id='word_1_113' title='bbox 1079 1713 1138 1752; x_wconf 91' lang='lat' dir='ltr'><strong>se</strong></span> <span class='ocrx_word' id='word_1_114' title='bbox 1180 1696 1380 1751; x_wconf 79' lang='lat' dir='ltr'><strong>diversi</strong></span> <span class='ocrx_word' id='word_1_115' title='bbox 1413 1694 1655 1749; x_wconf 89' lang='lat' dir='ltr'><strong>fuerunt.</strong></span> <span class='ocrx_word' id='word_1_116' title='bbox 1695 1692 1807 1748; x_wconf 78' lang='lat' dir='ltr'><strong>Rex</strong></span> <span class='ocrx_word' id='word_1_117' title='bbox 1843 1709 1974 1764; x_wconf 89' lang='lat' dir='ltr'><strong>ergo</strong></span> <span class='ocrx_word' id='word_1_118' title='bbox 2021 1693 2281 1748; x_wconf 87' lang='lat' dir='ltr'><strong>trecentis</strong></span> 
     </span>
    </p>
   </div>
   <div class='ocr_carea' id='block_1_16' title="bbox 709 1784 2282 1858">
    <p class='ocr_par' dir='ltr' id='par_1_16' title="bbox 709 1784 2282 1858">
     <span class='ocr_line' id='line_1_16' title="bbox 709 1784 2282 1858; baseline -0.006 -12"><span class='ocrx_word' id='word_1_119' title='bbox 709 1802 761 1846; x_wconf 87' lang='lat' dir='ltr'><strong>et</strong></span> <span class='ocrx_word' id='word_1_120' title='bbox 791 1790 1097 1845; x_wconf 86' lang='lat' dir='ltr'><strong>octodecim</strong></span> <span class='ocrx_word' id='word_1_121' title='bbox 1148 1788 1421 1858; x_wconf 85' lang='lat' dir='ltr'><strong>episcopis</strong></span> <span class='ocrx_word' id='word_1_122' title='bbox 1461 1787 1583 1840; x_wconf 84' lang='lat' dir='ltr'><strong>istis</strong></span> <span class='ocrx_word' id='word_1_123' title='bbox 1616 1787 1733 1840; x_wconf 83' lang='lat' dir='ltr'><strong>loco</strong></span> <span class='ocrx_word' id='word_1_124' title='bbox 1772 1787 2008 1856; x_wconf 85' lang='lat' dir='ltr'><strong>quodam</strong></span> <span class='ocrx_word' id='word_1_125' title='bbox 2063 1784 2282 1853; x_wconf 88' lang='lat' dir='ltr'><strong>proprio</strong></span> 
     </span>
    </p>
   </div>
   <div class='ocr_carea' id='block_1_17' title="bbox 707 1877 2278 1952">
    <p class='ocr_par' dir='ltr' id='par_1_17' title="bbox 707 1877 2278 1952">
     <span class='ocr_line' id='line_1_17' title="bbox 707 1877 2278 1952; baseline -0.006 -17"><span class='ocrx_word' id='word_1_126' title='bbox 707 1893 758 1935; x_wconf 77' lang='lat' dir='ltr'><strong>et</strong></span> <span class='ocrx_word' id='word_1_127' title='bbox 801 1881 985 1952; x_wconf 83' lang='lat' dir='ltr'><strong>amplo</strong></span> <span class='ocrx_word' id='word_1_128' title='bbox 1016 1892 1207 1951; x_wconf 89' lang='lat' dir='ltr'><strong>parato</strong></span> <span class='ocrx_word' id='word_1_129' title='bbox 1260 1880 1378 1949; x_wconf 87' lang='lat' dir='ltr'><strong>ipse</strong></span> <span class='ocrx_word' id='word_1_130' title='bbox 1423 1880 1475 1932; x_wconf 93' lang='lat' dir='ltr'><strong>in</strong></span> <span class='ocrx_word' id='word_1_131' title='bbox 1527 1895 1716 1933; x_wconf 88' lang='lat' dir='ltr'><strong>eorum</strong></span> <span class='ocrx_word' id='word_1_132' title='bbox 1771 1879 1950 1932; x_wconf 91' lang='lat' dir='ltr'><strong>medio</strong></span> <span class='ocrx_word' id='word_1_133' title='bbox 2010 1877 2278 1939; x_wconf 86' lang='lat' dir='ltr'><strong>consedit,</strong></span> 
     </span>
    </p>
   </div>
   <div class='ocr_carea' id='block_1_18' title="bbox 708 1971 2278 2046">
    <p class='ocr_par' dir='ltr' id='par_1_18' title="bbox 708 1971 2278 2046">
     <span class='ocr_line' id='line_1_18' title="bbox 708 1971 2278 2046; baseline -0.007 -16"><span class='ocrx_word' id='word_1_134' title='bbox 708 1986 1044 2046; x_wconf 89' lang='lat' dir='ltr'><strong>acceptaque</strong></span> <span class='ocrx_word' id='word_1_135' title='bbox 1073 1972 1360 2036; x_wconf 86' lang='lat' dir='ltr'><strong>annulum,</strong></span> <span class='ocrx_word' id='word_1_136' title='bbox 1387 1971 1627 2040; x_wconf 77' lang='lat' dir='ltr'><strong>gladium</strong></span> <span class='ocrx_word' id='word_1_137' title='bbox 1687 1977 1741 2021; x_wconf 90' lang='lat' dir='ltr'><strong>et</strong></span> <span class='ocrx_word' id='word_1_138' title='bbox 1784 1977 2059 2037; x_wconf 77' lang='lat' dir='ltr'><strong>sceptrum</strong></span> <span class='ocrx_word' id='word_1_139' title='bbox 2119 1981 2278 2021; x_wconf 87' lang='lat' dir='ltr'><strong>suum</strong></span> 
     </span>
    </p>
   </div>
   <div class='ocr_carea' id='block_1_19' title="bbox 711 2058 2276 2135">
    <p class='ocr_par' dir='ltr' id='par_1_19' title="bbox 711 2058 2276 2135">
     <span class='ocr_line' id='line_1_19' title="bbox 711 2058 2276 2135; baseline -0.005 -18"><span class='ocrx_word' id='word_1_140' title='bbox 711 2067 843 2135; x_wconf 80' lang='lat' dir='ltr'><strong>ipsis</strong></span> <span class='ocrx_word' id='word_1_141' title='bbox 865 2065 1108 2126; x_wconf 78' lang='lat' dir='ltr'><strong>tradidit,</strong></span> <span class='ocrx_word' id='word_1_142' title='bbox 1129 2063 1318 2117; x_wconf 88' lang='lat' dir='ltr'><strong>dicens</strong></span> <span class='ocrx_word' id='word_1_143' title='bbox 1336 2061 1502 2131; x_wconf 86' lang='lat' dir='ltr'><strong>ipsis:</strong></span> <span class='ocrx_word' id='word_1_144' title='bbox 1530 2058 1695 2115; x_wconf 82' lang='lat' dir='ltr'><strong>Vobis</strong></span> <span class='ocrx_word' id='word_1_145' title='bbox 1722 2060 1881 2113; x_wconf 82' lang='lat' dir='ltr'><strong>hodie</strong></span> <span class='ocrx_word' id='word_1_146' title='bbox 1906 2060 1961 2113; x_wconf 93' lang='lat' dir='ltr'><strong>in</strong></span> <span class='ocrx_word' id='word_1_147' title='bbox 1991 2060 2276 2127; x_wconf 70' lang='lat' dir='ltr'><strong>imperium</strong></span> 
     </span>
    </p>
   </div>
   <div class='ocr_carea' id='block_1_20' title="bbox 712 2149 2280 2226">
    <p class='ocr_par' dir='ltr' id='par_1_20' title="bbox 712 2149 2280 2226">
     <span class='ocr_line' id='line_1_20' title="bbox 712 2149 2280 2226; baseline -0.004 -18"><span class='ocrx_word' id='word_1_148' title='bbox 712 2172 890 2212; x_wconf 75' lang='lat' dir='ltr'><strong>nicum</strong></span> <span class='ocrx_word' id='word_1_149' title='bbox 921 2163 1244 2226; x_wconf 88' lang='lat' dir='ltr'><strong>potestatem</strong></span> <span class='ocrx_word' id='word_1_150' title='bbox 1280 2155 1553 2215; x_wconf 88' lang='lat' dir='ltr'><strong>concessi,</strong></span> <span class='ocrx_word' id='word_1_151' title='bbox 1583 2162 1640 2207; x_wconf 93' lang='lat' dir='ltr'><strong>ut</strong></span> <span class='ocrx_word' id='word_1_152' title='bbox 1678 2154 1731 2206; x_wconf 91' lang='lat' dir='ltr'><strong>in</strong></span> <span class='ocrx_word' id='word_1_153' title='bbox 1760 2167 1826 2207; x_wconf 91' lang='lat' dir='ltr'><strong>eo</strong></span> <span class='ocrx_word' id='word_1_154' title='bbox 1870 2149 2036 2223; x_wconf 89' lang='grc'><strong>444</strong></span> <span class='ocrx_word' id='word_1_155' title='bbox 2069 2149 2280 2203; x_wconf 85' lang='lat' dir='ltr'><strong>faciatis</strong></span> 
     </span>
    </p>
   </div>
   <div class='ocr_carea' id='block_1_21' title="bbox 708 2241 2279 2319">
    <p class='ocr_par' dir='ltr' id='par_1_21' title="bbox 708 2241 2279 2319">
     <span class='ocr_line' id='line_1_21' title="bbox 708 2241 2279 2319; baseline -0.004 -20"><span class='ocrx_word' id='word_1_156' title='bbox 708 2248 973 2319; x_wconf 76' lang='lat' dir='ltr'><strong>quidquid</strong></span> <span class='ocrx_word' id='word_1_157' title='bbox 1010 2247 1189 2301; x_wconf 87' lang='lat' dir='ltr'><strong>facere</strong></span> <span class='ocrx_word' id='word_1_158' title='bbox 1222 2246 1379 2299; x_wconf 82' lang='lat' dir='ltr'><strong>vobis</strong></span> <span class='ocrx_word' id='word_1_159' title='bbox 1413 2246 1632 2314; x_wconf 75' lang='lat' dir='ltr'><strong>expedit</strong></span> <span class='ocrx_word' id='word_1_160' title='bbox 1683 2259 1871 2297; x_wconf 84' lang='lat' dir='ltr'><strong>eorum</strong></span> <span class='ocrx_word' id='word_1_161' title='bbox 1903 2258 2022 2311; x_wconf 65' lang='lat' dir='ltr'><strong>quae</strong></span> <span class='ocrx_word' id='word_1_162' title='bbox 2047 2242 2112 2295; x_wconf 89' lang='lat' dir='ltr'><strong>ad</strong></span> <span class='ocrx_word' id='word_1_163' title='bbox 2149 2241 2279 2295; x_wconf 76' lang='lat' dir='ltr'><strong>ccli-</strong></span> 
     </span>
    </p>
   </div>
   <div class='ocr_carea' id='block_1_22' title="bbox 707 2333 2274 2409">
    <p class='ocr_par' dir='ltr' id='par_1_22' title="bbox 707 2333 2274 2409">
     <span class='ocr_line' id='line_1_22' title="bbox 707 2333 2274 2409; baseline -0.007 -13"><span class='ocrx_word' id='word_1_164' title='bbox 707 2343 922 2409; x_wconf 58' lang='lat' dir='ltr'><strong>itionem</strong></span> <span class='ocrx_word' id='word_1_165' title='bbox 952 2340 1054 2394; x_wconf 90' lang='lat' dir='ltr'><strong>rite</strong></span> <span class='ocrx_word' id='word_1_166' title='bbox 1099 2338 1481 2393; x_wconf 89' lang='lat' dir='ltr'><strong>stabiliendam</strong></span> <span class='ocrx_word' id='word_1_167' title='bbox 1530 2344 1585 2390; x_wconf 90' lang='lat' dir='ltr'><strong>et</strong></span> <span class='ocrx_word' id='word_1_168' title='bbox 1637 2335 1875 2389; x_wconf 84' lang='lat' dir='ltr'><strong>fidelium</strong></span> <span class='ocrx_word' id='word_1_169' title='bbox 1929 2333 2274 2388; x_wconf 91' lang='lat' dir='ltr'><strong>commodum</strong></span> 
     </span>
    </p>
   </div>
   <div class='ocr_carea' id='block_1_23' title="bbox 708 2424 2278 2503">
    <p class='ocr_par' dir='ltr' id='par_1_23' title="bbox 708 2424 2278 2503">
     <span class='ocr_line' id='line_1_23' title="bbox 708 2424 2278 2503; baseline -0.009 -14"><span class='ocrx_word' id='word_1_170' title='bbox 708 2439 967 2503; x_wconf 87' lang='lat' dir='ltr'><strong>spectant.</strong></span> <span class='ocrx_word' id='word_1_171' title='bbox 999 2430 1105 2495; x_wconf 92' lang='lat' dir='ltr'><strong>Illi,</strong></span> <span class='ocrx_word' id='word_1_172' title='bbox 1133 2429 1243 2499; x_wconf 83' lang='lat' dir='ltr'><strong>regi</strong></span> <span class='ocrx_word' id='word_1_173' title='bbox 1271 2428 1657 2483; x_wconf 87' lang='lat' dir='ltr'><strong>benedicentes</strong></span> <span class='ocrx_word' id='word_1_174' title='bbox 1682 2436 1734 2479; x_wconf 90' lang='lat' dir='ltr'><strong>et</strong></span> <span class='ocrx_word' id='word_1_175' title='bbox 1759 2426 1936 2494; x_wconf 90' lang='lat' dir='ltr'><strong>ipsum</strong></span> <span class='ocrx_word' id='word_1_176' title='bbox 1963 2424 2142 2494; x_wconf 79' lang='lat' dir='ltr'><strong>gladio</strong></span> <span class='ocrx_word' id='word_1_177' title='bbox 2177 2437 2278 2478; x_wconf 89' lang='lat' dir='ltr'><strong>suo</strong></span> 
     </span>
    </p>
   </div>
   <div class='ocr_carea' id='block_1_24' title="bbox 708 2514 2275 2587">
    <p class='ocr_par' dir='ltr' id='par_1_24' title="bbox 708 2514 2275 2587">
     <span class='ocr_line' id='line_1_24' title="bbox 708 2514 2275 2587; baseline -0.007 -9"><span class='ocrx_word' id='word_1_178' title='bbox 708 2527 1023 2587; x_wconf 82' lang='lat' dir='ltr'><strong>cinxerunt,</strong></span> <span class='ocrx_word' id='word_1_179' title='bbox 1054 2522 1299 2577; x_wconf 88' lang='lat' dir='ltr'><strong>dicentes</strong></span> <span class='ocrx_word' id='word_1_180' title='bbox 1338 2537 1353 2572; x_wconf 88' lang='lat'><strong><em>:</em></strong></span> <span class='ocrx_word' id='word_1_181' title='bbox 1396 2519 1581 2573; x_wconf 87' lang='lat' dir='ltr'><strong>Fidem</strong></span> <span class='ocrx_word' id='word_1_182' title='bbox 1644 2518 1998 2571; x_wconf 66' lang='lat' dir='ltr'><strong>christianum</strong></span> <span class='ocrx_word' id='word_1_183' title='bbox 2060 2514 2275 2581; x_wconf 85' lang='lat' dir='ltr'><strong>publice</strong></span> 
     </span>
    </p>
   </div>
   <div class='ocr_carea' id='block_1_25' title="bbox 708 2606 2278 2685">
    <p class='ocr_par' dir='ltr' id='par_1_25' title="bbox 708 2606 2278 2685">
     <span class='ocr_line' id='line_1_25' title="bbox 708 2606 2278 2685; baseline -0.01 -16"><span class='ocrx_word' id='word_1_184' title='bbox 708 2613 1055 2685; x_wconf 84' lang='lat' dir='ltr'><strong>profitearis,</strong></span> <span class='ocrx_word' id='word_1_185' title='bbox 1129 2626 1358 2679; x_wconf 85' lang='lat' dir='ltr'><strong>eamque</strong></span> <span class='ocrx_word' id='word_1_186' title='bbox 1435 2622 1763 2677; x_wconf 62' lang='lat' dir='ltr'><strong>propugnes.</strong></span> <span class='ocrx_word' id='word_1_187' title='bbox 1837 2606 2278 2672; x_wconf 79' lang='lat' dir='ltr'><strong>Composneruut</strong></span> 
     </span>
    </p>
   </div>
   <div class='ocr_carea' id='block_1_26' title="bbox 705 2697 2277 2777">
    <p class='ocr_par' dir='ltr' id='par_1_26' title="bbox 705 2697 2277 2777">
     <span class='ocr_line' id='line_1_26' title="bbox 705 2697 2277 2777; baseline -0.008 -14"><span class='ocrx_word' id='word_1_188' title='bbox 705 2709 866 2764; x_wconf 85' lang='lat' dir='ltr'><strong>etiam</strong></span> <span class='ocrx_word' id='word_1_189' title='bbox 902 2708 1004 2777; x_wconf 82' lang='lat' dir='ltr'><strong>ipsi</strong></span> <span class='ocrx_word' id='word_1_190' title='bbox 1059 2706 1228 2760; x_wconf 88' lang='lat' dir='ltr'><strong>libros</strong></span> <span class='ocrx_word' id='word_1_191' title='bbox 1280 2702 1665 2772; x_wconf 73' lang='lat' dir='ltr'><strong>quadraginta,</strong></span> <span class='ocrx_word' id='word_1_192' title='bbox 1698 2699 1790 2768; x_wconf 85' lang='lat' dir='ltr'><strong>qui</strong></span> <span class='ocrx_word' id='word_1_193' title='bbox 1856 2697 2277 2753; x_wconf 88' lang='lat' dir='ltr'><strong>constitutiones</strong></span> 
     </span>
    </p>
   </div>
   <div class='ocr_carea' id='block_1_27' title="bbox 703 2790 2278 2871">
    <p class='ocr_par' dir='ltr' id='par_1_27' title="bbox 703 2790 2278 2871">
     <span class='ocr_line' id='line_1_27' title="bbox 703 2790 2278 2871; baseline -0.01 -15"><span class='ocrx_word' id='word_1_194' title='bbox 703 2811 756 2856; x_wconf 88' lang='lat' dir='ltr'><strong>et</strong></span> <span class='ocrx_word' id='word_1_195' title='bbox 789 2802 934 2871; x_wconf 77' lang='lat' dir='ltr'><strong>leges</strong></span> <span class='ocrx_word' id='word_1_196' title='bbox 971 2799 1316 2854; x_wconf 88' lang='lat' dir='ltr'><strong>continerent</strong></span> <span class='ocrx_word' id='word_1_197' title='bbox 1356 2816 1369 2849; x_wconf 88' lang='lat'><strong>:</strong></span> <span class='ocrx_word' id='word_1_198' title='bbox 1405 2809 1633 2863; x_wconf 85' lang='lat' dir='ltr'><strong>quarum</strong></span> <span class='ocrx_word' id='word_1_199' title='bbox 1669 2793 1792 2846; x_wconf 66' lang='lat' dir='ltr'><strong>alia&quot;:</strong></span> <span class='ocrx_word' id='word_1_200' title='bbox 1819 2791 1950 2860; x_wconf 84' lang='lat' dir='ltr'><strong>quid</strong></span> <span class='ocrx_word' id='word_1_201' title='bbox 1988 2790 2098 2854; x_wconf 72' lang='lat' dir='ltr'><strong>regi</strong></span> <span class='ocrx_word' id='word_1_202' title='bbox 2136 2791 2278 2842; x_wconf 87' lang='lat' dir='ltr'><strong>scire</strong></span> 
     </span>
    </p>
   </div>
   <div class='ocr_carea' id='block_1_28' title="bbox 705 2878 2279 2957">
    <p class='ocr_par' dir='ltr' id='par_1_28' title="bbox 705 2878 2279 2957">
     <span class='ocr_line' id='line_1_28' title="bbox 705 2878 2279 2957; baseline -0.01 -12"><span class='ocrx_word' id='word_1_203' title='bbox 705 2901 757 2945; x_wconf 90' lang='lat' dir='ltr'><strong>et</strong></span> <span class='ocrx_word' id='word_1_204' title='bbox 795 2890 974 2945; x_wconf 83' lang='lat' dir='ltr'><strong>facere</strong></span> <span class='ocrx_word' id='word_1_205' title='bbox 995 2886 1279 2957; x_wconf 58' lang='lat' dir='ltr'><strong>expediret</strong></span> <span class='ocrx_word' id='word_1_206' title='bbox 1315 2878 1691 2957; x_wconf 66' lang='lat' dir='ltr'><strong>[docueruntJ</strong></span> <span class='ocrx_word' id='word_1_207' title='bbox 1722 2882 1839 2935; x_wconf 70' lang='lat' dir='ltr'><strong>alia:</strong></span> <span class='ocrx_word' id='word_1_208' title='bbox 1872 2880 2001 2949; x_wconf 87' lang='lat' dir='ltr'><strong>quid</strong></span> <span class='ocrx_word' id='word_1_209' title='bbox 2057 2879 2126 2932; x_wconf 91' lang='lat' dir='ltr'><strong>ab</strong></span> <span class='ocrx_word' id='word_1_210' title='bbox 2166 2880 2279 2945; x_wconf 88' lang='lat' dir='ltr'><strong>epi-</strong></span> 
     </span>
    </p>
   </div>
   <div class='ocr_carea' id='block_1_29' title="bbox 718 2974 2274 3051">
    <p class='ocr_par' dir='ltr' id='par_1_29' title="bbox 718 2974 2274 3051">
     <span class='ocr_line' id='line_1_29' title="bbox 718 2974 2274 3051; baseline -0.008 -16"><span class='ocrx_word' id='word_1_211' title='bbox 718 2980 920 3051; x_wconf 81' lang='lat' dir='ltr'><strong>scopis,</strong></span> <span class='ocrx_word' id='word_1_212' title='bbox 955 2995 1019 3035; x_wconf 80' lang='lat' dir='ltr'><strong>cx</strong></span> <span class='ocrx_word' id='word_1_213' title='bbox 1074 2979 1141 3033; x_wconf 91' lang='lat' dir='ltr'><strong>iis</strong></span> <span class='ocrx_word' id='word_1_214' title='bbox 1182 2991 1302 3046; x_wconf 71' lang='lat' dir='ltr'><strong>quae</strong></span> <span class='ocrx_word' id='word_1_215' title='bbox 1356 2978 1409 3030; x_wconf 89' lang='lat' dir='ltr'><strong>in</strong></span> <span class='ocrx_word' id='word_1_216' title='bbox 1443 2975 1576 3044; x_wconf 88' lang='lat' dir='ltr'><strong>ipsis</strong></span> <span class='ocrx_word' id='word_1_217' title='bbox 1623 2974 2011 3042; x_wconf 85' lang='lat' dir='ltr'><strong>comprehensa</strong></span> <span class='ocrx_word' id='word_1_218' title='bbox 2070 2982 2274 3031; x_wconf 86' lang='lat' dir='ltr'><strong>essent,</strong></span> 
     </span>
    </p>
   </div>
   <div class='ocr_carea' id='block_1_30' title="bbox 708 3062 2277 3136">
    <p class='ocr_par' dir='ltr' id='par_1_30' title="bbox 708 3062 2277 3136">
     <span class='ocr_line' id='line_1_30' title="bbox 708 3062 2277 3136; baseline -0.008 -10"><span class='ocrx_word' id='word_1_219' title='bbox 708 3073 823 3126; x_wconf 84' lang='lat' dir='ltr'><strong>fleri</strong></span> <span class='ocrx_word' id='word_1_220' title='bbox 855 3071 1095 3126; x_wconf 76' lang='lat' dir='ltr'><strong>deceret.</strong></span> <span class='ocrx_word' id='word_1_221' title='bbox 1126 3068 1356 3123; x_wconf 89' lang='lat' dir='ltr'><strong>Concilii</strong></span> <span class='ocrx_word' id='word_1_222' title='bbox 1387 3068 1643 3136; x_wconf 89' lang='lat' dir='ltr'><strong>princeps</strong></span> <span class='ocrx_word' id='word_1_223' title='bbox 1681 3073 1735 3118; x_wconf 83' lang='lat' dir='ltr'><strong>et</strong></span> <span class='ocrx_word' id='word_1_224' title='bbox 1760 3077 1962 3131; x_wconf 64' lang='lat' dir='ltr'><strong>praises</strong></span> <span class='ocrx_word' id='word_1_225' title='bbox 1991 3069 2110 3116; x_wconf 90' lang='lat' dir='ltr'><strong>erat</strong></span> <span class='ocrx_word' id='word_1_226' title='bbox 2150 3062 2277 3114; x_wconf 86' lang='lat' dir='ltr'><strong>Ale-</strong></span> 
     </span>
    </p>
   </div>
   <div class='ocr_carea' id='block_1_31' title="bbox 2394 775 3969 867">
    <p class='ocr_par' dir='ltr' id='par_1_31' title="bbox 2394 775 3969 867">
     <span class='ocr_line' id='line_1_31' title="bbox 2394 775 3969 867; baseline 0.017 -40"><span class='ocrx_word' id='word_1_227' title='bbox 2394 775 2512 867; x_wconf 83' lang='lat' dir='ltr'><strong>dies</strong></span> <span class='ocrx_word' id='word_1_228' title='bbox 2533 777 2651 843; x_wconf 88' lang='lat' dir='ltr'><strong>ejus</strong></span> <span class='ocrx_word' id='word_1_229' title='bbox 2679 779 2874 833; x_wconf 78' lang='lat' dir='ltr'><strong>natalis</strong></span> <span class='ocrx_word' id='word_1_230' title='bbox 2906 782 3036 835; x_wconf 89' lang='lat' dir='ltr'><strong>feria</strong></span> <span class='ocrx_word' id='word_1_231' title='bbox 3073 786 3254 840; x_wconf 91' lang='lat' dir='ltr'><strong>tertia.</strong></span> <span class='ocrx_word' id='word_1_232' title='bbox 3292 787 3439 842; x_wconf 83' lang='lat' dir='ltr'><strong>Diem</strong></span> <span class='ocrx_word' id='word_1_233' title='bbox 3507 808 3640 847; x_wconf 77' lang='lat' dir='ltr'><strong>vero</strong></span> <span class='ocrx_word' id='word_1_234' title='bbox 3704 775 3969 867; x_wconf 65' lang='lat' dir='ltr'><strong>baptismi</strong></span> 
     </span>
    </p>
   </div>
   <div class='ocr_carea' id='block_1_32' title="bbox 2394 865 3968 954">
    <p class='ocr_par' dir='ltr' id='par_1_32' title="bbox 2394 865 3968 954">
     <span class='ocr_line' id='line_1_32' title="bbox 2394 865 3968 954; baseline 0.013 -37"><span class='ocrx_word' id='word_1_235' title='bbox 2394 865 2569 933; x_wconf 86' lang='lat' dir='ltr'><strong>ipsius</strong></span> <span class='ocrx_word' id='word_1_236' title='bbox 2621 868 2800 936; x_wconf 88' lang='lat' dir='ltr'><strong>reperi</strong></span> <span class='ocrx_word' id='word_1_237' title='bbox 2860 870 3029 925; x_wconf 87' lang='lat' dir='ltr'><strong>fuisse</strong></span> <span class='ocrx_word' id='word_1_238' title='bbox 3081 876 3216 944; x_wconf 89' lang='lat' dir='ltr'><strong>cycli</strong></span> <span class='ocrx_word' id='word_1_239' title='bbox 3265 879 3463 933; x_wconf 89' lang='lat' dir='ltr'><strong>solaris</strong></span> <span class='ocrx_word' id='word_1_240' title='bbox 3492 882 3704 937; x_wconf 89' lang='lat' dir='ltr'><strong>decimo</strong></span> <span class='ocrx_word' id='word_1_241' title='bbox 3733 865 3968 954; x_wconf 81' lang='lat' dir='ltr'><strong>quarto;</strong></span> 
     </span>
    </p>
   </div>
   <div class='ocr_carea' id='block_1_33' title="bbox 2390 958 3971 1041">
    <p class='ocr_par' dir='ltr' id='par_1_33' title="bbox 2390 958 3971 1041">
     <span class='ocr_line' id='line_1_33' title="bbox 2390 958 3971 1041; baseline 0.017 -34"><span class='ocrx_word' id='word_1_242' title='bbox 2390 958 2527 1025; x_wconf 87' lang='lat' dir='ltr'><strong>cycli</strong></span> <span class='ocrx_word' id='word_1_243' title='bbox 2561 959 2768 1015; x_wconf 84' lang='lat' dir='ltr'><strong>lunaris</strong></span> <span class='ocrx_word' id='word_1_244' title='bbox 2796 960 3012 1016; x_wconf 89' lang='lat' dir='ltr'><strong>decimo</strong></span> <span class='ocrx_word' id='word_1_245' title='bbox 3050 981 3217 1029; x_wconf 86' lang='lat' dir='ltr'><strong>nono,</strong></span> <span class='ocrx_word' id='word_1_246' title='bbox 3259 985 3379 1023; x_wconf 91' lang='lat' dir='ltr'><strong>cum</strong></span> <span class='ocrx_word' id='word_1_247' title='bbox 3414 981 3561 1026; x_wconf 89' lang='lat' dir='ltr'><strong>esset</strong></span> <span class='ocrx_word' id='word_1_248' title='bbox 3592 986 3781 1041; x_wconf 87' lang='lat' dir='ltr'><strong>epacte</strong></span> <span class='ocrx_word' id='word_1_249' title='bbox 3838 980 3971 1034; x_wconf 75' lang='lat' dir='ltr'><strong>Solis</strong></span> 
     </span>
    </p>
   </div>
   <div class='ocr_carea' id='block_1_34' title="bbox 2390 1052 3968 1129">
    <p class='ocr_par' dir='ltr' id='par_1_34' title="bbox 2390 1052 3968 1129">
     <span class='ocr_line' id='line_1_34' title="bbox 2390 1052 3968 1129; baseline 0.018 -32"><span class='ocrx_word' id='word_1_250' title='bbox 2390 1054 2499 1101; x_wconf 79' lang='lat' dir='ltr'><strong>tres</strong></span> <span class='ocrx_word' id='word_1_251' title='bbox 2527 1060 2581 1103; x_wconf 91' lang='lat' dir='ltr'><strong>et</strong></span> <span class='ocrx_word' id='word_1_252' title='bbox 2607 1052 2895 1107; x_wconf 90' lang='lat' dir='ltr'><strong>dimidium</strong></span> <span class='ocrx_word' id='word_1_253' title='bbox 2954 1065 3008 1110; x_wconf 91' lang='lat' dir='ltr'><strong>et</strong></span> <span class='ocrx_word' id='word_1_254' title='bbox 3074 1073 3177 1112; x_wconf 88' lang='lat' dir='ltr'><strong>una</strong></span> <span class='ocrx_word' id='word_1_255' title='bbox 3204 1072 3420 1129; x_wconf 85' lang='lat' dir='ltr'><strong>quarta,</strong></span> <span class='ocrx_word' id='word_1_256' title='bbox 3452 1065 3592 1119; x_wconf 71' lang='lat' dir='ltr'><strong>lunae</strong></span> <span class='ocrx_word' id='word_1_257' title='bbox 3620 1082 3747 1121; x_wconf 81' lang='lat' dir='ltr'><strong>vero</strong></span> <span class='ocrx_word' id='word_1_258' title='bbox 3776 1073 3817 1094; x_wconf 86' lang='lat'>&quot;</span> <span class='ocrx_word' id='word_1_259' title='bbox 3850 1090 3862 1125; x_wconf 88' lang='lat'><strong>:</strong></span> <span class='ocrx_word' id='word_1_260' title='bbox 3906 1088 3968 1125; x_wconf 86' lang='lat' dir='ltr'><strong>ac</strong></span> 
     </span>
    </p>
   </div>
   <div class='ocr_carea' id='block_1_35' title="bbox 2389 1142 4005 1227">
    <p class='ocr_par' dir='ltr' id='par_1_35' title="bbox 2389 1142 4005 1227">
     <span class='ocr_line' id='line_1_35' title="bbox 2389 1142 4005 1227; baseline 0.016 -36"><span class='ocrx_word' id='word_1_261' title='bbox 2389 1142 2599 1208; x_wconf 88' lang='lat' dir='ltr'><strong>primus</strong></span> <span class='ocrx_word' id='word_1_262' title='bbox 2633 1145 2848 1199; x_wconf 79' lang='lat' dir='ltr'><strong>Canuni</strong></span> <span class='ocrx_word' id='word_1_263' title='bbox 2882 1149 3205 1215; x_wconf 85' lang='lat' dir='ltr'><strong>posterioris</strong></span> <span class='ocrx_word' id='word_1_264' title='bbox 3235 1154 3371 1219; x_wconf 88' lang='lat' dir='ltr'><strong>dies,</strong></span> <span class='ocrx_word' id='word_1_265' title='bbox 3414 1155 3545 1211; x_wconf 89' lang='lat' dir='ltr'><strong>feria</strong></span> <span class='ocrx_word' id='word_1_266' title='bbox 3580 1160 3789 1227; x_wconf 85' lang='lat' dir='ltr'><strong>quinta,</strong></span> <span class='ocrx_word' id='word_1_267' title='bbox 3817 1178 3970 1216; x_wconf 84' lang='lat' dir='ltr'><strong>men-</strong></span> <span class='ocrx_word' id='word_1_268' title='bbox 3998 1175 4005 1180; x_wconf 86' lang='lat'><strong><em>&#39;</em></strong></span> 
     </span>
    </p>
   </div>
   <div class='ocr_carea' id='block_1_36' title="bbox 2390 1231 3969 1320">
    <p class='ocr_par' dir='ltr' id='par_1_36' title="bbox 2390 1231 3969 1320">
     <span class='ocr_line' id='line_1_36' title="bbox 2390 1231 3969 1320; baseline 0.015 -37"><span class='ocrx_word' id='word_1_269' title='bbox 2390 1233 2465 1285; x_wconf 90' lang='lat' dir='ltr'><strong>sis</strong></span> <span class='ocrx_word' id='word_1_270' title='bbox 2499 1231 2711 1289; x_wconf 89' lang='lat' dir='ltr'><strong>Tubahi</strong></span> <span class='ocrx_word' id='word_1_271' title='bbox 2768 1236 3094 1295; x_wconf 84' lang='lat' dir='ltr'><strong>Sabbatum.</strong></span> <span class='ocrx_word' id='word_1_272' title='bbox 3125 1240 3255 1297; x_wconf 84' lang='lat' dir='ltr'><strong>Fuit</strong></span> <span class='ocrx_word' id='word_1_273' title='bbox 3308 1260 3439 1316; x_wconf 86' lang='lat' dir='ltr'><strong>ergo</strong></span> <span class='ocrx_word' id='word_1_274' title='bbox 3495 1249 3763 1318; x_wconf 80' lang='lat' dir='ltr'><strong>baptisma</strong></span> <span class='ocrx_word' id='word_1_275' title='bbox 3796 1253 3969 1320; x_wconf 85' lang='lat' dir='ltr'><strong>ipsius</strong></span> 
     </span>
    </p>
   </div>
   <div class='ocr_carea' id='block_1_37' title="bbox 2390 1327 3968 1408">
    <p class='ocr_par' dir='ltr' id='par_1_37' title="bbox 2390 1327 3968 1408">
     <span class='ocr_line' id='line_1_37' title="bbox 2390 1327 3968 1408; baseline 0.013 -31"><span class='ocrx_word' id='word_1_276' title='bbox 2390 1328 2601 1381; x_wconf 75' lang='lat' dir='ltr'><strong>illustre</strong></span> <span class='ocrx_word' id='word_1_277' title='bbox 2623 1329 2708 1383; x_wconf 85' lang='lat' dir='ltr'><strong>die</strong></span> <span class='ocrx_word' id='word_1_278' title='bbox 2738 1327 2945 1393; x_wconf 84' lang='lat' dir='ltr'><strong>Martis,</strong></span> <span class='ocrx_word' id='word_1_279' title='bbox 2982 1345 3134 1387; x_wconf 76' lang='lat' dir='ltr'><strong>sexto</strong></span> <span class='ocrx_word' id='word_1_280' title='bbox 3159 1334 3347 1392; x_wconf 86' lang='lat' dir='ltr'><strong>Canun</strong></span> <span class='ocrx_word' id='word_1_281' title='bbox 3367 1341 3714 1408; x_wconf 87' lang='lat' dir='ltr'><strong>posterioris,</strong></span> <span class='ocrx_word' id='word_1_282' title='bbox 3749 1342 3968 1398; x_wconf 68' lang='lat' dir='ltr'><strong>Tubahi</strong></span> 
     </span>
    </p>
   </div>
   <div class='ocr_carea' id='block_1_38' title="bbox 2387 1420 3969 1504">
    <p class='ocr_par' dir='ltr' id='par_1_38' title="bbox 2387 1420 3969 1504">
     <span class='ocr_line' id='line_1_38' title="bbox 2387 1420 3969 1504; baseline 0.013 -31"><span class='ocrx_word' id='word_1_283' title='bbox 2387 1420 2697 1477; x_wconf 89' lang='lat' dir='ltr'><strong>undecimo.</strong></span> <span class='ocrx_word' id='word_1_284' title='bbox 2748 1424 2871 1479; x_wconf 85' lang='lat' dir='ltr'><strong>Dies</strong></span> <span class='ocrx_word' id='word_1_285' title='bbox 2935 1436 3114 1480; x_wconf 87' lang='lat' dir='ltr'><strong>autem</strong></span> <span class='ocrx_word' id='word_1_286' title='bbox 3156 1433 3531 1487; x_wconf 78' lang='lat' dir='ltr'><strong>crneiﬁxionis</strong></span> <span class='ocrx_word' id='word_1_287' title='bbox 3564 1436 3737 1504; x_wconf 90' lang='lat' dir='ltr'><strong>ipsius</strong></span> <span class='ocrx_word' id='word_1_288' title='bbox 3768 1439 3969 1493; x_wconf 84' lang='lat' dir='ltr'><strong>saluti-</strong></span> 
     </span>
    </p>
   </div>
   <div class='ocr_carea' id='block_1_39' title="bbox 2387 1510 3967 1598">
    <p class='ocr_par' dir='ltr' id='par_1_39' title="bbox 2387 1510 3967 1598">
     <span class='ocr_line' id='line_1_39' title="bbox 2387 1510 3967 1598; baseline 0.015 -37"><span class='ocrx_word' id='word_1_289' title='bbox 2387 1510 2512 1564; x_wconf 73' lang='lat' dir='ltr'><strong>fera:</strong></span> <span class='ocrx_word' id='word_1_290' title='bbox 2542 1513 2924 1593; x_wconf 31' lang='lat' dir='ltr'><strong>moincidit</strong></span> <span class='ocrx_word' id='word_1_291' title='bbox 2950 1519 3001 1571; x_wconf 87' lang='lat' dir='ltr'><strong>in</strong></span> <span class='ocrx_word' id='word_1_292' title='bbox 3037 1520 3309 1575; x_wconf 88' lang='lat' dir='ltr'><strong>decimum</strong></span> <span class='ocrx_word' id='word_1_293' title='bbox 3346 1540 3547 1580; x_wconf 89' lang='lat' dir='ltr'><strong>nonutn</strong></span> <span class='ocrx_word' id='word_1_294' title='bbox 3578 1529 3713 1598; x_wconf 81' lang='lat' dir='ltr'><strong>cycli</strong></span> <span class='ocrx_word' id='word_1_295' title='bbox 3745 1531 3967 1593; x_wconf 89' lang='lat' dir='ltr'><strong>solaris,</strong></span> 
     </span>
    </p>
   </div>
   <div class='ocr_carea' id='block_1_40' title="bbox 2385 1602 3969 1683">
    <p class='ocr_par' dir='ltr' id='par_1_40' title="bbox 2385 1602 3969 1683">
     <span class='ocr_line' id='line_1_40' title="bbox 2385 1602 3969 1683; baseline 0.014 -30"><span class='ocrx_word' id='word_1_296' title='bbox 2385 1602 2524 1670; x_wconf 88' lang='lat' dir='ltr'><strong>cycli</strong></span> <span class='ocrx_word' id='word_1_297' title='bbox 2564 1606 2745 1672; x_wconf 65' lang='lat' dir='ltr'><strong>vero-</strong></span> <span class='ocrx_word' id='word_1_298' title='bbox 2777 1607 2984 1663; x_wconf 88' lang='lat' dir='ltr'><strong>lunaris</strong></span> <span class='ocrx_word' id='word_1_299' title='bbox 3033 1609 3601 1683; x_wconf 84' lang='lat' dir='ltr'><strong>decitnutnquartutn,</strong></span> <span class='ocrx_word' id='word_1_300' title='bbox 3654 1634 3780 1673; x_wconf 90' lang='lat' dir='ltr'><strong>eum</strong></span> <span class='ocrx_word' id='word_1_301' title='bbox 3820 1636 3969 1675; x_wconf 84' lang='lat' dir='ltr'><strong>esset</strong></span> 
     </span>
    </p>
   </div>
   <div class='ocr_carea' id='block_1_41' title="bbox 2378 1689 3951 1767">
    <p class='ocr_par' dir='ltr' id='par_1_41' title="bbox 2378 1689 3951 1767">
     <span class='ocr_line' id='line_1_41' title="bbox 2378 1689 3951 1767; baseline 0.018 -28"><span class='ocrx_word' id='word_1_302' title='bbox 2378 1698 2566 1757; x_wconf 88' lang='lat' dir='ltr'><strong>epacte</strong></span> <span class='ocrx_word' id='word_1_303' title='bbox 2606 1689 2743 1743; x_wconf 83' lang='lat' dir='ltr'><strong>solis</strong></span> <span class='ocrx_word' id='word_1_304' title='bbox 2784 1702 2992 1760; x_wconf 87' lang='lat' dir='ltr'><strong>septem</strong></span> <span class='ocrx_word' id='word_1_305' title='bbox 3035 1712 3161 1750; x_wconf 90' lang='lat' dir='ltr'><strong>eum</strong></span> <span class='ocrx_word' id='word_1_306' title='bbox 3202 1699 3456 1767; x_wconf 90' lang='lat' dir='ltr'><strong>dimidio,</strong></span> <span class='ocrx_word' id='word_1_307' title='bbox 3500 1703 3643 1759; x_wconf 72' lang='lat' dir='ltr'><strong>Iunce</strong></span> <span class='ocrx_word' id='word_1_308' title='bbox 3683 1724 3812 1764; x_wconf 74' lang='lat' dir='ltr'><strong>vero</strong></span> <span class='ocrx_word' id='word_1_309' title='bbox 3855 1715 3892 1732; x_wconf 89' lang='lat'><strong>&quot;</strong></span> <span class='ocrx_word' id='word_1_310' title='bbox 3938 1731 3951 1767; x_wconf 91' lang='lat'><strong>:</strong></span> 
     </span>
    </p>
   </div>
   <div class='ocr_carea' id='block_1_42' title="bbox 2378 1781 3963 1871">
    <p class='ocr_par' dir='ltr' id='par_1_42' title="bbox 2378 1781 3963 1871">
     <span class='ocr_line' id='line_1_42' title="bbox 2378 1781 3963 1871; baseline 0.017 -40"><span class='ocrx_word' id='word_1_311' title='bbox 2378 1788 2432 1832; x_wconf 91' lang='lat' dir='ltr'><strong>et</strong></span> <span class='ocrx_word' id='word_1_312' title='bbox 2492 1781 2703 1849; x_wconf 87' lang='lat' dir='ltr'><strong>primus</strong></span> <span class='ocrx_word' id='word_1_313' title='bbox 2771 1786 2977 1839; x_wconf 87' lang='lat' dir='ltr'><strong>mensis</strong></span> <span class='ocrx_word' id='word_1_314' title='bbox 3035 1789 3203 1854; x_wconf 80' lang='lat' dir='ltr'><strong>Adar,</strong></span> <span class='ocrx_word' id='word_1_315' title='bbox 3264 1791 3399 1846; x_wconf 89' lang='lat' dir='ltr'><strong>feria</strong></span> <span class='ocrx_word' id='word_1_316' title='bbox 3465 1798 3681 1865; x_wconf 88' lang='lat' dir='ltr'><strong>quinta,</strong></span> <span class='ocrx_word' id='word_1_317' title='bbox 3742 1803 3963 1871; x_wconf 79' lang='lat' dir='ltr'><strong>primus</strong></span> 
     </span>
    </p>
   </div>
   <div class='ocr_carea' id='block_1_43' title="bbox 2379 1877 3964 1954">
    <p class='ocr_par' dir='ltr' id='par_1_43' title="bbox 2379 1877 3964 1954">
     <span class='ocr_line' id='line_1_43' title="bbox 2379 1877 3964 1954; baseline 0.016 -30"><span class='ocrx_word' id='word_1_318' title='bbox 2379 1883 2559 1926; x_wconf 88' lang='lat' dir='ltr'><strong>autem</strong></span> <span class='ocrx_word' id='word_1_319' title='bbox 2602 1877 2808 1930; x_wconf 89' lang='lat' dir='ltr'><strong>mensis</strong></span> <span class='ocrx_word' id='word_1_320' title='bbox 2850 1877 3145 1935; x_wconf 87' lang='lat' dir='ltr'><strong>Bormahat</strong></span> <span class='ocrx_word' id='word_1_321' title='bbox 3186 1881 3322 1938; x_wconf 83' lang='lat' dir='ltr'><strong>feria</strong></span> <span class='ocrx_word' id='word_1_322' title='bbox 3362 1887 3573 1954; x_wconf 89' lang='lat' dir='ltr'><strong>prima,</strong></span> <span class='ocrx_word' id='word_1_323' title='bbox 3632 1902 3685 1946; x_wconf 91' lang='lat' dir='ltr'><strong>et</strong></span> <span class='ocrx_word' id='word_1_324' title='bbox 3735 1893 3964 1948; x_wconf 64' lang='lat' dir='ltr'><strong>Juda&#39;u-</strong></span> 
     </span>
    </p>
   </div>
   <div class='ocr_carea' id='block_1_44' title="bbox 2377 1964 3961 2050">
    <p class='ocr_par' dir='ltr' id='par_1_44' title="bbox 2377 1964 3961 2050">
     <span class='ocr_line' id='line_1_44' title="bbox 2377 1964 3961 2050; baseline 0.016 -34"><span class='ocrx_word' id='word_1_325' title='bbox 2377 1979 2498 2017; x_wconf 89' lang='lat' dir='ltr'><strong>rum</strong></span> <span class='ocrx_word' id='word_1_326' title='bbox 2546 1964 2754 2021; x_wconf 84' lang='lat' dir='ltr'><strong>Pascha</strong></span> <span class='ocrx_word' id='word_1_327' title='bbox 2796 1968 2887 2023; x_wconf 89' lang='lat' dir='ltr'><strong>die</strong></span> <span class='ocrx_word' id='word_1_328' title='bbox 2925 1969 3108 2037; x_wconf 73' lang='lat' dir='ltr'><strong>Iovis,</strong></span> <span class='ocrx_word' id='word_1_329' title='bbox 3168 1974 3330 2029; x_wconf 79' lang='lat' dir='ltr'><strong>Adari</strong></span> <span class='ocrx_word' id='word_1_330' title='bbox 3384 1979 3645 2035; x_wconf 84' lang='lat' dir='ltr'><strong>vicesimo</strong></span> <span class='ocrx_word' id='word_1_331' title='bbox 3684 1987 3961 2050; x_wconf 79' lang='lat' dir='ltr'><strong>secundo,</strong></span> 
     </span>
    </p>
   </div>
   <div class='ocr_carea' id='block_1_45' title="bbox 2378 2058 3963 2144">
    <p class='ocr_par' dir='ltr' id='par_1_45' title="bbox 2378 2058 3963 2144">
     <span class='ocr_line' id='line_1_45' title="bbox 2378 2058 3963 2144; baseline 0.015 -35"><span class='ocrx_word' id='word_1_332' title='bbox 2378 2058 2470 2125; x_wconf 85' lang='lat' dir='ltr'><strong>qui</strong></span> <span class='ocrx_word' id='word_1_333' title='bbox 2520 2058 2833 2114; x_wconf 87' lang='lat' dir='ltr'><strong>Bormahati</strong></span> <span class='ocrx_word' id='word_1_334' title='bbox 2887 2075 3004 2115; x_wconf 88' lang='lat' dir='ltr'><strong>erat</strong></span> <span class='ocrx_word' id='word_1_335' title='bbox 3051 2065 3343 2123; x_wconf 85' lang='lat' dir='ltr'><strong>vicesimus</strong></span> <span class='ocrx_word' id='word_1_336' title='bbox 3379 2083 3587 2126; x_wconf 75' lang='lat' dir='ltr'><strong>sextus.</strong></span> <span class='ocrx_word' id='word_1_337' title='bbox 3643 2073 3819 2144; x_wconf 87' lang='lat' dir='ltr'><strong>Atque</strong></span> <span class='ocrx_word' id='word_1_338' title='bbox 3853 2078 3963 2133; x_wconf 90' lang='lat' dir='ltr'><strong>hoc</strong></span> 
     </span>
    </p>
   </div>
   <div class='ocr_carea' id='block_1_46' title="bbox 2381 2152 3959 2238">
    <p class='ocr_par' dir='ltr' id='par_1_46' title="bbox 2381 2152 3959 2238">
     <span class='ocr_line' id='line_1_46' title="bbox 2381 2152 3959 2238; baseline 0.013 -35"><span class='ocrx_word' id='word_1_339' title='bbox 2381 2152 2587 2206; x_wconf 79' lang='lat' dir='ltr'><strong>indicat</strong></span> <span class='ocrx_word' id='word_1_340' title='bbox 2645 2154 2935 2209; x_wconf 87' lang='lat' dir='ltr'><strong>Dominum</strong></span> <span class='ocrx_word' id='word_1_341' title='bbox 2974 2155 3163 2212; x_wconf 85' lang='lat' dir='ltr'><strong>Jesum</strong></span> <span class='ocrx_word' id='word_1_342' title='bbox 3226 2158 3431 2216; x_wconf 85' lang='lat' dir='ltr'><strong>Pascha</strong></span> <span class='ocrx_word' id='word_1_343' title='bbox 3486 2179 3609 2218; x_wconf 92' lang='lat' dir='ltr'><strong>cum</strong></span> <span class='ocrx_word' id='word_1_344' title='bbox 3664 2167 3959 2238; x_wconf 78' lang='lat' dir='ltr'><strong>discipulis</strong></span> 
     </span>
    </p>
   </div>
   <div class='ocr_carea' id='block_1_47' title="bbox 2380 2238 3963 2315">
    <p class='ocr_par' dir='ltr' id='par_1_47' title="bbox 2380 2238 3963 2315">
     <span class='ocr_line' id='line_1_47' title="bbox 2380 2238 3963 2315; baseline 0.013 -23"><span class='ocrx_word' id='word_1_345' title='bbox 2380 2244 2496 2295; x_wconf 83' lang='lat' dir='ltr'><strong>suis</strong></span> <span class='ocrx_word' id='word_1_346' title='bbox 2537 2245 2843 2301; x_wconf 87' lang='lat' dir='ltr'><strong>comedisse</strong></span> <span class='ocrx_word' id='word_1_347' title='bbox 2882 2247 2969 2301; x_wconf 89' lang='lat' dir='ltr'><strong>die</strong></span> <span class='ocrx_word' id='word_1_348' title='bbox 3029 2248 3215 2315; x_wconf 85' lang='lat' dir='ltr'><strong>Jovis;</strong></span> <span class='ocrx_word' id='word_1_349' title='bbox 3277 2238 3600 2310; x_wconf 80' lang='lat' dir='ltr'><strong>crucifixum</strong></span> <span class='ocrx_word' id='word_1_350' title='bbox 3660 2256 3829 2313; x_wconf 78' lang='lat' dir='ltr'><strong>fuisse</strong></span> <span class='ocrx_word' id='word_1_351' title='bbox 3869 2262 3963 2314; x_wconf 87' lang='lat' dir='ltr'><strong>die</strong></span> 
     </span>
    </p>
   </div>
   <div class='ocr_carea' id='block_1_48' title="bbox 2381 2331 3965 2409">
    <p class='ocr_par' dir='ltr' id='par_1_48' title="bbox 2381 2331 3965 2409">
     <span class='ocr_line' id='line_1_48' title="bbox 2381 2331 3965 2409; baseline 0.013 -23"><span class='ocrx_word' id='word_1_352' title='bbox 2381 2331 2630 2398; x_wconf 84' lang='lat' dir='ltr'><strong>Veneris,</strong></span> <span class='ocrx_word' id='word_1_353' title='bbox 2683 2338 2850 2393; x_wconf 83' lang='lat' dir='ltr'><strong>Adari</strong></span> <span class='ocrx_word' id='word_1_354' title='bbox 2903 2341 3168 2395; x_wconf 79' lang='lat' dir='ltr'><strong>vicesimo</strong></span> <span class='ocrx_word' id='word_1_355' title='bbox 3213 2346 3397 2409; x_wconf 90' lang='lat' dir='ltr'><strong>tertio,</strong></span> <span class='ocrx_word' id='word_1_356' title='bbox 3442 2347 3755 2403; x_wconf 82' lang='lat' dir='ltr'><strong>Bormaltati</strong></span> <span class='ocrx_word' id='word_1_357' title='bbox 3811 2354 3965 2406; x_wconf 58' lang='lat' dir='ltr'><strong>vice-</strong></span> 
     </span>
    </p>
   </div>
   <div class='ocr_carea' id='block_1_49' title="bbox 2378 2425 3962 2500">
    <p class='ocr_par' dir='ltr' id='par_1_49' title="bbox 2378 2425 3962 2500">
     <span class='ocr_line' id='line_1_49' title="bbox 2378 2425 3962 2500; baseline 0.01 -22"><span class='ocrx_word' id='word_1_358' title='bbox 2378 2425 2517 2478; x_wconf 88' lang='lat' dir='ltr'><strong>simo</strong></span> <span class='ocrx_word' id='word_1_359' title='bbox 2546 2426 2814 2495; x_wconf 89' lang='lat' dir='ltr'><strong>septimo;</strong></span> <span class='ocrx_word' id='word_1_360' title='bbox 2842 2443 2905 2481; x_wconf 90' lang='lat' dir='ltr'><strong>ac</strong></span> <span class='ocrx_word' id='word_1_361' title='bbox 2936 2433 3306 2488; x_wconf 78' lang='lat' dir='ltr'><strong>resurrexisse</strong></span> <span class='ocrx_word' id='word_1_362' title='bbox 3362 2437 3451 2490; x_wconf 86' lang='lat' dir='ltr'><strong>die</strong></span> <span class='ocrx_word' id='word_1_363' title='bbox 3477 2438 3628 2500; x_wconf 88' lang='lat' dir='ltr'><strong>solis,</strong></span> <span class='ocrx_word' id='word_1_364' title='bbox 3681 2439 3846 2493; x_wconf 75' lang='lat' dir='ltr'><strong>A-Jari</strong></span> <span class='ocrx_word' id='word_1_365' title='bbox 3879 2444 3962 2495; x_wconf 79' lang='lat' dir='ltr'><strong>vi-</strong></span> 
     </span>
    </p>
   </div>
   <div class='ocr_carea' id='block_1_50' title="bbox 2380 2519 3965 2587">
    <p class='ocr_par' dir='ltr' id='par_1_50' title="bbox 2380 2519 3965 2587">
     <span class='ocr_line' id='line_1_50' title="bbox 2380 2519 3965 2587; baseline 0.01 -19"><span class='ocrx_word' id='word_1_366' title='bbox 2380 2519 2583 2569; x_wconf 87' lang='lat' dir='ltr'><strong>cesimo</strong></span> <span class='ocrx_word' id='word_1_367' title='bbox 2616 2520 2833 2587; x_wconf 83' lang='lat' dir='ltr'><strong>quinto,</strong></span> <span class='ocrx_word' id='word_1_368' title='bbox 2886 2519 3200 2576; x_wconf 84' lang='lat' dir='ltr'><strong>Bormaltati</strong></span> <span class='ocrx_word' id='word_1_369' title='bbox 3256 2525 3518 2580; x_wconf 81' lang='lat' dir='ltr'><strong>vicesimo</strong></span> <span class='ocrx_word' id='word_1_370' title='bbox 3576 2544 3740 2583; x_wconf 87' lang='lat' dir='ltr'><strong>nono.</strong></span> <span class='ocrx_word' id='word_1_371' title='bbox 3796 2531 3965 2584; x_wconf 83' lang='lat' dir='ltr'><strong>Chri-</strong></span> 
     </span>
    </p>
   </div>
   <div class='ocr_carea' id='block_1_51' title="bbox 2380 2610 3964 2690">
    <p class='ocr_par' dir='ltr' id='par_1_51' title="bbox 2380 2610 3964 2690">
     <span class='ocr_line' id='line_1_51' title="bbox 2380 2610 3964 2690; baseline 0.009 -31"><span class='ocrx_word' id='word_1_372' title='bbox 2380 2610 2578 2661; x_wconf 89' lang='lat' dir='ltr'><strong>stianis</strong></span> <span class='ocrx_word' id='word_1_373' title='bbox 2619 2626 2769 2673; x_wconf 81' lang='lat' dir='ltr'><strong>vero,</strong></span> <span class='ocrx_word' id='word_1_374' title='bbox 2804 2613 2879 2663; x_wconf 91' lang='lat' dir='ltr'><strong>uti</strong></span> <span class='ocrx_word' id='word_1_375' title='bbox 2929 2614 3041 2679; x_wconf 74' lang='lat' dir='ltr'><strong>jam</strong></span> <span class='ocrx_word' id='word_1_376' title='bbox 3077 2615 3339 2679; x_wconf 75' lang='lat' dir='ltr'><strong>diximus,</strong></span> <span class='ocrx_word' id='word_1_377' title='bbox 3376 2620 3429 2671; x_wconf 90' lang='lat' dir='ltr'><strong>in</strong></span> <span class='ocrx_word' id='word_1_378' title='bbox 3456 2634 3610 2673; x_wconf 89' lang='lat' dir='ltr'><strong>more</strong></span> <span class='ocrx_word' id='word_1_379' title='bbox 3638 2633 3777 2681; x_wconf 81' lang='lat' dir='ltr'><strong>erat,</strong></span> <span class='ocrx_word' id='word_1_380' title='bbox 3808 2632 3964 2690; x_wconf 68' lang='lat' dir='ltr'><strong>pest-</strong></span> 
     </span>
    </p>
   </div>
   <div class='ocr_carea' id='block_1_52' title="bbox 2378 2699 3961 2777">
    <p class='ocr_par' dir='ltr' id='par_1_52' title="bbox 2378 2699 3961 2777">
     <span class='ocr_line' id='line_1_52' title="bbox 2378 2699 3961 2777; baseline 0.011 -27"><span class='ocrx_word' id='word_1_381' title='bbox 2378 2716 2539 2767; x_wconf 89' lang='lat' dir='ltr'><strong>quant</strong></span> <span class='ocrx_word' id='word_1_382' title='bbox 2578 2699 2897 2769; x_wconf 73' lang='lat' dir='ltr'><strong>Epiphania:</strong></span> <span class='ocrx_word' id='word_1_383' title='bbox 2925 2702 3122 2757; x_wconf 83' lang='lat' dir='ltr'><strong>festum</strong></span> <span class='ocrx_word' id='word_1_384' title='bbox 3178 2706 3548 2762; x_wconf 86' lang='lat' dir='ltr'><strong>celebrasscnt</strong></span> <span class='ocrx_word' id='word_1_385' title='bbox 3582 2713 3665 2763; x_wconf 90' lang='lat' dir='ltr'><strong>die</strong></span> <span class='ocrx_word' id='word_1_386' title='bbox 3689 2716 3961 2777; x_wconf 89' lang='lat' dir='ltr'><strong>crastino,</strong></span> 
     </span>
    </p>
   </div>
   <div class='ocr_carea' id='block_1_53' title="bbox 2378 2792 3959 2869">
    <p class='ocr_par' dir='ltr' id='par_1_53' title="bbox 2378 2792 3959 2869">
     <span class='ocr_line' id='line_1_53' title="bbox 2378 2792 3959 2869; baseline 0.011 -26"><span class='ocrx_word' id='word_1_387' title='bbox 2378 2792 2741 2862; x_wconf 82' lang='lat' dir='ltr'><strong>quadraginta</strong></span> <span class='ocrx_word' id='word_1_388' title='bbox 2761 2794 2878 2848; x_wconf 89' lang='lat' dir='ltr'><strong>dies</strong></span> <span class='ocrx_word' id='word_1_389' title='bbox 2921 2794 3195 2863; x_wconf 78' lang='lat' dir='ltr'><strong>jejunare,</strong></span> <span class='ocrx_word' id='word_1_390' title='bbox 3227 2797 3353 2851; x_wconf 87' lang='lat' dir='ltr'><strong>dein</strong></span> <span class='ocrx_word' id='word_1_391' title='bbox 3406 2801 3678 2869; x_wconf 67' lang='lat' dir='ltr'><strong>jejunium</strong></span> <span class='ocrx_word' id='word_1_392' title='bbox 3715 2806 3959 2868; x_wconf 81' lang='lat' dir='ltr'><strong>solvere,</strong></span> 
     </span>
    </p>
   </div>
   <div class='ocr_carea' id='block_1_54' title="bbox 2380 2884 3955 2953">
    <p class='ocr_par' dir='ltr' id='par_1_54' title="bbox 2380 2884 3955 2953">
     <span class='ocr_line' id='line_1_54' title="bbox 2380 2884 3955 2953; baseline 0.008 -16"><span class='ocrx_word' id='word_1_393' title='bbox 2380 2900 2619 2953; x_wconf 89' lang='lat' dir='ltr'><strong>eumque</strong></span> <span class='ocrx_word' id='word_1_394' title='bbox 2646 2884 2820 2940; x_wconf 69' lang='lat' dir='ltr'><strong>Judaei</strong></span> <span class='ocrx_word' id='word_1_395' title='bbox 2875 2886 3088 2941; x_wconf 88' lang='lat' dir='ltr'><strong>Pascha</strong></span> <span class='ocrx_word' id='word_1_396' title='bbox 3149 2890 3491 2945; x_wconf 86' lang='lat' dir='ltr'><strong>celebrarent</strong></span> <span class='ocrx_word' id='word_1_397' title='bbox 3552 2893 3692 2947; x_wconf 88' lang='lat' dir='ltr'><strong>idem</strong></span> <span class='ocrx_word' id='word_1_398' title='bbox 3750 2897 3955 2952; x_wconf 90' lang='lat' dir='ltr'><strong>festum</strong></span> 
     </span>
    </p>
   </div>
   <div class='ocr_carea' id='block_1_55' title="bbox 2383 2977 3964 3056">
    <p class='ocr_par' dir='ltr' id='par_1_55' title="bbox 2383 2977 3964 3056">
     <span class='ocr_line' id='line_1_55' title="bbox 2383 2977 3964 3056; baseline 0.009 -28"><span class='ocrx_word' id='word_1_399' title='bbox 2383 2992 2491 3029; x_wconf 85' lang='lat' dir='ltr'><strong>una</strong></span> <span class='ocrx_word' id='word_1_400' title='bbox 2525 2977 2829 3040; x_wconf 83' lang='lat' dir='ltr'><strong>celebrare,</strong></span> <span class='ocrx_word' id='word_1_401' title='bbox 2855 2980 3000 3047; x_wconf 89' lang='lat' dir='ltr'><strong>quod</strong></span> <span class='ocrx_word' id='word_1_402' title='bbox 3036 2979 3155 3035; x_wconf 89' lang='lat' dir='ltr'><strong>dies</strong></span> <span class='ocrx_word' id='word_1_403' title='bbox 3192 2982 3475 3037; x_wconf 84' lang='lat' dir='ltr'><strong>Paschalis</strong></span> <span class='ocrx_word' id='word_1_404' title='bbox 3502 3001 3623 3038; x_wconf 89' lang='lat' dir='ltr'><strong>cum</strong></span> <span class='ocrx_word' id='word_1_405' title='bbox 3648 2988 3841 3056; x_wconf 81' lang='lat' dir='ltr'><strong>jejunii</strong></span> <span class='ocrx_word' id='word_1_406' title='bbox 3872 3005 3964 3043; x_wconf 87' lang='lat' dir='ltr'><strong>so-</strong></span> 
     </span>
    </p>
   </div>
   <div class='ocr_carea' id='block_1_56' title="bbox 2388 3067 3962 3144">
    <p class='ocr_par' dir='ltr' id='par_1_56' title="bbox 2388 3067 3962 3144">
     <span class='ocr_line' id='line_1_56' title="bbox 2388 3067 3962 3144; baseline 0.008 -23"><span class='ocrx_word' id='word_1_407' title='bbox 2388 3069 2597 3121; x_wconf 88' lang='lat' dir='ltr'><strong>lutione</strong></span> <span class='ocrx_word' id='word_1_408' title='bbox 2628 3077 2775 3122; x_wconf 89' lang='lat' dir='ltr'><strong>erat.</strong></span> <span class='ocrx_word' id='word_1_409' title='bbox 2810 3067 3079 3125; x_wconf 80' lang='lat' dir='ltr'><strong>Vetarunt</strong></span> <span class='ocrx_word' id='word_1_410' title='bbox 3112 3085 3292 3128; x_wconf 88' lang='lat' dir='ltr'><strong>autem</strong></span> <span class='ocrx_word' id='word_1_411' title='bbox 3324 3077 3473 3144; x_wconf 91' lang='lat' dir='ltr'><strong>ipsos</strong></span> <span class='ocrx_word' id='word_1_412' title='bbox 3508 3079 3698 3132; x_wconf 89' lang='lat' dir='ltr'><strong>Patres</strong></span> <span class='ocrx_word' id='word_1_413' title='bbox 3728 3083 3962 3134; x_wconf 90' lang='lat' dir='ltr'><strong>trecenti</strong></span> 
     </span>
    </p>
   </div>
   <div class='ocr_carea' id='block_1_57' title="bbox 710 3152 3961 3244">
    <p class='ocr_par' dir='ltr' id='par_1_57' title="bbox 710 3152 3961 3244">
     <span class='ocr_line' id='line_1_57' title="bbox 710 3152 3961 3244; baseline -0.002 -25"><span class='ocrx_word' id='word_1_414' title='bbox 710 3167 917 3219; x_wconf 79' lang='lat' dir='ltr'><strong>xander</strong></span> <span class='ocrx_word' id='word_1_415' title='bbox 950 3161 1257 3231; x_wconf 86' lang='lat' dir='ltr'><strong>patriarcha</strong></span> <span class='ocrx_word' id='word_1_416' title='bbox 1310 3158 1734 3217; x_wconf 75' lang='lat' dir='ltr'><strong>Alexandrinus.</strong></span> <span class='ocrx_word' id='word_1_417' title='bbox 1769 3166 1823 3211; x_wconf 89' lang='lat' dir='ltr'><strong>et</strong></span> <span class='ocrx_word' id='word_1_418' title='bbox 1856 3155 2003 3226; x_wconf 90' lang='lat' dir='ltr'><strong>[cum</strong></span> <span class='ocrx_word' id='word_1_419' title='bbox 2032 3152 2122 3224; x_wconf 87' lang='lat' dir='ltr'><strong>eo]</strong></span> <span class='ocrx_word' id='word_1_420' title='bbox 2165 3153 2275 3206; x_wconf 86' lang='lat' dir='ltr'><strong>Ett-</strong></span> <span class='ocrx_word' id='word_1_421' title='bbox 2307 3189 2348 3244; x_wconf 64' lang='grc' dir='ltr'>ε</span> <span class='ocrx_word' id='word_1_422' title='bbox 2385 3158 2690 3213; x_wconf 74' lang='lat' dir='ltr'><strong>octodecim</strong></span> <span class='ocrx_word' id='word_1_423' title='bbox 2735 3161 2839 3215; x_wconf 79' lang='lat' dir='ltr'><strong>hoc</strong></span> <span class='ocrx_word' id='word_1_424' title='bbox 2870 3161 3070 3227; x_wconf 54' lang='lat' dir='ltr'><strong>facere,</strong></span> <span class='ocrx_word' id='word_1_425' title='bbox 3121 3165 3383 3233; x_wconf 67' lang='lat' dir='ltr'><strong>jubemes</strong></span> <span class='ocrx_word' id='word_1_426' title='bbox 3420 3169 3627 3224; x_wconf 64' lang='grc' dir='ltr'>ιιθειιη</span> <span class='ocrx_word' id='word_1_427' title='bbox 3684 3170 3961 3225; x_wconf 58' lang='lat' dir='ltr'><strong>anima-</strong></span> 
     </span>
    </p>
   </div>
   <div class='ocr_carea' id='block_1_58' title="bbox 710 3246 2277 3324">
    <p class='ocr_par' dir='ltr' id='par_1_58' title="bbox 710 3246 2277 3324">
     <span class='ocr_line' id='line_1_58' title="bbox 710 3246 2277 3324; baseline -0.011 -11"><span class='ocrx_word' id='word_1_428' title='bbox 710 3258 950 3313; x_wconf 83' lang='lat' dir='ltr'><strong>stathius</strong></span> <span class='ocrx_word' id='word_1_429' title='bbox 984 3254 1293 3324; x_wconf 83' lang='lat' dir='ltr'><strong>patriarcha</strong></span> <span class='ocrx_word' id='word_1_430' title='bbox 1326 3251 1719 3314; x_wconf 78' lang='lat' dir='ltr'><strong>Autiochenus,</strong></span> <span class='ocrx_word' id='word_1_431' title='bbox 1752 3258 1806 3302; x_wconf 91' lang='lat' dir='ltr'><strong>et</strong></span> <span class='ocrx_word' id='word_1_432' title='bbox 1866 3247 2133 3300; x_wconf 83' lang='lat' dir='ltr'><strong>Macarius</strong></span> <span class='ocrx_word' id='word_1_433' title='bbox 2164 3246 2277 3313; x_wconf 82' lang='lat' dir='ltr'><strong>epi-</strong></span> 
     </span>
    </p>
   </div>
   <div class='ocr_carea' id='block_1_59' title="bbox 707 3339 2281 3419">
    <p class='ocr_par' dir='ltr' id='par_1_59' title="bbox 707 3339 2281 3419">
     <span class='ocr_line' id='line_1_59' title="bbox 707 3339 2281 3419; baseline -0.009 -15"><span class='ocrx_word' id='word_1_434' title='bbox 707 3363 903 3419; x_wconf 85' lang='lat' dir='ltr'><strong>scopus</strong></span> <span class='ocrx_word' id='word_1_435' title='bbox 938 3343 1479 3414; x_wconf 78' lang='lat' dir='ltr'><strong>Hierosolynitanus,</strong></span> <span class='ocrx_word' id='word_1_436' title='bbox 1525 3341 1798 3412; x_wconf 83' lang='lat' dir='ltr'><strong>Sylvestcr</strong></span> <span class='ocrx_word' id='word_1_437' title='bbox 1843 3339 2144 3409; x_wconf 85' lang='lat' dir='ltr'><strong>patriarcha</strong></span> <span class='ocrx_word' id='word_1_438' title='bbox 2172 3339 2281 3393; x_wconf 81' lang='lat' dir='ltr'><strong>Ro-</strong></span> 
     </span>
    </p>
   </div>
   <div class='ocr_carea' id='block_1_60' title="bbox 708 3430 2275 3494">
    <p class='ocr_par' dir='ltr' id='par_1_60' title="bbox 708 3430 2275 3494">
     <span class='ocr_line' id='line_1_60' title="bbox 708 3430 2275 3494; baseline -0.01 0"><span class='ocrx_word' id='word_1_439' title='bbox 708 3454 901 3494; x_wconf 89' lang='lat' dir='ltr'><strong>manus</strong></span> <span class='ocrx_word' id='word_1_440' title='bbox 954 3437 1172 3490; x_wconf 89' lang='lat' dir='ltr'><strong>nomine</strong></span> <span class='ocrx_word' id='word_1_441' title='bbox 1208 3449 1309 3488; x_wconf 90' lang='lat' dir='ltr'><strong>suo</strong></span> <span class='ocrx_word' id='word_1_442' title='bbox 1341 3432 1479 3486; x_wconf 88' lang='lat' dir='ltr'><strong>duos</strong></span> <span class='ocrx_word' id='word_1_443' title='bbox 1531 3433 1679 3486; x_wconf 88' lang='lat' dir='ltr'><strong>misit</strong></span> <span class='ocrx_word' id='word_1_444' title='bbox 1729 3430 2058 3492; x_wconf 82' lang='lat' dir='ltr'><strong>sacerdotes,</strong></span> <span class='ocrx_word' id='word_1_445' title='bbox 2109 3444 2275 3480; x_wconf 88' lang='lat' dir='ltr'><strong>unum</strong></span> 
     </span>
    </p>
   </div>
   <div class='ocr_carea' id='block_1_61' title="bbox 710 3519 2276 3590">
    <p class='ocr_par' dir='ltr' id='par_1_61' title="bbox 710 3519 2276 3590">
     <span class='ocr_line' id='line_1_61' title="bbox 710 3519 2276 3590; baseline -0.009 -5"><span class='ocrx_word' id='word_1_446' title='bbox 710 3531 928 3586; x_wconf 86' lang='lat' dir='ltr'><strong>nomine</strong></span> <span class='ocrx_word' id='word_1_447' title='bbox 952 3527 1254 3590; x_wconf 79' lang='lat' dir='ltr'><strong>Victorem,</strong></span> <span class='ocrx_word' id='word_1_448' title='bbox 1296 3526 1525 3578; x_wconf 80' lang='lat' dir='ltr'><strong>alterunt</strong></span> <span class='ocrx_word' id='word_1_449' title='bbox 1562 3522 1890 3585; x_wconf 80' lang='lat' dir='ltr'><strong>Vicentium,</strong></span> <span class='ocrx_word' id='word_1_450' title='bbox 1920 3522 2009 3589; x_wconf 87' lang='lat' dir='ltr'><strong>qui</strong></span> <span class='ocrx_word' id='word_1_451' title='bbox 2055 3523 2106 3573; x_wconf 91' lang='lat' dir='ltr'><strong>in</strong></span> <span class='ocrx_word' id='word_1_452' title='bbox 2162 3519 2276 3571; x_wconf 81' lang='lat' dir='ltr'><strong>Arii</strong></span> 
     </span>
    </p>
   </div>
   <div class='ocr_carea' id='block_1_62' title="bbox 709 3614 2279 3689">
    <p class='ocr_par' dir='ltr' id='par_1_62' title="bbox 709 3614 2279 3689">
     <span class='ocr_line' id='line_1_62' title="bbox 709 3614 2279 3689; baseline -0.011 -12"><span class='ocrx_word' id='word_1_453' title='bbox 709 3621 1097 3689; x_wconf 86' lang='lat' dir='ltr'><strong>sociorumque</strong></span> <span class='ocrx_word' id='word_1_454' title='bbox 1152 3618 1327 3688; x_wconf 86' lang='lat' dir='ltr'><strong>ipsius</strong></span> <span class='ocrx_word' id='word_1_455' title='bbox 1366 3614 1986 3669; x_wconf 80' lang='lat' dir='ltr'><strong>exeommunirationem</strong></span> <span class='ocrx_word' id='word_1_456' title='bbox 2047 3625 2279 3663; x_wconf 85' lang='lat' dir='ltr'><strong>consen-</strong></span> 
     </span>
    </p>
   </div>
   <div class='ocr_carea' id='block_1_63' title="bbox 712 3702 2276 3782">
    <p class='ocr_par' dir='ltr' id='par_1_63' title="bbox 712 3702 2276 3782">
     <span class='ocr_line' id='line_1_63' title="bbox 712 3702 2276 3782; baseline -0.009 -13"><span class='ocrx_word' id='word_1_457' title='bbox 712 3720 934 3776; x_wconf 80' lang='lat' dir='ltr'><strong>serunt;</strong></span> <span class='ocrx_word' id='word_1_458' title='bbox 970 3712 1233 3782; x_wconf 86' lang='lat' dir='ltr'><strong>ipsisque,</strong></span> <span class='ocrx_word' id='word_1_459' title='bbox 1263 3725 1326 3763; x_wconf 87' lang='lat' dir='ltr'><strong>ac</strong></span> <span class='ocrx_word' id='word_1_460' title='bbox 1379 3708 1632 3761; x_wconf 89' lang='lat' dir='ltr'><strong>omnibus</strong></span> <span class='ocrx_word' id='word_1_461' title='bbox 1676 3707 1765 3775; x_wconf 85' lang='lat' dir='ltr'><strong>qui</strong></span> <span class='ocrx_word' id='word_1_462' title='bbox 1814 3703 2062 3758; x_wconf 71' lang='lat' dir='ltr'><strong>eamdi-nt</strong></span> <span class='ocrx_word' id='word_1_463' title='bbox 2111 3702 2276 3771; x_wconf 82' lang='lat' dir='ltr'><strong>profl-</strong></span> 
     </span>
    </p>
   </div>
   <div class='ocr_carea' id='block_1_64' title="bbox 713 3794 2274 3865">
    <p class='ocr_par' dir='ltr' id='par_1_64' title="bbox 713 3794 2274 3865">
     <span class='ocr_line' id='line_1_64' title="bbox 713 3794 2274 3865; baseline -0.008 -5"><span class='ocrx_word' id='word_1_464' title='bbox 713 3813 961 3862; x_wconf 80' lang='lat' dir='ltr'><strong>terentur</strong></span> <span class='ocrx_word' id='word_1_465' title='bbox 1017 3802 1372 3865; x_wconf 86' lang='lat' dir='ltr'><strong>sententiam,</strong></span> <span class='ocrx_word' id='word_1_466' title='bbox 1430 3798 1855 3854; x_wconf 76' lang='lat' dir='ltr'><strong>maledixerunt.</strong></span> <span class='ocrx_word' id='word_1_467' title='bbox 1907 3794 2055 3848; x_wconf 81' lang='lat' dir='ltr'><strong>Fidei</strong></span> <span class='ocrx_word' id='word_1_468' title='bbox 2110 3795 2274 3849; x_wconf 86' lang='lat' dir='ltr'><strong>etiam</strong></span> 
     </span>
    </p>
   </div>
   <div class='ocr_carea' id='block_1_65' title="bbox 710 3886 2277 3958">
    <p class='ocr_par' dir='ltr' id='par_1_65' title="bbox 710 3886 2277 3958">
     <span class='ocr_line' id='line_1_65' title="bbox 710 3886 2277 3958; baseline -0.008 -7"><span class='ocrx_word' id='word_1_469' title='bbox 710 3898 1107 3953; x_wconf 85' lang='lat' dir='ltr'><strong>enufcssionem</strong></span> <span class='ocrx_word' id='word_1_470' title='bbox 1143 3895 1459 3958; x_wconf 86' lang='lat' dir='ltr'><strong>ediderunt,</strong></span> <span class='ocrx_word' id='word_1_471' title='bbox 1488 3898 1809 3952; x_wconf 85' lang='lat' dir='ltr'><strong>statuentes,</strong></span> <span class='ocrx_word' id='word_1_472' title='bbox 1835 3886 2028 3940; x_wconf 87' lang='lat' dir='ltr'><strong>Filium</strong></span> <span class='ocrx_word' id='word_1_473' title='bbox 2055 3901 2084 3940; x_wconf 92' lang='lat' dir='ltr'><strong>a</strong></span> <span class='ocrx_word' id='word_1_474' title='bbox 2119 3886 2277 3939; x_wconf 83' lang='lat' dir='ltr'><strong>Patre</strong></span> 
     </span>
    </p>
   </div>
   <div class='ocr_carea' id='block_1_66' title="bbox 710 3980 2276 4054">
    <p class='ocr_par' dir='ltr' id='par_1_66' title="bbox 710 3980 2276 4054">
     <span class='ocr_line' id='line_1_66' title="bbox 710 3980 2276 4054; baseline -0.006 -12"><span class='ocrx_word' id='word_1_475' title='bbox 710 4002 833 4045; x_wconf 73' lang='lat' dir='ltr'><strong>ante</strong></span> <span class='ocrx_word' id='word_1_476' title='bbox 886 3989 1071 4044; x_wconf 87' lang='lat' dir='ltr'><strong>omnia</strong></span> <span class='ocrx_word' id='word_1_477' title='bbox 1125 3987 1321 4042; x_wconf 59' lang='lat' dir='ltr'><strong>saecula</strong></span> <span class='ocrx_word' id='word_1_478' title='bbox 1372 3983 1614 4054; x_wconf 83' lang='lat' dir='ltr'><strong>genitum</strong></span> <span class='ocrx_word' id='word_1_479' title='bbox 1671 3981 1874 4046; x_wconf 85' lang='lat' dir='ltr'><strong>fuisse;</strong></span> <span class='ocrx_word' id='word_1_480' title='bbox 1915 3980 2276 4047; x_wconf 75' lang='lat' dir='ltr'><strong>eamdemque</strong></span> 
     </span>
    </p>
   </div>
   <div class='ocr_carea' id='block_1_67' title="bbox 713 4069 2273 4152">
    <p class='ocr_par' dir='ltr' id='par_1_67' title="bbox 713 4069 2273 4152">
     <span class='ocr_line' id='line_1_67' title="bbox 713 4069 2273 4152; baseline -0.01 -16"><span class='ocrx_word' id='word_1_481' title='bbox 713 4083 959 4152; x_wconf 81' lang='lat' dir='ltr'><strong>ejusdem</strong></span> <span class='ocrx_word' id='word_1_482' title='bbox 1001 4096 1126 4135; x_wconf 91' lang='lat' dir='ltr'><strong>cum</strong></span> <span class='ocrx_word' id='word_1_483' title='bbox 1184 4079 1346 4131; x_wconf 86' lang='lat' dir='ltr'><strong>Patre</strong></span> <span class='ocrx_word' id='word_1_484' title='bbox 1412 4087 1643 4137; x_wconf 58' lang='lat' dir='ltr'><strong>natura},</strong></span> <span class='ocrx_word' id='word_1_485' title='bbox 1699 4074 2032 4126; x_wconf 80' lang='lat' dir='ltr'><strong>iucreatum.</strong></span> <span class='ocrx_word' id='word_1_486' title='bbox 2080 4069 2273 4133; x_wconf 89' lang='lat' dir='ltr'><strong>Porro,</strong></span> 
     </span>
    </p>
   </div>
   <div class='ocr_carea' id='block_1_68' title="bbox 712 4159 2275 4238">
    <p class='ocr_par' dir='ltr' id='par_1_68' title="bbox 712 4159 2275 4238">
     <span class='ocr_line' id='line_1_68' title="bbox 712 4159 2275 4238; baseline -0.009 -12"><span class='ocrx_word' id='word_1_487' title='bbox 712 4174 832 4226; x_wconf 90' lang='lat' dir='ltr'><strong>urbi</strong></span> <span class='ocrx_word' id='word_1_488' title='bbox 866 4168 1339 4238; x_wconf 83' lang='lat' dir='ltr'><strong>Constantinopoli</strong></span> <span class='ocrx_word' id='word_1_489' title='bbox 1362 4165 1733 4236; x_wconf 88' lang='lat' dir='ltr'><strong>patriarcham</strong></span> <span class='ocrx_word' id='word_1_490' title='bbox 1770 4162 2132 4232; x_wconf 76' lang='lat' dir='ltr'><strong>praefecerunt</strong></span> <span class='ocrx_word' id='word_1_491' title='bbox 2166 4159 2275 4213; x_wconf 76' lang='lat' dir='ltr'><strong>Mc-</strong></span> 
     </span>
    </p>
   </div>
   <div class='ocr_carea' id='block_1_69' title="bbox 711 4250 2276 4330">
    <p class='ocr_par' dir='ltr' id='par_1_69' title="bbox 711 4250 2276 4330">
     <span class='ocr_line' id='line_1_69' title="bbox 711 4250 2276 4330; baseline -0.008 -16"><span class='ocrx_word' id='word_1_492' title='bbox 711 4262 1050 4330; x_wconf 81' lang='lat' dir='ltr'><strong>trOphauem.</strong></span> <span class='ocrx_word' id='word_1_493' title='bbox 1072 4258 1215 4311; x_wconf 81' lang='lat' dir='ltr'><strong>Inter</strong></span> <span class='ocrx_word' id='word_1_494' title='bbox 1232 4271 1323 4310; x_wconf 85' lang='lat' dir='ltr'><strong>eos</strong></span> <span class='ocrx_word' id='word_1_495' title='bbox 1342 4259 1501 4308; x_wconf 88' lang='lat' dir='ltr'><strong>etiam</strong></span> <span class='ocrx_word' id='word_1_496' title='bbox 1523 4252 1771 4307; x_wconf 75' lang='lat' dir='ltr'><strong>convenit</strong></span> <span class='ocrx_word' id='word_1_497' title='bbox 1801 4251 2004 4305; x_wconf 86' lang='lat' dir='ltr'><strong>Pascha</strong></span> <span class='ocrx_word' id='word_1_498' title='bbox 2026 4250 2276 4303; x_wconf 87' lang='lat' dir='ltr'><strong>christia-</strong></span> 
     </span>
    </p>
   </div>
   <div class='ocr_carea' id='block_1_70' title="bbox 715 4337 2273 4413">
    <p class='ocr_par' dir='ltr' id='par_1_70' title="bbox 715 4337 2273 4413">
     <span class='ocr_line' id='line_1_70' title="bbox 715 4337 2273 4413; baseline -0.01 -8"><span class='ocrx_word' id='word_1_499' title='bbox 715 4366 902 4405; x_wconf 84' lang='lat' dir='ltr'><strong>norum</strong></span> <span class='ocrx_word' id='word_1_500' title='bbox 934 4350 1021 4403; x_wconf 88' lang='lat' dir='ltr'><strong>die</strong></span> <span class='ocrx_word' id='word_1_501' title='bbox 1072 4346 1349 4399; x_wconf 82' lang='lat' dir='ltr'><strong>Dominico</strong></span> <span class='ocrx_word' id='word_1_502' title='bbox 1390 4354 1511 4413; x_wconf 84' lang='lat' dir='ltr'><strong>post</strong></span> <span class='ocrx_word' id='word_1_503' title='bbox 1554 4339 1861 4394; x_wconf 59' lang='lat' dir='ltr'><strong>Iudaeorum</strong></span> <span class='ocrx_word' id='word_1_504' title='bbox 1894 4337 2099 4392; x_wconf 81' lang='lat' dir='ltr'><strong>Pascha</strong></span> <span class='ocrx_word' id='word_1_505' title='bbox 2130 4338 2273 4390; x_wconf 86' lang='lat' dir='ltr'><strong>cele-</strong></span> 
     </span>
    </p>
   </div>
   <div class='ocr_carea' id='block_1_71' title="bbox 2386 3252 3956 3321">
    <p class='ocr_par' dir='ltr' id='par_1_71' title="bbox 2386 3252 3956 3321">
     <span class='ocr_line' id='line_1_71' title="bbox 2386 3252 3956 3321; baseline 0.008 -18"><span class='ocrx_word' id='word_1_506' title='bbox 2386 3266 2577 3303; x_wconf 81' lang='lat' dir='ltr'><strong>noru-n</strong></span> <span class='ocrx_word' id='word_1_507' title='bbox 2608 3252 2873 3306; x_wconf 88' lang='lat' dir='ltr'><strong>celebrari</strong></span> <span class='ocrx_word' id='word_1_508' title='bbox 2934 3255 3021 3307; x_wconf 90' lang='lat' dir='ltr'><strong>die</strong></span> <span class='ocrx_word' id='word_1_509' title='bbox 3061 3254 3366 3321; x_wconf 85' lang='lat' dir='ltr'><strong>Dominieo,</strong></span> <span class='ocrx_word' id='word_1_510' title='bbox 3390 3257 3601 3313; x_wconf 86' lang='lat' dir='ltr'><strong>Pascha</strong></span> <span class='ocrx_word' id='word_1_511' title='bbox 3636 3260 3956 3315; x_wconf 68' lang='lat' dir='ltr'><strong>Judaeoruta</strong></span> 
     </span>
    </p>
   </div>
   <div class='ocr_carea' id='block_1_72' title="bbox 2384 3343 3962 3419">
    <p class='ocr_par' dir='ltr' id='par_1_72' title="bbox 2384 3343 3962 3419">
     <span class='ocr_line' id='line_1_72' title="bbox 2384 3343 3962 3419; baseline 0.008 -24"><span class='ocrx_word' id='word_1_512' title='bbox 2384 3343 2632 3411; x_wconf 79' lang='lat' dir='ltr'><strong>proxime</strong></span> <span class='ocrx_word' id='word_1_513' title='bbox 2672 3356 2969 3414; x_wconf 87' lang='lat' dir='ltr'><strong>sequente:</strong></span> <span class='ocrx_word' id='word_1_514' title='bbox 3004 3347 3463 3419; x_wconf 84' lang='lat' dir='ltr'><strong>prohibentesque</strong></span> <span class='ocrx_word' id='word_1_515' title='bbox 3516 3355 3597 3407; x_wconf 80' lang='lat' dir='ltr'><strong>vel</strong></span> <span class='ocrx_word' id='word_1_516' title='bbox 3663 3370 3770 3408; x_wconf 92' lang='lat' dir='ltr'><strong>uua</strong></span> <span class='ocrx_word' id='word_1_517' title='bbox 3830 3372 3962 3409; x_wconf 86' lang='lat' dir='ltr'><strong>cum</strong></span> 
     </span>
    </p>
   </div>
   <div class='ocr_carea' id='block_1_73' title="bbox 2381 3433 3962 3514">
    <p class='ocr_par' dir='ltr' id='par_1_73' title="bbox 2381 3433 3962 3514">
     <span class='ocr_line' id='line_1_73' title="bbox 2381 3433 3962 3514; baseline 0.008 -27"><span class='ocrx_word' id='word_1_518' title='bbox 2381 3433 2605 3499; x_wconf 65' lang='lat' dir='ltr'><strong>Judaeis,</strong></span> <span class='ocrx_word' id='word_1_519' title='bbox 2640 3436 2877 3490; x_wconf 79' lang='lat' dir='ltr'><strong>velante</strong></span> <span class='ocrx_word' id='word_1_520' title='bbox 2909 3438 3058 3506; x_wconf 86' lang='lat' dir='ltr'><strong>ipsos</strong></span> <span class='ocrx_word' id='word_1_521' title='bbox 3115 3439 3312 3495; x_wconf 85' lang='lat' dir='ltr'><strong>festum</strong></span> <span class='ocrx_word' id='word_1_522' title='bbox 3372 3443 3476 3498; x_wconf 92' lang='lat' dir='ltr'><strong>hoc</strong></span> <span class='ocrx_word' id='word_1_523' title='bbox 3526 3461 3707 3514; x_wconf 81' lang='lat' dir='ltr'><strong>agere,</strong></span> <span class='ocrx_word' id='word_1_524' title='bbox 3764 3461 3962 3501; x_wconf 80' lang='lat' dir='ltr'><strong>verum</strong></span> 
     </span>
    </p>
   </div>
   <div class='ocr_carea' id='block_1_74' title="bbox 2381 3527 3963 3595">
    <p class='ocr_par' dir='ltr' id='par_1_74' title="bbox 2381 3527 3963 3595">
     <span class='ocr_line' id='line_1_74' title="bbox 2381 3527 3963 3595; baseline 0.01 -19"><span class='ocrx_word' id='word_1_525' title='bbox 2381 3538 2575 3579; x_wconf 90' lang='lat' dir='ltr'><strong>curare</strong></span> <span class='ocrx_word' id='word_1_526' title='bbox 2598 3535 2657 3578; x_wconf 92' lang='lat' dir='ltr'><strong>ut</strong></span> <span class='ocrx_word' id='word_1_527' title='bbox 2702 3540 2919 3595; x_wconf 87' lang='lat' dir='ltr'><strong>semper</strong></span> <span class='ocrx_word' id='word_1_528' title='bbox 2950 3527 3154 3584; x_wconf 86' lang='lat' dir='ltr'><strong>Pascha</strong></span> <span class='ocrx_word' id='word_1_529' title='bbox 3176 3532 3612 3590; x_wconf 84' lang='lat' dir='ltr'><strong>Christianorum</strong></span> <span class='ocrx_word' id='word_1_530' title='bbox 3642 3535 3963 3592; x_wconf 73' lang='lat' dir='ltr'><strong>Jttdazurunt</strong></span> 
     </span>
    </p>
   </div>
   <div class='ocr_carea' id='block_1_75' title="bbox 2384 3616 2966 3684">
    <p class='ocr_par' dir='ltr' id='par_1_75' title="bbox 2384 3616 2966 3684">
     <span class='ocr_line' id='line_1_75' title="bbox 2384 3616 2966 3684; baseline 0.005 -16"><span class='ocrx_word' id='word_1_531' title='bbox 2384 3616 2593 3668; x_wconf 85' lang='lat' dir='ltr'><strong>Pascha</strong></span> <span class='ocrx_word' id='word_1_532' title='bbox 2614 3626 2966 3684; x_wconf 86' lang='lat' dir='ltr'><strong>sequeretur.</strong></span> 
     </span>
    </p>
   </div>
   <div class='ocr_carea' id='block_1_76' title="bbox 2452 3706 3961 3781">
    <p class='ocr_par' dir='ltr' id='par_1_76' title="bbox 2452 3706 3961 3781">
     <span class='ocr_line' id='line_1_76' title="bbox 2452 3706 3961 3781; baseline 0.007 -22"><span class='ocrx_word' id='word_1_533' title='bbox 2452 3706 2775 3761; x_wconf 79' lang='lat' dir='ltr'><strong>Statuerunt</strong></span> <span class='ocrx_word' id='word_1_534' title='bbox 2804 3709 2966 3762; x_wconf 90' lang='lat' dir='ltr'><strong>etiam</strong></span> <span class='ocrx_word' id='word_1_535' title='bbox 2995 3724 3061 3763; x_wconf 90' lang='lat' dir='ltr'><strong>ne</strong></span> <span class='ocrx_word' id='word_1_536' title='bbox 3091 3712 3383 3780; x_wconf 79' lang='lat' dir='ltr'><strong>episcopus</strong></span> <span class='ocrx_word' id='word_1_537' title='bbox 3443 3714 3565 3781; x_wconf 88' lang='lat' dir='ltr'><strong>quis</strong></span> <span class='ocrx_word' id='word_1_538' title='bbox 3600 3732 3822 3769; x_wconf 84' lang='lat' dir='ltr'><strong>uxorein</strong></span> <span class='ocrx_word' id='word_1_539' title='bbox 3854 3718 3961 3770; x_wconf 77' lang='lat' dir='ltr'><strong>ha-</strong></span> 
     </span>
    </p>
   </div>
   <div class='ocr_carea' id='block_1_77' title="bbox 2383 3799 3965 3874">
    <p class='ocr_par' dir='ltr' id='par_1_77' title="bbox 2383 3799 3965 3874">
     <span class='ocr_line' id='line_1_77' title="bbox 2383 3799 3965 3874; baseline 0.006 -22"><span class='ocrx_word' id='word_1_540' title='bbox 2383 3800 2552 3853; x_wconf 91' lang='lat' dir='ltr'><strong>beret.</strong></span> <span class='ocrx_word' id='word_1_541' title='bbox 2573 3799 2618 3851; x_wconf 82' lang='lat' dir='ltr'><strong>A</strong></span> <span class='ocrx_word' id='word_1_542' title='bbox 2638 3807 2879 3868; x_wconf 84' lang='lat' dir='ltr'><strong>tempore</strong></span> <span class='ocrx_word' id='word_1_543' title='bbox 2903 3802 3045 3854; x_wconf 89' lang='lat' dir='ltr'><strong>enim</strong></span> <span class='ocrx_word' id='word_1_544' title='bbox 3073 3805 3463 3871; x_wconf 89' lang='lat' dir='ltr'><strong>apostolorum,</strong></span> <span class='ocrx_word' id='word_1_545' title='bbox 3490 3821 3659 3874; x_wconf 85' lang='lat' dir='ltr'><strong>usque</strong></span> <span class='ocrx_word' id='word_1_546' title='bbox 3686 3809 3750 3858; x_wconf 88' lang='lat' dir='ltr'><strong>ad</strong></span> <span class='ocrx_word' id='word_1_547' title='bbox 3772 3812 3931 3861; x_wconf 84' lang='lat' dir='ltr'><strong>conci</strong></span> <span class='ocrx_word' id='word_1_548' title='bbox 3948 3838 3965 3849; x_wconf 89' lang='lat'><strong>-</strong></span> 
     </span>
    </p>
   </div>
   <div class='ocr_carea' id='block_1_78' title="bbox 2381 3892 3961 3966">
    <p class='ocr_par' dir='ltr' id='par_1_78' title="bbox 2381 3892 3961 3966">
     <span class='ocr_line' id='line_1_78' title="bbox 2381 3892 3961 3966; baseline 0.003 -20"><span class='ocrx_word' id='word_1_549' title='bbox 2381 3892 2509 3946; x_wconf 86' lang='lat' dir='ltr'><strong>lium</strong></span> <span class='ocrx_word' id='word_1_550' title='bbox 2560 3901 2926 3944; x_wconf 89' lang='lat' dir='ltr'><strong>trecentorum</strong></span> <span class='ocrx_word' id='word_1_551' title='bbox 2984 3893 3286 3947; x_wconf 86' lang='lat' dir='ltr'><strong>octodecim</strong></span> <span class='ocrx_word' id='word_1_552' title='bbox 3337 3911 3530 3950; x_wconf 80' lang='lat' dir='ltr'><strong>uxores</strong></span> <span class='ocrx_word' id='word_1_553' title='bbox 3579 3898 3711 3966; x_wconf 89' lang='lat' dir='ltr'><strong>ipsis</strong></span> <span class='ocrx_word' id='word_1_554' title='bbox 3766 3910 3961 3960; x_wconf 85' lang='lat' dir='ltr'><strong>erant,</strong></span> 
     </span>
    </p>
   </div>
   <div class='ocr_carea' id='block_1_79' title="bbox 2379 3982 3958 4059">
    <p class='ocr_par' dir='ltr' id='par_1_79' title="bbox 2379 3982 3958 4059">
     <span class='ocr_line' id='line_1_79' title="bbox 2379 3982 3958 4059; baseline 0.002 -25"><span class='ocrx_word' id='word_1_555' title='bbox 2379 3983 2513 4035; x_wconf 85' lang='lat' dir='ltr'><strong>adeo</strong></span> <span class='ocrx_word' id='word_1_556' title='bbox 2545 3982 2675 4035; x_wconf 90' lang='lat' dir='ltr'><strong>utsi</strong></span> <span class='ocrx_word' id='word_1_557' title='bbox 2714 3983 2837 4051; x_wconf 88' lang='lat' dir='ltr'><strong>quis</strong></span> <span class='ocrx_word' id='word_1_558' title='bbox 2894 3982 2984 4050; x_wconf 91' lang='lat' dir='ltr'><strong>qui</strong></span> <span class='ocrx_word' id='word_1_559' title='bbox 3049 3998 3268 4037; x_wconf 81' lang='lat' dir='ltr'><strong>uxorem</strong></span> <span class='ocrx_word' id='word_1_560' title='bbox 3320 3985 3543 4039; x_wconf 78' lang='lat' dir='ltr'><strong>duxerat</strong></span> <span class='ocrx_word' id='word_1_561' title='bbox 3594 3986 3958 4059; x_wconf 75' lang='grc' dir='ltr'><strong>449ο451</strong></span> 
     </span>
    </p>
   </div>
   <div class='ocr_carea' id='block_1_80' title="bbox 2377 4073 3956 4144">
    <p class='ocr_par' dir='ltr' id='par_1_80' title="bbox 2377 4073 3956 4144">
     <span class='ocr_line' id='line_1_80' title="bbox 2377 4073 3956 4144; baseline 0.003 -21"><span class='ocrx_word' id='word_1_562' title='bbox 2377 4073 2666 4142; x_wconf 86' lang='lat' dir='ltr'><strong>cpiscopus</strong></span> <span class='ocrx_word' id='word_1_563' title='bbox 2716 4074 3169 4137; x_wconf 86' lang='lat' dir='ltr'><strong>constitueretur,</strong></span> <span class='ocrx_word' id='word_1_564' title='bbox 3216 4086 3457 4129; x_wconf 89' lang='lat' dir='ltr'><strong>maneret</strong></span> <span class='ocrx_word' id='word_1_565' title='bbox 3492 4079 3606 4144; x_wconf 89' lang='lat' dir='ltr'><strong>ipsa</strong></span> <span class='ocrx_word' id='word_1_566' title='bbox 3664 4093 3788 4129; x_wconf 89' lang='lat' dir='ltr'><strong>cum</strong></span> <span class='ocrx_word' id='word_1_567' title='bbox 3841 4080 3956 4136; x_wconf 79' lang='lat' dir='ltr'><strong>illo,</strong></span> 
     </span>
    </p>
   </div>
   <div class='ocr_carea' id='block_1_81' title="bbox 2382 4162 3961 4232">
    <p class='ocr_par' dir='ltr' id='par_1_81' title="bbox 2382 4162 3961 4232">
     <span class='ocr_line' id='line_1_81' title="bbox 2382 4162 3961 4232; baseline 0.006 -19"><span class='ocrx_word' id='word_1_568' title='bbox 2382 4177 2555 4228; x_wconf 80' lang='lat' dir='ltr'><strong>neque</strong></span> <span class='ocrx_word' id='word_1_569' title='bbox 2602 4162 2671 4214; x_wconf 88' lang='lat' dir='ltr'><strong>ab</strong></span> <span class='ocrx_word' id='word_1_570' title='bbox 2718 4177 2803 4214; x_wconf 80' lang='lat' dir='ltr'><strong>.eo</strong></span> <span class='ocrx_word' id='word_1_571' title='bbox 2856 4162 3149 4224; x_wconf 83' lang='lat' dir='ltr'><strong>recederet,</strong></span> <span class='ocrx_word' id='word_1_572' title='bbox 3182 4165 3425 4231; x_wconf 80' lang='lat' dir='ltr'><strong>exceptis</strong></span> <span class='ocrx_word' id='word_1_573' title='bbox 3468 4167 3813 4232; x_wconf 87' lang='lat' dir='ltr'><strong>patriarchis.</strong></span> <span class='ocrx_word' id='word_1_574' title='bbox 3846 4168 3961 4223; x_wconf 87' lang='lat' dir='ltr'><strong>Illis</strong></span> 
     </span>
    </p>
   </div>
   <div class='ocr_carea' id='block_1_82' title="bbox 2378 4254 3963 4327">
    <p class='ocr_par' dir='ltr' id='par_1_82' title="bbox 2378 4254 3963 4327">
     <span class='ocr_line' id='line_1_82' title="bbox 2378 4254 3963 4327; baseline 0.006 -23"><span class='ocrx_word' id='word_1_575' title='bbox 2378 4254 2522 4305; x_wconf 87' lang='lat' dir='ltr'><strong>enim</strong></span> <span class='ocrx_word' id='word_1_576' title='bbox 2553 4267 2748 4306; x_wconf 82' lang='lat' dir='ltr'><strong>uxores</strong></span> <span class='ocrx_word' id='word_1_577' title='bbox 2771 4268 2877 4305; x_wconf 90' lang='lat' dir='ltr'><strong>non</strong></span> <span class='ocrx_word' id='word_1_578' title='bbox 2926 4261 3106 4316; x_wconf 88' lang='lat' dir='ltr'><strong>erant,</strong></span> <span class='ocrx_word' id='word_1_579' title='bbox 3151 4269 3329 4322; x_wconf 89' lang='lat' dir='ltr'><strong>neque</strong></span> <span class='ocrx_word' id='word_1_580' title='bbox 3378 4258 3727 4323; x_wconf 80' lang='lat' dir='ltr'><strong>coniugatum</strong></span> <span class='ocrx_word' id='word_1_581' title='bbox 3761 4274 3963 4327; x_wconf 86' lang='lat' dir='ltr'><strong>quem-</strong></span> 
     </span>
    </p>
   </div>
   <div class='ocr_carea' id='block_1_83' title="bbox 2383 4342 3957 4413">
    <p class='ocr_par' dir='ltr' id='par_1_83' title="bbox 2383 4342 3957 4413">
     <span class='ocr_line' id='line_1_83' title="bbox 2383 4342 3957 4413; baseline 0.007 -20"><span class='ocrx_word' id='word_1_582' title='bbox 2383 4360 2544 4409; x_wconf 85' lang='lat' dir='ltr'><strong>quam</strong></span> <span class='ocrx_word' id='word_1_583' title='bbox 2584 4342 2647 4393; x_wconf 88' lang='lat' dir='ltr'><strong>ad</strong></span> <span class='ocrx_word' id='word_1_584' title='bbox 2686 4359 2883 4396; x_wconf 86' lang='lat' dir='ltr'><strong>tnuntts</strong></span> <span class='ocrx_word' id='word_1_585' title='bbox 2917 4344 3049 4397; x_wconf 91' lang='lat' dir='ltr'><strong>illud</strong></span> <span class='ocrx_word' id='word_1_586' title='bbox 3082 4347 3473 4413; x_wconf 78' lang='lat' dir='ltr'><strong>proreltehant.</strong></span> <span class='ocrx_word' id='word_1_587' title='bbox 3508 4345 3673 4401; x_wconf 74' lang='lat' dir='ltr'><strong>Porro</strong></span> <span class='ocrx_word' id='word_1_588' title='bbox 3718 4352 3957 4404; x_wconf 68' lang='lat' dir='ltr'><strong>Alexan-</strong></span> 
     </span>
    </p>
   </div>
   <div class='ocr_carea' id='block_1_84' title="bbox 716 4424 3960 4509">
    <p class='ocr_par' dir='ltr' id='par_1_84' title="bbox 716 4424 3960 4509">
     <span class='ocr_line' id='line_1_84' title="bbox 716 4424 3960 4509; baseline -0 -14"><span class='ocrx_word' id='word_1_589' title='bbox 716 4443 1193 4508; x_wconf 87' lang='lat' dir='ltr'><strong>hrandmu,ucque</strong></span> <span class='ocrx_word' id='word_1_590' title='bbox 1210 4438 1394 4490; x_wconf 83' lang='lat' dir='ltr'><strong>eodem</strong></span> <span class='ocrx_word' id='word_1_591' title='bbox 1414 4428 2275 4488; x_wconf 72' lang='lat' dir='ltr'><strong>dieconcurreredcbereJudaeo-</strong></span> <span class='ocrx_word' id='word_1_592' title='bbox 2312 4424 2351 4477; x_wconf 86' lang='lat' dir='ltr'><strong>D</strong></span> <span class='ocrx_word' id='word_1_593' title='bbox 2381 4439 2499 4495; x_wconf 89' lang='lat' dir='ltr'><strong>der,</strong></span> <span class='ocrx_word' id='word_1_594' title='bbox 2541 4434 2806 4509; x_wconf 78' lang='lat' dir='ltr'><strong>Achillam</strong></span> <span class='ocrx_word' id='word_1_595' title='bbox 2837 4436 3044 4488; x_wconf 89' lang='lat' dir='ltr'><strong>socimn</strong></span> <span class='ocrx_word' id='word_1_596' title='bbox 3097 4452 3282 4499; x_wconf 87' lang='lat' dir='ltr'><strong>suum,</strong></span> <span class='ocrx_word' id='word_1_597' title='bbox 3321 4446 3409 4506; x_wconf 83' lang='lat' dir='ltr'><strong>qui</strong></span> <span class='ocrx_word' id='word_1_598' title='bbox 3462 4451 3587 4493; x_wconf 86' lang='lat' dir='ltr'><strong>ante</strong></span> <span class='ocrx_word' id='word_1_599' title='bbox 3640 4443 3815 4509; x_wconf 88' lang='lat' dir='ltr'><strong>ipsum</strong></span> <span class='ocrx_word' id='word_1_600' title='bbox 3858 4459 3960 4509; x_wconf 70' lang='lat' dir='ltr'><strong>pa-</strong></span> 
     </span>
    </p>
   </div>
   <div class='ocr_carea' id='block_1_85' title="bbox 718 4520 2278 4593">
    <p class='ocr_par' dir='ltr' id='par_1_85' title="bbox 718 4520 2278 4593">
     <span class='ocr_line' id='line_1_85' title="bbox 718 4520 2278 4593; baseline -0.008 -7"><span class='ocrx_word' id='word_1_601' title='bbox 718 4552 833 4587; x_wconf 86' lang='lat' dir='ltr'><strong>rum</strong></span> <span class='ocrx_word' id='word_1_602' title='bbox 865 4547 916 4587; x_wconf 85' lang='lat' dir='ltr'><strong>et</strong></span> <span class='ocrx_word' id='word_1_603' title='bbox 957 4532 1379 4586; x_wconf 60' lang='lat' dir='ltr'><strong>christianorum</strong></span> <span class='ocrx_word' id='word_1_604' title='bbox 1404 4527 1633 4582; x_wconf 84' lang='lat' dir='ltr'><strong>Pascha.</strong></span> <span class='ocrx_word' id='word_1_605' title='bbox 1661 4524 2065 4580; x_wconf 81' lang='lat' dir='ltr'><strong>Confirmarunt</strong></span> <span class='ocrx_word' id='word_1_606' title='bbox 2087 4520 2278 4593; x_wconf 76' lang='grc'><strong>445-</strong></span> 
     </span>
    </p>
   </div>
   <div class='ocr_carea' id='block_1_86' title="bbox 714 4614 2277 4701">
    <p class='ocr_par' dir='ltr' id='par_1_86' title="bbox 714 4614 2277 4701">
     <span class='ocr_line' id='line_1_86' title="bbox 714 4614 2277 4701; baseline -0.012 -19"><span class='ocrx_word' id='word_1_607' title='bbox 714 4628 873 4701; x_wconf 66' lang='grc'><strong>447</strong></span> <span class='ocrx_word' id='word_1_608' title='bbox 890 4626 1048 4680; x_wconf 84' lang='lat' dir='ltr'><strong>etiam</strong></span> <span class='ocrx_word' id='word_1_609' title='bbox 1070 4624 1339 4678; x_wconf 81' lang='lat' dir='ltr'><strong>calculum</strong></span> <span class='ocrx_word' id='word_1_610' title='bbox 1364 4619 1649 4675; x_wconf 85' lang='lat' dir='ltr'><strong>Paschalis</strong></span> <span class='ocrx_word' id='word_1_611' title='bbox 1667 4628 1720 4672; x_wconf 91' lang='lat' dir='ltr'><strong>et</strong></span> <span class='ocrx_word' id='word_1_612' title='bbox 1740 4617 1933 4686; x_wconf 84' lang='lat' dir='ltr'><strong>jejunii</strong></span> <span class='ocrx_word' id='word_1_613' title='bbox 1960 4632 1986 4668; x_wconf 88' lang='lat' dir='ltr'><strong>a</strong></span> <span class='ocrx_word' id='word_1_614' title='bbox 2008 4614 2277 4667; x_wconf 85' lang='lat' dir='ltr'><strong>Demetrio</strong></span> 
     </span>
    </p>
   </div>
   <div class='ocr_carea' id='block_1_87' title="bbox 719 4704 2280 4789">
    <p class='ocr_par' dir='ltr' id='par_1_87' title="bbox 719 4704 2280 4789">
     <span class='ocr_line' id='line_1_87' title="bbox 719 4704 2280 4789; baseline -0.008 -20"><span class='ocrx_word' id='word_1_615' title='bbox 719 4718 1024 4789; x_wconf 81' lang='lat' dir='ltr'><strong>patriarcha</strong></span> <span class='ocrx_word' id='word_1_616' title='bbox 1058 4713 1451 4774; x_wconf 73' lang='lat' dir='ltr'><strong>Alexandrino,</strong></span> <span class='ocrx_word' id='word_1_617' title='bbox 1489 4709 1698 4763; x_wconf 88' lang='lat' dir='ltr'><strong>Gaiano</strong></span> <span class='ocrx_word' id='word_1_618' title='bbox 1729 4709 1987 4776; x_wconf 91' lang='lat' dir='ltr'><strong>episcopo</strong></span> <span class='ocrx_word' id='word_1_619' title='bbox 2034 4704 2280 4758; x_wconf 65' lang='lat' dir='ltr'><strong>llic-roso-</strong></span> 
     </span>
    </p>
   </div>
   <div class='ocr_carea' id='block_1_88' title="bbox 720 4794 2279 4881">
    <p class='ocr_par' dir='ltr' id='par_1_88' title="bbox 720 4794 2279 4881">
     <span class='ocr_line' id='line_1_88' title="bbox 720 4794 2279 4881; baseline -0.007 -24"><span class='ocrx_word' id='word_1_620' title='bbox 720 4813 997 4881; x_wconf 78' lang='lat' dir='ltr'><strong>.yntilatto,</strong></span> <span class='ocrx_word' id='word_1_621' title='bbox 1025 4805 1253 4858; x_wconf 72' lang='lat' dir='ltr'><strong>Maximo</strong></span> <span class='ocrx_word' id='word_1_622' title='bbox 1282 4801 1583 4869; x_wconf 88' lang='lat' dir='ltr'><strong>patriarcha</strong></span> <span class='ocrx_word' id='word_1_623' title='bbox 1606 4798 1965 4858; x_wconf 86' lang='lat' dir='ltr'><strong>Antiocheuo.</strong></span> <span class='ocrx_word' id='word_1_624' title='bbox 1988 4806 2040 4851; x_wconf 91' lang='lat' dir='ltr'><strong>et</strong></span> <span class='ocrx_word' id='word_1_625' title='bbox 2067 4794 2279 4848; x_wconf 84' lang='lat' dir='ltr'><strong>Victore</strong></span> 
     </span>
    </p>
   </div>
   <div class='ocr_carea' id='block_1_89' title="bbox 720 4884 2277 4972">
    <p class='ocr_par' dir='ltr' id='par_1_89' title="bbox 720 4884 2277 4972">
     <span class='ocr_line' id='line_1_89' title="bbox 720 4884 2277 4972; baseline -0.01 -20"><span class='ocrx_word' id='word_1_626' title='bbox 720 4900 1020 4972; x_wconf 88' lang='lat' dir='ltr'><strong>patriarcha</strong></span> <span class='ocrx_word' id='word_1_627' title='bbox 1044 4897 1286 4949; x_wconf 75' lang='lat' dir='ltr'><strong>ltomano</strong></span> <span class='ocrx_word' id='word_1_628' title='bbox 1300 4892 1678 4953; x_wconf 85' lang='lat' dir='ltr'><strong>constitutum;</strong></span> <span class='ocrx_word' id='word_1_629' title='bbox 1693 4890 1912 4957; x_wconf 85' lang='lat' dir='ltr'><strong>fereque</strong></span> <span class='ocrx_word' id='word_1_630' title='bbox 1925 4886 2115 4956; x_wconf 64' lang='lat' dir='ltr'><strong>ieiunii</strong></span> <span class='ocrx_word' id='word_1_631' title='bbox 2136 4884 2277 4952; x_wconf 84' lang='lat' dir='ltr'><strong>apud</strong></span> 
     </span>
    </p>
   </div>
   <div class='ocr_carea' id='block_1_90' title="bbox 717 4976 2278 5047">
    <p class='ocr_par' dir='ltr' id='par_1_90' title="bbox 717 4976 2278 5047">
     <span class='ocr_line' id='line_1_90' title="bbox 717 4976 2278 5047; baseline -0.011 -1"><span class='ocrx_word' id='word_1_632' title='bbox 717 4989 1046 5046; x_wconf 87' lang='lat' dir='ltr'><strong>christianos</strong></span> <span class='ocrx_word' id='word_1_633' title='bbox 1119 4984 1444 5039; x_wconf 87' lang='lat' dir='ltr'><strong>solutionem</strong></span> <span class='ocrx_word' id='word_1_634' title='bbox 1511 4981 1703 5034; x_wconf 89' lang='lat' dir='ltr'><strong>eodem</strong></span> <span class='ocrx_word' id='word_1_635' title='bbox 1769 4980 1856 5033; x_wconf 89' lang='lat' dir='ltr'><strong>die</strong></span> <span class='ocrx_word' id='word_1_636' title='bbox 1910 4994 2019 5047; x_wconf 85' lang='lat' dir='ltr'><strong>quo</strong></span> <span class='ocrx_word' id='word_1_637' title='bbox 2070 4976 2278 5030; x_wconf 87' lang='lat' dir='ltr'><strong>Pascha</strong></span> 
     </span>
    </p>
   </div>
   <div class='ocr_carea' id='block_1_91' title="bbox 719 5070 2279 5152">
    <p class='ocr_par' dir='ltr' id='par_1_91' title="bbox 719 5070 2279 5152">
     <span class='ocr_line' id='line_1_91' title="bbox 719 5070 2279 5152; baseline -0.009 -15"><span class='ocrx_word' id='word_1_638' title='bbox 719 5086 983 5152; x_wconf 88' lang='lat' dir='ltr'><strong>ipsorum,</strong></span> <span class='ocrx_word' id='word_1_639' title='bbox 1010 5078 1220 5132; x_wconf 81' lang='lat' dir='ltr'><strong>scilicet</strong></span> <span class='ocrx_word' id='word_1_640' title='bbox 1263 5073 1547 5128; x_wconf 85' lang='lat' dir='ltr'><strong>Domittico</strong></span> <span class='ocrx_word' id='word_1_641' title='bbox 1570 5072 1878 5127; x_wconf 70' lang='lat' dir='ltr'><strong>Iudaeorum</strong></span> <span class='ocrx_word' id='word_1_642' title='bbox 1916 5070 2121 5125; x_wconf 87' lang='lat' dir='ltr'><strong>Pascha</strong></span> <span class='ocrx_word' id='word_1_643' title='bbox 2152 5084 2279 5139; x_wconf 61' lang='lat' dir='ltr'><strong>pro.</strong></span> 
     </span>
    </p>
   </div>
   <div class='ocr_carea' id='block_1_92' title="bbox 719 5161 2281 5239">
    <p class='ocr_par' dir='ltr' id='par_1_92' title="bbox 719 5161 2281 5239">
     <span class='ocr_line' id='line_1_92' title="bbox 719 5161 2281 5239; baseline -0.009 -11"><span class='ocrx_word' id='word_1_644' title='bbox 719 5175 862 5230; x_wconf 73' lang='lat' dir='ltr'><strong>xime</strong></span> <span class='ocrx_word' id='word_1_645' title='bbox 891 5167 1383 5239; x_wconf 88' lang='lat' dir='ltr'><strong>sequentc.|nquit</strong></span> <span class='ocrx_word' id='word_1_646' title='bbox 1436 5163 1565 5219; x_wconf 86' lang='lat' dir='ltr'><strong>Said</strong></span> <span class='ocrx_word' id='word_1_647' title='bbox 1627 5162 1849 5218; x_wconf 90' lang='lat' dir='ltr'><strong>Patricii</strong></span> <span class='ocrx_word' id='word_1_648' title='bbox 1908 5163 2075 5226; x_wconf 83' lang='lat' dir='ltr'><strong>Illius,</strong></span> <span class='ocrx_word' id='word_1_649' title='bbox 2110 5161 2281 5216; x_wconf 88' lang='lat' dir='ltr'><strong>medi-</strong></span> 
     </span>
    </p>
   </div>
   <div class='ocr_carea' id='block_1_93' title="bbox 719 5245 2281 5322">
    <p class='ocr_par' dir='ltr' id='par_1_93' title="bbox 719 5245 2281 5322">
     <span class='ocr_line' id='line_1_93' title="bbox 719 5245 2281 5322; baseline -0.012 -4"><span class='ocrx_word' id='word_1_650' title='bbox 719 5265 852 5318; x_wconf 76' lang='lat' dir='ltr'><strong>cina:</strong></span> <span class='ocrx_word' id='word_1_651' title='bbox 881 5260 1158 5316; x_wconf 89' lang='lat' dir='ltr'><strong>studiosus</strong></span> <span class='ocrx_word' id='word_1_652' title='bbox 1187 5277 1201 5311; x_wconf 87' lang='lat'><strong>:</strong></span> <span class='ocrx_word' id='word_1_653' title='bbox 1232 5255 1386 5310; x_wconf 79' lang='lat' dir='ltr'><strong>Scire</strong></span> <span class='ocrx_word' id='word_1_654' title='bbox 1413 5245 1545 5308; x_wconf 77' lang='lat' dir='ltr'><strong>aveo</strong></span> <span class='ocrx_word' id='word_1_655' title='bbox 1572 5268 1683 5322; x_wconf 91' lang='lat' dir='ltr'><strong>quo</strong></span> <span class='ocrx_word' id='word_1_656' title='bbox 1712 5252 1801 5306; x_wconf 83' lang='lat' dir='ltr'><strong>die</strong></span> <span class='ocrx_word' id='word_1_657' title='bbox 1832 5252 2150 5319; x_wconf 67' lang='lat' dir='ltr'><strong>septimanae</strong></span> <span class='ocrx_word' id='word_1_658' title='bbox 2185 5264 2281 5302; x_wconf 86' lang='lat' dir='ltr'><strong>na-</strong></span> 
     </span>
    </p>
   </div>
   <div class='ocr_carea' id='block_1_94' title="bbox 721 5342 2281 5410">
    <p class='ocr_par' dir='ltr' id='par_1_94' title="bbox 721 5342 2281 5410">
     <span class='ocr_line' id='line_1_94' title="bbox 721 5342 2281 5410; baseline -0.01 -2"><span class='ocrx_word' id='word_1_659' title='bbox 721 5366 812 5409; x_wconf 90' lang='lat' dir='ltr'><strong>tus</strong></span> <span class='ocrx_word' id='word_1_660' title='bbox 845 5354 915 5407; x_wconf 91' lang='lat' dir='ltr'><strong>slt</strong></span> <span class='ocrx_word' id='word_1_661' title='bbox 952 5349 1227 5404; x_wconf 88' lang='lat' dir='ltr'><strong>Dominus</strong></span> <span class='ocrx_word' id='word_1_662' title='bbox 1273 5356 1461 5399; x_wconf 91' lang='lat' dir='ltr'><strong>noster</strong></span> <span class='ocrx_word' id='word_1_663' title='bbox 1493 5342 1657 5397; x_wconf 72' lang='lat' dir='ltr'><strong>Iesus</strong></span> <span class='ocrx_word' id='word_1_664' title='bbox 1689 5343 1966 5405; x_wconf 89' lang='lat' dir='ltr'><strong>Christus,</strong></span> <span class='ocrx_word' id='word_1_665' title='bbox 2001 5344 2149 5402; x_wconf 90' lang='lat' dir='ltr'><strong>item,</strong></span> <span class='ocrx_word' id='word_1_666' title='bbox 2171 5353 2281 5410; x_wconf 91' lang='lat' dir='ltr'><strong>quo</strong></span> 
     </span>
    </p>
   </div>
   <div class='ocr_carea' id='block_1_95' title="bbox 718 5432 2280 5508">
    <p class='ocr_par' dir='ltr' id='par_1_95' title="bbox 718 5432 2280 5508">
     <span class='ocr_line' id='line_1_95' title="bbox 718 5432 2280 5508; baseline -0.01 -8"><span class='ocrx_word' id='word_1_667' title='bbox 718 5449 806 5502; x_wconf 84' lang='lat' dir='ltr'><strong>die</strong></span> <span class='ocrx_word' id='word_1_668' title='bbox 840 5435 1453 5508; x_wconf 77' lang='lat' dir='ltr'><strong>cruciﬁxussit,etquoti</strong></span> <span class='ocrx_word' id='word_1_669' title='bbox 1478 5436 1680 5489; x_wconf 89' lang='lat' dir='ltr'><strong>fuerint</strong></span> <span class='ocrx_word' id='word_1_670' title='bbox 1710 5435 1826 5489; x_wconf 88' lang='lat' dir='ltr'><strong>dies</strong></span> <span class='ocrx_word' id='word_1_671' title='bbox 1855 5433 1981 5498; x_wconf 87' lang='lat' dir='ltr'><strong>isti;</strong></span> <span class='ocrx_word' id='word_1_672' title='bbox 2032 5434 2086 5485; x_wconf 92' lang='lat' dir='ltr'><strong>in</strong></span> <span class='ocrx_word' id='word_1_673' title='bbox 2143 5432 2280 5485; x_wconf 88' lang='lat' dir='ltr'><strong>hanc</strong></span> 
     </span>
    </p>
   </div>
   <div class='ocr_carea' id='block_1_96' title="bbox 721 5523 2279 5609">
    <p class='ocr_par' dir='ltr' id='par_1_96' title="bbox 721 5523 2279 5609">
     <span class='ocr_line' id='line_1_96' title="bbox 721 5523 2279 5609; baseline -0.009 -18"><span class='ocrx_word' id='word_1_674' title='bbox 721 5540 884 5609; x_wconf 51' lang='lat' dir='ltr'><strong>igtur</strong></span> <span class='ocrx_word' id='word_1_675' title='bbox 926 5550 1039 5588; x_wconf 84' lang='lat' dir='ltr'><strong>rem</strong></span> <span class='ocrx_word' id='word_1_676' title='bbox 1074 5542 1131 5586; x_wconf 88' lang='lat' dir='ltr'><strong>ut</strong></span> <span class='ocrx_word' id='word_1_677' title='bbox 1186 5529 1517 5599; x_wconf 88' lang='lat' dir='ltr'><strong>inquirerem</strong></span> <span class='ocrx_word' id='word_1_678' title='bbox 1551 5541 1723 5580; x_wconf 88' lang='lat' dir='ltr'><strong>anuos</strong></span> <span class='ocrx_word' id='word_1_679' title='bbox 1748 5528 2054 5588; x_wconf 81' lang='lat' dir='ltr'><strong>revolvens,</strong></span> <span class='ocrx_word' id='word_1_680' title='bbox 2104 5523 2279 5592; x_wconf 89' lang='lat' dir='ltr'><strong>reperi</strong></span> 
     </span>
    </p>
   </div>
   <div class='ocr_carea' id='block_1_97' title="bbox 722 5618 2280 5698">
    <p class='ocr_par' dir='ltr' id='par_1_97' title="bbox 722 5618 2280 5698">
     <span class='ocr_line' id='line_1_97' title="bbox 722 5618 2280 5698; baseline -0.009 -15"><span class='ocrx_word' id='word_1_681' title='bbox 722 5633 897 5698; x_wconf 87' lang='lat' dir='ltr'><strong>ipsutn</strong></span> <span class='ocrx_word' id='word_1_682' title='bbox 932 5625 1253 5678; x_wconf 87' lang='lat' dir='ltr'><strong>duodecimo</strong></span> <span class='ocrx_word' id='word_1_683' title='bbox 1285 5622 1423 5693; x_wconf 79' lang='lat' dir='ltr'><strong>cycli</strong></span> <span class='ocrx_word' id='word_1_684' title='bbox 1452 5620 1644 5674; x_wconf 87' lang='lat' dir='ltr'><strong>solaris</strong></span> <span class='ocrx_word' id='word_1_685' title='bbox 1668 5627 1855 5672; x_wconf 88' lang='lat' dir='ltr'><strong>natum</strong></span> <span class='ocrx_word' id='word_1_686' title='bbox 1889 5618 2061 5673; x_wconf 84' lang='lat' dir='ltr'><strong>fuisse</strong></span> <span class='ocrx_word' id='word_1_687' title='bbox 2082 5622 2146 5683; x_wconf 88' lang='lat'><strong>“,</strong></span> <span class='ocrx_word' id='word_1_688' title='bbox 2179 5634 2280 5670; x_wconf 84' lang='lat' dir='ltr'><strong>nu-</strong></span> 
     </span>
    </p>
   </div>
   <div class='ocr_carea' id='block_1_98' title="bbox 723 5711 2282 5789">
    <p class='ocr_par' dir='ltr' id='par_1_98' title="bbox 723 5711 2282 5789">
     <span class='ocr_line' id='line_1_98' title="bbox 723 5711 2282 5789; baseline -0.005 -17"><span class='ocrx_word' id='word_1_689' title='bbox 723 5720 853 5773; x_wconf 86' lang='lat' dir='ltr'><strong>meri</strong></span> <span class='ocrx_word' id='word_1_690' title='bbox 885 5718 1019 5789; x_wconf 82' lang='lat' dir='ltr'><strong>cycli</strong></span> <span class='ocrx_word' id='word_1_691' title='bbox 1073 5716 1301 5776; x_wconf 81' lang='lat' dir='ltr'><strong>lunaris,</strong></span> <span class='ocrx_word' id='word_1_692' title='bbox 1359 5713 1638 5779; x_wconf 88' lang='lat' dir='ltr'><strong>fuisseque</strong></span> <span class='ocrx_word' id='word_1_693' title='bbox 1678 5719 1793 5764; x_wconf 89' lang='lat' dir='ltr'><strong>tttm</strong></span> <span class='ocrx_word' id='word_1_694' title='bbox 1852 5720 2101 5777; x_wconf 81' lang='lat' dir='ltr'><strong>epactum</strong></span> <span class='ocrx_word' id='word_1_695' title='bbox 2148 5711 2282 5764; x_wconf 85' lang='lat' dir='ltr'><strong>solis</strong></span> 
     </span>
    </p>
   </div>
   <div class='ocr_carea' id='block_1_99' title="bbox 723 5802 2279 5874">
    <p class='ocr_par' dir='ltr' id='par_1_99' title="bbox 723 5802 2279 5874">
     <span class='ocr_line' id='line_1_99' title="bbox 723 5802 2279 5874; baseline -0.008 -8"><span class='ocrx_word' id='word_1_696' title='bbox 723 5826 912 5872; x_wconf 82' lang='lat' dir='ltr'><strong>unum,</strong></span> <span class='ocrx_word' id='word_1_697' title='bbox 964 5808 1128 5863; x_wconf 74' lang='lat' dir='ltr'><strong>Lunae</strong></span> <span class='ocrx_word' id='word_1_698' title='bbox 1167 5808 1371 5869; x_wconf 72' lang='lat' dir='ltr'><strong>vero“,</strong></span> <span class='ocrx_word' id='word_1_699' title='bbox 1400 5804 1630 5874; x_wconf 76' lang='lat' dir='ltr'><strong>primum</strong></span> <span class='ocrx_word' id='word_1_700' title='bbox 1670 5803 1876 5858; x_wconf 88' lang='lat' dir='ltr'><strong>Canuui</strong></span> <span class='ocrx_word' id='word_1_701' title='bbox 1916 5802 2111 5871; x_wconf 88' lang='lat' dir='ltr'><strong>prioris</strong></span> <span class='ocrx_word' id='word_1_702' title='bbox 2144 5802 2279 5856; x_wconf 85' lang='lat' dir='ltr'><strong>diem</strong></span> 
     </span>
    </p>
   </div>
   <div class='ocr_carea' id='block_1_100' title="bbox 2390 4505 3963 4597">
    <p class='ocr_par' dir='ltr' id='par_1_100' title="bbox 2390 4505 3963 4597">
     <span class='ocr_line' id='line_1_100' title="bbox 2390 4505 3963 4597; baseline 0.006 -22"><span class='ocrx_word' id='word_1_703' title='bbox 2390 4523 2631 4577; x_wconf 87' lang='lat' dir='ltr'><strong>triarcha</strong></span> <span class='ocrx_word' id='word_1_704' title='bbox 2666 4505 3074 4577; x_wconf 77' lang='lat' dir='ltr'><strong>Alexandrinus</strong></span> <span class='ocrx_word' id='word_1_705' title='bbox 3131 4524 3332 4588; x_wconf 90' lang='lat' dir='ltr'><strong>fuerat,</strong></span> <span class='ocrx_word' id='word_1_706' title='bbox 3385 4528 3451 4581; x_wconf 84' lang='lat' dir='ltr'><strong>de</strong></span> <span class='ocrx_word' id='word_1_707' title='bbox 3488 4505 3673 4597; x_wconf 71' lang='lat' dir='ltr'><strong>gradu</strong></span> <span class='ocrx_word' id='word_1_708' title='bbox 3726 4505 3963 4597; x_wconf 82' lang='lat' dir='ltr'><strong>patriar-</strong></span> 
     </span>
    </p>
   </div>
   <div class='ocr_carea' id='block_1_101' title="bbox 2384 4613 3964 4692">
    <p class='ocr_par' dir='ltr' id='par_1_101' title="bbox 2384 4613 3964 4692">
     <span class='ocr_line' id='line_1_101' title="bbox 2384 4613 3964 4692; baseline -0.001 -24"><span class='ocrx_word' id='word_1_709' title='bbox 2384 4616 2529 4669; x_wconf 90' lang='lat' dir='ltr'><strong>cbali</strong></span> <span class='ocrx_word' id='word_1_710' title='bbox 2561 4614 2784 4682; x_wconf 88' lang='lat' dir='ltr'><strong>dejecit,</strong></span> <span class='ocrx_word' id='word_1_711' title='bbox 2811 4614 2940 4683; x_wconf 86' lang='lat' dir='ltr'><strong>quia</strong></span> <span class='ocrx_word' id='word_1_712' title='bbox 2970 4613 3099 4668; x_wconf 76' lang='lat' dir='ltr'><strong>Ario</strong></span> <span class='ocrx_word' id='word_1_713' title='bbox 3136 4628 3355 4684; x_wconf 90' lang='lat' dir='ltr'><strong>recepto</strong></span> <span class='ocrx_word' id='word_1_714' title='bbox 3417 4629 3603 4672; x_wconf 89' lang='lat' dir='ltr'><strong>contra</strong></span> <span class='ocrx_word' id='word_1_715' title='bbox 3657 4621 3801 4676; x_wconf 75' lang='lat' dir='ltr'><strong>Petti</strong></span> <span class='ocrx_word' id='word_1_716' title='bbox 3865 4642 3964 4692; x_wconf 66' lang='lat' dir='ltr'><strong>pa-</strong></span> 
     </span>
    </p>
   </div>
   <div class='ocr_carea' id='block_1_102' title="bbox 2384 4703 3961 4767">
    <p class='ocr_par' dir='ltr' id='par_1_102' title="bbox 2384 4703 3961 4767">
     <span class='ocr_line' id='line_1_102' title="bbox 2384 4703 3961 4767; baseline 0.006 -8"><span class='ocrx_word' id='word_1_717' title='bbox 2384 4704 2640 4759; x_wconf 75' lang='lat' dir='ltr'><strong>triarchze</strong></span> <span class='ocrx_word' id='word_1_718' title='bbox 2677 4703 3035 4759; x_wconf 75' lang='lat' dir='ltr'><strong>Alexandrini</strong></span> <span class='ocrx_word' id='word_1_719' title='bbox 3070 4704 3389 4759; x_wconf 83' lang='lat' dir='ltr'><strong>mandatum</strong></span> <span class='ocrx_word' id='word_1_720' title='bbox 3427 4707 3648 4762; x_wconf 88' lang='lat' dir='ltr'><strong>fecerat.</strong></span> <span class='ocrx_word' id='word_1_721' title='bbox 3687 4710 3768 4764; x_wconf 89' lang='lat' dir='ltr'><strong>Illi</strong></span> <span class='ocrx_word' id='word_1_722' title='bbox 3826 4729 3961 4767; x_wconf 78' lang='lat' dir='ltr'><strong>vero</strong></span> 
     </span>
    </p>
   </div>
   <div class='ocr_carea' id='block_1_103' title="bbox 2382 4793 3960 4857">
    <p class='ocr_par' dir='ltr' id='par_1_103' title="bbox 2382 4793 3960 4857">
     <span class='ocr_line' id='line_1_103' title="bbox 2382 4793 3960 4857; baseline 0.004 -8"><span class='ocrx_word' id='word_1_723' title='bbox 2382 4796 2616 4851; x_wconf 87' lang='lat' dir='ltr'><strong>trecenti</strong></span> <span class='ocrx_word' id='word_1_724' title='bbox 2639 4795 2945 4849; x_wconf 89' lang='lat' dir='ltr'><strong>octodecim</strong></span> <span class='ocrx_word' id='word_1_725' title='bbox 2979 4793 3043 4847; x_wconf 91' lang='lat' dir='ltr'><strong>ad</strong></span> <span class='ocrx_word' id='word_1_726' title='bbox 3088 4794 3205 4847; x_wconf 90' lang='lat' dir='ltr'><strong>loca</strong></span> <span class='ocrx_word' id='word_1_727' title='bbox 3238 4810 3335 4849; x_wconf 88' lang='lat' dir='ltr'><strong>sua</strong></span> <span class='ocrx_word' id='word_1_728' title='bbox 3368 4796 3578 4851; x_wconf 87' lang='lat' dir='ltr'><strong>honore</strong></span> <span class='ocrx_word' id='word_1_729' title='bbox 3634 4798 3819 4854; x_wconf 78' lang='lat' dir='ltr'><strong>affecti</strong></span> <span class='ocrx_word' id='word_1_730' title='bbox 3859 4818 3960 4857; x_wconf 90' lang='lat' dir='ltr'><strong>re-</strong></span> 
     </span>
    </p>
   </div>
   <div class='ocr_carea' id='block_1_104' title="bbox 2380 4886 3962 4955">
    <p class='ocr_par' dir='ltr' id='par_1_104' title="bbox 2380 4886 3962 4955">
     <span class='ocr_line' id='line_1_104' title="bbox 2380 4886 3962 4955; baseline 0.003 -14"><span class='ocrx_word' id='word_1_731' title='bbox 2380 4888 2641 4951; x_wconf 86' lang='lat' dir='ltr'><strong>dierunt;</strong></span> <span class='ocrx_word' id='word_1_732' title='bbox 2704 4886 2865 4954; x_wconf 87' lang='lat' dir='ltr'><strong>idque</strong></span> <span class='ocrx_word' id='word_1_733' title='bbox 2926 4900 3072 4939; x_wconf 85' lang='lat' dir='ltr'><strong>anno</strong></span> <span class='ocrx_word' id='word_1_734' title='bbox 3131 4886 3480 4940; x_wconf 75' lang='lat' dir='ltr'><strong>Constantini</strong></span> <span class='ocrx_word' id='word_1_735' title='bbox 3539 4889 3680 4955; x_wconf 81' lang='lat' dir='ltr'><strong>regis</strong></span> <span class='ocrx_word' id='word_1_736' title='bbox 3735 4892 3962 4945; x_wconf 84' lang='lat' dir='ltr'><strong>decium</strong></span> 
     </span>
    </p>
   </div>
   <div class='ocr_carea' id='block_1_105' title="bbox 2384 4977 3957 5038">
    <p class='ocr_par' dir='ltr' id='par_1_105' title="bbox 2384 4977 3957 5038">
     <span class='ocr_line' id='line_1_105' title="bbox 2384 4977 3957 5038; baseline 0.006 -8"><span class='ocrx_word' id='word_1_737' title='bbox 2384 4992 2551 5032; x_wconf 90' lang='lat' dir='ltr'><strong>nono.</strong></span> <span class='ocrx_word' id='word_1_738' title='bbox 2610 4977 2736 5030; x_wconf 87' lang='lat' dir='ltr'><strong>Tria</strong></span> <span class='ocrx_word' id='word_1_739' title='bbox 2797 4986 2976 5030; x_wconf 81' lang='lat' dir='ltr'><strong>autem</strong></span> <span class='ocrx_word' id='word_1_740' title='bbox 3038 4978 3253 5031; x_wconf 89' lang='lat' dir='ltr'><strong>decreta</strong></span> <span class='ocrx_word' id='word_1_741' title='bbox 3310 4977 3481 5031; x_wconf 88' lang='lat' dir='ltr'><strong>edidit</strong></span> <span class='ocrx_word' id='word_1_742' title='bbox 3532 4978 3957 5038; x_wconf 75' lang='lat' dir='ltr'><strong>Cousmminus.</strong></span> 
     </span>
    </p>
   </div>
   <div class='ocr_carea' id='block_1_106' title="bbox 2385 5070 3953 5132">
    <p class='ocr_par' dir='ltr' id='par_1_106' title="bbox 2385 5070 3953 5132">
     <span class='ocr_line' id='line_1_106' title="bbox 2385 5070 3953 5132; baseline 0.005 -8"><span class='ocrx_word' id='word_1_743' title='bbox 2385 5071 2648 5131; x_wconf 86' lang='lat' dir='ltr'><strong>Primum,</strong></span> <span class='ocrx_word' id='word_1_744' title='bbox 2686 5080 2742 5124; x_wconf 90' lang='lat' dir='ltr'><strong>ut</strong></span> <span class='ocrx_word' id='word_1_745' title='bbox 2781 5070 3079 5125; x_wconf 87' lang='lat' dir='ltr'><strong>confractis</strong></span> <span class='ocrx_word' id='word_1_746' title='bbox 3118 5072 3276 5127; x_wconf 87' lang='lat' dir='ltr'><strong>idolis</strong></span> <span class='ocrx_word' id='word_1_747' title='bbox 3315 5087 3506 5127; x_wconf 88' lang='lat' dir='ltr'><strong>omnes</strong></span> <span class='ocrx_word' id='word_1_748' title='bbox 3536 5089 3723 5127; x_wconf 88' lang='lat' dir='ltr'><strong>eorum</strong></span> <span class='ocrx_word' id='word_1_749' title='bbox 3778 5082 3953 5132; x_wconf 82' lang='lat' dir='ltr'><strong>culto-</strong></span> 
     </span>
    </p>
   </div>
   <div class='ocr_carea' id='block_1_107' title="bbox 2383 5161 3952 5233">
    <p class='ocr_par' dir='ltr' id='par_1_107' title="bbox 2383 5161 3952 5233">
     <span class='ocr_line' id='line_1_107' title="bbox 2383 5161 3952 5233; baseline 0.004 -18"><span class='ocrx_word' id='word_1_750' title='bbox 2383 5176 2470 5216; x_wconf 87' lang='lat' dir='ltr'><strong>res</strong></span> <span class='ocrx_word' id='word_1_751' title='bbox 2501 5176 2531 5214; x_wconf 90' lang='lat' dir='ltr'><strong>e</strong></span> <span class='ocrx_word' id='word_1_752' title='bbox 2558 5161 2734 5213; x_wconf 87' lang='lat' dir='ltr'><strong>medio</strong></span> <span class='ocrx_word' id='word_1_753' title='bbox 2764 5162 3100 5214; x_wconf 85' lang='lat' dir='ltr'><strong>tollerentur.</strong></span> <span class='ocrx_word' id='word_1_754' title='bbox 3134 5161 3474 5222; x_wconf 85' lang='lat' dir='ltr'><strong>Secundum,</strong></span> <span class='ocrx_word' id='word_1_755' title='bbox 3526 5179 3592 5217; x_wconf 88' lang='lat' dir='ltr'><strong>ne</strong></span> <span class='ocrx_word' id='word_1_756' title='bbox 3634 5167 3759 5233; x_wconf 90' lang='lat' dir='ltr'><strong>quis</strong></span> <span class='ocrx_word' id='word_1_757' title='bbox 3791 5178 3952 5222; x_wconf 81' lang='lat' dir='ltr'><strong>nota-</strong></span> 
     </span>
    </p>
   </div>
   <div class='ocr_carea' id='block_1_108' title="bbox 2383 5251 3950 5323">
    <p class='ocr_par' dir='ltr' id='par_1_108' title="bbox 2383 5251 3950 5323">
     <span class='ocr_line' id='line_1_108' title="bbox 2383 5251 3950 5323; baseline 0.004 -18"><span class='ocrx_word' id='word_1_758' title='bbox 2383 5254 2449 5305; x_wconf 92' lang='lat' dir='ltr'><strong>rii</strong></span> <span class='ocrx_word' id='word_1_759' title='bbox 2475 5253 2708 5306; x_wconf 90' lang='lat' dir='ltr'><strong>forensis</strong></span> <span class='ocrx_word' id='word_1_760' title='bbox 2742 5251 2921 5305; x_wconf 71' lang='lat' dir='ltr'><strong>otﬁeio</strong></span> <span class='ocrx_word' id='word_1_761' title='bbox 2945 5252 3261 5322; x_wconf 80' lang='lat' dir='ltr'><strong>fungeretur</strong></span> <span class='ocrx_word' id='word_1_762' title='bbox 3287 5263 3480 5323; x_wconf 63' lang='lat' dir='ltr'><strong>praeter</strong></span> <span class='ocrx_word' id='word_1_763' title='bbox 3505 5252 3950 5311; x_wconf 88' lang='lat' dir='ltr'><strong>Christianorum</strong></span> 
     </span>
    </p>
   </div>
   <div class='ocr_carea' id='block_1_109' title="bbox 2385 5341 3957 5410">
    <p class='ocr_par' dir='ltr' id='par_1_109' title="bbox 2385 5341 3957 5410">
     <span class='ocr_line' id='line_1_109' title="bbox 2385 5341 3957 5410; baseline 0.005 -17"><span class='ocrx_word' id='word_1_764' title='bbox 2385 5342 2610 5403; x_wconf 92' lang='lat' dir='ltr'><strong>liberos,</strong></span> <span class='ocrx_word' id='word_1_765' title='bbox 2644 5342 2917 5409; x_wconf 88' lang='lat' dir='ltr'><strong>iidemque</strong></span> <span class='ocrx_word' id='word_1_766' title='bbox 2950 5341 3237 5410; x_wconf 67' lang='lat' dir='ltr'><strong>pratfectus</strong></span> <span class='ocrx_word' id='word_1_767' title='bbox 3269 5352 3322 5395; x_wconf 88' lang='lat' dir='ltr'><strong>et</strong></span> <span class='ocrx_word' id='word_1_768' title='bbox 3376 5345 3545 5397; x_wconf 88' lang='lat' dir='ltr'><strong>duces</strong></span> <span class='ocrx_word' id='word_1_769' title='bbox 3579 5354 3784 5399; x_wconf 71' lang='lat' dir='ltr'><strong>eSsent.</strong></span> <span class='ocrx_word' id='word_1_770' title='bbox 3818 5346 3957 5401; x_wconf 88' lang='lat' dir='ltr'><strong>Ter-</strong></span> 
     </span>
    </p>
   </div>
   <div class='ocr_carea' id='block_1_110' title="bbox 2388 5432 3954 5502">
    <p class='ocr_par' dir='ltr' id='par_1_110' title="bbox 2388 5432 3954 5502">
     <span class='ocr_line' id='line_1_110' title="bbox 2388 5432 3954 5502; baseline 0.003 -14"><span class='ocrx_word' id='word_1_771' title='bbox 2388 5436 2541 5495; x_wconf 85' lang='lat' dir='ltr'><strong>tium,</strong></span> <span class='ocrx_word' id='word_1_772' title='bbox 2577 5446 2634 5487; x_wconf 91' lang='lat' dir='ltr'><strong>ut</strong></span> <span class='ocrx_word' id='word_1_773' title='bbox 2667 5434 2753 5485; x_wconf 89' lang='lat' dir='ltr'><strong>die</strong></span> <span class='ocrx_word' id='word_1_774' title='bbox 2789 5432 3093 5498; x_wconf 77' lang='lat' dir='ltr'><strong>Passionis,</strong></span> <span class='ocrx_word' id='word_1_775' title='bbox 3116 5441 3176 5487; x_wconf 78' lang='lat' dir='ltr'><strong>et</strong></span> <span class='ocrx_word' id='word_1_776' title='bbox 3201 5435 3374 5502; x_wconf 90' lang='lat' dir='ltr'><strong>ipsum</strong></span> <span class='ocrx_word' id='word_1_777' title='bbox 3400 5447 3659 5502; x_wconf 85' lang='lat' dir='ltr'><strong>sequente</strong></span> <span class='ocrx_word' id='word_1_778' title='bbox 3701 5440 3790 5489; x_wconf 89' lang='lat' dir='ltr'><strong>die</strong></span> <span class='ocrx_word' id='word_1_779' title='bbox 3844 5438 3954 5493; x_wconf 75' lang='lat' dir='ltr'><strong>Ve-</strong></span> 
     </span>
    </p>
   </div>
   <div class='ocr_carea' id='block_1_111' title="bbox 2385 5526 3958 5594">
    <p class='ocr_par' dir='ltr' id='par_1_111' title="bbox 2385 5526 3958 5594">
     <span class='ocr_line' id='line_1_111' title="bbox 2385 5526 3958 5594; baseline 0 -15"><span class='ocrx_word' id='word_1_780' title='bbox 2385 5528 2644 5586; x_wconf 78' lang='lat' dir='ltr'><strong>neris,ab</strong></span> <span class='ocrx_word' id='word_1_781' title='bbox 2694 5528 2843 5578; x_wconf 90' lang='lat' dir='ltr'><strong>omni</strong></span> <span class='ocrx_word' id='word_1_782' title='bbox 2878 5540 3043 5594; x_wconf 84' lang='lat' dir='ltr'><strong>opere</strong></span> <span class='ocrx_word' id='word_1_783' title='bbox 3102 5526 3442 5580; x_wconf 83' lang='lat' dir='ltr'><strong>abstinerent</strong></span> <span class='ocrx_word' id='word_1_784' title='bbox 3500 5528 3765 5591; x_wconf 78' lang='lat' dir='ltr'><strong>homines,</strong></span> <span class='ocrx_word' id='word_1_785' title='bbox 3818 5545 3958 5584; x_wconf 77' lang='lat' dir='ltr'><strong>neve</strong></span> 
     </span>
    </p>
   </div>
   <div class='ocr_carea' id='block_1_112' title="bbox 2386 5618 3956 5686">
    <p class='ocr_par' dir='ltr' id='par_1_112' title="bbox 2386 5618 3956 5686">
     <span class='ocr_line' id='line_1_112' title="bbox 2386 5618 3956 5686; baseline 0.001 -13"><span class='ocrx_word' id='word_1_786' title='bbox 2386 5623 2438 5673; x_wconf 92' lang='lat' dir='ltr'><strong>in</strong></span> <span class='ocrx_word' id='word_1_787' title='bbox 2475 5620 2665 5672; x_wconf 87' lang='lat' dir='ltr'><strong>iisdem</strong></span> <span class='ocrx_word' id='word_1_788' title='bbox 2692 5620 2937 5686; x_wconf 74' lang='lat' dir='ltr'><strong>praelium</strong></span> <span class='ocrx_word' id='word_1_789' title='bbox 2992 5618 3162 5671; x_wconf 78' lang='lat' dir='ltr'><strong>ullum</strong></span> <span class='ocrx_word' id='word_1_790' title='bbox 3213 5621 3665 5672; x_wconf 85' lang='lat' dir='ltr'><strong>committeretur.</strong></span> <span class='ocrx_word' id='word_1_791' title='bbox 3703 5620 3760 5672; x_wconf 88' lang='lat' dir='ltr'><strong>lu</strong></span> <span class='ocrx_word' id='word_1_792' title='bbox 3799 5638 3956 5676; x_wconf 81' lang='lat' dir='ltr'><strong>man-</strong></span> 
     </span>
    </p>
   </div>
   <div class='ocr_carea' id='block_1_113' title="bbox 2382 5709 3957 5777">
    <p class='ocr_par' dir='ltr' id='par_1_113' title="bbox 2382 5709 3957 5777">
     <span class='ocr_line' id='line_1_113' title="bbox 2382 5709 3957 5777; baseline -0.003 -11"><span class='ocrx_word' id='word_1_793' title='bbox 2382 5711 2525 5766; x_wconf 87' lang='lat' dir='ltr'><strong>datis</strong></span> <span class='ocrx_word' id='word_1_794' title='bbox 2547 5710 2710 5765; x_wconf 88' lang='lat' dir='ltr'><strong>etiam</strong></span> <span class='ocrx_word' id='word_1_795' title='bbox 2746 5710 2890 5762; x_wconf 89' lang='lat' dir='ltr'><strong>dedit</strong></span> <span class='ocrx_word' id='word_1_796' title='bbox 2948 5710 3346 5763; x_wconf 81' lang='lat' dir='ltr'><strong>Constantinus</strong></span> <span class='ocrx_word' id='word_1_797' title='bbox 3396 5709 3687 5777; x_wconf 86' lang='lat' dir='ltr'><strong>imperator</strong></span> <span class='ocrx_word' id='word_1_798' title='bbox 3714 5710 3957 5765; x_wconf 60' lang='lat' dir='ltr'><strong>Macario</strong></span> 
     </span>
    </p>
   </div>
   <div class='ocr_carea' id='block_1_114' title="bbox 2385 5801 3955 5873">
    <p class='ocr_par' dir='ltr' id='par_1_114' title="bbox 2385 5801 3955 5873">
     <span class='ocr_line' id='line_1_114' title="bbox 2385 5801 3955 5873; baseline -0.001 -12"><span class='ocrx_word' id='word_1_799' title='bbox 2385 5806 2634 5873; x_wconf 69' lang='lat' dir='ltr'><strong>Episcopo</strong></span> <span class='ocrx_word' id='word_1_800' title='bbox 2686 5801 3201 5871; x_wconf 74' lang='lat' dir='ltr'><strong>Ilierosolymitano,</strong></span> <span class='ocrx_word' id='word_1_801' title='bbox 3248 5810 3307 5856; x_wconf 88' lang='lat' dir='ltr'><strong>ut</strong></span> <span class='ocrx_word' id='word_1_802' title='bbox 3372 5804 3605 5869; x_wconf 88' lang='lat' dir='ltr'><strong>sepulcri</strong></span> <span class='ocrx_word' id='word_1_803' title='bbox 3663 5815 3715 5857; x_wconf 84' lang='lat' dir='ltr'><strong>et</strong></span> <span class='ocrx_word' id='word_1_804' title='bbox 3769 5806 3955 5860; x_wconf 86' lang='lat' dir='ltr'><strong>crucis</strong></span> 
     </span>
    </p>
   </div>
  </div>
