4200 6432
240 405 374 469 2009

1676 411 2045 473 ANNALES.

3358 394 3493 459 1010

235 522 352 575 lora
390 520 750 590 perquireret,
784 531 837 576 et
865 524 1131 578 ecclesias
1169 532 1426 580 strueret.
1456 524 1602 579 Dixit
1657 527 1816 595 quin-
1845 528 1890 585 Α
1920 526 2194 597 perierat:
2233 539 2405 579 annos
2454 520 2645 593 viginti
2681 530 2790 577 tres
2849 519 3008 583 sedit,
3055 518 3183 573 dein
3242 525 3492 571 mortuus

233 614 399 667 etiam
452 613 658 668 Helena
707 612 1055 669 Constantini
1088 626 1304 669 mater:
1358 614 1491 670 Vovi
1550 631 1653 686 ego
1711 618 1815 669 itu-

235 720 354 758 ram
391 720 478 759 me
524 704 901 777 Hierosolyma
946 716 1002 760 ut
1062 708 1379 777 perquisitis
1426 708 1561 762 locis
1612 710 1816 762 sanctis

237 796 356 863 ipsa
390 795 638 851 :cdifieiis
658 813 874 853 ornem.
902 798 1033 853 Cum
1063 816 1192 868 ergo
1224 815 1469 869 magnam
1504 800 1607 869 ipsi
1642 814 1803 869 epum

236 889 451 955 capiam
482 890 711 960 largitus
745 902 911 955 esset,
935 891 1174 962 profecta
1207 904 1288 946 est
1332 892 1494 965 $52
1540 894 1677 961 ipsa,
1713 908 1817 945 una

1917 632 2019 676 est.
2047 625 2206 675 Anno
2245 618 2411 691 $56
2452 618 2663 687 imperii
2698 616 2945 685 ejusdem
2999 613 3266 668 vicesimo
3319 610 3483 664 tertio

1919 720 2166 765 mortuus
2195 718 2276 763 est
2305 708 2684 775 Metrophanes
2730 703 3041 774 patriarcha
3109 698 3496 757 Constantino-

1920 805 2189 872 pu‘itanus
2234 817 2357 857 eum
2395 810 2507 855 tres
2556 813 2729 854 annos
2769 796 3090 851 cathedram
3150 800 3492 860 occupasset,

1923 898 2207 964 fat-Iusque
2270 903 2352 949 est
2407 902 2525 961 post
2580 892 2758 960 ipsum
2823 887 3134 943 Alexander
3185 883 3494 954 patriarcha

238 994 361 1033 cum
389 979 627 1036 Macario
653 984 933 1053 episc0pu,
964 983 1335 1056 Hierosolyma
1350 986 1417 1039 ad
1437 1002 1650 1040 crucem
1673 1002 1819 1053 qua:-

1930 989 2595 1058 Cnnstantinopolitanns,
2644 988 2733 1052 qtti
2775 992 2899 1038 octo
2950 995 3123 1037 annos
3163 978 3337 1043 sedit,
3374 976 3495 1030 dein

240 1070 494 1133 rendam,
526 1072 617 1125 ubi
650 1075 967 1128 convocatis
1012 1074 1325 1130 Iudaeorum
1362 1073 1737 1144 Hierosolyma
1770 1087 1823 1127 et

240 1169 485 1216 montem
519 1162 753 1217 Galilaete
810 1165 1171 1219 incolentium
1204 1174 1432 1220 centum
1477 1166 1631 1225 viris.
1695 1180 1819 1219 eum

240 1270 307 1307 ex
332 1256 439 1309 illis
478 1257 665 1309 decem
703 1256 1000 1323 elegisset,
1027 1257 1225 1311 deinde
1249 1273 1311 1311 ex
1350 1257 1484 1325 ipsis
1516 1265 1651 1319 tres,
1684 1272 1821 1320 quo-

240 1360 363 1397 rum
398 1344 489 1398 ttni
529 1360 722 1398 nomen
783 1344 976 1408 Judas,
1010 1347 1222 1414 rogavit
1262 1356 1320 1400 ut
1375 1346 1477 1415 ipsi
1542 1347 1657 1399 loca
1701 1362 1824 1400 sau-

243 1445 331 1489 eta
364 1437 711 1501 indicarent;
749 1437 824 1491 illi
869 1452 999 1492 vero
1042 1437 1377 1500 abnuerunt,
1436 1438 1683 1491 dicentes
1720 1438 1821 1490 sibi

244 1528 426 1581 locum
463 1537 651 1582 notum
711 1544 821 1585 non
850 1545 1000 1595 esse;
1061 1545 1232 1599 quare
1285 1530 1432 1598 ipsos
1493 1530 1545 1582 in
1604 1538 1821 1599 puteum

246 1637 387 1688 aqua
415 1636 649 1675 vacuum
687 1621 946 1692 coniecit,
997 1623 1089 1678 ubi
1124 1639 1244 1678 cum
1281 1630 1490 1692 septem
1525 1623 1641 1678 dies
1698 1639 1824 1692 per-

248 1711 586 1766 mansissent
638 1712 774 1765 nihil
817 1712 1043 1767 edentes
1078 1715 1158 1767 vel
1195 1713 1466 1774 bibentes,
1525 1713 1660 1766 dixit
1717 1725 1822 1766 ter-

248 1805 358 1857 tius
392 1803 483 1857 ille
533 1796 755 1858 nomine
813 1802 983 1859 Judas
1041 1806 1210 1859 sociis
1268 1806 1423 1861 suis:
1465 1804 1624 1859 Pater
1672 1820 1824 1858 meus

248 1896 368 1950 loca
395 1894 513 1955 illa,
548 1911 670 1963 qua:
698 1896 927 1963 inquirit
958 1896 1153 1952 mulier
1199 1896 1327 1959 ista,
1382 1897 1510 1951 mibi
1544 1896 1824 1956 indicavit,

251 2002 426 2055 eaque
461 1988 603 2057 patri
666 2003 766 2044 suo
823 1990 890 2043 ab
951 2005 1053 2044 avo
1107 1990 1365 2044 indicata.
1409 1988 1597 2043 fuisse.
1638 1989 1829 2044 Excla-

254 2090 469 2134 mantes
500 2094 629 2150 ergo
672 2080 867 2151 reliqui
918 2081 1053 2145 duo,
1115 2095 1239 2135 cum
1294 2097 1323 2135 e
1376 2090 1540 2151 puteo
1599 2080 1825 2136 extracti

252 2169 515 2235 fuissent,
550 2169 767 2225 Helena:
800 2182 1124 2236 narrarunt,
1157 2171 1286 2241 quid
1343 2171 1479 2243 ipsis
1508 2184 1831 2227 narraverat

249 2260 447 2318 ludas.
480 2262 652 2330 Quem
686 2279 811 2319 cum
857 2264 1039 2336 flagris
1094 2267 1227 2322 caedi
1289 2266 1573 2335 jussisset,
1611 2267 1830 2322 confes-

250 2370 347 2409 sus
380 2364 467 2409 est
502 2355 590 2408 ille
639 2371 698 2410 se
738 2356 917 2409 locum
968 2371 1171 2422 nosse;
1230 2357 1616 2427 profectusque
1656 2357 1830 2411 donec

253 2446 322 2500 ad
354 2446 478 2501 loca
519 2447 610 2502 ubi
646 2458 833 2504 essent
888 2450 1201 2514 sepulcrum
1255 2462 1309 2505 et
1361 2450 1606 2505 cranium
1644 2468 1829 2519 perve-

255 2539 496 2605 nissent,
530 2537 653 2608 (fuit
682 2548 864 2594 autem
898 2539 1053 2595 locus
1105 2540 1347 2596 timetum
1410 2540 1690 2611 magnum)
1727 2542 1829 2595 ibi—

254 2645 363 2699 que
391 2645 587 2698 preces
620 2629 855 2686 fundens
880 2632 1016 2687 dixit
1050 2631 1337 2697 :Domine,
1359 2636 1403 2687 si
1430 2632 1595 2687 fuerit
1627 2634 1680 2687 in
1710 2635 1830 2687 loco

257 2723 363 2775 isto
394 2720 731 2791 sepulcrum,
766 2720 848 2775 fac
888 2732 948 2777 ut
1003 2731 1271 2777 tremente
1328 2723 1415 2776 hic
1477 2732 1619 2775 terra
1674 2728 1833 2777 exeat

260 2812 474 2874 fumus,
506 2827 615 2879 quo
649 2813 893 2867 credam.
926 2811 1218 2869 Tremente
1276 2829 1408 2883 ergo
1460 2813 1581 2868 loco
1622 2812 1833 2868 exicnte

256 2905 383 2959 inde
420 2902 575 2957 fumo
606 2904 979 2968 suaveolente,
1006 2905 1260 2961 credidit.
1295 2905 1541 2974 Cumque
1571 2905 1830 2974 jussisset

256 3000 464 3054 Helena
490 2999 667 3053 locum
701 2999 921 3065 pulvere
975 3000 1195 3061 nudari,
1233 3008 1617 3069 apparuerunt
1653 3002 1833 3068 sepul-

256 3108 411 3147 crum
456 3100 512 3144 et
548 3092 795 3145 cranium
835 3108 848 3145 :
892 3100 946 3145 at
975 3091 1151 3147 tribus
1207 3091 1277 3145 ibi
1340 3093 1599 3148 crucibus
1659 3110 1835 3162 reper-

256 3187 348 3250 tis,
375 3186 663 3252 Quomodo
689 3187 889 3256 (inquit
921 3185 1145 3255 lh-lena)
1168 3188 1550 3258 dignoscemus
1581 3204 1828 3254 quaenam

258 3277 502 3348 ipsarum
523 3278 870 3334 eruxChrisli
892 3278 1075 3334 fuerit?
1097 3279 1269 3348 Prope
1288 3289 1466 3334 autem
1481 3277 1837 3352 $53-$55

267 3372 403 3438 ipsis
437 3368 614 3423 adfuit
651 3370 873 3437 quidam
913 3371 1103 3423 morbo
1152 3370 1440 3423 admodum
1475 3371 1624 3439 gravi
1685 3370 1837 3423 labo-

262 3478 395 3516 rans
431 3461 576 3516 adeo
614 3472 671 3515 ut
704 3464 851 3515 nulla
909 3463 1104 3515 salutis
1157 3477 1282 3531 spes
1338 3461 1445 3531 ipsi
1505 3472 1835 3529 superesset,

266 3556 356 3608 cui
389 3554 658 3622 impositae
687 3568 881 3609 cruces
936 3555 1107 3623 prima
1139 3564 1190 3607 et
1248 3556 1486 3608 secunda
1529 3554 1666 3607 nihil
1717 3568 1838 3622 pio-

272 3650 531 3708 tuerunt;
584 3646 987 3714 quamprimum
1038 3656 1220 3699 autem
1261 3645 1417 3698 tertia
1481 3646 1586 3715 ipsi
1623 3648 1837 3701 admota

266 3737 391 3798 fuit,
420 3736 661 3789 surrexit
685 3743 922 3805 aegrotus
940 3736 1131 3789 morbo
1163 3749 1263 3790 suo
1294 3736 1506 3802 penitus
1554 3737 1837 3803 liberatus,

266 3843 327 3881 ac
363 3828 589 3882 sanitati
624 3829 927 3884 restitutus.
961 3825 1115 3881 Unde
1140 3827 1286 3881 novit
1332 3826 1532 3883 Helena
1563 3845 1682 3884 eam
1733 3830 1839 3884 Do-

272 3921 406 3973 mini
445 3920 618 3973 nostri
661 3919 889 3985 Christi,
922 3935 1027 3972 non
1066 3920 1186 3975 sine
1240 3922 1593 3975 veneratione
1643 3938 1840 3977 memo-

267 4011 471 4075 randi,
507 4024 724 4064 crucem
782 4008 976 4064 fuisse.
1027 4009 1201 4075 Quam
1252 4027 1383 4081 ergo
1437 4012 1607 4068 thecae
1664 4029 1841 4069 aureae

267 4102 580 4173 impositam
631 4115 817 4155 secum
859 4104 1160 4171 asportavit
1194 4120 1209 4163 ;
1244 4112 1296 4158 et
1328 4110 1696 4175 quodcunque
1743 4105 1842 4160 Do-

268 4196 419 4249 mino
449 4205 639 4248 nostro
660 4194 884 4249 Christo
938 4196 1282 4249 reconditum
1319 4196 1496 4251 fuerat
1548 4197 1613 4251 ad
1669 4198 1836 4253 ﬁlium

268 4304 428 4343 suum
462 4286 889 4342 Constantinum
921 4288 1170 4343 abduxit.
1220 4288 1634 4360 Exstructisque
1664 4293 1835 4346 eccle-

267 4382 344 4435 sia
378 4380 855 4442 Resurreclionis.
886 4390 940 4435 et
966 4383 1154 4436 cranio
1203 4390 1257 4437 et
1288 4384 1521 4439 ecclesia
1571 4384 1840 4440 Constan-

268 4475 366 4527 tini
403 4489 621 4528 reversa
648 4482 753 4537 est,
800 4473 955 4543 iusso
987 4472 1228 4527 Macario
1268 4474 1526 4545 episcopo
1577 4476 1839 4531 Hieroso-

268 4567 533 4637 lymitano
566 4566 801 4633 reliquas
823 4565 1082 4621 ecclesias
1108 4574 1418 4620 exstruere.

340 4654 566 4709 Factum
601 4664 686 4708 est
724 4655 825 4708 huc
853 4669 997 4707 anno
1036 4655 1250 4722 imperii
1298 4654 1644 4707 Constantini
1697 4657 1843 4710 vice-

266 4748 408 4800 simo
435 4747 700 4800 secundo.
753 4745 921 4800 Porro
974 4762 1002 4799 a
1057 4755 1187 4800 nato
1234 4744 1462 4801 Domino
1506 4746 1727 4801 Christo
1774 4748 1840 4801 ad

267 4840 641 4894 inventionem
684 4840 868 4894 erucis
904 4838 1031 4892 anni
1086 4838 1307 4892 fuerunt
1364 4842 1592 4893 trecenti
1651 4840 1840 4910 viginti

266 4942 414 4985 octo.
468 4933 625 4986 Anno
695 4941 874 4986 autem
942 4931 1154 5001 imperii
1190 4931 1533 4987 Constantini
1581 4933 1843 4987 vicesimo

258 5026 453 5092 primo
480 5024 819 5079 constitutus
856 5034 938 5079 est
983 5024 1322 5078 Athanasius
1375 5025 1689 5093 patriarcha
1730 5026 1844 5079 Ale-

268 5117 599 5181 xandrinus,
638 5118 729 5186 qui
761 5118 995 5185 scriptor
1056 5117 1203 5170 fuit:
1254 5133 1429 5171 annos
1484 5118 1843 5186 quadraginta

274 5226 369 5263 sex
430 5208 598 5263 sedit.
642 5211 799 5261 Anno
858 5209 1071 5279 imperii
1132 5209 1305 5278 ipsius
1372 5211 1635 5264 vicesimo
1682 5214 1845 5265 tertio

270 5302 611 5355 constitutus
643 5312 725 5355 est
760 5299 1009 5355 Valerius
1076 5303 1387 5372 patriarcha
1445 5305 1843 5370 Antioehenus,

270 5393 361 5443 uti
400 5408 578 5445 annos
631 5393 881 5447 undecim
940 5394 1105 5459 sedit,
1160 5396 1356 5451 deinde
1414 5407 1662 5453 mortuus
1713 5411 1789 5454 est
1832 5417 1845 5453 :

271 5486 514 5539 Ariauus
547 5485 667 5539 fuit.
698 5486 857 5541 Anno
903 5486 1152 5556 ejusdem
1188 5488 1447 5544 vicesimo
1502 5506 1646 5545 nouo
1676 5490 1851 5546 factus

272 5585 357 5631 est
391 5574 761 5632 Maximianus
808 5580 1100 5647 episcopus
1151 5578 1708 5651 llierosolymitanus,
1771 5587 1851 5637 vir

279 5667 530 5729 humilis,
555 5676 608 5721 et
663 5669 750 5723 cui
779 5670 976 5726 oculus
1031 5670 1220 5728 dexter
1278 5680 1522 5756 tempore
1567 5675 1849 5731 seditionis

352 5856 368 5880 ⁷
405 5852 563 5907 Jntttt.
598 5870 633 5918 I,
668 5854 700 5906 5
732 5868 850 5923 sqq.

1876 4564 1919 4620 Ι)
1949 4573 2243 4626 Eumenius
2284 4588 2296 4622 :

1923 1089 2175 1135 mortuus
2208 1087 2313 1135 est.
2348 1078 2521 1133 Porro
2577 1076 2853 1132 Eusebius
2901 1070 3233 1128 Nicomedia:
3288 1068 3499 1138 cpisco-

1924 1194 2024 1246 pus
2056 1186 2109 1231 et
2140 1178 2327 1230 socius
2364 1175 2562 1245 ipsius,
2613 1174 2943 1240 quibusuna
2976 1184 3096 1223 cum
3151 1166 3282 1219 Ario
3330 1163 3501 1217 male,-

1924 1268 2178 1322 dixerunt
2214 1268 2442 1320 trecenti
2474 1274 2525 1319 et
2578 1262 2906 1323 octodecim,
2948 1260 3014 1315 ad
3075 1257 3499 1313 Constantinum

1928 1360 2251 1413 artesedentes
2283 1372 2439 1426 opem
2492 1357 2665 1424 ipsius
2711 1355 3099 1424 implorarunt,
3156 1357 3413 1419 rogantes
3445 1356 3501 1399 ut

1927 1452 2162 1519 receptis
2198 1451 2332 1519 ipsis
2390 1448 2831 1503 maledictionem
2883 1444 3093 1498 irritam
3147 1439 3392 1493 faceret:
3446 1452 3506 1491 se

1927 1546 2195 1615 siquidem
2234 1544 2364 1597 Ario
2395 1543 2619 1608 ejusque
2672 1538 2995 1594 sententiam
3041 1532 3307 1602 amplexis
3335 1528 3507 1583 male-

1928 1641 2132 1702 dicere,
2160 1639 2518 1697 eamdemque
2564 1648 2727 1702 quam
2788 1629 3015 1684 trecenli
3067 1623 3372 1681 octodecim
3428 1620 3504 1674 illi

1930 1732 2085 1785 fidem
2117 1729 2377 1799 proﬁteri.
2408 1725 2661 1793 Deceptis
2695 1737 2825 1787 ergo
2871 1718 3005 1788 ipsis
3029 1732 3125 1772 rex
3168 1711 3507 1769 maledictio-

1931 1834 2052 1871 nem
2083 1817 2328 1881 sustulit,
2353 1823 2407 1868 et
2444 1812 2737 1867 Eusebium
2774 1805 3251 1862 Nieomediensem
3288 1813 3506 1855 assum-

1934 1919 2084 1980 ptum
2130 1906 2504 1978 patrlareham
2555 1896 3038 1969 Constantinopoli
3082 1893 3348 1965 praefecit.
3405 1890 3510 1945 He-

1935 2005 2053 2059 lena
2076 2010 2254 2055 autem
2291 1998 2459 2053 misso
2517 1996 2657 2049 duce
2721 1993 2955 2063 quodam
3006 1989 3193 2043 multis
3238 1988 3511 2041 instructo

1933 2094 2151 2164 opibus,
2197 2091 2484 2146 ecclesiam
2524 2087 2691 2141 Rohte
2724 2084 3019 2147 exstruxit,
3040 2082 3150 2145 cui,
3172 2088 3232 2135 ut
3248 2088 3302 2134 et
3336 2077 3508 2134 eccle«

1934 2184 2031 2238 siis
2059 2180 2451 2251 Hierosolymis
2479 2176 2803 2239 exstructis,
2841 2190 2964 2227 eum
2998 2171 3163 2226 finem
3219 2168 3511 2237 imposuis-

1933 2278 2075 2335 sent,
2108 2266 2421 2326 consecrari
2491 2280 2586 2320 eas
2640 2264 2813 2319 voluit
2868 2264 3189 2330 imperator,
3230 2270 3392 2327 quem
3454 2254 3507 2307 in

1938 2365 2095 2417 tinem
2125 2360 2417 2417 Eusebium
2442 2357 2810 2429 patriarchatn
2842 2350 3509 2420 Constantinopolitanum

1937 2456 2306 2526 Hierosolyma
2344 2452 2613 2523 proficisci
2641 2450 2828 2519 jussit,
2879 2448 3066 2514 ibique
3126 2445 3510 2513 episcoporum

1933 2549 2227 2604 concilium
2257 2546 2497 2602 indicere
2523 2551 2580 2597 ut
2618 2544 2859 2597 locorum
2910 2534 3309 2594 consecrationi
3342 2535 3514 2588 inter-

1933 2655 2136 2700 essent.
2204 2640 2543 2710 Seripsitque
2606 2635 3003 2692 Constantinus
3076 2634 3375 2700 imperator
3443 2626 3512 2680 ad

1935 2736 2297 2792 Athanasium
2326 2731 2694 2800 patriarcham
2741 2723 3177 2781 Alexandrinum
3220 2727 3279 2774 ut
3308 2726 3363 2773 et
3398 2717 3514 2786 ipse

1935 2825 2267 2881 dedicationi
2302 2822 2390 2877 isti
2432 2822 2740 2881 interesset,
2780 2825 2840 2870 ut
2889 2816 3035 2869 dicto
3096 2826 3196 2866 suo
3243 2810 3515 2877 obseque-

1935 2929 2107 2981 retur,
2136 2932 2235 2971 nee
2262 2915 2308 2969 ei
2328 2910 2692 2986 $57-$59
2714 2908 3121 2977 immorigerutn
3148 2919 3206 2959 se
3232 2902 3511 2971 praeberet,

1940 3025 2193 3065 monens.
2224 3006 2410 3074 Nepoti
2440 3005 2601 3057 etiam
2637 3017 2759 3065 suo,
2786 3000 2874 3055 cui
2918 3012 3114 3054 nomen
3154 2992 3511 3054 Delmatinus,

1941 3106 1993 3156 in
2024 3101 2294 3156 mandatis
2328 3099 2497 3159 dedit,
2546 3105 2603 3150 ut
2639 3093 2929 3149 concilium
2971 3090 3104 3145 illud
3132 3088 3324 3153 adiret,
3353 3094 3515 3156 atque

1861 3230 1905 3289 ρ
1942 3197 1995 3248 in
2034 3195 2169 3248 urbe
2206 3192 2349 3263 Tyro
2388 3198 2655 3244 maneret.

2011 3286 2142 3340 Cum
2197 3299 2326 3350 ergo
2361 3282 2426 3336 de
2458 3280 2875 3335 consecratione
2928 3278 3071 3332 inter
3102 3275 3252 3345 ipsos
3299 3288 3513 3329 conve-

1942 3384 2135 3445 nisset,
2168 3376 2545 3447 Hierosolyma
2580 3372 2887 3433 tendentes,
2923 3370 2976 3423 in
3012 3368 3145 3423 urbe
3195 3365 3340 3436 Tyro
3375 3380 3514 3422 con-

1941 3473 2143 3543 gregati
2174 3479 2332 3533 sunt;
2366 3453 2456 3522 ubi
2485 3465 2778 3520 adfuerunt
2804 3461 3169 3516 Maximianus
3192 3458 3514 3513 Monoculus

1941 3567 2234 3636 episcopus
2269 3559 2825 3629 Iiierosolymitanus,
2876 3552 3214 3609 Athanasius
3277 3550 3512 3619 patriar-

1942 3657 2041 3709 cha
2069 3651 2494 3714 Alexandrinus,
2524 3646 2776 3702 Valerius
2810 3643 3117 3714 patriarcha
3140 3642 3514 3697 Antiochenus

1947 3764 2070 3802 eum
2130 3742 2401 3815 episcOpis
2455 3738 2828 3808 compluribus
2882 3748 3191 3806 magnaque
3229 3732 3510 3788 hominum

1945 3837 2314 3893 multitudine.
2364 3832 2489 3888 Fuit
2533 3830 2735 3887 ibidem
2783 3830 2837 3884 in
2888 3826 3123 3883 concilio
3152 3825 3377 3895 quidam
3419 3836 3515 3877 no-

1947 3937 2089 3986 mine
2120 3927 2442 3991 Eumenius,
2475 3938 2694 3994 unaque
2735 3937 2856 3977 cum
2908 3922 3026 3990 ipso
3054 3919 3239 3989 plures
3265 3918 3356 3987 qui
3400 3917 3512 3969 Arii

1945 4022 2272 4080 sententiam
2315 4017 2805 4085 amplectebantur.
2840 4009 3142 4066 Subinnuit
3185 4023 3317 4077 ergo
3347 4005 3515 4061 Euse—

1946 4116 2060 4169 bius
2101 4108 2409 4182 patriarcha
2455 4100 3097 4173 constantinoltolitanus
3149 4098 3413 4153 Eumenio
3458 4103 3515 4151 ut

1943 4204 2292 4273 quaestionem
2317 4199 2611 4253 Athanasio
2644 4194 2968 4267 patriarchae
2995 4190 3367 4248 Alexandrino
3396 4202 3515 4242 mo-

1944 4303 2112 4350 veret.
2150 4291 2422 4348 Eusebius
2453 4290 2748 4361 siquidem,
2776 4288 2875 4342 etsi
2912 4285 2979 4339 ad
3029 4298 3211 4355 regem
3266 4295 3520 4336 reversus

1947 4390 2227 4457 professus
2278 4394 2422 4440 esset
2464 4399 2522 4437 se
2563 4382 2691 4437 Ario
2735 4379 3096 4442 contrarium,
3141 4376 3282 4431 idem
3334 4383 3517 4429 tamen

1947 4497 2069 4535 eum
2128 4480 2220 4532 illo
2276 4476 2565 4535 sentiebat,
2616 4484 2779 4540 atque
2825 4472 3130 4527 asserebat.
3200 4469 3347 4522 Dixit
3387 4482 3520 4537 ergo

2348 4569 2464 4624 Non
2524 4568 2811 4622 aﬂirmavit
2865 4566 3029 4621 Arius
3085 4564 3370 4620 Christum
3433 4575 3521 4617 res

1950 4676 2188 4722 creasse,
2247 4676 2458 4723 verum,
2509 4675 2602 4728 per
2660 4658 2836 4726 ipsum
2893 4671 2980 4711 res
3032 4655 3209 4711 fuisse
3262 4663 3518 4707 creatas:

1952 4758 2125 4824 ipsum
2154 4755 2298 4809 enim
2330 4752 2565 4807 Verbum
2597 4765 2720 4804 esse
2747 4749 2840 4803 Dei
2874 4763 2983 4817 quo
3017 4756 3202 4803 creata
3247 4753 3376 4802 sunt
3407 4758 3521 4798 ete-

1952 4848 2061 4901 lum
2093 4851 2147 4899 et
2175 4852 2318 4898 terra
2355 4861 2367 4896 :
2401 4856 2619 4896 creasse
2656 4840 2802 4895 enim
2838 4839 3004 4905 Deum
3037 4852 3125 4893 res
3166 4852 3260 4906 per
3283 4834 3519 4890 Verbum

1953 4954 2132 5003 suum,
2168 4946 2218 4991 at
2245 4934 2480 4989 Verbum
2535 4934 2652 4997 ejus
2701 4948 2787 4984 res
2829 4931 2964 4985 istas
3009 4944 3117 4982 non
3166 4941 3385 4982 creasse
3422 4941 3438 4980 :
3470 4936 3523 4978 et

1953 5029 2095 5083 sicut
2116 5026 2254 5079 dixit
2275 5023 2537 5077 Dominus
2554 5021 2806 5075 Christus
2832 5021 2886 5073 in
2909 5019 3226 5089 Evangelio,
3254 5017 3321 5071 Et
3345 5017 3521 5070 omnia

1952 5136 2041 5187 per
2089 5119 2259 5186 ipsum
2290 5119 2521 5187 fuerunt,
2552 5126 2600 5168 et
2632 5116 2743 5167 sine
2774 5116 2884 5182 ipso
2933 5130 3035 5166 non
3075 5114 3177 5180 fuit
3210 5112 3520 5181 quidquam,

1956 5227 2134 5266 eorum
2166 5226 2283 5278 qum
2319 5210 2555 5276 fuerunt.
2602 5208 2852 5273 Dixitque
2880 5223 2894 5259 :
2928 5206 3029 5260 Per
3074 5206 3247 5275 ipsum
3282 5205 3385 5271 fuit
3414 5204 3521 5257 vita

1951 5316 1995 5358 et
2031 5305 2135 5356 rita
2174 5302 2268 5355 lux
2296 5312 2408 5355 erat
2428 5301 2715 5353 hominum.
2745 5297 2873 5352 Item
2910 5316 2923 5350 :
2966 5297 3027 5351 In
3072 5298 3273 5351 mundo
3303 5296 3429 5365 fuit,
3475 5306 3523 5348 et

1956 5396 2179 5450 mundus
2210 5394 2375 5466 $60
2406 5410 2495 5463 per
2527 5396 2695 5461 ipsum
2738 5392 2911 5460 factus
2946 5402 3021 5445 est
3050 5401 3094 5447 '.
3156 5391 3363 5445 Retulit
3393 5406 3521 5458 ergo

1954 5506 2040 5544 res
2074 5505 2164 5556 per
2211 5489 2387 5556 ipsum
2448 5485 2619 5538 factas
2671 5484 2862 5545 fuisse,
2914 5499 3018 5536 non
3071 5490 3252 5536 autem
3306 5480 3369 5532 ab
3405 5480 3523 5547 ipso

1950 5583 2119 5636 fatias
2155 5595 2307 5635 esse:
2345 5578 2487 5641 Haec,
2536 5575 2741 5643 inquit,
2784 5584 2902 5628 erat
2942 5574 3055 5627 Arii
3107 5573 3398 5630 sententia,
3433 5587 3522 5625 vc-

1951 5690 2068 5730 rum
2103 5670 2333 5728 trecenti
2361 5669 2663 5725 octodecim
2694 5667 2791 5728 illi,
2831 5665 3021 5733 inique
3053 5682 3173 5721 cum
3215 5666 3333 5733 ipso
3361 5679 3524 5731 agen-
