4200 6432
745 397 879 463 1011

1756 396 2128 460 EUTYCIIH
2166 392 2700 452 ALEXANDRINI
2744 391 2962 451 PATR.

3852 372 3988 438 1012

736 521 841 579 tes,
888 517 1088 587 injuria
1137 518 1291 573 illum
1340 529 1502 586 atque
1554 513 1829 570 immerito
1861 509 2312 568 excommunica-
2344 510 2387 564 Α
2419 504 2526 569 tiit,
2564 504 2656 558 ubi
2694 503 2816 559 oleo
2846 499 3165 556 chrismatis
3195 495 3470 559 confecto,
3512 493 3663 548 nullo
3705 488 3987 587 episcopi»

736 618 886 664 runt.
912 611 1010 666 Cui
1047 612 1325 679 respondlt
1364 607 1697 662 Athanasius
1720 604 2028 674 patriarcha
2062 603 2298 656 Alexan-

735 698 932 753 drinus
966 701 1135 755 :Ario
1176 700 1310 753 nihil
1360 699 1499 753 falso
1536 698 1881 765 impegerunt
1916 694 2155 762 episcopi
2192 704 2301 745 tre-

737 790 881 843 centi
942 789 1289 857 octodecim,
1335 806 1434 845 nec
1480 790 1678 857 injuria
1738 788 1913 855 ipsum
1976 784 2299 840 affecerunt.

736 881 1037 937 Aﬂirmavit
1079 885 1225 939 enim
1281 886 1394 954 ipse
1432 900 1446 937 :
1479 882 1677 936 Filium
1742 881 1950 949 absque
2004 879 2163 933 Patre
2214 893 2301 931 res

734 990 970 1030 creasse.
1023 976 1177 1043 Quod
1206 978 1251 1031 si
1289 992 1376 1033 res
1416 991 1446 1030 a
1478 976 1617 1031 Filio
1646 983 1842 1032 creata:
1888 972 2113 1039 fuerint,
2142 972 2214 1025 ita
2246 980 2302 1023 ut

740 1061 898 1118 Pater
941 1065 1183 1134 ipsarmn
1232 1073 1449 1119 creator
1482 1080 1590 1119 non
1636 1065 1738 1126 sit,
1804 1072 2068 1131 sequetur
2124 1061 2301 1128 ipsum

736 1154 869 1206 nihil
915 1156 1137 1208 omnino
1193 1170 1381 1210 earum
1425 1169 1678 1214 creasse.
1727 1154 1872 1224 quod
1925 1152 2044 1207 falsi
2097 1152 2302 1205 crimen

739 1251 969 1303 intentat
1003 1249 1078 1303 illi
1126 1252 1271 1315 quod
1320 1252 1375 1305 in
1406 1250 1703 1320 Evangelio
1740 1249 1947 1303 dictqu
1980 1260 2065 1304 est
2093 1267 2107 1303 :
2140 1248 2306 1302 Pater

736 1356 882 1393 meus
912 1352 1076 1403 creat.
1105 1355 1154 1395 et
1179 1360 1271 1411 ego
1308 1344 1466 1396 creo'
1502 1363 1514 1397 :
1554 1343 1844 1410 Dixitque:
1878 1339 1935 1395 Si
1974 1358 2075 1395 non
2107 1342 2304 1409 faciam

731 1445 824 1497 ego
852 1446 1007 1497 opera
1040 1431 1223 1485 Patris
1270 1436 1391 1499 mei,
1420 1450 1482 1487 ne
1515 1433 1643 1488 mihi
1684 1432 1971 1487 credatis’.
2007 1432 2119 1486 Nec
2158 1446 2301 1485 non:

732 1518 879 1575 Sicut
916 1523 1076 1577 Pater
1106 1526 1333 1593 rivi/iret
1357 1544 1508 1595 quem
1539 1527 1667 1591 vult,
1706 1535 1756 1580 et
1785 1536 1950 1580 morte
1995 1526 2194 1594 aﬁiril;
2227 1526 2305 1578 ita

733 1622 783 1665 et
817 1612 992 1668 Filius
1019 1618 1247 1685 viaiﬂcat
1270 1635 1419 1687 quem
1445 1623 1573 1682 vult,
1604 1630 1653 1673 et
1684 1630 1853 1673 morte
1887 1620 2044 1688 aﬁicit
2072 1620 2116 1651 ‘°
2151 1637 2164 1673 :
2195 1629 2306 1686 quo

734 1709 994 1771 ostendit,
1019 1726 1076 1763 se
1101 1719 1153 1764 et
1186 1710 1462 1766 viviticare
1481 1720 1534 1764 et
1557 1719 1730 1766 morte
1756 1713 1989 1777 allicere,
2010 1722 2065 1765 et
2083 1724 2302 1766 creare:

734 1807 899 1869 atquc
929 1801 1053 1855 hinc
1094 1803 1360 1856 mendacii
1385 1803 1635 1873 arguitur
1657 1804 1907 1872 quisquis
1933 1804 2105 1870 ipsum
2153 1817 2305 1857 crea-

733 1900 908 1947 torem
951 1909 1075 1949 esse
1126 1897 1423 1964 negaverit,
1475 1911 1540 1951 ac
1595 1911 1680 1951 res
1726 1914 1817 1961 per
1868 1897 2045 1964 ipsum
2087 1904 2302 1949 creatas

734 1983 926 2046 fuisse,
964 1988 1037 2040 ita
1069 1996 1126 2040 ut
1150 1989 1269 2056 ipse
1297 2002 1483 2042 earum
1522 2001 1739 2043 creator
1784 2003 1892 2042 non
1927 1987 2108 2042 fuerit.
2141 1986 2297 2054 Quod

730 2087 911 2133 autem
938 2081 1097 2145 dicis,
1134 2099 1222 2139 res
1251 2100 1347 2153 per
1384 2085 1562 2154 ipsum
1596 2087 1767 2140 factas
1802 2084 1970 2141 fuisse
1993 2125 2006 2150 ,
2050 2100 2151 2139 nos
2183 2099 2291 2139 non

728 2168 1061 2237 dubitamus,
1096 2188 1221 2229 cum
1257 2176 1467 2236 fierent.
1507 2175 1782 2231 Christum
1819 2177 2049 2239 dixisse,
2092 2191 2298 2246 easque

729 2258 909 2316 factas
935 2262 1123 2327 fuisse,
1158 2268 1303 2335 quod
1348 2269 1527 2323 innuit
1555 2269 1703 2323 dicto
1729 2285 1870 2324 suo:
1912 2268 2021 2339 Ego
2038 2268 2197 2337 facio,
2249 2279 2301 2323 et

725 2349 891 2407 Pater
917 2353 1067 2424 facit,
1096 2366 1379 2414 creaturas
1401 2369 1453 2414 et
1478 2361 1668 2415 vitam.
1703 2361 1916 2416 Dictum
1946 2364 2088 2415 enim
2119 2373 2294 2427 tuttm,

728 2444 836 2501 Per
885 2448 1064 2519 ipsum
1116 2451 1272 2506 facta:
1319 2463 1451 2508 sunt
1496 2469 1601 2516 res,
1656 2469 1721 2508 eo
1753 2454 1890 2509 redit
1927 2463 1983 2507 ut
2029 2455 2300 2525 significet

730 2538 907 2607 ipsum
959 2558 1052 2598 eas
1078 2542 1437 2617 ἀει-463
1475 2561 1713 2608 creasse.
1754 2563 1956 2616 easque
1983 2563 2073 2616 per
2112 2548 2290 2615 ipsum

729 2639 941 2685 creatas
985 2632 1191 2689 fuisse:
1238 2650 1398 2690 secus
1434 2636 1600 2698 enim,
1630 2638 1823 2690 horum
1858 2637 2128 2691 dictorum
2158 2640 2297 2694 alte-

728 2738 847 2777 rum
879 2724 1034 2779 alteri
1067 2728 1492 2785 conti-adiceret.
1522 2731 1785 2785 Praaterea
1819 2732 2100 2800 respondit
2128 2733 2296 2787 Atha-

726 2817 916 2872 nasius
947 2819 1237 2886 Eumenio,
1267 2822 1499 2878 dicens:
1536 2822 1693 2889 Quod
1726 2825 1793 2877 ad
1841 2840 2030 2880 eorum
2064 2843 2127 2879 ex
2176 2827 2289 2880 Arii

725 2910 952 2964 asseclis
994 2914 1323 2967 sententiam
1373 2916 1467 2985 qui
1531 2916 1721 2970 dicunt
1773 2914 1989 2971 Patrem
2052 2920 2295 2974 voluisse

725 3003 951 3071 aliquid,
982 3003 1179 3060 Filium
1205 3016 1388 3063 autem
1419 3008 1548 3063 illud
1574 3024 1827 3077 creasse;
1867 3020 1926 3066 ut
1956 3012 2003 3066 si
2035 3013 2293 3067 voluntas

722 3095 925 3160 Patris,
949 3099 1155 3153 ereatio
1183 3098 1330 3162 Filii,
1362 3101 1498 3157 falsa
1536 3112 1622 3157 est
1652 3114 1707 3159 et
1746 3105 1872 3170 illa;
1914 3103 2111 3159 Filium
2138 3107 2285 3159 enim

724 3198 972 3243 creatum
1027 3208 1149 3247 esse
1207 3203 1493 3259 autumat;
1548 3196 1693 3251 unde
1742 3196 2040 3269 [sequitur]
2112 3194 2369 3267 partesC

724 3284 893 3335 creati
927 3284 979 3337 in
1013 3287 1289 3341 creatione
1322 3290 1566 3355 potiores
1622 3305 1746 3345 esse
1792 3291 2040 3357 partibus
2081 3302 2296 3345 creato-

726 3376 832 3440 ris;
867 3391 990 3430 cum
1024 3379 1115 3431 ille
1160 3389 1213 3433 et
1268 3382 1501 3435 voluerit
1541 3393 1594 3435 et
1627 3384 1856 3447 fecerit;
1909 3383 1999 3437 hic
2036 3385 2293 3448 voluerit,

723 3479 778 3521 at
823 3485 931 3522 non
978 3470 1191 3525 fecerit.
1229 3471 1377 3528 Illius
1403 3475 1570 3544 igitur
1609 3486 1814 3544 partes,
1848 3477 1902 3531 in
1933 3494 1999 3532 eo
2032 3479 2178 3546 quod
2218 3477 2296 3531 fe-

722 3562 882 3625 cerit,
919 3564 1156 3630 potiores
1184 3573 1343 3618 erunt
1374 3581 1535 3634 quam
1580 3568 1760 3637 hujus.
1789 3568 1931 3634 Quin
1968 3582 2025 3623 et
2073 3585 2297 3625 necesse

722 3661 805 3705 est
862 3662 919 3705 ut
963 3653 1154 3707 eadem
1185 3654 1257 3706 sit
1303 3655 1449 3709 illius
1499 3657 1639 3709 ratio
1684 3659 1736 3710 in
1778 3675 1841 3712 eo
1868 3659 2011 3726 quod
2062 3660 2297 3713 voluerit

726 3745 833 3807 hic,
871 3744 1202 3810 perficiendo
1230 3762 1352 3815 quae
1392 3748 1685 3817 cujuslibet
1716 3752 1927 3818 agentis
1967 3767 1997 3804 e
2030 3754 2298 3806 creaturis

724 3833 778 3887 iu
821 3835 913 3887 illo
943 3838 1088 3904 quod
1121 3837 1189 3891 ab
1222 3838 1339 3905 ipso
1371 3838 1484 3891 ﬂeri
1519 3839 1748 3893 voluerit
1770 3848 1982 3895 creator
2008 3840 2294 3895 faciendo:

723 3927 1028 3997 eodemque
1075 3930 1235 3985 modo
1269 3947 1328 3985 se
1361 3932 1565 3987 habent
1612 3944 1861 4001 respectu
1914 3935 2217 3988 coactionis
2245 3947 2298 3991 et

728 4020 939 4075 arbitrii
995 4021 1292 4078 libertatis.
1329 4025 1485 4090 Quod
1539 4026 1584 4079 si
1634 4036 1857 4079 coactus
1895 4028 2089 4096 egerit,
2142 4029 2300 4083 nullae

726 4123 888 4167 erunt
928 4116 1049 4183 ejus
1094 4118 1147 4169 in
1195 4121 1407 4171 actione
1443 4126 1661 4187 partes;
1695 4119 1778 4171 sin
1810 4120 2002 4182 libere,
2052 4120 2165 4173 fieri
2202 4134 2299 4188 po-

728 4217 835 4262 test
864 4216 921 4261 ut
968 4209 1051 4263 vel
1078 4210 1437 4278 obsequatur,
1487 4211 1570 4265 vel
1607 4212 2016 4281 immorigerum
2050 4227 2110 4266 se
2156 4228 2301 4282 pra:-

731 4302 875 4366 beat,
908 4310 961 4354 et
1004 4312 1062 4356 ut
1092 4304 1173 4357 vel
1206 4305 1433 4372 praemio
1462 4304 1748 4367 alliciatur,
1802 4307 1885 4360 vel
1929 4319 2090 4375 paena
2130 4322 2141 4356 :
2181 4322 2301 4374 quae

728 4394 914 4448 dicere
943 4396 1243 4449 absurdum
1280 4406 1385 4451 est.
1419 4397 1590 4450 Aliter
1630 4399 1794 4451 etiam
1843 4398 2021 4452 eidem
2074 4414 2301 4467 respon-

725 4486 839 4540 dit:
869 4484 925 4540 Si
956 4487 1186 4541 Creator
1220 4496 1502 4544 creaturas
1547 4506 1676 4544 suas
1714 4506 1809 4559 per
1844 4491 2101 4545 Creatum
2150 4506 2302 4546 erea-

728 4579 890 4639 verit,
936 4579 1044 4631 erit
1084 4578 1205 4633 sine
1248 4579 1416 4633 dubio
1448 4581 1678 4635 Creatus
1719 4581 1862 4634 alius
1913 4595 1942 4632 a
1994 4582 2288 4646 Creatore;

728 4671 1027 4726 autumatis
1063 4686 1197 4739 ergo
1248 4672 1563 4725 Creatorem
1614 4688 1707 4739 per
1753 4673 1919 4725 alium
1974 4688 2171 4742 agere;
2201 4675 2293 4741 qui

729 4768 911 4814 autem
954 4774 1051 4829 per
1098 4761 1265 4815 alium
1315 4762 1427 4830 agit
1465 4762 1782 4830 perficieute
1815 4763 1924 4815 isto
1970 4777 2110 4831 opus
2134 4764 2296 4816 habet

731 4868 841 4920 quo
871 4868 967 4922 per
1001 4852 1154 4906 illum
1190 4864 1315 4922 agat
1368 4870 1493 4908 cum
1531 4854 1651 4908 sine
1686 4855 1779 4908 illo
1830 4871 1937 4909 non
1986 4857 2304 4923 perficiatur

729 4944 833 5013 ipsi
859 4944 1217 5017 Wopus;
1242 4948 1333 5015 qui
1363 4957 1542 5001 autem
1571 4948 1679 5000 alio
1711 4962 1849 5017 Opus
1882 4949 2064 5011 habet,
2101 4950 2303 5019 imper-

730 5039 909 5094 fectus
940 5047 1043 5103 est,
1071 5039 1218 5107 quod
1248 5040 1391 5093 absit
1418 5050 1475 5093 ut
1504 5040 1572 5093 de
1600 5040 1856 5095 Creatore
1885 5041 2121 5095 dicatur.
2157 5040 2292 5096 Cum

730 5145 863 5198 ergo
909 5130 1252 5199 proﬂigasset
1293 5131 1629 5186 Athanasius
1671 5132 2017 5186 Alexandriae
2067 5134 2301 5201 patriar-

728 5222 854 5285 cha,
885 5223 1382 5277 contradicentium
1411 5234 1758 5292 argumenta.
1792 5225 1927 5279 adeo
1964 5235 2022 5277 ut
2044 5227 2300 5279 omnibus

728 5314 820 5382 qui
856 5314 1084 5368 aderant
1112 5324 1407 5384 appareret
1434 5316 1644 5369 falsitas
1668 5332 1856 5368 eorum
1882 5304 2003 5384 quas
2030 5316 2299 5380 dii-erent,

729 5404 1043 5457 conturbati
1093 5404 1170 5458 illi
1215 5413 1270 5458 et
1323 5405 1531 5473 pudore
1582 5404 1775 5460 suffusi
1833 5406 1885 5457 in
1937 5406 2298 5459 Athanasium

731 5505 1004 5551 irruentes
1056 5497 1257 5552 ictibus
1286 5498 1432 5551 male
1482 5499 1766 5551 multatum
1804 5513 1939 5566 pene
1965 5509 2291 5551 enecaruut.

729 5587 835 5653 Qui
865 5602 998 5657 ergo
1027 5605 1059 5644 e
1098 5590 1353 5645 manibus
1400 5590 1645 5659 ipsorum
1677 5604 1707 5642 a
1742 5591 2060 5644 Dalmateno
2104 5599 2302 5659 nepote

733 5682 1083 5748 imperatoris
1124 5692 1344 5752 ereptus
1372 5682 1749 5753 Hierosolyma
1780 5681 1904 5753 fuga
1945 5685 2168 5751 elapsus
2208 5697 2302 5751 pe-

801 5867 823 5898 '
849 5865 1008 5922 Joan.
1040 5882 1096 5932 ν,
1125 5866 1179 5923 7.
1252 5868 1273 5900 ⁹
1300 5866 1464 5924 Joan.
1500 5884 1552 5933 κ,
1584 5867 1671 5921 '57.
1751 5867 1794 5899 ¹⁶
1829 5864 1987 5922 Joan.
2019 5881 2065 5930 v,
2098 5864 2184 5919 ‘20.

2266 5865 2305 5897 "
2337 5864 2529 5921 Matth.
2560 5878 2649 5930 xv,
2680 5863 2765 5917 11.

2411 608 2529 644 rum
2605 600 2890 661 prtesente,
2954 587 3225 643 Ecelesias
3289 593 3638 639 consecratas
3700 581 3821 632 oleo
3882 577 3988 629 isto

2412 683 2586 745 nux-it,
2634 682 2830 736 deinde
2890 680 2957 733 ad
3012 681 3397 747 imperatorem
3444 690 3503 728 se
3544 670 3832 725 conferens
3882 666 3987 733 ipsi

2409 773 2538 840 quid
2598 770 2817 825 fecisset
2875 769 3262 833 annuntiavit,
3315 768 3407 837 qui
3463 767 3676 819 honore
3731 760 3983 814 affectum

2408 862 2790 916 Alexandriam
2824 863 3054 915 remisit.
3093 860 3174 914 Ira
3201 869 3382 914 autem
3414 864 3718 910 commotus
3763 860 3849 906 est
3880 850 3984 902 im-

2409 960 2628 1023 perator
2666 954 2721 1007 in
2766 952 3066 1006 Eusebium
3099 950 3469 1021 patriarcham
3526 943 3991 1009 Constantinopo-

2410 1043 2662 1107 litanum,
2696 1044 3256 1112 pmnituitqueipsum
3308 1039 3455 1109 quod
3500 1051 3625 1091 eum
3655 1035 3721 1088 ad
3757 1033 3994 1102 patriar-

2410 1136 2628 1187 chatum
2665 1142 2944 1187 evexerat.
3000 1131 3239 1186 Profecti
3274 1129 3475 1184 deinde
3521 1126 3730 1187 caeteri,
3784 1123 3881 1192 qui
3934 1122 3986 1173 in

2414 1224 2546 1279 urbe
2579 1223 2725 1295 Tyro
2768 1225 3087 1293 congregati
3141 1222 3381 1285 fuerant,
3431 1219 3673 1286 episc0pi
3726 1215 3988 1268 llieroso—

2414 1317 2575 1386 lyma,
2627 1316 2955 1370 invenerunt
3012 1314 3374 1368 Athanasium
3422 1310 3789 1379 patriarcham
3842 1308 3993 1374 ipsus

2413 1408 2743 1478 przevenisse
2792 1407 3055 1461 ecclesias
3125 1404 3523 1461 consecrando.
3580 1400 3801 1454 Festum
3859 1413 3993 1465 ergo

2412 1515 2670 1567 magnum
2698 1500 3038 1553 celebrantes
3066 1497 3137 1553 ob
3169 1494 3528 1552 ecclesiarum
3561 1489 3991 1545 dedicationem.

2413 1591 2706 1658 hetitiaquc
2737 1589 2945 1659 ingenti
2972 1585 3207 1657 perfusi,
3240 1585 3443 1639 reversi
3468 1590 3619 1638 sunt.

2482 1680 2708 1736 Factum
2740 1691 2825 1735 est
2855 1680 2961 1733 hoc
2997 1694 3142 1732 anno
3178 1676 3394 1745 imperii
3427 1670 3775 1729 Constantini
3826 1667 3995 1719 trice-

2414 1772 2574 1826 simo.
2613 1771 2860 1826 Mortuus
2879 1780 2962 1825 est
2986 1779 3167 1824 autem
3202 1766 3475 1821 Eusebius
3504 1761 3812 1832 patriarcha
3848 1758 3996 1810 Con-

2338 1858 2379 1914 Β
2409 1862 2949 1929 stantinopolitanus,
2998 1875 3120 1912 cum
3167 1858 3308 1911 duos
3344 1870 3519 1909 annos
3559 1852 3814 1914 sedisset,
3856 1850 3995 1917 ipsi-

2408 1971 2515 2024 que
2544 1952 2891 2008 maledictum
2915 1960 3083 2015 esset,
3112 1949 3559 2015 substitutusque
3580 1953 3667 1999 est
3707 1944 3761 1995 in
3796 1944 3983 1995 locum

2405 2047 2581 2117 ipsius
2616 2044 2972 2118 ἥδε-467
3007 2039 3484 2108 Constantinopoli
3516 2035 3715 2089 Paulus
3755 2033 3991 2102 patriar-

2406 2141 2532 2207 cha,
2556 2141 2648 2209 qui
2686 2154 2809 2193 cum
2839 2148 3078 2209 quatuor
3108 2151 3280 2190 annos
3301 2132 3532 2189 sedisset
3566 2132 3633 2184 ab
3658 2130 3992 2196 imperatore

2400 2231 2765 2286 Constantino
2806 2231 3081 2299 relegatus
3124 2236 3232 2282 est.
3267 2227 3440 2279 Porro
3484 2222 3656 2276 vetuit
3704 2221 3989 2275 Constan-

2401 2326 2552 2379 tinus
2583 2324 2902 2392 imperator,
2943 2337 3008 2375 ne
3042 2320 3168 2389 quis
3212 2317 3436 2373 Iudaeus
3490 2313 3871 2382 Hierosolyma
3905 2311 3992 2363 in-

2401 2417 2629 2481 coleret,
2664 2424 2759 2470 aut
2788 2429 2885 2485 per
2932 2428 2997 2467 ea
3038 2412 3334 2473 transiret;
3390 2418 3566 2462 morte
3626 2405 3794 2459 etiam
3846 2402 3991 2456 allici

2396 2510 2561 2581 jussit
2591 2522 2781 2561 omnes
2817 2504 2909 2575 qui
2958 2505 3278 2574 religionem
3301 2500 3668 2555 Christianam
3717 2511 3829 2550 non
3868 2510 3989 2548 am-

2402 2598 2793 2667 plecterentur.
2834 2595 3039 2651 Christi
3100 2608 3232 2664 ergo
3269 2607 3465 2646 nomen
3514 2588 3748 2657 professi
3795 2595 3930 2641 sunt
3961 2602 3990 2639 e

2401 2691 2655 2761 gentibus
2704 2705 2769 2743 ac
2807 2688 3016 2743 Jndaais
3047 2683 3461 2756 quamplurimi,
3497 2697 3561 2737 ac
3598 2680 3800 2751 passim
3838 2680 3991 2733 Oilli-

2405 2784 2529 2838 nuit
2606 2781 3072 2838 christianismus.
3120 2778 3441 2833 Nuntiatum
3488 2784 3571 2830 est
3614 2784 3791 2827 autem
3844 2774 3993 2827 Con-

2401 2875 2649 2931 stantino
2699 2872 3015 2942 imperatori
3064 2871 3294 2926 Judzeos
3342 2878 3493 2923 metu
3538 2866 3730 2920 mortis
3776 2864 3989 2918 Christi

2396 2966 2617 3035 quidem
2647 2964 2966 3031 religionem
3000 2963 3267 3031 profiteri,
3306 2970 3364 3013 at
3393 2974 3548 3013 suam
3592 2955 3815 3010 interim
3854 2954 3991 3007 reti—

2401 3071 2552 3111 nere.
2588 3055 2834 3126 Rogante
2854 3068 2985 3122 ergo
3009 3055 3359 3121 imperatore:
3384 3048 3672 3116 Quomodo
3697 3047 3801 3100 hoc
3832 3056 3993 3099 certo

2404 3146 2679 3203 sciemus?
2722 3146 3005 3217 respondit
3055 3144 3257 3198 Paulus
3307 3142 3622 3211 patriarcha
3654 3137 3991 3193 Constanti-

2402 3238 2754 3307 uopolitanus
2798 3256 2811 3290 :
2867 3238 3008 3291 Caro
3039 3236 3262 3305 porcina
3301 3235 3418 3303 lege
3462 3232 3625 3285 vetita
3681 3240 3787 3293 est,
3814 3244 3992 3297 quare

2399 3344 2520 3384 eam
2550 3345 2657 3383 non
2690 3328 2985 3382 comedunt
3014 3326 3223 3389 Judmi;
3255 3325 3387 3391 jube
3434 3338 3565 3402 ergo
3601 3321 3831 3375 mactari
3863 3334 3991 3387 por—

2399 3436 2525 3482 cos,
2593 3435 2656 3473 ac
2708 3418 2867 3487 coqui
2915 3433 3104 3472 eorum
3155 3430 3401 3475 carnem,
3453 3430 3575 3483 quee
3640 3421 3804 3467 secta:
3862 3411 3993 3463 huic

2398 3509 2662 3580 gustanda
2708 3508 3046 3576 praebeatur;
3081 3505 3127 3560 si
3167 3505 3291 3572 quis
3320 3503 3465 3557 enim
3508 3516 3627 3554 eam
3658 3516 3765 3553 non
3797 3514 3989 3551 come-

2399 3598 2573 3661 derit,
2624 3596 2765 3650 scies
2801 3594 2979 3663 ipsum
3026 3594 3079 3646 in
3132 3592 3417 3662 judaismo
3479 3589 3659 3641 adhuc
3708 3597 3991 3654 perstare.

2397 3688 2494 3743 Cui
2529 3685 2926 3741 Constantinus
2965 3686 3264 3753 imperator
3294 3699 3306 3732 :
3352 3679 3410 3733 Si
3442 3679 3667 3749 (inquit)
3698 3694 3830 3732 caro
3858 3693 3990 3745 por-

2401 3778 2522 3831 cina
2549 3777 2666 3844 lege
2690 3773 2858 3827 vetita
2894 3773 2989 3835 sit,
3021 3770 3298 3841 quomodo
3333 3768 3496 3822 nobis
3531 3782 3595 3821 ea
3624 3768 3798 3827 vesci,
3834 3768 3992 3819 aliis-

2401 3883 2508 3935 que
2558 3866 2801 3919 eamdem
2867 3863 3252 3917 eomedendam
3322 3860 3567 3930 praebere
3613 3858 3836 3913 licebit?
3880 3858 3989 3911 Re-

2401 3957 2618 4025 spondit
2641 3955 2841 4010 Paulus
2870 3954 3217 4022 patriarcha:
3245 3952 3504 4007 Dominus
3526 3959 3710 4006 noster
3734 3949 3993 4004 Christus

2404 4043 2721 4117 [ejusmodi]
2752 4044 2938 4097 omnia
2961 4058 3080 4110 qiue
3119 4042 3174 4094 in
3200 4042 3318 4109 lege
3340 4048 3472 4093 sunt
3506 4040 3821 4107 abrogavit,
3851 4056 3992 4091 nova

2403 4138 2561 4191 nobis
2593 4137 2710 4205 lege
2754 4136 2884 4195 lata,
2923 4133 3172 4187 videlicet
3200 4133 3517 4200 Evangelio.
3598 4133 3741 4183 Dixit
3772 4149 3909 4200 ergo
3939 4133 3991 4184 in

2407 4238 2763 4283 sacrosancto
2811 4224 3125 4294 Evangelio,
3159 4223 3517 4293 Quodcunque
3573 4240 3629 4275 os
3688 4223 3994 4292 ingreditur

2402 4320 2666 4374 hominem
2699 4334 2804 4372 non
2833 4319 3059 4386 polluit,
3083 4318 3297 4373 scilicet
3328 4315 3599 4383 quidquid
3636 4316 3992 4379 come-ditur;

2403 4412 2663 4463 hominem
2706 4426 2823 4463 vero
2858 4408 3026 4480 568
3058 4408 3249 4474 polluit
3289 4407 3545 4474 quidquid
3590 4424 3653 4461 ex
3701 4424 3793 4459 ore
3848 4424 3993 4476 egre-

2405 4498 2553 4551 ditur
2578 4499 2645 4563 “,
2678 4498 2886 4552 scilicet
2918 4495 3154 4549 stultitia
3202 4504 3257 4547 et
3306 4493 3620 4556 infidelitas,
3650 4505 3704 4546 et
3733 4495 3784 4545 id
3812 4510 3992 4562 genus

2404 4592 2530 4645 alia.
2566 4590 2780 4644 Dictum
2811 4589 2972 4642 etiam
3025 4594 3110 4640 est
3160 4603 3190 4639 a
3226 4587 3393 4639 Paulo
3421 4586 3673 4653 apostolo
3716 4588 3770 4639 in
3811 4589 3995 4655 priore

2403 4686 2469 4738 ad
2500 4684 2652 4737 urbis
2686 4681 2935 4737 Corinthi
2971 4680 3177 4734 incolas
3207 4678 3447 4747 Epistula
3478 4695 3490 4730 :
3523 4679 3683 4731 Cibus
3733 4684 3911 4733 ventri
3945 4692 3992 4732 el

2406 4786 2576 4831 venter
2609 4774 2745 4833 cibo.
2782 4772 2917 4826 Deus
2942 4781 3119 4824 autem
3148 4780 3426 4838 utrumque
3471 4768 3698 4822 abolebit
3735 4772 3802 4824 ".
3842 4774 3993 4824 Sl'ri-

2406 4879 2556 4937 ptum
2583 4864 2748 4918 etiam
2779 4864 2832 4916 in
2862 4862 3013 4915 Actis
3061 4860 3455 4929 apostolorum,
3492 4858 3653 4911 Petro
3705 4864 3989 4927 apostolo.

2411 4974 2529 5012 rum
2581 4955 2833 5025 principi,
2877 4970 3000 5009 cum
3050 4954 3101 5006 iu
3154 4952 3289 5005 urbe
3332 4951 3589 5020 Joppensi
3625 4963 3793 5014 esset,
3841 4954 3988 5005 domi

2412 5044 2515 5097 viri
2563 5042 2849 5111 cujusdam
2913 5041 3173 5106 coriarii,
3226 5041 3445 5094 nomine
3492 5040 3777 5102 Simonis.
3826 5054 3989 5111 atque

2411 5138 2609 5192 aedium
2640 5144 2841 5189 tectum
2879 5133 3010 5187 hora
3042 5134 3145 5187 diei
3180 5144 3333 5187 sexta
3365 5132 3555 5185 orandi
3576 5134 3751 5202 gratia
3786 5150 3985 5188 ascen-

2411 5212 2602 5289 disset,
2634 5226 2899 5280 incidisse
2930 5239 3207 5289 somnum,
3258 5225 3543 5293 ipsumque
3588 5223 3790 5277 co:lum
3828 5241 3987 5293 θρα-το

2410 5326 2525 5372 ιυιιι
2574 5320 2952 5387 conspexisse,
2989 5326 3153 5386 atque
3203 5331 3332 5369 ecce
3388 5316 3735 5369 descendisse
3780 5333 3811 5369 e
3842 5332 3989 5371 (‘03!0

2409 5407 2635 5460 linteum
2667 5422 2921 5474 magnum
2954 5406 3127 5459 donec
3158 5416 3357 5457 terram
3392 5404 3749 5472 pertingeret.
3786 5407 3837 5456 in
3875 5424 3985 5471 quo

2407 5509 2563 5550 erant
2596 5499 2800 5565 qumvis
2834 5495 3209 5562 quadrupedia
3251 5503 3305 5547 ct
3338 5496 3484 5555 ferae,
3536 5510 3601 5549 ac
3654 5497 3897 5563 reptilia,
3926 5513 3987 5550 ac

2408 5592 2657 5645 volucres
2687 5589 2834 5653 caeli,
2870 5602 3083 5656 unaque
3127 5603 3313 5640 vocem
3353 5587 3593 5640 audiisse
3619 5603 3690 5655 qu
3712 5606 3740 5637 υ
3767 5588 3868 5654 ipsi
3898 5589 3983 5641 di-

2402 5693 2585 5740 ceret:
2615 5681 2783 5747 Heus,
2825 5680 2997 5746 Petre,
3028 5695 3244 5750 surgens
3276 5688 3447 5733 macta
3479 5688 3528 5731 et
3553 5696 3791 5744 vescere;
3820 5689 3877 5733 ct
3898 5681 3982 5734 di~

2845 5861 2888 5893 ¹²
2919 5860 2938 5916 1
2967 5859 3094 5916 Cor.
3128 5878 3202 5928 vr,
3232 5862 3312 5915 15.
