4200 6432
257 425 389 489 1013

1680 409 2045 471 ANNALES.

3346 400 3485 463 10H

251 550 403 594 rente
431 538 627 591 l‘clrn:
663 536 902 595 Doiriuc,
934 550 1196 603 nunquam
1224 548 1312 598 rgo
1337 529 1659 583 immundum
1692 525 1815 595 quid
1846 517 1891 575 Α
1924 520 2278 587 Maxentium,
2314 534 2607 587 omnesque
2643 520 2735 587 qui
2784 534 2905 573 eum
2960 517 3051 571 ilio
3086 516 3137 570 in
3188 515 3370 571 fratris
3401 518 3483 569 sui

251 633 369 694 edi,
429 644 615 683 vorent
658 631 723 682 ad
763 643 885 680 eum
948 626 1188 680 secundo
1245 624 1498 677 venisse:
1553 617 1819 685 Quidquid

254 725 386 777 Deus
419 723 686 793 purgauit,
732 738 794 775 ue
834 729 888 774 tu
929 718 1149 789 polluito
1174 717 1239 781 ¹³,
1274 732 1335 768 ac
1371 724 1452 769 ter
1495 714 1597 768 hoc
1630 714 1702 764 illi
1734 728 1819 765 re-

250 816 466 885 petiisse
514 830 703 869 vocem
731 853 745 874 ,
791 812 917 866 dein
968 824 1187 864 rursum
1217 810 1268 862 in
1302 808 1501 861 cmium
1539 804 1813 859 sublatum

252 909 419 961 fuisse
453 907 677 961 linteum
706 920 722 957 :
748 908 1007 958 miratum
1033 918 1160 971 ergo
1194 903 1358 956 fuisse
1386 899 1629 961 Petrum,
1657 904 1817 960 atque

248 1003 386 1070 apud
436 1016 498 1056 sc
528 1000 845 1069 perplexum
899 998 1141 1052 hzesisse.
1177 994 1289 1048 Hoc
1313 1010 1443 1062 ergo
1480 996 1618 1053 viso,
1646 1006 1817 1060 coque

250 1092 392 1162 quod
420 1094 475 1146 in
507 1090 800 1160 Evangelio
825 1105 926 1143 suo
953 1098 1144 1143 sancto
1174 1087 1312 1141 dixit
1344 1085 1605 1138 Dominus
1634 1091 1816 1136 noster

248 1185 519 1246 Christus,
546 1192 917 1251 praceperunt
944 1181 1101 1235 nobis
1133 1180 1326 1233 Petrus
1357 1187 1410 1232 et
1437 1175 1637 1231 Paulus
1667 1174 1815 1225 omni

248 1292 413 1332 carne
454 1276 704 1343 cujusvis
746 1278 966 1328 tandem
998 1271 1370 1342 quadrupedis
1426 1272 1595 1330 vesci,
1645 1283 1816 1338 quare

248 1380 299 1423 et
341 1380 542 1435 porcus
594 1378 648 1421 et
691 1375 887 1420 caetera
950 1380 1289 1434 quascunque
1343 1363 1601 1416 animalia
1656 1363 1814 1417 nobis

248 1460 512 1528 permissa
548 1468 695 1513 sunt.
723 1456 898 1512 Jussit
924 1472 1055 1526 ergo
1101 1458 1397 1524 imperator
1439 1456 1663 1509 mactari
1694 1470 1816 1518 por-

247 1568 361 1614 cos.
393 1549 738 1623 569-57],
765 1565 1065 1616 eorumth
1088 1564 1275 1599 carnes
1306 1558 1489 1602 cortas
1535 1549 1587 1599 in
1646 1548 1812 1601 frusta

247 1644 457 1698 concidi
495 1652 548 1694 et
584 1643 647 1696 ad
694 1644 1049 1696 ecclesiarum
1082 1651 1271 1711 portas
1310 1659 1403 1711 per
1434 1653 1606 1697 totum
1640 1644 1812 1710 ipsius

249 1752 471 1804 regnum
508 1735 796 1789 Dominico
826 1734 1110 1790 Paschalis
1155 1736 1341 1799 statui,
1386 1751 1496 1804 quo
1542 1737 1712 1790 cuivis
1749 1752 1809 1789 ev

249 1830 475 1884 ecclesia
500 1829 793 1896 egredienti
820 1829 1060 1883 buccella
1081 1830 1264 1883 carnis
1293 1829 1532 1897 porcinae
1559 1829 1802 1897 ponige.
1846 1850 1885 1902 Β

248 1930 414 1983 retur,
442 1930 498 1974 et
528 1920 774 1989 quisquis
804 1935 924 1975 eam
944 1936 1049 1975 non
1071 1921 1254 1976 ederet
1278 1930 1452 1975 morte
1484 1920 1806 1981 afficeretur,

247 2029 351 2082 quo
389 2024 548 2083 pacto
576 2013 855 2069 interfecta
875 2022 956 2068 est
980 2028 1171 2083 magna
1193 2014 1472 2068 hominum
1502 2015 1810 2069 multitudo.

312 2104 635 2176 Byzantium
696 2106 861 2159 etiam
929 2121 1084 2161 muro
1126 2107 1366 2161 cinctum
1410 2106 1812 2163 Constantinus

248 2195 544 2265 imperator
586 2195 1099 2267 Constantinopolin
1150 2199 1469 2267 appellavit,
1515 2213 1659 2255 anno
1711 2201 1814 2253 im-

248 2288 375 2355 perii
405 2288 494 2341 sui
526 2287 827 2342 tricesimo.
863 2287 1033 2342 Porro
1067 2297 1275 2342 mortua
1309 2298 1394 2343 est
1424 2287 1627 2344 Helena
1668 2292 1811 2345 Con-

246 2379 471 2433 stantini
527 2386 702 2433 mater
745 2380 854 2447 jam
886 2381 1256 2449 octogenaria.
1303 2378 1599 2449 imperavit
1630 2394 1811 2439 autem

245 2471 641 2525 Constantinus
684 2486 856 2527 annos
888 2473 1111 2542 triginta
1142 2472 1302 2538 duos,
1340 2475 1464 2532 dein
1493 2476 1651 2542 obiit,
1689 2492 1811 2531 cum

241 2565 417 2605 annos
434 2553 719 2622 sexaginta
738 2554 983 2623 quinque
1000 2557 1428 2616 vixissetJribus
1445 2563 1647 2617 reiiCtis
1670 2562 1817 2628 filiis,

240 2656 477 2710 quorum
509 2655 640 2699 natu
672 2648 970 2701 maximum
1008 2650 1110 2701 sibi
1148 2653 1529 2718 c0guomiuem
1554 2655 1822 2709 Constan-

244 2735 420 2788 tinum
455 2737 772 2806 appellavit,
805 2740 1111 2796 secundum
1142 2742 1211 2796 de
1256 2746 1427 2812 patris
1459 2745 1544 2799 sui
1599 2748 1820 2801 nomine

246 2826 643 2896 Constantem,
684 2832 907 2885 tertium
950 2848 1079 2887 vero
1118 2834 1541 2903 Constantium;
1582 2854 1820 2908 quorum

242 2919 1175 2996 Constantinum,Constantinopoli
1196 2946 1212 2994 ;
1231 2927 1607 2999 Constantem,
1628 2934 1820 2988 Antio-

245 3013 379 3068 chiae
410 3012 588 3084 Syrias
620 3014 989 3084 Damascenae,
1023 3030 1077 3073 et
1126 3019 1397 3091 Egypto;
1440 3024 1819 3091 Constantem,

242 3106 363 3157 urbi
400 3103 593 3160 Romae
617 3106 886 3176 praefecit.
916 3109 1155 3181 Sapores
1192 3128 1321 3169 vero
1358 3114 1615 3171 llormozi
1654 3118 1822 3186 ﬁlius,

1923 612 2121 667 cmdem
2158 613 2562 680 conspirarant,
2609 626 2637 664 e
2685 611 2862 664 medio
2894 609 3139 674 sustulit,
3193 607 3487 677 Romaeque

1922 709 2095 760 virum
2144 706 2430 775 quemdam
2469 703 2687 758 nomine
2736 717 2833 757 suo
2882 701 3140 769 prrefecit.
3192 701 3347 755 Anno
3388 702 3490 753 im-

1922 799 2053 867 perii
2084 797 2327 866 ejusdem
2372 796 2623 865 septimo,
2671 794 2846 848 factus
2878 805 2960 847 est
3010 791 3221 846 Marcus
3257 794 3487 861 patriar-

1922 893 2019 945 rha
2052 890 2348 951 Romanus,
2393 888 2484 956 qui
2522 903 2640 942 cmn
2676 901 2847 939 annos
2892 886 3027 939 duos
3056 884 3310 947 sedisset,
3344 901 3490 938 mur.

1922 992 2047 1037 tuus
2082 991 2184 1036 est.
2236 982 2393 1035 Anno
2433 980 2670 1044 ejusdem
2717 993 2864 1031 nono
2919 978 3249 1037 constitutus
3298 974 3489 1045 473-

1919 1073 2081 1147 475
2130 1082 2213 1127 est
2253 1073 2429 1126 Julius
2489 1069 2795 1138 patriarcha
2834 1068 3131 1129 Romanus,
3199 1066 3290 1134 qui
3325 1080 3495 1118 annos

1922 1165 2227 1232 quindecim
2265 1163 2423 1223 sedit,
2472 1159 2598 1214 dein
2634 1168 2879 1212 mortuus
2903 1166 3006 1212 est.
3046 1158 3201 1209 Anno
3248 1155 3486 1225 ejusdem

1921 1256 2177 1311 vicesimo
2231 1264 2423 1323 quarto
2478 1253 2811 1308 constitutus
2868 1249 3122 1301 Linarius
3171 1245 3485 1315 patriarcha

1921 1349 2217 1410 Romanus,
2254 1360 2347 1400 sex
2396 1359 2566 1399 annos
2592 1341 2753 1407 sedit,
2777 1341 2900 1395 dein
2935 1346 3181 1392 mortuus
3209 1337 3490 1423 est.’Anno

1918 1440 2130 1511 imperii
2160 1440 2277 1505 ejus
2312 1436 2574 1491 vicesimo
2612 1434 2944 1488 constitutus
2996 1437 3078 1484 cst
3107 1428 3345 1498 Cyrillus
3372 1429 3455 1495 cpi
3476 1455 3489 1463 -

1917 1548 2114 1602 SCOleS
2145 1527 2693 1597 Hierosolyutitanus,
2721 1525 2811 1577 ubi
2844 1537 2966 1577 cum
3028 1536 3201 1575 annos
3245 1519 3487 1587 quinque

1917 1627 2171 1688 sedisset,
2213 1624 2370 1690 fugit.
2416 1620 2491 1674 Eo
2529 1627 2776 1687 tempore
2818 1614 3126 1684 congregati
3182 1612 3295 1664 Arii
3343 1624 3491 1663 assc—

1917 1720 2030 1780 rlte,
2066 1731 2188 1771 cum
2230 1714 2485 1769 omnibus
2515 1712 2638 1780 ejus
2663 1708 2993 1763 sententiam
3028 1704 3311 1773 anipiexis,
3344 1701 3484 1766 apml

1918 1814 2300 1878 imperatorem
2367 1802 2770 1865 Constantium,
2851 1798 2916 1853 de
2976 1796 3079 1849 fide
3128 1803 3180 1847 et
3221 1792 3487 1847 sententia

1917 1919 2011 1955 sua
2037 1900 2235 1970 optima
2266 1910 2498 1967 quaeque
2529 1893 2909 1963 prazdicantes,
2961 1895 3231 1942 trecentos
3260 1895 3313 1940 et
3336 1893 3486 1972 octo-

1915 1993 2087 2047 decim
2138 1991 2261 2044 illos
2308 1987 2399 2059 qui
2446 1987 2638 2040 Nicaeae
2678 1988 3070 2043 convenerant,
3112 1994 3344 2039 errasse,
3375 1989 3422 2027 et
3459 1992 3487 2029 a

1916 2101 2043 2139 vero
2088 2086 2137 2136 in
2183 2079 2452 2139 sententia
2502 2092 2601 2131 sua
2630 2076 2904 2135 deviasse,
2935 2072 3060 2124 dum
3109 2069 3307 2123 Filium
3341 2070 3488 2133 ejus-

1914 2180 2031 2232 dem
2062 2192 2182 2230 esse
2230 2172 2550 2229 substantiae
2582 2185 2704 2226 cum
2764 2166 2923 2220 Patre
2974 2170 3310 2226 assercrent,
3336 2161 3482 2214 dixe.

1916 2278 2040 2325 runt
2072 2285 2085 2320 :
2123 2266 2281 2323 Vetes
2302 2280 2427 2333 ergo
2464 2262 2765 2331 (inquiunt)
2815 2260 2920 2312 hoc
2969 2256 3099 2317 dici,
3150 2269 3277 2309 cum
3333 2268 3488 2307 error

1910 2365 2015 2427 sit;
2051 2361 2196 2432 quod
2253 2368 2305 2412 et
2357 2357 2536 2411 facere
2583 2352 2778 2409 statuit
2816 2352 3136 2419 imperator.
3191 2347 3267 2400 Eo
3303 2356 3483 2399 autem

1914 2465 1965 2509 te
1991 2467 2156 2521 :ipore
2204 2465 2367 2519 super
2419 2447 2590 2503 cranii
2645 2441 2839 2517 [ioco,]
2892 2442 2985 2510 qui
3042 2447 3128 2493 cst
3192 2437 3481 2505 GolgOLha,

1913 2545 2088 2600 medio
2119 2543 2206 2598 die
2257 2539 2511 2611 apparuit
2555 2553 2686 2592 crux
2733 2551 2762 2589 e
2814 2534 2958 2596 luce,
3004 2547 3033 2584 a
3087 2538 3232 2584 terra
3281 2530 3480 2583 coelum

1911 2653 2099 2707 usque,
2132 2635 2445 2706 pertingens
2492 2640 2546 2683 et
2609 2629 2675 2681 ad
2731 2634 2974 2679 montem
3027 2623 3304 2676 Olivarum
3364 2636 3488 2690 pro-

1910 2739 2086 2793 tensa,
2123 2725 2439 2795 cujuslucis
2466 2720 2759 2790 splendore
2786 2717 3055 2770 occultata
3086 2724 3167 2769 est
3208 2714 3299 2767 lux
3328 2712 3483 2767 solis.

1913 2821 2040 2874 Eam
2073 2833 2287 2879 omnes,
2324 2815 2415 2886 qui
2452 2816 2504 2869 in
2544 2814 2675 2866 urbe
2706 2802 3198 2879 Hierosolymitana
3234 2806 3481 2867 aderant,

1911 2921 2019 2965 tam
2070 2909 2249 2975 magni
2302 2922 2465 2974 quam
2529 2904 2678 2973 parvi
2738 2909 3165 2969 conspexerunt,
3217 2907 3482 2967 praesente

1909 3002 2070 3058 etiam
2103 2998 2304 3070 Cyriilo
2338 2997 2601 3065 episcOpo
2653 2990 3188 3061 ilierosolymitano;
3230 2988 3321 3056 qui
3353 3002 3484 3057 ergo

1911 3094 2108 3148 litteris
2137 3090 2320 3147 statim
2351 3088 2574 3157 scriptis
2628 3086 3012 3153 imperatorem
3064 3083 3140 3135 rei
3194 3081 3478 3134 certiorem

243 3195 538 3252 Persarum
558 3172 876 3262 res,urbem
895 3172 1050 3259 Susis
1064 3172 1876 3274 exstructam,Choat-SaburC
1911 3184 2139 3246 radens’
2164 3181 2300 3234 dim
2328 3196 2342 3233 ³
2372 3178 2491 3274 sui)
2534 3184 2688 3247 patre
2724 3184 2842 3274 mf”
2876 3172 3351 3274 bi?‘*.'.“e."“.”im
3383 3172 3481 3274 if..."

240 3292 561 3358 appellavit,
594 3291 758 3347 aliam
792 3295 842 3346 in
878 3296 1099 3363 regione
1126 3296 1342 3365 Sawad,
1376 3300 1821 3369 Phiruz—Sabur;

244 3379 405 3434 urbes
452 3382 619 3436 etiam
671 3384 724 3437 in
784 3383 973 3438 Sindia
1010 3395 1064 3441 et
1122 3387 1369 3455 Sejestan
1421 3396 1688 3461 condidit,
1722 3411 1824 3452 nec

240 3481 342 3519 non
394 3467 604 3522 multos
636 3466 822 3522 eiiodit
863 3468 1079 3534 ﬂuvios,
1112 3472 1479 3541 fornicesque,
1522 3482 1576 3527 et
1617 3485 1810 3540 pontes

237 3559 533 3613 exstruxit.
557 3558 720 3613 Senio
746 3570 927 3614 autem
954 3563 1066 3632 jam
1095 3565 1344 3618 confecto
1375 3564 1655 3619 labefacta:
1683 3574 1811 3620 sunt

240 3651 401 3714 vires,
425 3659 483 3704 et
516 3651 767 3720 eaiigavit
799 3654 967 3717 visus,
1010 3656 1322 3723 superciliis
1357 3657 1410 3709 in
1455 3658 1645 3713 oculos
1679 3673 1807 3727 pro-

238 3742 572 3795 minentibus
599 3758 803 3811 :quare
837 3744 1011 3814 legato
1034 3747 1099 3800 ad
1128 3746 1381 3801 Indorum
1406 3761 1585 3816 regem
1618 3750 1808 3817 misso,

241 3827 510 3881 medicum
550 3830 616 3882 ab
649 3830 767 3899 ipso
797 3832 970 3899 petiit.
1000 3833 1103 3898 Qui
1151 3850 1279 3904 ergo
1317 3836 1440 3903 ejus
1475 3839 1609 3892 artis
1642 3839 1806 3911 472

239 3919 469 3981 peritum
502 3922 792 3987 quemdam
826 3923 1044 3978 nomine
1098 3924 1386 3993 Georgium
1436 3928 1683 3992 remisit,
1719 3931 1808 3997 qui

238 4010 410 4074 ipsum
463 4013 687 4066 sanitati
740 4015 1000 4077 restituit,
1056 4017 1194 4071 adeo
1252 4028 1315 4071 ut
1358 4017 1811 4074 confirmarentur

237 4100 334 4162 ipsi
364 4102 547 4160 nervi.
589 4103 1016 4173 reddereturque
1038 4108 1209 4169 visus,
1243 4118 1298 4160 et
1325 4124 1521 4179 equum
1546 4125 1809 4167 conscen-

236 4190 362 4243 dere
399 4194 632 4245 valcrrt.
665 4190 843 4249 Iussit
891 4211 1021 4265 ergo
1068 4197 1221 4252 illum
1272 4200 1461 4255 urbem
1504 4217 1667 4273 quam
1702 4204 1808 4259 sibi

234 4285 391 4338 vellet
422 4285 770 4339 incolendam
803 4286 1022 4355 eligere.
1072 4289 1165 4344 ille
1213 4293 1345 4347 urbe
1395 4293 1808 4357 Choat-Sabur,

232 4390 351 4441 qua:
385 4384 443 4428 et
494 4374 669 4429 Corch
724 4366 1050 4442 appellatur,
1102 4390 1293 4447 estque
1346 4383 1476 4437 urbs
1526 4382 1685 4449 Susa,
1738 4387 1806 4440 ibi

230 4480 400 4531 usque
442 4468 577 4519 dum
614 4480 643 4517 e
676 4466 811 4521 vivis
838 4469 1125 4523 excederet
1160 4470 1442 4524 habitavit.

1914 3286 2194 3344 peratore,
2253 3271 2506 3342 apparuit
2566 3284 2703 3323 crux
2772 3267 2984 3322 Domini
3042 3265 3243 3321 Christi
3310 3264 3479 3318 stellis

1911 3361 2187 3437 [effigiata]
2236 3360 2417 3415 medio
2447 3359 2533 3414 die
2581 3359 2634 3411 in
2659 3356 2818 3419 coelo,
2850 3371 2913 3411 ac
2959 3356 3071 3424 jam
3128 3362 3180 3409 te
3225 3361 3483 3423 regnanti:

1912 3457 2230 3526 (imperator
2257 3451 2408 3520 felix)
2435 3449 2602 3522 476
2631 3448 2882 3519 apparuit
2906 3462 3071 3517 super
3095 3446 3276 3501 Cranii
3312 3445 3479 3517 [loco]

1910 3563 2043 3602 crux
2080 3562 2109 3600 e
2151 3545 2269 3599 luce
2301 3546 2457 3610 cujus
2489 3541 2748 3611 splendor
2785 3540 2918 3594 solis
2973 3538 3326 3609 splendorem
3362 3539 3477 3606 ipso

1911 3634 2136 3689 meridie
2169 3643 2407 3704 superat.
2434 3632 2762 3700 Litterisque
2786 3630 2897 3684 suis
2931 3629 3033 3698 ipsi
3066 3630 3240 3684 suasit
3275 3644 3339 3683 ne
3367 3627 3480 3681 Arii

1912 3727 2192 3797 ipsiusque
2253 3725 2568 3785 sequacium
2619 3721 2951 3778 sententiam
3010 3721 3475 3789 amplecteretur,

1911 3826 2093 3887 utpote
2118 3817 2207 3886 qui
2240 3832 2269 3870 a
2303 3830 2431 3869 vero
2477 3814 2755 3869 deviantes
2800 3814 2866 3866 ad
2917 3812 3297 3865 infidelitatem
3350 3823 3477 3878 pro-

1911 3909 2048 3979 lapsi
2099 3916 2304 3971 essent,
2368 3907 2568 3977 quibus
2617 3904 2971 3959 maiedixerat
3018 3911 3383 3957 trecentorum
3424 3906 3475 3952 et

1910 4000 2211 4054 octodecim
2260 3999 2642 4068 episcoporum
2696 3996 3028 4056 concilium,
3104 3993 3471 4060 omnibusque

1908 4092 2000 4161 qui
2050 4092 2189 4144 idem
2240 4106 2363 4143 rum
2423 4091 2555 4159 ipsis
2611 4095 2935 4143 assererent.
2997 4085 3295 4153 Imperator
3347 4098 3477 4150 ergo

1915 4183 2154 4251 acceptis
2210 4181 2397 4253 Cytilii
2455 4180 2650 4234 litteris
2706 4194 2935 4247 magna,
2987 4178 3057 4231 ob
3099 4176 3188 4229 illa
3233 4190 3353 4243 qua:
3405 4174 3473 4227 ad

1911 4277 2084 4347 ipsum
2117 4273 2431 4343 scripserat,
2475 4271 2662 4325 laetitia
2711 4270 2935 4325 affectus
2960 4277 3065 4333 est,
3111 4279 3163 4323 et
3198 4266 3263 4321 ad
3291 4280 3476 4319 verum

1912 4385 2162 4425 reversus
2198 4369 2365 4422 vetuit
2401 4366 2610 4420 admitti
2642 4365 2754 4419 Arii
2790 4364 3142 4421 sententiam.

1982 4459 2058 4511 Eo
2092 4471 2333 4527 tempore
2368 4454 2873 4524 Constantinopoli,
2916 4453 3241 4517 Antiochiae,
3274 4451 3477 4511 Babeli.

299 4554 503 4610 Totum
531 4563 713 4609 autem
745 4557 886 4624 quod
927 4557 1058 4610 vixit
1103 4556 1281 4611 Sabur
1337 4562 1595 4627 spatium.
1630 4580 1799 4617 auuo-

1914 4558 1965 4601 et
1998 4547 2365 4608 Alexandriae,
2399 4546 2683 4615 prmvaluit
2715 4545 2830 4599 Arii
2885 4546 3179 4609 sententia,
3208 4543 3366 4611 cujus
3416 4542 3479 4596 li-

231 4656 348 4695 rum
401 4649 530 4696 erat
592 4644 936 4710 septuaginta
1007 4645 1274 4706 duorum;
1332 4647 1530 4714 quibus
1591 4653 1799 4705 exactis

230 4743 483 4790 mortuus
514 4744 619 4788 est.
655 4732 918 4803 Regnavit
943 4746 1063 4803 post
1103 4736 1279 4803 ipsum
1333 4738 1384 4790 in
1422 4738 1618 4795 Persas
1654 4741 1795 4796 filius

228 4826 398 4893 ipsius
432 4824 674 4878 Ardshir
707 4824 901 4877 Saburi
956 4824 1099 4878 filius
1144 4841 1318 4882 annos
1367 4841 1623 4897 quatuor,
1677 4833 1797 4885 dein

229 4926 477 4969 mortuus
536 4923 622 4969 est
680 4930 694 4966 :
762 4915 923 4981 idque
980 4931 1125 4969 anno
1184 4918 1396 4984 imperii
1452 4920 1799 4977 Constantini

220 4994 317 5057 lilii
381 5003 743 5060 Constantini
801 5003 1147 5061 Rumaaorum
1199 5010 1547 5078 imperatoris
1602 5014 1798 5081 primo.

226 5095 343 5150 Post
412 5104 602 5166 ipsum
663 5097 717 5150 in
800 5095 997 5152 Persas
1064 5105 1312 5167 regnavit
1387 5104 1554 5157 frater
1622 5106 1797 5174 ipsius

232 5183 399 5252 Sapor
449 5183 653 5253 Sapori
714 5185 857 5237 filius
914 5201 1083 5243 annos
1144 5190 1533 5261 quinquaginta
1587 5194 1695 5248 duo
1747 5206 1802 5249 et

232 5290 445 5328 nuruses
507 5281 769 5343 quatuor,
818 5277 978 5347 idque
1028 5294 1169 5333 anno
1221 5282 1371 5349 regni
1426 5282 1803 5348 Constantini,

234 5365 316 5419 filii
354 5366 716 5421 Constantini
750 5368 1095 5423 Rnuueornm
1156 5374 1520 5441 imperatoris,
1584 5378 1801 5445 quinto.

230 5462 381 5514 Anno
436 5460 661 5528 imperii
705 5462 952 5527 ejusdem
1005 5468 1197 5531 quZnto
1247 5465 1298 5518 in
1367 5466 1587 5522 fratrem
1630 5469 1805 5537 ipsius

230 5551 619 5605 Constantium
662 5550 847 5608 Roma:
882 5556 1096 5609 irruens
1130 5557 1413 5622 praefectus
1445 5560 1666 5627 quidam
1707 5578 1804 5615 no-

231 5644 367 5699 mine
419 5643 735 5698 Maxentius
785 5647 959 5714 ipsum
1008 5650 1226 5703 occidit.
1279 5650 1397 5716 Quo
1443 5654 1626 5706 amlito
1657 5655 1804 5707 Con-

232 5737 498 5789 5Iautinus
531 5734 880 5791 Constantini
926 5738 1066 5794 filius
1116 5741 1279 5794 misso
1313 5744 1548 5795 exercitu
1603 5759 1796 5813 magno

303 5856 341 5887 ”
372 5854 497 5911 Aet.
536 5870 592 5911 ι,
632 5853 694 5908 13
724 5868 844 5925 SQq.

1900 4643 2020 4695 dem
2057 4650 2109 4694 et
2137 4641 2469 4695 sententiam
2502 4640 2594 4709 qui
2628 4639 3110 4708 amplecterentur,
3156 4639 3376 4692 nomine
3411 4637 3478 4690 ab

1900 4732 2070 4800 ipsius
2101 4732 2341 4797 nomine,
2380 4732 2533 4794 Ario,
2562 4730 2797 4784 deducto
2830 4731 3019 4784 Ariani
3056 4730 3276 4784 vocitati
3325 4737 3479 4783 sunt.

1902 4829 2059 4879 Anno
2088 4824 2296 4893 imperii
2354 4824 2659 4880 Constantii
2698 4825 2789 4878 lilii
2840 4823 3189 4879 Constantini
3237 4825 3481 4877 secundo

1903 4918 2235 4971 constitutus
2275 4926 2358 4970 est
2392 4917 2693 4987 Cyprianus
2724 4917 3030 4986 patriarcha
3079 4918 3478 4979 Antiochenus,

1911 5016 2003 5083 qui
2043 5014 2279 5067 Arianus
2302 5026 2439 5077 erat,
2472 5022 2524 5064 υι
2558 5027 2683 5065 cum
2729 5011 3009 5065 biennium
3048 5012 3298 5075 sedisset,
3336 5027 3477 5065 mor-

1912 5115 2039 5161 tuus
2078 5114 2181 5160 est.
2228 5106 2386 5160 Anno
2418 5105 2623 5173 imperii
2654 5105 2770 5175 ejus
2810 5114 3007 5173 quarto
3044 5104 3215 5157 fartus
3253 5116 3331 5159 est
3365 5106 3479 5158 Bia-

1926 5197 2037 5252 sius
2094 5196 2403 5264 patriarcha
2449 5194 2840 5258 Antiochenus,
2888 5196 2977 5264 qui
3028 5211 3200 5249 annos
3244 5207 3480 5264 quatuor

1918 5286 2079 5350 sedit,
2113 5286 2239 5340 dein
2287 5294 2537 5339 mortuus
2579 5295 2681 5337 est.
2726 5283 2821 5339 llic
2853 5288 3019 5340 etiam
3068 5289 3305 5340 Arianus
3356 5289 3477 5341 fuit.

1914 5380 2070 5432 Anno
2094 5378 2335 5446 ejusdem
2368 5386 2556 5431 octavo
2607 5376 2781 5431 factus
2813 5389 2894 5431 est
2924 5378 3205 5433 Eustatius
3251 5381 3480 5448 patriar-

1908 5471 2006 5524 cha
2033 5470 2427 5533 Antiochenus,
2477 5471 2567 5537 qtti
2624 5484 2796 5523 annos
2838 5471 3077 5540 quinque
3125 5473 3287 5531 sedit,
3340 5472 3463 5525 dein

1913 5572 2163 5617 mortuus
2192 5570 2315 5616 est:
2363 5563 2452 5631 qui
2508 5562 2673 5617 etiam
2734 5565 2989 5618 Arianus.
3035 5568 3189 5617 Auno
3233 5564 3473 5635 ejusdem

1910 5654 2120 5709 decimo
2154 5656 2312 5710 tertio
2342 5663 2559 5711 creatus
2588 5668 2669 5712 est.
2706 5656 2812 5711 Leo
2841 5659 3149 5726 patriarcha
3183 5660 3477 5711 Antioche-

1930 5763 2053 5811 nus,
2091 5750 2200 5816 ipsc
2233 5749 2390 5801 ctiam
2423 5748 2677 5812 Atlantis,
2716 5752 2805 5804 ubi
2854 5766 3045 5806 novent
3107 5767 3275 5806 annos
3318 5752 3477 5813 sedit,
