  <div class='ocr_page' id='page_1' title='image "/cluster/home/n/w/nwhite01/storage/ocr_20150623/111/nnc1.0046979743/513.png"; bbox 0 0 4200 6432; ppageno 0'>
   <div class='ocr_carea' id='block_1_1' title="bbox 703 394 836 457">
    <p class='ocr_par' dir='ltr' id='par_1_1' title="bbox 703 394 836 457">
     <span class='ocr_line' id='line_1_1' title="bbox 703 394 836 457; baseline 0.008 -1"><span class='ocrx_word' id='word_1_1' title='bbox 703 394 836 457; x_wconf 78' lang='grc'><strong>1015</strong></span> 
     </span>
    </p>
   </div>
   <div class='ocr_carea' id='block_1_2' title="bbox 1724 408 2927 478">
    <p class='ocr_par' dir='ltr' id='par_1_2' title="bbox 1724 408 2927 478">
     <span class='ocr_line' id='line_1_2' title="bbox 1724 408 2927 478; baseline 0.01 -12"><span class='ocrx_word' id='word_1_2' title='bbox 1724 408 2093 470; x_wconf 78' lang='lat' dir='ltr'><strong>EU&#39;I‘YCHII</strong></span> <span class='ocrx_word' id='word_1_3' title='bbox 2136 412 2672 474; x_wconf 73' lang='lat' dir='ltr'><strong>ALEXANDRINI</strong></span> <span class='ocrx_word' id='word_1_4' title='bbox 2711 417 2927 478; x_wconf 83' lang='lat' dir='ltr'><strong>PATR.</strong></span> 
     </span>
    </p>
   </div>
   <div class='ocr_carea' id='block_1_3' title="bbox 3806 418 3940 482">
    <p class='ocr_par' dir='ltr' id='par_1_3' title="bbox 3806 418 3940 482">
     <span class='ocr_line' id='line_1_3' title="bbox 3806 418 3940 482; baseline 0 0"><span class='ocrx_word' id='word_1_5' title='bbox 3806 418 3940 482; x_wconf 76' lang='lat'><strong>1016</strong></span> 
     </span>
    </p>
   </div>
   <div class='ocr_carea' id='block_1_4' title="bbox 692 524 3938 612">
    <p class='ocr_par' dir='ltr' id='par_1_4' title="bbox 692 524 3938 612">
     <span class='ocr_line' id='line_1_4' title="bbox 692 524 3938 612; baseline 0.008 -55"><span class='ocrx_word' id='word_1_6' title='bbox 692 526 820 580; x_wconf 52' lang='lat' dir='ltr'><strong>dum</strong></span> <span class='ocrx_word' id='word_1_7' title='bbox 880 537 1129 583; x_wconf 65' lang='lat' dir='ltr'><strong>momms</strong></span> <span class='ocrx_word' id='word_1_8' title='bbox 1163 542 1266 586; x_wconf 50' lang='lat' dir='ltr'><strong>est.</strong></span> <span class='ocrx_word' id='word_1_9' title='bbox 1315 533 1616 603; x_wconf 62' lang='lat' dir='ltr'><strong>hnperam.</strong></span> <span class='ocrx_word' id='word_1_10' title='bbox 1665 535 2028 612; x_wconf 58' lang='grc'><strong>4⁷⁷,479</strong></span> <span class='ocrx_word' id='word_1_11' title='bbox 2077 555 2255 596; x_wconf 55' lang='lat' dir='ltr'><strong>amem</strong></span> <span class='ocrx_word' id='word_1_12' title='bbox 2287 527 2331 581; x_wconf 82' lang='grc' dir='ltr'><strong>Α</strong></span> <span class='ocrx_word' id='word_1_13' title='bbox 2366 524 2538 588; x_wconf 88' lang='lat' dir='ltr'><strong>ipsum</strong></span> <span class='ocrx_word' id='word_1_14' title='bbox 2591 527 2900 580; x_wconf 91' lang='lat' dir='ltr'><strong>trucidandi</strong></span> <span class='ocrx_word' id='word_1_15' title='bbox 2954 526 3160 590; x_wconf 92' lang='lat' dir='ltr'><strong>animo,</strong></span> <span class='ocrx_word' id='word_1_16' title='bbox 3218 526 3394 579; x_wconf 90' lang='lat' dir='ltr'><strong>adorti</strong></span> <span class='ocrx_word' id='word_1_17' title='bbox 3455 534 3604 581; x_wconf 90' lang='lat' dir='ltr'><strong>sunt.</strong></span> <span class='ocrx_word' id='word_1_18' title='bbox 3657 527 3760 593; x_wconf 86' lang='lat' dir='ltr'><strong>Qui</strong></span> <span class='ocrx_word' id='word_1_19' title='bbox 3813 545 3938 583; x_wconf 90' lang='lat' dir='ltr'><strong>cum</strong></span> 
     </span>
    </p>
   </div>
   <div class='ocr_carea' id='block_1_5' title="bbox 700 619 2257 702">
    <p class='ocr_par' dir='ltr' id='par_1_5' title="bbox 700 619 2257 702">
     <span class='ocr_line' id='line_1_5' title="bbox 700 619 2257 702; baseline 0.012 -33"><span class='ocrx_word' id='word_1_20' title='bbox 700 619 869 672; x_wconf 90' lang='lat' dir='ltr'><strong>misso</strong></span> <span class='ocrx_word' id='word_1_21' title='bbox 920 619 1190 685; x_wconf 80' lang='lat' dir='ltr'><strong>Eudoxio,</strong></span> <span class='ocrx_word' id='word_1_22' title='bbox 1230 624 1381 678; x_wconf 84' lang='lat' dir='ltr'><strong>urbis</strong></span> <span class='ocrx_word' id='word_1_23' title='bbox 1431 626 1697 682; x_wconf 69' lang='lat' dir='ltr'><strong>Jermanae</strong></span> <span class='ocrx_word' id='word_1_24' title='bbox 1750 632 2031 701; x_wconf 90' lang='lat' dir='ltr'><strong>episcopo,</strong></span> <span class='ocrx_word' id='word_1_25' title='bbox 2080 634 2257 702; x_wconf 89' lang='lat' dir='ltr'><strong>ipsum</strong></span> 
     </span>
    </p>
   </div>
   <div class='ocr_carea' id='block_1_6' title="bbox 693 710 2259 787">
    <p class='ocr_par' dir='ltr' id='par_1_6' title="bbox 693 710 2259 787">
     <span class='ocr_line' id='line_1_6' title="bbox 693 710 2259 787; baseline 0.013 -27"><span class='ocrx_word' id='word_1_26' title='bbox 693 710 998 764; x_wconf 68' lang='lat' dir='ltr'><strong>Antiochiae</strong></span> <span class='ocrx_word' id='word_1_27' title='bbox 1045 715 1413 781; x_wconf 91' lang='lat' dir='ltr'><strong>patriarcham</strong></span> <span class='ocrx_word' id='word_1_28' title='bbox 1466 719 1725 787; x_wconf 69' lang='lat' dir='ltr'><strong>prml&#39;ecit.</strong></span> <span class='ocrx_word' id='word_1_29' title='bbox 1785 721 2115 780; x_wconf 73' lang='lat' dir='ltr'><strong>Manichzeus</strong></span> <span class='ocrx_word' id='word_1_30' title='bbox 2173 728 2259 781; x_wconf 92' lang='lat' dir='ltr'><strong>hic</strong></span> 
     </span>
    </p>
   </div>
   <div class='ocr_carea' id='block_1_7' title="bbox 698 805 2255 883">
    <p class='ocr_par' dir='ltr' id='par_1_7' title="bbox 698 805 2255 883">
     <span class='ocr_line' id='line_1_7' title="bbox 698 805 2255 883; baseline 0.011 -29"><span class='ocrx_word' id='word_1_31' title='bbox 698 811 846 867; x_wconf 88' lang='lat' dir='ltr'><strong>erat;</strong></span> <span class='ocrx_word' id='word_1_32' title='bbox 884 805 1133 858; x_wconf 89' lang='lat' dir='ltr'><strong>eumdem</strong></span> <span class='ocrx_word' id='word_1_33' title='bbox 1184 822 1307 860; x_wconf 91' lang='lat' dir='ltr'><strong>cum</strong></span> <span class='ocrx_word' id='word_1_34' title='bbox 1342 809 1616 864; x_wconf 83' lang='lat' dir='ltr'><strong>biennium</strong></span> <span class='ocrx_word' id='word_1_35' title='bbox 1653 813 1955 870; x_wconf 73' lang='lat' dir='ltr'><strong>Antiochia:</strong></span> <span class='ocrx_word' id='word_1_36' title='bbox 1999 819 2255 883; x_wconf 84' lang='lat' dir='ltr'><strong>sedisset,</strong></span> 
     </span>
    </p>
   </div>
   <div class='ocr_carea' id='block_1_8' title="bbox 695 892 2255 969">
    <p class='ocr_par' dir='ltr' id='par_1_8' title="bbox 695 892 2255 969">
     <span class='ocr_line' id='line_1_8' title="bbox 695 892 2255 969; baseline 0.013 -27"><span class='ocrx_word' id='word_1_37' title='bbox 695 892 990 961; x_wconf 84' lang='lat' dir='ltr'><strong>imperator</strong></span> <span class='ocrx_word' id='word_1_38' title='bbox 1017 894 1529 967; x_wconf 80' lang='lat' dir='ltr'><strong>Constantinopolin</strong></span> <span class='ocrx_word' id='word_1_39' title='bbox 1579 907 1876 969; x_wconf 81' lang='lat' dir='ltr'><strong>transtulit,</strong></span> <span class='ocrx_word' id='word_1_40' title='bbox 1931 907 2018 961; x_wconf 88' lang='lat' dir='ltr'><strong>ubi</strong></span> <span class='ocrx_word' id='word_1_41' title='bbox 2071 910 2255 962; x_wconf 86' lang='lat' dir='ltr'><strong>decem</strong></span> 
     </span>
    </p>
   </div>
   <div class='ocr_carea' id='block_1_9' title="bbox 666 988 2260 1061">
    <p class='ocr_par' dir='ltr' id='par_1_9' title="bbox 666 988 2260 1061">
     <span class='ocr_line' id='line_1_9' title="bbox 666 988 2260 1061; baseline 0.013 -25"><span class='ocrx_word' id='word_1_42' title='bbox 666 988 850 1039; x_wconf 84' lang='lat' dir='ltr'><strong>.aunis</strong></span> <span class='ocrx_word' id='word_1_43' title='bbox 883 1002 1111 1043; x_wconf 88' lang='lat' dir='ltr'><strong>munere</strong></span> <span class='ocrx_word' id='word_1_44' title='bbox 1153 993 1504 1059; x_wconf 89' lang='lat' dir='ltr'><strong>patriarchali</strong></span> <span class='ocrx_word' id='word_1_45' title='bbox 1552 994 1773 1051; x_wconf 81' lang='lat' dir='ltr'><strong>functus</strong></span> <span class='ocrx_word' id='word_1_46' title='bbox 1810 1007 1910 1061; x_wconf 93' lang='lat' dir='ltr'><strong>est,</strong></span> <span class='ocrx_word' id='word_1_47' title='bbox 1945 1001 2070 1055; x_wconf 90' lang='lat' dir='ltr'><strong>dein</strong></span> <span class='ocrx_word' id='word_1_48' title='bbox 2117 1019 2260 1057; x_wconf 88' lang='lat' dir='ltr'><strong>mor-</strong></span> 
     </span>
    </p>
   </div>
   <div class='ocr_carea' id='block_1_10' title="bbox 692 1075 2260 1158">
    <p class='ocr_par' dir='ltr' id='par_1_10' title="bbox 692 1075 2260 1158">
     <span class='ocr_line' id='line_1_10' title="bbox 692 1075 2260 1158; baseline 0.015 -34"><span class='ocrx_word' id='word_1_49' title='bbox 692 1085 840 1130; x_wconf 83' lang='lat' dir='ltr'><strong>tuus.</strong></span> <span class='ocrx_word' id='word_1_50' title='bbox 870 1075 1030 1132; x_wconf 92' lang='lat' dir='ltr'><strong>Anno</strong></span> <span class='ocrx_word' id='word_1_51' title='bbox 1060 1080 1319 1136; x_wconf 89' lang='lat' dir='ltr'><strong>vicesimo</strong></span> <span class='ocrx_word' id='word_1_52' title='bbox 1362 1085 1606 1139; x_wconf 91' lang='lat' dir='ltr'><strong>secundo</strong></span> <span class='ocrx_word' id='word_1_53' title='bbox 1642 1088 1854 1156; x_wconf 88' lang='lat' dir='ltr'><strong>imperii</strong></span> <span class='ocrx_word' id='word_1_54' title='bbox 1908 1090 2080 1158; x_wconf 84' lang='lat' dir='ltr'><strong>ipsius</strong></span> <span class='ocrx_word' id='word_1_55' title='bbox 2128 1108 2260 1146; x_wconf 87' lang='lat' dir='ltr'><strong>con-</strong></span> 
     </span>
    </p>
   </div>
   <div class='ocr_carea' id='block_1_11' title="bbox 689 1167 2256 1249">
    <p class='ocr_par' dir='ltr' id='par_1_11' title="bbox 689 1167 2256 1249">
     <span class='ocr_line' id='line_1_11' title="bbox 689 1167 2256 1249; baseline 0.013 -31"><span class='ocrx_word' id='word_1_56' title='bbox 689 1167 915 1222; x_wconf 89' lang='lat' dir='ltr'><strong>stitutus</strong></span> <span class='ocrx_word' id='word_1_57' title='bbox 956 1179 1040 1225; x_wconf 87' lang='lat' dir='ltr'><strong>est</strong></span> <span class='ocrx_word' id='word_1_58' title='bbox 1099 1173 1432 1231; x_wconf 80' lang='lat' dir='ltr'><strong>Athanasius</strong></span> <span class='ocrx_word' id='word_1_59' title='bbox 1490 1179 1796 1245; x_wconf 79' lang='lat' dir='ltr'><strong>patriarcha</strong></span> <span class='ocrx_word' id='word_1_60' title='bbox 1846 1181 2256 1249; x_wconf 86' lang='lat' dir='ltr'><strong>Antiochenus,</strong></span> 
     </span>
    </p>
   </div>
   <div class='ocr_carea' id='block_1_12' title="bbox 687 1259 2259 1340">
    <p class='ocr_par' dir='ltr' id='par_1_12' title="bbox 687 1259 2259 1340">
     <span class='ocr_line' id='line_1_12' title="bbox 687 1259 2259 1340; baseline 0.015 -30"><span class='ocrx_word' id='word_1_61' title='bbox 687 1259 781 1326; x_wconf 90' lang='lat' dir='ltr'><strong>qui</strong></span> <span class='ocrx_word' id='word_1_62' title='bbox 813 1270 864 1313; x_wconf 90' lang='lat' dir='ltr'><strong>et</strong></span> <span class='ocrx_word' id='word_1_63' title='bbox 902 1261 1234 1319; x_wconf 72' lang='lat' dir='ltr'><strong>Manichaeus</strong></span> <span class='ocrx_word' id='word_1_64' title='bbox 1265 1266 1394 1332; x_wconf 82' lang='lat' dir='ltr'><strong>fuit;</strong></span> <span class='ocrx_word' id='word_1_65' title='bbox 1430 1270 1519 1321; x_wconf 87' lang='lat' dir='ltr'><strong>ubi</strong></span> <span class='ocrx_word' id='word_1_66' title='bbox 1556 1285 1677 1323; x_wconf 92' lang='lat' dir='ltr'><strong>cum</strong></span> <span class='ocrx_word' id='word_1_67' title='bbox 1709 1281 1944 1340; x_wconf 80' lang='lat' dir='ltr'><strong>quatuor</strong></span> <span class='ocrx_word' id='word_1_68' title='bbox 1967 1289 2138 1330; x_wconf 89' lang='lat' dir='ltr'><strong>annos</strong></span> <span class='ocrx_word' id='word_1_69' title='bbox 2168 1293 2259 1332; x_wconf 91' lang='lat' dir='ltr'><strong>se-</strong></span> 
     </span>
    </p>
   </div>
   <div class='ocr_carea' id='block_1_13' title="bbox 688 1346 2258 1434">
    <p class='ocr_par' dir='ltr' id='par_1_13' title="bbox 688 1346 2258 1434">
     <span class='ocr_line' id='line_1_13' title="bbox 688 1346 2258 1434; baseline 0.016 -38"><span class='ocrx_word' id='word_1_70' title='bbox 688 1346 882 1414; x_wconf 89' lang='lat' dir='ltr'><strong>disset,</strong></span> <span class='ocrx_word' id='word_1_71' title='bbox 936 1363 1185 1409; x_wconf 90' lang='lat' dir='ltr'><strong>mortuus</strong></span> <span class='ocrx_word' id='word_1_72' title='bbox 1235 1369 1336 1410; x_wconf 68' lang='lat' dir='ltr'><strong>est.</strong></span> <span class='ocrx_word' id='word_1_73' title='bbox 1385 1355 1530 1411; x_wconf 78' lang='lat' dir='ltr'><strong>Idem</strong></span> <span class='ocrx_word' id='word_1_74' title='bbox 1587 1377 1679 1414; x_wconf 90' lang='lat' dir='ltr'><strong>rex</strong></span> <span class='ocrx_word' id='word_1_75' title='bbox 1724 1379 1869 1416; x_wconf 91' lang='lat' dir='ltr'><strong>anno</strong></span> <span class='ocrx_word' id='word_1_76' title='bbox 1921 1365 2132 1434; x_wconf 90' lang='lat' dir='ltr'><strong>imperii</strong></span> <span class='ocrx_word' id='word_1_77' title='bbox 2175 1370 2258 1422; x_wconf 91' lang='lat' dir='ltr'><strong>sui</strong></span> 
     </span>
    </p>
   </div>
   <div class='ocr_carea' id='block_1_14' title="bbox 688 1440 2258 1525">
    <p class='ocr_par' dir='ltr' id='par_1_14' title="bbox 688 1440 2258 1525">
     <span class='ocr_line' id='line_1_14' title="bbox 688 1440 2258 1525; baseline 0.015 -35"><span class='ocrx_word' id='word_1_78' title='bbox 688 1440 888 1506; x_wconf 90' lang='lat' dir='ltr'><strong>primo,</strong></span> <span class='ocrx_word' id='word_1_79' title='bbox 941 1442 1110 1497; x_wconf 85' lang='lat' dir='ltr'><strong>Paulo</strong></span> <span class='ocrx_word' id='word_1_80' title='bbox 1165 1450 1477 1515; x_wconf 81' lang='lat' dir='ltr'><strong>patriarcha</strong></span> <span class='ocrx_word' id='word_1_81' title='bbox 1533 1453 2144 1525; x_wconf 77' lang='lat' dir='ltr'><strong>Constantinopolitano</strong></span> <span class='ocrx_word' id='word_1_82' title='bbox 2207 1461 2258 1514; x_wconf 90' lang='lat' dir='ltr'><strong>in</strong></span> 
     </span>
    </p>
   </div>
   <div class='ocr_carea' id='block_1_15' title="bbox 687 1534 2262 1609">
    <p class='ocr_par' dir='ltr' id='par_1_15' title="bbox 687 1534 2262 1609">
     <span class='ocr_line' id='line_1_15' title="bbox 687 1534 2262 1609; baseline 0.013 -23"><span class='ocrx_word' id='word_1_83' title='bbox 687 1534 940 1586; x_wconf 81' lang='lat' dir='ltr'><strong>exsilium</strong></span> <span class='ocrx_word' id='word_1_84' title='bbox 993 1537 1184 1602; x_wconf 85' lang='lat' dir='ltr'><strong>misso,</strong></span> <span class='ocrx_word' id='word_1_85' title='bbox 1237 1541 1354 1595; x_wconf 69' lang='lat' dir='ltr'><strong>vice</strong></span> <span class='ocrx_word' id='word_1_86' title='bbox 1383 1543 1501 1609; x_wconf 83' lang='lat' dir='ltr'><strong>ejus</strong></span> <span class='ocrx_word' id='word_1_87' title='bbox 1535 1545 1850 1607; x_wconf 85' lang='lat' dir='ltr'><strong>Eusebium,</strong></span> <span class='ocrx_word' id='word_1_88' title='bbox 1885 1551 2044 1604; x_wconf 82' lang='lat' dir='ltr'><strong>etiam</strong></span> <span class='ocrx_word' id='word_1_89' title='bbox 2093 1552 2262 1607; x_wconf 84' lang='lat' dir='ltr'><strong>Mani-</strong></span> 
     </span>
    </p>
   </div>
   <div class='ocr_carea' id='block_1_16' title="bbox 690 1625 2258 1712">
    <p class='ocr_par' dir='ltr' id='par_1_16' title="bbox 690 1625 2258 1712">
     <span class='ocr_line' id='line_1_16' title="bbox 690 1625 2258 1712; baseline 0.014 -37"><span class='ocrx_word' id='word_1_90' title='bbox 690 1625 921 1687; x_wconf 70' lang='lat' dir='ltr'><strong>chmum,</strong></span> <span class='ocrx_word' id='word_1_91' title='bbox 972 1629 1336 1695; x_wconf 90' lang='lat' dir='ltr'><strong>patriarcham</strong></span> <span class='ocrx_word' id='word_1_92' title='bbox 1392 1635 1590 1688; x_wconf 85' lang='lat' dir='ltr'><strong>ibidem</strong></span> <span class='ocrx_word' id='word_1_93' title='bbox 1641 1641 1959 1701; x_wconf 86' lang='lat' dir='ltr'><strong>constituit;</strong></span> <span class='ocrx_word' id='word_1_94' title='bbox 2007 1645 2258 1712; x_wconf 87' lang='lat' dir='ltr'><strong>quicum</strong></span> 
     </span>
    </p>
   </div>
   <div class='ocr_carea' id='block_1_17' title="bbox 692 1721 1714 1784">
    <p class='ocr_par' dir='ltr' id='par_1_17' title="bbox 692 1721 1714 1784">
     <span class='ocr_line' id='line_1_17' title="bbox 692 1721 1714 1784; baseline 0.017 -19"><span class='ocrx_word' id='word_1_95' title='bbox 692 1725 802 1769; x_wconf 87' lang='lat' dir='ltr'><strong>tres</strong></span> <span class='ocrx_word' id='word_1_96' title='bbox 831 1732 1005 1772; x_wconf 92' lang='lat' dir='ltr'><strong>annos</strong></span> <span class='ocrx_word' id='word_1_97' title='bbox 1033 1721 1288 1784; x_wconf 89' lang='lat' dir='ltr'><strong>sedisset,</strong></span> <span class='ocrx_word' id='word_1_98' title='bbox 1324 1737 1578 1782; x_wconf 91' lang='lat' dir='ltr'><strong>mortuus</strong></span> <span class='ocrx_word' id='word_1_99' title='bbox 1611 1741 1714 1782; x_wconf 89' lang='lat' dir='ltr'><strong>est.</strong></span> 
     </span>
    </p>
   </div>
   <div class='ocr_carea' id='block_1_18' title="bbox 755 1809 2261 1894">
    <p class='ocr_par' dir='ltr' id='par_1_18' title="bbox 755 1809 2261 1894">
     <span class='ocr_line' id='line_1_18' title="bbox 755 1809 2261 1894; baseline 0.013 -33"><span class='ocrx_word' id='word_1_100' title='bbox 755 1809 875 1874; x_wconf 84' lang='lat' dir='ltr'><strong>Quo</strong></span> <span class='ocrx_word' id='word_1_101' title='bbox 920 1827 1049 1879; x_wconf 80' lang='lat' dir='ltr'><strong>ergo</strong></span> <span class='ocrx_word' id='word_1_102' title='bbox 1091 1825 1342 1881; x_wconf 87' lang='lat' dir='ltr'><strong>mortuo,</strong></span> <span class='ocrx_word' id='word_1_103' title='bbox 1403 1820 1702 1889; x_wconf 90' lang='lat' dir='ltr'><strong>imperator</strong></span> <span class='ocrx_word' id='word_1_104' title='bbox 1748 1824 1975 1879; x_wconf 88' lang='lat' dir='ltr'><strong>Paulum</strong></span> <span class='ocrx_word' id='word_1_105' title='bbox 2032 1832 2261 1894; x_wconf 89' lang='lat' dir='ltr'><strong>patriar-</strong></span> 
     </span>
    </p>
   </div>
   <div class='ocr_carea' id='block_1_19' title="bbox 684 1901 2262 1976">
    <p class='ocr_par' dir='ltr' id='par_1_19' title="bbox 684 1901 2262 1976">
     <span class='ocr_line' id='line_1_19' title="bbox 684 1901 2262 1976; baseline 0.013 -24"><span class='ocrx_word' id='word_1_106' title='bbox 684 1901 869 1968; x_wconf 89' lang='lat' dir='ltr'><strong>cham,</strong></span> <span class='ocrx_word' id='word_1_107' title='bbox 906 1920 933 1956; x_wconf 92' lang='lat' dir='ltr'><strong>a</strong></span> <span class='ocrx_word' id='word_1_108' title='bbox 975 1922 1032 1960; x_wconf 89' lang='lat' dir='ltr'><strong>se</strong></span> <span class='ocrx_word' id='word_1_109' title='bbox 1073 1907 1282 1975; x_wconf 82' lang='lat' dir='ltr'><strong>pridem</strong></span> <span class='ocrx_word' id='word_1_110' title='bbox 1321 1911 1642 1976; x_wconf 70' lang='lat' dir='ltr'><strong>relegatum,</strong></span> <span class='ocrx_word' id='word_1_111' title='bbox 1687 1917 1960 1970; x_wconf 54' lang='lat' dir='ltr'><strong>cathedra).</strong></span> <span class='ocrx_word' id='word_1_112' title='bbox 2006 1935 2120 1972; x_wconf 68' lang='lat' dir='ltr'><strong>sua:</strong></span> <span class='ocrx_word' id='word_1_113' title='bbox 2177 1937 2262 1972; x_wconf 87' lang='lat' dir='ltr'><strong>re-</strong></span> 
     </span>
    </p>
   </div>
   <div class='ocr_carea' id='block_1_20' title="bbox 686 1993 2261 2074">
    <p class='ocr_par' dir='ltr' id='par_1_20' title="bbox 686 1993 2261 2074">
     <span class='ocr_line' id='line_1_20' title="bbox 686 1993 2261 2074; baseline 0.013 -29"><span class='ocrx_word' id='word_1_114' title='bbox 686 1993 885 2052; x_wconf 90' lang='lat' dir='ltr'><strong>stituit.</strong></span> <span class='ocrx_word' id='word_1_115' title='bbox 922 2012 1086 2065; x_wconf 89' lang='lat' dir='ltr'><strong>quam</strong></span> <span class='ocrx_word' id='word_1_116' title='bbox 1126 2008 1238 2055; x_wconf 90' lang='lat' dir='ltr'><strong>tres</strong></span> <span class='ocrx_word' id='word_1_117' title='bbox 1274 2018 1444 2056; x_wconf 87' lang='lat' dir='ltr'><strong>annos</strong></span> <span class='ocrx_word' id='word_1_118' title='bbox 1478 2005 1789 2074; x_wconf 83' lang='lat' dir='ltr'><strong>occupavit,</strong></span> <span class='ocrx_word' id='word_1_119' title='bbox 1838 2011 1962 2062; x_wconf 85' lang='lat' dir='ltr'><strong>dein</strong></span> <span class='ocrx_word' id='word_1_120' title='bbox 2008 2022 2261 2067; x_wconf 89' lang='lat' dir='ltr'><strong>mortuus</strong></span> 
     </span>
    </p>
   </div>
   <div class='ocr_carea' id='block_1_21' title="bbox 681 2092 2262 2163">
    <p class='ocr_par' dir='ltr' id='par_1_21' title="bbox 681 2092 2262 2163">
     <span class='ocr_line' id='line_1_21' title="bbox 681 2092 2262 2163; baseline 0.015 -27"><span class='ocrx_word' id='word_1_121' title='bbox 681 2095 783 2137; x_wconf 79' lang='lat' dir='ltr'><strong>est.</strong></span> <span class='ocrx_word' id='word_1_122' title='bbox 824 2092 984 2142; x_wconf 88' lang='lat' dir='ltr'><strong>Anno</strong></span> <span class='ocrx_word' id='word_1_123' title='bbox 1034 2092 1248 2161; x_wconf 86' lang='lat' dir='ltr'><strong>imperii</strong></span> <span class='ocrx_word' id='word_1_124' title='bbox 1296 2096 1540 2163; x_wconf 89' lang='lat' dir='ltr'><strong>ejusdem</strong></span> <span class='ocrx_word' id='word_1_125' title='bbox 1572 2099 1783 2153; x_wconf 87' lang='lat' dir='ltr'><strong>decimo</strong></span> <span class='ocrx_word' id='word_1_126' title='bbox 1817 2104 2148 2158; x_wconf 87' lang='lat' dir='ltr'><strong>constitutus</strong></span> <span class='ocrx_word' id='word_1_127' title='bbox 2179 2115 2262 2158; x_wconf 80' lang='lat' dir='ltr'><strong>est</strong></span> 
     </span>
    </p>
   </div>
   <div class='ocr_carea' id='block_1_22' title="bbox 687 2177 2262 2267">
    <p class='ocr_par' dir='ltr' id='par_1_22' title="bbox 687 2177 2262 2267">
     <span class='ocr_line' id='line_1_22' title="bbox 687 2177 2262 2267; baseline 0.017 -40"><span class='ocrx_word' id='word_1_128' title='bbox 687 2177 1040 2236; x_wconf 72' lang='lat' dir='ltr'><strong>Macedonius</strong></span> <span class='ocrx_word' id='word_1_129' title='bbox 1088 2186 1395 2252; x_wconf 83' lang='lat' dir='ltr'><strong>patriarcha</strong></span> <span class='ocrx_word' id='word_1_130' title='bbox 1447 2188 2114 2261; x_wconf 87' lang='lat' dir='ltr'><strong>Constantinopolitanus,</strong></span> <span class='ocrx_word' id='word_1_131' title='bbox 2161 2205 2262 2267; x_wconf 75' lang='lat' dir='ltr'><strong>qui</strong></span> 
     </span>
    </p>
   </div>
   <div class='ocr_carea' id='block_1_23' title="bbox 687 2271 2258 2354">
    <p class='ocr_par' dir='ltr' id='par_1_23' title="bbox 687 2271 2258 2354">
     <span class='ocr_line' id='line_1_23' title="bbox 687 2271 2258 2354; baseline 0.015 -33"><span class='ocrx_word' id='word_1_132' title='bbox 687 2271 952 2337; x_wconf 80' lang='lat' dir='ltr'><strong>Spiritum</strong></span> <span class='ocrx_word' id='word_1_133' title='bbox 1008 2288 1260 2332; x_wconf 90' lang='lat' dir='ltr'><strong>sanctum</strong></span> <span class='ocrx_word' id='word_1_134' title='bbox 1299 2292 1543 2336; x_wconf 88' lang='lat' dir='ltr'><strong>creatum</strong></span> <span class='ocrx_word' id='word_1_135' title='bbox 1593 2300 1713 2339; x_wconf 85' lang='lat' dir='ltr'><strong>esse</strong></span> <span class='ocrx_word' id='word_1_136' title='bbox 1763 2293 2034 2354; x_wconf 81' lang='lat' dir='ltr'><strong>asseruit;</strong></span> <span class='ocrx_word' id='word_1_137' title='bbox 2075 2292 2258 2346; x_wconf 63' lang='lat' dir='ltr'><strong>dect-tn</strong></span> 
     </span>
    </p>
   </div>
   <div class='ocr_carea' id='block_1_24' title="bbox 683 2365 2256 2447">
    <p class='ocr_par' dir='ltr' id='par_1_24' title="bbox 683 2365 2256 2447">
     <span class='ocr_line' id='line_1_24' title="bbox 683 2365 2256 2447; baseline 0.018 -40"><span class='ocrx_word' id='word_1_138' title='bbox 683 2378 858 2416; x_wconf 83' lang='lat' dir='ltr'><strong>annos</strong></span> <span class='ocrx_word' id='word_1_139' title='bbox 912 2365 1080 2430; x_wconf 87' lang='lat' dir='ltr'><strong>sedit,</strong></span> <span class='ocrx_word' id='word_1_140' title='bbox 1119 2370 1244 2422; x_wconf 90' lang='lat' dir='ltr'><strong>dein</strong></span> <span class='ocrx_word' id='word_1_141' title='bbox 1285 2381 1538 2428; x_wconf 89' lang='lat' dir='ltr'><strong>mortuus</strong></span> <span class='ocrx_word' id='word_1_142' title='bbox 1575 2385 1678 2428; x_wconf 92' lang='lat' dir='ltr'><strong>est.</strong></span> <span class='ocrx_word' id='word_1_143' title='bbox 1722 2377 1878 2430; x_wconf 85' lang='lat' dir='ltr'><strong>Anno</strong></span> <span class='ocrx_word' id='word_1_144' title='bbox 1916 2380 2127 2447; x_wconf 88' lang='lat' dir='ltr'><strong>imperii</strong></span> <span class='ocrx_word' id='word_1_145' title='bbox 2173 2384 2256 2436; x_wconf 88' lang='lat' dir='ltr'><strong>sui</strong></span> 
     </span>
    </p>
   </div>
   <div class='ocr_carea' id='block_1_25' title="bbox 681 2448 2257 2537">
    <p class='ocr_par' dir='ltr' id='par_1_25' title="bbox 681 2448 2257 2537">
     <span class='ocr_line' id='line_1_25' title="bbox 681 2448 2257 2537; baseline 0.016 -39"><span class='ocrx_word' id='word_1_146' title='bbox 681 2448 951 2505; x_wconf 85' lang='lat' dir='ltr'><strong>vicesimo</strong></span> <span class='ocrx_word' id='word_1_147' title='bbox 994 2456 1174 2522; x_wconf 91' lang='lat' dir='ltr'><strong>primo</strong></span> <span class='ocrx_word' id='word_1_148' title='bbox 1205 2458 1505 2527; x_wconf 87' lang='lat' dir='ltr'><strong>imperator</strong></span> <span class='ocrx_word' id='word_1_149' title='bbox 1540 2462 1847 2520; x_wconf 88' lang='lat' dir='ltr'><strong>Eudoxium</strong></span> <span class='ocrx_word' id='word_1_150' title='bbox 1887 2471 2257 2537; x_wconf 86' lang='lat' dir='ltr'><strong>patriarcham</strong></span> 
     </span>
    </p>
   </div>
   <div class='ocr_carea' id='block_1_26' title="bbox 683 2541 2262 2623">
    <p class='ocr_par' dir='ltr' id='par_1_26' title="bbox 683 2541 2262 2623">
     <span class='ocr_line' id='line_1_26' title="bbox 683 2541 2262 2623; baseline 0.016 -32"><span class='ocrx_word' id='word_1_151' title='bbox 683 2541 1084 2599; x_wconf 89' lang='lat' dir='ltr'><strong>Antiochenum</strong></span> <span class='ocrx_word' id='word_1_152' title='bbox 1114 2587 1130 2612; x_wconf 91' lang='lat'><strong>,</strong></span> <span class='ocrx_word' id='word_1_153' title='bbox 1181 2549 1696 2623; x_wconf 78' lang='lat' dir='ltr'><strong>ConstantinOpoliu</strong></span> <span class='ocrx_word' id='word_1_154' title='bbox 1745 2563 2094 2619; x_wconf 88' lang='lat' dir='ltr'><strong>translatum.</strong></span> <span class='ocrx_word' id='word_1_155' title='bbox 2159 2562 2262 2615; x_wconf 88' lang='lat' dir='ltr'><strong>ibi-</strong></span> 
     </span>
    </p>
   </div>
   <div class='ocr_carea' id='block_1_27' title="bbox 681 2635 2254 2722">
    <p class='ocr_par' dir='ltr' id='par_1_27' title="bbox 681 2635 2254 2722">
     <span class='ocr_line' id='line_1_27' title="bbox 681 2635 2254 2722; baseline 0.015 -36"><span class='ocrx_word' id='word_1_156' title='bbox 681 2635 802 2688; x_wconf 86' lang='lat' dir='ltr'><strong>dem</strong></span> <span class='ocrx_word' id='word_1_157' title='bbox 838 2640 1208 2707; x_wconf 87' lang='lat' dir='ltr'><strong>patriarcham</strong></span> <span class='ocrx_word' id='word_1_158' title='bbox 1239 2647 1532 2700; x_wconf 89' lang='lat' dir='ltr'><strong>constituit</strong></span> <span class='ocrx_word' id='word_1_159' title='bbox 1569 2667 1581 2702; x_wconf 91' lang='lat'>:</span> <span class='ocrx_word' id='word_1_160' title='bbox 1619 2651 1717 2704; x_wconf 81' lang='lat' dir='ltr'><strong>fuit</strong></span> <span class='ocrx_word' id='word_1_161' title='bbox 1752 2653 1838 2706; x_wconf 92' lang='lat' dir='ltr'><strong>hic</strong></span> <span class='ocrx_word' id='word_1_162' title='bbox 1884 2654 2254 2722; x_wconf 63' lang='lat' dir='ltr'><strong>Manichacus;</strong></span> 
     </span>
    </p>
   </div>
   <div class='ocr_carea' id='block_1_28' title="bbox 680 2729 2250 2812">
    <p class='ocr_par' dir='ltr' id='par_1_28' title="bbox 680 2729 2250 2812">
     <span class='ocr_line' id='line_1_28' title="bbox 680 2729 2250 2812; baseline 0.011 -30"><span class='ocrx_word' id='word_1_163' title='bbox 680 2729 866 2784; x_wconf 87' lang='lat' dir='ltr'><strong>decem</strong></span> <span class='ocrx_word' id='word_1_164' title='bbox 925 2747 1099 2788; x_wconf 89' lang='lat' dir='ltr'><strong>annos</strong></span> <span class='ocrx_word' id='word_1_165' title='bbox 1156 2736 1338 2801; x_wconf 88' lang='lat' dir='ltr'><strong>sedit,</strong></span> <span class='ocrx_word' id='word_1_166' title='bbox 1395 2738 1522 2793; x_wconf 91' lang='lat' dir='ltr'><strong>dein</strong></span> <span class='ocrx_word' id='word_1_167' title='bbox 1589 2752 1840 2798; x_wconf 90' lang='lat' dir='ltr'><strong>mortuus</strong></span> <span class='ocrx_word' id='word_1_168' title='bbox 1895 2755 1998 2799; x_wconf 91' lang='lat' dir='ltr'><strong>est.</strong></span> <span class='ocrx_word' id='word_1_169' title='bbox 2058 2747 2250 2812; x_wconf 87' lang='lat' dir='ltr'><strong>Porro,</strong></span> 
     </span>
    </p>
   </div>
   <div class='ocr_carea' id='block_1_29' title="bbox 681 2819 2251 2903">
    <p class='ocr_par' dir='ltr' id='par_1_29' title="bbox 681 2819 2251 2903">
     <span class='ocr_line' id='line_1_29' title="bbox 681 2819 2251 2903; baseline 0.011 -28"><span class='ocrx_word' id='word_1_170' title='bbox 681 2819 924 2891; x_wconf 66' lang='lat' dir='ltr'><strong>Egyptii</strong></span> <span class='ocrx_word' id='word_1_171' title='bbox 962 2833 1131 2892; x_wconf 90' lang='lat' dir='ltr'><strong>atque</strong></span> <span class='ocrx_word' id='word_1_172' title='bbox 1172 2827 1556 2891; x_wconf 80' lang='lat' dir='ltr'><strong>Alexandrini,</strong></span> <span class='ocrx_word' id='word_1_173' title='bbox 1586 2849 1710 2886; x_wconf 92' lang='lat' dir='ltr'><strong>cum</strong></span> <span class='ocrx_word' id='word_1_174' title='bbox 1745 2838 1993 2903; x_wconf 75' lang='lat' dir='ltr'><strong>plerique</strong></span> <span class='ocrx_word' id='word_1_175' title='bbox 2062 2839 2251 2893; x_wconf 88' lang='lat' dir='ltr'><strong>Ariani</strong></span> 
     </span>
    </p>
   </div>
   <div class='ocr_carea' id='block_1_30' title="bbox 679 2914 2255 2995">
    <p class='ocr_par' dir='ltr' id='par_1_30' title="bbox 679 2914 2255 2995">
     <span class='ocr_line' id='line_1_30' title="bbox 679 2914 2255 2995; baseline 0.012 -28"><span class='ocrx_word' id='word_1_176' title='bbox 679 2923 733 2968; x_wconf 85' lang='lat' dir='ltr'><strong>et</strong></span> <span class='ocrx_word' id='word_1_177' title='bbox 789 2914 1069 2969; x_wconf 68' lang='lat' dir='ltr'><strong>Mauichari</strong></span> <span class='ocrx_word' id='word_1_178' title='bbox 1124 2927 1348 2980; x_wconf 86' lang='lat' dir='ltr'><strong>essent,</strong></span> <span class='ocrx_word' id='word_1_179' title='bbox 1408 2922 1626 2992; x_wconf 57' lang='lat' dir='ltr'><strong>{Egypti</strong></span> <span class='ocrx_word' id='word_1_180' title='bbox 1689 2936 1852 2995; x_wconf 87' lang='lat' dir='ltr'><strong>atque</strong></span> <span class='ocrx_word' id='word_1_181' title='bbox 1910 2929 2255 2986; x_wconf 69' lang='lat' dir='ltr'><strong>Alexandria:</strong></span> 
     </span>
    </p>
   </div>
   <div class='ocr_carea' id='block_1_31' title="bbox 679 3008 2252 3085">
    <p class='ocr_par' dir='ltr' id='par_1_31' title="bbox 679 3008 2252 3085">
     <span class='ocr_line' id='line_1_31' title="bbox 679 3008 2252 3085; baseline 0.011 -24"><span class='ocrx_word' id='word_1_182' title='bbox 679 3008 943 3062; x_wconf 70' lang='lat' dir='ltr'><strong>ecclesias</strong></span> <span class='ocrx_word' id='word_1_183' title='bbox 969 3023 1308 3080; x_wconf 86' lang='lat' dir='ltr'><strong>occupantes</strong></span> <span class='ocrx_word' id='word_1_184' title='bbox 1340 3013 1508 3085; x_wconf 64' lang='grc'><strong>480</strong></span> <span class='ocrx_word' id='word_1_185' title='bbox 1541 3033 1633 3072; x_wconf 89' lang='lat' dir='ltr'><strong>eas</strong></span> <span class='ocrx_word' id='word_1_186' title='bbox 1665 3028 1979 3084; x_wconf 87' lang='lat' dir='ltr'><strong>tenuerunt,</strong></span> <span class='ocrx_word' id='word_1_187' title='bbox 2015 3041 2114 3077; x_wconf 83' lang='lat' dir='ltr'><strong>nec</strong></span> <span class='ocrx_word' id='word_1_188' title='bbox 2146 3042 2252 3079; x_wconf 91' lang='lat' dir='ltr'><strong>non</strong></span> 
     </span>
    </p>
   </div>
   <div class='ocr_carea' id='block_1_32' title="bbox 683 3101 2249 3184">
    <p class='ocr_par' dir='ltr' id='par_1_32' title="bbox 683 3101 2249 3184">
     <span class='ocr_line' id='line_1_32' title="bbox 683 3101 2249 3184; baseline 0.01 -32"><span class='ocrx_word' id='word_1_189' title='bbox 683 3101 737 3152; x_wconf 91' lang='lat' dir='ltr'><strong>in</strong></span> <span class='ocrx_word' id='word_1_190' title='bbox 770 3102 1134 3157; x_wconf 77' lang='lat' dir='ltr'><strong>Athanasium</strong></span> <span class='ocrx_word' id='word_1_191' title='bbox 1171 3106 1545 3173; x_wconf 90' lang='lat' dir='ltr'><strong>patriarcham</strong></span> <span class='ocrx_word' id='word_1_192' title='bbox 1583 3110 2036 3178; x_wconf 85' lang='lat' dir='ltr'><strong>Alexandrinum,</strong></span> <span class='ocrx_word' id='word_1_193' title='bbox 2076 3118 2249 3184; x_wconf 91' lang='lat' dir='ltr'><strong>ipsum</strong></span> 
     </span>
    </p>
   </div>
   <div class='ocr_carea' id='block_1_33' title="bbox 2366 615 3941 687">
    <p class='ocr_par' dir='ltr' id='par_1_33' title="bbox 2366 615 3941 687">
     <span class='ocr_line' id='line_1_33' title="bbox 2366 615 3941 687; baseline 0.003 -22"><span class='ocrx_word' id='word_1_194' title='bbox 2366 615 2491 683; x_wconf 80' lang='lat' dir='ltr'><strong>fuga</strong></span> <span class='ocrx_word' id='word_1_195' title='bbox 2522 633 2579 670; x_wconf 88' lang='lat' dir='ltr'><strong>se.</strong></span> <span class='ocrx_word' id='word_1_196' title='bbox 2611 619 2678 670; x_wconf 88' lang='lat' dir='ltr'><strong>ab</strong></span> <span class='ocrx_word' id='word_1_197' title='bbox 2714 618 2844 686; x_wconf 89' lang='lat' dir='ltr'><strong>ipsis</strong></span> <span class='ocrx_word' id='word_1_198' title='bbox 2878 619 3190 687; x_wconf 87' lang='lat' dir='ltr'><strong>eripuisset,</strong></span> <span class='ocrx_word' id='word_1_199' title='bbox 3227 619 3301 671; x_wconf 91' lang='lat' dir='ltr'><strong>illi</strong></span> <span class='ocrx_word' id='word_1_200' title='bbox 3331 619 3640 672; x_wconf 82' lang='lat' dir='ltr'><strong>Heraclium</strong></span> <span class='ocrx_word' id='word_1_201' title='bbox 3682 619 3941 674; x_wconf 83' lang='lat' dir='ltr'><strong>Hieroso-</strong></span> 
     </span>
    </p>
   </div>
   <div class='ocr_carea' id='block_1_34' title="bbox 2364 709 3942 779">
    <p class='ocr_par' dir='ltr' id='par_1_34' title="bbox 2364 709 3942 779">
     <span class='ocr_line' id='line_1_34' title="bbox 2364 709 3942 779; baseline 0.004 -20"><span class='ocrx_word' id='word_1_202' title='bbox 2364 709 2520 778; x_wconf 91' lang='lat' dir='ltr'><strong>lymis</strong></span> <span class='ocrx_word' id='word_1_203' title='bbox 2546 711 2859 778; x_wconf 86' lang='lat' dir='ltr'><strong>episcopum</strong></span> <span class='ocrx_word' id='word_1_204' title='bbox 2898 710 3290 779; x_wconf 64' lang='lat' dir='ltr'><strong>praefecerunt,</strong></span> <span class='ocrx_word' id='word_1_205' title='bbox 3321 710 3424 764; x_wconf 76' lang='lat' dir='ltr'><strong>fuit</strong></span> <span class='ocrx_word' id='word_1_206' title='bbox 3457 713 3501 765; x_wconf 95' lang='lat' dir='ltr'><strong>is</strong></span> <span class='ocrx_word' id='word_1_207' title='bbox 3537 713 3798 774; x_wconf 76' lang='lat' dir='ltr'><strong>Arianus,</strong></span> <span class='ocrx_word' id='word_1_208' title='bbox 3833 724 3942 765; x_wconf 83' lang='lat' dir='ltr'><strong>tres</strong></span> 
     </span>
    </p>
   </div>
   <div class='ocr_carea' id='block_1_35' title="bbox 2365 801 3941 881">
    <p class='ocr_par' dir='ltr' id='par_1_35' title="bbox 2365 801 3941 881">
     <span class='ocr_line' id='line_1_35' title="bbox 2365 801 3941 881; baseline 0.005 -33"><span class='ocrx_word' id='word_1_209' title='bbox 2365 813 2538 852; x_wconf 90' lang='lat' dir='ltr'><strong>annos</strong></span> <span class='ocrx_word' id='word_1_210' title='bbox 2573 802 2736 864; x_wconf 74' lang='lat' dir='ltr'><strong>sedit,</strong></span> <span class='ocrx_word' id='word_1_211' title='bbox 2771 801 2896 881; x_wconf 71' lang='lat' dir='ltr'><strong>dein</strong></span> <span class='ocrx_word' id='word_1_212' title='bbox 2929 812 3178 856; x_wconf 90' lang='lat' dir='ltr'><strong>mortuus</strong></span> <span class='ocrx_word' id='word_1_213' title='bbox 3210 811 3314 855; x_wconf 89' lang='lat' dir='ltr'><strong>est.</strong></span> <span class='ocrx_word' id='word_1_214' title='bbox 3343 804 3503 855; x_wconf 92' lang='lat' dir='ltr'><strong>Anno</strong></span> <span class='ocrx_word' id='word_1_215' title='bbox 3546 802 3756 871; x_wconf 89' lang='lat' dir='ltr'><strong>imperii</strong></span> <span class='ocrx_word' id='word_1_216' title='bbox 3792 806 3941 872; x_wconf 86' lang='lat' dir='ltr'><strong>ejus-</strong></span> 
     </span>
    </p>
   </div>
   <div class='ocr_carea' id='block_1_36' title="bbox 2361 889 3938 963">
    <p class='ocr_par' dir='ltr' id='par_1_36' title="bbox 2361 889 3938 963">
     <span class='ocr_line' id='line_1_36' title="bbox 2361 889 3938 963; baseline 0.004 -22"><span class='ocrx_word' id='word_1_217' title='bbox 2361 889 2482 941; x_wconf 85' lang='lat' dir='ltr'><strong>dem</strong></span> <span class='ocrx_word' id='word_1_218' title='bbox 2538 891 2778 944; x_wconf 90' lang='lat' dir='ltr'><strong>seeundo</strong></span> <span class='ocrx_word' id='word_1_219' title='bbox 2829 901 3050 945; x_wconf 90' lang='lat' dir='ltr'><strong>creatus</strong></span> <span class='ocrx_word' id='word_1_220' title='bbox 3103 901 3188 946; x_wconf 88' lang='lat' dir='ltr'><strong>est</strong></span> <span class='ocrx_word' id='word_1_221' title='bbox 3239 892 3567 948; x_wconf 86' lang='lat' dir='ltr'><strong>Meletianus</strong></span> <span class='ocrx_word' id='word_1_222' title='bbox 3627 896 3938 963; x_wconf 86' lang='lat' dir='ltr'><strong>patriarcha</strong></span> 
     </span>
    </p>
   </div>
   <div class='ocr_carea' id='block_1_37' title="bbox 2362 981 3932 1056">
    <p class='ocr_par' dir='ltr' id='par_1_37' title="bbox 2362 981 3932 1056">
     <span class='ocr_line' id='line_1_37' title="bbox 2362 981 3932 1056; baseline 0.006 -24"><span class='ocrx_word' id='word_1_223' title='bbox 2362 981 2756 1045; x_wconf 87' lang='lat' dir='ltr'><strong>Antiochenus,</strong></span> <span class='ocrx_word' id='word_1_224' title='bbox 2807 984 2900 1052; x_wconf 90' lang='lat' dir='ltr'><strong>qui</strong></span> <span class='ocrx_word' id='word_1_225' title='bbox 2951 984 3288 1039; x_wconf 80' lang='lat' dir='ltr'><strong>orthodoxus</strong></span> <span class='ocrx_word' id='word_1_226' title='bbox 3343 984 3476 1046; x_wconf 81' lang='lat' dir='ltr'><strong>fuit;</strong></span> <span class='ocrx_word' id='word_1_227' title='bbox 3507 1001 3683 1040; x_wconf 90' lang='lat' dir='ltr'><strong>annos</strong></span> <span class='ocrx_word' id='word_1_228' title='bbox 3744 987 3932 1056; x_wconf 71' lang='lat' dir='ltr'><strong>viginti</strong></span> 
     </span>
    </p>
   </div>
   <div class='ocr_carea' id='block_1_38' title="bbox 2362 1074 3943 1145">
    <p class='ocr_par' dir='ltr' id='par_1_38' title="bbox 2362 1074 3943 1145">
     <span class='ocr_line' id='line_1_38' title="bbox 2362 1074 3943 1145; baseline 0.006 -22"><span class='ocrx_word' id='word_1_229' title='bbox 2362 1074 2603 1142; x_wconf 88' lang='lat' dir='ltr'><strong>quinque</strong></span> <span class='ocrx_word' id='word_1_230' title='bbox 2651 1074 2816 1136; x_wconf 88' lang='lat' dir='ltr'><strong>sedit,</strong></span> <span class='ocrx_word' id='word_1_231' title='bbox 2869 1077 3028 1143; x_wconf 84' lang='lat' dir='ltr'><strong>cujus</strong></span> <span class='ocrx_word' id='word_1_232' title='bbox 3079 1076 3420 1145; x_wconf 63' lang='lat' dir='ltr'><strong>praafecturre</strong></span> <span class='ocrx_word' id='word_1_233' title='bbox 3482 1093 3627 1131; x_wconf 87' lang='lat' dir='ltr'><strong>anno</strong></span> <span class='ocrx_word' id='word_1_234' title='bbox 3679 1080 3943 1133; x_wconf 84' lang='lat' dir='ltr'><strong>vicesimo</strong></span> 
     </span>
    </p>
   </div>
   <div class='ocr_carea' id='block_1_39' title="bbox 2365 1152 3940 1237">
    <p class='ocr_par' dir='ltr' id='par_1_39' title="bbox 2365 1152 3940 1237">
     <span class='ocr_line' id='line_1_39' title="bbox 2365 1152 3940 1237; baseline 0.004 -21"><span class='ocrx_word' id='word_1_235' title='bbox 2365 1166 2544 1234; x_wconf 92' lang='lat' dir='ltr'><strong>primo</strong></span> <span class='ocrx_word' id='word_1_236' title='bbox 2575 1167 2915 1222; x_wconf 89' lang='lat' dir='ltr'><strong>celebratum</strong></span> <span class='ocrx_word' id='word_1_237' title='bbox 2970 1177 3052 1223; x_wconf 89' lang='lat' dir='ltr'><strong>est</strong></span> <span class='ocrx_word' id='word_1_238' title='bbox 3109 1152 3594 1237; x_wconf 84' lang='lat' dir='ltr'><strong>Constantinopoli</strong></span> <span class='ocrx_word' id='word_1_239' title='bbox 3645 1174 3940 1225; x_wconf 82' lang='lat' dir='ltr'><strong>concilium</strong></span> 
     </span>
    </p>
   </div>
   <div class='ocr_carea' id='block_1_40' title="bbox 2363 1259 3946 1333">
    <p class='ocr_par' dir='ltr' id='par_1_40' title="bbox 2363 1259 3946 1333">
     <span class='ocr_line' id='line_1_40' title="bbox 2363 1259 3946 1333; baseline 0 -19"><span class='ocrx_word' id='word_1_240' title='bbox 2363 1259 2689 1314; x_wconf 87' lang='lat' dir='ltr'><strong>secundum.</strong></span> <span class='ocrx_word' id='word_1_241' title='bbox 2716 1259 2830 1316; x_wconf 80' lang='lat' dir='ltr'><strong>Sub</strong></span> <span class='ocrx_word' id='word_1_242' title='bbox 2855 1262 2958 1315; x_wconf 91' lang='lat' dir='ltr'><strong>hoc</strong></span> <span class='ocrx_word' id='word_1_243' title='bbox 2991 1264 3320 1332; x_wconf 86' lang='lat' dir='ltr'><strong>imperatore</strong></span> <span class='ocrx_word' id='word_1_244' title='bbox 3353 1265 3666 1333; x_wconf 88' lang='lat' dir='ltr'><strong>patriarcha</strong></span> <span class='ocrx_word' id='word_1_245' title='bbox 3697 1266 3911 1320; x_wconf 75' lang='lat' dir='ltr'><strong>Alcxan</strong></span> <span class='ocrx_word' id='word_1_246' title='bbox 3934 1293 3946 1304; x_wconf 86' lang='lat'><strong><em>-</em></strong></span> 
     </span>
    </p>
   </div>
   <div class='ocr_carea' id='block_1_41' title="bbox 2362 1351 3908 1424">
    <p class='ocr_par' dir='ltr' id='par_1_41' title="bbox 2362 1351 3908 1424">
     <span class='ocr_line' id='line_1_41' title="bbox 2362 1351 3908 1424; baseline 0.005 -21"><span class='ocrx_word' id='word_1_247' title='bbox 2362 1351 2554 1406; x_wconf 90' lang='lat' dir='ltr'><strong>drinus</strong></span> <span class='ocrx_word' id='word_1_248' title='bbox 2583 1352 2682 1405; x_wconf 82' lang='lat' dir='ltr'><strong>fuit</strong></span> <span class='ocrx_word' id='word_1_249' title='bbox 2712 1354 3074 1418; x_wconf 85' lang='lat' dir='ltr'><strong>Athanasius;</strong></span> <span class='ocrx_word' id='word_1_250' title='bbox 3111 1355 3756 1424; x_wconf 82' lang='lat' dir='ltr'><strong>Constantinopolitanus</strong></span> <span class='ocrx_word' id='word_1_251' title='bbox 3782 1399 3797 1421; x_wconf 94' lang='lat'><strong>,</strong></span> <span class='ocrx_word' id='word_1_252' title='bbox 3832 1359 3908 1410; x_wconf 70' lang='lat' dir='ltr'><strong>lju</strong></span> 
     </span>
    </p>
   </div>
   <div class='ocr_carea' id='block_1_42' title="bbox 2365 1441 3942 1508">
    <p class='ocr_par' dir='ltr' id='par_1_42' title="bbox 2365 1441 3942 1508">
     <span class='ocr_line' id='line_1_42' title="bbox 2365 1441 3942 1508; baseline 0.001 -15"><span class='ocrx_word' id='word_1_253' title='bbox 2365 1441 2571 1495; x_wconf 88' lang='lat' dir='ltr'><strong>doxius</strong></span> <span class='ocrx_word' id='word_1_254' title='bbox 2622 1443 2985 1507; x_wconf 69' lang='lat' dir='ltr'><strong>Manichacus;</strong></span> <span class='ocrx_word' id='word_1_255' title='bbox 3049 1443 3345 1508; x_wconf 77' lang='lat' dir='ltr'><strong>Romanus,</strong></span> <span class='ocrx_word' id='word_1_256' title='bbox 3406 1445 3681 1499; x_wconf 88' lang='lat' dir='ltr'><strong>Linarius.</strong></span> <span class='ocrx_word' id='word_1_257' title='bbox 3738 1445 3942 1500; x_wconf 74' lang='lat' dir='ltr'><strong>Eotletn</strong></span> 
     </span>
    </p>
   </div>
   <div class='ocr_carea' id='block_1_43' title="bbox 2363 1533 3943 1608">
    <p class='ocr_par' dir='ltr' id='par_1_43' title="bbox 2363 1533 3943 1608">
     <span class='ocr_line' id='line_1_43' title="bbox 2363 1533 3943 1608; baseline 0.005 -22"><span class='ocrx_word' id='word_1_258' title='bbox 2363 1533 2667 1602; x_wconf 85' lang='lat' dir='ltr'><strong>imperante</strong></span> <span class='ocrx_word' id='word_1_259' title='bbox 2721 1535 2905 1590; x_wconf 82' lang='lat' dir='ltr'><strong>ﬂoruit</strong></span> <span class='ocrx_word' id='word_1_260' title='bbox 2953 1536 3188 1590; x_wconf 88' lang='lat' dir='ltr'><strong>Basilius</strong></span> <span class='ocrx_word' id='word_1_261' title='bbox 3245 1539 3504 1592; x_wconf 70' lang='lat' dir='ltr'><strong>Caesarea:</strong></span> <span class='ocrx_word' id='word_1_262' title='bbox 3556 1539 3943 1608; x_wconf 70' lang='lat' dir='ltr'><strong>Cappadociae.</strong></span> 
     </span>
    </p>
   </div>
   <div class='ocr_carea' id='block_1_44' title="bbox 2362 1628 3945 1700">
    <p class='ocr_par' dir='ltr' id='par_1_44' title="bbox 2362 1628 3945 1700">
     <span class='ocr_line' id='line_1_44' title="bbox 2362 1628 3945 1700; baseline 0.005 -23"><span class='ocrx_word' id='word_1_263' title='bbox 2362 1643 2483 1694; x_wconf 65' lang='lat' dir='ltr'><strong>quae</strong></span> <span class='ocrx_word' id='word_1_264' title='bbox 2537 1628 2588 1679; x_wconf 90' lang='lat' dir='ltr'><strong>in</strong></span> <span class='ocrx_word' id='word_1_265' title='bbox 2651 1629 3023 1683; x_wconf 78' lang='lat' dir='ltr'><strong>Ronuanorum</strong></span> <span class='ocrx_word' id='word_1_266' title='bbox 3062 1630 3270 1683; x_wconf 82' lang='lat' dir='ltr'><strong>ditione</strong></span> <span class='ocrx_word' id='word_1_267' title='bbox 3304 1640 3407 1692; x_wconf 88' lang='lat' dir='ltr'><strong>est,</strong></span> <span class='ocrx_word' id='word_1_268' title='bbox 3457 1630 3788 1700; x_wconf 67' lang='lat' dir='ltr'><strong>episcoluts;</strong></span> <span class='ocrx_word' id='word_1_269' title='bbox 3843 1646 3945 1685; x_wconf 80' lang='lat' dir='ltr'><strong>nec</strong></span> 
     </span>
    </p>
   </div>
   <div class='ocr_carea' id='block_1_45' title="bbox 2365 1719 3944 1792">
    <p class='ocr_par' dir='ltr' id='par_1_45' title="bbox 2365 1719 3944 1792">
     <span class='ocr_line' id='line_1_45' title="bbox 2365 1719 3944 1792; baseline -0.001 -21"><span class='ocrx_word' id='word_1_270' title='bbox 2365 1735 2470 1772; x_wconf 89' lang='lat' dir='ltr'><strong>non</strong></span> <span class='ocrx_word' id='word_1_271' title='bbox 2520 1719 2850 1792; x_wconf 78' lang='lat' dir='ltr'><strong>Gregorius,</strong></span> <span class='ocrx_word' id='word_1_272' title='bbox 2900 1720 3136 1774; x_wconf 75' lang='lat' dir='ltr'><strong>Naziazu</strong></span> <span class='ocrx_word' id='word_1_273' title='bbox 3191 1721 3712 1790; x_wconf 87' lang='lat' dir='ltr'><strong>episcopus:urbis</strong></span> <span class='ocrx_word' id='word_1_274' title='bbox 3760 1731 3944 1773; x_wconf 89' lang='lat' dir='ltr'><strong>autem</strong></span> 
     </span>
    </p>
   </div>
   <div class='ocr_carea' id='block_1_46' title="bbox 2367 1811 3940 1866">
    <p class='ocr_par' dir='ltr' id='par_1_46' title="bbox 2367 1811 3940 1866">
     <span class='ocr_line' id='line_1_46' title="bbox 2367 1811 3940 1866; baseline 0.001 -4"><span class='ocrx_word' id='word_1_275' title='bbox 2367 1813 2523 1865; x_wconf 75' lang='lat' dir='ltr'><strong>istius</strong></span> <span class='ocrx_word' id='word_1_276' title='bbox 2581 1811 2814 1866; x_wconf 81' lang='lat' dir='ltr'><strong>Naziazu</strong></span> <span class='ocrx_word' id='word_1_277' title='bbox 2871 1813 3068 1865; x_wconf 81' lang='lat' dir='ltr'><strong>incol:e</strong></span> <span class='ocrx_word' id='word_1_278' title='bbox 3119 1828 3312 1866; x_wconf 87' lang='lat' dir='ltr'><strong>omnes</strong></span> <span class='ocrx_word' id='word_1_279' title='bbox 3359 1811 3507 1866; x_wconf 84' lang='lat' dir='ltr'><strong>Sabii</strong></span> <span class='ocrx_word' id='word_1_280' title='bbox 3569 1824 3746 1866; x_wconf 91' lang='lat' dir='ltr'><strong>erant.</strong></span> <span class='ocrx_word' id='word_1_281' title='bbox 3796 1813 3940 1866; x_wconf 87' lang='lat' dir='ltr'><strong>Cum</strong></span> 
     </span>
    </p>
   </div>
   <div class='ocr_carea' id='block_1_47' title="bbox 2373 1902 3947 1973">
    <p class='ocr_par' dir='ltr' id='par_1_47' title="bbox 2373 1902 3947 1973">
     <span class='ocr_line' id='line_1_47' title="bbox 2373 1902 3947 1973; baseline 0.001 -18"><span class='ocrx_word' id='word_1_282' title='bbox 2373 1917 2500 1971; x_wconf 84' lang='lat' dir='ltr'><strong>ergo</strong></span> <span class='ocrx_word' id='word_1_283' title='bbox 2533 1902 2825 1973; x_wconf 77' lang='lat' dir='ltr'><strong>Gregorius</strong></span> <span class='ocrx_word' id='word_1_284' title='bbox 2874 1905 3166 1972; x_wconf 84' lang='lat' dir='ltr'><strong>episc0pus</strong></span> <span class='ocrx_word' id='word_1_285' title='bbox 3218 1905 3598 1958; x_wconf 80' lang='lat' dir='ltr'><strong>Nazianzenus</strong></span> <span class='ocrx_word' id='word_1_286' title='bbox 3641 1904 3947 1958; x_wconf 87' lang='lat' dir='ltr'><strong>orationem</strong></span> 
     </span>
    </p>
   </div>
   <div class='ocr_carea' id='block_1_48' title="bbox 2381 1994 3950 2062">
    <p class='ocr_par' dir='ltr' id='par_1_48' title="bbox 2381 1994 3950 2062">
     <span class='ocr_line' id='line_1_48' title="bbox 2381 1994 3950 2062; baseline 0.001 -16"><span class='ocrx_word' id='word_1_287' title='bbox 2381 1995 2607 2049; x_wconf 84' lang='lat' dir='ltr'><strong>haberet</strong></span> <span class='ocrx_word' id='word_1_288' title='bbox 2663 1996 2716 2048; x_wconf 89' lang='lat' dir='ltr'><strong>in</strong></span> <span class='ocrx_word' id='word_1_289' title='bbox 2771 1994 2946 2048; x_wconf 77' lang='lat' dir='ltr'><strong>Natali</strong></span> <span class='ocrx_word' id='word_1_290' title='bbox 3004 1996 3206 2049; x_wconf 89' lang='lat' dir='ltr'><strong>Christi</strong></span> <span class='ocrx_word' id='word_1_291' title='bbox 3271 1996 3483 2050; x_wconf 86' lang='lat' dir='ltr'><strong>Domini</strong></span> <span class='ocrx_word' id='word_1_292' title='bbox 3542 1998 3738 2056; x_wconf 89' lang='lat' dir='ltr'><strong>nostri,</strong></span> <span class='ocrx_word' id='word_1_293' title='bbox 3787 1995 3950 2062; x_wconf 79' lang='lat' dir='ltr'><strong>cujus</strong></span> 
     </span>
    </p>
   </div>
   <div class='ocr_carea' id='block_1_49' title="bbox 2374 2087 3949 2155">
    <p class='ocr_par' dir='ltr' id='par_1_49' title="bbox 2374 2087 3949 2155">
     <span class='ocr_line' id='line_1_49' title="bbox 2374 2087 3949 2155; baseline -0.001 -14"><span class='ocrx_word' id='word_1_294' title='bbox 2374 2089 2532 2142; x_wconf 91' lang='lat' dir='ltr'><strong>initio</strong></span> <span class='ocrx_word' id='word_1_295' title='bbox 2587 2089 2838 2142; x_wconf 89' lang='lat' dir='ltr'><strong>diceret:</strong></span> <span class='ocrx_word' id='word_1_296' title='bbox 2875 2087 3046 2142; x_wconf 88' lang='lat' dir='ltr'><strong>Natus</strong></span> <span class='ocrx_word' id='word_1_297' title='bbox 3105 2100 3188 2142; x_wconf 88' lang='lat' dir='ltr'><strong>est</strong></span> <span class='ocrx_word' id='word_1_298' title='bbox 3245 2087 3538 2151; x_wconf 82' lang='lat' dir='ltr'><strong>Christus,</strong></span> <span class='ocrx_word' id='word_1_299' title='bbox 3603 2087 3949 2155; x_wconf 83' lang='lat' dir='ltr'><strong>gloriﬁcate;</strong></span> 
     </span>
    </p>
   </div>
   <div class='ocr_carea' id='block_1_50' title="bbox 2372 2180 3944 2250">
    <p class='ocr_par' dir='ltr' id='par_1_50' title="bbox 2372 2180 3944 2250">
     <span class='ocr_line' id='line_1_50' title="bbox 2372 2180 3944 2250; baseline -0.001 -17"><span class='ocrx_word' id='word_1_300' title='bbox 2372 2181 2626 2234; x_wconf 81' lang='lat' dir='ltr'><strong>Christus</strong></span> <span class='ocrx_word' id='word_1_301' title='bbox 2676 2181 2743 2234; x_wconf 89' lang='lat' dir='ltr'><strong>de</strong></span> <span class='ocrx_word' id='word_1_302' title='bbox 2799 2180 2963 2245; x_wconf 76' lang='lat' dir='ltr'><strong>cmlo,</strong></span> <span class='ocrx_word' id='word_1_303' title='bbox 3010 2183 3284 2250; x_wconf 85' lang='lat' dir='ltr'><strong>excipite;</strong></span> <span class='ocrx_word' id='word_1_304' title='bbox 3344 2181 3598 2234; x_wconf 87' lang='lat' dir='ltr'><strong>Christus</strong></span> <span class='ocrx_word' id='word_1_305' title='bbox 3644 2181 3698 2234; x_wconf 91' lang='lat' dir='ltr'><strong>iu</strong></span> <span class='ocrx_word' id='word_1_306' title='bbox 3756 2189 3944 2241; x_wconf 91' lang='lat' dir='ltr'><strong>terra,</strong></span> 
     </span>
    </p>
   </div>
   <div class='ocr_carea' id='block_1_51' title="bbox 2371 2272 3945 2344">
    <p class='ocr_par' dir='ltr' id='par_1_51' title="bbox 2371 2272 3945 2344">
     <span class='ocr_line' id='line_1_51' title="bbox 2371 2272 3945 2344; baseline -0.001 -16"><span class='ocrx_word' id='word_1_307' title='bbox 2371 2274 2643 2339; x_wconf 81' lang='lat' dir='ltr'><strong>exaltate;</strong></span> <span class='ocrx_word' id='word_1_308' title='bbox 2679 2289 2915 2344; x_wconf 84' lang='lat' dir='ltr'><strong>eamque</strong></span> <span class='ocrx_word' id='word_1_309' title='bbox 2949 2289 3133 2329; x_wconf 88' lang='lat' dir='ltr'><strong>coram</strong></span> <span class='ocrx_word' id='word_1_310' title='bbox 3172 2276 3304 2343; x_wconf 89' lang='lat' dir='ltr'><strong>ipsis</strong></span> <span class='ocrx_word' id='word_1_311' title='bbox 3359 2274 3666 2338; x_wconf 82' lang='lat' dir='ltr'><strong>recitasset,</strong></span> <span class='ocrx_word' id='word_1_312' title='bbox 3724 2274 3758 2327; x_wconf 93' lang='lat' dir='ltr'><strong>ii</strong></span> <span class='ocrx_word' id='word_1_313' title='bbox 3813 2272 3945 2326; x_wconf 85' lang='lat' dir='ltr'><strong>illu-</strong></span> 
     </span>
    </p>
   </div>
   <div class='ocr_carea' id='block_1_52' title="bbox 2372 2365 3946 2435">
    <p class='ocr_par' dir='ltr' id='par_1_52' title="bbox 2372 2365 3946 2435">
     <span class='ocr_line' id='line_1_52' title="bbox 2372 2365 3946 2435; baseline -0.001 -16"><span class='ocrx_word' id='word_1_314' title='bbox 2372 2368 2566 2420; x_wconf 86' lang='lat' dir='ltr'><strong>dentes</strong></span> <span class='ocrx_word' id='word_1_315' title='bbox 2597 2367 2775 2435; x_wconf 92' lang='lat' dir='ltr'><strong>ipsum</strong></span> <span class='ocrx_word' id='word_1_316' title='bbox 2807 2367 3038 2421; x_wconf 91' lang='lat' dir='ltr'><strong>irridere</strong></span> <span class='ocrx_word' id='word_1_317' title='bbox 3074 2378 3377 2434; x_wconf 65' lang='lat' dir='ltr'><strong>coeperunt.</strong></span> <span class='ocrx_word' id='word_1_318' title='bbox 3411 2365 3549 2419; x_wconf 78' lang='lat' dir='ltr'><strong>Cum</strong></span> <span class='ocrx_word' id='word_1_319' title='bbox 3577 2381 3705 2435; x_wconf 78' lang='lat' dir='ltr'><strong>ergo</strong></span> <span class='ocrx_word' id='word_1_320' title='bbox 3736 2365 3946 2418; x_wconf 82' lang='lat' dir='ltr'><strong>adven-</strong></span> 
     </span>
    </p>
   </div>
   <div class='ocr_carea' id='block_1_53' title="bbox 2373 2458 3941 2531">
    <p class='ocr_par' dir='ltr' id='par_1_53' title="bbox 2373 2458 3941 2531">
     <span class='ocr_line' id='line_1_53' title="bbox 2373 2458 3941 2531; baseline -0.003 -19"><span class='ocrx_word' id='word_1_321' title='bbox 2373 2469 2580 2514; x_wconf 89' lang='lat' dir='ltr'><strong>tassent</strong></span> <span class='ocrx_word' id='word_1_322' title='bbox 2641 2460 2939 2530; x_wconf 82' lang='lat' dir='ltr'><strong>Epiphania</strong></span> <span class='ocrx_word' id='word_1_323' title='bbox 2991 2459 3152 2513; x_wconf 88' lang='lat' dir='ltr'><strong>aliam</strong></span> <span class='ocrx_word' id='word_1_324' title='bbox 3202 2460 3365 2514; x_wconf 89' lang='lat' dir='ltr'><strong>etiam</strong></span> <span class='ocrx_word' id='word_1_325' title='bbox 3419 2458 3587 2531; x_wconf 66' lang='lat' dir='ltr'><strong>m</strong></span> <span class='ocrx_word' id='word_1_326' title='bbox 3634 2460 3941 2513; x_wconf 89' lang='lat' dir='ltr'><strong>oralionem</strong></span> 
     </span>
    </p>
   </div>
   <div class='ocr_carea' id='block_1_54' title="bbox 2369 2551 3944 2620">
    <p class='ocr_par' dir='ltr' id='par_1_54' title="bbox 2369 2551 3944 2620">
     <span class='ocr_line' id='line_1_54' title="bbox 2369 2551 3944 2620; baseline -0.005 -14"><span class='ocrx_word' id='word_1_327' title='bbox 2369 2551 2698 2620; x_wconf 89' lang='lat' dir='ltr'><strong>composuit,</strong></span> <span class='ocrx_word' id='word_1_328' title='bbox 2752 2551 2802 2603; x_wconf 90' lang='lat' dir='ltr'><strong>in</strong></span> <span class='ocrx_word' id='word_1_329' title='bbox 2840 2565 2948 2619; x_wconf 88' lang='lat' dir='ltr'><strong>qua</strong></span> <span class='ocrx_word' id='word_1_330' title='bbox 2980 2551 3272 2604; x_wconf 82' lang='lat' dir='ltr'><strong>Sabiorum</strong></span> <span class='ocrx_word' id='word_1_331' title='bbox 3307 2551 3626 2614; x_wconf 74' lang='lat' dir='ltr'><strong>religionem</strong></span> <span class='ocrx_word' id='word_1_332' title='bbox 3673 2551 3944 2609; x_wconf 77' lang='lat' dir='ltr'><strong>traduxit,</strong></span> 
     </span>
    </p>
   </div>
   <div class='ocr_carea' id='block_1_55' title="bbox 2371 2642 3945 2713">
    <p class='ocr_par' dir='ltr' id='par_1_55' title="bbox 2371 2642 3945 2713">
     <span class='ocr_line' id='line_1_55' title="bbox 2371 2642 3945 2713; baseline -0.001 -15"><span class='ocrx_word' id='word_1_333' title='bbox 2371 2645 2631 2713; x_wconf 88' lang='lat' dir='ltr'><strong>ipsosque</strong></span> <span class='ocrx_word' id='word_1_334' title='bbox 2686 2644 2900 2710; x_wconf 87' lang='lat' dir='ltr'><strong>probris</strong></span> <span class='ocrx_word' id='word_1_335' title='bbox 2953 2642 3153 2708; x_wconf 82' lang='lat' dir='ltr'><strong>alTecit,</strong></span> <span class='ocrx_word' id='word_1_336' title='bbox 3194 2658 3313 2697; x_wconf 89' lang='lat' dir='ltr'><strong>eam</strong></span> <span class='ocrx_word' id='word_1_337' title='bbox 3367 2644 3573 2698; x_wconf 73' lang='lat' dir='ltr'><strong>scilicet</strong></span> <span class='ocrx_word' id='word_1_338' title='bbox 3629 2644 3733 2697; x_wconf 90' lang='lat' dir='ltr'><strong>sub</strong></span> <span class='ocrx_word' id='word_1_339' title='bbox 3780 2643 3945 2711; x_wconf 88' lang='lat' dir='ltr'><strong>cujus</strong></span> 
     </span>
    </p>
   </div>
   <div class='ocr_carea' id='block_1_56' title="bbox 2370 2734 3939 2796">
    <p class='ocr_par' dir='ltr' id='par_1_56' title="bbox 2370 2734 3939 2796">
     <span class='ocr_line' id='line_1_56' title="bbox 2370 2734 3939 2796; baseline -0.002 -6"><span class='ocrx_word' id='word_1_340' title='bbox 2370 2737 2588 2790; x_wconf 91' lang='lat' dir='ltr'><strong>initium</strong></span> <span class='ocrx_word' id='word_1_341' title='bbox 2649 2735 2824 2789; x_wconf 86' lang='lat' dir='ltr'><strong>dicit:</strong></span> <span class='ocrx_word' id='word_1_342' title='bbox 2863 2734 3102 2789; x_wconf 79' lang='lat' dir='ltr'><strong>Rursum</strong></span> <span class='ocrx_word' id='word_1_343' title='bbox 3157 2735 3316 2790; x_wconf 88' lang='lat' dir='ltr'><strong>Jesus</strong></span> <span class='ocrx_word' id='word_1_344' title='bbox 3368 2751 3554 2796; x_wconf 87' lang='lat' dir='ltr'><strong>meus.</strong></span> <span class='ocrx_word' id='word_1_345' title='bbox 3607 2747 3663 2788; x_wconf 77' lang='lat' dir='ltr'><strong>et</strong></span> <span class='ocrx_word' id='word_1_346' title='bbox 3715 2750 3939 2788; x_wconf 87' lang='lat' dir='ltr'><strong>rursum</strong></span> 
     </span>
    </p>
   </div>
   <div class='ocr_carea' id='block_1_57' title="bbox 2369 2827 3942 2897">
    <p class='ocr_par' dir='ltr' id='par_1_57' title="bbox 2369 2827 3942 2897">
     <span class='ocr_line' id='line_1_57' title="bbox 2369 2827 3942 2897; baseline 0 -17"><span class='ocrx_word' id='word_1_347' title='bbox 2369 2829 2710 2897; x_wconf 85' lang='lat' dir='ltr'><strong>mysterium.</strong></span> <span class='ocrx_word' id='word_1_348' title='bbox 2748 2828 3018 2897; x_wconf 87' lang='lat' dir='ltr'><strong>Tempore</strong></span> <span class='ocrx_word' id='word_1_349' title='bbox 3063 2829 3226 2882; x_wconf 86' lang='lat' dir='ltr'><strong>etiam</strong></span> <span class='ocrx_word' id='word_1_350' title='bbox 3275 2827 3478 2882; x_wconf 89' lang='lat' dir='ltr'><strong>Juliani</strong></span> <span class='ocrx_word' id='word_1_351' title='bbox 3527 2839 3791 2897; x_wconf 72' lang='lat' dir='ltr'><strong>apostata:</strong></span> <span class='ocrx_word' id='word_1_352' title='bbox 3840 2831 3942 2881; x_wconf 77' lang='lat' dir='ltr'><strong>llo-</strong></span> 
     </span>
    </p>
   </div>
   <div class='ocr_carea' id='block_1_58' title="bbox 2367 2921 3941 2989">
    <p class='ocr_par' dir='ltr' id='par_1_58' title="bbox 2367 2921 3941 2989">
     <span class='ocr_line' id='line_1_58' title="bbox 2367 2921 3941 2989; baseline -0.003 -14"><span class='ocrx_word' id='word_1_353' title='bbox 2367 2922 2479 2975; x_wconf 91' lang='lat' dir='ltr'><strong>ruit</strong></span> <span class='ocrx_word' id='word_1_354' title='bbox 2512 2921 2662 2974; x_wconf 90' lang='lat' dir='ltr'><strong>Anba</strong></span> <span class='ocrx_word' id='word_1_355' title='bbox 2699 2922 2992 2977; x_wconf 83' lang='lat' dir='ltr'><strong>Antonius.</strong></span> <span class='ocrx_word' id='word_1_356' title='bbox 3034 2922 3127 2989; x_wconf 87' lang='lat' dir='ltr'><strong>qui</strong></span> <span class='ocrx_word' id='word_1_357' title='bbox 3160 2921 3372 2989; x_wconf 89' lang='lat' dir='ltr'><strong>primus</strong></span> <span class='ocrx_word' id='word_1_358' title='bbox 3401 2931 3516 2974; x_wconf 89' lang='lat' dir='ltr'><strong>erat</strong></span> <span class='ocrx_word' id='word_1_359' title='bbox 3547 2921 3941 2974; x_wconf 87' lang='lat' dir='ltr'><strong>monachorum</strong></span> 
     </span>
    </p>
   </div>
   <div class='ocr_carea' id='block_1_59' title="bbox 2366 3012 3942 3084">
    <p class='ocr_par' dir='ltr' id='par_1_59' title="bbox 2366 3012 3942 3084">
     <span class='ocr_line' id='line_1_59' title="bbox 2366 3012 3942 3084; baseline -0.002 -17"><span class='ocrx_word' id='word_1_360' title='bbox 2366 3012 2586 3084; x_wconf 63' lang='lat' dir='ltr'><strong>Egypti</strong></span> <span class='ocrx_word' id='word_1_361' title='bbox 2651 3015 2926 3067; x_wconf 90' lang='lat' dir='ltr'><strong>desertum</strong></span> <span class='ocrx_word' id='word_1_362' title='bbox 2993 3013 3372 3076; x_wconf 88' lang='lat' dir='ltr'><strong>incolentium,</strong></span> <span class='ocrx_word' id='word_1_363' title='bbox 3439 3013 3529 3067; x_wconf 89' lang='lat' dir='ltr'><strong>ubi</strong></span> <span class='ocrx_word' id='word_1_364' title='bbox 3590 3014 3942 3067; x_wconf 79' lang='lat' dir='ltr'><strong>monasteriis</strong></span> 
     </span>
    </p>
   </div>
   <div class='ocr_carea' id='block_1_60' title="bbox 2364 3103 3938 3175">
    <p class='ocr_par' dir='ltr' id='par_1_60' title="bbox 2364 3103 3938 3175">
     <span class='ocr_line' id='line_1_60' title="bbox 2364 3103 3938 3175; baseline -0.001 -17"><span class='ocrx_word' id='word_1_365' title='bbox 2364 3107 2659 3160; x_wconf 81' lang='lat' dir='ltr'><strong>exstructis</strong></span> <span class='ocrx_word' id='word_1_366' title='bbox 2689 3106 2988 3160; x_wconf 90' lang='lat' dir='ltr'><strong>monachos</strong></span> <span class='ocrx_word' id='word_1_367' title='bbox 3041 3107 3416 3175; x_wconf 69' lang='lat' dir='ltr'><strong>congregavit.</strong></span> <span class='ocrx_word' id='word_1_368' title='bbox 3469 3103 3577 3160; x_wconf 82' lang='lat' dir='ltr'><strong>Nec</strong></span> <span class='ocrx_word' id='word_1_369' title='bbox 3623 3120 3729 3159; x_wconf 87' lang='lat' dir='ltr'><strong>non</strong></span> <span class='ocrx_word' id='word_1_370' title='bbox 3781 3104 3938 3157; x_wconf 85' lang='lat' dir='ltr'><strong>Anba</strong></span> 
     </span>
    </p>
   </div>
   <div class='ocr_carea' id='block_1_61' title="bbox 681 3194 2266 3278">
    <p class='ocr_par' dir='ltr' id='par_1_61' title="bbox 681 3194 2253 3278">
     <span class='ocr_line' id='line_1_61' title="bbox 681 3194 2253 3278; baseline 0.013 -34"><span class='ocrx_word' id='word_1_371' title='bbox 681 3194 994 3247; x_wconf 88' lang='lat' dir='ltr'><strong>trucidandi</strong></span> <span class='ocrx_word' id='word_1_372' title='bbox 1029 3198 1237 3263; x_wconf 88' lang='lat' dir='ltr'><strong>animo,</strong></span> <span class='ocrx_word' id='word_1_373' title='bbox 1266 3199 1569 3263; x_wconf 90' lang='lat' dir='ltr'><strong>irruerunt,</strong></span> <span class='ocrx_word' id='word_1_374' title='bbox 1593 3203 1679 3256; x_wconf 93' lang='lat' dir='ltr'><strong>ille</strong></span> <span class='ocrx_word' id='word_1_375' title='bbox 1709 3221 1839 3258; x_wconf 90' lang='lat' dir='ltr'><strong>vero</strong></span> <span class='ocrx_word' id='word_1_376' title='bbox 1869 3206 1992 3276; x_wconf 81' lang='lat' dir='ltr'><strong>fuga</strong></span> <span class='ocrx_word' id='word_1_377' title='bbox 2022 3209 2089 3263; x_wconf 92' lang='lat' dir='ltr'><strong>ab</strong></span> <span class='ocrx_word' id='word_1_378' title='bbox 2123 3210 2253 3278; x_wconf 86' lang='lat' dir='ltr'><strong>ipsis</strong></span> 
     </span>
    </p>
   </div>
   <div class='ocr_carea' id='block_1_62' title="bbox 2358 3194 3938 3278">
    <p class='ocr_par' dir='ltr' id='par_1_62' title="bbox 2370 3198 3938 3269">
     <span class='ocr_line' id='line_1_62' title="bbox 2370 3198 3938 3269; baseline -0.004 -16"><span class='ocrx_word' id='word_1_379' title='bbox 2370 3201 2586 3254; x_wconf 81' lang='lat' dir='ltr'><strong>Flavius</strong></span> <span class='ocrx_word' id='word_1_380' title='bbox 2636 3201 2689 3253; x_wconf 88' lang='lat' dir='ltr'><strong>in</strong></span> <span class='ocrx_word' id='word_1_381' title='bbox 2749 3199 2908 3269; x_wconf 86' lang='lat' dir='ltr'><strong>Syria</strong></span> <span class='ocrx_word' id='word_1_382' title='bbox 2955 3200 3047 3267; x_wconf 91' lang='lat' dir='ltr'><strong>qni</strong></span> <span class='ocrx_word' id='word_1_383' title='bbox 3103 3198 3310 3267; x_wconf 87' lang='lat' dir='ltr'><strong>primus</strong></span> <span class='ocrx_word' id='word_1_384' title='bbox 3368 3209 3483 3252; x_wconf 88' lang='lat' dir='ltr'><strong>erat</strong></span> <span class='ocrx_word' id='word_1_385' title='bbox 3537 3198 3938 3252; x_wconf 84' lang='lat' dir='ltr'><strong>monachorum</strong></span> 
     </span>
    </p>
   </div>
   <div class='ocr_carea' id='block_1_63' title="bbox 679 3285 2248 3367">
    <p class='ocr_par' dir='ltr' id='par_1_63' title="bbox 679 3285 2248 3367">
     <span class='ocr_line' id='line_1_63' title="bbox 679 3285 2248 3367; baseline 0.013 -31"><span class='ocrx_word' id='word_1_386' title='bbox 679 3285 928 3354; x_wconf 89' lang='lat' dir='ltr'><strong>dilapsus</strong></span> <span class='ocrx_word' id='word_1_387' title='bbox 977 3288 1232 3351; x_wconf 90' lang='lat' dir='ltr'><strong>delituit,</strong></span> <span class='ocrx_word' id='word_1_388' title='bbox 1284 3306 1408 3344; x_wconf 92' lang='lat' dir='ltr'><strong>cum</strong></span> <span class='ocrx_word' id='word_1_389' title='bbox 1455 3293 1566 3360; x_wconf 86' lang='lat' dir='ltr'><strong>jam</strong></span> <span class='ocrx_word' id='word_1_390' title='bbox 1619 3311 1846 3352; x_wconf 86' lang='lat' dir='ltr'><strong>munere</strong></span> <span class='ocrx_word' id='word_1_391' title='bbox 1903 3302 2248 3367; x_wconf 88' lang='lat' dir='ltr'><strong>patriarehali</strong></span> 
     </span>
    </p>
   </div>
   <div class='ocr_carea' id='block_1_64' title="bbox 679 3377 2250 3460">
    <p class='ocr_par' dir='ltr' id='par_1_64' title="bbox 679 3377 2250 3460">
     <span class='ocr_line' id='line_1_64' title="bbox 679 3377 2250 3460; baseline 0.013 -35"><span class='ocrx_word' id='word_1_392' title='bbox 679 3377 867 3432; x_wconf 85' lang='lat' dir='ltr'><strong>decem</strong></span> <span class='ocrx_word' id='word_1_393' title='bbox 916 3379 1076 3435; x_wconf 92' lang='lat' dir='ltr'><strong>annis</strong></span> <span class='ocrx_word' id='word_1_394' title='bbox 1119 3381 1337 3437; x_wconf 81' lang='lat' dir='ltr'><strong>functus</strong></span> <span class='ocrx_word' id='word_1_395' title='bbox 1391 3383 1621 3451; x_wconf 82' lang='lat' dir='ltr'><strong>fuisset;</strong></span> <span class='ocrx_word' id='word_1_396' title='bbox 1680 3389 2128 3460; x_wconf 87' lang='lat' dir='ltr'><strong>constitutusque</strong></span> <span class='ocrx_word' id='word_1_397' title='bbox 2170 3404 2250 3448; x_wconf 87' lang='lat' dir='ltr'><strong>est</strong></span> 
     </span>
    </p>
   </div>
   <div class='ocr_carea' id='block_1_65' title="bbox 683 3469 2248 3546">
    <p class='ocr_par' dir='ltr' id='par_1_65' title="bbox 683 3469 2248 3546">
     <span class='ocr_line' id='line_1_65' title="bbox 683 3469 2248 3546; baseline 0.01 -25"><span class='ocrx_word' id='word_1_398' title='bbox 683 3469 1000 3539; x_wconf 84' lang='lat' dir='ltr'><strong>Gregorius,</strong></span> <span class='ocrx_word' id='word_1_399' title='bbox 1030 3473 1121 3541; x_wconf 88' lang='lat' dir='ltr'><strong>qui</strong></span> <span class='ocrx_word' id='word_1_400' title='bbox 1152 3473 1487 3531; x_wconf 77' lang='lat' dir='ltr'><strong>Manichzeus</strong></span> <span class='ocrx_word' id='word_1_401' title='bbox 1521 3476 1640 3542; x_wconf 80' lang='lat' dir='ltr'><strong>fuit,</strong></span> <span class='ocrx_word' id='word_1_402' title='bbox 1678 3481 1983 3546; x_wconf 88' lang='lat' dir='ltr'><strong>patriarcha</strong></span> <span class='ocrx_word' id='word_1_403' title='bbox 2013 3485 2248 3537; x_wconf 81' lang='lat' dir='ltr'><strong>Alexan-</strong></span> 
     </span>
    </p>
   </div>
   <div class='ocr_carea' id='block_1_66' title="bbox 683 3558 2245 3631">
    <p class='ocr_par' dir='ltr' id='par_1_66' title="bbox 683 3558 2245 3631">
     <span class='ocr_line' id='line_1_66' title="bbox 683 3558 2245 3631; baseline 0.013 -23"><span class='ocrx_word' id='word_1_404' title='bbox 683 3558 903 3617; x_wconf 85' lang='lat' dir='ltr'><strong>drinus.</strong></span> <span class='ocrx_word' id='word_1_405' title='bbox 941 3562 1034 3626; x_wconf 90' lang='lat' dir='ltr'><strong>qui</strong></span> <span class='ocrx_word' id='word_1_406' title='bbox 1067 3576 1243 3616; x_wconf 88' lang='lat' dir='ltr'><strong>annos</strong></span> <span class='ocrx_word' id='word_1_407' title='bbox 1281 3564 1470 3618; x_wconf 89' lang='lat' dir='ltr'><strong>decem</strong></span> <span class='ocrx_word' id='word_1_408' title='bbox 1507 3567 1670 3631; x_wconf 91' lang='lat' dir='ltr'><strong>sedit,</strong></span> <span class='ocrx_word' id='word_1_409' title='bbox 1703 3569 1827 3623; x_wconf 90' lang='lat' dir='ltr'><strong>dein</strong></span> <span class='ocrx_word' id='word_1_410' title='bbox 1862 3585 2110 3629; x_wconf 89' lang='lat' dir='ltr'><strong>mortuus</strong></span> <span class='ocrx_word' id='word_1_411' title='bbox 2140 3584 2245 3629; x_wconf 89' lang='lat' dir='ltr'><strong>est.</strong></span> 
     </span>
    </p>
   </div>
   <div class='ocr_carea' id='block_1_67' title="bbox 681 3650 2248 3728">
    <p class='ocr_par' dir='ltr' id='par_1_67' title="bbox 681 3650 2248 3728">
     <span class='ocr_line' id='line_1_67' title="bbox 681 3650 2248 3728; baseline 0.013 -26"><span class='ocrx_word' id='word_1_412' title='bbox 681 3650 780 3702; x_wconf 87' lang='lat' dir='ltr'><strong>lllo</strong></span> <span class='ocrx_word' id='word_1_413' title='bbox 814 3659 1050 3717; x_wconf 86' lang='lat' dir='ltr'><strong>mortuo,</strong></span> <span class='ocrx_word' id='word_1_414' title='bbox 1105 3655 1441 3711; x_wconf 80' lang='lat' dir='ltr'><strong>Athanasius</strong></span> <span class='ocrx_word' id='word_1_415' title='bbox 1497 3662 1808 3728; x_wconf 87' lang='lat' dir='ltr'><strong>patriarcha</strong></span> <span class='ocrx_word' id='word_1_416' title='bbox 1845 3663 2248 3722; x_wconf 86' lang='lat' dir='ltr'><strong>Alexandrinus</strong></span> 
     </span>
    </p>
   </div>
   <div class='ocr_carea' id='block_1_68' title="bbox 681 3744 2244 3816">
    <p class='ocr_par' dir='ltr' id='par_1_68' title="bbox 681 3744 2244 3816">
     <span class='ocr_line' id='line_1_68' title="bbox 681 3744 2244 3816; baseline 0.011 -21"><span class='ocrx_word' id='word_1_417' title='bbox 681 3744 734 3796; x_wconf 92' lang='lat' dir='ltr'><strong>in</strong></span> <span class='ocrx_word' id='word_1_418' title='bbox 769 3744 944 3798; x_wconf 89' lang='lat' dir='ltr'><strong>locum</strong></span> <span class='ocrx_word' id='word_1_419' title='bbox 988 3761 1147 3800; x_wconf 91' lang='lat' dir='ltr'><strong>suum</strong></span> <span class='ocrx_word' id='word_1_420' title='bbox 1188 3763 1461 3816; x_wconf 78' lang='lat' dir='ltr'><strong>reversus,</strong></span> <span class='ocrx_word' id='word_1_421' title='bbox 1498 3760 1610 3808; x_wconf 90' lang='lat' dir='ltr'><strong>tres</strong></span> <span class='ocrx_word' id='word_1_422' title='bbox 1641 3768 1815 3809; x_wconf 89' lang='lat' dir='ltr'><strong>annos</strong></span> <span class='ocrx_word' id='word_1_423' title='bbox 1849 3757 2012 3813; x_wconf 86' lang='lat' dir='ltr'><strong>sedit.</strong></span> <span class='ocrx_word' id='word_1_424' title='bbox 2045 3757 2244 3813; x_wconf 81' lang='lat' dir='ltr'><strong>Eodem</strong></span> 
     </span>
    </p>
   </div>
   <div class='ocr_carea' id='block_1_69' title="bbox 679 3835 2246 3917">
    <p class='ocr_par' dir='ltr' id='par_1_69' title="bbox 679 3835 2246 3917">
     <span class='ocr_line' id='line_1_69' title="bbox 679 3835 2246 3917; baseline 0.013 -33"><span class='ocrx_word' id='word_1_425' title='bbox 679 3845 924 3903; x_wconf 74' lang='lat' dir='ltr'><strong>tempore</strong></span> <span class='ocrx_word' id='word_1_426' title='bbox 945 3835 1424 3908; x_wconf 77' lang='lat' dir='ltr'><strong>ConstantinOpoli</strong></span> <span class='ocrx_word' id='word_1_427' title='bbox 1450 3843 1831 3899; x_wconf 77' lang='lat' dir='ltr'><strong>Alexandriam</strong></span> <span class='ocrx_word' id='word_1_428' title='bbox 1859 3849 2082 3904; x_wconf 81' lang='lat' dir='ltr'><strong>veniens</strong></span> <span class='ocrx_word' id='word_1_429' title='bbox 2110 3866 2246 3917; x_wconf 78' lang='lat' dir='ltr'><strong>prae-</strong></span> 
     </span>
    </p>
   </div>
   <div class='ocr_carea' id='block_1_70' title="bbox 680 3927 2242 4006">
    <p class='ocr_par' dir='ltr' id='par_1_70' title="bbox 680 3927 2242 4006">
     <span class='ocr_line' id='line_1_70' title="bbox 680 3927 2242 4006; baseline 0.013 -29"><span class='ocrx_word' id='word_1_430' title='bbox 680 3927 856 3982; x_wconf 80' lang='lat' dir='ltr'><strong>fectus</strong></span> <span class='ocrx_word' id='word_1_431' title='bbox 887 3929 1113 3998; x_wconf 90' lang='lat' dir='ltr'><strong>quidam</strong></span> <span class='ocrx_word' id='word_1_432' title='bbox 1150 3933 1374 3988; x_wconf 90' lang='lat' dir='ltr'><strong>nomine</strong></span> <span class='ocrx_word' id='word_1_433' title='bbox 1407 3933 1690 4005; x_wconf 74' lang='lat' dir='ltr'><strong>Syrianus,</strong></span> <span class='ocrx_word' id='word_1_434' title='bbox 1724 3939 1816 4006; x_wconf 87' lang='lat' dir='ltr'><strong>qui</strong></span> <span class='ocrx_word' id='word_1_435' title='bbox 1850 3940 2089 3999; x_wconf 83' lang='lat' dir='ltr'><strong>Arianus</strong></span> <span class='ocrx_word' id='word_1_436' title='bbox 2117 3943 2242 4006; x_wconf 74' lang='lat' dir='ltr'><strong>fuit,</strong></span> 
     </span>
    </p>
   </div>
   <div class='ocr_carea' id='block_1_71' title="bbox 676 4022 2246 4100">
    <p class='ocr_par' dir='ltr' id='par_1_71' title="bbox 676 4022 2246 4100">
     <span class='ocr_line' id='line_1_71' title="bbox 676 4022 2246 4100; baseline 0.012 -29"><span class='ocrx_word' id='word_1_437' title='bbox 676 4022 1038 4076; x_wconf 83' lang='lat' dir='ltr'><strong>Athanasium</strong></span> <span class='ocrx_word' id='word_1_438' title='bbox 1074 4026 1445 4093; x_wconf 90' lang='lat' dir='ltr'><strong>patriarcham</strong></span> <span class='ocrx_word' id='word_1_439' title='bbox 1477 4029 1529 4082; x_wconf 93' lang='lat' dir='ltr'><strong>in</strong></span> <span class='ocrx_word' id='word_1_440' title='bbox 1563 4029 1741 4082; x_wconf 89' lang='lat' dir='ltr'><strong>locum</strong></span> <span class='ocrx_word' id='word_1_441' title='bbox 1765 4035 2060 4100; x_wconf 89' lang='lat' dir='ltr'><strong>quemdam</strong></span> <span class='ocrx_word' id='word_1_442' title='bbox 2087 4035 2246 4090; x_wconf 86' lang='lat' dir='ltr'><strong>Tibe-</strong></span> 
     </span>
    </p>
   </div>
   <div class='ocr_carea' id='block_1_72' title="bbox 677 4114 2242 4188">
    <p class='ocr_par' dir='ltr' id='par_1_72' title="bbox 677 4114 2242 4188">
     <span class='ocr_line' id='line_1_72' title="bbox 677 4114 2242 4188; baseline 0.01 -24"><span class='ocrx_word' id='word_1_443' title='bbox 677 4114 825 4165; x_wconf 88' lang='lat' dir='ltr'><strong>riada</strong></span> <span class='ocrx_word' id='word_1_444' title='bbox 893 4116 1097 4169; x_wconf 90' lang='lat' dir='ltr'><strong>dictum</strong></span> <span class='ocrx_word' id='word_1_445' title='bbox 1157 4118 1458 4186; x_wconf 70' lang='lat' dir='ltr'><strong>relegavit,</strong></span> <span class='ocrx_word' id='word_1_446' title='bbox 1521 4123 1830 4188; x_wconf 83' lang='lat' dir='ltr'><strong>patriarcha</strong></span> <span class='ocrx_word' id='word_1_447' title='bbox 1897 4126 2242 4181; x_wconf 69' lang='lat' dir='ltr'><strong>Alexandria:</strong></span> 
     </span>
    </p>
   </div>
   <div class='ocr_carea' id='block_1_73' title="bbox 674 4209 2241 4287">
    <p class='ocr_par' dir='ltr' id='par_1_73' title="bbox 674 4209 2241 4287">
     <span class='ocr_line' id='line_1_73' title="bbox 674 4209 2241 4287; baseline 0.011 -31"><span class='ocrx_word' id='word_1_448' title='bbox 674 4209 974 4260; x_wconf 86' lang='lat' dir='ltr'><strong>constituto</strong></span> <span class='ocrx_word' id='word_1_449' title='bbox 1024 4210 1289 4278; x_wconf 83' lang='lat' dir='ltr'><strong>Georgio,</strong></span> <span class='ocrx_word' id='word_1_450' title='bbox 1343 4212 1430 4279; x_wconf 89' lang='lat' dir='ltr'><strong>qui</strong></span> <span class='ocrx_word' id='word_1_451' title='bbox 1469 4212 1706 4267; x_wconf 88' lang='lat' dir='ltr'><strong>Arianus</strong></span> <span class='ocrx_word' id='word_1_452' title='bbox 1779 4216 1898 4280; x_wconf 80' lang='lat' dir='ltr'><strong>fuit,</strong></span> <span class='ocrx_word' id='word_1_453' title='bbox 1956 4233 2241 4287; x_wconf 83' lang='lat' dir='ltr'><strong>annosque</strong></span> 
     </span>
    </p>
   </div>
   <div class='ocr_carea' id='block_1_74' title="bbox 678 4296 2244 4371">
    <p class='ocr_par' dir='ltr' id='par_1_74' title="bbox 678 4296 2244 4371">
     <span class='ocr_line' id='line_1_74' title="bbox 678 4296 2244 4371; baseline 0.01 -26"><span class='ocrx_word' id='word_1_454' title='bbox 678 4309 772 4347; x_wconf 85' lang='lat' dir='ltr'><strong>scx</strong></span> <span class='ocrx_word' id='word_1_455' title='bbox 807 4297 965 4348; x_wconf 71' lang='lat' dir='ltr'><strong>sedit.</strong></span> <span class='ocrx_word' id='word_1_456' title='bbox 1007 4296 1136 4351; x_wconf 92' lang='lat' dir='ltr'><strong>Dein</strong></span> <span class='ocrx_word' id='word_1_457' title='bbox 1174 4300 1306 4352; x_wconf 91' lang='lat' dir='ltr'><strong>abiit</strong></span> <span class='ocrx_word' id='word_1_458' title='bbox 1339 4301 1605 4370; x_wconf 82' lang='lat' dir='ltr'><strong>Syrianus</strong></span> <span class='ocrx_word' id='word_1_459' title='bbox 1649 4303 1937 4371; x_wconf 64' lang='lat' dir='ltr'><strong>praefer-tus</strong></span> <span class='ocrx_word' id='word_1_460' title='bbox 1970 4306 2244 4361; x_wconf 87' lang='lat' dir='ltr'><strong>Constan-</strong></span> 
     </span>
    </p>
   </div>
   <div class='ocr_carea' id='block_1_75' title="bbox 677 4385 2242 4458">
    <p class='ocr_par' dir='ltr' id='par_1_75' title="bbox 677 4385 2242 4458">
     <span class='ocr_line' id='line_1_75' title="bbox 677 4385 2242 4458; baseline 0.008 -23"><span class='ocrx_word' id='word_1_461' title='bbox 677 4385 946 4451; x_wconf 86' lang='lat' dir='ltr'><strong>tinopolin</strong></span> <span class='ocrx_word' id='word_1_462' title='bbox 985 4387 1292 4454; x_wconf 86' lang='lat' dir='ltr'><strong>petiturus;</strong></span> <span class='ocrx_word' id='word_1_463' title='bbox 1329 4405 1438 4454; x_wconf 90' lang='lat' dir='ltr'><strong>quo</strong></span> <span class='ocrx_word' id='word_1_464' title='bbox 1472 4392 1794 4444; x_wconf 83' lang='lat' dir='ltr'><strong>Alexandria</strong></span> <span class='ocrx_word' id='word_1_465' title='bbox 1825 4394 2069 4458; x_wconf 80' lang='lat' dir='ltr'><strong>profecto</strong></span> <span class='ocrx_word' id='word_1_466' title='bbox 2093 4394 2242 4448; x_wconf 84' lang='lat' dir='ltr'><strong>urbis</strong></span> 
     </span>
    </p>
   </div>
   <div class='ocr_carea' id='block_1_76' title="bbox 675 4478 2238 4551">
    <p class='ocr_par' dir='ltr' id='par_1_76' title="bbox 675 4478 2238 4551">
     <span class='ocr_line' id='line_1_76' title="bbox 675 4478 2238 4551; baseline 0.005 -21"><span class='ocrx_word' id='word_1_467' title='bbox 675 4478 794 4538; x_wconf 77' lang='lat' dir='ltr'><strong>eius</strong></span> <span class='ocrx_word' id='word_1_468' title='bbox 821 4479 1013 4531; x_wconf 68' lang='lat' dir='ltr'><strong>incolae</strong></span> <span class='ocrx_word' id='word_1_469' title='bbox 1037 4479 1322 4535; x_wconf 84' lang='lat' dir='ltr'><strong>Melchiani</strong></span> <span class='ocrx_word' id='word_1_470' title='bbox 1347 4481 1635 4551; x_wconf 80' lang='lat' dir='ltr'><strong>Georgium</strong></span> <span class='ocrx_word' id='word_1_471' title='bbox 1658 4485 2018 4551; x_wconf 88' lang='lat' dir='ltr'><strong>patriarcham</strong></span> <span class='ocrx_word' id='word_1_472' title='bbox 2041 4485 2238 4549; x_wconf 88' lang='lat' dir='ltr'><strong>adorti,</strong></span> 
     </span>
    </p>
   </div>
   <div class='ocr_carea' id='block_1_77' title="bbox 679 4561 2318 4646">
    <p class='ocr_par' dir='ltr' id='par_1_77' title="bbox 679 4561 2318 4646">
     <span class='ocr_line' id='line_1_77' title="bbox 679 4561 2318 4646; baseline 0.007 -26"><span class='ocrx_word' id='word_1_473' title='bbox 679 4572 857 4636; x_wconf 89' lang='lat' dir='ltr'><strong>ipsum</strong></span> <span class='ocrx_word' id='word_1_474' title='bbox 911 4573 1259 4627; x_wconf 81' lang='lat' dir='ltr'><strong>interfectum</strong></span> <span class='ocrx_word' id='word_1_475' title='bbox 1299 4575 1422 4643; x_wconf 86' lang='lat' dir='ltr'><strong>igne</strong></span> <span class='ocrx_word' id='word_1_476' title='bbox 1475 4587 1825 4641; x_wconf 85' lang='lat' dir='ltr'><strong>cremarunt,</strong></span> <span class='ocrx_word' id='word_1_477' title='bbox 1881 4593 2244 4646; x_wconf 86' lang='lat' dir='ltr'><strong>reversusque</strong></span> <span class='ocrx_word' id='word_1_478' title='bbox 2277 4561 2318 4614; x_wconf 80' lang='grc' dir='ltr'><strong>Ῑ)</strong></span> 
     </span>
    </p>
   </div>
   <div class='ocr_carea' id='block_1_78' title="bbox 672 4665 2243 4739">
    <p class='ocr_par' dir='ltr' id='par_1_78' title="bbox 672 4665 2243 4739">
     <span class='ocr_line' id='line_1_78' title="bbox 672 4665 2243 4739; baseline 0.007 -25"><span class='ocrx_word' id='word_1_479' title='bbox 672 4673 751 4715; x_wconf 81' lang='lat' dir='ltr'><strong>est</strong></span> <span class='ocrx_word' id='word_1_480' title='bbox 793 4665 844 4715; x_wconf 88' lang='lat' dir='ltr'><strong>in</strong></span> <span class='ocrx_word' id='word_1_481' title='bbox 897 4665 1072 4716; x_wconf 89' lang='lat' dir='ltr'><strong>locum</strong></span> <span class='ocrx_word' id='word_1_482' title='bbox 1123 4681 1284 4718; x_wconf 88' lang='lat' dir='ltr'><strong>suum</strong></span> <span class='ocrx_word' id='word_1_483' title='bbox 1340 4667 1695 4722; x_wconf 84' lang='lat' dir='ltr'><strong>Athanasius.</strong></span> <span class='ocrx_word' id='word_1_484' title='bbox 1751 4669 1954 4723; x_wconf 85' lang='lat' dir='ltr'><strong>Eodem</strong></span> <span class='ocrx_word' id='word_1_485' title='bbox 1999 4680 2243 4739; x_wconf 90' lang='lat' dir='ltr'><strong>tempore</strong></span> 
     </span>
    </p>
   </div>
   <div class='ocr_carea' id='block_1_79' title="bbox 676 4757 2240 4826">
    <p class='ocr_par' dir='ltr' id='par_1_79' title="bbox 676 4757 2240 4826">
     <span class='ocr_line' id='line_1_79' title="bbox 676 4757 2240 4826; baseline 0.006 -21"><span class='ocrx_word' id='word_1_486' title='bbox 676 4757 934 4820; x_wconf 72' lang='grc' dir='ltr'><strong>υνοονιιίε</strong></span> <span class='ocrx_word' id='word_1_487' title='bbox 987 4757 1250 4824; x_wconf 86' lang='lat' dir='ltr'><strong>agitatum</strong></span> <span class='ocrx_word' id='word_1_488' title='bbox 1303 4775 1451 4813; x_wconf 87' lang='lat' dir='ltr'><strong>mare</strong></span> <span class='ocrx_word' id='word_1_489' title='bbox 1502 4765 1667 4814; x_wconf 89' lang='lat' dir='ltr'><strong>multa</strong></span> <span class='ocrx_word' id='word_1_490' title='bbox 1704 4763 2047 4816; x_wconf 71' lang='lat' dir='ltr'><strong>Alexandria:</strong></span> <span class='ocrx_word' id='word_1_491' title='bbox 2096 4763 2240 4826; x_wconf 90' lang='lat' dir='ltr'><strong>loca,</strong></span> 
     </span>
    </p>
   </div>
   <div class='ocr_carea' id='block_1_80' title="bbox 677 4848 2239 4918">
    <p class='ocr_par' dir='ltr' id='par_1_80' title="bbox 677 4848 2239 4918">
     <span class='ocr_line' id='line_1_80' title="bbox 677 4848 2239 4918; baseline 0.007 -24"><span class='ocrx_word' id='word_1_492' title='bbox 677 4861 774 4896; x_wconf 82' lang='lat' dir='ltr'><strong>nec</strong></span> <span class='ocrx_word' id='word_1_493' title='bbox 830 4861 935 4898; x_wconf 93' lang='lat' dir='ltr'><strong>non</strong></span> <span class='ocrx_word' id='word_1_494' title='bbox 991 4848 1276 4912; x_wconf 89' lang='lat' dir='ltr'><strong>ecclesias,</strong></span> <span class='ocrx_word' id='word_1_495' title='bbox 1315 4864 1455 4918; x_wconf 90' lang='lat' dir='ltr'><strong>aqua</strong></span> <span class='ocrx_word' id='word_1_496' title='bbox 1489 4851 1694 4906; x_wconf 83' lang='lat' dir='ltr'><strong>obruit.</strong></span> <span class='ocrx_word' id='word_1_497' title='bbox 1743 4852 1887 4906; x_wconf 92' lang='lat' dir='ltr'><strong>Obiit</strong></span> <span class='ocrx_word' id='word_1_498' title='bbox 1917 4861 2098 4907; x_wconf 90' lang='lat' dir='ltr'><strong>autem</strong></span> <span class='ocrx_word' id='word_1_499' title='bbox 2138 4854 2239 4906; x_wconf 93' lang='lat' dir='ltr'><strong>im-</strong></span> 
     </span>
    </p>
   </div>
   <div class='ocr_carea' id='block_1_81' title="bbox 676 4938 2243 5014">
    <p class='ocr_par' dir='ltr' id='par_1_81' title="bbox 676 4938 2243 5014">
     <span class='ocr_line' id='line_1_81' title="bbox 676 4938 2243 5014; baseline 0.009 -29"><span class='ocrx_word' id='word_1_500' title='bbox 676 4944 893 5002; x_wconf 89' lang='lat' dir='ltr'><strong>perator</strong></span> <span class='ocrx_word' id='word_1_501' title='bbox 923 4938 1279 4994; x_wconf 84' lang='lat' dir='ltr'><strong>Constantius</strong></span> <span class='ocrx_word' id='word_1_502' title='bbox 1320 4940 1664 4995; x_wconf 87' lang='lat' dir='ltr'><strong>Constantini</strong></span> <span class='ocrx_word' id='word_1_503' title='bbox 1702 4943 1843 4996; x_wconf 81' lang='lat' dir='ltr'><strong>filius</strong></span> <span class='ocrx_word' id='word_1_504' title='bbox 1893 4959 2014 4997; x_wconf 90' lang='lat' dir='ltr'><strong>cum</strong></span> <span class='ocrx_word' id='word_1_505' title='bbox 2071 4945 2243 5014; x_wconf 89' lang='lat' dir='ltr'><strong>impe-</strong></span> 
     </span>
    </p>
   </div>
   <div class='ocr_carea' id='block_1_82' title="bbox 677 5031 1882 5102">
    <p class='ocr_par' dir='ltr' id='par_1_82' title="bbox 677 5031 1882 5102">
     <span class='ocr_line' id='line_1_82' title="bbox 677 5031 1882 5102; baseline 0.006 -23"><span class='ocrx_word' id='word_1_506' title='bbox 677 5031 814 5080; x_wconf 86' lang='lat' dir='ltr'><strong>tium</strong></span> <span class='ocrx_word' id='word_1_507' title='bbox 848 5045 1022 5084; x_wconf 89' lang='lat' dir='ltr'><strong>anuos</strong></span> <span class='ocrx_word' id='word_1_508' title='bbox 1057 5031 1246 5100; x_wconf 75' lang='lat' dir='ltr'><strong>viginti</strong></span> <span class='ocrx_word' id='word_1_509' title='bbox 1279 5041 1514 5101; x_wconf 85' lang='lat' dir='ltr'><strong>quatuor</strong></span> <span class='ocrx_word' id='word_1_510' title='bbox 1543 5043 1882 5102; x_wconf 82' lang='lat' dir='ltr'><strong>occupasset.</strong></span> 
     </span>
    </p>
   </div>
   <div class='ocr_carea' id='block_1_83' title="bbox 751 5119 2238 5195">
    <p class='ocr_par' dir='ltr' id='par_1_83' title="bbox 751 5119 2238 5195">
     <span class='ocr_line' id='line_1_83' title="bbox 751 5119 2238 5195; baseline 0.005 -23"><span class='ocrx_word' id='word_1_511' title='bbox 751 5119 876 5173; x_wconf 84' lang='lat' dir='ltr'><strong>Post</strong></span> <span class='ocrx_word' id='word_1_512' title='bbox 927 5137 1084 5190; x_wconf 89' lang='lat' dir='ltr'><strong>quem</strong></span> <span class='ocrx_word' id='word_1_513' title='bbox 1145 5123 1194 5176; x_wconf 91' lang='lat' dir='ltr'><strong>in</strong></span> <span class='ocrx_word' id='word_1_514' title='bbox 1258 5122 1535 5177; x_wconf 84' lang='lat' dir='ltr'><strong>Romanos</strong></span> <span class='ocrx_word' id='word_1_515' title='bbox 1584 5128 1721 5180; x_wconf 90' lang='lat' dir='ltr'><strong>duos</strong></span> <span class='ocrx_word' id='word_1_516' title='bbox 1771 5141 1944 5182; x_wconf 91' lang='lat' dir='ltr'><strong>annos</strong></span> <span class='ocrx_word' id='word_1_517' title='bbox 1989 5129 2238 5195; x_wconf 76' lang='lat' dir='ltr'><strong>regnavit</strong></span> 
     </span>
    </p>
   </div>
   <div class='ocr_carea' id='block_1_84' title="bbox 675 5212 2239 5289">
    <p class='ocr_par' dir='ltr' id='par_1_84' title="bbox 675 5212 2239 5289">
     <span class='ocr_line' id='line_1_84' title="bbox 675 5212 2239 5289; baseline 0.006 -25"><span class='ocrx_word' id='word_1_518' title='bbox 675 5212 925 5267; x_wconf 80' lang='lat' dir='ltr'><strong>Julianus</strong></span> <span class='ocrx_word' id='word_1_519' title='bbox 962 5215 1252 5283; x_wconf 72' lang='lat' dir='ltr'><strong>imperator</strong></span> <span class='ocrx_word' id='word_1_520' title='bbox 1275 5216 1364 5282; x_wconf 87' lang='lat' dir='ltr'><strong>qtti</strong></span> <span class='ocrx_word' id='word_1_521' title='bbox 1395 5217 1549 5269; x_wconf 84' lang='lat' dir='ltr'><strong>ﬁdem</strong></span> <span class='ocrx_word' id='word_1_522' title='bbox 1581 5218 1886 5285; x_wconf 87' lang='lat' dir='ltr'><strong>abnegavit,</strong></span> <span class='ocrx_word' id='word_1_523' title='bbox 1908 5219 2071 5289; x_wconf 90' lang='lat' dir='ltr'><strong>idque.</strong></span> <span class='ocrx_word' id='word_1_524' title='bbox 2095 5236 2239 5273; x_wconf 88' lang='lat' dir='ltr'><strong>anno</strong></span> 
     </span>
    </p>
   </div>
   <div class='ocr_carea' id='block_1_85' title="bbox 675 5304 2238 5377">
    <p class='ocr_par' dir='ltr' id='par_1_85' title="bbox 675 5304 2238 5377">
     <span class='ocr_line' id='line_1_85' title="bbox 675 5304 2238 5377; baseline 0.005 -22"><span class='ocrx_word' id='word_1_525' title='bbox 675 5305 821 5370; x_wconf 76' lang='lat' dir='ltr'><strong>regni</strong></span> <span class='ocrx_word' id='word_1_526' title='bbox 861 5305 1086 5372; x_wconf 83' lang='lat' dir='ltr'><strong>Saporis</strong></span> <span class='ocrx_word' id='word_1_527' title='bbox 1123 5304 1214 5357; x_wconf 82' lang='lat' dir='ltr'><strong>ﬁlii</strong></span> <span class='ocrx_word' id='word_1_528' title='bbox 1241 5305 1466 5374; x_wconf 85' lang='lat' dir='ltr'><strong>Saporis</strong></span> <span class='ocrx_word' id='word_1_529' title='bbox 1488 5305 1781 5361; x_wconf 86' lang='lat' dir='ltr'><strong>Persarum</strong></span> <span class='ocrx_word' id='word_1_530' title='bbox 1810 5310 1954 5377; x_wconf 85' lang='lat' dir='ltr'><strong>regis</strong></span> <span class='ocrx_word' id='word_1_531' title='bbox 1979 5311 2238 5363; x_wconf 90' lang='lat' dir='ltr'><strong>vicesimo</strong></span> 
     </span>
    </p>
   </div>
   <div class='ocr_carea' id='block_1_86' title="bbox 674 5395 2235 5471">
    <p class='ocr_par' dir='ltr' id='par_1_86' title="bbox 674 5395 2235 5471">
     <span class='ocr_line' id='line_1_86' title="bbox 674 5395 2235 5471; baseline 0.005 -25"><span class='ocrx_word' id='word_1_532' title='bbox 674 5396 866 5457; x_wconf 78' lang='lat' dir='ltr'><strong>primo.</strong></span> <span class='ocrx_word' id='word_1_533' title='bbox 917 5395 1218 5461; x_wconf 84' lang='lat' dir='ltr'><strong>Imperator</strong></span> <span class='ocrx_word' id='word_1_534' title='bbox 1251 5397 1354 5450; x_wconf 87' lang='lat' dir='ltr'><strong>iste</strong></span> <span class='ocrx_word' id='word_1_535' title='bbox 1390 5397 1656 5460; x_wconf 79' lang='lat' dir='ltr'><strong>Julianus,</strong></span> <span class='ocrx_word' id='word_1_536' title='bbox 1705 5399 1810 5452; x_wconf 84' lang='lat' dir='ltr'><strong>ﬁde</strong></span> <span class='ocrx_word' id='word_1_537' title='bbox 1844 5398 2235 5471; x_wconf 64' lang='grc'><strong>481-483</strong></span> 
     </span>
    </p>
   </div>
   <div class='ocr_carea' id='block_1_87' title="bbox 668 5485 2231 5555">
    <p class='ocr_par' dir='ltr' id='par_1_87' title="bbox 668 5485 2231 5555">
     <span class='ocr_line' id='line_1_87' title="bbox 668 5485 2231 5555; baseline 0.006 -20"><span class='ocrx_word' id='word_1_538' title='bbox 668 5485 978 5536; x_wconf 78' lang='lat' dir='ltr'><strong>Christiana</strong></span> <span class='ocrx_word' id='word_1_539' title='bbox 1013 5485 1305 5555; x_wconf 73' lang='lat' dir='ltr'><strong>abut-gata,</strong></span> <span class='ocrx_word' id='word_1_540' title='bbox 1336 5488 1583 5541; x_wconf 88' lang='lat' dir='ltr'><strong>homines</strong></span> <span class='ocrx_word' id='word_1_541' title='bbox 1618 5489 1684 5542; x_wconf 90' lang='lat' dir='ltr'><strong>ad</strong></span> <span class='ocrx_word' id='word_1_542' title='bbox 1721 5489 1989 5542; x_wconf 89' lang='lat' dir='ltr'><strong>idolorum</strong></span> <span class='ocrx_word' id='word_1_543' title='bbox 2024 5492 2231 5544; x_wconf 91' lang='lat' dir='ltr'><strong>cultum</strong></span> 
     </span>
    </p>
   </div>
   <div class='ocr_carea' id='block_1_88' title="bbox 672 5574 2234 5649">
    <p class='ocr_par' dir='ltr' id='par_1_88' title="bbox 672 5574 2234 5649">
     <span class='ocr_line' id='line_1_88' title="bbox 672 5574 2234 5649; baseline 0.006 -24"><span class='ocrx_word' id='word_1_544' title='bbox 672 5574 932 5627; x_wconf 85' lang='lat' dir='ltr'><strong>reducere</strong></span> <span class='ocrx_word' id='word_1_545' title='bbox 972 5576 1206 5636; x_wconf 90' lang='lat' dir='ltr'><strong>studuit,</strong></span> <span class='ocrx_word' id='word_1_546' title='bbox 1250 5592 1612 5645; x_wconf 76' lang='lat' dir='ltr'><strong>magnamque</strong></span> <span class='ocrx_word' id='word_1_547' title='bbox 1649 5588 1946 5649; x_wconf 76' lang='lat' dir='ltr'><strong>martyrum</strong></span> <span class='ocrx_word' id='word_1_548' title='bbox 1983 5582 2234 5636; x_wconf 89' lang='lat' dir='ltr'><strong>multitu-</strong></span> 
     </span>
    </p>
   </div>
   <div class='ocr_carea' id='block_1_89' title="bbox 670 5666 2229 5738">
    <p class='ocr_par' dir='ltr' id='par_1_89' title="bbox 670 5666 2229 5738">
     <span class='ocr_line' id='line_1_89' title="bbox 670 5666 2229 5738; baseline 0.007 -26"><span class='ocrx_word' id='word_1_549' title='bbox 670 5666 850 5717; x_wconf 86' lang='lat' dir='ltr'><strong>dinem</strong></span> <span class='ocrx_word' id='word_1_550' title='bbox 885 5675 1059 5716; x_wconf 90' lang='lat' dir='ltr'><strong>morte</strong></span> <span class='ocrx_word' id='word_1_551' title='bbox 1087 5666 1292 5719; x_wconf 80' lang='lat' dir='ltr'><strong>aﬂ&#39;erit.</strong></span> <span class='ocrx_word' id='word_1_552' title='bbox 1327 5669 1484 5718; x_wconf 90' lang='lat' dir='ltr'><strong>Anno</strong></span> <span class='ocrx_word' id='word_1_553' title='bbox 1529 5669 1738 5734; x_wconf 82' lang='lat' dir='ltr'><strong>imperii</strong></span> <span class='ocrx_word' id='word_1_554' title='bbox 1775 5669 1894 5737; x_wconf 83' lang='lat' dir='ltr'><strong>ejus</strong></span> <span class='ocrx_word' id='word_1_555' title='bbox 1938 5670 2135 5738; x_wconf 88' lang='lat' dir='ltr'><strong>primo,</strong></span> <span class='ocrx_word' id='word_1_556' title='bbox 2167 5685 2229 5723; x_wconf 86' lang='lat' dir='ltr'><strong>ex</strong></span> 
     </span>
    </p>
   </div>
   <div class='ocr_carea' id='block_1_90' title="bbox 668 5756 2230 5831">
    <p class='ocr_par' dir='ltr' id='par_1_90' title="bbox 668 5756 2230 5831">
     <span class='ocr_line' id='line_1_90' title="bbox 668 5756 2230 5831; baseline 0.006 -24"><span class='ocrx_word' id='word_1_557' title='bbox 668 5756 863 5808; x_wconf 78' lang='lat' dir='ltr'><strong>illt&#39;OllS</strong></span> <span class='ocrx_word' id='word_1_558' title='bbox 905 5756 1444 5827; x_wconf 85' lang='lat' dir='ltr'><strong>Hierosolymorum,</strong></span> <span class='ocrx_word' id='word_1_559' title='bbox 1504 5761 1596 5826; x_wconf 85' lang='lat' dir='ltr'><strong>qui</strong></span> <span class='ocrx_word' id='word_1_560' title='bbox 1651 5761 1762 5814; x_wconf 81' lang='lat' dir='ltr'><strong>Arii</strong></span> <span class='ocrx_word' id='word_1_561' title='bbox 1817 5772 1996 5829; x_wconf 83' lang='lat' dir='ltr'><strong>partes</strong></span> <span class='ocrx_word' id='word_1_562' title='bbox 2033 5778 2230 5831; x_wconf 82' lang='lat' dir='ltr'><strong>seque-</strong></span> 
     </span>
    </p>
   </div>
   <div class='ocr_carea' id='block_1_91' title="bbox 675 5849 2226 5925">
    <p class='ocr_par' dir='ltr' id='par_1_91' title="bbox 675 5849 2226 5925">
     <span class='ocr_line' id='line_1_91' title="bbox 675 5849 2226 5925; baseline 0.006 -25"><span class='ocrx_word' id='word_1_563' title='bbox 675 5851 893 5913; x_wconf 79' lang='lat' dir='ltr'><strong>bantur,</strong></span> <span class='ocrx_word' id='word_1_564' title='bbox 941 5849 1200 5919; x_wconf 76' lang='lat' dir='ltr'><strong>Cyrillum</strong></span> <span class='ocrx_word' id='word_1_565' title='bbox 1252 5851 1564 5921; x_wconf 88' lang='lat' dir='ltr'><strong>episcopum</strong></span> <span class='ocrx_word' id='word_1_566' title='bbox 1639 5854 2226 5925; x_wconf 80' lang='lat' dir='ltr'><strong>llierosolymitanum,</strong></span> 
     </span>
    </p>
   </div>
   <div class='ocr_carea' id='block_1_92' title="bbox 2362 3290 3938 3360">
    <p class='ocr_par' dir='ltr' id='par_1_92' title="bbox 2362 3290 3938 3360">
     <span class='ocr_line' id='line_1_92' title="bbox 2362 3290 3938 3360; baseline -0.003 -16"><span class='ocrx_word' id='word_1_567' title='bbox 2362 3291 2620 3345; x_wconf 87' lang='lat' dir='ltr'><strong>Jordanis</strong></span> <span class='ocrx_word' id='word_1_568' title='bbox 2665 3290 2941 3345; x_wconf 88' lang='lat' dir='ltr'><strong>desertum</strong></span> <span class='ocrx_word' id='word_1_569' title='bbox 2987 3291 3342 3345; x_wconf 89' lang='lat' dir='ltr'><strong>incolentium</strong></span> <span class='ocrx_word' id='word_1_570' title='bbox 3375 3301 3428 3344; x_wconf 92' lang='lat' dir='ltr'><strong>et</strong></span> <span class='ocrx_word' id='word_1_571' title='bbox 3480 3291 3533 3344; x_wconf 92' lang='lat' dir='ltr'><strong>in</strong></span> <span class='ocrx_word' id='word_1_572' title='bbox 3579 3291 3700 3360; x_wconf 84' lang='lat' dir='ltr'><strong>ipso</strong></span> <span class='ocrx_word' id='word_1_573' title='bbox 3740 3306 3938 3344; x_wconf 87' lang='lat' dir='ltr'><strong>mona-</strong></span> 
     </span>
    </p>
   </div>
   <div class='ocr_carea' id='block_1_93' title="bbox 2359 3381 3938 3450">
    <p class='ocr_par' dir='ltr' id='par_1_93' title="bbox 2359 3381 3938 3450">
     <span class='ocr_line' id='line_1_93' title="bbox 2359 3381 3938 3450; baseline -0.001 -14"><span class='ocrx_word' id='word_1_574' title='bbox 2359 3383 2492 3439; x_wconf 89' lang='lat' dir='ltr'><strong>chos</strong></span> <span class='ocrx_word' id='word_1_575' title='bbox 2522 3382 2769 3450; x_wconf 79' lang='lat' dir='ltr'><strong>collegit,</strong></span> <span class='ocrx_word' id='word_1_576' title='bbox 2801 3390 2856 3435; x_wconf 92' lang='lat' dir='ltr'><strong>et</strong></span> <span class='ocrx_word' id='word_1_577' title='bbox 2890 3384 3227 3436; x_wconf 79' lang='lat' dir='ltr'><strong>monasteria</strong></span> <span class='ocrx_word' id='word_1_578' title='bbox 3268 3383 3499 3450; x_wconf 90' lang='lat' dir='ltr'><strong>locaque</strong></span> <span class='ocrx_word' id='word_1_579' title='bbox 3531 3381 3938 3449; x_wconf 85' lang='lat' dir='ltr'><strong>quamplurima</strong></span> 
     </span>
    </p>
   </div>
   <div class='ocr_carea' id='block_1_94' title="bbox 2357 3472 3938 3540">
    <p class='ocr_par' dir='ltr' id='par_1_94' title="bbox 2357 3472 3938 3540">
     <span class='ocr_line' id='line_1_94' title="bbox 2357 3472 3938 3540; baseline -0.003 -12"><span class='ocrx_word' id='word_1_580' title='bbox 2357 3475 2654 3528; x_wconf 82' lang='lat' dir='ltr'><strong>exstruxit.</strong></span> <span class='ocrx_word' id='word_1_581' title='bbox 2688 3472 3008 3527; x_wconf 81' lang='lat' dir='ltr'><strong>Nuntiatum</strong></span> <span class='ocrx_word' id='word_1_582' title='bbox 3050 3486 3230 3527; x_wconf 90' lang='lat' dir='ltr'><strong>autem</strong></span> <span class='ocrx_word' id='word_1_583' title='bbox 3266 3482 3349 3529; x_wconf 86' lang='lat' dir='ltr'><strong>est</strong></span> <span class='ocrx_word' id='word_1_584' title='bbox 3392 3473 3613 3528; x_wconf 78' lang='lat' dir='ltr'><strong>Juliano</strong></span> <span class='ocrx_word' id='word_1_585' title='bbox 3665 3482 3938 3540; x_wconf 68' lang='lat' dir='ltr'><strong>apostatae</strong></span> 
     </span>
    </p>
   </div>
   <div class='ocr_carea' id='block_1_95' title="bbox 2360 3564 3936 3634">
    <p class='ocr_par' dir='ltr' id='par_1_95' title="bbox 2360 3564 3936 3634">
     <span class='ocr_line' id='line_1_95' title="bbox 2360 3564 3936 3634; baseline 0 -15"><span class='ocrx_word' id='word_1_586' title='bbox 2360 3566 2675 3634; x_wconf 84' lang='lat' dir='ltr'><strong>imperatori</strong></span> <span class='ocrx_word' id='word_1_587' title='bbox 2726 3567 2990 3620; x_wconf 86' lang='lat' dir='ltr'><strong>statuisse</strong></span> <span class='ocrx_word' id='word_1_588' title='bbox 3021 3566 3281 3634; x_wconf 79' lang='lat' dir='ltr'><strong>Saporem</strong></span> <span class='ocrx_word' id='word_1_589' title='bbox 3333 3566 3554 3634; x_wconf 89' lang='lat' dir='ltr'><strong>Saporis</strong></span> <span class='ocrx_word' id='word_1_590' title='bbox 3588 3565 3756 3618; x_wconf 82' lang='lat' dir='ltr'><strong>filium</strong></span> <span class='ocrx_word' id='word_1_591' title='bbox 3798 3564 3936 3619; x_wconf 79' lang='lat' dir='ltr'><strong>Per-</strong></span> 
     </span>
    </p>
   </div>
   <div class='ocr_carea' id='block_1_96' title="bbox 2358 3656 3938 3726">
    <p class='ocr_par' dir='ltr' id='par_1_96' title="bbox 2358 3656 3938 3726">
     <span class='ocr_line' id='line_1_96' title="bbox 2358 3656 3938 3726; baseline -0.001 -14"><span class='ocrx_word' id='word_1_592' title='bbox 2358 3672 2542 3712; x_wconf 74' lang='lat' dir='ltr'><strong>;arum</strong></span> <span class='ocrx_word' id='word_1_593' title='bbox 2595 3671 2797 3724; x_wconf 80' lang='lat' dir='ltr'><strong>regem,</strong></span> <span class='ocrx_word' id='word_1_594' title='bbox 2842 3656 3015 3724; x_wconf 89' lang='lat' dir='ltr'><strong>ipsum</strong></span> <span class='ocrx_word' id='word_1_595' title='bbox 3075 3657 3214 3709; x_wconf 83' lang='lat' dir='ltr'><strong>bello</strong></span> <span class='ocrx_word' id='word_1_596' title='bbox 3260 3658 3502 3726; x_wconf 78' lang='lat' dir='ltr'><strong>aggredi.</strong></span> <span class='ocrx_word' id='word_1_597' title='bbox 3538 3659 3752 3712; x_wconf 87' lang='lat' dir='ltr'><strong>Paratis</strong></span> <span class='ocrx_word' id='word_1_598' title='bbox 3801 3674 3938 3726; x_wconf 81' lang='lat' dir='ltr'><strong>ergo</strong></span> 
     </span>
    </p>
   </div>
   <div class='ocr_carea' id='block_1_97' title="bbox 2358 3746 3932 3816">
    <p class='ocr_par' dir='ltr' id='par_1_97' title="bbox 2358 3746 3932 3816">
     <span class='ocr_line' id='line_1_97' title="bbox 2358 3746 3932 3816; baseline 0.002 -18"><span class='ocrx_word' id='word_1_599' title='bbox 2358 3749 2531 3816; x_wconf 77' lang='lat' dir='ltr'><strong>copiis</strong></span> <span class='ocrx_word' id='word_1_600' title='bbox 2585 3746 2870 3815; x_wconf 81' lang='lat' dir='ltr'><strong>profectus</strong></span> <span class='ocrx_word' id='word_1_601' title='bbox 2924 3755 3005 3801; x_wconf 65' lang='lat' dir='ltr'><strong>est</strong></span> <span class='ocrx_word' id='word_1_602' title='bbox 3055 3746 3306 3800; x_wconf 85' lang='lat' dir='ltr'><strong>Julianus</strong></span> <span class='ocrx_word' id='word_1_603' title='bbox 3358 3749 3459 3816; x_wconf 93' lang='lat' dir='ltr'><strong>ipsi</strong></span> <span class='ocrx_word' id='word_1_604' title='bbox 3513 3750 3566 3800; x_wconf 90' lang='lat' dir='ltr'><strong>in</strong></span> <span class='ocrx_word' id='word_1_605' title='bbox 3614 3764 3932 3803; x_wconf 84' lang='lat' dir='ltr'><strong>occursum.</strong></span> 
     </span>
    </p>
   </div>
   <div class='ocr_carea' id='block_1_98' title="bbox 2358 3841 3937 3911">
    <p class='ocr_par' dir='ltr' id='par_1_98' title="bbox 2358 3841 3937 3911">
     <span class='ocr_line' id='line_1_98' title="bbox 2358 3841 3937 3911; baseline -0.001 -18"><span class='ocrx_word' id='word_1_606' title='bbox 2358 3841 2542 3893; x_wconf 77' lang='lat' dir='ltr'><strong>Pravae</strong></span> <span class='ocrx_word' id='word_1_607' title='bbox 2574 3848 2754 3893; x_wconf 87' lang='lat' dir='ltr'><strong>autem</strong></span> <span class='ocrx_word' id='word_1_608' title='bbox 2784 3843 3230 3895; x_wconf 80' lang='lat' dir='ltr'><strong>conversationis</strong></span> <span class='ocrx_word' id='word_1_609' title='bbox 3259 3842 3454 3909; x_wconf 83' lang='lat' dir='ltr'><strong>ipsius,</strong></span> <span class='ocrx_word' id='word_1_610' title='bbox 3483 3842 3721 3911; x_wconf 76' lang='lat' dir='ltr'><strong>ﬁdeique</strong></span> <span class='ocrx_word' id='word_1_611' title='bbox 3755 3859 3818 3894; x_wconf 83' lang='lat' dir='ltr'><strong>ac</strong></span> <span class='ocrx_word' id='word_1_612' title='bbox 3847 3842 3937 3894; x_wconf 84' lang='lat' dir='ltr'><strong>in-</strong></span> 
     </span>
    </p>
   </div>
   <div class='ocr_carea' id='block_1_99' title="bbox 2357 3933 3937 4003">
    <p class='ocr_par' dir='ltr' id='par_1_99' title="bbox 2357 3933 3937 4003">
     <span class='ocr_line' id='line_1_99' title="bbox 2357 3933 3937 4003; baseline 0.001 -19"><span class='ocrx_word' id='word_1_613' title='bbox 2357 3934 2618 3987; x_wconf 89' lang='lat' dir='ltr'><strong>tentionis</strong></span> <span class='ocrx_word' id='word_1_614' title='bbox 2650 3933 2804 3986; x_wconf 80' lang='lat' dir='ltr'><strong>malae</strong></span> <span class='ocrx_word' id='word_1_615' title='bbox 2838 3934 3034 4001; x_wconf 85' lang='lat' dir='ltr'><strong>gratia,</strong></span> <span class='ocrx_word' id='word_1_616' title='bbox 3071 3936 3331 4003; x_wconf 90' lang='lat' dir='ltr'><strong>quodque</strong></span> <span class='ocrx_word' id='word_1_617' title='bbox 3366 3936 3620 3989; x_wconf 87' lang='lat' dir='ltr'><strong>homines</strong></span> <span class='ocrx_word' id='word_1_618' title='bbox 3654 3939 3720 3988; x_wconf 92' lang='lat' dir='ltr'><strong>ad</strong></span> <span class='ocrx_word' id='word_1_619' title='bbox 3750 3935 3937 3987; x_wconf 84' lang='lat' dir='ltr'><strong>idolo-</strong></span> 
     </span>
    </p>
   </div>
   <div class='ocr_carea' id='block_1_100' title="bbox 2356 4025 3930 4094">
    <p class='ocr_par' dir='ltr' id='par_1_100' title="bbox 2356 4025 3930 4094">
     <span class='ocr_line' id='line_1_100' title="bbox 2356 4025 3930 4094; baseline 0.001 -17"><span class='ocrx_word' id='word_1_620' title='bbox 2356 4028 2567 4078; x_wconf 87' lang='lat' dir='ltr'><strong>latriam</strong></span> <span class='ocrx_word' id='word_1_621' title='bbox 2625 4025 2904 4093; x_wconf 88' lang='lat' dir='ltr'><strong>impellere</strong></span> <span class='ocrx_word' id='word_1_622' title='bbox 2956 4026 3224 4087; x_wconf 81' lang='lat' dir='ltr'><strong>studeret,</strong></span> <span class='ocrx_word' id='word_1_623' title='bbox 3277 4025 3481 4081; x_wconf 83' lang='lat' dir='ltr'><strong>factum</strong></span> <span class='ocrx_word' id='word_1_624' title='bbox 3516 4036 3594 4080; x_wconf 88' lang='lat' dir='ltr'><strong>est</strong></span> <span class='ocrx_word' id='word_1_625' title='bbox 3642 4038 3699 4080; x_wconf 91' lang='lat' dir='ltr'><strong>ut</strong></span> <span class='ocrx_word' id='word_1_626' title='bbox 3752 4028 3930 4094; x_wconf 85' lang='lat' dir='ltr'><strong>ipsum</strong></span> 
     </span>
    </p>
   </div>
   <div class='ocr_carea' id='block_1_101' title="bbox 2353 4115 3926 4187">
    <p class='ocr_par' dir='ltr' id='par_1_101' title="bbox 2353 4115 3926 4187">
     <span class='ocr_line' id='line_1_101' title="bbox 2353 4115 3926 4187; baseline 0.001 -19"><span class='ocrx_word' id='word_1_627' title='bbox 2353 4116 2538 4183; x_wconf 61' lang='lat' dir='ltr'><strong>praelio</strong></span> <span class='ocrx_word' id='word_1_628' title='bbox 2592 4115 2866 4169; x_wconf 84' lang='lat' dir='ltr'><strong>devictum</strong></span> <span class='ocrx_word' id='word_1_629' title='bbox 2933 4116 3261 4171; x_wconf 83' lang='lat' dir='ltr'><strong>interlicerct</strong></span> <span class='ocrx_word' id='word_1_630' title='bbox 3330 4115 3566 4187; x_wconf 90' lang='lat' dir='ltr'><strong>Sapores</strong></span> <span class='ocrx_word' id='word_1_631' title='bbox 3626 4119 3926 4172; x_wconf 86' lang='lat' dir='ltr'><strong>Persarum</strong></span> 
     </span>
    </p>
   </div>
   <div class='ocr_carea' id='block_1_102' title="bbox 2351 4211 3932 4280">
    <p class='ocr_par' dir='ltr' id='par_1_102' title="bbox 2351 4211 3932 4280">
     <span class='ocr_line' id='line_1_102' title="bbox 2351 4211 3932 4280; baseline 0.005 -20"><span class='ocrx_word' id='word_1_632' title='bbox 2351 4223 2466 4271; x_wconf 87' lang='lat' dir='ltr'><strong>rex,</strong></span> <span class='ocrx_word' id='word_1_633' title='bbox 2497 4223 2860 4277; x_wconf 90' lang='lat' dir='ltr'><strong>magnamque</strong></span> <span class='ocrx_word' id='word_1_634' title='bbox 2892 4211 3212 4277; x_wconf 88' lang='lat' dir='ltr'><strong>sequacium</strong></span> <span class='ocrx_word' id='word_1_635' title='bbox 3250 4211 3422 4280; x_wconf 90' lang='lat' dir='ltr'><strong>ipsius</strong></span> <span class='ocrx_word' id='word_1_636' title='bbox 3451 4220 3686 4280; x_wconf 80' lang='lat' dir='ltr'><strong>stragem</strong></span> <span class='ocrx_word' id='word_1_637' title='bbox 3716 4211 3932 4268; x_wconf 90' lang='lat' dir='ltr'><strong>ederet.</strong></span> 
     </span>
    </p>
   </div>
   <div class='ocr_carea' id='block_1_103' title="bbox 2351 4299 3924 4373">
    <p class='ocr_par' dir='ltr' id='par_1_103' title="bbox 2351 4299 3924 4373">
     <span class='ocr_line' id='line_1_103' title="bbox 2351 4299 3924 4373; baseline 0.004 -21"><span class='ocrx_word' id='word_1_638' title='bbox 2351 4299 2625 4353; x_wconf 73' lang='lat' dir='ltr'><strong>Memoriae</strong></span> <span class='ocrx_word' id='word_1_639' title='bbox 2653 4310 2834 4354; x_wconf 89' lang='lat' dir='ltr'><strong>autem</strong></span> <span class='ocrx_word' id='word_1_640' title='bbox 2872 4300 3108 4369; x_wconf 89' lang='lat' dir='ltr'><strong>prodidit</strong></span> <span class='ocrx_word' id='word_1_641' title='bbox 3138 4303 3371 4356; x_wconf 85' lang='lat' dir='ltr'><strong>Basilius</strong></span> <span class='ocrx_word' id='word_1_642' title='bbox 3409 4301 3671 4358; x_wconf 61' lang='lat' dir='ltr'><strong>Caesareae</strong></span> <span class='ocrx_word' id='word_1_643' title='bbox 3710 4303 3924 4373; x_wconf 86' lang='lat' dir='ltr'><strong>Cappa-</strong></span> 
     </span>
    </p>
   </div>
   <div class='ocr_carea' id='block_1_104' title="bbox 2349 4393 3932 4460">
    <p class='ocr_par' dir='ltr' id='par_1_104' title="bbox 2349 4393 3932 4460">
     <span class='ocr_line' id='line_1_104' title="bbox 2349 4393 3932 4460; baseline 0.004 -15"><span class='ocrx_word' id='word_1_644' title='bbox 2349 4393 2522 4445; x_wconf 74' lang='lat' dir='ltr'><strong>docia:</strong></span> <span class='ocrx_word' id='word_1_645' title='bbox 2555 4393 2870 4460; x_wconf 90' lang='lat' dir='ltr'><strong>episcopus,</strong></span> <span class='ocrx_word' id='word_1_646' title='bbox 2900 4408 2958 4447; x_wconf 87' lang='lat' dir='ltr'><strong>se</strong></span> <span class='ocrx_word' id='word_1_647' title='bbox 2983 4393 3105 4447; x_wconf 93' lang='lat' dir='ltr'><strong>loco</strong></span> <span class='ocrx_word' id='word_1_648' title='bbox 3136 4410 3237 4448; x_wconf 90' lang='lat' dir='ltr'><strong>suo</strong></span> <span class='ocrx_word' id='word_1_649' title='bbox 3263 4397 3542 4450; x_wconf 90' lang='lat' dir='ltr'><strong>sedentem</strong></span> <span class='ocrx_word' id='word_1_650' title='bbox 3577 4407 3704 4450; x_wconf 91' lang='lat' dir='ltr'><strong>ante</strong></span> <span class='ocrx_word' id='word_1_651' title='bbox 3734 4399 3932 4452; x_wconf 88' lang='lat' dir='ltr'><strong>oculos</strong></span> 
     </span>
    </p>
   </div>
   <div class='ocr_carea' id='block_1_105' title="bbox 2353 4482 3928 4553">
    <p class='ocr_par' dir='ltr' id='par_1_105' title="bbox 2353 4482 3928 4553">
     <span class='ocr_line' id='line_1_105' title="bbox 2353 4482 3928 4553; baseline 0.005 -21"><span class='ocrx_word' id='word_1_652' title='bbox 2353 4483 2590 4534; x_wconf 80' lang='lat' dir='ltr'><strong>tabulam</strong></span> <span class='ocrx_word' id='word_1_653' title='bbox 2644 4482 2904 4535; x_wconf 85' lang='lat' dir='ltr'><strong>hab‘nisse</strong></span> <span class='ocrx_word' id='word_1_654' title='bbox 2958 4483 3010 4536; x_wconf 91' lang='lat' dir='ltr'><strong>in</strong></span> <span class='ocrx_word' id='word_1_655' title='bbox 3071 4499 3176 4551; x_wconf 84' lang='lat' dir='ltr'><strong>qua</strong></span> <span class='ocrx_word' id='word_1_656' title='bbox 3228 4485 3445 4553; x_wconf 77' lang='lat' dir='ltr'><strong>depicta</strong></span> <span class='ocrx_word' id='word_1_657' title='bbox 3501 4496 3618 4539; x_wconf 89' lang='lat' dir='ltr'><strong>erat</strong></span> <span class='ocrx_word' id='word_1_658' title='bbox 3665 4486 3928 4540; x_wconf 82' lang='lat' dir='ltr'><strong>Mercurii</strong></span> 
     </span>
    </p>
   </div>
   <div class='ocr_carea' id='block_1_106' title="bbox 2351 4570 3927 4645">
    <p class='ocr_par' dir='ltr' id='par_1_106' title="bbox 2351 4570 3927 4645">
     <span class='ocr_line' id='line_1_106' title="bbox 2351 4570 3927 4645; baseline 0.006 -24"><span class='ocrx_word' id='word_1_659' title='bbox 2351 4573 2604 4641; x_wconf 83' lang='lat' dir='ltr'><strong>martyris</strong></span> <span class='ocrx_word' id='word_1_660' title='bbox 2655 4570 2892 4640; x_wconf 78' lang='lat' dir='ltr'><strong>eﬂigies;</strong></span> <span class='ocrx_word' id='word_1_661' title='bbox 2960 4573 3088 4625; x_wconf 90' lang='lat' dir='ltr'><strong>dum</strong></span> <span class='ocrx_word' id='word_1_662' title='bbox 3147 4589 3276 4626; x_wconf 88' lang='lat' dir='ltr'><strong>vero</strong></span> <span class='ocrx_word' id='word_1_663' title='bbox 3333 4575 3573 4628; x_wconf 90' lang='lat' dir='ltr'><strong>tahulam</strong></span> <span class='ocrx_word' id='word_1_664' title='bbox 3630 4576 3927 4645; x_wconf 86' lang='lat' dir='ltr'><strong>inspiceret</strong></span> 
     </span>
    </p>
   </div>
   <div class='ocr_carea' id='block_1_107' title="bbox 2350 4660 3924 4733">
    <p class='ocr_par' dir='ltr' id='par_1_107' title="bbox 2350 4660 3924 4733">
     <span class='ocr_line' id='line_1_107' title="bbox 2350 4660 3924 4733; baseline 0.006 -21"><span class='ocrx_word' id='word_1_665' title='bbox 2350 4660 2692 4729; x_wconf 87' lang='lat' dir='ltr'><strong>disparuisse</strong></span> <span class='ocrx_word' id='word_1_666' title='bbox 2741 4663 3000 4732; x_wconf 90' lang='lat' dir='ltr'><strong>martyris</strong></span> <span class='ocrx_word' id='word_1_667' title='bbox 3034 4662 3262 4732; x_wconf 79' lang='lat' dir='ltr'><strong>eliigiem</strong></span> <span class='ocrx_word' id='word_1_668' title='bbox 3296 4682 3308 4716; x_wconf 93' lang='lat'><strong>:</strong></span> <span class='ocrx_word' id='word_1_669' title='bbox 3340 4667 3483 4733; x_wconf 91' lang='lat' dir='ltr'><strong>quod</strong></span> <span class='ocrx_word' id='word_1_670' title='bbox 3520 4667 3645 4720; x_wconf 89' lang='lat' dir='ltr'><strong>dum</strong></span> <span class='ocrx_word' id='word_1_671' title='bbox 3684 4667 3776 4721; x_wconf 93' lang='lat' dir='ltr'><strong>ille</strong></span> <span class='ocrx_word' id='word_1_672' title='bbox 3820 4670 3924 4720; x_wconf 85' lang='lat' dir='ltr'><strong>mi-</strong></span> 
     </span>
    </p>
   </div>
   <div class='ocr_carea' id='block_1_108' title="bbox 2350 4755 3922 4824">
    <p class='ocr_par' dir='ltr' id='par_1_108' title="bbox 2350 4755 3922 4824">
     <span class='ocr_line' id='line_1_108' title="bbox 2350 4755 3922 4824; baseline 0.005 -20"><span class='ocrx_word' id='word_1_673' title='bbox 2350 4761 2588 4813; x_wconf 71' lang='lat' dir='ltr'><strong>rarctur,</strong></span> <span class='ocrx_word' id='word_1_674' title='bbox 2632 4761 2754 4821; x_wconf 76' lang='lat' dir='ltr'><strong>post</strong></span> <span class='ocrx_word' id='word_1_675' title='bbox 2788 4755 3064 4809; x_wconf 88' lang='lat' dir='ltr'><strong>modicum</strong></span> <span class='ocrx_word' id='word_1_676' title='bbox 3097 4757 3359 4823; x_wconf 87' lang='lat' dir='ltr'><strong>temporis</strong></span> <span class='ocrx_word' id='word_1_677' title='bbox 3401 4758 3637 4824; x_wconf 86' lang='lat' dir='ltr'><strong>Spatium</strong></span> <span class='ocrx_word' id='word_1_678' title='bbox 3670 4762 3922 4814; x_wconf 85' lang='lat' dir='ltr'><strong>eamdem</strong></span> 
     </span>
    </p>
   </div>
   <div class='ocr_carea' id='block_1_109' title="bbox 2347 4845 3924 4922">
    <p class='ocr_par' dir='ltr' id='par_1_109' title="bbox 2347 4845 3924 4922">
     <span class='ocr_line' id='line_1_109' title="bbox 2347 4845 3924 4922; baseline 0.007 -25"><span class='ocrx_word' id='word_1_679' title='bbox 2347 4845 2398 4898; x_wconf 89' lang='lat' dir='ltr'><strong>in</strong></span> <span class='ocrx_word' id='word_1_680' title='bbox 2434 4847 2671 4899; x_wconf 88' lang='lat' dir='ltr'><strong>tabulam</strong></span> <span class='ocrx_word' id='word_1_681' title='bbox 2706 4848 2958 4914; x_wconf 86' lang='lat' dir='ltr'><strong>rediisse,</strong></span> <span class='ocrx_word' id='word_1_682' title='bbox 2990 4857 3150 4918; x_wconf 86' lang='lat' dir='ltr'><strong>atque</strong></span> <span class='ocrx_word' id='word_1_683' title='bbox 3184 4848 3543 4922; x_wconf 51' lang='lat' dir='ltr'><strong>Eas-£87</strong></span> <span class='ocrx_word' id='word_1_684' title='bbox 3572 4851 3625 4905; x_wconf 93' lang='lat' dir='ltr'><strong>in</strong></span> <span class='ocrx_word' id='word_1_685' title='bbox 3657 4870 3924 4908; x_wconf 84' lang='lat' dir='ltr'><strong>mucrone</strong></span> 
     </span>
    </p>
   </div>
   <div class='ocr_carea' id='block_1_110' title="bbox 2347 4938 3919 5012">
    <p class='ocr_par' dir='ltr' id='par_1_110' title="bbox 2347 4938 3919 5012">
     <span class='ocr_line' id='line_1_110' title="bbox 2347 4938 3919 5012; baseline 0.008 -25"><span class='ocrx_word' id='word_1_686' title='bbox 2347 4938 2545 4990; x_wconf 69' lang='lat' dir='ltr'><strong>lanceas</strong></span> <span class='ocrx_word' id='word_1_687' title='bbox 2571 4938 2765 5006; x_wconf 68' lang='lat' dir='ltr'><strong>quat-in</strong></span> <span class='ocrx_word' id='word_1_688' title='bbox 2793 4939 3036 5007; x_wconf 66' lang='lat' dir='ltr'><strong>praedicti</strong></span> <span class='ocrx_word' id='word_1_689' title='bbox 3062 4943 3320 5011; x_wconf 87' lang='lat' dir='ltr'><strong>martyris</strong></span> <span class='ocrx_word' id='word_1_690' title='bbox 3348 4958 3509 4996; x_wconf 90' lang='lat' dir='ltr'><strong>manu</strong></span> <span class='ocrx_word' id='word_1_691' title='bbox 3545 4945 3762 5012; x_wconf 84' lang='lat' dir='ltr'><strong>depicta</strong></span> <span class='ocrx_word' id='word_1_692' title='bbox 3793 4947 3919 5005; x_wconf 82' lang='lat' dir='ltr'><strong>fuit.</strong></span> 
     </span>
    </p>
   </div>
   <div class='ocr_carea' id='block_1_111' title="bbox 2345 5029 3920 5105">
    <p class='ocr_par' dir='ltr' id='par_1_111' title="bbox 2345 5029 3920 5105">
     <span class='ocr_line' id='line_1_111' title="bbox 2345 5029 3920 5105; baseline 0.01 -26"><span class='ocrx_word' id='word_1_693' title='bbox 2345 5029 2596 5098; x_wconf 71' lang='lat' dir='ltr'><strong>sanguini</strong></span> <span class='ocrx_word' id='word_1_694' title='bbox 2629 5031 2759 5099; x_wconf 92' lang='lat' dir='ltr'><strong>quid</strong></span> <span class='ocrx_word' id='word_1_695' title='bbox 2796 5031 2973 5086; x_wconf 91' lang='lat' dir='ltr'><strong>simile</strong></span> <span class='ocrx_word' id='word_1_696' title='bbox 3008 5031 3131 5085; x_wconf 78' lang='lat' dir='ltr'><strong>fuit.</strong></span> <span class='ocrx_word' id='word_1_697' title='bbox 3167 5034 3288 5099; x_wconf 89' lang='lat' dir='ltr'><strong>Quo</strong></span> <span class='ocrx_word' id='word_1_698' title='bbox 3321 5037 3514 5105; x_wconf 87' lang='lat' dir='ltr'><strong>majori</strong></span> <span class='ocrx_word' id='word_1_699' title='bbox 3551 5039 3920 5094; x_wconf 88' lang='lat' dir='ltr'><strong>admiratione</strong></span> 
     </span>
    </p>
   </div>
   <div class='ocr_carea' id='block_1_112' title="bbox 2345 5123 3919 5195">
    <p class='ocr_par' dir='ltr' id='par_1_112' title="bbox 2345 5123 3919 5195">
     <span class='ocr_line' id='line_1_112' title="bbox 2345 5123 3919 5195; baseline 0.008 -22"><span class='ocrx_word' id='word_1_700' title='bbox 2345 5138 2658 5190; x_wconf 87' lang='lat' dir='ltr'><strong>percussus,</strong></span> <span class='ocrx_word' id='word_1_701' title='bbox 2697 5123 2935 5179; x_wconf 88' lang='lat' dir='ltr'><strong>Basilius</strong></span> <span class='ocrx_word' id='word_1_702' title='bbox 2971 5127 3267 5195; x_wconf 85' lang='lat' dir='ltr'><strong>episcopus</strong></span> <span class='ocrx_word' id='word_1_703' title='bbox 3300 5129 3565 5185; x_wconf 78' lang='lat' dir='ltr'><strong>confusus</strong></span> <span class='ocrx_word' id='word_1_704' title='bbox 3599 5131 3780 5194; x_wconf 75' lang='lat' dir='ltr'><strong>hzesit,</strong></span> <span class='ocrx_word' id='word_1_705' title='bbox 3815 5135 3919 5186; x_wconf 85' lang='lat' dir='ltr'><strong>do-</strong></span> 
     </span>
    </p>
   </div>
   <div class='ocr_carea' id='block_1_113' title="bbox 2343 5214 3918 5288">
    <p class='ocr_par' dir='ltr' id='par_1_113' title="bbox 2343 5214 3918 5288">
     <span class='ocr_line' id='line_1_113' title="bbox 2343 5214 3918 5288; baseline 0.006 -23"><span class='ocrx_word' id='word_1_706' title='bbox 2343 5229 2442 5265; x_wconf 75' lang='lat' dir='ltr'><strong>nec</strong></span> <span class='ocrx_word' id='word_1_707' title='bbox 2486 5214 2587 5281; x_wconf 92' lang='lat' dir='ltr'><strong>ipsi</strong></span> <span class='ocrx_word' id='word_1_708' title='bbox 2635 5216 2982 5269; x_wconf 89' lang='lat' dir='ltr'><strong>nuntiaretur</strong></span> <span class='ocrx_word' id='word_1_709' title='bbox 3032 5216 3312 5270; x_wconf 74' lang='lat' dir='ltr'><strong>Iulianum</strong></span> <span class='ocrx_word' id='word_1_710' title='bbox 3368 5229 3666 5288; x_wconf 88' lang='lat' dir='ltr'><strong>apostatam</strong></span> <span class='ocrx_word' id='word_1_711' title='bbox 3723 5223 3918 5275; x_wconf 87' lang='lat' dir='ltr'><strong>eadem</strong></span> 
     </span>
    </p>
   </div>
   <div class='ocr_carea' id='block_1_114' title="bbox 2342 5302 3914 5373">
    <p class='ocr_par' dir='ltr' id='par_1_114' title="bbox 2342 5302 3914 5373">
     <span class='ocr_line' id='line_1_114' title="bbox 2342 5302 3914 5373; baseline 0.009 -19"><span class='ocrx_word' id='word_1_712' title='bbox 2342 5302 2475 5355; x_wconf 87' lang='lat' dir='ltr'><strong>hora</strong></span> <span class='ocrx_word' id='word_1_713' title='bbox 2527 5306 2582 5357; x_wconf 91' lang='lat' dir='ltr'><strong>in</strong></span> <span class='ocrx_word' id='word_1_714' title='bbox 2642 5305 2830 5373; x_wconf 81' lang='lat' dir='ltr'><strong>praelio</strong></span> <span class='ocrx_word' id='word_1_715' title='bbox 2887 5309 3192 5373; x_wconf 85' lang='lat' dir='ltr'><strong>occidisse;</strong></span> <span class='ocrx_word' id='word_1_716' title='bbox 3237 5311 3380 5363; x_wconf 91' lang='lat' dir='ltr'><strong>unde</strong></span> <span class='ocrx_word' id='word_1_717' title='bbox 3439 5312 3668 5364; x_wconf 86' lang='lat' dir='ltr'><strong>Basilius</strong></span> <span class='ocrx_word' id='word_1_718' title='bbox 3721 5327 3914 5368; x_wconf 89' lang='lat' dir='ltr'><strong>notum</strong></span> 
     </span>
    </p>
   </div>
   <div class='ocr_carea' id='block_1_115' title="bbox 2344 5395 3917 5473">
    <p class='ocr_par' dir='ltr' id='par_1_115' title="bbox 2344 5395 3917 5473">
     <span class='ocr_line' id='line_1_115' title="bbox 2344 5395 3917 5473; baseline 0.009 -26"><span class='ocrx_word' id='word_1_719' title='bbox 2344 5395 2534 5448; x_wconf 86' lang='lat' dir='ltr'><strong>habuit</strong></span> <span class='ocrx_word' id='word_1_720' title='bbox 2576 5400 2772 5464; x_wconf 89' lang='lat' dir='ltr'><strong>ipsum,</strong></span> <span class='ocrx_word' id='word_1_721' title='bbox 2809 5399 2881 5453; x_wconf 90' lang='lat' dir='ltr'><strong>ob</strong></span> <span class='ocrx_word' id='word_1_722' title='bbox 2907 5414 3163 5469; x_wconf 81' lang='lat' dir='ltr'><strong>magnum</strong></span> <span class='ocrx_word' id='word_1_723' title='bbox 3194 5418 3306 5471; x_wconf 89' lang='lat' dir='ltr'><strong>quo</strong></span> <span class='ocrx_word' id='word_1_724' title='bbox 3356 5404 3692 5457; x_wconf 80' lang='lat' dir='ltr'><strong>christianos</strong></span> <span class='ocrx_word' id='word_1_725' title='bbox 3722 5421 3917 5473; x_wconf 87' lang='lat' dir='ltr'><strong>prose—</strong></span> 
     </span>
    </p>
   </div>
   <div class='ocr_carea' id='block_1_116' title="bbox 2341 5489 3915 5562">
    <p class='ocr_par' dir='ltr' id='par_1_116' title="bbox 2341 5489 3915 5562">
     <span class='ocr_line' id='line_1_116' title="bbox 2341 5489 3915 5562; baseline 0.009 -23"><span class='ocrx_word' id='word_1_726' title='bbox 2341 5498 2501 5542; x_wconf 92' lang='lat' dir='ltr'><strong>cutus</strong></span> <span class='ocrx_word' id='word_1_727' title='bbox 2557 5500 2638 5542; x_wconf 89' lang='lat' dir='ltr'><strong>est</strong></span> <span class='ocrx_word' id='word_1_728' title='bbox 2711 5489 2924 5554; x_wconf 90' lang='lat' dir='ltr'><strong>odium,</strong></span> <span class='ocrx_word' id='word_1_729' title='bbox 2981 5508 3257 5562; x_wconf 88' lang='lat' dir='ltr'><strong>quemque</strong></span> <span class='ocrx_word' id='word_1_730' title='bbox 3305 5509 3625 5561; x_wconf 82' lang='lat' dir='ltr'><strong>proomvere</strong></span> <span class='ocrx_word' id='word_1_731' title='bbox 3674 5509 3915 5552; x_wconf 89' lang='lat' dir='ltr'><strong>conatus</strong></span> 
     </span>
    </p>
   </div>
   <div class='ocr_carea' id='block_1_117' title="bbox 2336 5580 3914 5658">
    <p class='ocr_par' dir='ltr' id='par_1_117' title="bbox 2336 5580 3914 5658">
     <span class='ocr_line' id='line_1_117' title="bbox 2336 5580 3914 5658; baseline 0.007 -25"><span class='ocrx_word' id='word_1_732' title='bbox 2336 5591 2418 5634; x_wconf 85' lang='lat' dir='ltr'><strong>est</strong></span> <span class='ocrx_word' id='word_1_733' title='bbox 2451 5580 2718 5634; x_wconf 86' lang='lat' dir='ltr'><strong>idolorum</strong></span> <span class='ocrx_word' id='word_1_734' title='bbox 2769 5583 3000 5652; x_wconf 84' lang='lat' dir='ltr'><strong>cultum,</strong></span> <span class='ocrx_word' id='word_1_735' title='bbox 3055 5600 3082 5637; x_wconf 88' lang='lat' dir='ltr'><strong>a</strong></span> <span class='ocrx_word' id='word_1_736' title='bbox 3135 5584 3404 5639; x_wconf 83' lang='lat' dir='ltr'><strong>Mercurio</strong></span> <span class='ocrx_word' id='word_1_737' title='bbox 3453 5599 3688 5658; x_wconf 81' lang='lat' dir='ltr'><strong>martyre</strong></span> <span class='ocrx_word' id='word_1_738' title='bbox 3738 5590 3914 5646; x_wconf 86' lang='lat' dir='ltr'><strong>inter—</strong></span> 
     </span>
    </p>
   </div>
   <div class='ocr_carea' id='block_1_118' title="bbox 2337 5669 2558 5724">
    <p class='ocr_par' dir='ltr' id='par_1_118' title="bbox 2337 5669 2558 5724">
     <span class='ocr_line' id='line_1_118' title="bbox 2337 5669 2558 5724; baseline 0.009 -2"><span class='ocrx_word' id='word_1_739' title='bbox 2337 5669 2558 5724; x_wconf 80' lang='lat' dir='ltr'><strong>fectum.</strong></span> 
     </span>
    </p>
   </div>
   <div class='ocr_carea' id='block_1_119' title="bbox 2408 5761 3907 5843">
    <p class='ocr_par' dir='ltr' id='par_1_119' title="bbox 2408 5761 3907 5843">
     <span class='ocr_line' id='line_1_119' title="bbox 2408 5761 3907 5843; baseline 0.008 -27"><span class='ocrx_word' id='word_1_740' title='bbox 2408 5762 2602 5817; x_wconf 90' lang='lat' dir='ltr'><strong>Occiso</strong></span> <span class='ocrx_word' id='word_1_741' title='bbox 2630 5761 2846 5818; x_wconf 92' lang='lat' dir='ltr'><strong>Juliano</strong></span> <span class='ocrx_word' id='word_1_742' title='bbox 2879 5767 3210 5835; x_wconf 89' lang='lat' dir='ltr'><strong>imperatore</strong></span> <span class='ocrx_word' id='word_1_743' title='bbox 3253 5775 3519 5834; x_wconf 88' lang='lat' dir='ltr'><strong>apostata,</strong></span> <span class='ocrx_word' id='word_1_744' title='bbox 3553 5780 3676 5836; x_wconf 88' lang='lat' dir='ltr'><strong>post</strong></span> <span class='ocrx_word' id='word_1_745' title='bbox 3722 5772 3907 5843; x_wconf 90' lang='lat' dir='ltr'><strong>ipsum</strong></span> 
     </span>
    </p>
   </div>
   <div class='ocr_carea' id='block_1_120' title="bbox 2337 5852 3910 5933">
    <p class='ocr_par' dir='ltr' id='par_1_120' title="bbox 2337 5852 3910 5933">
     <span class='ocr_line' id='line_1_120' title="bbox 2337 5852 3910 5933; baseline 0.007 -23"><span class='ocrx_word' id='word_1_746' title='bbox 2337 5852 2600 5910; x_wconf 76' lang='lat' dir='ltr'><strong>Romanis</strong></span> <span class='ocrx_word' id='word_1_747' title='bbox 2629 5870 2830 5913; x_wconf 85' lang='lat' dir='ltr'><strong>annum</strong></span> <span class='ocrx_word' id='word_1_748' title='bbox 2869 5875 3038 5914; x_wconf 88' lang='lat' dir='ltr'><strong>unttm</strong></span> <span class='ocrx_word' id='word_1_749' title='bbox 3073 5860 3354 5928; x_wconf 74' lang='lat' dir='ltr'><strong>imperavit</strong></span> <span class='ocrx_word' id='word_1_750' title='bbox 3381 5859 3686 5928; x_wconf 80' lang='lat' dir='ltr'><strong>Jovianus;</strong></span> <span class='ocrx_word' id='word_1_751' title='bbox 3744 5864 3910 5933; x_wconf 88' lang='lat' dir='ltr'><strong>idque</strong></span> 
     </span>
    </p>
   </div>
  </div>
