4200 6432
215 429 346 494 ΙΟΠ

1646 444 1844 502 ΑΝΝΑ
1860 446 1992 504 LE5

3309 447 3439 511 1018

213 563 356 601 anno
392 548 544 616 regni
596 549 821 611 Saporis
874 550 967 605 filii
1023 552 1248 624 Saporis
1301 557 1590 611 Persarum
1630 559 1774 628 regis
1806 558 1853 613 A
1884 561 2118 629 nus,qui
2151 560 2294 613 Petri
2323 561 2652 629 patriarchae
2686 558 3037 612 Alexandrini
3075 559 3438 612 antecesseris

218 640 484 695 vicesimo
514 640 713 708 primo.
747 641 874 696 Fuit
896 642 1185 721 'Jovianus
1244 646 1345 701 fide
1396 650 1736 703 orthodoxus
1758 690 1773 712 ,

212 730 499 799 religionis
574 733 892 787 christianze
946 750 1354 807 propugnator;
1424 750 1477 793 at
1533 742 1776 805 profecto

214 830 403 874 contra
435 822 614 891 ipsum
666 823 855 878 rebelli
898 828 1156 895 quodam,
1209 829 1322 895 ipse
1362 832 1427 884 ad
1466 832 1665 885 bellum
1698 833 1771 886 illi

211 913 557 967 inferendum
614 930 938 984 progressus
990 930 1239 973 mortuus
1291 933 1371 976 est
1426 923 1479 976 itt
1517 925 1622 987 via,
1657 925 1774 978 loco

211 1005 451 1070 quodam
487 1004 662 1061 Dades
693 1004 859 1060 dicto.
897 1008 1162 1077 Regnavit
1199 1021 1320 1079 post
1354 1013 1530 1081 ipsum
1562 1017 1613 1069 in
1666 1016 1776 1066 Ro-

210 1107 405 1147 manos
433 1092 635 1150 Valens
664 1112 839 1150 annos
869 1100 1154 1153 duodecim
1194 1119 1208 1154 :
1243 1102 1405 1167 idque
1451 1119 1593 1156 anno
1626 1106 1772 1170 regni

212 1184 436 1253 Saporis
501 1187 593 1240 filii
663 1187 887 1257 Saporis
943 1191 1230 1245 Persarum
1301 1194 1442 1263 regis
1512 1196 1770 1250 vicesimo

210 1285 429 1341 quarto.
480 1278 639 1332 Anno
685 1281 897 1349 imperii
949 1281 1066 1349 ejus
1111 1285 1274 1338 tertio
1312 1287 1640 1339 constitutus
1689 1296 1774 1341 cst

213 1366 502 1422 llatnasius
538 1370 847 1437 patriarcha
887 1371 1191 1438 Romanus,
1242 1375 1335 1444 qui
1372 1391 1549 1429 annos
1581 1378 1772 1446 viginti

210 1467 336 1511 octo
381 1459 545 1525 sedit,
592 1450 724 1514 'dein
776 1472 1027 1517 mortuus
1072 1473 1154 1518 est
1193 1484 1206 1517 :
1239 1465 1394 1534 cujus
1444 1470 1777 1537 prtefectura:

212 1565 358 1603 anno
414 1550 623 1604 decimo
676 1554 912 1622 septimo
963 1556 1297 1611 celebratum
1345 1573 1428 1613 est
1482 1564 1771 1616 concilium

210 1643 513 1697 secundum
537 1644 1193 1713 Constantinopolitanum
1218 1689 1231 1700 .
1259 1653 1417 1705 Anno
1450 1664 1646 1721 quarto
1675 1656 1776 1707 itu-

215 1736 349 1800 perii
386 1734 615 1790 Valentii
649 1738 986 1793 constitutus
1018 1750 1100 1794 est
1126 1741 1432 1797 Democlius
1466 1747 1773 1813 patriarcha

211 1826 881 1894 Constantinopolitauus.
935 1832 1027 1898 qui
1062 1831 1395 1889 Manichacus
1441 1839 1562 1902 fuit,
1599 1840 1773 1895 annos

211 1918 467 1971 undecim
501 1920 664 1984 sedit,
699 1918 825 1974 dein
859 1933 1107 1977 mortuus
1137 1925 1305 1997 5.88
1333 1939 1437 1984 est.
1490 1930 1644 1986 Anno
1676 1934 1776 1986 im-

218 2010 357 2076 perii
396 2011 572 2077 ipsius
612 2013 790 2081 primo
813 2016 1146 2072 constitutus
1174 2028 1257 2071 est
1287 2020 1450 2077 Arvis
1484 2023 1773 2093 episCOpus

216 2103 765 2174 Hierosolymitanus,
798 2108 888 2175 qui
916 2118 967 2161 et
1009 2108 1339 2168 Manichacus
1386 2115 1504 2181 fuit,
1552 2128 1605 2170 ct
1648 2133 1773 2172 cum

213 2211 391 2250 annos
409 2199 655 2266 quinque
685 2198 937 2266 sedisset,
970 2212 1220 2256 mortuus
1237 2213 1340 2259 est.
1370 2206 1526 2261 Auno
1562 2208 1772 2275 imperii

209 2285 455 2351 ejusdem
547 2289 780 2355 septimo
835 2290 1012 2346 factus
1069 2304 1149 2347 est
1203 2293 1439 2351 Hilarius
1490 2300 1779 2369 episcopus

211 2376 762 2448 llierosolytnitanus.
792 2384 882 2452 qui
931 2384 1169 2440 Arianus
1226 2396 1377 2455 erat;
1435 2404 1606 2445 annos
1638 2406 1777 2460 qua-

208 2479 336 2524 tuor
387 2472 549 2535 sedit,
616 2472 740 2526 dein
781 2485 1027 2528 mortuus
1080 2484 1181 2527 est.
1246 2476 1323 2529 Eo
1373 2489 1588 2533 mortuo
1620 2481 1777 2533 rediit

214 2563 458 2632 Cyrillus
488 2563 781 2635 episcopus
820 2565 1367 2637 Hierosolymitanus,
1400 2571 1490 2639 qui
1533 2571 1600 2625 ab
1623 2574 1778 2625 Aria-

210 2656 300 2709 nis
337 2656 579 2726 fugerat,
629 2658 684 2710 in
730 2657 909 2711 locum
943 2673 1129 2723 suum,
1182 2661 1273 2715 ttbi
1315 2675 1490 2717 annos
1542 2662 1775 2717 sedecim

209 2749 398 2810 sedit,
454 2749 581 2803 dein
633 2758 886 2803 mortuus
928 2759 1032 2804 est.
1086 2749 1286 2806 Totum
1342 2770 1470 2825 ergo
1518 2758 1778 2825 temporis

212 2842 453 2909 spatium
490 2855 600 2909 quo
628 2842 949 2912 episcopatu
985 2842 1207 2899 functus
1233 2853 1319 2901 est
1340 2844 1578 2916 Cyrillus
1603 2862 1775 2900 anno.

212 2951 335 2988 rum
369 2945 487 2987 erat
538 2935 761 3004 triginta
792 2935 984 2988 trium.
1018 2936 1379 3007 Episcopatus
1427 2939 1601 3007 ipsius
1634 2955 1777 2994 anno

207 3028 477 3083 vicesimo
508 3028 743 3095 septimo
792 3028 896 3082 fuit
934 3030 1226 3083 concilium
1268 3030 1776 3100 ConstantinOpoli-

208 3131 403 3175 tanum
438 3121 768 3174 secundum.
793 3120 939 3186 Quin
965 3132 1018 3173 et
1046 3121 1395 3175 Alexandrini
1419 3121 1774 3176 Athanasium

207 3209 581 3276 patriam-ham
635 3210 820 3264 animo
862 3211 1037 3279 ipsum
1074 3211 1383 3266 trucidandi
1415 3212 1588 3265 adorti
1620 3223 1768 3275 sunt,
1800 3209 1842 3265 C
1878 3202 2252 3273 [Conferenth
2317 3204 2604 3264 diSSCIISiO.

205 3305 298 3358 ille
356 3318 487 3357 vero
542 3302 664 3369 fuga
725 3303 1014 3372 prolapsus
1063 3304 1298 3358 delituit.
1364 3304 1595 3357 Lucium
1642 3321 1773 3375 ergo

205 3398 500 3457 Attianum,
535 3396 599 3449 ad
630 3396 1050 3464 patriarchaletn
1081 3395 1424 3450 Alexandriae
1453 3396 1771 3461 dignitatem

207 3498 532 3542 erexerunt.
578 3487 830 3556 Quinque
877 3498 1055 3543 autem
1104 3488 1303 3557 elapsis
1332 3488 1610 3541 mensibus
1640 3503 1774 3542 con-

205 3580 491 3635 venientes
530 3582 765 3654 episcopi
814 3580 1062 3633 nonnulli
1124 3595 1233 3633 una
1275 3594 1396 3632 cum
1442 3579 1774 3633 christiano-

205 3684 327 3722 rutn
379 3666 761 3722 Melchitarum
819 3669 1176 3722 multitudine
1229 3668 1398 3721 Lucio
1449 3670 1775 3736 patriarcha:

204 3759 638 3819 maledixerunt,
692 3759 867 3827 ipsum
920 3760 973 3811 in
1004 3756 1257 3813 exsilium
1293 3759 1640 3827 pepulerunt,
1687 3773 1775 3811 re-

205 3862 512 3919 versusque
546 3847 887 3901 Athanasius
918 3846 1233 3914 patriarcha
1288 3847 1342 3900 itt
1380 3846 1564 3902 sedem
1595 3863 1773 3905 suam.

201 3940 377 4010 ipsam
442 3940 621 3992 donec
676 3947 985 3991 moreretur
1032 3938 1340 4005 occupavit.
1392 3938 1772 3992 Patriarchatu

203 4041 387 4086 autem
444 4031 667 4085 functus
708 4038 791 4084 est
821 4044 997 4084 annos
1023 4030 1382 4098 quadraginta
1437 4047 1554 4085 sex.
1618 4033 1777 4086 Anno

206 4122 425 4191 imperii
484 4120 712 4175 Valentii
748 4130 942 4177 octavo
975 4123 1315 4178 constitutus
1341 4134 1421 4177 est
1458 4124 1652 4180 Petrus
1682 4140 1777 4193 pa-

204 4213 447 4268 triarcha
492 4211 916 4276 Alexandrinus,
974 4229 1137 4282 quem
1187 4229 1310 4267 cum
1358 4215 1543 4267 animo
1598 4216 1773 4283 ipsum

203 4303 495 4358 occidendi
543 4304 724 4359 adorti
772 4312 954 4358 essent
985 4305 1172 4358 Ariani
1204 4305 1319 4373 ipse
1353 4304 1475 4373 fuga
1516 4321 1573 4360 se
1599 4307 1774 4376 prori-

202 4397 319 4463 puit
354 4392 738 4467 589-591.
777 4394 984 4449 Deinde
1032 4396 1149 4451 sedi
1197 4411 1311 4450 sum
1356 4397 1603 4452 redditus
1648 4414 1770 4453 cum

203 4499 317 4536 eam
348 4499 445 4537 sex
476 4498 649 4538 annos
677 4494 1001 4553 occupasset
1036 4491 1287 4538 mortuus
1317 4494 1421 4539 est.

275 4573 594 4627 Concitavit
642 4582 823 4627 autem
860 4574 1082 4641 quidam
1120 4585 1308 4629 contra
1345 4574 1652 4631 Valentium
1686 4592 1774 4633 re-

208 4667 503 4721 bellionem
538 4665 592 4718 in
630 4665 950 4725 Occidente,
979 4676 1166 4719 contra
1200 4682 1358 4733 quem
1409 4668 1499 4720 ille
1530 4683 1655 4722 cum
1682 4684 1773 4722 co-

207 4759 312 4826 piis
338 4758 457 4812 suis
489 4756 765 4824 profectus
796 4757 849 4809 in
883 4756 1025 4811 bello
1051 4758 1276 4822 occidit,
1320 4761 1620 4829 imperante
1652 4773 1775 4830 post

203 4852 385 4918 ipsum
432 4846 695 4902 Romanis
738 4846 906 4901 fratre
938 4847 1108 4916 ipsius
1140 4848 1366 4904 Valente
1414 4866 1590 4907 annos
1641 4865 1770 4912 tres,

206 4943 371 5009 idque
401 4953 550 4993 anno
578 4939 729 5008 regni
764 4937 1009 5007 Saporis,
1042 4940 1135 4993 filii
1169 4939 1396 5009 Sap0ris
1478 4943 1769 4997 Persarum

207 5032 373 5100 regis,
439 5029 721 5084 tricesimo
772 5038 949 5085 sexto.
1002 5029 1173 5085 Porro
1235 5040 1481 5103 tempore
1532 5036 1774 5090 Valentis

207 5121 586 5188 imperatoris,
620 5120 964 5175 Alexandria:
1012 5120 1117 5176 fuit
1167 5124 1249 5176 vir
1282 5125 1502 5193 quidam
1555 5129 1776 5182 nomine

206 5214 535 5268 Theodorus
551 5213 644 5282 qui
670 5212 1046 5267 Melcbitarutn
1079 5216 1403 5270 sententiain
1439 5218 1775 5287 disputando

209 5308 495 5373 tuebatur,
526 5307 855 5361 Arianorum
887 5319 1069 5364 autem
1113 5310 1386 5364 refutabat
1413 5330 1428 5366 :
1469 5328 1627 5382 quem
1651 5328 1778 5378 ergo

208 5408 431 5467 captum
466 5399 583 5453 Arii
635 5400 907 5453 maledicti
950 5400 1213 5463 asseclae,
1262 5404 1460 5458 vinctis
1504 5405 1772 5467 manibus,

208 5505 477 5562 equorum
510 5490 742 5559 pedibus
766 5491 1089 5561 alligarunt,
1117 5507 1257 5561 quos
1280 5494 1479 5549 deinde
1505 5494 1555 5548 in
1585 5510 1775 5565 campo

207 5582 270 5635 ad
304 5597 533 5636 cursum
589 5582 912 5646 incitarunt,
962 5582 1141 5636 donec
1174 5583 1467 5654 discerptis
1502 5588 1777 5641 membro-

214 5692 330 5727 tum
360 5675 719 5743 compagibus
766 5677 1084 5747 martyrium
1120 5692 1311 5743 passus
1343 5682 1432 5733 sit.
1482 5682 1639 5734 Anno
1673 5682 1776 5734 im-

210 5767 343 5833 perii
400 5764 643 5820 Valentis
702 5764 1074 5820 Romanorum
1124 5769 1468 5835 imperatoris
1525 5774 1769 5827 secundo

211 5857 542 5913 constitutus
589 5866 671 5913 est
705 5856 1027 5913 Timotheus
1084 5859 1387 5925 patriarcha
1442 5862 1765 5916 Alexandri-

1883 654 1966 707 sui
2005 653 2174 707 frater
2210 654 2347 718 fuit;
2387 666 2595 721 septem
2622 666 2793 705 annos
2830 649 2991 712 sedit,
3024 650 3149 701 dein
3186 657 3433 701 mortuus

1880 754 1985 797 est.
2018 745 2178 797 Anno
2217 756 2399 798 autem
2436 745 2771 813 praefectura:
2802 741 2976 806 ipsius
3009 748 3166 793 sexto
3192 738 3435 804 habitum

1880 842 1965 885 est
2022 834 2317 888 concilium
2381 834 3044 903 Constantinopolitanum
3108 829 3410 883 secundum

1882 922 2160 978 Exstruxit
2187 934 2369 999 autem
2397 924 2713 978 Timotheus
2763 919 3065 991 patriarcha
3097 918 3438 971 Alexandria:

1877 1016 2138 1070 ecclesias
2161 1018 2485 1086 complures.
2510 1026 2562 1069 et
2582 1009 2929 1081 monumenta
2950 1026 3056 1064 non
3084 1026 3115 1079 p
3135 1024 3277 1062 tuca.
3301 1009 3435 1060 Mul-

1882 1116 1963 1161 tos
1984 1108 2143 1161 etiam
2172 1108 2239 1163 ab
2270 1109 2383 1161 Arii
2415 1108 2677 1161 sententia
2707 1106 2772 1159 ad
2816 1104 3193 1157 Melchitarum
3228 1098 3436 1153 doctri-

1880 1215 2003 1252 nam
2071 1201 2360 1253 cmtvertit.
2405 1201 2571 1263 ,Anno
2636 1197 2845 1265 imperii
2896 1193 3138 1260 ejusdem
3194 1190 3432 1247 Valentis

1881 1288 2247 1341 Romanorum
2294 1288 2637 1355 imperatoris
2668 1285 2928 1339 secundo.
2971 1284 3302 1335 constitutus
3351 1290 3429 1336 est

1880 1380 2141 1446 Evagrius
2195 1379 2501 1448 patriarcha
2551 1378 2711 1449 492
2745 1375 3433 1441 Constantinupolitanus:

1879 1472 2037 1524 fidem
2081 1473 2167 1523 hic
2204 1452 2586 1525 hleleltitarnm
2616 1470 2916 1537 professus,
2970 1483 3089 1518 cum
3118 1472 3253 1519 duos
3284 1480 3431 1517 men

1878 1579 1964 1617 ses
2013 1563 2245 1617 sedisset
2298 1565 2349 1615 in
2387 1562 2637 1617 exsiliunt
2695 1562 2881 1625 pulsus
2923 1569 3024 1615 est.
3060 1558 3256 1612 Valens
3304 1574 3437 1624 ergo

1877 1655 2174 1721 imperator
2206 1656 2472 1708 accersito
2504 1653 2768 1719 Gregorio
2802 1651 3146 1703 Nazianzeuo
3174 1689 3188 1710 ,
3259 1651 3434 1712 ipsum

1876 1748 2025 1802 sedis
2055 1747 2677 1814 Cottstantinopolitante
2726 1758 2912 1796 curant
2950 1741 3433 1809 suseiperejussit.

1876 1840 2034 1908 cujus
2068 1855 2195 1908 ergo
2236 1854 2324 1893 res
2359 1847 2598 1905 quatuor
2634 1851 2807 1889 annos
2847 1833 3269 1898 administravit,
3314 1833 3436 1886 dein

1878 1941 2124 1984 mortuus
2154 1940 2259 1985 est.
2298 1929 2414 1982 Sub
2443 1930 2630 1982 eodem
2668 1928 2893 1981 Valente
2920 1924 3288 1978 Romanorum
3337 1926 3436 1976 im—

1877 2036 2127 2093 peratore
2157 2030 2317 2075 natus
2348 2029 2431 2075 est
2463 2032 2683 2074 sanctus
2725 2016 3065 2086 Euthymi'ts.
3132 2014 3438 2070 Concitavit

1879 2120 2059 2166 autem
2099 2112 2321 2181 quidam
2354 2112 2407 2164 in
2457 2110 2747 2163 Occidente
2792 2118 2981 2161 contra
3020 2105 3297 2160 Valentem
3348 2122 3437 2159 re-

1878 2204 2207 2267 bellionem,
2257 2201 2526 2256 adversus
2581 2216 2740 2267 quem
2789 2215 2912 2259 cum
2973 2200 3088 2266 ipse
3139 2197 3435 2251 exercitum

1876 2296 2142 2356 duxisset,
2206 2293 2499 2347 commisso
2553 2292 2691 2344 inter
2745 2292 2894 2360 ipsos
2953 2290 3198 2359 pluribus
3247 2289 3438 2343 diebus

1879 2389 2086 2457 praelia,
2127 2387 2248 2441 loco
2274 2387 2510 2451 quodam
2541 2382 2749 2436 Taraka
2788 2382 2935 2437 dicto
2990 2383 3042 2435 io
3090 2382 3268 2449 fugam
3305 2394 3439 2433 con-

1878 2493 2070 2533 versus
2112 2476 2312 2531 Valens
2362 2476 2656 2543 imperator
2707 2474 2773 2526 ad
2824 2475 3001 2527 vicum
3049 2475 3336 2541 quemdam
3382 2471 3433 2523 in

1879 2570 2084 2624 ditioue
2109 2566 2594 2635 Adrianopolitana
2643 2565 2913 2632 confugit,
2964 2564 3053 2618 tibi
3103 2565 3277 2632 ipsum
3331 2577 3435 2615 una

1878 2676 2000 2715 cum
2035 2661 2152 2713 vico
2202 2660 2326 2727 igne
2374 2657 2621 2712 immisso
2668 2656 3104 2711 combusserun'.
3160 2654 3438 2707 Successit

1880 2752 1983 2819 ipsi
2024 2751 2165 2803 filius
2192 2749 2563 2813 Valentianus,
2605 2761 2842 2813 quocum
2888 2763 2995 2800 una
3028 2745 3288 2800 Romanis
3337 2748 3439 2797 im-

1881 2841 2087 2912 peravit
2120 2838 2414 2895 Gratianus
2443 2846 2553 2892 tres
2594 2852 2784 2890 annos.

1951 2930 2165 2983 Mortuo
2221 2928 2417 2984 deinde
2462 2928 2728 2983 Gratiano
2778 2928 3130 2996 imperatore,
3178 2944 3276 2981 nec
3331 2944 3436 2980 non

1884 3022 2065 3089 paucis
2094 3030 2216 3089 post
2252 3022 2427 3091 ipsum
2454 3021 2646 3076 diebus
2696 3021 3019 3089 imperatore
3053 3025 3214 3074 etiam
3251 3022 3440 3074 Valen-

1883 3114 2204 3171 tiano,.orta
2236 3122 2319 3167 est
2352 3113 2495 3166 inter
2548 3112 2822 3163 Romanos
2872 3125 3066 3179 magna
3101 3114 3166 3165 de
3209 3113 3438 3181 imperio

2686 3200 2998 3257 dicentibus
3063 3204 3435 3270 quibusdam:

1877 3295 2169 3362 Imperium
2220 3295 2273 3348 itt
2326 3310 2425 3348 nos
2482 3305 2659 3349 teneat
2716 3310 2915 3350 unuse
2952 3295 3073 3349 filiis
3135 3293 3437 3346 Valentiani

1875 3388 2219 3456 imperatoris
2251 3388 2425 3455 magni
2452 3405 2466 3452 ;
2494 3388 2638 3441 aliis:
2676 3385 2751 3441 Ne
2781 3389 3004 3453 imperet
3038 3388 3190 3439 nobis
3214 3386 3314 3440 nisi
3335 3387 3436 3439 ali-

1875 3482 1996 3547 quis
2021 3495 2046 3531 a
2074 3480 2229 3534 nobis
2260 3481 2541 3548 probatus,
2584 3480 2675 3547 qui
2706 3480 2862 3533 fidem
2907 3480 3264 3533 christianam
3297 3494 3435 3547 pro—

1878 3584 2100 3642 puguet.
2145 3573 2286 3636 Quin
2336 3580 2391 3626 et
2427 3571 2802 3639 discrepantes
2857 3569 3077 3626 fuerunt
3112 3570 3440 3624 christiano-

1875 3679 1994 3717 runt
2030 3665 2333 3730 opiniones.
2364 3672 2417 3717 et
2446 3663 2632 3715 divisa:
2660 3662 2967 3725 sententiae,
2996 3662 3195 3730 quibus
3222 3661 3439 3715 tandem

1880 3757 2159 3825 pnevaluit
2175 3758 2527 3830 Arianorum,
2542 3764 2598 3810 et
2621 3754 3130 3809 Macedonianorum
3150 3756 3438 3809 sententia.

1875 3847 2225 3920 ἀρε-495
2259 3848 2363 3902 Sex
2397 3863 2530 3914 ergo
2561 3847 2845 3901 mensibus
2874 3847 3182 3900 conturbati
3220 3861 3437 3900 manse-

1879 3954 2002 3994 runt
2039 3942 2246 4008 absque
2279 3941 2628 4009 imperatore.
2678 3937 2864 4008 Neque
2896 3940 3041 3993 ullus
3088 3955 3151 4014 eo
3198 3948 3437 4007 tempore

1876 4033 2345 4101 Constantinopoli
2397 4032 2610 4099 praefuit
2666 4030 2995 4099 patriarcha.
3034 4029 3161 4083 Nam
3200 4044 3229 4081 a
3264 4038 3437 4082 morte

1876 4122 2119 4191 Gregorii
2166 4124 2407 4191 episcopi
2444 4121 2795 4185 Nazianzeni,
2825 4124 2918 4189 qui
2950 4121 3097 4175 sedis
3123 4120 3440 4175 Constanti-

1826 4258 1829 4263 .
1878 4216 2201 4282 nopnlitantc
2230 4228 2412 4266 curam
2444 4222 2708 4283 gesserat,
2748 4228 2917 4266 vacua
2956 4214 3216 4266 remansit
3247 4211 3438 4264 cathe-

1877 4309 1970 4359 dra
2027 4306 2180 4359 nullo
2214 4304 2441 4358 suffecto
2468 4305 2797 4371 patriarcha.
2857 4304 3257 4356 Convonientes
3309 4318 3439 4371 ergo

1879 4407 2160 4453 senatores
2192 4407 2245 4451 et
2276 4397 2446 4451 duet-s
2477 4397 2768 4464 quemdam
2801 4412 2867 4449 ex
2897 4396 3166 4464 epist-Opis
3218 4394 3437 4447 nomine

1876 4489 2094 4559 Cyrum,
2126 4490 2299 4541 virttm
2338 4491 2563 4555 probum
2590 4500 2639 4540 et
2668 4485 2942 4554 egregium
2974 4502 2987 4537 :
3017 4486 3091 4537 Te
3137 4484 3433 4554 (inquiunt)

1875 4590 2158 4647 acceptum
2217 4581 2504 4639 habemus,
2536 4588 2591 4632 et
2618 4578 2987 4646 quodcunque
3028 4577 3122 4628 tibi
3165 4575 3231 4628 de
3275 4575 3435 4629 nobis

1874 4680 2110 4724 statuere
2143 4672 2319 4725 visunt
2354 4670 2513 4722 ftterit
2540 4686 2553 4734 ;
2588 4671 2678 4723 tibi
2705 4684 2832 4736 ergo
2858 4668 3130 4735 Optionem
3167 4666 3435 4734 permitti-

1874 4778 2015 4825 mus,
2043 4769 2100 4813 ut
2128 4761 2301 4813 virum
2331 4761 2486 4829 cujus
2515 4761 2611 4813 tibi
2646 4776 2822 4812 mores
2856 4759 3065 4826 probati
3104 4756 3305 4809 fuerint
3332 4769 3432 4807 no-

1875 4851 1955 4905 bis
1987 4866 2163 4919 regem
2196 4854 2499 4904 eonstituas
2538 4868 2551 4902 :
2586 4853 2628 4903 si
2673 4851 2816 4901 enim
2870 4848 3076 4915 absque
3136 4862 3261 4911 rege
3312 4860 3432 4914 per-

1875 4943 2238 4997 manserimus
2257 4958 2286 4995 a
2309 4941 2490 4994 Persis
2508 4940 2737 5007 aliisque
2762 4938 3038 5000 timemus,
3065 4951 3131 4989 ne
3160 4937 3428 5004 regioaem

1881 5044 2116 5088 nostram
2159 5034 2474 5086 invadcntes
2512 5030 2693 5092 nobis,
2731 5044 2836 5097 prae
2877 5029 3196 5096 opinionum
3244 5025 3430 5077 multi-

1877 5126 2061 5179 tudine
2096 5134 2148 5179 et
2176 5123 2603 5178 diliercntiarutu
2631 5121 3024 5191 magnitudine,
3059 5117 3427 5187 praevalentes,

1880 5234 1981 5272 nos
2035 5218 2282 5287 perdant.
2344 5214 2643 5282 Respondit
2693 5214 2825 5278 ipsis
2871 5213 3156 5280 episcopus
3191 5227 3203 5262 :
3244 5208 3297 5263 Si
3329 5226 3430 5278 ego

1876 5309 2051 5361 virum
2110 5309 2345 5377 aliquem
2390 5309 2618 5360 electum
2669 5306 2823 5358 vobis
2880 5318 3056 5371 regem
3118 5301 3428 5367 pr:efecero.

1879 5415 2069 5453 vereor
2105 5414 2173 5453 ne
2200 5400 2325 5452 dum
2361 5398 2480 5451 aliis
2512 5395 2797 5465 placuerit,
2832 5394 2950 5446 aliis
2982 5407 3104 5444 vero
3133 5406 3261 5451 non,
3294 5393 3430 5445 bella

1878 5494 2020 5546 inter
2050 5509 2146 5547 vos
2173 5500 2228 5546 et
2270 5492 2444 5545 caules
2475 5491 2737 5543 oriantur.
2800 5486 2996 5539 Verum
3033 5500 3150 5553 quae
3199 5484 3327 5536 mihi
3378 5483 3431 5536 in

1879 5598 2112 5638 mentem
2146 5593 2294 5637 venit
2331 5582 2601 5637 sententia
2630 5579 2783 5632 vobis
2829 5578 3129 5644 explhaho,
3169 5590 3330 5643 quam
3384 5575 3429 5626 si

1878 5676 2108 5744 amplexi
2138 5675 2350 5730 fueritis
2377 5684 2429 5728 et
2459 5674 2586 5727 tnibi
2622 5681 2675 5726 et
2698 5670 2851 5724 vobis
2905 5667 3087 5721 utilior
3119 5677 3199 5721 cst
3230 5669 3429 5719 futura.

1880 5769 2140 5834 Quaenam
2165 5768 2464 5836 (inquiunt)
2494 5765 2593 5819 ista
2618 5762 2737 5817 est?
2778 5759 3072 5829 Respondit
3098 5757 3384 5827 cpisc0pus
3410 5772 3424 5807 :

1883 5860 1952 5914 Ut
1990 5878 2083 5924 per
2116 5870 2281 5914 totam
2308 5859 2493 5913 urbem
2524 5851 3198 5922 Constantinopolitanam,
3226 5862 3429 5918 pramo-
