4200 6432
715 403 852 466 1019

1727 405 2098 467 EUTYCHII
2144 407 2689 466 ALEXANDRINI
2740 408 2954 469 l’ATR.

3832 406 3967 468 1020

710 520 797 571 nis
828 530 960 569 voce
989 515 1256 579 edicatur,
1306 527 1376 569 ne
1403 514 1475 570 sit
1510 518 1600 585 qui
1640 519 1706 572 ad
1750 520 1885 574 solis
1925 534 2182 575 occasum
2234 520 2285 572 in
2320 529 2358 579 Α
2403 522 2643 585 Sequere
2675 534 2778 570 me.
2826 518 3058 571 Secutus
3093 529 3220 585 ergo
3268 517 3440 584 ipsum
3491 517 3617 570 dum
3671 532 3775 570 una
3844 534 3985 571 eum-

710 607 940 660 erclesia
976 624 1078 659 non
1102 608 1419 674 conveniat,
1448 609 1541 663 ubi
1572 619 1740 664 totam
1770 621 1983 666 noctem
2024 614 2285 680 precibus

711 700 1102 763 impendentes,
1130 697 1294 770 596
1336 700 1460 754 dein
1529 717 1684 755 sacra
1734 704 2081 758 celebrantes
2116 704 2285 757 Deum

710 798 761 838 et
797 789 1085 841 Dontinum
1122 798 1374 844 nostrum
1407 790 1594 846 Jesum
1638 792 1922 848 Christum
1950 811 2203 861 rogemus
2231 806 2287 847 ut

710 880 872 934 nobis
916 896 1096 947 regem
1157 883 1343 951 eligat,
1393 893 1445 937 et
1497 900 1881 955 quemcunque
1919 888 2034 957 ipse
2066 888 2290 956 elegerit

712 975 878 1028 nobis
935 989 1116 1040 regem
1181 976 1567 1043 proficiamus.
1624 979 1682 1032 111
1745 980 1907 1048 cuius
1960 981 2284 1034 sententiam

694 1050 1136 1123 descenderunt.
1208 1067 1452 1147 Fuerunt
1528 1080 1709 1125 autem
1788 1074 2284 1139 Constantinopoli.

708 1160 811 1212 viri
847 1162 956 1215 duo
989 1178 1278 1229 pauperes,
1319 1165 1502 1217 tenuis
1539 1166 1724 1227 sortis,
1779 1165 2014 1218 amicitia
2058 1165 2196 1218 inter
2229 1180 2289 1217 se

713 1252 1023 1317 conjuncti,
1059 1267 1291 1319 quorum
1352 1269 1492 1307 unus
1536 1255 1755 1307 nomine
1803 1248 2166 1314 Theodosius,
2208 1257 2288 1307 vir

711 1344 897 1397 barbae.
929 1360 1090 1407 rane,
1125 1362 1296 1399 annos
1320 1346 1537 1413 triginta
1564 1356 1757 1408 natus;
1794 1350 1929 1403 alter
1947 1348 2285 1416 Theophilus

708 1437 925 1501 sapiens
954 1448 1006 1488 et
1037 1438 1419 1506 philosophus,
1463 1455 1636 1492 annos
1666 1449 1825 1495 natus
1879 1442 2067 1510 viginti
2125 1443 2284 1509 quiu-

705 1542 830 1593 quc.
900 1527 979 1581 Illi
1042 1528 1287 1594 quotidie
1346 1529 1509 1584 simul
1583 1530 2059 1599 Constantinopoli
2130 1548 2287 1585 mane

706 1621 913 1687 egressi
950 1620 1090 1689 ligna
1119 1621 1467 1689 colligebant,
1488 1639 1606 1690 qnze
1634 1625 1903 1692 capitibus
1934 1626 2050 1680 Suis
2075 1635 2283 1693 gestata

707 1714 1049 1777 vendentcs,
1114 1716 1394 1770 dimidiam
1460 1719 1619 1786 pretii
1683 1727 1891 1785 partem
1952 1721 2284 1788 pauperibus

707 1806 1135 1867 distribuehant,
1179 1811 1345 1863 altera
1390 1811 1589 1864 vietum
1633 1820 1685 1863 et
1725 1811 1929 1877 reliqua
1957 1812 2059 1865 sibi
2092 1827 2283 1866 neCes-

2392 612 2513 674 ipso
2551 612 2947 678 proﬁciscerer,
3000 610 3104 663 vidi
3153 610 3380 671 arietes.
3441 626 3591 674 oves,
3646 612 3833 675 boves,
3876 612 3965 675 iu-

2392 710 2573 754 menta
2614 711 2666 754 ct
2722 700 2997 762 volucres,
3051 716 3109 754 se
3162 700 3292 753 mihi
3357 702 3665 764 iucurvare,
3735 704 3963 756 arbores

2388 796 2546 847 etiam
2584 794 2714 847 mihi
2760 796 3019 848 honorem
3058 794 3333 861 capitibus
3394 794 3673 847 inclinatis
3723 794 3963 858 deferre,

2393 888 2577 940 leones
2604 898 2782 939 autem
2826 887 2878 940 in
2922 902 3007 939 me
3034 888 3237 957 rugire,
3266 902 3294 938 a
3321 888 3524 955 quibus
3573 903 3696 941 cum
3737 902 3964 956 magno-

2391 992 2516 1043 pere
2545 990 2884 1031 metuerem:
2920 976 2997 1030 Ne
3043 988 3277 1040 metuas,
3317 980 3509 1043 inquit.
3572 978 3665 1032 sed
3717 978 3959 1046 gladium

2391 1069 2553 1120 istum
2580 1081 2630 1122 et
2663 1071 2907 1140 clypeum
2934 1071 3230 1139 prehende,
3251 1072 3317 1123 iis
3348 1070 3439 1124 tibi
3468 1072 3520 1123 in
3569 1087 3787 1123 nianun:
3816 1088 3966 1126 sum-

2389 1160 2497 1229 ptis
2529 1161 2548 1226 (
2580 1172 2697 1213 erat
2727 1170 2908 1215 autem
2941 1161 3153 1230 gladius
3187 1177 3406 1230 anceps,
3465 1172 3703 1230 quatuor
3750 1163 3964 1218 habens

2390 1251 2610 1320 sigilla).
2648 1254 2800 1315 Quos
2838 1269 2968 1317 ergo
2993 1254 3059 1305 ah
3093 1254 3210 1320 ipso
3241 1261 3499 1321 acceptos
3533 1271 3653 1307 cum
3689 1263 3961 1315 tenerem,

2390 1344 2536 1407 fera',
2575 1344 2681 1397 illis
2719 1344 2769 1396 in
2803 1361 2963 1397 manu
3016 1360 3131 1396 mea
3165 1348 3495 1411 conspectis,
3547 1348 3728 1399 statim
3764 1348 3816 1400 in
3859 1358 3969 1400 ter-

2388 1450 2500 1486 ram
2528 1435 2869 1499 procidenles
2908 1450 2992 1489 me
3026 1435 3344 1488 adorarunt.
3398 1435 3534 1488 Tum
3576 1422 3662 1490 me
3689 1437 3752 1489 ad
3814 1453 3965 1491 mare

2389 1525 2667 1593 perduxit,
2702 1526 2791 1578 ubi
2824 1527 3135 1579 columnam
3173 1544 3234 1580 ex
3270 1526 3407 1589 luce,
3442 1540 3471 1578 e
3504 1527 3637 1580 mari
3683 1530 3965 1593 prodeun-

2389 1625 2495 1670 tem
2531 1618 2666 1669 vidi.
2706 1616 2796 1669 V.r
2838 1628 3013 1671 autem
3052 1618 3141 1671 ille
3167 1633 3327 1670 manu
3362 1632 3457 1671 sua
3492 1627 3719 1672 extensa
3751 1620 3967 1672 colum-

2388 1723 2509 1761 nam
2543 1710 2951 1779 apprehendens
2976 1726 3036 1762 ea
3083 1724 3167 1762 ine
3196 1710 3392 1763 induit.
3432 1710 3610 1763 Divisa
3668 1721 3848 1764 autem
3879 1722 3966 1765 est

2386 1799 2636 1851 columna
2673 1802 2769 1853 ista
2807 1804 2858 1853 in
2897 1809 3005 1853 tres
3057 1802 3267 1868 stellas,
3332 1818 3563 1871 quarum
3617 1805 3788 1872 prima
3842 1820 3967 1871 qum

707 1898 850 1951 saria
892 1902 1303 1965 comparabant.
1364 1919 1461 1955 ηοο
1520 1904 1820 1972 quidquam
1881 1904 2031 1973 ipsos
2082 1915 2278 1973 prima,
2311 1886 2349 1939 B
2382 1890 2600 1945 unionis
2630 1892 2803 1945 instar
2828 1901 2965 1954 erat,
3003 1908 3087 1945 me
3120 1902 3307 1961 pectus
3349 1910 3520 1962 usque
3546 1894 3910 1949 circumdedit
3950 1914 3963 1959 ;

706 2000 924 2045 noctem
951 1991 1265 2056 dirimebat,
1307 2004 1543 2065 utroque
1575 1997 1792 2049 domum
1823 2012 1979 2050 suam
2023 1999 2278 2058 abeunte.

704 2081 829 2135 dein
876 2083 939 2135 ad
996 2100 1227 2152 pensum
1271 2104 1426 2141 suum
1472 2089 1751 2141 redeunte.
1814 2089 1893 2143 Eo
1961 2091 2128 2160 igitur
2194 2091 2281 2145 die

706 2175 1050 2246 Theophilus
1080 2179 1243 2231 fbene
1285 2195 1443 2232 mane
1489 2181 1552 2232 ad
1596 2180 1966 2235 Theodosium
2019 2181 2282 2235 accedens

704 2277 765 2322 ut
797 2270 977 2339 ipsum
1026 2285 1055 2323 e
1096 2285 1294 2323 somno
1346 2271 1611 2325 excitaret
1652 2287 1763 2339 quo
1802 2271 2069 2339 lignatum
2115 2267 2281 2340 proli-

705 2363 1065 2428 ciscerentur,
1133 2372 1396 2418 evocatus
1452 2365 1569 2431 ipse
1606 2379 1893 2431 egressus:
1934 2363 2131 2418 Frater
2208 2365 2280 2419 mi

706 2454 929 2523 (inquit)
962 2455 1014 2507 in
1059 2457 1274 2508 somnio
1315 2457 1498 2517 modo,
1536 2455 1676 2508 enod
1709 2455 1839 2508 mihi
1875 2456 2028 2510 valde
2080 2457 2278 2509 mirum

704 2545 884 2599 visum
922 2553 1026 2607 est,
1058 2544 1315 2600 detentus
1344 2560 1465 2597 sum
1500 2544 1675 2599 donec
1712 2553 1764 2597 te
1811 2545 2141 2598 inclamante
2186 2561 2274 2597 ex-

706 2642 989 2704 perrectus
1026 2650 1145 2688 sum
1176 2644 1323 2687 metu
1360 2636 1684 2704 perculsus:
1717 2635 1861 2704 quod
1894 2636 1937 2689 si
1974 2636 2273 2689 invenirem

704 2722 799 2793 qui
844 2726 1480 2794 mihiinterpretaretur,
1511 2726 1697 2780 darem
1745 2726 1820 2779 illi
1854 2727 2119 2796 quidquid
2169 2736 2280 2780 tota

706 2817 811 2872 hac
835 2818 1137 2885 septimana
1166 2818 1477 2873 lucraturus
1507 2834 1647 2882 sum,
1681 2833 1740 2871 ea
1763 2833 1869 2887 qua
1898 2836 2013 2873 sum
2046 2835 2282 2889 pauper—

706 2920 816 2964 tate
845 2927 972 2965 cum
1015 2910 1151 2964 nihil
1216 2910 1362 2964 aliud
1400 2920 1650 2979 suppetat
1704 2927 1867 2979 quam
1922 2913 2064 2979 quod
2122 2913 2281 2981 lignis

704 3003 1009 3057 vendendis
1038 3003 1342 3071 acquiram.
1376 3003 1475 3057 Cui
1507 3003 1870 3073 Theophilus:
1900 3004 2053 3069 Mihi,
2083 3006 2277 3071 inquit,

707 3096 1045 3160 somniorum
1100 3094 1638 3165 interpretandorum
1688 3096 2053 3169 497-499
2085 3097 2277 3165 peritia

705 3193 814 3238 est.
847 3183 925 3236 Tu
961 3200 1089 3250 ergo
1110 3186 1152 3237 si
1199 3194 1351 3239 tuum
1385 3187 1515 3239 mihi
1544 3187 1873 3253 narraveris,
1905 3203 2029 3256 ego,
2063 3189 2276 3242 volente
2307 3157 2352 3219 C

710 3275 936 3329 Domino
968 3276 1205 3341 Christo,
1242 3276 1419 3345 ipsum
1454 3277 1553 3331 tibi
1594 3279 1971 3347 explicaturus
2027 3298 2169 3345 sum,
2211 3297 2279 3333 ne

703 3381 843 3434 opus
877 3365 1077 3420 habeas
1113 3365 1407 3433 quidquam
1459 3368 1535 3419 illi
1590 3369 1682 3437 qui
1722 3370 1904 3435 ipsum
1962 3370 2057 3422 t’i‘bi
2114 3372 2281 3423 inter-

704 3459 1015 3527 pretahitnr
1078 3458 1412 3525 impendere.
1475 3459 1611 3511 Tum
1679 3460 2063 3515 Theodosius:
2129 3464 2276 3517 Inter

704 3550 1089 3604 dormiendum
1130 3549 1353 3620 (inquit)
1389 3551 1571 3604 audivi
1604 3566 1788 3605 vocem
1828 3569 2099 3623 magnam,
2146 3555 2275 3623 (qua

706 3643 1123 3712 expergefactus
1179 3653 1326 3698 metu
1379 3652 1766 3699 consternatus
1802 3647 1971 3711 sum),
2015 3648 2144 3700 mihi
2192 3647 2277 3699 di-

705 3755 855 3792 cens:
894 3737 1249 3790 Perveneram
1281 3740 1538 3791 exercitus
1579 3736 1867 3791 Persarum
1901 3738 2282 3794 Constantino-

705 3832 889 3899 polim,
923 3846 1092 3898 quare
1121 3830 1423 3883 accelerato
1451 3844 1639 3898 gressu
1669 3829 1723 3882 in
1756 3830 1897 3882 viam
1925 3845 2277 3899 progressus,

706 3922 779 3976 ibi
818 3937 913 3973 nec
947 3936 1279 3988 quemquam
1315 3920 1445 3986 vidi,
1486 3934 1590 3974 nec
1639 3920 1936 3988 quidquam
1976 3922 2181 3976 audivi.
2225 3924 2279 3976 111

706 4016 888 4070 cubile
919 4029 1048 4084 ergo
1076 4028 1333 4067 reversus
1371 4012 1602 4067 dormivi
1630 4012 1849 4082 vidique
1897 4029 1983 4069 me
2030 4015 2189 4083 quasi
2226 4016 2277 4067 in

708 4108 930 4161 deserto
979 4106 1102 4159 loco
1136 4114 1298 4174 atque
1330 4104 1619 4157 admodum
1666 4104 1851 4173 amplo
1898 4108 2278 4169 constitutum,

705 4214 884 4268 eoque
939 4198 1227 4259 arietibus,
1287 4196 1505 4253 ovibus.
1567 4195 1763 4259 bobus,
1809 4197 2087 4264 iumentis,
2129 4198 2281 4261 feris,

706 4292 1047 4355 volucribus,
1100 4298 1263 4358 atque
1315 4287 1648 4343 animalibus
1704 4289 2030 4357 omnigenis,
2073 4291 2283 4344 arbori-

709 4390 924 4455 lmsque
976 4384 1392 4454 przegrandibus
1450 4381 1676 4447 referto,
1738 4400 1837 4437 nec
1900 4400 2007 4437 non
2069 4387 2282 4440 acervis

709 4480 964 4536 frumenti
999 4478 1311 4547 ingentibus
1340 4477 1792 4545 quamplurimis.
1831 4478 1950 4530 Dixi
1981 4493 2109 4548 ergo
2138 4481 2277 4546 apud

708 4591 796 4628 tne
830 4592 846 4627 :
885 4574 1102 4627 Utinam
1158 4570 1291 4623 mihi
1355 4571 1612 4624 frumenti
1665 4571 1829 4637 hujus
1891 4571 2093 4639 aliquid
2135 4584 2280 4626 esset

708 4683 831 4720 (‘uui
889 4680 1093 4734 panper
1131 4665 1254 4717 sim.
1317 4663 1525 4716 Interea
1595 4672 1775 4715 autem
1812 4662 1938 4715 dum
2001 4664 2280 4728 animalia,

708 4761 937 4814 arbores
973 4768 1025 4810 et
1057 4757 1388 4811 frumentum
1441 4756 1615 4809 oculis
1663 4756 1957 4823 perlustro,
2017 4770 2145 4809 ecce
2194 4771 2283 4810 ac-

707 4852 870 4906 ceSsit
926 4852 991 4904 ad
1029 4865 1112 4902 me
1142 4850 1225 4900 vir
1259 4849 1477 4902 cubitos
1514 4849 1913 4917 quinquaginta
1958 4847 2123 4904 altus.
2152 4862 2281 4901 cor-

710 4960 841 5014 pere
893 4944 1012 4996 auri
1064 4942 1240 4995 instar
1306 4940 1489 5010 obrysi
1556 4939 1778 5007 fulgida,
1816 4939 2005 4992 dextra
2046 4939 2281 5007 gladium

713 5038 999 5107 ancipitem
1055 5044 1267 5095 tenens,
1324 5043 1592 5102 erantque
1646 5032 1827 5101 gladio
1883 5039 2121 5101 quatuor
2178 5033 2282 5084 im-

717 5144 905 5198 pressa
938 5125 1113 5195 sigilla
1143 5125 1317 5177 instar
1344 5125 1460 5176 auri
1506 5123 1801 5185 micantia;
1850 5122 2070 5176 sinistra
2099 5132 2283 5176 autem

712 5232 928 5277 scutum
984 5232 1235 5272 aureum.
1278 5214 1449 5280 Quem
1487 5229 1608 5265 eum
1675 5212 1739 5266 ad
1794 5229 1879 5268 me
1931 5215 2280 5269 accedentem

715 5316 983 5373 viderem,
1023 5319 1166 5363 metu
1195 5318 1582 5363 consternatus
1614 5309 1666 5360 in
1698 5305 1888 5360 faciem
1931 5308 2154 5374 procidi.
2194 5305 2288 5358 Ille

716 5418 889 5458 autem
924 5419 1086 5457 manu
1112 5416 1226 5454 mea
1260 5401 1525 5469 prehensa
1558 5414 1641 5451 me
1668 5400 1882 5465 erigens
1909 5415 1923 5451 :
1958 5397 2034 5452 Ne
2054 5409 2285 5460 ructuas,

718 5498 917 5565 inquit.
949 5490 1110 5562 500
1170 5488 1309 5553 Quid
1355 5496 1440 5541 est
1469 5486 1611 5555 quod
1648 5503 1711 5539 ex
1743 5486 2030 5557 [omnibus
2072 5484 2150 5557 in]
2186 5485 2289 5540 hoc

718 5593 935 5643 deserto
966 5581 1231 5654 optares?
1270 5579 1404 5633 Tum
1433 5594 1533 5648 ego
1560 5596 1573 5631 :
1618 5578 1839 5632 Domine
1874 5578 1967 5643 mi,
1999 5594 2103 5631 non
2132 5587 2289 5645 opta-

722 5698 831 5731 rem
869 5693 971 5749 ego
1005 5674 1151 5729 aliud
1206 5686 1368 5742 quam
1406 5668 1660 5723 frumenti
1697 5685 1909 5737 parum.
1941 5668 2239 5737 Respondit
2271 5685 2284 5721 :

718 5771 988 5839 Quidquid
1026 5769 1079 5823 in
1114 5769 1217 5821 hoc
1255 5766 1476 5820 deserto
1526 5762 1696 5818 vides.
1753 5761 1819 5813 ah
1877 5761 1977 5813 hoc
2043 5771 2288 5825 tempore

720 5877 873 5920 tuum
899 5874 1002 5930 est,
1029 5873 1232 5929 tuaque
1270 5858 1322 5911 in
1358 5864 1647 5925 potestate.
1684 5853 1883 5907 Deinde
1929 5853 2063 5905 dixit
2102 5855 2230 5905 mihi
2266 5871 2275 5904 :

2384 1985 2647 2047 secunda,
2710 2000 2831 2053 qua:
2898 1986 3070 2037 instar
3128 1986 3427 2053 smaragdi,
3469 1984 3677 2039 femora
3737 2003 3963 2055 usque;

2384 2078 2543 2130 tertia
2566 2092 2722 2141 vero,
2769 2094 2889 2146 quze
2923 2077 3095 2132 instar
3126 2078 3404 2148 hyacinthi
3440 2077 3762 2140 rnbicantis,
3796 2080 3968 2145 pedes

2388 2184 2579 2237 usque.
2613 2169 2813 2223 Deinde
2846 2186 2930 2222 me
2953 2187 3114 2223 manu
3159 2171 3484 2238 prehensum
3515 2185 3636 2223 cum
3672 2171 3734 2221 ad
3765 2171 3962 2223 deser-

2384 2272 2497 2315 tum
2518 2260 2659 2315 istud
2681 2276 2934 2326 magnum
2950 2260 3452 2325 reduxisset:'l‘ollc,
3473 2260 3670 2328 inquit,
3685 2261 3735 2313 in
3757 2261 3961 2314 coelum

2387 2352 2579 2407 oculos
2611 2362 2755 2406 tuos.
2785 2352 3028 2406 Sublatis
3053 2351 3405 2423 501-503
3436 2368 3567 2421 ergo
3608 2354 3805 2421 oculis,
3832 2355 3968 2409 ste]-

2384 2441 2489 2495 lam
2518 2456 2763 2509 magnam
2806 2441 3037 2509 fulguris
3072 2443 3245 2496 instar
3294 2444 3555 2512 conspexi
3585 2459 3704 2512 quze
3737 2446 3789 2497 in
3825 2448 3966 2499 111138

2386 2545 2571 2604 partes
2601 2533 2775 2587 divisa
2802 2534 2932 2586 mihi
2968 2535 3021 2587 in
3054 2544 3220 2601 caput
3249 2535 3454 2590 decidit
3502 2553 3517 2593 :
3558 2546 3674 2589 tum
3717 2540 3781 2591 ad
3817 2539 3964 2593 latus

2386 2627 2586 2681 deserti
2627 2641 2711 2679 me
2741 2628 2987 2687 deduxit,
3039 2627 3128 2681 ubi
3165 2628 3318 2681 multi
3363 2630 3689 2682 crescebant
3752 2642 3964 2694 sentes,

2384 2720 2608 2775 etinter
2664 2722 2874 2775 medios
2904 2728 3086 2775 sentes
3140 2722 3364 2776 arbores
3417 2721 3771 2792 infrugiferaz.
3825 2723 3962 2778 Dein

2385 2811 2451 2865 ad
2488 2814 2782 2867 tentorium
2817 2828 3070 2882 magnum
3114 2823 3166 2867 ct
3221 2813 3506 2881 pulchrum
3564 2831 3650 2869 me
3682 2818 3961 2884 perduxit.

2384 2902 2537 2971 cujus
2570 2913 2773 2969 partem
2823 2906 3134 2959 interiorem
3170 2905 3298 2959 dum
3352 2906 3771 2973 perlustrarcai,
3828 2926 3965 2964 eoeo

2390 2998 2444 3049 in
2479 2996 2652 3063 ipsius
2683 2996 2862 3050 medio
2894 3013 3063 3066 agnus
3098 3007 3238 3064 erat,
3268 3006 3321 3051 et
3350 2997 3469 3052 fons
3500 3014 3654 3065 aquae
3688 3001 3844 3055 laetis
3874 3004 3964 3053 in-

2385 3097 2500 3141 star
2523 3088 2833 3143 albicantis.
2862 3090 3046 3157 Agnus
3070 3097 3249 3144 autem
3288 3091 3391 3146 iste
3417 3093 3573 3161 quasi
3599 3093 3651 3146 in
3687 3093 3963 3147 flammam

2387 3179 2530 3249 ignis
2581 3195 2882 3235 conversus
2934 3181 2986 3234 in
3045 3181 3244 3234 cmlum
3302 3196 3409 3237 una
3472 3198 3594 3236 cum
3664 3199 3801 3251 aqua
3858 3186 3964 3239 ista

2387 3272 2733 3327 ascendebat.
2762 3272 3029 3340 Egressus
3054 3286 3185 3341 ergo
3225 3272 3466 3326 tentorio
3517 3274 3629 3327 vidi
3685 3274 3740 3328 in
3794 3276 3965 3328 manu

2385 3362 2486 3416 viri
2537 3364 2697 3418 istius
2754 3363 2961 3417 clavem
3018 3362 3182 3416 cubiti
3241 3363 3602 3432 longitudine,
3662 3367 3969 3432 eademque

2388 3455 2690 3515 latitudine.
2726 3470 2884 3524 quam
2920 3470 3041 3508 cum
3090 3454 3221 3507 mihi
3263 3455 3597 3519 tradidisset,
3653 3457 3765 3509 dixi
3803 3474 3817 3508 :
3854 3457 3965 3511 Do-

2387 3546 2532 3599 mine
2564 3546 2659 3608 mi,
2692 3547 2974 3613 quomodo
3006 3560 3113 3598 una
3143 3545 3417 3615 clypeum,
3452 3562 3662 3609 ensem,
3709 3558 3764 3602 et
3822 3550 3966 3601 hanc.

2386 3636 2591 3692 clavem
2628 3636 2770 3691 ferre
2794 3639 3056 3706 possum?
3090 3638 3391 3706 Respondit
3415 3638 3541 3693 ille:
3574 3637 3685 3693 Hoc
3705 3648 3790 3694 est
3815 3642 3966 3709 quod

2385 3730 2482 3783 tibi
2522 3731 2574 3783 in
2607 3730 2883 3784 mandatis
2906 3731 3089 3783 datum
3123 3739 3230 3785 est.
3267 3732 3399 3784 Dum
3429 3743 3606 3785 autem
3634 3732 3719 3786 cui
3744 3734 3961 3787 clavem

2385 3822 2655 3876 traderem
2686 3822 3077 3891 cogitabundus
3105 3823 3342 3887 substiti,
3372 3832 3425 3877 te
3454 3824 3518 3876 ad
3546 3823 3794 3877 dextram
3830 3828 3966 3878 mihi

2387 3913 2694 3967 adstantem
2731 3913 2867 3977 vidi,
2910 3914 3073 3982 pallio
3127 3913 3367 3967 candido
3420 3914 3647 3983 pulchro
3683 3917 3966 3982 indutum,

2385 4012 2654 4071 caputque
2691 4005 2824 4057 tiara
2852 4005 3089 4057 cinctum
3125 4005 3414 4059 habentem
3444 4021 3458 4069 ;
3491 4006 3733 4075 tibiergo
3748 4009 3961 4061 clavem

2388 4095 2605 4149 tradidi.
2648 4094 2784 4148 Tmu
2824 4095 3137 4149 discedente
3172 4112 3201 4148 a
3240 4111 3323 4150 me
3358 4097 3475 4150 viro
3509 4095 3641 4161 isto,
3716 4114 3821 4165 ego
3854 4117 3962 4152 una

2387 4196 2436 4241 et
2506 4195 2562 4240 tu
2593 4187 2813 4241 domum
2847 4196 3089 4242 nostram
3142 4188 3357 4255 petituri
3394 4187 3702 4253 abivimus;
3747 4190 3965 4243 obviam

2389 4286 2569 4331 autem
2612 4294 2829 4332 murum
2888 4278 3241 4343 offendimus,
3272 4280 3359 4343 qui
3403 4280 3544 4331 viam
3580 4280 3738 4333 nobis
3791 4282 3969 4336 inter-

2388 4371 2571 4435 clusit,
2603 4371 2816 4423 cubitos
2851 4371 3114 4425 ducentos
3165 4372 3407 4439 longum.
3449 4369 3567 4424 Dixi
3605 4387 3738 4440 ergo
3771 4389 3786 4425 :
3814 4372 3967 4439 Quo-

2390 4460 2553 4515 modo
2583 4461 2668 4513 fiet
2704 4470 2761 4514 ut
2793 4476 3016 4513 murum
3061 4462 3206 4513 hunc
3248 4459 3477 4512 transire
3512 4461 3787 4526 possimus
3814 4461 3839 4513 2
3880 4463 3965 4514 his

2388 4555 2513 4607 dum
2541 4554 2790 4622 occupati
2817 4553 3044 4620 fuimus,
3080 4568 3209 4606 ecce
3245 4554 3418 4604 lucem
3461 4551 3685 4620 fulguris
3727 4552 3906 4605 instar
3936 4569 3967 4605 e

2385 4645 2523 4698 caelo
2553 4643 2979 4697 descendentem
3032 4642 3166 4702 vidi,
3218 4658 3340 4711 qiue
3386 4657 3509 4696 cum
3544 4640 3707 4713 505
3742 4657 3963 4695 murum

2386 4738 2534 4791 illum
2569 4736 2874 4804 dejecisset,
2918 4735 3314 4798 transivimus;
3379 4745 3490 4787 tum
3540 4743 3592 4788 te
3630 4734 3967 4789 inclamantc

2386 4838 2739 4897 experrectus
2780 4843 2899 4881 sum
2914 4869 2925 4880 .

2460 4919 2602 4973 Dixit
2628 4920 2701 4973 illi
2743 4919 3080 4989 Theophilus
3114 4937 3129 4974 :
3173 4918 3230 4973 Si
3270 4934 3394 4972 vere
3431 4919 3607 4973 visum
3645 4927 3802 4972 tuum
3832 4921 3964 4972 mihi

2387 5008 2665 5072 retuleris,
2697 5008 2939 5061 futurum
2975 5016 3055 5061 est
3094 5017 3147 5060 ut
3174 5018 3228 5059 tu
3263 5024 3354 5061 rex
3384 5008 3605 5077 eligaris
3635 5026 3650 5071 ;
3684 5012 3962 5062 somnium

2385 5120 2516 5174 ergo
2566 5106 2659 5159 tibi
2716 5104 3144 5172 interpretabor.
3196 5104 3476 5157 Desertum
3536 5104 3663 5156 illud
3718 5105 3961 5172 amplum

2387 5196 2942 5262 mundusest;arietes
2966 5203 3019 5249 et
3056 5208 3204 5254 oves,
3241 5192 3489 5245 homines
3512 5199 3662 5249 sunt,
3690 5201 3803 5243 tam
3841 5194 3963 5249 boni

2388 5306 2547 5359 quam
2587 5288 2731 5347 mali.
2759 5287 2851 5356 qui
2883 5287 3143 5339 mundum
3172 5284 3411 5337 incolunt
3432 5299 3445 5343 ;
3466 5282 3738 5350 jumenta,
3762 5282 3962 5345 Graeci;

2388 5384 2684 5441 volucres,
2752 5381 2911 5432 urbes
2970 5386 3024 5431 et
3080 5377 3274 5445 oppida
3339 5373 3683 5441 nniversim;
3744 5377 3973 5429 arbores

2390 5474 2686 5531 consiliarii
2717 5485 2770 5527 et
2810 5472 2998 5525 duces.
3036 5470 3098 5523 lli
3130 5484 3321 5523 omnes
3353 5478 3405 5521 te
3446 5468 3497 5521 in
3533 5483 3704 5537 regno
3747 5478 3843 5521 tuo
3874 5485 3968 5522 co-

2392 5570 2522 5623 lent.
2568 5566 2780 5621 Leoncs
2820 5579 2949 5618 vero
2987 5563 3135 5632 regni
3174 5562 3366 5615 hostes
3412 5569 3542 5616 sunt
3576 5579 3587 5614 :
3623 5562 3843 5630 gladius
3872 5578 3973 5614 an-

2393 5678 2545 5730 ceps,
2581 5662 2665 5711 lex
2694 5659 2983 5723 czrterique
3002 5654 3213 5709 Veteris
3245 5663 3298 5705 et
3336 5651 3467 5705 Novi
3523 5649 3869 5707 Testamenti
3909 5653 3973 5701 Ιί-

2394 5756 2511 5817 1111;
2575 5762 2811 5821 quatuor
2878 5749 3056 5817 sigilla
3126 5747 3308 5813 gladio
3379 5746 3674 5812 impressa,
3729 5752 3975 5807 quatuor

2393 5846 2676 5919 I'Zvangeiia
2712 5864 2720 5897 :
2764 5842 2940 5900 acervi
2977 5837 3250 5900 frumenti,
3276 5851 3523 5906 magnam
3550 5847 3721 5901 opum
3754 5833 3974 5901 copiam
