4200 6432
241 437 371 501 1021

1661 443 2026 505 ANNALES.

3355 443 3487 507 i022

233 543 286 593 in
327 557 495 612 regno
524 551 616 597 tuo
650 544 910 599 denotant
949 562 962 601 :
1005 547 1257 602 columna
1316 547 1455 603 lucis
1501 564 1608 617 qua
1639 548 1798 603 indn-
1827 551 1873 609 Δ
1901 551 2213 622 episcopum
2271 552 2844 624 Hierosolymitanum,
2916 554 3134 617 litteris,
3185 554 3330 621 ipsos
3378 570 3479 606 una

231 643 319 687 tus
347 648 429 695 es,
467 633 558 687 Dei
594 635 646 688 iu
681 644 733 690 te
762 637 1014 707 gratiam,
1050 656 1154 708 qua
1188 640 1387 693 saeculo
1414 650 1505 695 tuo
1534 639 1752 700 ﬁnrcbis
1782 656 1797 693 :

230 738 345 782 tres
380 729 551 783 stellte
583 746 703 796 quze
729 740 780 784 te
815 733 1129 797 cinxerunt,
1164 735 1433 803 baptisma
1458 749 1567 803 quo
1594 734 1799 788 tinctus

227 835 290 875 es
339 821 393 873 iu
441 822 662 877 nomine
715 824 896 878 Patris
945 835 999 877 et
1056 824 1173 879 Filii
1214 835 1267 880 et
1308 826 1544 895 Spiritus
1600 826 1795 879 sancti.

229 911 397 965 Stella
430 929 550 977 qua:
575 930 605 969 e
630 916 771 970 ccelo
794 916 847 968 in
876 928 1039 985 caput
1072 928 1223 972 tuum
1258 919 1562 980 descendit,
1595 933 1795 971 corona

229 1008 317 1049 tua
356 1002 502 1067 regia
534 1013 638 1064 est,
663 1019 826 1071 quam
871 1014 929 1057 ut
988 1006 1168 1059 vidisti
1223 1009 1275 1060 in
1331 1010 1463 1062 duas
1501 1016 1682 1075 partes
1717 1008 1798 1062 di-

226 1092 362 1153 vidi,
395 1094 467 1145 ita
518 1093 757 1148 futurum
787 1106 869 1149 est
897 1106 953 1151 ut
978 1099 1087 1151 sint
1118 1101 1211 1151 tibi
1271 1102 1400 1153 dum
1466 1116 1661 1171 regnas
1698 1100 1793 1154 ﬁlii

226 1186 358 1238 riuo.
393 1184 587 1240 Sentes
612 1198 663 1242 et
687 1190 911 1243 arbores
941 1190 1295 1260 inlrugilerte.
1317 1203 1505 1259 gentes
1528 1202 1651 1246 sunt
1677 1208 1796 1260 qum

226 1276 280 1328 in
318 1277 603 1330 Dominum
644 1278 923 1333 Christum
986 1296 1094 1335 non
1150 1284 1395 1337 credunt.
1456 1284 1792 1346 'l‘entorinm,

227 1369 471 1424 Ecclesia
498 1379 582 1424 est
616 1388 629 1424 :
667 1385 843 1441 agnus
879 1388 1038 1440 quem
1077 1373 1131 1427 in
1190 1375 1309 1442 ejus
1373 1376 1551 1430 medio
1587 1376 1791 1435 vidisti.

225 1459 570 1514 Eueharistia
638 1479 653 1515 :
720 1477 861 1531 aqua
914 1464 1037 1517 lacti
1107 1465 1343 1527 similis,
1398 1466 1687 1534 baptisma,
1740 1475 1797 1519 et

222 1552 683 1616 quemadmodum
717 1555 903 1609 vidisti
942 1572 1141 1625 agnum
1188 1558 1361 1609 instar
1390 1556 1616 1611 ﬁamuue
1657 1558 1798 1624 ignis

222 1657 349 1694 eum
387 1658 524 1709 aqua
558 1644 613 1699 in
647 1646 846 1700 caelum
868 1647 1184 1708 ascendere,
1221 1651 1293 1701 ita
1329 1662 1394 1701 eo
1418 1648 1660 1702 ascendit
1698 1648 1797 1699 Eu-

222 1737 505 1790 t-harislia.
538 1736 888 1809 505-507
915 1738 1121 1802 Clavis,
1152 1748 1391 1808 potestas
1430 1749 1513 1794 est
1545 1741 1638 1794 tibi
1668 1741 1796 1793 data

222 1827 290 1878 ad
316 1826 625 1893 praelectum
649 1828 903 1884 Ecclesiae
934 1831 1189 1885 mandato
1214 1841 1306 1885 tuo
1331 1831 1794 1885 constituendum.

222 1915 307 1971 Ttt
337 1928 521 1973 autem
553 1921 682 1975 mihi
703 1921 911 1976 clavem
934 1922 1231 1988 tradidisti,
1258 1923 1309 1976 id
1336 1931 1420 1977 est
1448 1938 1533 1977 me
1559 1926 1793 1991 patriar-

225 2012 389 2063 cham
425 2012 750 2068 constitues.
810 2013 994 2068 Murus
1034 2024 1241 2079 autem,
1290 2031 1392 2085 pax
1429 2025 1515 2071 est
1549 2026 1605 2069 et
1644 2027 1795 2069 tran-

220 2102 465 2168 quillitas
492 2104 543 2156 in
574 2118 741 2173 regno
775 2114 869 2159 tuo
897 2104 1099 2158 l'ntura.
1134 2103 1257 2159 llaec
1287 2107 1387 2160 visi
1419 2106 1493 2159 tui
1521 2106 1792 2176 interpre-

220 2194 356 2249 tatio
399 2205 505 2249 est.
539 2194 851 2265 Respondet
880 2195 1232 2253 Theodosius
1261 2214 1276 2251 :
1304 2198 1474 2264 Quam
1526 2199 1665 2253 belle
1697 2199 1792 2268 (mi

224 2287 419 2354 frater)
451 2287 839 2358 interpretatus
888 2290 987 2344 csl
1030 2290 1140 2360 Ego
1172 2291 1317 2345 enim
1354 2301 1409 2344 ttt
1440 2293 1541 2345 sim
1578 2307 1695 2354 rex,
1740 2302 1791 2345 tu

218 2381 560 2447 patriarcha,
622 2382 751 2435 illud
802 2391 888 2437 est
913 2383 1059 2452 quod
1113 2398 1391 2451 nunquam
1449 2385 1562 2439 ﬁeri
1595 2394 1791 2453 potest.

225 2469 424 2527 Verum
457 2486 624 2543 surge
658 2484 721 2529 ut
747 2489 854 2528 una
892 2474 960 2530 ad
988 2490 1129 2544 opus
1163 2487 1412 2529 nostrum
1477 2476 1795 2546 proﬁcisca-

218 2580 366 2619 mur.
404 2564 686 2633 Progressi
714 2573 894 2621 autem
932 2581 1057 2620 cum
1095 2567 1347 2621 homines
1392 2568 1458 2622 ad
1501 2568 1791 2623 ecclesiam

218 2658 428 2711 itantes
474 2666 769 2711 cernerent
830 2667 1139 2727 rogarunt:
1180 2658 1439 2724 Quantam
1490 2671 1632 2715 esset
1691 2662 1795 2717 iste

218 2748 379 2804 dies?
410 2763 440 2803 a
476 2749 674 2818 quibus
705 2765 1027 2820 responsum
1061 2752 1330 2816 tulerunt,
1370 2751 1672 2809 Eeelesiam
1704 2770 1797 2824 pe-

219 2841 388 2894 timus
426 2848 487 2893 ut
530 2840 811 2896 videamus
837 2858 996 2911 quem
1036 2843 1198 2897 nobis
1223 2860 1403 2913 regem
1428 2846 1697 2901 electurus
1722 2848 1795 2902 sit

221 2934 388 2989 Deus.
439 2932 584 2987 Dixit
607 2948 737 3003 ergo
772 2933 1109 3005 TheOphilus
1136 2936 1472 2999 Theodosio,
1510 2941 1713 2996 Eamus
1739 2950 1793 2995 et

218 3041 321 3079 nos
352 3040 463 3078 una
494 3040 620 3079 cum
648 3024 874 3095 reliquis
904 3026 970 3081 ad
1002 3028 1289 3082 ecclesiam
1317 3042 1331 3080 :
1380 3029 1566 3083 forsan
1608 3046 1793 3085 verum

221 3117 469 3170 futurum
525 3127 606 3171 est
642 3118 979 3173 insomnium
1025 3128 1199 3173 tuum.
1233 3120 1369 3174 Cum
1413 3132 1592 3175 autem
1624 3124 1797 3177 eccle-

1905 658 2031 697 cnm
2068 646 2349 714 episcopis
2387 646 2502 699 suis
2538 646 3011 716 ConstantinOpoli
3054 644 3247 698 adesse
3293 644 3433 711 jttssi
3466 683 3481 705 ,

1911 742 1968 785 ut
1997 733 2065 787 de
2113 735 2216 787 ﬁde
2250 737 2551 790 christiana
2583 734 2971 803 disquirerent,
3023 751 3256 803 eamque
3310 732 3481 803 expli-

1905 838 2082 883 catam
2137 831 2447 886 hominibus
2494 833 2703 886 darent.
2754 832 3137 885 Conveneruut
3199 848 3332 903 ergo
3383 849 3476 903 pa-

1901 921 2151 975 triarchae
2178 938 2298 975 cmn
2323 926 2590 991 episcopis
2626 925 2745 979 suis
2777 924 3337 993 Constantinopolim,
3370 942 3477 978 uno

1900 1017 2125 1075 excepto
2158 1009 2391 1061 Damaso
2424 1012 2732 1078 patriarcha
2786 1011 3051 1077 Romano,
3088 1016 3181 1081 qui
3224 1014 3339 1081 ipse
3371 1031 3477 1066 nou

1901 1098 2067 1158 venit,
2090 1107 2142 1150 at
2164 1099 2229 1150 ad
2256 1097 2623 1152 Theodosium
2647 1117 2825 1154 veram
2851 1102 3029 1163 ﬁdetn,
3060 1118 3289 1171 eamque
3313 1105 3481 1171 expli—

1900 1190 2075 1235 catam
2112 1182 2457 1256 509-51]
2498 1198 2546 1241 et
2583 1190 2910 1257 expositam,
2944 1192 3188 1259 scripsit.
3238 1194 3480 1261 Cougre-

1902 1274 2008 1340 gati
2042 1286 2167 1328 sunt
2225 1293 2352 1345 ergo
2413 1279 2895 1346 Constantinopoli
2958 1284 3203 1351 episcopi
3255 1299 3476 1337 centum

1900 1367 2315 1434 quinquaginta.
2353 1370 2579 1423 Coucilii
2626 1372 2880 1440 prresides
2926 1384 3081 1427 erant
3132 1374 3474 1440 Timotheus,

1901 1461 2207 1525 patriarcha
2241 1462 2665 1522 Alexandrinus.
2702 1465 2947 1519 llleletius
2982 1467 3375 1529 Antiochenus,
3425 1478 3475 1521 et

1900 1550 2137 1617 Cyrillus
2182 1551 2685 1622 Hierosolymorum
2741 1558 3069 1625 episcopus;
3123 1562 3325 1628 quibus
3370 1573 3478 1614 tra-

1900 1641 2035 1694 didit
2064 1642 2406 1698 Theodosius
2441 1646 2739 1713 imperator
2761 1648 2970 1702 litteras
3006 1650 3219 1705 Damasi
3248 1656 3476 1720 patriar-

1903 1732 2018 1786 cha:
2049 1734 2301 1797 Romani,
2340 1736 2389 1787 in
2452 1736 2654 1805 quilms
2694 1737 2853 1791 ﬁdetn
2892 1755 3073 1793 veram
3111 1742 3480 1811 descripserat

1902 1831 2063 1891 atque.
2093 1829 2460 1895 explicaverat
2498 1847 2510 1882 :
2546 1828 2745 1897 quibus
2795 1831 2947 1885 let-tis
2990 1842 3044 1887 et
3092 1836 3379 1901 expositis.
3417 1835 3471 1888 iu

1901 1918 2169 1980 eamdem,
2198 1934 2361 1986 quam
2398 1920 2511 1987 ipse
2548 1925 2866 1989 scripserat,
2914 1924 3035 1977 ﬁdei
3063 1926 3469 1980 confessionem

1902 2025 2316 2069 consenserunt.
2338 2016 2540 2072 Deinde
2568 2017 2866 2073 Macedonii
2886 2020 3194 2086 opinionem
3247 2024 3309 2074 ad
3344 2039 3476 2076 exa-

1902 2118 2021 2158 men
2058 2112 2403 2166 ret-orarum,
2434 2108 2592 2175 enjns
2619 2109 2867 2162 doctrina
2905 2110 3025 2172 fuit,
3063 2111 3323 2179 Spiritum
3348 2127 3478 2165 san-

1900 2200 2046 2245 ctum
2092 2210 2199 2247 non
2251 2210 2375 2248 esse
2433 2195 2622 2259 Deum,
2678 2214 2863 2250 verum
2928 2209 3193 2264 creatum,
3246 2200 3475 2256 factum.

1904 2281 2044 2336 Dixit
2091 2299 2223 2352 ergo
2263 2284 2610 2349 Timotheus,
2651 2288 2956 2354 patriarcha
3009 2289 3410 2342 Alexandrinus
3459 2305 3473 2343 :

1900 2374 2016 2429 Non
2073 2376 2217 2429 aliud
2264 2377 2403 2444 apud
2470 2393 2570 2433 nos
2628 2379 2897 2447 signiﬁcat
2961 2379 3200 2447 Spiritus
3255 2393 3479 2437 sanctus

1900 2483 2061 2535 quant
2088 2467 2349 2536 Spiritum
2404 2469 2496 2524 Dei
2528 2486 2543 2535 ;
2583 2485 2690 2524 non
2716 2481 2795 2525 est
2829 2480 3009 2525 autem
3064 2472 3301 2541 Spiritus
3361 2472 3477 2537 Dei,

1902 2560 2050 2615 aliud
2084 2578 2247 2631 quam
2284 2563 2395 2616 vita
2441 2562 2655 2633 ipsius;
2706 2566 2750 2617 si
2790 2579 2920 2633 ergo
2953 2565 3255 2619 dixerimus
3304 2565 3479 2634 Spiri-

1902 2663 2016 2708 tum
2054 2663 2305 2709 sanctum
2362 2666 2608 2711 creatum
2666 2672 2810 2722 esse,
2868 2658 3164 2711 asserintus
3212 2658 3475 2726 Spiritum

1903 2745 1996 2800 Dei
2020 2756 2264 2801 creatum
2297 2762 2419 2803 esse
2447 2764 2463 2813 ;
2512 2748 2597 2802 sin
2626 2748 2889 2819 Spiritum
2927 2749 3016 2803 Dei
3059 2759 3300 2802 creatum
3333 2765 3475 2812 esse,

1903 2837 2067 2892 vitam
2095 2839 2258 2893 etiam
2301 2840 2476 2909 ipsius
2507 2851 2745 2894 creatam
2793 2856 2957 2904 esse;
3012 2841 3159 2910 quod
3217 2843 3260 2894 si
3309 2843 3473 2895 vitam

1901 2927 2075 2997 ipsius
2096 2940 2332 2983 creatam
2367 2928 2839 2996 allirmaverimus,
2860 2942 3270 2985 autumarenms
3294 2933 3472 3000 ipsum

1902 3021 2011 3073 vita
2048 3036 2267 3085 carere;
2298 3031 2459 3090 atque
2506 3022 2612 3076 hoc
2664 3032 2982 3078 asserentes
3031 3025 3247 3093 penitus
3298 3024 3475 3091 ipsum

1901 3112 2323 3183 abnegabimus:
2359 3112 2448 3180 qui
2479 3121 2658 3166 autem
2695 3112 2864 3166 Deum
2905 3123 3068 3181 negat
3101 3115 3477 3168 maledictione

217 3209 355 3262 siam
382 3208 615 3277 ingressi
639 3218 909 3271 orassent,
938 3210 1076 3265 dixit
1103 3211 1405 3278 Theophilo
1427 3214 1793 3281 Theodosius,

1902 3201 2102 3272 dignus
2132 3210 2237 3255 est.
2267 3201 2692 3257 Conscuticntes
2721 3220 2853 3271 ergo
2883 3204 2937 3257 in
2975 3204 3280 3259 Macedonii
3313 3224 3339 3256 ιι
3367 3208 3477 3257 ale-

223 3299 413 3357 VeStes
452 3311 583 3355 sunt
610 3303 766 3358 nobis
797 3304 1058 3372 squalidae
1085 3313 1139 3358 et
1164 3304 1325 3370 tritae,
1364 3322 1505 3375 pone
1535 3323 1666 3377 ergo
1702 3309 1792 3360 bo-

218 3395 400 3451 mines
432 3396 821 3459 consistamus,
856 3403 914 3449 ut
946 3396 1075 3464 quid
1114 3396 1358 3451 futurum
1393 3398 1473 3454 sit
1491 3399 1791 3454 videamus.

215 3482 355 3538 Cum
383 3498 518 3555 ergo
540 3482 707 3539 ﬁnitis
743 3485 938 3546 sacris,
968 3494 1276 3541 cessassent
1342 3488 1610 3553 homines,
1667 3508 1795 3543 cccc

217 3577 337 3631 avis
395 3591 592 3644 magna
647 3591 743 3629 ore
791 3593 893 3631 suo
932 3592 1189 3631 coronam
1223 3594 1291 3633 ex
1344 3580 1463 3635 lucc
1495 3592 1711 3643 tenens,
1740 3586 1791 3638 in

216 3683 383 3738 quam
420 3684 547 3722 cum
582 3668 718 3723 duas
758 3668 919 3723 horas
953 3670 1143 3724 oculos
1202 3671 1566 3727 intendissent
1619 3674 1795 3729 Ιιοιιιί-

217 3778 315 3817 nes
347 3774 367 3815 :
399 3760 681 3825 Miserere,
711 3777 743 3813 ο
774 3762 1017 3827 Domine,
1072 3763 1497 3833 ingeminantes,
1536 3767 1794 3823 advolans

216 3854 307 3908 illa
342 3867 605 3907 coronam
641 3854 799 3907 istam
824 3854 1058 3908 lucidam
1093 3855 1391 3910 Theodosii
1426 3859 1591 3927 capiti
1626 3859 1797 3928 iunpo.

216 3945 351 4010 suit,
386 3946 549 4012 cujus
585 3961 718 4014 ergo
751 3947 932 3999 statim
966 3947 1031 4001 ad
1062 3950 1233 4002 altare
1263 3950 1483 4018 gestati,
1519 3952 1793 4007 vestibus-

216 4054 323 4107 que
365 4037 513 4093 tritis
539 4039 801 4106 squalidis
829 4040 999 4101 exuti,
1051 4048 1217 4109 atque
1269 4041 1593 4098 indumento
1645 4044 1794 4113 regio

214 4128 429 4193 amicti,
453 4128 616 4197 capiti
648 4130 899 4183 diadema
934 4131 1145 4199 regium
1204 4132 1371 4205 508
1428 4149 1552 4188 cum
1617 4136 1792 4206 impo-

214 4220 443 4283 suisset,
500 4220 713 4289 ipsique
776 4221 1147 4278 benedixisset
1198 4227 1506 4295 episcopus,
1576 4243 1721 4297 equo
1760 4245 1791 4283 e

218 4312 387 4382 regiis
424 4312 666 4378 quodam
704 4323 895 4368 vectus
943 4322 1050 4375 est,
1094 4316 1333 4369 nondum
1376 4318 1488 4371 haec
1520 4336 1639 4386 quae
1690 4320 1792 4374 sibi

215 4403 535 4459 evenissent
569 4407 822 4469 credens,
856 4404 1203 4465 cingentibus
1244 4408 1421 4477 ipsum
1468 4411 1795 4465 consiliariis

215 4505 269 4549 et
325 4495 565 4551 ducibus
613 4496 788 4551 donec
826 4497 889 4550 ad
924 4497 1094 4551 Dar-il
1125 4499 1310 4564 Balat,
1336 4502 1388 4553 id
1419 4514 1494 4555 est
1538 4506 1792 4569 palatium

1897 3291 2218 3355 dictionem,
2252 3293 2427 3359 ipsum
2482 3307 2606 3346 cum
2668 3294 2899 3348 asseclis
2952 3294 3067 3347 suis
3120 3294 3473 3355 demverunl,

1897 3398 1997 3436 nec
2044 3398 2153 3436 non
2185 3382 2531 3451 patriarchas
2593 3382 2696 3451 ipsi
2760 3384 3137 3448 succedentes,
3189 3387 3280 3453 qui
3336 3386 3474 3437 idem

1894 3490 2017 3529 cum
2066 3476 2182 3543 ipso
2210 3475 2532 3545 docuerunt.
2586 3475 2984 3529 Maledixerttnt
3020 3478 3181 3531 etiam
3235 3476 3475 3530 Sabellio

1897 3568 2078 3638 Libya:
2114 3567 2277 3639 512
2311 3568 2575 3637 episcopo
2605 3569 2835 3636 ejusque
2867 3570 3114 3633 asseclis,
3144 3572 3287 3635 quod
3319 3584 3471 3623 asse-

1897 3671 2040 3715 reret
2073 3659 2313 3723 Patrem,
2360 3660 2579 3726 Filium,
2612 3670 2665 3714 et
2700 3661 2962 3727 Spiritum
3015 3673 3263 3716 sanctmn
3310 3680 3473 3716 unam

1894 3770 2017 3809 esse
2049 3770 2375 3824 personam;
2416 3770 2628 3807 necnon
2661 3756 2999 3823 Apollinario
3032 3757 3262 3825 ejusque
3283 3773 3477 3823 sequa-

1895 3847 2071 3911 cibus,
2114 3847 2261 3916 quod
2314 3848 2609 3901 aﬁirtnaret
2656 3863 2857 3915 corpus
2905 3848 3111 3902 Christi
3166 3849 3472 3905 intellectus

1894 3954 2092 4008 expers
2130 3955 2274 3995 esse.
2317 3938 2488 3994 Porro
2521 3939 2845 3993 deﬁnierunt
2901 3940 3167 4009 Spiritum
3221 3954 3471 3997 sanctum

1895 4042 2195 4088 creatorem
2227 4048 2349 4087 esse
2380 4041 2436 4087 et
2482 4034 2807 4092 inci-catum.
2849 4033 3015 4087 Demn
3067 4051 3273 4100 verum,
3329 4038 3475 4106 ejus-

1893 4127 2016 4180 dem
2050 4142 2170 4179 cum
2193 4125 2353 4179 Patre
2372 4136 2425 4179 et
2458 4124 2594 4179 Filio
2618 4137 2842 4188 naturae,
2868 4127 3235 4181 substantiam
3275 4145 3470 4194 uuam,

1896 4229 2141 4271 naturam
2181 4233 2339 4270 unam
2366 4234 2380 4281 ;
2409 4218 2671 4271 addentes
2704 4216 2824 4268 ﬁdei
2858 4217 3118 4288 Symbolo
3148 4223 3290 4287 quod
3320 4236 3474 4273 com-

1896 4318 2195 4376 posuerunt
2221 4308 2445 4364 trecenti
2478 4308 2777 4363 octodecim
2824 4312 3090 4379 ep‘scopi,
3126 4311 3218 4379 qui
3274 4308 3473 4364 Nicate

1897 4411 2264 4454 convenerant
2301 4419 2314 4455 :
2353 4400 2420 4453 Et
2454 4403 2506 4454 in
2566 4402 2827 4465 Spiritum
2881 4414 3125 4457 sanctum
3187 4403 3473 4456 Dominum

1898 4492 2263 4557 riviﬁcautem,
2295 4493 2387 4560 qui
2412 4509 2476 4545 ex
2528 4492 2689 4547 I‘atre
2716 4498 2972 4563 procedit,
3025 4498 3114 4564 qui
3155 4513 3271 4547 cum
3313 4495 3474 4547 Patre

215 4588 453 4658 regium,
499 4588 679 4656 ipsum
716 4588 1094 4655 deduxissent,
1152 4592 1347 4645 deimle
1410 4596 1785 4657 redeuntibus.

1898 4592 1944 4635 et
1988 4581 2128 4635 Filio
2154 4585 2315 4637 simul
2371 4588 2631 4638 aduratur
2683 4599 2729 4641 et
2792 4588 3244 4657 conglori/icatur.
3308 4587 3473 4653 quue

289 4678 583 4747 Imperavit
644 4696 775 4748 ergo
831 4679 1173 4736 Theodosius
1231 4684 1510 4747 Romanis,
1578 4690 1669 4753 qui
1736 4703 1788 4740 et

215 4768 564 4825 Theodosius
597 4769 826 4836 Magnus
858 4773 1160 4841 appellatus
1195 4786 1297 4835 (εει.
1332 4792 1503 4829 annos
1540 4791 1690 4842 septe
1711 4796 1788 4831 rn-

215 4863 419 4925 decim,
453 4862 616 4932 idque
646 4878 792 4917 anno
817 4866 966 4932 regni
995 4865 1238 4933 Saporis,
1280 4867 1373 4920 lilii
1407 4867 1633 4937 Saporis
1663 4868 1793 4921 Per-

216 4967 406 5007 sarum
442 4954 609 5021 regis,
636 4955 1055 5025 quadragesimo
1079 4958 1347 5013 secundo.
1375 4958 1510 5011 Tum
1545 4960 1795 5015 Theodo-

215 5044 357 5099 sium
416 5059 599 5108 regem
656 5048 1052 5101 convenientes
1116 5049 1411 5103 consiliarii
1456 5059 1511 5104 et
1550 5052 1791 5119 prmleeti

213 5137 472 5190 dixerunt
510 5137 611 5205 ipsi
649 5154 665 5191 :
698 5134 1141 5209 (Zorruptte'suut
1173 5142 1453 5196 hominum
1482 5147 1789 5206 sententia.

214 5227 545 5291 pra-valente
575 5229 715 5295 apud
751 5228 898 5295 ipsos
929 5230 1039 5281 Arii
1063 5240 1117 5284 et
1159 5231 1453 5285 Macedonii
1489 5232 1735 5288 doctrina
1763 5252 1778 5299 ;

214 5318 317 5371 hoc
346 5326 561 5385 ergout
582 5334 762 5381 cures.
794 5322 1061 5391 ﬁdemque
1090 5323 1453 5378 Christianam
1514 5326 1791 5381 defensam

213 5409 477 5471 explices,
508 5408 701 5465 litteris
722 5411 789 5466 ad
819 5428 1009 5466 omnes
1044 5415 1384 5480 patriarchas
1418 5422 1471 5469 et
1505 5416 1791 5485 episcopos

215 5499 382 5561 datis,
408 5501 705 5555 convenire
725 5518 821 5557 eos
844 5502 1056 5573 jubeas,
1082 5512 1138 5557 nt
1158 5505 1225 5557 de
1256 5505 1357 5559 hac
1391 5522 1447 5559 re
1478 5506 1788 5575 dispiciant,

228 5590 507 5658 ﬁdemque
540 5590 893 5648 ehristianam
916 5611 977 5647 ex
990 5595 1240 5663 plicatam
1266 5597 1415 5653 dent.
1450 5596 1793 5654 Theodosius

215 5696 346 5749 ergo
386 5698 477 5736 rex
520 5685 739 5753 scriptis
778 5686 840 5739 ad
872 5685 1216 5740 Timotheum
1254 5689 1619 5756 patriarcham
1663 5690 1791 5745 Ale-

217 5772 574 5838 xandrinum,
632 5774 906 5832 Meletiutn
955 5781 1321 5847 patriarclrnu
1365 5781 1787 5847 Antiochenum,

222 5860 513 5921 Damasum
582 5868 946 5929 patriarcham
1018 5869 1362 5933 llotnanum.
1416 5881 1469 5925 et
1530 5873 1786 5946 Cyrillum

1898 4676 2039 4741 quod
2079 4676 2304 4730 trecenti
2345 4677 2647 4731 octodecim
2686 4679 2774 4732 isti
2804 4680 2856 4732 in
2907 4679 3028 4733 ﬁdei
3065 4694 3225 4748 quam
3286 4679 3471 4732 edide-

1897 4776 2021 4819 runt
2051 4768 2396 4823 confessione
2429 4770 2697 4825 dixissent
2726 4782 2976 4826 tantum:
3020 4771 3085 4823 Et
3126 4774 3178 4824 iu
3208 4772 3468 4836 Spiritum

1896 4867 2155 4910 sanctum.
2216 4858 2536 4915 Statuerunt
2559 4864 2724 4916 etiam
2766 4862 3006 4928 Patrem,
3044 4862 3237 4915 Filium
3272 4873 3323 4916 et
3350 4863 3469 4930 Spi-

1898 4949 2061 5001 ritum
2096 4961 2369 5017 sanctum,
2423 4962 2534 5007 tres
2570 4969 2691 5009 esse
2745 4970 3030 5023 personas,
3071 4963 3179 5007 tres
3214 4958 3467 5024 hyposta—

1896 5056 2003 5103 ses,
2034 5052 2086 5093 et
2119 5050 2230 5097 tres
2262 5045 2644 5112 proprietates,
2699 5046 2962 5098 unitatem
2998 5048 3052 5099 in
3096 5047 3385 5109 'l‘rinitate,
3414 5056 3466 5099 et

1896 5131 2217 5186 Trinitatem
2270 5138 2321 5187 in
2352 5137 2576 5197 unitate,
2606 5136 2898 5190 essentiam
2938 5152 3098 5192 unam
3131 5137 3182 5189 in
3214 5140 3465 5206 personis

1897 5225 2093 5285 tribus,
2124 5226 2289 5279 Deum
2330 5243 2520 5289 unum,
2555 5230 2913 5281 substantiam
2972 5245 3153 5291 unam,
3211 5241 3459 5282 naturam

1897 5333 2055 5370 uuam
2085 5334 2098 5382 ;
2139 5334 2347 5372 necnon
2386 5334 2586 5387 corpus
2622 5320 2832 5373 Domini
2861 5322 3061 5376 Christi
3091 5322 3269 5376 anima
3300 5324 3461 5376 intel-

1897 5409 2079 5475 ligenti
2118 5412 2371 5464 rationali
2407 5414 2712 5479 praeditum.
2745 5413 2912 5467 Porro
2950 5415 3240 5483 quemdam
3263 5429 3326 5467 ex
3370 5430 3459 5467 sa-

1895 5502 2158 5559 tellitibus
2208 5504 2371 5573 regiis
2428 5507 2645 5559 nomine
2696 5504 3021 5568 Victoriam.
3092 5507 3455 5575 patriarcham

1894 5593 2558 5663 ConstantinOpolitanum
2627 5596 3083 5663 constituerunt;
3153 5607 3460 5651 statuerunt

1892 5688 2054 5741 ctiam
2091 5688 2454 5757 patriarcham
2498 5690 2797 5742 Romanum
2824 5688 3017 5742 ordine
3042 5688 3272 5756 primum
3299 5688 3414 5739 fore
3442 5705 3455 5746 ;

1894 5780 2582 5850 Constantinopolitautun.
2625 5783 2923 5838 secundum
2957 5800 2969 5846 ;
3006 5780 3458 5841 Alexandrinmn,

1894 5876 2153 5940 tertium;
2223 5876 2621 5932 Antiochenam
2704 5894 2828 5931 tero
2890 5885 3167 5945 quantum.
3234 5875 3425 5942 lipisco
