4200 6432
674 403 803 468 1023

1676 414 2033 474 IUTYCHII
2068 414 2593 477 ALEXANDle
2628 413 2843 475 PATR-

3765 413 3905 475 1021

676 534 801 584 pum
872 517 1037 571 etiam
1096 518 1646 590 llierosolymitanum
1711 526 1868 579 titulo
1920 527 2239 593 patriarcha:
2270 528 2316 585 Α
2340 538 2386 581 et
2419 544 2639 581 vescere.
2678 528 2895 580 Dicente
2930 525 3060 579 illo:
3103 524 3474 595 Nequaquam,
3503 526 3743 589 nomine,
3779 528 3916 579 nihil

671 610 1025 682 513-515
1050 610 1339 681 or'narunt,
1392 631 1513 671 cum
1548 619 1699 687 prius
1733 621 2021 688 episcopus
2066 629 2234 682 esset,

674 711 773 751 nec
806 701 929 766 quis
964 712 1085 754 ante
1114 701 1243 756 illud
1276 714 1490 774 tempus
1514 694 1819 775 patriarcha
1858 708 2241 781 llier05olymis

678 792 991 863 praefuisset
1023 809 1037 856 ;
1074 793 1232 859 eique
1261 794 1437 847 locum
1476 798 1723 864 quintum
1755 800 2125 869 assignarunt,
2163 812 2243 853 at-

673 899 779 953 que
805 883 913 954 [his
950 883 1212 955 peractis]
1245 884 1639 941 discesserunt.

745 974 866 1026 lam
910 989 938 1027 a
974 976 1207 1029 concilio
1238 976 1411 1044 primo
1464 979 1846 1048 episcoporum
1879 990 2241 1035 trecentorum

653 1067 999 1129 octodecim,
1038 1068 1128 1136 qui
1180 1069 1231 1120 in
1299 1068 1429 1123 urbe
1457 1068 1668 1123 Nicarna
1723 1084 2118 1137 convenerunt,
2178 1076 2241 1127 ad

677 1159 982 1212 secundum
1028 1158 1129 1211 hoc
1166 1160 1219 1210 in
1275 1172 1383 1225 quo
1432 1161 1897 1228 Constantinopoli
1934 1166 2245 1233 congregati

676 1257 805 1299 sunt
839 1248 1075 1316 episcopi
1112 1257 1329 1301 centum
1364 1250 1775 1319 quinquaginta,
1807 1254 1896 1320 qni
1932 1253 2248 1308 Macedonio

678 1336 903 1400 ejusque
932 1337 1260 1403 sequacibus
1300 1338 1718 1402 maledixeruut,
1758 1342 1888 1395 anni
1924 1352 2051 1397 sunt
2089 1345 2251 1412 quin-

679 1427 941 1491 quaginta
997 1436 1141 1480 octo.
1184 1427 1353 1481 Porro
1405 1427 1724 1485 Timotheus
1781 1433 2087 1500 patriarcha
2122 1434 2246 1487 Ale-

681 1519 975 1571 xandrinns
1000 1519 1343 1586 patriarchis,
1374 1523 1643 1587 episcopis
1666 1535 1718 1576 et
1747 1526 2026 1578 monachis
2052 1540 2242 1589 carne,

681 1609 834 1662 festis
876 1608 1190 1672 Dominicis,
1229 1612 1370 1665 veSci
1412 1613 1672 1680 permisit,
1708 1613 2126 1668 Manichmorum
2160 1616 2252 1684 qui

680 1699 933 1754 Sadikeni
971 1701 1220 1767 appellati
1249 1711 1373 1755 sunt
1394 1718 1581 1768 causa,
1607 1715 1665 1758 ut
1698 1706 1767 1758 ita
1802 1707 2043 1773 dignosci
2078 1716 2254 1775 posset

680 1808 709 1844 e
741 1793 1064 1861 patriarchis
1081 1802 1134 1846 et
1154 1794 1423 1862 episeopis
1456 1796 1703 1862 quisnam
1730 1796 2055 1851 Manichrens
2078 1807 2251 1861 esset;

2342 623 2477 673 enim
2510 636 2736 690 unquam
2782 621 3110 671 immundum
3165 630 3257 672 aut
3298 622 3559 684 impurum
3616 621 3815 673 comedi
3848 622 3914 674 “.

2344 712 2541 765 Vocem
2575 710 2814 765 secundo
2850 714 2914 763 ad
2954 711 3127 778 ipsum
3174 712 3387 765 venisse
3418 727 3432 764 :
3469 710 3740 780 Quidquid
3785 728 3917 780 pur-

2344 805 2543 872 gaverit
2593 802 2750 867 Deus,
2804 813 2859 855 tu
2909 819 2970 856 ne
3007 801 3229 871 polluito
3255 817 3273 854 :
3307 818 3368 856 ac
3422 819 3543 856 cttm
3585 804 3685 856 hoc
3720 803 3796 856 illi
3836 811 3922 854 ter

2346 915 2371 948 a
2410 913 2541 951 voce
2575 898 2862 965 repetitum
2913 896 3125 961 fuisset,
3182 913 3413 951 rursum
3475 899 3529 953 in
3588 899 3787 953 malum
3822 914 3920 951 su—

2348 989 2552 1041 blatum
2615 988 2785 1043 fuisse
2836 988 3086 1042 linteum.
3140 988 3446 1043 Confirmat
3505 998 3683 1043 autem
3751 990 3854 1042 hoc
3892 1006 3917 1039 a

2351 1080 2511 1134 Petro
2543 1081 2770 1142 dictum,
2821 1097 2943 1135 cum
2988 1097 3129 1134 unus
3163 1097 3193 1135 e
3232 1082 3505 1150 primariis
3563 1083 3834 1150 apostolis
3864 1097 3916 1135 ct

2350 1174 2469 1226 fidei
2506 1174 2779 1227 columnis
2828 1172 3009 1236 fio-rit,
3071 1174 3230 1239 cuius
3288 1172 3515 1245 [dicta]
3572 1174 3812 1241 recipere
3866 1185 3911 1223 et

2354 1263 2602 1331 amplecti
2639 1264 2810 1319 decet.
2849 1262 2980 1314 illud
3015 1262 3225 1315 Domini
3259 1264 3466 1317 ChriSti
3506 1264 3737 1327 factum,
3763 1264 3910 1331 quod

2356 1362 2589 1405 mactato
2624 1363 2941 1407 vesceretnr
2968 1361 3020 1405 et
3060 1354 3271 1420 quaevis
3326 1355 3582 1407 animalia
3633 1370 3728 1408 esu
3766 1355 3914 1408 licita

2355 1459 2496 1497 esse.
2560 1444 2740 1510 Quare
2802 1445 3101 1512 suspicioni
3160 1446 3429 1500 obnoxius
3485 1445 3542 1499 fit
3610 1446 3922 1515 quicunque

2357 1537 2537 1590 carnis
2568 1552 2718 1589 esum
2772 1547 3057 1589 aversatus
3098 1535 3258 1591 fuerit
3291 1546 3344 1590 et
3378 1538 3616 1591 alienum
3667 1552 3727 1592 se
3758 1552 3786 1589 a
3825 1538 3928 1589 Do-

2362 1629 2488 1681 mini
2526 1629 2698 1681 nostri
2733 1629 2936 1682 Christi
2994 1630 3247 1684 instituto
3301 1631 3541 1683 ostendit
3594 1640 3648 1683 et
3683 1647 3709 1681 a
3766 1629 3929 1683 Petro

2360 1718 2729 1784 apostolorum
2760 1720 3045 1788 Coryphaei)
3074 1736 3087 1782 ;
3137 1720 3274 1773 adeo
3309 1729 3367 1772 ιιι
3402 1720 3681 1775 sententia
3715 1730 3928 1783 nostra,

2364 1809 2611 1877 quisquis
2643 1818 2879 1863 mactato
2917 1825 3022 1862 non
3094 1819 3363 1874 vescatur,
3397 1811 3641 1878 religioni
3677 1811 3932 1864 christia-

687 1889 749 1933 ιιι
793 1881 898 1934 hoc
935 1891 1092 1949 pacto
1119 1882 1366 1933 carnium
1400 1899 1494 1935 esu
1549 1886 1701 1938 irrita
1752 1885 2074 1939 redderetur
2105 1886 2250 1953 ipso-

2375 1918 2437 1955 ιιι)
2464 1903 2803 1955 contradicat
2839 1913 2892 1956 et
2946 1903 3365 1957 Manichtenrum
3425 1912 3629 1958 sectam
3693 1913 3929 1965 astruai,

684 1990 802 2025 rum
856 1974 1047 2042 religio
1082 1981 1133 2025 et
1175 1975 1520 2028 solverentur
1571 1977 1738 2045 leges.
1796 1976 2073 2031 Manichmi
2111 1978 2255 2032 enim

684 2080 783 2117 nec
818 2074 1054 2119 mactare
1092 2066 1293 2118 animal
1352 2067 1563 2119 licitum
1628 2071 1855 2133 ducunt,
1912 2084 2012 2122 nec
2071 2084 2258 2134 carne,

683 2156 766 2208 vel
806 2158 914 2208 alio
948 2159 1201 2225 quopiam
1241 2156 1385 2226 quod
1423 2159 1491 2213 ab
1525 2159 1802 2215 animante
1860 2164 2133 2231 provenit,
2174 2163 2257 2215 ul-

686 2251 903 2303 latenus
932 2259 1251 2303 vescuntur.
1287 2248 1647 2318 Metropolitae
1703 2264 1880 2305 autem
1922 2266 1975 2308 et
2004 2257 2252 2325 episcopi

684 2342 923 2414 .Egyptii
971 2344 1215 2413 plerique.
1245 2345 1525 2401 Manichtei
1559 2355 1735 2401 erant.
1772 2346 2102 2404 l’atriarchae
2130 2366 2260 2421 ergo

684 2438 996 2503 orthodoxi,
1036 2454 1157 2491 cmn
1192 2439 1465 2507 episeOpis
1489 2448 1542 2493 et
1576 2441 1882 2501 menachis.
1914 2458 2078 2497 carne
2113 2446 2250 2509 suis,

698 2528 851 2581 festis
886 2528 1202 2592 Dominicis,
1241 2532 1648 2597 vescebantur;
1708 2531 2131 2588 Manicbzeorum
2163 2551 2259 2588 au-

688 2630 797 2673 tem
831 2623 1215 2689 metropolitae.
1253 2639 1374 2675 cum
1411 2622 1683 2692 episcnpis
1717 2632 1769 2679 et.
1807 2626 2092 2681 monachis
2115 2626 2257 2693 suis,

689 2712 758 2764 iis
793 2712 1163 2775 abstinebant,
1200 2723 1360 2782 atque
1398 2730 1585 2767 carum
1639 2716 1756 2769 vice
1806 2716 2045 2785 piscibus
2074 2735 2261 2774 vesce-

693 2803 915 2865 bantur,
950 2819 1043 2858 eos
1075 2806 1259 2859 carnis
1295 2806 1414 2859 loco
1461 2816 1755 2875 ponentes,
1812 2824 1935 2862 cum
1990 2811 2167 2877 pisces
2203 2813 2256 2864 in

691 2896 1049 2951 animantium
1088 2913 1314 2951 numero
1346 2895 1476 2951 sint.
1541 2897 1652 2953 lloc
1688 2902 2084 2956 observabatur
2121 2913 2260 2955 tem-

691 3005 821 3056 pore
853 2987 1025 3043 Manis
1059 2988 1222 3060 516
1284 2991 1519 3045 haeretici
1586 2993 1834 3047 infidelis.
1866 2994 1983 3061 Ipsi»
2034 3012 2159 3048 vero
2211 3006 2263 3048 et
2310 2995 2318 3002 ’

690 3083 807 3147 ejus
874 3082 1098 3133 asseclis
1144 3098 1172 3132 α
1237 3084 1412 3135 melio
1452 3084 1701 3148 sublatis,
1752 3088 1953 3141 reversi
1995 3097 2121 3141 sunt
2166 3104 2261 3156 pa-

692 3174 945 3226 triarcha-
997 3175 1311 3241 orthodoxi,
1365 3192 1486 3229 cum
1546 3178 1816 3244 episcopis
1873 3188 1924 3231 et
1985 3180 2263 3233 ntonaibis

693 3267 832 3328 suis,
867 3268 930 3319 ad
969 3268 1283 3320 institutum
1327 3282 1487 3321 suum
1545 3269 1827 3337 antiquum
1860 3279 1913 3323 et
1946 3284 1973 3322 a
2017 3272 2263 3326 carnium

692 3371 788 3410 esu
833 3357 987 3413 festis
1026 3358 1322 3413 Dominicis
1356 3358 1727 3413 abstinebant.
1762 3360 1942 3427 lnquit
1983 3360 2110 3415 Said
2145 3363 2261 3415 Ebn

696 3449 879 3502 Batrik
938 3451 1223 3504 medicina:
1262 3451 1568 3515 studiosus,
1630 3467 1736 3504 non
1779 3454 2031 3521 permisit
2084 3454 2267 3507 Timo—

695 3543 855 3596 theus
890 3544 1197 3611 patriarcha
1233 3543 1639 3596 Alexandrinus
1669 3542 1790 3597 ideo
1822 3545 2084 3600 carnibus
2118 3547 2263 3600 vesci

695 3634 851 3689 festis
905 3633 1227 3696 Dominicis,
1282 3635 1427 3702 quod
1488 3634 1767 3689 Manicluei
1809 3637 2068 3704 appellati
2112 3635 2268 3692 Sadi-

695 3724 794 3778 limi
832 3740 1019 3779 earum
1051 3725 1166 3778 vice
1198 3725 1438 3792 piscibus
1469 3735 1713 3786 utantur,
1741 3742 1931 3780 verum
1968 3729 2115 3798 quod
2148 3744 2269 3784 car-

697 3820 845 3871 nium
881 3832 975 3870 esu
1011 3817 1351 3870 immolatum
1409 3816 1707 3881 innuebat;
1739 3818 1918 3886 pisces
1954 3829 2135 3874 autem
2174 3838 2270 3890 pro

697 3910 975 3964 immolato
1008 3924 1115 3962 non
1146 3910 1435 3963 habentur.
1490 3909 1607 3961 Alia
1668 3925 1798 3964 vero
1848 3910 2267 3965 Manichtcorum

698 4012 845 4055 secta
880 4017 1000 4070 qua:
1033 4000 1384 4063 Sanunacun,
1425 4000 1473 4052 id
1508 4009 1592 4054 est
1651 4002 1871 4070 piscarii
1906 4003 2268 4070 appellantur,

700 4107 883 4160 pisces
939 4089 1323 4152 comedebant,
1376 4090 1522 4159 qttod
1587 4091 1620 4143 ii
1676 4107 1774 4159 pro
1820 4093 2102 4145 immolato
2162 4111 2267 4147 non

703 4184 1038 4245 habeantur;
1075 4195 1127 4235 at
1160 4183 1227 4234 ab
1257 4198 1351 4234 esu
1384 4184 1588 4243 carnis,
1626 4185 1769 4251 quod
1834 4184 2112 4237 immolata
2151 4188 2273 4239 fni-—

703 4278 773 4327 t-it
811 4272 1323 4329 absﬁnentﬂernm
1387 4284 1573 4327 errant
1626 4276 1788 4329 etiam
1840 4276 2125 4331 .‘llanichaei
2164 4294 2272 4343 ap.

703 4368 885 4435 pcllati
908 4366 1161 4430 Sadilizei,
1194 4367 1286 4432 qui
1322 4365 1496 4434 pisces
1530 4367 1647 4421 loco
1669 4368 1857 4421 carnis
1887 4368 2111 4428 habent,
2144 4384 2268 4421 cum

708 4458 971 4511 hoinintts
1002 4457 1254 4510 Christus
1289 4471 1482 4511 carnes
1512 4456 1848 4522 comederit;
1905 4460 2048 4515 unde
2082 4475 2271 4515 neces-

705 4550 851 4602 sario
890 4549 1144 4602 omnibus
1192 4548 1283 4616 qui
1322 4548 1478 4601 fidem
1525 4548 1884 4601 christianam
1948 4552 2275 4617 profitentur
2310 4556 2352 4611 D
2382 4552 2726 4606 abstinebant
2780 4564 2942 4617 quam
3003 4565 3067 4601 ne
3124 4548 3597 4614 dignoscerentur.

707 4641 993 4704 incumbit,
1029 4649 1087 4692 ιιι
1118 4654 1283 4693 carne
1317 4648 1637 4703 vescantur,
1668 4639 1876 4692 Domini
1912 4642 2086 4694 nostri
2117 4642 2276 4694 Chri-

707 4734 778 4787 ιςιί
834 4732 1106 4802 exemplo,
1157 4750 1265 4785 uno
1316 4732 1507 4785 saltem
1567 4732 1863 4801 quotannis
1927 4735 2035 4789 die.
2073 4751 2177 4801 quo
2213 4735 2279 4786 ab

711 4825 909 4878 animis
942 4824 1057 4878 suis
1107 4824 1423 4890 scrupulum
1480 4833 1788 4881 amoveant.
1824 4832 1988 4893 atque
2021 4825 2276 4878 omnibus

712 4927 902 4969 notum
942 4914 1146 4969 faciant
1175 4916 1483 4969 contrarios
1546 4916 1643 4969 ire-
1685 4930 1743 4969 se
1798 4916 2059 4984 improha:
2109 4916 2280 4968 Mani-

713 5009 983 5061 clueorum
1003 5014 1181 5059 sertan
1211 5007 1264 5058 In
1293 5007 1442 5059 Actis
1460 5020 1588 5058 vero
1618 5005 2279 5073 scriptumcst“,Petrum,

713 5116 838 5153 cum
876 5100 926 5152 in
985 5101 1118 5151 urbe
1145 5097 1312 5166 Joppe
1339 5107 1483 5152 esset
1528 5098 1675 5151 domi
1710 5098 1929 5151 coriarii
1968 5097 2281 5166 cujusdam,

716 5193 806 5245 cui
838 5206 1035 5245 nomen
1076 5192 1294 5253 Simon,
1329 5203 1491 5258 atque
1527 5191 1724 5244 mdium
1763 5201 1961 5243 tectum
2006 5191 2137 5242 hora
2176 5189 2281 5240 dici

718 5292 868 5337 sexta
903 5291 1118 5337 oratum
1153 5282 1584 5346 conscendisset,
1624 5296 1827 5336 somno
1868 5281 2017 5349 gravi
2068 5295 2287 5345 correp-

719 5384 831 5424 tum
864 5371 1207 5434 dormivisse,
1240 5383 1400 5440 atque
1436 5369 1799 5441 517-519
1826 5370 2029 5443 interea
2087 5370 2284 5423 coelum

719 5473 966 5532 apertum
1007 5462 1235 5528 vidisse,
1288 5463 1431 5517 unde
1464 5462 1751 5517 descendit
1784 5463 2009 5515 linteum
2045 5462 2185 5528 quod
2220 5459 2285 5513 ad

720 5566 923 5608 terram
964 5570 1140 5624 usque
1171 5555 1520 5626 pertingeret,
1549 5556 1603 5609 in
1640 5570 1747 5623 quo
1772 5553 2019 5623 cujusvis
2045 5552 2289 5621 quadru—

726 5646 943 5713 pedium
982 5648 1200 5716 generis
1236 5662 1356 5716 que
1413 5645 1646 5702 interra
1700 5655 1825 5700 sunt
1880 5646 2059 5713 aliqua
2112 5653 2288 5702 erant,

726 5737 1079 5807 ferarumque
1138 5746 1193 5792 et
1249 5738 1531 5808 reptilium
1592 5746 1646 5791 et
1700 5736 2020 5798 volucrium,
2080 5749 2294 5802 unaque

724 5843 910 5884 vocem
928 5828 1471 5896 audiisscdicentem,
1514 5832 1674 5892 Πριις,
1706 5827 1855 5881 Petro
1909 5844 2076 5894 surge,
2120 5836 2289 5878 macta

840 5945 880 5976 "
911 5944 1028 5997 Act.
1060 5962 1111 6007 χ,
1158 5946 1217 5999 l5
1252 5961 1332 6006 sq.

2360 1997 2606 2061 exceptis
2640 1996 2966 2061 patriarchis
3003 2005 3056 2049 et
3095 1995 3371 2064 episc0pis
3400 2005 3453 2049 ct
3492 1996 3581 2063 qui
3609 1997 3774 2048 vitam
3812 2012 3931 2048 mo-

2364 2086 2628 2140 nasticam
2671 2087 2905 2153 professi
2960 2087 3203 2151 fuerint;
3252 2103 3376 2138 cum
3437 2087 3487 2138 hi
3547 2086 3728 2139 carnis
3778 2101 3933 2139 esum

2364 2192 2468 2229 non
2500 2186 2760 2245 respuant
2794 2177 2936 2245 quod
2977 2192 3103 2229 etim
3156 2176 3405 2229 illicitum
3444 2183 3649 2242 putent,
3682 2173 3775 2229 sed
3810 2174 3935 2225 abs-

2366 2270 2603 2322 tinentia:
2628 2278 2681 2323 et
2705 2269 3016 2323 reverentiae
3038 2268 3231 2327 gratia.
3255 2267 3394 2332 Quin
3421 2276 3473 2320 et
3491 2265 3661 2319 Graci
3694 2280 3781 2320 res
3804 2279 3935 2318 suas

2360 2376 2498 2429 aqua
2533 2361 2694 2430 520
2746 2361 2968 2415 abluere
2999 2362 3314 2421 noluerunt,
3352 2374 3469 2413 cum
3506 2358 3748 2427 plerique
3780 2358 3932 2425 ipso-

2362 2469 2480 2506 rum
2538 2452 2813 2506 Manichrei
2868 2462 3089 2506 essent:
3126 2451 3399 2504 Manichzei
3442 2458 3621 2503 autem
3674 2450 3931 2503 lotionem

2361 2559 2495 2611 aqua
2524 2542 2878 2613 peragendam
2902 2557 3005 2595 non
3030 2542 3280 2611 probant.
3302 2542 3477 2610 Atque
3503 2539 3589 2594 his
3607 2540 3765 2610 longo
3795 2549 3937 2593 tem-

2368 2634 2518 2703 porls
2552 2635 2785 2687 decursu
2812 2633 3167 2696 confirmatis,
3201 2633 3376 2685 adhuc
3403 2632 3634 2684 insIFtuti
3666 2631 3751 2684 sui
3784 2638 3937 2684 ten"-

2363 2740 2453 2777 ces
2518 2732 2753 2785 manent,
2810 2738 2877 2775 ne
2924 2737 3119 2789 aquam
3173 2721 3238 2771 ad
3282 2719 3566 2773 lavandum
3628 2719 3935 2772 adhibeant.

2363 2816 2445 2867 Ab
2464 2830 2602 2883 aqua
2624 2821 2800 2866 autem
2820 2813 2881 2865 ad
2913 2813 3199 2866 lavandum
3222 2811 3523 2864 adhibenda
3550 2824 3642 2863 eos
3668 2809 3938 2863 abstinere.

2363 2904 2553 2959 dicunt
2591 2905 2857 2966 nonnulli,
2890 2905 2959 2957 ob
2994 2905 3265 2958 intensum
3307 2902 3542 2970 regionis
3568 2917 3699 2968 suae,
3729 2917 3940 2965 unaque

2361 3013 2515 3065 aqua:
2549 2998 2601 3051 in
2650 3012 2709 3050 ea
2748 2996 2939 3063 frigus,
2970 2997 3102 3049 adeo
3126 3004 3183 3047 ut
3214 2995 3345 3063 ipsis
3377 2994 3569 3063 frigida
3602 3008 3661 3047 se
3690 2994 3774 3047 abl
3790 3009 3939 3051 uere,

2363 3098 2555 3160 hyeme
2614 3091 2939 3159 praesertim,
2980 3089 3399 3157 haudquaquam
3468 3086 3738 3155 expediat,
3791 3086 3940 3139 ideo-

2366 3197 2471 3248 que
2495 3196 2593 3235 nec
2622 3182 2790 3248 ipsam
2822 3182 2891 3233 ob
2916 3180 3129 3248 frigoris
3161 3180 3553 3233 vehementiam
3578 3186 3940 3233 contrectant.

2438 3271 2853 3325 lllaniclueornin
2887 3287 3013 3324 vero
3042 3270 3149 3325 duo
3177 3272 3409 3331 sunt,uti
3445 3270 3555 3338 jam
3589 3270 3795 3324 dictum
3834 3279 3937 3333 est,

2366 3378 2585 3431 genera.
2639 3362 2732 3416 alii
2767 3361 3041 3415 Samakini
3079 3362 3163 3429 (id
3196 3365 3308 3429 est)
3340 3361 3557 3429 piscarii
3595 3376 3609 3425 ;
3644 3360 3733 3413 alii
3785 3360 3944 3413 Sadi-

2369 3454 2506 3507 bini.
2587 3453 2864 3507 Samakini
2944 3454 3266 3518 praestitutis
3324 3454 3534 3519 aliquot
3598 3452 3943 3521 singulorum

2371 3548 2637 3601 inensium
2714 3546 2907 3600 diebus
2960 3545 3247 3612 jejunant;
3310 3544 3556 3598 Sadikini
3615 3551 3798 3597 autem
3842 3544 3948 3611 per

2370 3646 2535 3690 totam
2591 3636 2752 3690 vitam
2810 3636 3083 3705 jejunant,
3144 3635 3279 3688 nihil
3323 3651 3547 3703 prorsus
3598 3634 3743 3687 aliud
3780 3649 3948 3701 quam

2370 3730 2514 3798 quod
2548 3728 2866 3798 produxerit
2906 3738 3046 3781 terra
3077 3726 3448 3781 comedentes.
3489 3725 3624 3779 Cum
3662 3740 3793 3791 ergo
3825 3725 3949 3777 lidei

2371 3820 2686 3875 christiana:
2721 3818 3120 3889 professionem
3180 3818 3235 3870 in
3265 3832 3324 3871 se
3389 3818 3732 3885 susciperent
3788 3815 3946 3870 Sadi-

2374 3912 2505 3973 kini,
2539 3919 2837 3967 metuentes
2891 3926 2957 3963 ne
2988 3909 3031 3962 si
3087 3924 3117 3963 a
3173 3908 3421 3962 carnium
3459 3924 3555 3963 esu
3588 3908 3953 3969 abstinerent,

2374 4006 2595 4073 quinam
2630 4012 2817 4058 essent
2855 4010 3166 4071 perspecto,
3228 4010 3401 4055 morte
3436 4000 3803 4063 afficerentur,
3848 4002 3952 4055 sibi

2375 4098 2509 4165 ipsis
2543 4096 2749 4163 jejunia
2786 4094 3209 4157 constituentes,
3264 4094 3334 4147 ob
3370 4092 3509 4147 festa
3541 4091 3867 4147 Nativitatis
3903 4104 3955 4147 et

2377 4188 2433 4241 Β.
2468 4188 2706 4257 Virginis
2760 4196 2814 4241 et
2850 4187 3220 4256 apostolorum
3278 4185 3618 4252 jejunart'tnt,
3657 4200 3684 4237 a
3720 4185 3953 4250 piscium

2374 4296 2469 4335 esu
2507 4280 2628 4333 istis
2682 4276 2907 4345 jejuniis
2947 4292 3006 4332 se
3040 4278 3407 4338 continentes,
3464 4276 3608 4344 quod
3652 4275 3775 4329 ideo
3818 4275 3956 4330 fece-

2378 4382 2504 4424 runt
2545 4381 2601 4424 ut
2650 4370 2766 4424 dies
2797 4370 2922 4423 anni
2971 4368 3282 4436 jejunantes
3345 4367 3715 4429 absolverent,
3778 4383 3957 4435 neque

2378 4463 2537 4514 aliam
2594 4462 2663 4515 ob
2696 4474 2921 4517 causam
2964 4459 3195 4526 piscium
3252 4472 3347 4511 esu
3400 4457 3546 4510 inter
3592 4458 3955 4525 jejnnandum

3678 4545 3957 4600 Sneecssu

2384 4644 2577 4696 deinde
2629 4644 2887 4709 temporis
2943 4641 3204 4693 diuturno
3240 4636 3600 4708 521-523
3661 4639 3847 4691 evenit
3902 4646 3959 4689 nt

2385 4736 2623 4801 ipsorum
2662 4733 2862 4785 factum
2921 4731 3023 4784 hoc
3067 4731 3420 4783 imitarentur
3462 4727 3810 4785 Nestoriani,
3852 4728 3957 4781 Ja-

2383 4822 2577 4875 Cobiln-
2594 4830 2645 4875 et
2673 4820 2969 4880 Maronitas,
3012 4824 3151 4889 apud
3184 4836 3323 4889 quos
3348 4820 3448 4872 hoc
3475 4821 3523 4872 in
3559 4835 3768 4871 rnorem
3805 4822 3956 4872 abiit.

2385 4913 2521 4966 Tum
2552 4924 2605 4967 et
2639 4914 2950 4967 Graecorum
2987 4911 3363 4965 Melchitarutn
3399 4910 3648 4963 nonnulli
3699 4912 3805 4963 hoc
3838 4928 3960 4980 pro-

2384 5005 2597 5067 bantes,
2638 5004 2777 5058 idem
2810 5004 2971 5057 etiam
3024 5004 3123 5069 ipsi
3169 5018 3361 5058 eorum
3397 5002 3645 5070 exemplo
3685 5000 3959 5065 fecerunt,

2387 5097 2611 5164 piscium
2649 5110 2801 5147 csum
2836 5094 3174 5162 jejuniorum
3223 5094 3455 5148 istorum
3511 5108 3631 5161 qum
3670 5096 3961 5147 recensui-

2389 5200 2508 5239 nms
2541 5193 2781 5252 tempere
2809 5185 3157 5249 amittentes;
3208 5182 3280 5234 illi
3319 5182 3589 5249 praecipue
3624 5196 3823 5241 eorum
3868 5183 3957 5250 qui

2389 5280 2442 5331 in
2484 5278 2795 5342 regionibus
2852 5277 3053 5345 degunt
3089 5278 3139 5327 in
3176 5276 3377 5345 quibus
3436 5274 3838 5328 Mobammedis
3881 5291 3962 5327 re-

2390 5370 2514 5439 ligio
2573 5369 2765 5423 lloret:
2826 5368 2970 5436 quod
3032 5377 3210 5421 tamen
3275 5365 3965 5421 nececonsueludinibns

2391 5455 2683 5509 traditione
2736 5454 2999 5518 acceptis,
3058 5468 3159 5508 nec
3195 5468 3225 5507 e
3262 5454 3424 5507 rebus
3482 5453 3739 5506 mandato
3781 5454 3966 5521 aliquo

2392 5547 2647 5601 Stabililis
2681 5549 2820 5613 apud
2856 5548 3003 5613 ipsos
3040 5552 3144 5601 est.
3180 5544 3354 5601 Graeci
3391 5546 3536 5599 enim
3586 5544 3857 5601 Melchita:
3890 5544 3967 5613 pi-

2392 5639 2564 5691 scium
2625 5654 2723 5692 esu
2781 5638 2994 5692 duobus
3050 5637 3245 5691 diebus
3328 5631 3655 5706 insignibus,
3714 5637 3967 5690 videlicet

2396 5730 2648 5785 Mercurii
2686 5738 2739 5785 et.
2796 5728 3049 5792 Veneris,
3110 5744 3206 5797 per
3261 5738 3428 5781 totum
3493 5729 3619 5780 anni
3673 5727 3967 5781 decursum

2397 5823 2693 5887 abstinent,
2734 5830 2790 5874 ut
2830 5830 2883 5875 ct
2919 5821 3004 5874 die
3039 5818 3364 5890 παραμονῆς
3416 5815 3655 5888 [uigiliirl
3692 5833 3801 5886 quo
3844 5826 3968 5869 ante
