4200 6432
199 399 336 461 1025

1591 386 1959 446 ANNALES.

3303 376 3439 440 10236

194 507 437 561 Natalem
488 506 760 577 jejunant,
823 519 922 560 nec
979 519 1087 559 non
1147 501 1234 557 die
1291 490 1617 574 παραμὸνῆς
1665 499 1755 568 qtti
1791 506 1832 561 Α
1864 497 1995 566 piat.
2027 493 2169 549 Dixit
2202 510 2329 565 ergo
2354 492 2730 563 Theophilus:
2767 490 2874 562 Ego
2898 489 2986 545 illa
3021 488 3441 558 interpretabor.

194 599 551 668 Epiphaniam
580 598 873 666 praecedit;
907 596 1105 665 quibus
1134 594 1324 649 diebus
1350 596 1491 649 inter
1515 592 1764 663 jejunan-

198 694 324 743 dum
355 691 603 759 piscibus
629 689 772 742 haud
828 697 1146 749 vescuntur,
1180 687 1306 755 quia
1341 685 1430 739 die
1453 701 1479 738 s
1514 684 1648 738 istos
1676 698 1741 735 eo

195 783 314 835 dem
350 784 472 835 loco
510 782 711 835 habent
761 793 871 848 quo
900 778 1163 847 jejunium
1220 792 1501 843 magnum.
1556 776 1765 842 Quibus

195 890 322 945 ergo
349 890 379 928 e
405 872 614 929 Graecis
647 876 823 926 visunt
857 884 940 926 est
972 872 1179 926 Natalis
1226 871 1285 923 Β.
1314 869 1573 940 Virginis,
1606 879 1766 938 atque

200 969 572 1038 apostolorum
607 966 779 1034 gratia
834 966 1103 1035 jejnuare,
1136 965 1237 1017 tria
1273 963 1375 1017 ista
1406 962 1611 1032 jejunia
1665 965 1761 1016 ob-

198 1054 440 1124 servaitt,
476 1060 655 1129 pisces
690 1060 908 1112 interim
943 1055 1318 1120 comedentes,
1378 1070 1610 1124 quorum
1665 1069 1763 1107 esu

200 1150 453 1206 Mercurii
486 1150 573 1203 cui
631 1159 842 1204 tantum
874 1158 927 1203 et
973 1146 1204 1201 Veneris
1238 1146 1431 1202 diebus
1466 1149 1762 1200 abstinent.

204 1242 405 1294 Eodem
438 1240 670 1301 inodo,si
698 1240 784 1294 cui
806 1240 980 1293 visum
1002 1244 1089 1292 est
1120 1236 1310 1291 diebus
1326 1235 1573 1290 Mercurii
1606 1233 1767 1289 etVe-

203 1330 352 1384 neris
393 1346 488 1398 per
518 1339 690 1384 totum
743 1344 947 1381 annum
1003 1327 1275 1397 jejuuare,
1318 1328 1395 1381 illi
1435 1327 1763 1394 permissum

200 1430 282 1474 est
309 1424 473 1475 etiam
512 1420 578 1474 ad
606 1434 807 1473 nonam
829 1419 1077 1489 jejunare
1103 1428 1157 1474 et
1189 1420 1434 1487 piscibus
1466 1417 1762 1471 abstinere.

204 1509 391 1577 Neque
417 1510 562 1561 enim
596 1508 699 1562 hoc
729 1523 955 1562 necesse
991 1516 1098 1565 est.
1128 1522 1228 1561 nec
1264 1506 1498 1575 cuipiam
1538 1506 1766 1575 permiso

201 1617 323 1670 sum
372 1597 535 1670 524
567 1609 627 1652 ιιι
655 1599 863 1668 jejunia
899 1601 1200 1652 observans
1234 1591 1462 1666 piscium
1495 1615 1649 1654 esum
1685 1600 1768 1651 in-

204 1667 683 1757 ter'jcj'uua—ndum
715 1667 946 1751 abnuat,
1007 1686 1107 1738 nisi
1161 1687 1354 1741 diebus
1410 1685 1666 1741 Mercurii
1716 1697 1769 1739 et

204 1781 429 1834 Veneris
468 1780 573 1851 {uti
599 1779 711 1847 jam
740 1777 948 1832 dictum
984 1778 1093 1850 est]
1146 1787 1199 1833 et
1229 1778 1283 1831 in
1312 1777 1520 1845 jejunio
1554 1792 1768 1847 magno,

205 1886 302 1925 nec
333 1886 443 1924 non
481 1870 624 1923 binis
658 1852 866 1937 vigiliis
901 1884 1021 1937 qua:
1083 1870 1219 1923 festa
1273 1868 1480 1922 Natalis
1535 1878 1589 1923 et
1641 1868 1771 1938 Epi-

206 1964 423 2033 phania:
464 1962 798 2029 praecedunt.
836 1962 905 2013 At
962 1960 1209 2021 nonnulli
1270 1958 1582 2014 Graecorum
1640 1961 1767 2015 Mel-

204 2055 481 2108 chitarum
516 2053 570 2105 iit
597 2050 843 2121 jejuniis,
888 2051 1049 2105 etiam
1106 2051 1165 2104 Β.
1204 2049 1444 2121 Virginis
1474 2053 1646 2121 gratia
1676 2058 1769 2108 ob-

203 2146 511 2212 servandis,
549 2161 577 2200 a
613 2148 845 2217 piscium
879 2162 976 2201 esu
1009 2161 1068 2201 se
1102 2148 1406 2202 continent.
1443 2148 1611 2213 Quem
1643 2162 1764 2202 mo-

205 2255 319 2295 rem
348 2239 655 2293 hauserunt
690 2254 720 2292 e
759 2238 939 2308 typico
970 2238 1145 2293 sancti
1179 2237 1292 2291 Mar
1320 2237 1513 2302 Saba;
1551 2253 1650 2292 nec
1684 2247 1769 2291 est

203 2333 256 2384 in
314 2345 505 2385 eorum
564 2330 894 2385 abstinentia
949 2330 1053 2384 ista
1108 2338 1413 2398 peccatum.
1477 2330 1581 2394 Qui
1633 2329 1769 2383 alias

203 2424 401 2476 statuit
436 2422 553 2489 ipse
593 2432 798 2491 peccat,
850 2421 1066 2490 legique
1098 2422 1431 2475 contradicit
1456 2429 1504 2475 et
1541 2422 1765 2474 manda-

204 2526 317 2566 tum
354 2516 538 2568 solvit.
576 2514 647 2569 Ut
694 2523 873 2566 autem
912 2513 978 2565 ad
1032 2514 1313 2565 historiam
1356 2512 1425 2566 de
1460 2512 1768 2567 Theodosio

202 2616 256 2658 ct
285 2605 609 2673 Theopliilo,
663 2605 719 2657 in
768 2621 874 2673 qua
936 2607 1241 2659 enarranda
1275 2605 1501 2668 fuimus,
1532 2618 1770 2659 reverta-

206 2714 350 2750 mur.
384 2695 725 2765 Theophilus
758 2682 1055 2750 Theodosii
1108 2697 1252 2764 regis
1285 2697 1494 2751 amicus
1532 2695 1600 2748 ad
1651 2712 1775 2764 por-

206 2800 315 2843 tam
340 2790 517 2859 ipsius
553 2790 820 2859 integrum
864 2805 1065 2843 annum
1104 2796 1347 2842 moratus
1393 2790 1571 2859 ipsum
1626 2789 1769 2843 haud

203 2890 579 2935 convenerat:
634 2878 883 2948 quamvis
941 2879 1085 2933 enim
1137 2879 1379 2945 quotidie
1440 2880 1507 2931 ad
1557 2890 1766 2948 portam

209 2972 354 3039 regis
384 2969 653 3024 accedens
679 2970 952 3038 janitores
1005 2983 1218 3038 rogaret
1251 2978 1416 3038 atque
1454 2980 1771 3039 precaretur

208 3068 266 3110 ut
301 3061 371 3111 ab
412 3060 532 3127 ipso
572 3059 636 3110 ad
688 3073 865 3127 regem
902 3059 1148 3112 chartam
1204 3059 1501 3123 deferrent,
1553 3060 1623 3112 ab
1668 3060 1776 3113 illis

205 3150 458 3219 repulsus
492 3164 556 3204 ac
587 3151 898 3245 proh—ibitus
946 3149 1149 3245 fuerat.
1181 3151 1339 3204 Anno
1372 3161 1549 3204 autem
1582 3152 1770 3220 elapso
1801 3189 1844 3245 ε

206 3255 340 3293 ecce
371 3240 669 3307 imperator
706 3237 1051 3293 Theodosius
1105 3238 1245 3292 inter
1282 3238 1549 3293 orandum
1587 3255 1773 3295 vocem

207 3329 419 3384 audivit
438 3344 556 3399 qua:
587 3330 687 3398 ipsi
719 3330 921 3384 diceret
951 3345 966 3382 :
991 3328 1035 3382 Ο
1061 3329 1352 3395 Theodosi,
1380 3332 1538 3384 amici
1563 3344 1614 3385 et
1641 3334 1774 3386 socii

207 3424 285 3476 tui
325 3421 616 3490 Theophili
669 3423 869 3475 oblitus
918 3436 998 3477 es.
1050 3420 1385 3490 Dicenteque
1414 3421 1763 3477 Theodosio:

208 3512 437 3566 Domine
466 3512 561 3577 tui,
603 3521 656 3565 tu
691 3514 815 3581 quis
862 3512 966 3566 es?
1021 3512 1121 3581 ipsi
1189 3514 1539 3582 responderet
1597 3530 1611 3565 :
1663 3514 1776 3584 Ego

210 3606 291 3655 vir
323 3616 445 3656 sum
480 3602 573 3669 qui
608 3612 785 3656 tecum
821 3603 874 3655 iti
904 3603 1120 3657 deserto
1151 3603 1230 3656 fui
1262 3622 1275 3657 :
1336 3612 1389 3657 et
1421 3607 1771 3672 quemadmo-

206 3697 335 3748 dum
368 3704 421 3748 te
454 3709 633 3762 regem
661 3694 942 3757 constitui,
996 3695 1067 3746 ita
1102 3703 1156 3746 et
1207 3693 1565 3763 Theophilum
1601 3698 1769 3763 patri-

209 3787 434 3839 archam
464 3788 763 3837 constituo.
817 3782 1013 3837 Statim
1051 3799 1186 3854 ergo
1239 3786 1387 3839 misit
1436 3784 1775 3841 Theodosius

208 3874 535 3927 accersitum
560 3872 944 3942 Theophilum,
972 3889 1132 3941 quem
1163 3876 1214 3925 in
1243 3876 1587 3940 praesentiam
1619 3891 1770 3929 suam

211 3966 514 4019 admissum
549 3973 839 4034 postquam
871 3963 1223 4033 525-517
1247 3967 1419 4033 ipsum
1451 3966 1773 4033 salutasset,

210 4059 281 4108 ita
309 4056 505 4109 allatus
541 4064 626 4110 est
659 4070 747 4109 rex
782 4074 796 4110 :
836 4054 1007 4108 Crede
1065 4058 1220 4118 mihi,
1255 4056 1324 4108 mi
1359 4056 1546 4121 frater,
1584 4073 1669 4110 me
1698 4058 1774 4110 ttti

208 4149 440 4201 oblitum
479 4148 669 4212 fuisse,
703 4156 864 4214 teque
899 4147 1028 4199 mihi
1062 4163 1091 4199 e
1127 4149 1385 4199 memoria
1428 4149 1641 4215 penitus
1674 4166 1771 4201 ex-

208 4238 432 4296 cidisse,
458 4235 632 4289 donec
665 4236 781 4289 lteri
811 4238 952 4287 inter
992 4236 1283 4297 orandum,
1337 4253 1483 4297 ecce,
1550 4252 1634 4287 me
1688 4242 1773 4289 in-

209 4332 478 4390 clamans,
512 4327 593 4379 vir
619 4328 706 4379 ille
742 4336 902 4393 quem
965 4325 1017 4377 in
1061 4338 1254 4377 somno
1310 4326 1415 4375 vidi
1479 4337 1529 4377 te
1561 4327 1690 4378 mihi
1720 4328 1772 4378 in

210 4419 533 4473 memoriam
567 4421 862 4471 revocavit.
912 4414 1211 4482 Respondit
1244 4414 1579 4483 Theophilus
1608 4435 1619 4468 :
1661 4420 1772 4487 Ego

208 4513 374 4565 etiam
408 4510 528 4563 heri
580 4510 634 4562 in
664 4509 880 4562 somnio
916 4510 1022 4561 vidi
1058 4510 1344 4577 Quemdam
1394 4513 1485 4578 qui
1528 4511 1657 4562 mibi
1690 4511 1771 4564 di-

212 4611 363 4657 ceret
400 4618 414 4654 :
454 4599 609 4653 Sicut
640 4598 1008 4653 Theodosium
1048 4613 1229 4668 regem
1266 4602 1550 4665 constitui,
1608 4604 1680 4655 ita
1720 4612 1772 4657 et

212 4704 261 4746 te
293 4691 669 4761 patriarcham
699 4692 997 4742 constituo.
1049 4687 1184 4742 Ecce
1223 4698 1401 4742 autem
1459 4692 1777 4759 colloquen-

212 4787 363 4839 tibus
394 4783 553 4852 ipsis,
592 4782 879 4852 ingressus
914 4781 1121 4849 janitor
1177 4781 1286 4849 regi
1337 4784 1629 4845 nuntiavit,
1679 4790 1769 4837 att-

211 4871 432 4925 venisse
492 4870 835 4924 Alexandriae
888 4868 1119 4933 incolas,
1171 4871 1264 4937 qui
1337 4871 1580 4925 dicerent
1634 4889 1778 4927 mor-

208 4975 367 5017 tnum
397 4977 524 5016 esse
578 4959 929 5014 Timotheum
961 4961 1346 5027 patriarcham,
1380 4977 1442 5017 ac
1476 4966 1649 5017 virum
1686 4981 1780 5034 pe-

212 5061 393 5108 terent
428 5068 590 5118 quem
625 5052 991 5121 patriarcham
1042 5053 1475 5106 constituerent:
1517 5070 1608 5107 rex
1649 5070 1777 5125 ergo

211 5143 400 5193 statim
428 5138 796 5208 Theophilum
838 5140 1205 5209 patriarcham
1231 5144 1569 5197 coarstituens
1597 5145 1774 5213 ipsum

210 5228 599 5285 Alexandriam
643 5229 805 5292 misit,
833 5231 925 5294 qui
960 5229 1032 5282 ibi
1060 5243 1231 5282 annos
1254 5232 1439 5299 viginti
1466 5243 1585 5285 octo
1615 5235 1775 5298 sedit,

209 5322 332 5374 dein
373 5329 628 5372 mortuus
664 5326 767 5372 est.
804 5316 1141 5385 Theophilus
1194 5330 1374 5373 autem
1413 5322 1505 5374 tibi
1542 5324 1778 5374 Alexan-

210 5418 388 5467 driam
425 5413 792 5482 pervenisset,
832 5413 975 5464 idola
1010 5420 1279 5479 quotquot
1319 5413 1372 5464 in
1429 5429 1490 5465 ea
1532 5419 1775 5479 tneruttt,

208 5507 502 5572 confregit.
546 5500 778 5569 Fuitque
838 5504 1180 5556 Alexandria:
1238 5504 1601 5571 pavimentum
1662 5522 1777 5559 ina-

209 5613 377 5665 gnutn
416 5608 779 5647 marmoreum
813 5593 901 5646 cui
955 5594 1216 5661 inscripta
1248 5604 1405 5646 erant
1460 5598 1559 5647 tria
1604 5594 1776 5650 Tltcta

213 5690 253 5739 θ
288 5688 330 5739 Θ
367 5686 411 5739 Θ
460 5695 516 5739 ct
569 5686 623 5737 in
671 5684 904 5738 circuitu
957 5687 1251 5753 ascriptum
1291 5704 1303 5736 :
1350 5685 1452 5750 Qui
1512 5688 1610 5741 tria
1662 5690 1775 5743 haec

212 5779 384 5833 Theta
429 5777 816 5842 interpretatus
846 5774 1028 5844 fuerit,
1080 5774 1225 5846 quod
1281 5775 1382 5832 sub
1414 5778 1481 5833 iis
1512 5788 1592 5833 est
1630 5781 1773 5835 acci-

1873 586 2044 640 Theta
2070 586 2300 655 primum
2329 594 2412 638 est
2442 584 2575 646 Θεὸς
2601 581 2746 651 quod
2777 590 2863 636 est
2897 583 3039 635 Deus
3065 596 3079 644 ;
3110 580 3442 644 secundum,

1875 674 2220 730 Theodosius
2277 690 2406 738 rex;
2435 673 2681 735 tertium,
2725 670 3059 740 Theophilus
3087 670 3443 737 patriarcha.

1876 771 2013 823 Tutu
2048 768 2266 823 sublato
2311 768 2627 836 pavimento
2669 779 2922 833 magnam
2963 766 3066 818 sub
3098 779 3162 817 eo
3200 767 3445 833 pecuniae

1876 862 1982 914 vim
2016 862 2234 928 reperit,
2271 860 2430 929 cujus
2486 875 2606 911 cuni
2664 874 2758 927 per
2811 859 3022 911 litteras
3079 857 3445 911 Theodosium

1873 968 2050 1019 regem
2084 952 2372 1005 certiorem
2430 950 2674 1011 fecisset,
2709 950 2988 1018 rescripsit
3026 950 3117 1003 ille
3154 966 3166 1001 :
3208 948 3445 1003 Pecunia

1873 1044 1974 1095 ista
2012 1044 2273 1097 ecclesias
2300 1050 2547 1097 exstrue.
2591 1040 2757 1111 528
2791 1041 3074 1096 Exstruxit
3106 1056 3236 1109 ergo
3270 1040 3448 1094 Theo-

1880 1134 2067 1203 philus
2138 1136 2451 1203 patriarcha
2529 1136 2817 1188 ecclesiam
2898 1149 3147 1203 magnam
3227 1132 3449 1187 nomine

1874 1226 2167 1281 Theodosii
2224 1227 2389 1292 regis,
2432 1242 2593 1296 quain
2634 1236 2800 1279 totam
2854 1239 2990 1278 auro
3022 1226 3259 1278 obducto
3290 1238 3451 1278 orna-

1875 1319 2003 1382 vit,
2058 1318 2185 1387 quin
2241 1327 2293 1371 et
2355 1317 2491 1371 alias
2543 1317 2744 1371 multas
2796 1315 3141 1370 Alexandria.-
3188 1316 3449 1369 ecclesias

1877 1409 2097 1471 struxit,
2144 1424 2173 1462 e
2229 1423 2461 1476 quarum
2514 1422 2741 1460 numero
2774 1415 2904 1460 sunt
2953 1407 3182 1461 ecclesia
3236 1407 3451 1460 Sancta:

1874 1499 2055 1555 Maria:
2090 1509 2143 1554 et
2173 1500 2401 1554 ecclesia
2431 1496 2616 1552 Sancti
2645 1495 2895 1553 Joannis.

1974 1594 2143 1648 Porro
2172 1593 2284 1646 nati
2315 1604 2439 1647 sunt
2474 1590 2784 1645 Theodosio
2830 1591 3139 1661 itnpcratori
3181 1594 3289 1645 duo
3329 1591 3447 1653 lilii,

1880 1700 2110 1752 quorum
2164 1693 2291 1737 natu
2354 1684 2546 1751 majori
2606 1698 2805 1737 nomen
2867 1683 3062 1736 indidit
3122 1684 3447 1748 Arcadium;

1877 1776 2096 1841 minori,
2165 1773 2463 1829 Honorium
2534 1792 2547 1830 :
2600 1776 2821 1845 quibus,
2874 1790 2996 1828 cum
3054 1776 3448 1840 adolevissent,

1886 1865 2132 1938 quaesivit
2162 1866 2253 1935 qui
2302 1866 2456 1935 ipsos
2482 1864 2690 1919 litteras
2725 1867 2967 1921 doceret.
2994 1867 3128 1921 Cum
3169 1881 3305 1943 ergo
3338 1864 3447 1918 Ro-

1893 1975 2035 2013 mam
2067 1957 2305 2013 misisset
2336 1958 2625 2028 quarsitum
2659 1958 2831 2011 vitum
2855 1960 3153 2027 sapientem
3186 1958 3276 2028 qui
3312 1959 3450 2011 libe-

1885 2065 1972 2103 ros
2006 2064 2136 2103 suos
2194 2047 2530 2113 institueret,
2588 2049 2661 2102 ibi
2717 2049 3105 2119 philosophum
3158 2050 3446 2119 quemdam

1883 2141 2106 2194 nomine
2130 2140 2393 2193 Arsanctn
2430 2148 2780 2207 repererunt,
2821 2156 2983 2210 quem
3020 2140 3089 2195 ad
3127 2141 3306 2211 ips-tut
3344 2140 3449 2194 nii-

1883 2243 2091 2294 serunt,
2146 2233 2234 2300 qui
2270 2246 2400 2299 ergo
2458 2231 2584 2284 filiis
2616 2231 2763 2301 regis
2800 2230 3118 2287 erudiendis
3171 2232 3446 2286 incubuit.

1886 2322 1996 2376 ltex
2023 2333 2201 2377 autem
2231 2324 2319 2376 die
2351 2322 2613 2392 quodam,
2669 2338 2797 2377 cuin
2849 2325 3115 2378 Arsanem
3160 2324 3301 2377 inter
3346 2324 3449 2378 do-

1882 2416 2112 2469 cendum
2144 2425 2312 2479 stare,
2350 2416 2475 2471 filiis
2539 2416 2709 2485 ipsius
2749 2414 3087 2482 sedentibus,
3127 2416 3453 2487 conspexis-

1883 2516 1985 2568 set,
2021 2507 2151 2558 illud
2198 2505 2551 2573 improbans:
2585 2505 2662 2560 Ne
2704 2507 2925 2578 (inquit)
2958 2508 3060 2560 hoc
3107 2508 3276 2562 facias
3314 2523 3330 2560 :
3369 2522 3455 2561 re-

1884 2598 2188 2663 spondente
2226 2596 2469 2651 Arsaue:
2503 2597 2581 2651 Ita
2607 2598 2763 2652 decet
2795 2600 2849 2668 (ο
2897 2601 3012 2665 rex)
3052 2612 3135 2652 me
3165 2598 3302 2652 lilios
3328 2611 3450 2651 tuos

1884 2691 2115 2755 docere;
2144 2689 2308 2758 jussit
2338 2704 2433 2745 rex
2488 2690 2663 2759 ipsum
2715 2691 2924 2755 sedere,
2956 2691 3143 2760 illique
3172 2700 3230 2745 ut
3262 2708 3451 2747 coram

1884 2784 2000 2851 ipso
2044 2790 2253 2836 starent
2276 2780 2473 2837 facere.
2506 2781 2642 2836 Cum
2675 2793 2857 2837 autem
2885 2783 2996 2852 jam
3020 2794 3286 2855 quantum
3316 2800 3453 2853 opus

1892 2871 2171 2925 videretur
2202 2871 2616 2928 litterisimbuti
2649 2882 2853 2941 essent,
2886 2875 3125 2929 Arsancs
3157 2875 3452 2929 Arcadium

1886 2961 2208 3018 verberibus
2239 2962 2431 3018 durius
2469 2966 2705 3034 excepit,
2735 2965 2873 3019 adeo
2920 2974 2977 3018 ut
3008 2966 3251 3034 ipsorum
3288 2965 3452 3019 vesti-

1887 3054 2032 3122 gium
2075 3055 2187 3107 cuti
2238 3054 2410 3121 ipsius
2454 3054 2832 3124 imprimeret;
2886 3057 2957 3110 oh
2998 3057 3141 3124 quod
3187 3058 3454 3112 Arcadius

1887 3161 2014 3215 erga
2047 3146 2222 3214 ipsum
2265 3147 2400 3199 iram
2440 3146 2628 3200 animo
2655 3149 2930 3218 concepit.
2981 3148 3107 3203 Ideo
3128 3162 3303 3203 autem
3336 3152 3449 3219 pla-

1880 3238 1964 3307 gis
2024 3239 2197 3307 ipsum
2233 3236 2450 3292 allicere
2497 3238 2668 3292 voluit
2726 3240 2989 3305 Arsanes,
3022 3251 3102 3304 ut,
3160 3256 3282 3295 cum
3328 3249 3452 3307 post

1877 3338 2088 3397 patrem
2128 3344 2287 3383 suum
2341 3328 2566 3400 tm'perio
2604 3331 2892 3400 potiretur,
2930 3333 2975 3387 si
3011 3334 3175 3387 alicui
3223 3335 3450 3389 verbera

1878 3418 2046 3489 iulligi
2082 3421 2260 3485 vellet,
2315 3422 2600 3476 verberum
2649 3422 2804 3475 dolor
2843 3425 2942 3493 ipsi
3003 3426 3287 3479 monitoris
3334 3427 3452 3480 vice

1885 3518 2048 3565 esset.
2102 3511 2275 3565 Porro
2324 3526 2469 3565 anno
2520 3512 2731 3581 imperii
2771 3512 3063 3569 Theodosii
3098 3512 3260 3585 529
3288 3514 3444 3586 531

1878 3599 2052 3670 Magni
2082 3608 2291 3666 octavo,
2316 3612 2682 3672 apparuerunt
2727 3617 2877 3672 pueri
2941 3606 3016 3658 illi
3051 3607 3165 3675 qtti,
3202 3621 3232 3661 a
3280 3606 3451 3661 Ducio

1880 3706 2005 3761 rege
2062 3692 2187 3761 fuga
2248 3708 2307 3747 se
2363 3688 2753 3763 prolipientcs.
2806 3695 2858 3748 in
2907 3698 3163 3764 spelunca
3203 3698 3257 3750 in
3312 3698 3447 3753 urbe

1879 3784 2093 3854 Epheso
2151 3785 2528 3840 delituerant;
2569 3786 2736 3857 idque
2791 3788 2935 3857 quod
2982 3788 3148 3857 longo
3186 3792 3445 3860 temporis

1880 3878 2167 3931 intervallo
2224 3892 2349 3931 cum
2385 3890 2630 3946 pastores
2684 3880 2822 3932 inter
2883 3881 3276 3934 transeundum
3311 3884 3446 3937 late-

1880 3986 1989 4034 res,
2031 3971 2232 4039 quibus
2291 3971 2559 4039 spelunca:
2620 3971 2800 4025 aditus
2858 3970 3177 4028 obstructus
3242 3972 3445 4037 fuerat,

1880 4063 1994 4116 loco
2042 4076 2258 4115 movere
2293 4061 2439 4115 soliti
2481 4070 2685 4127 essent,
2727 4063 2865 4116 facta
2915 4071 3058 4119 esset
3097 4064 3273 4121 instar
3320 4069 3447 4121 ostii

1879 4164 2116 4220 apertus.
2172 4151 2484 4221 Experrecti
2536 4167 2665 4222 ergo
2694 4155 2868 4222 pueri,
2921 4170 2980 4209 se
3018 4171 3176 4209 unam
3233 4168 3441 4211 tantqu

1880 4254 2089 4296 noctem
2120 4243 2445 4297 dormivisse
2478 4252 2751 4311 putantes,
2786 4244 2935 4298 socio
2961 4260 3082 4308 suo,
3125 4246 3219 4314 qui
3258 4248 3441 4298 cibum

1879 4331 2011 4397 ipsis
2065 4344 2243 4383 emere
2291 4331 2544 4383 solebat:
2586 4330 2903 4396 Profectus,
2964 4332 3234 4400 inquiunt,
3264 4335 3446 4387 cibum

1878 4420 2036 4472 nobis
2059 4433 2335 4487 compara,
2383 4432 2435 4472 ct
2469 4418 2601 4487 quid
2641 4428 2763 4488 agat
2792 4422 3087 4489 imperator
3129 4420 3323 4476 Dacius
3360 4426 3447 4476 itt-

1812 4522 1850 4574 υ
1883 4508 2056 4575 quire.
2098 4507 2189 4562 Ille
2233 4507 2300 4562 ad
2335 4518 2543 4578 portatu
2577 4510 2851 4579 spelunca:
2891 4526 3146 4577 egressus
3179 4514 3270 4567 ubi
3309 4518 3386 4566 a-tl
3415 4542 3443 4557 -

1884 4599 1990 4653 ticii
2021 4600 2091 4654 ibi
2132 4604 2430 4655 constructi
2468 4602 2650 4655 ruinas
2687 4612 2957 4665 cerneret,
3001 4603 3131 4672 quid
3165 4605 3265 4659 hoc
3298 4616 3447 4661 esset

1880 4692 2183 4761 ignoravit;
2218 4707 2445 4761 surgens
2486 4701 2663 4746 tamen
2697 4693 2970 4762 profectus
2996 4704 3080 4749 est
3111 4712 3277 4765 usque
3313 4699 3442 4750 dum

1882 4786 1946 4836 ad
1980 4786 2131 4838 urbis
2175 4784 2369 4852 Ephesi
2408 4793 2616 4853 potam
2649 4786 3006 4854 pervenieset,
3071 4804 3234 4857 supra
3283 4808 3443 4857 quam

1879 4888 2091 4925 crucmn
2128 4889 2371 4941 magnam
2407 4874 2725 4927 collocatam
2758 4891 3123 4944 conspicatus,
3153 4883 3250 4933 bne
3278 4892 3443 4935 ιἰενΙΙ)

1879 4966 2019 5033 apud
2077 4982 2135 5019 se
2197 4968 2559 5034 improbans:
2606 4967 2707 5030 Me,
2756 4971 2951 5039 inquit,
2997 4972 3234 5025 dormire
3275 4986 3442 5042 puto;

1879 5061 2062 5113 oeulos
2104 5074 2232 5126 ergo
2288 5069 2495 5128 tergere
2537 5061 2700 5128 carpit
2742 5078 2806 5114 ae
2848 5063 3190 5118 dextrorsum
3227 5078 3280 5119 rt
3312 5070 3446 5121 stui-

1881 5155 2148 5201 strorsuui
2185 5150 2634 5215 circumspicere,
2681 5164 2806 5200 ttttut
2862 5152 3063 5221 aliquid
3109 5155 3216 5205 sibi
3256 5166 3439 5207 nutum

1880 5240 2058 5289 videre
2091 5248 2290 5305 posset,
2324 5240 2480 5304 quale
2515 5252 2637 5290 cum
2677 5238 2812 5291 nihil
2862 5252 3130 5302 cerneret.
3182 5244 3444 5299 confusus

1881 5330 2146 5392 substitit,
2185 5330 2296 5381 lucc
2329 5332 2467 5397 apud
2506 5344 2562 5382 se
2612 5338 2792 5384 animo
2828 5334 3381 5403 reputanstFnrsitau
3414 5353 3443 5389 ιι

1882 5420 1963 5470 via
1998 5423 2266 5484 aberravi,
2311 5422 2388 5473 vel
2424 5422 2645 5475 forsitan
2688 5440 2792 5477 non
2827 5434 2909 5478 est
2945 5428 3073 5480 urbs
3123 5428 3221 5479 ista
3268 5430 3443 5495 liphc—

1880 5526 1989 5564 sus.
2029 5509 2226 5564 Urbem
2265 5528 2392 5564 veto
2426 5515 2703 5580 ingresws
2740 5532 3017 5569 nummum
3050 5532 3206 5585 quem
3249 5519 3438 5571 habuit

1882 5604 2070 5669 pistori
2116 5606 2337 5656 tra-lidit
2390 5622 2497 5674 quo
2536 5623 2727 5674 punctu
2785 5619 3009 5671 emeret,
3051 5614 3221 5677 piStor
3266 5613 3441 5665 virum

1882 5693 2069 5746 habitu
2128 5697 2409 5763 pet'cgtitto
2466 5701 2817 5766 cot.5picatus
2870 5701 3125 5767 paviduut
3184 5710 3442 5769 metuque

1879 5793 2317 5853 consternatum,
2350 5804 2601 5844 nummos
2635 5790 2917 5854 habentem
2944 5790 3141 5861 quibus
3167 5789 3313 5846 Dacii
3340 5793 3440 5846 iut-
