4200 6432
731 377 863 442 1027

1740 376 2109 439 EUTYCIIH
2142 376 2669 437 ALEXANDRINI
2721 380 2937 437 ΡᾸΊἫ.

3822 378 3957 440 1098

725 490 994 557 peratoris
1038 489 1241 557 eﬂigics
1300 488 1570 558 insenlpta
1621 500 1784 551 esset,
1815 490 1943 556 quid
1997 488 2097 539 hoc
2148 496 2295 540 esset
2324 500 2364 551 Α
2402 504 2503 540 nus
2530 478 2846 556 patriarcha
2880 489 3275 551 Antimzhcuus,
3316 488 3406 557 qui
3441 487 3626 542 decem
3656 502 3828 540 annos
3876 509 3961 539 se-

726 582 966 642 neseins,
1017 580 1325 645 SilSpiCillllS
1381 580 1532 631 illum
1587 578 1745 646 532
1779 580 2098 629 thesaurum
2144 578 2294 628 inve-

725 675 898 734 nisse,
956 670 1109 724 Unde
1143 706 1158 732 ,
1187 670 1383 738 inquit.
1417 670 1511 723 libi
1562 680 1646 723 est
1700 685 1953 722 Illlﬂillills
1983 666 2119 721 iste?
2177 668 2293 731 Quo

726 762 860 812 nilul
909 760 1296 828 respondente,
1354 760 1603 812 homines
1660 758 2015 824 inclamavit,
2058 772 2291 826 quorum

726 866 920 919 magno
955 851 1095 919 apud
1126 852 1299 918 ipsum
1334 862 1479 904 coetu
1515 860 1874 920 congregato,
1904 852 2192 922 ipsumque
2218 852 2295 904 al-

726 944 1003 1010 lnquentc,
1039 956 1162 994 cum
1205 941 1293 994 ille
1341 942 1549 994 nullum
1582 944 1716 1010 ipsis
1757 958 2075 1009 I'CSpthIllll
2113 944 2295 997 redde-

727 1042 825 1091 ri-t,
853 1033 925 1083 illi
954 1049 1076 1085 eum
1116 1034 1176 1084 ad
1214 1032 1503 1099 patricium
1552 1033 1672 1085 ttrbi
1711 1035 2022 1102 praefectum
2077 1035 2296 1088 nomine

725 1126 1071 1193 Antipatrum
1104 1124 1473 1183 abduxerunt,
1498 1126 1589 1193 qui
1625 1142 1746 1177 eum
1789 1127 1950 1176 etiam
1999 1126 2293 1190 allocutus,

728 1218 939 1284 ipsique
970 1217 1210 1269 minatus
1236 1225 1342 1269 est.
1392 1217 1481 1269 ille
1510 1226 1686 1269 tamen
1712 1216 1845 1269 nihil
1873 1218 2175 1286 respondit.
2202 1220 2297 1271 Ac-

725 1308 887 1359 cessit
939 1308 1102 1361 etiam
1162 1308 1225 1360 ad
1271 1309 1446 1374 ipsum
1501 1306 1720 1362 Marcus
1775 1308 1928 1361 urbis
1980 1311 2295 1378 episcopus,

725 1396 815 1462 qui
851 1396 1027 1463 ipsum
1060 1395 1281 1454 atratus.
1325 1411 1423 1447 nec
1453 1395 1620 1447 ullum
1660 1397 1783 1448 tttlit
1825 1412 2169 1464 respmisum.
2208 1400 2296 1450 Ille

724 1501 875 1554 ergo,
911 1502 1018 1554 quo
1064 1487 1238 1552 ipsum
1292 1495 1541 1548 terreret,
1581 1485 1716 1548 Nisi,
1762 1486 1958 1555 inqttit,
2011 1502 2109 1541 nos
2159 1488 2295 1539 allo-

723 1578 934 1646 quaris,
987 1591 1050 1629 ac
1109 1576 1253 1630 unde
1288 1577 1383 1630 tibi
1422 1577 1584 1629 fuerit
1631 1592 1887 1632 nummus
1938 1579 2040 1632 iste
2089 1580 2294 1642 edicas,

728 1681 903 1722 morte
938 1678 989 1721 te
1039 1669 1416 1722 multabimus.
1478 1667 1721 1722 Necdum
1753 1678 1937 1724 tamen
1994 1673 2295 1741 reSpondit,

726 1762 874 1830 loqui
904 1762 1117 1815 scilicet
1181 1760 1433 1814 abnuens
1498 1771 1644 1815 metu
1706 1760 1859 1815 Dacii
1927 1764 2295 1831 imperatoris,

727 1853 885 1922 quasi
916 1854 1030 1920 ipse
1062 1852 1242 1906 adlmc
1272 1855 1477 1906 viveret
1514 1853 1713 1920 (adhuc
1746 1854 1889 1906 enim
1927 1855 2100 1922 ipsum
2132 1855 2185 1909 in
2219 1858 2298 1906 vi-

729 1944 810 1997 vis
860 1958 1149 2010 superesse
1204 1942 1475 2011 putabat).
1522 1940 1699 2010 Plagis
1732 1956 1861 2010 ergo
1893 1945 2066 2011 ipsum
2099 1941 2296 1997 aﬂece-

727 2046 875 2100 runt,
911 2051 1144 2105 quarum
1203 2034 1442 2087 dolorem
1478 2035 1568 2087 ubi
1599 2034 1792 2099 sensit,
1826 2032 1951 2099 Ubi,
1981 2037 2177 2103 inquit,
2215 2043 2299 2089 est

732 2128 925 2180 Dacius
960 2127 1096 2180 rex?
1131 2124 1603 2193 Respondentibus
1651 2127 1759 2179 illis
1811 2124 2035 2181 Dacium
2065 2128 2299 2195 impera-

730 2229 897 2272 torem
939 2226 1214 2272 mortuum
1267 2232 1411 2283 esse,
1447 2220 1758 2286 multosque
1797 2228 1920 2287 post
1966 2218 2141 2287 ipsum
2168 2221 2301 2272 .im-

730 2314 878 2381 perio
908 2314 1114 2382 potitos
1141 2327 1319 2380 reges,
1349 2312 1660 2380 Christique
1692 2311 1850 2366 Iidem
1882 2311 2213 2375 obtinuisse,
2247 2324 2301 2367 et

728 2405 819 2474 qui
842 2406 953 2474 jam
989 2406 1282 2475 imperaret
1316 2402 1685 2458 Theodosium
1735 2401 1985 2471 Magnum
2012 2392 2151 2468 esse,
2185 2413 2297 2492 tum

730 2499 945 2549 sublato
978 2506 1121 2550 metu
1159 2496 1342 2549 omnia
1375 2512 1497 2564 qua:
1531 2496 1634 2549 sibi
1668 2496 2004 2549 accidissent
2034 2496 2297 2563 narravit.

732 2591 883 2643 Illum
918 2604 1047 2657 ergo
1076 2589 1141 2641 ad
1174 2590 1490 2657 speluncam
1524 2589 1773 2643 comitati
1811 2589 1881 2641 ibi
1916 2590 2095 2645 socios
2129 2568 2300 2658 ipsius

730 2690 1157 2748 conspexerunt,
1211 2694 1311 2733 nec
1362 2693 1466 2731 ItOn
1510 2693 1691 2731 arcam
1732 2694 1936 2732 aeneam
1977 2689 2301 2747 repererunt

730 2773 889 2839 eique
956 2772 1220 2823 inclusam
1284 2770 1540 2823 laminam
1599 2769 1905 2837 plumbeam
1961 2768 2153 2838 inqua
2202 2773 2301 2824 de-

731 2871 931 2931 si-rtpta
967 2870 1085 2915 erat
1145 2860 1409 2928 ipsorum'
1434 2860 1688 2921 historia,
1723 2873 1776 2913 et
1833 2862 1965 2928 quid
2008 2846 2143 2929 ipsis
2177 2877 2299 2914 cum

734 2954 1064 3022 imperatore
1110 2951 1461 3022 533-535
1519 2950 1681 3005 Dacio
1713 2951 2061 3020 contigisset,
2108 2952 2303 3005 litteris

740 3045 1031 3097 mandante
1063 3041 1322 3097 Tadduso
1356 3042 1502 3095 Dacii
1542 3043 1891 3109 imperatoris
1928 3042 2181 3109 patricio.
2212 3039 2303 3093 llis

736 3136 789 3188 in
836 3150 1103 3189 summam
1146 3133 1563 3187 admirationem
1635 3135 1770 3199 rapti
1833 3134 1896 3185 ad
1931 3132 2300 3186 Theodosium
2332 3168 2374 3223 ο

736 3244 914 3295 regem
973 3228 1183 3279 litteras
1218 3226 1550 3292 sei-ipseruut
1583 3224 1783 3291 quibus
1833 3239 1955 3275 eunt
1996 3229 2184 3275 harum
2220 3238 2304 3274 re-

737 3333 856 3369 rmn
884 3326 1174 3371 certiorem
1200 3315 1575 3369 reddiderunt.
1607 3314 1706 3378 Qui
1732 3330 1861 3383 ergo
1887 3329 2193 3367 Conscenso
2219 3329 2307 3365 ve-

739 3409 869 3463 redo
914 3410 1101 3461 urbem
1142 3406 1412 3476 Ephesum
1470 3414 1657 3474 petens
1696 3406 1769 3458 ibi
1820 3406 1941 3458 illos
1976 3415 2031 3459 et
2073 3406 2207 3458 vidit
2256 3418 2310 3459 et

737 3502 1047 3555 collocutus
1094 3514 1197 3554 ρει.
1265 3501 1335 3552 At
1369 3499 1543 3552 tribus
1581 3506 1699 3566 post
1732 3498 1942 3559 diebus,
1974 3514 2095 3551 cum
2125 3498 2189 3550 ad
2228 3497 2309 3566 ip-

740 3608 833 3646 sos
864 3593 920 3644 in
952 3593 1267 3660 speluncam
1318 3592 1593 3653 introiret,
1629 3591 1778 3659 ipsos
1809 3590 1920 3658 jam
1954 3599 2200 3643 mortuos
2228 3590 2312 3640 in-

740 3685 911 3738 venit.
947 3682 1116 3737 Jussit
1148 3697 1277 3752 ergo
1327 3698 1396 3734 ne
1462 3682 1587 3734 inde
1644 3685 2035 3745 educerentur,
2100 3681 2195 3735 sed
2255 3683 2308 3734 in

744 3776 864 3845 ipsa
918 3776 1176 3844 spelunca
1233 3774 1473 3843 sepeliri,
1508 3784 1562 3827 et
1600 3788 1764 3842 super
1817 3774 1967 3841 ipsos
2018 3773 2307 3827 ecclesiam

741 3865 939 3919 struxit
968 3880 1089 3933 quae
1125 3867 1369 3934 ipsorum
1418 3854 1934 3932 nomine'insignita
1961 3873 2065 3926 est,
2122 3876 2185 3916 ac
2233 3860 2309 3915 fe-

745 3969 887 4011 stum
928 3957 979 4008 in
1026 3958 1264 4025 ipsorum
1293 3956 1523 4025 gratiam
1546 3954 1853 4007 institutum
1880 3969 1943 4007 eo
1968 3954 2050 4007 die
2080 3960 2312 4022 quotan-

743 4050 830 4100 nis
882 4047 1233 4100 celebratur:
1270 4047 1395 4099 dein
1457 4044 1995 4112 Constantinopolim
2058 4058 2314 4097 reversus

743 4150 824 4191 est
852 4135 1190 4191 Theodosius
1214 4151 1330 4189 rex.

812 4229 929 4282 Jam
964 4243 992 4280 a
1028 4238 1297 4295 tempore,
1343 4243 1451 4295 quo
1487 4241 1513 4278 a
1550 4225 1715 4279 Dacio
1771 4226 2099 4295 imperatore
2164 4224 2317 4294 luge-

744 4332 872 4375 ruot
907 4322 1054 4390 ptteri
1092 4320 1180 4373 isti
1215 4321 1267 4371 in
1301 4320 1615 4385 speluncam
1663 4325 1825 4386 atque
1874 4317 1927 4370 in
1962 4332 2023 4369 ea
2066 4316 2316 4370 dormie-

748 4422 894 4476 rttnt,
928 4412 992 4463 ad
1020 4423 1233 4480 tempus
1258 4426 1363 4477 quo
1396 4425 1611 4463 rursum
1631 4417 2002 4477 apparuerunt
2027 4422 2090 4459 ac
2116 4407 2317 4457 mortui

2394 579 2495 634 dit.
2532 580 2655 633 dein
2687 589 2935 632 mortuus
2963 591 3063 633 est.
3091 580 3246 631 Anno
3279 578 3749 646 imperiiejnsdcm
3770 590 3964 629 octavo

2395 670 2731 722 constitutus
2768 680 2851 723 est
2898 669 3145 723 Joannes
3179 671 3486 738 patriarcha
3515 667 3966 736 llierosolymita-

2398 777 2522 818 nus.
2557 764 2647 816 ubi
2683 778 2856 814 annos
2893 763 3169 815 sexdecim
3201 762 3363 823 sedit,
3407 761 3531 813 dein
3568 772 3820 814 momnis
3851 773 3959 811 est.

2398 851 2669 920 Tempore
2705 856 2831 907 item
2867 852 3159 907 Theodosii
3214 854 3360 921 regis
3406 852 3591 905 ﬂoruit
3626 851 3967 920 Epiphanius

2397 948 2558 1015 Cypri
2612 948 2929 1016 episcopus.
2987 946 3198 999 Struxit
3257 947 3420 999 etiam
3480 944 3828 999 Theodosius
3869 960 3967 998 rex

2400 1036 2795 1108 Hierosolymis
2832 1038 3117 1093 ecclesiam
3169 1036 3487 1091 Jesmaniah
3532 1038 3586 1090 in
3641 1052 3747 1106 qua
3784 1041 3969 1103 sepul-

2397 1143 2550 1182 crum
2586 1140 2704 1182 crat
2759 1142 2964 1183 sancta:
3010 1129 3209 1193 Maria),
3253 1144 3416 1196 quam
3454 1129 3738 1181 diluerunt
3787 1128 3970 1181 Persa:

2398 1232 2507 1285 quo
2544 1226 2785 1284 tempore
2820 1217 3197 1287 Hierosolyma
3225 1232 3396 1285 usque
3440 1215 3666 1281 profecti
3708 1217 3970 1269 ecclesias

2400 1309 2928 1376 Hierosolymitanas
2986 1309 3413 1369 destruxerunt,
3460 1309 3594 1361 adeo
3629 1316 3686 1359 ut
3736 1310 3788 1359 in
3823 1309 3971 1359 hunc

2403 1416 2573 1467 usque
2604 1394 2743 1453 diem
2770 1411 2991 1452 Vastala‘
3024 1409 3297 1453 maneant.

2472 1490 2642 1543 Porro
2668 1507 2810 1545 anno
2838 1491 3049 1559 imperii
3089 1490 3375 1544 Theodosii
3414 1493 3559 1556 regis
3580 1488 3790 1544 decimo
3822 1504 3971 1541 mor-

2399 1589 2524 1634 tuus
2549 1590 2633 1635 est
2675 1581 2851 1636 Sabur
2892 1582 3088 1636 Saburi
3132 1582 3275 1636 ﬁlius
3306 1597 3395 1636 rex
3448 1581 3781 1644 Persarum;
3840 1592 3970 1649 past

2398 1685 2556 1739 quem
2590 1672 2835 1739 regnavit
2862 1671 3096 1726 Bahram
3136 1672 3333 1727 Saburi
3369 1674 3510 1727 [ilius
3541 1689 3635 1728 rex
3675 1673 3969 1728 Persarum

2401 1774 2574 1814 annos
2609 1762 2886 1825 undecim,
2931 1776 2960 1815 a
2989 1777 3098 1830 quo
3129 1772 3372 1832 tempore
3403 1765 3687 1819 fruebatur
3718 1764 3973 1820 Theodo-

2401 1852 2466 1904 sii
2495 1868 2721 1921 regnum
2775 1856 3176 1924 tranquillitate
3219 1868 3273 1911 et
3315 1871 3449 1925 pace
3478 1898 3493 1922 ,
3541 1859 3669 1913 dein
3720 1868 3973 1911 mortuus

2400 1952 2503 1995 est.
2533 1941 2777 1996 Mortuus
2801 1952 2885 1998 est
2913 1946 3078 1998 etiam
3119 1944 3465 2002 Theodosius
3500 1964 3591 2001 rex
3629 1948 3975 2002 succedenti-

2402 2032 2503 2084 bus
2536 2032 2637 2100 ipsi
2668 2033 2896 2102 imperio
2926 2034 3055 2088 filiis
3099 2037 3272 2105 ipsius
3322 2040 3554 2092 Arcadio
3604 2048 3656 2092 (τι
3704 2035 3973 2092 Honorio.

2400 2121 2690 2193 Imperavit
2717 2128 3182 2183 autemAreadius
3208 2127 3470 2185 Romanis
3494 2132 3971 2199 Consmntinopnli

2404 2229 2578 2268 annos
2606 2216 2873 2270 tredecim
2908 2235 2922 2283 ;
2964 2216 3133 2271 frater
3162 2234 3289 2272 vero
3335 2219 3507 2287 ipsius
3543 2219 3822 2273 Honorius
3852 2222 3974 2273 urbi

2406 2305 2587 2358 Roma:
2620 2321 2798 2361 annos
2822 2309 3077 2361 undecim
3109 2326 3127 2381 ί
3170 2310 3328 2379 idque
3357 2325 3500 2366 anno
3534 2313 3682 2381 regni
3714 2312 3974 2367 Bahrami

2404 2400 2500 2453 lilii
2570 2401 2795 2469 Saporis
2843 2401 3133 2457 Persarum
3193 2385 3343 2473 regis
3374 2402 3638 2473 septimo.
3700 2409 3977 2463 Arcadius

2404 2504 2581 2547 autem
2617 2510 2705 2546 lex
2734 2506 3124 2563 praeceptorem
3149 2486 3503 2567 537-539
3523 2514 3680 2552 suum
3708 2501 3977 2553 Arsanetn

2403 2586 2468 2638 ad
2499 2602 2685 2640 necem
2725 2588 2977 2654 quaesivit
3003 2602 3114 2655 prae
3140 2603 3204 2641 eo
3231 2588 3376 2656 quod
3407 2604 3534 2659 erga
3575 2590 3748 2659 ipsum
3780 2592 3835 2644 in
3862 2596 3983 2644 ani-

2406 2691 2493 2729 mo
2529 2677 2754 2745 gerebat
2789 2676 3145 2761 odiohCujus
3176 2679 3251 2731 rei
3286 2682 3488 2733 certior
3521 2681 3698 2735 factus
3732 2682 3979 2736 Arsanes

2404 2765 2793 2820 Alexandriam
2824 2766 3037 2837 fugiens
3066 2768 3456 2824 monachatum
3493 2772 3776 2840 professus
3810 2785 3898 2828 est
3926 2778 3979 2828 in

2408 2858 2741 2909 tuenasterio
2775 2857 3019 2925 quodam
3084 2859 3224 2926 quod
3270 2859 3324 2912 in
3378 2861 3512 2915 valle
3562 2860 3795 2925 llobaib,
3827 2863 3983 2930 juxta

2407 2944 2641 3006 Tarnut,
2675 2947 2839 3001 situm
2872 2958 2975 3009 est,
3011 2958 3065 3001 et
3115 2949 3271 3004 Askit
3314 2952 3665 3019 appellatum.
3708 2953 3984 3007 Arcadius

2410 3036 2609 3091 d-:inde
2648 3049 2776 3091 nato
2823 3040 2926 3093 sibi
2973 3039 3104 3105 filio,
3164 3043 3247 3095 cui
3278 3043 3571 3098 Theodosii
3607 3060 3805 3097 nomen
3842 3045 3987 3097 indi-

2409 3130 2509 3193 dit,
2576 3132 2836 3184 Arsanem
2901 3144 3289 3202 prmeeptorcm
3329 3150 3488 3189 suum
3555 3142 3766 3204 rogavit
3830 3146 3984 3191 utet

2412 3221 2577 3272 lilium
2609 3236 2766 3272 suum
2802 3222 3058 3286 doceret;
3092 3238 3323 3293 cumque
3357 3225 3458 3294 ipsi
3486 3226 3797 3280 nuntiatum
3839 3240 3987 3282 esset

2410 3310 2583 3378 ipsum
2610 3312 2663 3363 in
2690 3309 2981 3381 Egyptum
3012 3313 3136 3381 fuga
3158 3316 3398 3384 elapsum
3423 3317 3590 3369 vitam
3620 3323 3981 3373 monasticam

2411 3403 2479 3454 ibi
2519 3402 2572 3455 in
2621 3406 2965 3457 monasterio
2993 3403 3148 3458 Askit
3177 3408 3444 3474 proﬁteri,
3469 3410 3617 3461 misit
3650 3423 3768 3475 post
3803 3412 3985 3478 ipsum

2412 3494 2505 3562 qui
2535 3503 2590 3547 et
2628 3494 2748 3547 vita:
2798 3509 3051 3549 securum
3080 3511 3202 3551 esse
3230 3497 3471 3564 juberet.
3499 3498 3761 3553 [tenueris
3800 3511 3982 3555 autem

2415 3587 2654 3637 Arsanes
2700 3580 2934 3659 [venire]
2982 3587 3177 3641 nuntio
3224 3589 3508 3643 blanditus
3533 3600 3614 3644 est
3650 3595 3785 3643 adeo
3821 3604 3879 3645 ut
3915 3593 3983 3643 ab

2414 3675 2532 3742 ipso
2564 3675 2883 3730 discederet.
2918 3676 3122 3731 Deinde
3175 3690 3422 3733 metuens
3464 3694 3531 3734 ne
3560 3681 3803 3734 mitteret
3836 3681 3982 3752 [rex]

2414 3768 2506 3833 qui
2540 3766 2588 3817 vi
2625 3766 2802 3833 ipsum
2839 3766 3200 3831 abducerent,
3255 3766 3482 3823 Saidu-m
3535 3768 3751 3839 Egypti
3800 3771 3989 3839 profe-

2414 3864 2533 3909 ctus
2583 3854 2655 3907 ibi
2726 3858 2777 3907 in
2817 3867 3000 3909 monte
3056 3855 3347 3910 Mokattam
3383 3873 3414 3913 e
3445 3860 3663 3929 regione
3716 3860 3821 3914 vici
3854 3863 3989 3915 dicti

2415 3946 2553 3998 'l'ora
2592 3946 2869 4009 habitavit,
2898 3947 2983 4000 ubi
3010 3956 3295 4016 postquam
3325 3958 3437 4003 tres
3454 3965 3625 4005 annos
3650 3952 3991 4005 substitisset

2417 4048 2664 4089 mortuus
2702 4045 2811 4090 est.
2847 4036 2984 4089 Tum
3021 4053 3150 4091 vero
3176 4041 3346 4092 alium
3399 4044 3650 4095 nuntium
3694 4043 3844 4095 misit
3891 4047 3993 4095 Ar-

2416 4129 2607 4181 cadius
2642 4144 2730 4181 rex
2764 4129 2855 4197 qui
2894 4145 3017 4182 eum
3049 4131 3096 4183 vi
3130 4131 3445 4195 adduceret,
3475 4134 3562 4185 cui
3594 4147 3719 4185 cum
3762 4134 3831 4186 ad
3867 4151 3988 4187 tuo-

2421 4220 2723 4273 nasterium
2776 4218 2931 4273 Askit
2964 4226 3303 4289 pervenisset
3335 4225 3641 4276 nuntiatum
3670 4234 3775 4287 est,
3810 4228 3982 4278 Arsa-

2420 4327 2542 4365 nem
2597 4312 2710 4379 jam
2751 4313 2803 4364 in
2840 4322 3023 4366 monte
3076 4312 3369 4366 lilokattam
3401 4329 3430 4367 c
3460 4316 3597 4367 vivis
3658 4317 3937 4370 excessiss
3962 4340 3988 4368 -.

2423 4402 2706 4457 Reversus
2735 4419 2863 4472 ergo
2895 4407 3118 4458 nuntius
3149 4406 3279 4459 illud
3319 4407 3428 4475 regi
3460 4408 3719 4461 narravit.
3756 4408 3871 4461 Rex
3900 4410 3997 4478 igi-

746 4512 900 4565 sunt,
925 4502 1080 4569 juxta
1125 4500 1256 4551 illud
1287 4500 1431 4565 quod
1460 4500 1511 4549 in
1551 4500 1773 4549 historia
1808 4498 2048 4565 martyrii
2076 4497 2319 4562 ipsorum
2354 4500 2399 4555 D
2430 4505 2517 4548 tur
2558 4498 2728 4548 misso
2758 4497 3025 4548 monacho
3060 4496 3143 4549 cui
3177 4511 3373 4550 nomen
3403 4496 3648 4559 Trasius,
3678 4512 3854 4566 eoque
3880 4501 3999 4564 opi-

748 4594 1004 4662 legimus,
1059 4592 1185 4643 anui
1242 4599 1369 4642 sunt
1418 4596 1718 4641 tercentum
1786 4588 2128 4656 septuaginta
2182 4587 2310 4639 duo.

749 4683 919 4737 Porro
953 4696 1094 4734 anno
1124 4680 1333 4747 imperii
1377 4678 1666 4731 Theodosii
1701 4676 1878 4747 Magni
1915 4676 2129 4729 decimo
2155 4677 2315 4728 tertio

753 4776 1091 4828 constitutus
1143 4781 1229 4823 est
1264 4768 1492 4822 Siricius
1542 4768 1850 4837 patriarcha
1886 4765 2187 4830 Romanus,
2223 4767 2317 4835 qui

751 4866 1040 4921 duodecim
1078 4878 1254 4917 annos
1289 4861 1448 4922 sedit,
1483 4861 1607 4912 dein
1638 4870 1885 4914 mortuos
1923 4868 2025 4912 est.
2061 4860 2314 4927 ltjusdem

754 4957 964 5026 itnperii
998 4970 1140 5007 anno
1170 4955 1385 5007 decimo
1421 4957 1653 5019 septimo
1700 4962 1947 5005 mortuus
1999 4962 2079 5003 est
2114 4950 2318 5002 Nekta-

755 5051 873 5102 rius
917 5047 1223 5116 patriarcha
1268 5043 1935 5110 Constantinopolitanus,
1969 5042 2061 5111 qui
2122 5042 2316 5094 ibidem

757 5152 980 5191 munere
996 5136 1346 5205 patriarcbali
1372 5134 1592 5186 l‘utictus
1623 5136 1797 5186 luerat
1823 5148 1992 5185 annos
2018 5132 2318 5185 sexdecim.

760 5231 887 5283 l’ost
921 5245 1078 5298 quem
1116 5227 1423 5296 patriarcha
1449 5225 2081 5292 Constantinopolitanus
2119 5222 2324 5276 consti-

761 5330 911 5373 tutus
935 5329 1020 5372 est
1045 5317 1283 5373 Joannes
1315 5319 1759 5385 Chrysostomus,
1792 5316 1885 5382 qui
1916 5328 2039 5367 cum
2068 5315 2139 5367 ibi
2163 5315 2325 5382 quin-

764 5427 869 5477 que
903 5424 1077 5463 annos
1106 5416 1157 5461 et
1186 5407 1374 5460 decem
1423 5421 1643 5460 menses
1883 5406 2222 5460 substitisset
2270 5407 2325 5459 in

762 5499 1008 5551 exsilium
1035 5498 1225 5565 pulsus
1255 5499 1305 5548 in
1334 5496 1523 5548 eodem
1571 5504 1819 5550 mortuus
1846 5503 1951 5549 est.
1984 5497 2141 5548 Anno
2162 5498 2333 5564 impe-

767 5592 829 5641 rii
860 5589 1096 5655 ejusdem
1130 5597 1284 5642 sexto
1317 5597 1535 5640 creatus
1561 5593 1644 5639 est
1675 5584 1969 5639 Flavianus
2018 5587 2327 5655 patriarcha

764 5677 1161 5744 Antiochenus,
1192 5678 1286 5748 qui
1325 5693 1447 5732 cum
1484 5692 1573 5730 sex
1608 5691 1781 5732 annos
1820 5679 2048 5734 sedisset
2084 5692 2331 5737 mortuus

773 5780 877 5822 est.
914 5772 1070 5823 Λιιιιο
1127 5772 1375 5838 ejusdem
1411 5768 1742 5824 duodecimo
1789 5766 1964 5822 factus
2011 5782 2093 5826 est
2124 5772 2332 5832 Bai-ltu-

2423 4595 2523 4643 bns
2576 4589 2867 4653 instructo,
2903 4586 3047 4642 Vade
3077 4589 3301 4659 (inquit)
3336 4598 3390 4642 et
3440 4604 3606 4658 super
3648 4592 3882 4645 Arsanis
3912 4602 3994 4643 tu-

2421 4678 2568 4731 mulo
2629 4680 3024 4732 monasterium
3077 4690 3298 4733 exstrue
3342 4681 3485 4748 quod
3542 4680 3715 4746 ipsius
3774 4684 3997 4734 nomine

2423 4770 2743 4837 appelletur.
2782 4769 3059 4823 Profectus
3096 4788 3225 4839 ergo
3247 4772 3472 4825 Trasius
3502 4770 3797 4842 Egyptnm
3832 4790 3997 4839 super

2432 4861 2660 4911 Arsanis
2716 4857 2876 4929 540
2927 4861 3177 4928 sepulcro
3240 4864 3628 4915 monasterium
3682 4864 3997 4918 exSIruxit.

2424 4952 2568 5018 quod
2604 4951 2657 5001 in
2699 4958 2881 5003 tnonte
2908 4950 3199 5003 Mokattam
3234 4956 3402 5004 situm
3434 4960 3520 5005 est
3554 4960 3606 5004 et
3646 4952 3740 5005 Dic
3775 4953 3998 5009 Alkasir

2430 5054 2600 5109 usque
2627 5040 2691 5094 ad
2718 5041 2860 5094 hunc
2898 5041 3040 5095 diem
3072 5043 3391 5109 appellatur.

2500 5129 2671 5184 Porio
2700 5132 2750 5183 in
2782 5131 3020 5200 Aigypto
3053 5148 3342 5201 episcopus
3372 5133 3592 5202 quidam
3619 5134 3864 5188 moriens
3894 5143 4004 5189 tres

2437 5221 2574 5275 ﬁlios
2608 5225 2826 5291 reliquit
2857 5224 2947 5292 qui
2988 5224 3152 5277 vitam
3180 5227 3532 5277 monasticam
3564 5224 3798 5293 professi
3823 5226 4002 5279 Askiti

2435 5316 2714 5377 sederunt,
2748 5329 2979 5382 quorum
3013 5330 3180 5368 unum
3216 5315 3483 5368 adscitum
3526 5312 3865 5382 Theophilus
3908 5334 4005 5385 pa-

2437 5406 2672 5459 triarc..a
2692 5406 3097 5459 Alexandrinus
3122 5406 3438 5475 episcopum
3472 5406 3525 5458 in
3552 5405 3759 5474 aliquot
3780 5405 4007 5477 Egypti

2438 5499 2601 5550 urbes
2636 5498 2942 5561 constituit,
3002 5496 3241 5565 reliquos
3286 5500 3424 5549 duos
3468 5495 3734 5549 diaconos
3785 5500 4007 5567 sibique

2440 5587 2770 5657 discipulos;
2805 5590 2897 5659 qui
2930 5603 3059 5657 ergo
3081 5588 3389 5657 Tbeopltilo
3414 5587 3735 5655 patriarcha:
3771 5588 4008 5641 Alexan-

2442 5680 2603 5734 drino
2636 5681 3008 5736 inservieruut
3049 5697 3065 5737 :
3099 5689 3154 5734 at
3177 5682 3365 5749 elapso
3395 5679 3629 5733 triennio
3664 5680 3864 5733 iterum
3900 5683 4006 5735 As-

2444 5778 2617 5833 kitum
2655 5776 2855 5831 reverti
2885 5773 3186 5842 cupientes,
3218 5787 3342 5827 cum
3377 5771 3525 5841 ipsos
3551 5771 3602 5824 id
3643 5771 3827 5827 facere
3861 5783 4007 5826 reta-
