  <div class='ocr_page' id='page_1' title='image "/cluster/home/n/w/nwhite01/storage/ocr_20150623/111/nnc1.0046979743/520.png"; bbox 0 0 4200 6432; ppageno 0'>
   <div class='ocr_carea' id='block_1_1' title="bbox 213 396 350 459">
    <p class='ocr_par' dir='ltr' id='par_1_1' title="bbox 213 396 350 459">
     <span class='ocr_line' id='line_1_1' title="bbox 213 396 350 459; baseline -0.022 0"><span class='ocrx_word' id='word_1_1' title='bbox 213 396 350 459; x_wconf 70' lang='lat'><strong>109.9</strong></span> 
     </span>
    </p>
   </div>
   <div class='ocr_carea' id='block_1_2' title="bbox 1615 383 1990 443">
    <p class='ocr_par' dir='ltr' id='par_1_2' title="bbox 1615 383 1990 443">
     <span class='ocr_line' id='line_1_2' title="bbox 1615 383 1990 443; baseline 0.005 -3"><span class='ocrx_word' id='word_1_2' title='bbox 1615 383 1990 443; x_wconf 78' lang='lat' dir='ltr'><strong>ANNALES.</strong></span> 
     </span>
    </p>
   </div>
   <div class='ocr_carea' id='block_1_3' title="bbox 3327 393 3466 456">
    <p class='ocr_par' dir='ltr' id='par_1_3' title="bbox 3327 393 3466 456">
     <span class='ocr_line' id='line_1_3' title="bbox 3327 393 3466 456; baseline 0.022 -3"><span class='ocrx_word' id='word_1_3' title='bbox 3327 393 3466 456; x_wconf 70' lang='lat'><strong>1030</strong></span> 
     </span>
    </p>
   </div>
   <div class='ocr_carea' id='block_1_4' title="bbox 209 495 3466 579">
    <p class='ocr_par' dir='ltr' id='par_1_4' title="bbox 209 495 3466 579">
     <span class='ocr_line' id='line_1_4' title="bbox 209 495 3466 579; baseline -0.003 -12"><span class='ocrx_word' id='word_1_4' title='bbox 209 522 291 567; x_wconf 89' lang='lat' dir='ltr'><strong>ret</strong></span> <span class='ocrx_word' id='word_1_5' title='bbox 343 508 716 579; x_wconf 84' lang='lat' dir='ltr'><strong>Theophilus.</strong></span> <span class='ocrx_word' id='word_1_6' title='bbox 773 505 892 560; x_wconf 84' lang='lat' dir='ltr'><strong>sine</strong></span> <span class='ocrx_word' id='word_1_7' title='bbox 923 504 1099 576; x_wconf 85' lang='lat' dir='ltr'><strong>ipsius</strong></span> <span class='ocrx_word' id='word_1_8' title='bbox 1151 502 1424 574; x_wconf 85' lang='lat' dir='ltr'><strong>permissu</strong></span> <span class='ocrx_word' id='word_1_9' title='bbox 1485 499 1782 560; x_wconf 84' lang='lat' dir='ltr'><strong>abierunt;</strong></span> <span class='ocrx_word' id='word_1_10' title='bbox 1817 505 1856 556; x_wconf 78' lang='grc' dir='ltr'>Α</span> <span class='ocrx_word' id='word_1_11' title='bbox 1892 504 1999 547; x_wconf 84' lang='lat' dir='ltr'><strong>tem</strong></span> <span class='ocrx_word' id='word_1_12' title='bbox 2033 496 2452 567; x_wconf 73' lang='lat' dir='ltr'><strong>(Itu-ysostomus</strong></span> <span class='ocrx_word' id='word_1_13' title='bbox 2500 495 2566 550; x_wconf 89' lang='lat' dir='ltr'><strong>ad</strong></span> <span class='ocrx_word' id='word_1_14' title='bbox 2617 497 2984 568; x_wconf 83' lang='lat' dir='ltr'><strong>Epiphaniam</strong></span> <span class='ocrx_word' id='word_1_15' title='bbox 3035 498 3200 570; x_wconf 72' lang='lat' dir='ltr'><strong>Cypri</strong></span> <span class='ocrx_word' id='word_1_16' title='bbox 3251 505 3466 570; x_wconf 67' lang='lat' dir='ltr'><strong>episco-</strong></span> 
     </span>
    </p>
   </div>
   <div class='ocr_carea' id='block_1_5' title="bbox 209 593 1786 672">
    <p class='ocr_par' dir='ltr' id='par_1_5' title="bbox 209 593 1786 672">
     <span class='ocr_line' id='line_1_5' title="bbox 209 593 1786 672; baseline -0.009 -17"><span class='ocrx_word' id='word_1_17' title='bbox 209 617 374 672; x_wconf 87' lang='lat' dir='ltr'><strong>quam</strong></span> <span class='ocrx_word' id='word_1_18' title='bbox 401 602 473 655; x_wconf 90' lang='lat' dir='ltr'><strong>ob</strong></span> <span class='ocrx_word' id='word_1_19' title='bbox 505 612 727 652; x_wconf 80' lang='lat' dir='ltr'><strong>causam</strong></span> <span class='ocrx_word' id='word_1_20' title='bbox 761 596 895 666; x_wconf 83' lang='lat' dir='ltr'><strong>ipsis</strong></span> <span class='ocrx_word' id='word_1_21' title='bbox 954 593 1297 648; x_wconf 84' lang='lat' dir='ltr'><strong>Eucharistia</strong></span> <span class='ocrx_word' id='word_1_22' title='bbox 1342 594 1407 644; x_wconf 88' lang='lat' dir='ltr'><strong>ad</strong></span> <span class='ocrx_word' id='word_1_23' title='bbox 1458 600 1569 643; x_wconf 85' lang='lat' dir='ltr'><strong>tres</strong></span> <span class='ocrx_word' id='word_1_24' title='bbox 1613 602 1786 641; x_wconf 88' lang='lat' dir='ltr'><strong>annos</strong></span> 
     </span>
    </p>
   </div>
   <div class='ocr_carea' id='block_1_6' title="bbox 212 680 1784 756">
    <p class='ocr_par' dir='ltr' id='par_1_6' title="bbox 212 680 1784 756">
     <span class='ocr_line' id='line_1_6' title="bbox 212 680 1784 756; baseline -0.011 -10"><span class='ocrx_word' id='word_1_25' title='bbox 212 688 519 746; x_wconf 89' lang='lat' dir='ltr'><strong>interdixit.</strong></span> <span class='ocrx_word' id='word_1_26' title='bbox 613 687 691 741; x_wconf 94' lang='lat' dir='ltr'><strong>Illi</strong></span> <span class='ocrx_word' id='word_1_27' title='bbox 771 703 901 756; x_wconf 81' lang='lat' dir='ltr'><strong>ergo</strong></span> <span class='ocrx_word' id='word_1_28' title='bbox 978 685 1244 738; x_wconf 93' lang='lat' dir='ltr'><strong>Joannem</strong></span> <span class='ocrx_word' id='word_1_29' title='bbox 1331 680 1784 750; x_wconf 74' lang='lat' dir='ltr'><strong>Chrysostomnm</strong></span> 
     </span>
    </p>
   </div>
   <div class='ocr_carea' id='block_1_7' title="bbox 213 771 1789 850">
    <p class='ocr_par' dir='ltr' id='par_1_7' title="bbox 213 771 1789 850">
     <span class='ocr_line' id='line_1_7' title="bbox 213 771 1789 850; baseline -0.01 -14"><span class='ocrx_word' id='word_1_30' title='bbox 213 783 478 837; x_wconf 83' lang='lat' dir='ltr'><strong>adeuntes</strong></span> <span class='ocrx_word' id='word_1_31' title='bbox 531 781 708 850; x_wconf 79' lang='lat' dir='ltr'><strong>ipsum</strong></span> <span class='ocrx_word' id='word_1_32' title='bbox 768 783 1026 848; x_wconf 88' lang='lat' dir='ltr'><strong>rogarunt</strong></span> <span class='ocrx_word' id='word_1_33' title='bbox 1060 786 1118 828; x_wconf 94' lang='lat' dir='ltr'><strong>ut</strong></span> <span class='ocrx_word' id='word_1_34' title='bbox 1173 774 1239 828; x_wconf 90' lang='lat' dir='ltr'><strong>ad</strong></span> <span class='ocrx_word' id='word_1_35' title='bbox 1273 771 1636 840; x_wconf 86' lang='lat' dir='ltr'><strong>Theophilum</strong></span> <span class='ocrx_word' id='word_1_36' title='bbox 1694 784 1789 836; x_wconf 89' lang='lat' dir='ltr'><strong>pa-</strong></span> 
     </span>
    </p>
   </div>
   <div class='ocr_carea' id='block_1_8' title="bbox 211 861 1786 934">
    <p class='ocr_par' dir='ltr' id='par_1_8' title="bbox 211 861 1786 934">
     <span class='ocr_line' id='line_1_8' title="bbox 211 861 1786 934; baseline -0.012 0"><span class='ocrx_word' id='word_1_37' title='bbox 211 877 514 934; x_wconf 83' lang='lat' dir='ltr'><strong>triarcham</strong></span> <span class='ocrx_word' id='word_1_38' title='bbox 551 872 982 926; x_wconf 81' lang='lat' dir='ltr'><strong>Alexandrinum</strong></span> <span class='ocrx_word' id='word_1_39' title='bbox 1033 869 1243 922; x_wconf 91' lang='lat' dir='ltr'><strong>litteras</strong></span> <span class='ocrx_word' id='word_1_40' title='bbox 1289 866 1554 918; x_wconf 70' lang='lat' dir='ltr'><strong>scriberet</strong></span> <span class='ocrx_word' id='word_1_41' title='bbox 1587 861 1786 931; x_wconf 90' lang='lat' dir='ltr'><strong>quibus</strong></span> 
     </span>
    </p>
   </div>
   <div class='ocr_carea' id='block_1_9' title="bbox 216 955 1786 1036">
    <p class='ocr_par' dir='ltr' id='par_1_9' title="bbox 216 955 1786 1036">
     <span class='ocr_line' id='line_1_9' title="bbox 216 955 1786 1036; baseline -0.011 -15"><span class='ocrx_word' id='word_1_42' title='bbox 216 971 285 1022; x_wconf 87' lang='lat' dir='ltr'><strong>ab</strong></span> <span class='ocrx_word' id='word_1_43' title='bbox 317 967 411 1020; x_wconf 87' lang='lat' dir='ltr'><strong>illo</strong></span> <span class='ocrx_word' id='word_1_44' title='bbox 438 975 646 1036; x_wconf 80' lang='lat' dir='ltr'><strong>peteret</strong></span> <span class='ocrx_word' id='word_1_45' title='bbox 681 971 737 1016; x_wconf 85' lang='grc' dir='ltr'><strong>ιιι</strong></span> <span class='ocrx_word' id='word_1_46' title='bbox 767 962 897 1030; x_wconf 82' lang='lat' dir='ltr'><strong>ipsis</strong></span> <span class='ocrx_word' id='word_1_47' title='bbox 927 957 1281 1014; x_wconf 77' lang='lat' dir='ltr'><strong>Eucharistize</strong></span> <span class='ocrx_word' id='word_1_48' title='bbox 1315 960 1526 1026; x_wconf 90' lang='lat' dir='ltr'><strong>copiam</strong></span> <span class='ocrx_word' id='word_1_49' title='bbox 1563 955 1786 1008; x_wconf 82' lang='lat' dir='ltr'><strong>faceret.</strong></span> 
     </span>
    </p>
   </div>
   <div class='ocr_carea' id='block_1_10' title="bbox 212 1049 1787 1128">
    <p class='ocr_par' dir='ltr' id='par_1_10' title="bbox 212 1049 1787 1128">
     <span class='ocr_line' id='line_1_10' title="bbox 212 1049 1787 1128; baseline -0.009 -12"><span class='ocrx_word' id='word_1_50' title='bbox 212 1062 456 1116; x_wconf 76' lang='lat' dir='ltr'><strong>Joannes</strong></span> <span class='ocrx_word' id='word_1_51' title='bbox 483 1076 610 1126; x_wconf 68' lang='lat' dir='ltr'><strong>ergo</strong></span> <span class='ocrx_word' id='word_1_52' title='bbox 645 1058 1075 1128; x_wconf 78' lang='lat' dir='ltr'><strong>Chrysoslomus</strong></span> <span class='ocrx_word' id='word_1_53' title='bbox 1113 1052 1295 1108; x_wconf 84' lang='lat' dir='ltr'><strong>missis</strong></span> <span class='ocrx_word' id='word_1_54' title='bbox 1332 1067 1426 1121; x_wconf 86' lang='lat' dir='ltr'><strong>per</strong></span> <span class='ocrx_word' id='word_1_55' title='bbox 1461 1053 1609 1118; x_wconf 87' lang='lat' dir='ltr'><strong>ipsos</strong></span> <span class='ocrx_word' id='word_1_56' title='bbox 1645 1049 1787 1103; x_wconf 88' lang='lat' dir='ltr'><strong>litte-</strong></span> 
     </span>
    </p>
   </div>
   <div class='ocr_carea' id='block_1_11' title="bbox 219 1142 1784 1220">
    <p class='ocr_par' dir='ltr' id='par_1_11' title="bbox 219 1142 1784 1220">
     <span class='ocr_line' id='line_1_11' title="bbox 219 1142 1784 1220; baseline -0.01 -9"><span class='ocrx_word' id='word_1_57' title='bbox 219 1159 295 1211; x_wconf 90' lang='lat' dir='ltr'><strong>ris</strong></span> <span class='ocrx_word' id='word_1_58' title='bbox 331 1157 398 1208; x_wconf 86' lang='lat' dir='ltr'><strong>ad</strong></span> <span class='ocrx_word' id='word_1_59' title='bbox 438 1152 798 1220; x_wconf 72' lang='lat' dir='ltr'><strong>Theophilum</strong></span> <span class='ocrx_word' id='word_1_60' title='bbox 836 1146 1200 1218; x_wconf 83' lang='lat' dir='ltr'><strong>patriarcham</strong></span> <span class='ocrx_word' id='word_1_61' title='bbox 1231 1142 1666 1199; x_wconf 77' lang='lat' dir='ltr'><strong>Alexandrinum</strong></span> <span class='ocrx_word' id='word_1_62' title='bbox 1696 1157 1784 1195; x_wconf 72' lang='grc' dir='ltr'><strong>νο-</strong></span> 
     </span>
    </p>
   </div>
   <div class='ocr_carea' id='block_1_12' title="bbox 213 1233 1783 1317">
    <p class='ocr_par' dir='ltr' id='par_1_12' title="bbox 213 1233 1783 1317">
     <span class='ocr_line' id='line_1_12' title="bbox 213 1233 1783 1317; baseline -0.007 -19"><span class='ocrx_word' id='word_1_63' title='bbox 213 1249 359 1317; x_wconf 80' lang='lat' dir='ltr'><strong>gavit</strong></span> <span class='ocrx_word' id='word_1_64' title='bbox 434 1247 586 1298; x_wconf 85' lang='lat' dir='ltr'><strong>illum</strong></span> <span class='ocrx_word' id='word_1_65' title='bbox 659 1251 716 1295; x_wconf 89' lang='grc' dir='ltr'><strong>ιιι</strong></span> <span class='ocrx_word' id='word_1_66' title='bbox 777 1255 900 1293; x_wconf 92' lang='lat' dir='ltr'><strong>cum</strong></span> <span class='ocrx_word' id='word_1_67' title='bbox 963 1239 1092 1306; x_wconf 81' lang='lat' dir='ltr'><strong>ipsis</strong></span> <span class='ocrx_word' id='word_1_68' title='bbox 1146 1237 1197 1290; x_wconf 91' lang='lat' dir='ltr'><strong>in</strong></span> <span class='ocrx_word' id='word_1_69' title='bbox 1256 1236 1484 1304; x_wconf 77' lang='lat' dir='ltr'><strong>gratiam</strong></span> <span class='ocrx_word' id='word_1_70' title='bbox 1557 1233 1783 1287; x_wconf 84' lang='lat' dir='ltr'><strong>rediret.</strong></span> 
     </span>
    </p>
   </div>
   <div class='ocr_carea' id='block_1_13' title="bbox 212 1327 1788 1400">
    <p class='ocr_par' dir='ltr' id='par_1_13' title="bbox 212 1327 1788 1400">
     <span class='ocr_line' id='line_1_13' title="bbox 212 1327 1788 1400; baseline -0.008 -13"><span class='ocrx_word' id='word_1_71' title='bbox 212 1335 366 1400; x_wconf 75' lang='lat' dir='ltr'><strong>Qtlnd</strong></span> <span class='ocrx_word' id='word_1_72' title='bbox 421 1351 543 1387; x_wconf 87' lang='lat' dir='ltr'><strong>eum</strong></span> <span class='ocrx_word' id='word_1_73' title='bbox 593 1334 682 1385; x_wconf 68' lang='lat' dir='ltr'><strong>ille</strong></span> <span class='ocrx_word' id='word_1_74' title='bbox 714 1331 890 1384; x_wconf 80' lang='lat' dir='ltr'><strong>facere</strong></span> <span class='ocrx_word' id='word_1_75' title='bbox 937 1332 1128 1393; x_wconf 90' lang='lat' dir='ltr'><strong>nollet,</strong></span> <span class='ocrx_word' id='word_1_76' title='bbox 1170 1327 1373 1381; x_wconf 81' lang='lat' dir='ltr'><strong>reversi</strong></span> <span class='ocrx_word' id='word_1_77' title='bbox 1420 1327 1614 1379; x_wconf 86' lang='lat' dir='ltr'><strong>iterum</strong></span> <span class='ocrx_word' id='word_1_78' title='bbox 1661 1330 1788 1377; x_wconf 76' lang='lat' dir='ltr'><strong>situt</strong></span> 
     </span>
    </p>
   </div>
   <div class='ocr_carea' id='block_1_14' title="bbox 213 1413 1788 1494">
    <p class='ocr_par' dir='ltr' id='par_1_14' title="bbox 213 1413 1788 1494">
     <span class='ocr_line' id='line_1_14' title="bbox 213 1413 1788 1494; baseline -0.009 -15"><span class='ocrx_word' id='word_1_79' title='bbox 213 1432 280 1480; x_wconf 85' lang='lat' dir='ltr'><strong>ad</strong></span> <span class='ocrx_word' id='word_1_80' title='bbox 335 1427 604 1482; x_wconf 80' lang='lat' dir='ltr'><strong>Joannem</strong></span> <span class='ocrx_word' id='word_1_81' title='bbox 663 1422 1144 1494; x_wconf 84' lang='lat' dir='ltr'><strong>Chrysostomum,</strong></span> <span class='ocrx_word' id='word_1_82' title='bbox 1197 1420 1287 1487; x_wconf 89' lang='lat' dir='ltr'><strong>qui</strong></span> <span class='ocrx_word' id='word_1_83' title='bbox 1342 1418 1491 1487; x_wconf 89' lang='lat' dir='ltr'><strong>ipsos</strong></span> <span class='ocrx_word' id='word_1_84' title='bbox 1542 1415 1608 1468; x_wconf 92' lang='lat' dir='ltr'><strong>ad</strong></span> <span class='ocrx_word' id='word_1_85' title='bbox 1682 1413 1788 1466; x_wconf 80' lang='lat' dir='ltr'><strong>Eu-</strong></span> 
     </span>
    </p>
   </div>
   <div class='ocr_carea' id='block_1_15' title="bbox 213 1505 1789 1582">
    <p class='ocr_par' dir='ltr' id='par_1_15' title="bbox 213 1505 1789 1582">
     <span class='ocr_line' id='line_1_15' title="bbox 213 1505 1789 1582; baseline -0.007 -13"><span class='ocrx_word' id='word_1_86' title='bbox 213 1520 538 1572; x_wconf 76' lang='lat' dir='ltr'><strong>citaristiam</strong></span> <span class='ocrx_word' id='word_1_87' title='bbox 592 1517 854 1570; x_wconf 81' lang='lat' dir='ltr'><strong>accedere</strong></span> <span class='ocrx_word' id='word_1_88' title='bbox 900 1513 1089 1582; x_wconf 89' lang='lat' dir='ltr'><strong>jussit.</strong></span> <span class='ocrx_word' id='word_1_89' title='bbox 1147 1511 1277 1566; x_wconf 89' lang='lat' dir='ltr'><strong>Orta</strong></span> <span class='ocrx_word' id='word_1_90' title='bbox 1327 1521 1408 1564; x_wconf 91' lang='lat' dir='ltr'><strong>est</strong></span> <span class='ocrx_word' id='word_1_91' title='bbox 1463 1521 1594 1575; x_wconf 82' lang='lat' dir='ltr'><strong>ergo</strong></span> <span class='ocrx_word' id='word_1_92' title='bbox 1645 1505 1789 1558; x_wconf 90' lang='lat' dir='ltr'><strong>inter</strong></span> 
     </span>
    </p>
   </div>
   <div class='ocr_carea' id='block_1_16' title="bbox 213 1598 1784 1680">
    <p class='ocr_par' dir='ltr' id='par_1_16' title="bbox 213 1598 1784 1680">
     <span class='ocr_line' id='line_1_16' title="bbox 213 1598 1784 1680; baseline -0.011 -12"><span class='ocrx_word' id='word_1_93' title='bbox 213 1611 576 1680; x_wconf 69' lang='lat' dir='ltr'><strong>Tlivoplnlutii</strong></span> <span class='ocrx_word' id='word_1_94' title='bbox 605 1608 967 1680; x_wconf 82' lang='lat' dir='ltr'><strong>patriarchatn</strong></span> <span class='ocrx_word' id='word_1_95' title='bbox 997 1604 1423 1659; x_wconf 79' lang='lat' dir='ltr'><strong>Alexandrinum</strong></span> <span class='ocrx_word' id='word_1_96' title='bbox 1447 1611 1499 1654; x_wconf 92' lang='lat' dir='ltr'><strong>et</strong></span> <span class='ocrx_word' id='word_1_97' title='bbox 1521 1598 1784 1652; x_wconf 80' lang='lat' dir='ltr'><strong>Joannem</strong></span> 
     </span>
    </p>
   </div>
   <div class='ocr_carea' id='block_1_17' title="bbox 213 1690 1786 1772">
    <p class='ocr_par' dir='ltr' id='par_1_17' title="bbox 213 1690 1786 1772">
     <span class='ocr_line' id='line_1_17' title="bbox 213 1690 1786 1772; baseline -0.014 -14"><span class='ocrx_word' id='word_1_98' title='bbox 213 1707 671 1772; x_wconf 82' lang='lat' dir='ltr'><strong>Chrysostonium</strong></span> <span class='ocrx_word' id='word_1_99' title='bbox 709 1698 983 1752; x_wconf 84' lang='lat' dir='ltr'><strong>simultas.</strong></span> <span class='ocrx_word' id='word_1_100' title='bbox 1030 1699 1206 1748; x_wconf 88' lang='lat' dir='ltr'><strong>Porro</strong></span> <span class='ocrx_word' id='word_1_101' title='bbox 1249 1693 1351 1745; x_wconf 82' lang='lat' dir='ltr'><strong>fuit</strong></span> <span class='ocrx_word' id='word_1_102' title='bbox 1394 1702 1636 1759; x_wconf 86' lang='lat' dir='ltr'><strong>tempore</strong></span> <span class='ocrx_word' id='word_1_103' title='bbox 1684 1690 1786 1740; x_wconf 80' lang='lat' dir='ltr'><strong>Ar-</strong></span> 
     </span>
    </p>
   </div>
   <div class='ocr_carea' id='block_1_18' title="bbox 213 1781 1787 1859">
    <p class='ocr_par' dir='ltr' id='par_1_18' title="bbox 213 1781 1787 1859">
     <span class='ocr_line' id='line_1_18' title="bbox 213 1781 1787 1859; baseline -0.011 -10"><span class='ocrx_word' id='word_1_104' title='bbox 213 1797 355 1849; x_wconf 85' lang='lat' dir='ltr'><strong>cadii</strong></span> <span class='ocrx_word' id='word_1_105' title='bbox 395 1794 766 1847; x_wconf 79' lang='lat' dir='ltr'><strong>Romanorum</strong></span> <span class='ocrx_word' id='word_1_106' title='bbox 798 1790 1167 1859; x_wconf 77' lang='lat' dir='ltr'><strong>imperatoris,</strong></span> <span class='ocrx_word' id='word_1_107' title='bbox 1194 1787 1275 1839; x_wconf 89' lang='lat' dir='ltr'><strong>vir</strong></span> <span class='ocrx_word' id='word_1_108' title='bbox 1300 1785 1518 1855; x_wconf 83' lang='lat' dir='ltr'><strong>quidam</strong></span> <span class='ocrx_word' id='word_1_109' title='bbox 1564 1781 1787 1838; x_wconf 89' lang='lat' dir='ltr'><strong>nomine</strong></span> 
     </span>
    </p>
   </div>
   <div class='ocr_carea' id='block_1_19' title="bbox 1900 589 3465 662">
    <p class='ocr_par' dir='ltr' id='par_1_19' title="bbox 1900 589 3465 662">
     <span class='ocr_line' id='line_1_19' title="bbox 1900 589 3465 662; baseline 0.008 -23"><span class='ocrx_word' id='word_1_110' title='bbox 1900 603 2026 657; x_wconf 92' lang='lat' dir='ltr'><strong>pum</strong></span> <span class='ocrx_word' id='word_1_111' title='bbox 2080 589 2322 645; x_wconf 84' lang='lat' dir='ltr'><strong>scribens</strong></span> <span class='ocrx_word' id='word_1_112' title='bbox 2352 591 2494 648; x_wconf 87' lang='lat' dir='ltr'><strong>:Tu.</strong></span> <span class='ocrx_word' id='word_1_113' title='bbox 2527 590 2748 660; x_wconf 84' lang='lat' dir='ltr'><strong>(inquit)</strong></span> <span class='ocrx_word' id='word_1_114' title='bbox 2787 591 3077 662; x_wconf 80' lang='lat' dir='ltr'><strong>Epiphani,</strong></span> <span class='ocrx_word' id='word_1_115' title='bbox 3111 596 3163 648; x_wconf 93' lang='lat' dir='ltr'><strong>in</strong></span> <span class='ocrx_word' id='word_1_116' title='bbox 3214 597 3465 650; x_wconf 73' lang='lat' dir='ltr'><strong>exsilium</strong></span> 
     </span>
    </p>
   </div>
   <div class='ocr_carea' id='block_1_20' title="bbox 1898 683 3458 756">
    <p class='ocr_par' dir='ltr' id='par_1_20' title="bbox 1898 683 3458 756">
     <span class='ocr_line' id='line_1_20' title="bbox 1898 683 3458 756; baseline 0.004 -25"><span class='ocrx_word' id='word_1_117' title='bbox 1898 693 2074 732; x_wconf 89' lang='lat' dir='ltr'><strong>meum</strong></span> <span class='ocrx_word' id='word_1_118' title='bbox 2105 683 2433 736; x_wconf 86' lang='lat' dir='ltr'><strong>consensisti</strong></span> <span class='ocrx_word' id='word_1_119' title='bbox 2471 697 2533 735; x_wconf 88' lang='lat' dir='ltr'><strong>ac</strong></span> <span class='ocrx_word' id='word_1_120' title='bbox 2559 683 2894 738; x_wconf 87' lang='lat' dir='ltr'><strong>contrariam</strong></span> <span class='ocrx_word' id='word_1_121' title='bbox 2932 687 3062 740; x_wconf 90' lang='lat' dir='ltr'><strong>mihi</strong></span> <span class='ocrx_word' id='word_1_122' title='bbox 3088 702 3310 756; x_wconf 86' lang='lat' dir='ltr'><strong>operam</strong></span> <span class='ocrx_word' id='word_1_123' title='bbox 3357 704 3458 741; x_wconf 83' lang='lat' dir='ltr'><strong>na-</strong></span> 
     </span>
    </p>
   </div>
   <div class='ocr_carea' id='block_1_21' title="bbox 1895 769 3465 844">
    <p class='ocr_par' dir='ltr' id='par_1_21' title="bbox 1895 769 3465 844">
     <span class='ocr_line' id='line_1_21' title="bbox 1895 769 3465 844; baseline 0.008 -24"><span class='ocrx_word' id='word_1_124' title='bbox 1895 771 2056 832; x_wconf 84' lang='lat' dir='ltr'><strong>vasti,</strong></span> <span class='ocrx_word' id='word_1_125' title='bbox 2093 769 2282 824; x_wconf 89' lang='lat' dir='ltr'><strong>dicens</strong></span> <span class='ocrx_word' id='word_1_126' title='bbox 2329 772 2395 826; x_wconf 92' lang='lat' dir='ltr'><strong>de</strong></span> <span class='ocrx_word' id='word_1_127' title='bbox 2435 789 2517 828; x_wconf 92' lang='lat' dir='ltr'><strong>me</strong></span> <span class='ocrx_word' id='word_1_128' title='bbox 2544 775 2690 844; x_wconf 92' lang='lat' dir='ltr'><strong>quod</strong></span> <span class='ocrx_word' id='word_1_129' title='bbox 2713 775 2943 830; x_wconf 90' lang='lat' dir='ltr'><strong>minime</strong></span> <span class='ocrx_word' id='word_1_130' title='bbox 2984 787 3034 830; x_wconf 91' lang='lat' dir='ltr'><strong>te</strong></span> <span class='ocrx_word' id='word_1_131' title='bbox 3067 779 3272 831; x_wconf 85' lang='lat' dir='ltr'><strong>decuit.</strong></span> <span class='ocrx_word' id='word_1_132' title='bbox 3311 779 3465 832; x_wconf 77' lang='lat' dir='ltr'><strong>Scias</strong></span> 
     </span>
    </p>
   </div>
   <div class='ocr_carea' id='block_1_22' title="bbox 1895 867 3467 940">
    <p class='ocr_par' dir='ltr' id='par_1_22' title="bbox 1895 867 3467 940">
     <span class='ocr_line' id='line_1_22' title="bbox 1895 867 3467 940; baseline 0.006 -24"><span class='ocrx_word' id='word_1_133' title='bbox 1895 877 2023 934; x_wconf 89' lang='lat' dir='ltr'><strong>ergo</strong></span> <span class='ocrx_word' id='word_1_134' title='bbox 2054 872 2106 918; x_wconf 91' lang='lat' dir='ltr'><strong>te</strong></span> <span class='ocrx_word' id='word_1_135' title='bbox 2128 879 2474 934; x_wconf 80' lang='lat' dir='ltr'><strong>nequaquam</strong></span> <span class='ocrx_word' id='word_1_136' title='bbox 2504 867 2569 918; x_wconf 90' lang='lat' dir='ltr'><strong>ad</strong></span> <span class='ocrx_word' id='word_1_137' title='bbox 2607 869 2944 936; x_wconf 89' lang='lat' dir='ltr'><strong>provinciam</strong></span> <span class='ocrx_word' id='word_1_138' title='bbox 2993 879 3138 924; x_wconf 87' lang='lat' dir='ltr'><strong>tuam</strong></span> <span class='ocrx_word' id='word_1_139' title='bbox 3171 887 3467 940; x_wconf 74' lang='lat' dir='ltr'><strong>perventu-</strong></span> 
     </span>
    </p>
   </div>
   <div class='ocr_carea' id='block_1_23' title="bbox 1895 959 3475 1027">
    <p class='ocr_par' dir='ltr' id='par_1_23' title="bbox 1895 959 3475 1027">
     <span class='ocr_line' id='line_1_23' title="bbox 1895 959 3475 1027; baseline 0.005 -18"><span class='ocrx_word' id='word_1_140' title='bbox 1895 971 2013 1010; x_wconf 91' lang='lat' dir='ltr'><strong>rum</strong></span> <span class='ocrx_word' id='word_1_141' title='bbox 2050 967 2339 1027; x_wconf 83' lang='lat' dir='ltr'><strong>antequam</strong></span> <span class='ocrx_word' id='word_1_142' title='bbox 2380 973 2410 1012; x_wconf 94' lang='lat' dir='ltr'><strong>e</strong></span> <span class='ocrx_word' id='word_1_143' title='bbox 2455 959 2657 1019; x_wconf 88' lang='lat' dir='ltr'><strong>mundo</strong></span> <span class='ocrx_word' id='word_1_144' title='bbox 2706 963 3023 1018; x_wconf 88' lang='lat' dir='ltr'><strong>excesseris.</strong></span> <span class='ocrx_word' id='word_1_145' title='bbox 3071 963 3170 1017; x_wconf 91' lang='lat' dir='ltr'><strong>Cui</strong></span> <span class='ocrx_word' id='word_1_146' title='bbox 3238 965 3339 1017; x_wconf 90' lang='lat' dir='ltr'><strong>hoc</strong></span> <span class='ocrx_word' id='word_1_147' title='bbox 3390 983 3475 1017; x_wconf 90' lang='lat' dir='ltr'><strong>re-</strong></span> 
     </span>
    </p>
   </div>
   <div class='ocr_carea' id='block_1_24' title="bbox 1901 1049 3473 1119">
    <p class='ocr_par' dir='ltr' id='par_1_24' title="bbox 1901 1049 3473 1119">
     <span class='ocr_line' id='line_1_24' title="bbox 1901 1049 3473 1119; baseline 0.003 -17"><span class='ocrx_word' id='word_1_148' title='bbox 1901 1063 2164 1118; x_wconf 80' lang='lat' dir='ltr'><strong>Sponsum</strong></span> <span class='ocrx_word' id='word_1_149' title='bbox 2206 1049 2441 1102; x_wconf 81' lang='lat' dir='ltr'><strong>reddidit</strong></span> <span class='ocrx_word' id='word_1_150' title='bbox 2498 1050 2843 1119; x_wconf 82' lang='lat' dir='ltr'><strong>Epiphanius</strong></span> <span class='ocrx_word' id='word_1_151' title='bbox 2889 1057 2976 1106; x_wconf 84' lang='lat'><strong>:0</strong></span> <span class='ocrx_word' id='word_1_152' title='bbox 3025 1053 3290 1118; x_wconf 79' lang='lat' dir='ltr'><strong>Joannes,</strong></span> <span class='ocrx_word' id='word_1_153' title='bbox 3334 1057 3473 1107; x_wconf 86' lang='lat' dir='ltr'><strong>nihil</strong></span> 
     </span>
    </p>
   </div>
   <div class='ocr_carea' id='block_1_25' title="bbox 1904 1143 3470 1216">
    <p class='ocr_par' dir='ltr' id='par_1_25' title="bbox 1904 1143 3470 1216">
     <span class='ocr_line' id='line_1_25' title="bbox 1904 1143 3470 1216; baseline 0.003 -22"><span class='ocrx_word' id='word_1_154' title='bbox 1904 1143 2051 1194; x_wconf 87' lang='lat' dir='ltr'><strong>aliud</strong></span> <span class='ocrx_word' id='word_1_155' title='bbox 2085 1157 2243 1209; x_wconf 86' lang='lat' dir='ltr'><strong>quam</strong></span> <span class='ocrx_word' id='word_1_156' title='bbox 2276 1143 2456 1195; x_wconf 84' lang='lat' dir='ltr'><strong>omnia</strong></span> <span class='ocrx_word' id='word_1_157' title='bbox 2485 1143 2624 1196; x_wconf 85' lang='lat' dir='ltr'><strong>bona</strong></span> <span class='ocrx_word' id='word_1_158' title='bbox 2667 1145 2732 1197; x_wconf 89' lang='lat' dir='ltr'><strong>de</strong></span> <span class='ocrx_word' id='word_1_159' title='bbox 2769 1152 2822 1199; x_wconf 87' lang='lat' dir='ltr'><strong>te</strong></span> <span class='ocrx_word' id='word_1_160' title='bbox 2850 1145 2985 1210; x_wconf 83' lang='lat' dir='ltr'><strong>dixi,</strong></span> <span class='ocrx_word' id='word_1_161' title='bbox 3027 1164 3088 1202; x_wconf 88' lang='lat' dir='ltr'><strong>ac</strong></span> <span class='ocrx_word' id='word_1_162' title='bbox 3124 1158 3290 1201; x_wconf 85' lang='lat' dir='ltr'><strong>totam</strong></span> <span class='ocrx_word' id='word_1_163' title='bbox 3336 1165 3470 1216; x_wconf 71' lang='lat' dir='ltr'><strong>op:-</strong></span> 
     </span>
    </p>
   </div>
   <div class='ocr_carea' id='block_1_26' title="bbox 1897 1236 3494 1312">
    <p class='ocr_par' dir='ltr' id='par_1_26' title="bbox 1897 1236 3494 1312">
     <span class='ocr_line' id='line_1_26' title="bbox 1897 1236 3494 1312; baseline 0.003 -27"><span class='ocrx_word' id='word_1_164' title='bbox 1897 1248 2010 1285; x_wconf 89' lang='lat' dir='ltr'><strong>ram</strong></span> <span class='ocrx_word' id='word_1_165' title='bbox 2040 1247 2238 1295; x_wconf 84' lang='lat' dir='ltr'><strong>meam,</strong></span> <span class='ocrx_word' id='word_1_166' title='bbox 2274 1247 2540 1300; x_wconf 85' lang='lat' dir='ltr'><strong>quantum</strong></span> <span class='ocrx_word' id='word_1_167' title='bbox 2591 1236 2742 1305; x_wconf 91' lang='lat' dir='ltr'><strong>potui</strong></span> <span class='ocrx_word' id='word_1_168' title='bbox 2792 1237 3086 1291; x_wconf 75' lang='lat' dir='ltr'><strong>maximam</strong></span> <span class='ocrx_word' id='word_1_169' title='bbox 3122 1239 3494 1312; x_wconf 58' lang='lat'><strong>545-557</strong></span> 
     </span>
    </p>
   </div>
   <div class='ocr_carea' id='block_1_27' title="bbox 1900 1324 3477 1393">
    <p class='ocr_par' dir='ltr' id='par_1_27' title="bbox 1900 1324 3477 1393">
     <span class='ocr_line' id='line_1_27' title="bbox 1900 1324 3477 1393; baseline 0.005 -16"><span class='ocrx_word' id='word_1_170' title='bbox 1900 1325 1996 1377; x_wconf 86' lang='lat' dir='ltr'><strong>tibi</strong></span> <span class='ocrx_word' id='word_1_171' title='bbox 2049 1324 2284 1393; x_wconf 89' lang='lat' dir='ltr'><strong>impendi</strong></span> <span class='ocrx_word' id='word_1_172' title='bbox 2331 1335 2384 1379; x_wconf 84' lang='lat' dir='ltr'><strong>et</strong></span> <span class='ocrx_word' id='word_1_173' title='bbox 2430 1326 2494 1380; x_wconf 89' lang='lat' dir='ltr'><strong>ad</strong></span> <span class='ocrx_word' id='word_1_174' title='bbox 2545 1329 2745 1382; x_wconf 88' lang='lat' dir='ltr'><strong>malum</strong></span> <span class='ocrx_word' id='word_1_175' title='bbox 2792 1345 2824 1383; x_wconf 84' lang='lat' dir='ltr'><strong>a</strong></span> <span class='ocrx_word' id='word_1_176' title='bbox 2866 1340 2916 1383; x_wconf 87' lang='lat' dir='ltr'><strong>te</strong></span> <span class='ocrx_word' id='word_1_177' title='bbox 2963 1335 3312 1386; x_wconf 80' lang='lat' dir='ltr'><strong>avertendum</strong></span> <span class='ocrx_word' id='word_1_178' title='bbox 3353 1333 3477 1386; x_wconf 89' lang='lat' dir='ltr'><strong>dili-</strong></span> 
     </span>
    </p>
   </div>
   <div class='ocr_carea' id='block_1_28' title="bbox 1897 1404 3473 1487">
    <p class='ocr_par' dir='ltr' id='par_1_28' title="bbox 1897 1404 3473 1487">
     <span class='ocr_line' id='line_1_28' title="bbox 1897 1404 3473 1487; baseline 0.003 -18"><span class='ocrx_word' id='word_1_179' title='bbox 1897 1414 2133 1483; x_wconf 78' lang='lat' dir='ltr'><strong>gentiam</strong></span> <span class='ocrx_word' id='word_1_180' title='bbox 2165 1404 2415 1478; x_wconf 87' lang='lat' dir='ltr'><strong>adhibui,</strong></span> <span class='ocrx_word' id='word_1_181' title='bbox 2455 1433 2577 1485; x_wconf 65' lang='lat' dir='ltr'><strong>quae</strong></span> <span class='ocrx_word' id='word_1_182' title='bbox 2611 1427 2792 1473; x_wconf 86' lang='lat' dir='ltr'><strong>tamen</strong></span> <span class='ocrx_word' id='word_1_183' title='bbox 2838 1417 3048 1474; x_wconf 81' lang='lat' dir='ltr'><strong>frustra</strong></span> <span class='ocrx_word' id='word_1_184' title='bbox 3095 1423 3212 1474; x_wconf 79' lang='lat' dir='ltr'><strong>fuit.</strong></span> <span class='ocrx_word' id='word_1_185' title='bbox 3239 1420 3340 1487; x_wconf 81' lang='lat' dir='ltr'><strong>Qui</strong></span> <span class='ocrx_word' id='word_1_186' title='bbox 3378 1439 3473 1474; x_wconf 86' lang='lat' dir='ltr'><strong>an-</strong></span> 
     </span>
    </p>
   </div>
   <div class='ocr_carea' id='block_1_29' title="bbox 1896 1509 3476 1578">
    <p class='ocr_par' dir='ltr' id='par_1_29' title="bbox 1896 1509 3476 1578">
     <span class='ocr_line' id='line_1_29' title="bbox 1896 1509 3476 1578; baseline 0.004 -20"><span class='ocrx_word' id='word_1_187' title='bbox 1896 1514 1999 1560; x_wconf 91' lang='lat' dir='ltr'><strong>tem</strong></span> <span class='ocrx_word' id='word_1_188' title='bbox 2034 1521 2270 1574; x_wconf 79' lang='lat' dir='ltr'><strong>praesens</strong></span> <span class='ocrx_word' id='word_1_189' title='bbox 2293 1515 2376 1558; x_wconf 91' lang='lat' dir='ltr'><strong>est</strong></span> <span class='ocrx_word' id='word_1_190' title='bbox 2401 1509 2545 1561; x_wconf 84' lang='lat' dir='ltr'><strong>videt</strong></span> <span class='ocrx_word' id='word_1_191' title='bbox 2564 1525 2682 1578; x_wconf 73' lang='lat' dir='ltr'><strong>quae</strong></span> <span class='ocrx_word' id='word_1_192' title='bbox 2723 1526 2830 1563; x_wconf 92' lang='lat' dir='ltr'><strong>non</strong></span> <span class='ocrx_word' id='word_1_193' title='bbox 2853 1512 2997 1564; x_wconf 86' lang='lat' dir='ltr'><strong>videt</strong></span> <span class='ocrx_word' id='word_1_194' title='bbox 3028 1513 3248 1566; x_wconf 87' lang='lat' dir='ltr'><strong>absens.</strong></span> <span class='ocrx_word' id='word_1_195' title='bbox 3272 1513 3476 1578; x_wconf 82' lang='lat' dir='ltr'><strong>Quem-</strong></span> 
     </span>
    </p>
   </div>
   <div class='ocr_carea' id='block_1_30' title="bbox 1895 1597 3477 1674">
    <p class='ocr_par' dir='ltr' id='par_1_30' title="bbox 1895 1597 3477 1674">
     <span class='ocr_line' id='line_1_30' title="bbox 1895 1597 3477 1674; baseline 0.007 -25"><span class='ocrx_word' id='word_1_196' title='bbox 1895 1597 2186 1650; x_wconf 86' lang='lat' dir='ltr'><strong>admodum</strong></span> <span class='ocrx_word' id='word_1_197' title='bbox 2244 1609 2423 1650; x_wconf 83' lang='lat' dir='ltr'><strong>autem</strong></span> <span class='ocrx_word' id='word_1_198' title='bbox 2474 1608 2530 1651; x_wconf 84' lang='lat' dir='ltr'><strong>tu</strong></span> <span class='ocrx_word' id='word_1_199' title='bbox 2583 1599 2713 1652; x_wconf 89' lang='lat' dir='ltr'><strong>mihi</strong></span> <span class='ocrx_word' id='word_1_200' title='bbox 2773 1601 3027 1672; x_wconf 87' lang='lat' dir='ltr'><strong>impingis</strong></span> <span class='ocrx_word' id='word_1_201' title='bbox 3075 1620 3136 1659; x_wconf 82' lang='lat' dir='ltr'><strong>ea</strong></span> <span class='ocrx_word' id='word_1_202' title='bbox 3193 1621 3314 1674; x_wconf 74' lang='lat' dir='ltr'><strong>qua:</strong></span> <span class='ocrx_word' id='word_1_203' title='bbox 3374 1620 3477 1660; x_wconf 91' lang='lat' dir='ltr'><strong>nec</strong></span> 
     </span>
    </p>
   </div>
   <div class='ocr_carea' id='block_1_31' title="bbox 1899 1688 3474 1764">
    <p class='ocr_par' dir='ltr' id='par_1_31' title="bbox 1899 1688 3474 1764">
     <span class='ocr_line' id='line_1_31' title="bbox 1899 1688 3474 1764; baseline 0.008 -24"><span class='ocrx_word' id='word_1_204' title='bbox 1899 1688 2046 1752; x_wconf 82' lang='lat' dir='ltr'><strong>novi,</strong></span> <span class='ocrx_word' id='word_1_205' title='bbox 2109 1704 2208 1742; x_wconf 91' lang='lat' dir='ltr'><strong>nec</strong></span> <span class='ocrx_word' id='word_1_206' title='bbox 2256 1688 2392 1755; x_wconf 78' lang='lat' dir='ltr'><strong>dixi,</strong></span> <span class='ocrx_word' id='word_1_207' title='bbox 2428 1691 2502 1744; x_wconf 87' lang='lat' dir='ltr'><strong>ita</strong></span> <span class='ocrx_word' id='word_1_208' title='bbox 2539 1692 2698 1764; x_wconf 87' lang='lat' dir='ltr'><strong>seias_</strong></span> <span class='ocrx_word' id='word_1_209' title='bbox 2730 1702 2782 1746; x_wconf 91' lang='lat' dir='ltr'><strong>te</strong></span> <span class='ocrx_word' id='word_1_210' title='bbox 2829 1708 2940 1746; x_wconf 90' lang='lat' dir='ltr'><strong>non</strong></span> <span class='ocrx_word' id='word_1_211' title='bbox 2987 1705 3377 1761; x_wconf 87' lang='lat' dir='ltr'><strong>perventurum</strong></span> <span class='ocrx_word' id='word_1_212' title='bbox 3407 1698 3474 1752; x_wconf 89' lang='lat' dir='ltr'><strong>ad</strong></span> 
     </span>
    </p>
   </div>
   <div class='ocr_carea' id='block_1_32' title="bbox 1899 1780 3478 1855">
    <p class='ocr_par' dir='ltr' id='par_1_32' title="bbox 1899 1780 3478 1855">
     <span class='ocr_line' id='line_1_32' title="bbox 1899 1780 3478 1855; baseline 0.006 -22"><span class='ocrx_word' id='word_1_213' title='bbox 1899 1780 2075 1834; x_wconf 89' lang='lat' dir='ltr'><strong>locum</strong></span> <span class='ocrx_word' id='word_1_214' title='bbox 2104 1782 2278 1835; x_wconf 84' lang='lat' dir='ltr'><strong>exsilii</strong></span> <span class='ocrx_word' id='word_1_215' title='bbox 2315 1785 2388 1835; x_wconf 90' lang='lat' dir='ltr'><strong>tui</strong></span> <span class='ocrx_word' id='word_1_216' title='bbox 2417 1798 2524 1850; x_wconf 88' lang='lat' dir='ltr'><strong>quo</strong></span> <span class='ocrx_word' id='word_1_217' title='bbox 2545 1784 2816 1854; x_wconf 85' lang='lat' dir='ltr'><strong>relegatus</strong></span> <span class='ocrx_word' id='word_1_218' title='bbox 2849 1801 2932 1852; x_wconf 90' lang='lat' dir='ltr'><strong>es,</strong></span> <span class='ocrx_word' id='word_1_219' title='bbox 2959 1798 3247 1855; x_wconf 85' lang='lat' dir='ltr'><strong>antequam</strong></span> <span class='ocrx_word' id='word_1_220' title='bbox 3276 1802 3305 1840; x_wconf 89' lang='lat' dir='ltr'><strong>e</strong></span> <span class='ocrx_word' id='word_1_221' title='bbox 3340 1788 3478 1842; x_wconf 82' lang='lat' dir='ltr'><strong>vivis</strong></span> 
     </span>
    </p>
   </div>
   <div class='ocr_carea' id='block_1_33' title="bbox 214 1857 3476 1955">
    <p class='ocr_par' dir='ltr' id='par_1_33' title="bbox 214 1857 3476 1955">
     <span class='ocr_line' id='line_1_33' title="bbox 214 1857 3476 1955; baseline -0.002 -15"><span class='ocrx_word' id='word_1_222' title='bbox 214 1889 592 1955; x_wconf 81' lang='lat' dir='ltr'><strong>Thengnostes</strong></span> <span class='ocrx_word' id='word_1_223' title='bbox 619 1925 633 1947; x_wconf 89' lang='lat'><strong>,</strong></span> <span class='ocrx_word' id='word_1_224' title='bbox 697 1857 895 1952; x_wconf 80' lang='lat' dir='ltr'><strong>Opibus</strong></span> <span class='ocrx_word' id='word_1_225' title='bbox 957 1879 1245 1934; x_wconf 81' lang='lat' dir='ltr'><strong>abundans</strong></span> <span class='ocrx_word' id='word_1_226' title='bbox 1268 1919 1282 1943; x_wconf 92' lang='lat'><strong>,</strong></span> <span class='ocrx_word' id='word_1_227' title='bbox 1334 1877 1423 1932; x_wconf 93' lang='lat' dir='ltr'><strong>cui</strong></span> <span class='ocrx_word' id='word_1_228' title='bbox 1481 1875 1788 1928; x_wconf 85' lang='lat' dir='ltr'><strong>invidentes</strong></span> <span class='ocrx_word' id='word_1_229' title='bbox 1819 1857 1862 1914; x_wconf 74' lang='grc' dir='ltr'><strong>Β</strong></span> <span class='ocrx_word' id='word_1_230' title='bbox 1896 1873 2233 1928; x_wconf 86' lang='lat' dir='ltr'><strong>discesseris.</strong></span> <span class='ocrx_word' id='word_1_231' title='bbox 2258 1871 2375 1926; x_wconf 90' lang='lat' dir='ltr'><strong>Jam</strong></span> <span class='ocrx_word' id='word_1_232' title='bbox 2402 1889 2527 1928; x_wconf 81' lang='lat' dir='ltr'><strong>vero</strong></span> <span class='ocrx_word' id='word_1_233' title='bbox 2551 1874 2882 1944; x_wconf 87' lang='lat' dir='ltr'><strong>Epiphanius</strong></span> <span class='ocrx_word' id='word_1_234' title='bbox 2899 1877 3132 1946; x_wconf 84' lang='lat' dir='ltr'><strong>Cyprum</strong></span> <span class='ocrx_word' id='word_1_235' title='bbox 3165 1879 3395 1939; x_wconf 80' lang='lat' dir='ltr'><strong>tendens</strong></span> <span class='ocrx_word' id='word_1_236' title='bbox 3420 1880 3476 1933; x_wconf 89' lang='lat' dir='ltr'><strong>in</strong></span> 
     </span>
    </p>
   </div>
   <div class='ocr_carea' id='block_1_34' title="bbox 213 1969 1787 2047">
    <p class='ocr_par' dir='ltr' id='par_1_34' title="bbox 213 1969 1787 2047">
     <span class='ocr_line' id='line_1_34' title="bbox 213 1969 1787 2047; baseline -0.005 -21"><span class='ocrx_word' id='word_1_237' title='bbox 213 1975 569 2047; x_wconf 55' lang='lat'><strong>551-553</strong></span> <span class='ocrx_word' id='word_1_238' title='bbox 603 1974 849 2028; x_wconf 84' lang='lat' dir='ltr'><strong>nonnulli</strong></span> <span class='ocrx_word' id='word_1_239' title='bbox 873 1985 1057 2026; x_wconf 87' lang='lat' dir='ltr'><strong>contra</strong></span> <span class='ocrx_word' id='word_1_240' title='bbox 1090 1974 1264 2039; x_wconf 84' lang='lat' dir='ltr'><strong>ipsum</strong></span> <span class='ocrx_word' id='word_1_241' title='bbox 1302 1969 1442 2039; x_wconf 71' lang='lat' dir='ltr'><strong>apud</strong></span> <span class='ocrx_word' id='word_1_242' title='bbox 1489 1981 1667 2035; x_wconf 81' lang='lat' dir='ltr'><strong>regem</strong></span> <span class='ocrx_word' id='word_1_243' title='bbox 1707 1975 1787 2018; x_wconf 89' lang='lat' dir='ltr'><strong>te-</strong></span> 
     </span>
    </p>
   </div>
   <div class='ocr_carea' id='block_1_35' title="bbox 211 2060 1788 2135">
    <p class='ocr_par' dir='ltr' id='par_1_35' title="bbox 211 2060 1788 2135">
     <span class='ocr_line' id='line_1_35' title="bbox 211 2060 1788 2135; baseline -0.006 -15"><span class='ocrx_word' id='word_1_244' title='bbox 211 2068 534 2121; x_wconf 86' lang='lat' dir='ltr'><strong>stimonium</strong></span> <span class='ocrx_word' id='word_1_245' title='bbox 566 2066 738 2120; x_wconf 89' lang='lat' dir='ltr'><strong>tulere</strong></span> <span class='ocrx_word' id='word_1_246' title='bbox 781 2065 958 2135; x_wconf 83' lang='lat' dir='ltr'><strong>ipsum</strong></span> <span class='ocrx_word' id='word_1_247' title='bbox 1001 2065 1158 2117; x_wconf 85' lang='lat' dir='ltr'><strong>[idem</strong></span> <span class='ocrx_word' id='word_1_248' title='bbox 1189 2064 1514 2130; x_wconf 82' lang='lat' dir='ltr'><strong>abnegasse,</strong></span> <span class='ocrx_word' id='word_1_249' title='bbox 1567 2060 1788 2128; x_wconf 78' lang='lat' dir='ltr'><strong>regique</strong></span> 
     </span>
    </p>
   </div>
   <div class='ocr_carea' id='block_1_36' title="bbox 213 2153 1788 2226">
    <p class='ocr_par' dir='ltr' id='par_1_36' title="bbox 213 2153 1788 2226">
     <span class='ocr_line' id='line_1_36' title="bbox 213 2153 1788 2226; baseline -0.006 -12"><span class='ocrx_word' id='word_1_250' title='bbox 213 2162 583 2214; x_wconf 83' lang='lat' dir='ltr'><strong>conviciatum</strong></span> <span class='ocrx_word' id='word_1_251' title='bbox 653 2159 873 2213; x_wconf 83' lang='lat' dir='ltr'><strong>fuisse:</strong></span> <span class='ocrx_word' id='word_1_252' title='bbox 930 2173 1094 2226; x_wconf 90' lang='lat' dir='ltr'><strong>quam</strong></span> <span class='ocrx_word' id='word_1_253' title='bbox 1159 2156 1230 2211; x_wconf 89' lang='lat' dir='ltr'><strong>ob</strong></span> <span class='ocrx_word' id='word_1_254' title='bbox 1268 2168 1488 2208; x_wconf 84' lang='lat' dir='ltr'><strong>causam</strong></span> <span class='ocrx_word' id='word_1_255' title='bbox 1543 2169 1636 2206; x_wconf 89' lang='lat' dir='ltr'><strong>rex</strong></span> <span class='ocrx_word' id='word_1_256' title='bbox 1671 2153 1788 2221; x_wconf 91' lang='lat' dir='ltr'><strong>ipso</strong></span> 
     </span>
    </p>
   </div>
   <div class='ocr_carea' id='block_1_37' title="bbox 214 2245 1788 2319">
    <p class='ocr_par' dir='ltr' id='par_1_37' title="bbox 214 2245 1788 2319">
     <span class='ocr_line' id='line_1_37' title="bbox 214 2245 1788 2319; baseline -0.004 -16"><span class='ocrx_word' id='word_1_257' title='bbox 214 2251 267 2304; x_wconf 92' lang='lat' dir='ltr'><strong>in</strong></span> <span class='ocrx_word' id='word_1_258' title='bbox 325 2250 582 2304; x_wconf 75' lang='lat' dir='ltr'><strong>exsilium</strong></span> <span class='ocrx_word' id='word_1_259' title='bbox 633 2250 792 2318; x_wconf 91' lang='lat' dir='ltr'><strong>pulso</strong></span> <span class='ocrx_word' id='word_1_260' title='bbox 846 2249 988 2303; x_wconf 88' lang='lat' dir='ltr'><strong>bona</strong></span> <span class='ocrx_word' id='word_1_261' title='bbox 1045 2248 1169 2319; x_wconf 87' lang='lat' dir='ltr'><strong>ejus</strong></span> <span class='ocrx_word' id='word_1_262' title='bbox 1227 2248 1472 2316; x_wconf 83' lang='lat' dir='ltr'><strong>diripuit.</strong></span> <span class='ocrx_word' id='word_1_263' title='bbox 1530 2245 1788 2314; x_wconf 80' lang='lat' dir='ltr'><strong>Ejusdem</strong></span> 
     </span>
    </p>
   </div>
   <div class='ocr_carea' id='block_1_38' title="bbox 217 2338 1788 2412">
    <p class='ocr_par' dir='ltr' id='par_1_38' title="bbox 217 2338 1788 2412">
     <span class='ocr_line' id='line_1_38' title="bbox 217 2338 1788 2412; baseline -0.003 -18"><span class='ocrx_word' id='word_1_264' title='bbox 217 2343 371 2394; x_wconf 85' lang='lat' dir='ltr'><strong>uxori</strong></span> <span class='ocrx_word' id='word_1_265' title='bbox 407 2343 561 2394; x_wconf 84' lang='lat' dir='ltr'><strong>vinea</strong></span> <span class='ocrx_word' id='word_1_266' title='bbox 616 2340 717 2396; x_wconf 82' lang='lat' dir='ltr'><strong>fuit</strong></span> <span class='ocrx_word' id='word_1_267' title='bbox 749 2356 845 2411; x_wconf 93' lang='lat' dir='ltr'><strong>per</strong></span> <span class='ocrx_word' id='word_1_268' title='bbox 877 2356 1038 2412; x_wconf 88' lang='lat' dir='ltr'><strong>quam</strong></span> <span class='ocrx_word' id='word_1_269' title='bbox 1091 2342 1362 2395; x_wconf 89' lang='lat' dir='ltr'><strong>transiens</strong></span> <span class='ocrx_word' id='word_1_270' title='bbox 1401 2338 1643 2392; x_wconf 79' lang='lat' dir='ltr'><strong>Eudoxia</strong></span> <span class='ocrx_word' id='word_1_271' title='bbox 1701 2353 1788 2390; x_wconf 88' lang='lat' dir='ltr'><strong>re-</strong></span> 
     </span>
    </p>
   </div>
   <div class='ocr_carea' id='block_1_39' title="bbox 214 2425 1790 2498">
    <p class='ocr_par' dir='ltr' id='par_1_39' title="bbox 214 2425 1790 2498">
     <span class='ocr_line' id='line_1_39' title="bbox 214 2425 1790 2498; baseline 0.001 -18"><span class='ocrx_word' id='word_1_272' title='bbox 214 2429 364 2496; x_wconf 84' lang='lat' dir='ltr'><strong>gina,</strong></span> <span class='ocrx_word' id='word_1_273' title='bbox 402 2427 473 2482; x_wconf 92' lang='lat' dir='ltr'><strong>ob</strong></span> <span class='ocrx_word' id='word_1_274' title='bbox 521 2429 691 2498; x_wconf 81' lang='lat' dir='ltr'><strong>ipsius</strong></span> <span class='ocrx_word' id='word_1_275' title='bbox 742 2429 1210 2498; x_wconf 88' lang='lat' dir='ltr'><strong>pulchritudinem</strong></span> <span class='ocrx_word' id='word_1_276' title='bbox 1249 2428 1589 2497; x_wconf 88' lang='lat' dir='ltr'><strong>concupivit.</strong></span> <span class='ocrx_word' id='word_1_277' title='bbox 1621 2425 1790 2497; x_wconf 85' lang='lat' dir='ltr'><strong>Cujus</strong></span> 
     </span>
    </p>
   </div>
   <div class='ocr_carea' id='block_1_40' title="bbox 214 2517 1790 2589">
    <p class='ocr_par' dir='ltr' id='par_1_40' title="bbox 214 2517 1790 2589">
     <span class='ocr_line' id='line_1_40' title="bbox 214 2517 1790 2589; baseline -0.002 -19"><span class='ocrx_word' id='word_1_278' title='bbox 214 2525 360 2571; x_wconf 86' lang='lat' dir='ltr'><strong>esset</strong></span> <span class='ocrx_word' id='word_1_279' title='bbox 414 2532 547 2587; x_wconf 83' lang='lat' dir='ltr'><strong>ergo</strong></span> <span class='ocrx_word' id='word_1_280' title='bbox 597 2533 720 2573; x_wconf 92' lang='lat' dir='ltr'><strong>cum</strong></span> <span class='ocrx_word' id='word_1_281' title='bbox 771 2527 1040 2589; x_wconf 79' lang='lat' dir='ltr'><strong>rogasset,</strong></span> <span class='ocrx_word' id='word_1_282' title='bbox 1071 2517 1279 2571; x_wconf 87' lang='lat' dir='ltr'><strong>dictum</strong></span> <span class='ocrx_word' id='word_1_283' title='bbox 1328 2525 1411 2572; x_wconf 89' lang='lat' dir='ltr'><strong>est</strong></span> <span class='ocrx_word' id='word_1_284' title='bbox 1457 2518 1558 2585; x_wconf 91' lang='lat' dir='ltr'><strong>ipsi</strong></span> <span class='ocrx_word' id='word_1_285' title='bbox 1602 2517 1790 2570; x_wconf 83' lang='lat' dir='ltr'><strong>uxoris</strong></span> 
     </span>
    </p>
   </div>
   <div class='ocr_carea' id='block_1_41' title="bbox 213 2607 1789 2679">
    <p class='ocr_par' dir='ltr' id='par_1_41' title="bbox 213 2607 1789 2679">
     <span class='ocr_line' id='line_1_41' title="bbox 213 2607 1789 2679; baseline -0.001 -17"><span class='ocrx_word' id='word_1_286' title='bbox 213 2624 338 2664; x_wconf 86' lang='lat' dir='ltr'><strong>esse</strong></span> <span class='ocrx_word' id='word_1_287' title='bbox 367 2610 651 2676; x_wconf 79' lang='lat' dir='ltr'><strong>cujusdam</strong></span> <span class='ocrx_word' id='word_1_288' title='bbox 703 2625 733 2662; x_wconf 88' lang='lat' dir='ltr'><strong>a</strong></span> <span class='ocrx_word' id='word_1_289' title='bbox 768 2625 893 2679; x_wconf 84' lang='lat' dir='ltr'><strong>rege</strong></span> <span class='ocrx_word' id='word_1_290' title='bbox 921 2611 976 2664; x_wconf 93' lang='lat' dir='ltr'><strong>in</strong></span> <span class='ocrx_word' id='word_1_291' title='bbox 1006 2609 1256 2664; x_wconf 78' lang='lat' dir='ltr'><strong>exsilium</strong></span> <span class='ocrx_word' id='word_1_292' title='bbox 1288 2608 1450 2678; x_wconf 90' lang='lat' dir='ltr'><strong>pulsi.</strong></span> <span class='ocrx_word' id='word_1_293' title='bbox 1472 2607 1609 2662; x_wconf 84' lang='lat' dir='ltr'><strong>Tuto</strong></span> <span class='ocrx_word' id='word_1_294' title='bbox 1653 2609 1740 2660; x_wconf 88' lang='lat' dir='ltr'><strong>illa</strong></span> <span class='ocrx_word' id='word_1_295' title='bbox 1775 2625 1789 2661; x_wconf 91' lang='lat'><strong>:</strong></span> 
     </span>
    </p>
   </div>
   <div class='ocr_carea' id='block_1_42' title="bbox 215 2699 1786 2771">
    <p class='ocr_par' dir='ltr' id='par_1_42' title="bbox 215 2699 1786 2771">
     <span class='ocr_line' id='line_1_42' title="bbox 215 2699 1786 2771; baseline 0.001 -20"><span class='ocrx_word' id='word_1_296' title='bbox 215 2702 389 2765; x_wconf 78' lang='lat' dir='ltr'><strong>Quam</strong></span> <span class='ocrx_word' id='word_1_297' title='bbox 423 2703 612 2755; x_wconf 85' lang='lat' dir='ltr'><strong>vellem</strong></span> <span class='ocrx_word' id='word_1_298' title='bbox 651 2700 872 2771; x_wconf 91' lang='lat' dir='ltr'><strong>(inquit)</strong></span> <span class='ocrx_word' id='word_1_299' title='bbox 909 2709 966 2754; x_wconf 87' lang='lat' dir='ltr'><strong>ut</strong></span> <span class='ocrx_word' id='word_1_300' title='bbox 994 2700 1129 2753; x_wconf 88' lang='lat' dir='ltr'><strong>mihi</strong></span> <span class='ocrx_word' id='word_1_301' title='bbox 1162 2709 1328 2764; x_wconf 90' lang='lat' dir='ltr'><strong>esset,</strong></span> <span class='ocrx_word' id='word_1_302' title='bbox 1359 2714 1469 2768; x_wconf 92' lang='lat' dir='ltr'><strong>quo</strong></span> <span class='ocrx_word' id='word_1_303' title='bbox 1511 2699 1566 2752; x_wconf 92' lang='lat' dir='ltr'><strong>in</strong></span> <span class='ocrx_word' id='word_1_304' title='bbox 1615 2699 1786 2767; x_wconf 88' lang='lat' dir='ltr'><strong>ipsam</strong></span> 
     </span>
    </p>
   </div>
   <div class='ocr_carea' id='block_1_43' title="bbox 219 2790 1786 2859">
    <p class='ocr_par' dir='ltr' id='par_1_43' title="bbox 219 2790 1786 2859">
     <span class='ocr_line' id='line_1_43' title="bbox 219 2790 1786 2859; baseline 0 -16"><span class='ocrx_word' id='word_1_305' title='bbox 219 2809 306 2844; x_wconf 73' lang='lat' dir='ltr'><strong>me</strong></span> <span class='ocrx_word' id='word_1_306' title='bbox 347 2793 732 2846; x_wconf 84' lang='lat' dir='ltr'><strong>oblectationis</strong></span> <span class='ocrx_word' id='word_1_307' title='bbox 767 2807 932 2846; x_wconf 87' lang='lat' dir='ltr'><strong>causa</strong></span> <span class='ocrx_word' id='word_1_308' title='bbox 965 2792 1266 2858; x_wconf 86' lang='lat' dir='ltr'><strong>reciperem</strong></span> <span class='ocrx_word' id='word_1_309' title='bbox 1299 2791 1313 2843; x_wconf 89' lang='lat' dir='ltr'><strong>l</strong></span> <span class='ocrx_word' id='word_1_310' title='bbox 1363 2790 1786 2859; x_wconf 79' lang='lat' dir='ltr'><strong>Responderunt</strong></span> 
     </span>
    </p>
   </div>
   <div class='ocr_carea' id='block_1_44' title="bbox 215 2883 1792 2952">
    <p class='ocr_par' dir='ltr' id='par_1_44' title="bbox 215 2883 1792 2952">
     <span class='ocr_line' id='line_1_44' title="bbox 215 2883 1792 2952; baseline 0 -16"><span class='ocrx_word' id='word_1_311' title='bbox 215 2899 245 2936; x_wconf 91' lang='lat' dir='ltr'><strong>e</strong></span> <span class='ocrx_word' id='word_1_312' title='bbox 272 2883 546 2952; x_wconf 65' lang='lat' dir='ltr'><strong>pra-rectis</strong></span> <span class='ocrx_word' id='word_1_313' title='bbox 580 2883 851 2938; x_wconf 87' lang='lat' dir='ltr'><strong>nonnulli:</strong></span> <span class='ocrx_word' id='word_1_314' title='bbox 888 2883 1035 2949; x_wconf 80' lang='lat' dir='ltr'><strong>Regii</strong></span> <span class='ocrx_word' id='word_1_315' title='bbox 1065 2883 1202 2952; x_wconf 87' lang='lat' dir='ltr'><strong>juris</strong></span> <span class='ocrx_word' id='word_1_316' title='bbox 1231 2891 1313 2937; x_wconf 91' lang='lat' dir='ltr'><strong>est</strong></span> <span class='ocrx_word' id='word_1_317' title='bbox 1342 2892 1397 2935; x_wconf 91' lang='lat' dir='ltr'><strong>ut</strong></span> <span class='ocrx_word' id='word_1_318' title='bbox 1425 2883 1792 2951; x_wconf 86' lang='lat' dir='ltr'><strong>quodcunque</strong></span> 
     </span>
    </p>
   </div>
   <div class='ocr_carea' id='block_1_45' title="bbox 215 2975 1784 3046">
    <p class='ocr_par' dir='ltr' id='par_1_45' title="bbox 215 2975 1784 3046">
     <span class='ocr_line' id='line_1_45' title="bbox 215 2975 1784 3046; baseline 0.001 -20"><span class='ocrx_word' id='word_1_319' title='bbox 215 2978 516 3029; x_wconf 73' lang='lat' dir='ltr'><strong>calcaverit</strong></span> <span class='ocrx_word' id='word_1_320' title='bbox 563 2991 656 3044; x_wconf 88' lang='lat' dir='ltr'><strong>pes</strong></span> <span class='ocrx_word' id='word_1_321' title='bbox 701 2978 906 3046; x_wconf 88' lang='lat' dir='ltr'><strong>regius,</strong></span> <span class='ocrx_word' id='word_1_322' title='bbox 947 2975 1084 3029; x_wconf 90' lang='lat' dir='ltr'><strong>illud</strong></span> <span class='ocrx_word' id='word_1_323' title='bbox 1121 2976 1224 3044; x_wconf 87' lang='lat' dir='ltr'><strong>ipsi</strong></span> <span class='ocrx_word' id='word_1_324' title='bbox 1251 2980 1338 3030; x_wconf 89' lang='lat' dir='ltr'><strong>sit.</strong></span> <span class='ocrx_word' id='word_1_325' title='bbox 1379 2975 1590 3040; x_wconf 87' lang='lat' dir='ltr'><strong>Quibus</strong></span> <span class='ocrx_word' id='word_1_326' title='bbox 1622 2975 1784 3028; x_wconf 86' lang='lat' dir='ltr'><strong>audi-</strong></span> 
     </span>
    </p>
   </div>
   <div class='ocr_carea' id='block_1_46' title="bbox 215 3067 1785 3136">
    <p class='ocr_par' dir='ltr' id='par_1_46' title="bbox 215 3067 1785 3136">
     <span class='ocr_line' id='line_1_46' title="bbox 215 3067 1785 3136; baseline 0 -16"><span class='ocrx_word' id='word_1_327' title='bbox 215 3069 285 3122; x_wconf 86' lang='lat' dir='ltr'><strong>tis</strong></span> <span class='ocrx_word' id='word_1_328' title='bbox 340 3069 554 3121; x_wconf 83' lang='lat' dir='ltr'><strong>vineam</strong></span> <span class='ocrx_word' id='word_1_329' title='bbox 615 3069 721 3122; x_wconf 84' lang='lat' dir='ltr'><strong>sibi</strong></span> <span class='ocrx_word' id='word_1_330' title='bbox 768 3068 1061 3136; x_wconf 87' lang='lat' dir='ltr'><strong>occupavit</strong></span> <span class='ocrx_word' id='word_1_331' title='bbox 1109 3069 1322 3136; x_wconf 83' lang='lat' dir='ltr'><strong>regina.</strong></span> <span class='ocrx_word' id='word_1_332' title='bbox 1377 3067 1572 3122; x_wconf 86' lang='lat' dir='ltr'><strong>Mulier</strong></span> <span class='ocrx_word' id='word_1_333' title='bbox 1604 3078 1785 3120; x_wconf 90' lang='lat' dir='ltr'><strong>autem</strong></span> 
     </span>
    </p>
   </div>
   <div class='ocr_carea' id='block_1_47' title="bbox 216 3158 1858 3251">
    <p class='ocr_par' dir='ltr' id='par_1_47' title="bbox 216 3158 1858 3251">
     <span class='ocr_line' id='line_1_47' title="bbox 216 3158 1858 3251; baseline 0.001 -40"><span class='ocrx_word' id='word_1_334' title='bbox 216 3160 320 3212; x_wconf 89' lang='lat' dir='ltr'><strong>ista</strong></span> <span class='ocrx_word' id='word_1_335' title='bbox 383 3175 414 3212; x_wconf 89' lang='lat' dir='ltr'><strong>a</strong></span> <span class='ocrx_word' id='word_1_336' title='bbox 470 3158 682 3214; x_wconf 85' lang='lat' dir='ltr'><strong>Joanne</strong></span> <span class='ocrx_word' id='word_1_337' title='bbox 719 3159 1116 3229; x_wconf 82' lang='lat' dir='ltr'><strong>Chrysostomo</strong></span> <span class='ocrx_word' id='word_1_338' title='bbox 1169 3174 1324 3228; x_wconf 91' lang='lat' dir='ltr'><strong>opem</strong></span> <span class='ocrx_word' id='word_1_339' title='bbox 1377 3161 1552 3229; x_wconf 89' lang='lat' dir='ltr'><strong>petiit,</strong></span> <span class='ocrx_word' id='word_1_340' title='bbox 1598 3160 1690 3230; x_wconf 88' lang='lat' dir='ltr'><strong>qui</strong></span> <span class='ocrx_word' id='word_1_341' title='bbox 1717 3164 1784 3214; x_wconf 87' lang='lat' dir='ltr'><strong>ad</strong></span> <span class='ocrx_word' id='word_1_342' title='bbox 1815 3191 1858 3251; x_wconf 63' lang='grc' dir='ltr'><strong><em>ε</em></strong></span> 
     </span>
    </p>
   </div>
   <div class='ocr_carea' id='block_1_48' title="bbox 215 3248 1786 3319">
    <p class='ocr_par' dir='ltr' id='par_1_48' title="bbox 215 3248 1786 3319">
     <span class='ocr_line' id='line_1_48' title="bbox 215 3248 1786 3319; baseline 0.001 -17"><span class='ocrx_word' id='word_1_343' title='bbox 215 3250 458 3319; x_wconf 79' lang='lat' dir='ltr'><strong>reginam</strong></span> <span class='ocrx_word' id='word_1_344' title='bbox 484 3248 895 3316; x_wconf 90' lang='lat' dir='ltr'><strong>mittensjussit</strong></span> <span class='ocrx_word' id='word_1_345' title='bbox 924 3258 979 3302; x_wconf 94' lang='lat' dir='ltr'><strong>ut</strong></span> <span class='ocrx_word' id='word_1_346' title='bbox 1001 3250 1214 3304; x_wconf 84' lang='lat' dir='ltr'><strong>vineam</strong></span> <span class='ocrx_word' id='word_1_347' title='bbox 1245 3251 1476 3303; x_wconf 71' lang='lat' dir='ltr'><strong>domina:</strong></span> <span class='ocrx_word' id='word_1_348' title='bbox 1505 3265 1617 3304; x_wconf 70' lang='lat' dir='ltr'><strong>sua:</strong></span> <span class='ocrx_word' id='word_1_349' title='bbox 1659 3249 1786 3304; x_wconf 89' lang='lat' dir='ltr'><strong>red-</strong></span> 
     </span>
    </p>
   </div>
   <div class='ocr_carea' id='block_1_49' title="bbox 214 3341 1786 3411">
    <p class='ocr_par' dir='ltr' id='par_1_49' title="bbox 214 3341 1786 3411">
     <span class='ocr_line' id='line_1_49' title="bbox 214 3341 1786 3411; baseline 0.002 -18"><span class='ocrx_word' id='word_1_350' title='bbox 214 3343 387 3404; x_wconf 80' lang='lat' dir='ltr'><strong>deret,</strong></span> <span class='ocrx_word' id='word_1_351' title='bbox 425 3341 512 3394; x_wconf 89' lang='lat' dir='ltr'><strong>illa</strong></span> <span class='ocrx_word' id='word_1_352' title='bbox 547 3356 676 3396; x_wconf 84' lang='lat' dir='ltr'><strong>vero</strong></span> <span class='ocrx_word' id='word_1_353' title='bbox 711 3342 886 3394; x_wconf 89' lang='lat' dir='ltr'><strong>noluit</strong></span> <span class='ocrx_word' id='word_1_354' title='bbox 915 3358 930 3406; x_wconf 91' lang='lat'><strong>;</strong></span> <span class='ocrx_word' id='word_1_355' title='bbox 964 3357 1201 3410; x_wconf 84' lang='lat' dir='ltr'><strong>cumque</strong></span> <span class='ocrx_word' id='word_1_356' title='bbox 1228 3341 1295 3394; x_wconf 77' lang='lat' dir='ltr'><strong>de.</strong></span> <span class='ocrx_word' id='word_1_357' title='bbox 1325 3356 1388 3394; x_wconf 90' lang='lat' dir='ltr'><strong>ea</strong></span> <span class='ocrx_word' id='word_1_358' title='bbox 1424 3358 1479 3395; x_wconf 91' lang='lat' dir='ltr'><strong>re</strong></span> <span class='ocrx_word' id='word_1_359' title='bbox 1507 3344 1676 3411; x_wconf 86' lang='lat' dir='ltr'><strong>ipsam</strong></span> <span class='ocrx_word' id='word_1_360' title='bbox 1709 3343 1786 3396; x_wconf 86' lang='lat' dir='ltr'><strong>al-</strong></span> 
     </span>
    </p>
   </div>
   <div class='ocr_carea' id='block_1_50' title="bbox 215 3433 1788 3502">
    <p class='ocr_par' dir='ltr' id='par_1_50' title="bbox 215 3433 1788 3502">
     <span class='ocr_line' id='line_1_50' title="bbox 215 3433 1788 3502; baseline 0.001 -16"><span class='ocrx_word' id='word_1_361' title='bbox 215 3436 534 3502; x_wconf 66' lang='lat' dir='ltr'><strong>loqui-retur</strong></span> <span class='ocrx_word' id='word_1_362' title='bbox 589 3433 1010 3502; x_wconf 65' lang='lat' dir='ltr'><strong>haudquaquam</strong></span> <span class='ocrx_word' id='word_1_363' title='bbox 1059 3433 1360 3502; x_wconf 90' lang='lat' dir='ltr'><strong>respondit.</strong></span> <span class='ocrx_word' id='word_1_364' title='bbox 1410 3433 1550 3488; x_wconf 89' lang='lat' dir='ltr'><strong>Tum</strong></span> <span class='ocrx_word' id='word_1_365' title='bbox 1598 3433 1689 3488; x_wconf 92' lang='lat' dir='ltr'><strong>Dei</strong></span> <span class='ocrx_word' id='word_1_366' title='bbox 1724 3436 1788 3488; x_wconf 93' lang='lat' dir='ltr'><strong>ti-</strong></span> 
     </span>
    </p>
   </div>
   <div class='ocr_carea' id='block_1_51' title="bbox 214 3525 1785 3594">
    <p class='ocr_par' dir='ltr' id='par_1_51' title="bbox 214 3525 1785 3594">
     <span class='ocr_line' id='line_1_51' title="bbox 214 3525 1785 3594; baseline 0.002 -17"><span class='ocrx_word' id='word_1_367' title='bbox 214 3540 422 3578; x_wconf 83' lang='lat' dir='ltr'><strong>morem</strong></span> <span class='ocrx_word' id='word_1_368' title='bbox 483 3525 587 3592; x_wconf 86' lang='lat' dir='ltr'><strong>ipsi</strong></span> <span class='ocrx_word' id='word_1_369' title='bbox 649 3525 919 3579; x_wconf 89' lang='lat' dir='ltr'><strong>incutiens</strong></span> <span class='ocrx_word' id='word_1_370' title='bbox 947 3542 960 3577; x_wconf 91' lang='lat'><strong>:</strong></span> <span class='ocrx_word' id='word_1_371' title='bbox 987 3525 1129 3579; x_wconf 89' lang='lat' dir='ltr'><strong>Cave</strong></span> <span class='ocrx_word' id='word_1_372' title='bbox 1163 3527 1387 3594; x_wconf 91' lang='lat' dir='ltr'><strong>(inquit)</strong></span> <span class='ocrx_word' id='word_1_373' title='bbox 1421 3543 1486 3580; x_wconf 92' lang='lat' dir='ltr'><strong>ne</strong></span> <span class='ocrx_word' id='word_1_374' title='bbox 1513 3527 1606 3581; x_wconf 86' lang='lat' dir='ltr'><strong>tibi</strong></span> <span class='ocrx_word' id='word_1_375' title='bbox 1640 3527 1785 3583; x_wconf 87' lang='lat' dir='ltr'><strong>acci-</strong></span> 
     </span>
    </p>
   </div>
   <div class='ocr_carea' id='block_1_52' title="bbox 213 3617 1787 3686">
    <p class='ocr_par' dir='ltr' id='par_1_52' title="bbox 213 3617 1787 3686">
     <span class='ocr_line' id='line_1_52' title="bbox 213 3617 1787 3686; baseline 0.002 -15"><span class='ocrx_word' id='word_1_376' title='bbox 213 3618 303 3671; x_wconf 79' lang='lat' dir='ltr'><strong>dat</strong></span> <span class='ocrx_word' id='word_1_377' title='bbox 329 3617 473 3685; x_wconf 90' lang='lat' dir='ltr'><strong>quod</strong></span> <span class='ocrx_word' id='word_1_378' title='bbox 527 3617 723 3672; x_wconf 84' lang='lat' dir='ltr'><strong>[zebeli</strong></span> <span class='ocrx_word' id='word_1_379' title='bbox 765 3618 941 3671; x_wconf 86' lang='lat' dir='ltr'><strong>Ahabi</strong></span> <span class='ocrx_word' id='word_1_380' title='bbox 978 3621 1121 3686; x_wconf 86' lang='lat' dir='ltr'><strong>regis</strong></span> <span class='ocrx_word' id='word_1_381' title='bbox 1152 3619 1367 3672; x_wconf 78' lang='lat' dir='ltr'><strong>lsraelis</strong></span> <span class='ocrx_word' id='word_1_382' title='bbox 1403 3621 1557 3672; x_wconf 87' lang='lat' dir='ltr'><strong>uxori</strong></span> <span class='ocrx_word' id='word_1_383' title='bbox 1611 3622 1787 3674; x_wconf 79' lang='lat' dir='ltr'><strong>couti-</strong></span> 
     </span>
    </p>
   </div>
   <div class='ocr_carea' id='block_1_53' title="bbox 213 3708 1784 3777">
    <p class='ocr_par' dir='ltr' id='par_1_53' title="bbox 213 3708 1784 3777">
     <span class='ocr_line' id='line_1_53' title="bbox 213 3708 1784 3777; baseline 0.005 -19"><span class='ocrx_word' id='word_1_384' title='bbox 213 3709 329 3777; x_wconf 83' lang='lat' dir='ltr'><strong>git;</strong></span> <span class='ocrx_word' id='word_1_385' title='bbox 373 3716 430 3760; x_wconf 89' lang='lat' dir='ltr'><strong>at</strong></span> <span class='ocrx_word' id='word_1_386' title='bbox 472 3708 564 3761; x_wconf 87' lang='lat' dir='ltr'><strong>illa</strong></span> <span class='ocrx_word' id='word_1_387' title='bbox 599 3709 743 3761; x_wconf 90' lang='lat' dir='ltr'><strong>nulla</strong></span> <span class='ocrx_word' id='word_1_388' title='bbox 781 3708 974 3760; x_wconf 85' lang='lat' dir='ltr'><strong>horum</strong></span> <span class='ocrx_word' id='word_1_389' title='bbox 1025 3709 1236 3762; x_wconf 83' lang='lat' dir='ltr'><strong>ratione</strong></span> <span class='ocrx_word' id='word_1_390' title='bbox 1292 3711 1474 3764; x_wconf 86' lang='lat' dir='ltr'><strong>habita</strong></span> <span class='ocrx_word' id='word_1_391' title='bbox 1521 3711 1784 3766; x_wconf 85' lang='lat' dir='ltr'><strong>Joannem</strong></span> 
     </span>
    </p>
   </div>
   <div class='ocr_carea' id='block_1_54' title="bbox 216 3796 1788 3869">
    <p class='ocr_par' dir='ltr' id='par_1_54' title="bbox 216 3796 1788 3869">
     <span class='ocr_line' id='line_1_54' title="bbox 216 3796 1788 3869; baseline 0.002 -17"><span class='ocrx_word' id='word_1_392' title='bbox 216 3800 419 3868; x_wconf 87' lang='lat' dir='ltr'><strong>palatio</strong></span> <span class='ocrx_word' id='word_1_393' title='bbox 445 3815 545 3854; x_wconf 90' lang='lat' dir='ltr'><strong>suo</strong></span> <span class='ocrx_word' id='word_1_394' title='bbox 579 3799 702 3867; x_wconf 91' lang='lat' dir='ltr'><strong>pelli</strong></span> <span class='ocrx_word' id='word_1_395' title='bbox 731 3799 918 3863; x_wconf 90' lang='lat' dir='ltr'><strong>jussit,</strong></span> <span class='ocrx_word' id='word_1_396' title='bbox 951 3796 1192 3853; x_wconf 86' lang='lat' dir='ltr'><strong>Joannes</strong></span> <span class='ocrx_word' id='word_1_397' title='bbox 1221 3815 1349 3869; x_wconf 82' lang='lat' dir='ltr'><strong>ergo</strong></span> <span class='ocrx_word' id='word_1_398' title='bbox 1387 3802 1560 3856; x_wconf 89' lang='lat' dir='ltr'><strong>tristis</strong></span> <span class='ocrx_word' id='word_1_399' title='bbox 1606 3819 1788 3858; x_wconf 89' lang='lat' dir='ltr'><strong>rever-</strong></span> 
     </span>
    </p>
   </div>
   <div class='ocr_carea' id='block_1_55' title="bbox 213 3889 1788 3959">
    <p class='ocr_par' dir='ltr' id='par_1_55' title="bbox 213 3889 1788 3959">
     <span class='ocr_line' id='line_1_55' title="bbox 213 3889 1788 3959; baseline 0.003 -16"><span class='ocrx_word' id='word_1_400' title='bbox 213 3905 327 3947; x_wconf 79' lang='lat' dir='ltr'><strong>sus.</strong></span> <span class='ocrx_word' id='word_1_401' title='bbox 363 3890 628 3944; x_wconf 75' lang='lat' dir='ltr'><strong>diaconos</strong></span> <span class='ocrx_word' id='word_1_402' title='bbox 661 3889 848 3957; x_wconf 87' lang='lat' dir='ltr'><strong>jussit,</strong></span> <span class='ocrx_word' id='word_1_403' title='bbox 891 3902 1015 3942; x_wconf 91' lang='lat' dir='ltr'><strong>cum</strong></span> <span class='ocrx_word' id='word_1_404' title='bbox 1053 3891 1342 3945; x_wconf 89' lang='lat' dir='ltr'><strong>accederet</strong></span> <span class='ocrx_word' id='word_1_405' title='bbox 1383 3894 1567 3959; x_wconf 78' lang='lat' dir='ltr'><strong>regina</strong></span> <span class='ocrx_word' id='word_1_406' title='bbox 1613 3895 1788 3948; x_wconf 79' lang='lat' dir='ltr'><strong>eccle-</strong></span> 
     </span>
    </p>
   </div>
   <div class='ocr_carea' id='block_1_56' title="bbox 212 3982 1780 4053">
    <p class='ocr_par' dir='ltr' id='par_1_56' title="bbox 212 3982 1780 4053">
     <span class='ocr_line' id='line_1_56' title="bbox 212 3982 1780 4053; baseline 0.002 -19"><span class='ocrx_word' id='word_1_407' title='bbox 212 3987 350 4035; x_wconf 82' lang='lat' dir='ltr'><strong>siam</strong></span> <span class='ocrx_word' id='word_1_408' title='bbox 388 3984 674 4033; x_wconf 86' lang='lat' dir='ltr'><strong>introitnra</strong></span> <span class='ocrx_word' id='word_1_409' title='bbox 699 4020 713 4045; x_wconf 95' lang='lat'><strong>,</strong></span> <span class='ocrx_word' id='word_1_410' title='bbox 750 3990 936 4050; x_wconf 86' lang='lat' dir='ltr'><strong>portas</strong></span> <span class='ocrx_word' id='word_1_411' title='bbox 981 3982 1080 4048; x_wconf 82' lang='lat' dir='ltr'><strong>ipsi</strong></span> <span class='ocrx_word' id='word_1_412' title='bbox 1109 3983 1436 4048; x_wconf 77' lang='lat' dir='ltr'><strong>occludere;</strong></span> <span class='ocrx_word' id='word_1_413' title='bbox 1478 3983 1624 4053; x_wconf 92' lang='lat' dir='ltr'><strong>quod</strong></span> <span class='ocrx_word' id='word_1_414' title='bbox 1657 4001 1780 4038; x_wconf 88' lang='lat' dir='ltr'><strong>cunt</strong></span> 
     </span>
    </p>
   </div>
   <div class='ocr_carea' id='block_1_57' title="bbox 216 4074 1784 4148">
    <p class='ocr_par' dir='ltr' id='par_1_57' title="bbox 216 4074 1784 4148">
     <span class='ocr_line' id='line_1_57' title="bbox 216 4074 1784 4148; baseline 0.002 -22"><span class='ocrx_word' id='word_1_415' title='bbox 216 4074 501 4136; x_wconf 70' lang='lat' dir='ltr'><strong>fecisSI-nt,</strong></span> <span class='ocrx_word' id='word_1_416' title='bbox 535 4074 695 4126; x_wconf 89' lang='lat' dir='ltr'><strong>rediit</strong></span> <span class='ocrx_word' id='word_1_417' title='bbox 721 4074 906 4140; x_wconf 86' lang='lat' dir='ltr'><strong>regina</strong></span> <span class='ocrx_word' id='word_1_418' title='bbox 935 4074 1012 4126; x_wconf 89' lang='lat' dir='ltr'><strong>lra</strong></span> <span class='ocrx_word' id='word_1_419' title='bbox 1055 4085 1346 4126; x_wconf 89' lang='lat' dir='ltr'><strong>commota.</strong></span> <span class='ocrx_word' id='word_1_420' title='bbox 1383 4074 1483 4143; x_wconf 80' lang='lat' dir='ltr'><strong>[Eo</strong></span> <span class='ocrx_word' id='word_1_421' title='bbox 1515 4077 1784 4148; x_wconf 79' lang='lat' dir='ltr'><strong>tempore]</strong></span> 
     </span>
    </p>
   </div>
   <div class='ocr_carea' id='block_1_58' title="bbox 211 4163 1782 4234">
    <p class='ocr_par' dir='ltr' id='par_1_58' title="bbox 211 4163 1782 4234">
     <span class='ocr_line' id='line_1_58' title="bbox 211 4163 1782 4234; baseline 0.002 -17"><span class='ocrx_word' id='word_1_422' title='bbox 211 4173 327 4218; x_wconf 85' lang='lat' dir='ltr'><strong>erat</strong></span> <span class='ocrx_word' id='word_1_423' title='bbox 358 4163 720 4232; x_wconf 74' lang='lat' dir='ltr'><strong>Epiphanius,</strong></span> <span class='ocrx_word' id='word_1_424' title='bbox 742 4163 902 4234; x_wconf 83' lang='lat' dir='ltr'><strong>Cypri</strong></span> <span class='ocrx_word' id='word_1_425' title='bbox 951 4168 1264 4233; x_wconf 80' lang='lat' dir='ltr'><strong>episcopus,</strong></span> <span class='ocrx_word' id='word_1_426' title='bbox 1289 4165 1782 4234; x_wconf 80' lang='lat' dir='ltr'><strong>ConstantinOpoli,</strong></span> 
     </span>
    </p>
   </div>
   <div class='ocr_carea' id='block_1_59' title="bbox 212 4253 1786 4325">
    <p class='ocr_par' dir='ltr' id='par_1_59' title="bbox 212 4253 1786 4325">
     <span class='ocr_line' id='line_1_59' title="bbox 212 4253 1786 4325; baseline 0.001 -17"><span class='ocrx_word' id='word_1_427' title='bbox 212 4256 562 4324; x_wconf 75' lang='lat' dir='ltr'><strong>negotiorum</strong></span> <span class='ocrx_word' id='word_1_428' title='bbox 592 4255 799 4322; x_wconf 90' lang='lat' dir='ltr'><strong>aliquot</strong></span> <span class='ocrx_word' id='word_1_429' title='bbox 831 4258 973 4324; x_wconf 84' lang='lat' dir='ltr'><strong>apud</strong></span> <span class='ocrx_word' id='word_1_430' title='bbox 1010 4271 1190 4324; x_wconf 84' lang='lat' dir='ltr'><strong>regem</strong></span> <span class='ocrx_word' id='word_1_431' title='bbox 1224 4253 1386 4325; x_wconf 64' lang='grc'><strong>544.</strong></span> <span class='ocrx_word' id='word_1_432' title='bbox 1421 4257 1786 4324; x_wconf 72' lang='lat' dir='ltr'><strong>perﬁciendu-</strong></span> 
     </span>
    </p>
   </div>
   <div class='ocr_carea' id='block_1_60' title="bbox 214 4343 1786 4415">
    <p class='ocr_par' dir='ltr' id='par_1_60' title="bbox 214 4343 1786 4415">
     <span class='ocr_line' id='line_1_60' title="bbox 214 4343 1786 4415; baseline 0.003 -21"><span class='ocrx_word' id='word_1_433' title='bbox 214 4360 331 4396; x_wconf 86' lang='lat' dir='ltr'><strong>rum</strong></span> <span class='ocrx_word' id='word_1_434' title='bbox 371 4345 567 4412; x_wconf 73' lang='lat' dir='ltr'><strong>gratia.</strong></span> <span class='ocrx_word' id='word_1_435' title='bbox 596 4343 697 4410; x_wconf 90' lang='lat' dir='ltr'><strong>Ipsi</strong></span> <span class='ocrx_word' id='word_1_436' title='bbox 727 4359 854 4414; x_wconf 75' lang='lat' dir='ltr'><strong>ergo</strong></span> <span class='ocrx_word' id='word_1_437' title='bbox 887 4350 1153 4399; x_wconf 83' lang='lat' dir='ltr'><strong>accersito</strong></span> <span class='ocrx_word' id='word_1_438' title='bbox 1188 4346 1324 4398; x_wconf 67' lang='lat' dir='ltr'><strong>dixit</strong></span> <span class='ocrx_word' id='word_1_439' title='bbox 1357 4348 1539 4415; x_wconf 66' lang='lat' dir='ltr'><strong>regina</strong></span> <span class='ocrx_word' id='word_1_440' title='bbox 1571 4362 1584 4398; x_wconf 86' lang='lat'><strong>:</strong></span> <span class='ocrx_word' id='word_1_441' title='bbox 1620 4345 1786 4400; x_wconf 87' lang='lat' dir='ltr'><strong>Joan-</strong></span> 
     </span>
    </p>
   </div>
   <div class='ocr_carea' id='block_1_61' title="bbox 211 4435 1787 4506">
    <p class='ocr_par' dir='ltr' id='par_1_61' title="bbox 211 4435 1787 4506">
     <span class='ocr_line' id='line_1_61' title="bbox 211 4435 1787 4506; baseline 0.005 -21"><span class='ocrx_word' id='word_1_442' title='bbox 211 4449 305 4488; x_wconf 87' lang='lat' dir='ltr'><strong>ncs</strong></span> <span class='ocrx_word' id='word_1_443' title='bbox 352 4435 780 4503; x_wconf 81' lang='lat' dir='ltr'><strong>Chrysostotuus</strong></span> <span class='ocrx_word' id='word_1_444' title='bbox 825 4437 1043 4489; x_wconf 86' lang='lat' dir='ltr'><strong>veritati</strong></span> <span class='ocrx_word' id='word_1_445' title='bbox 1090 4439 1466 4503; x_wconf 89' lang='lat' dir='ltr'><strong>contradicit,</strong></span> <span class='ocrx_word' id='word_1_446' title='bbox 1513 4441 1787 4506; x_wconf 79' lang='lat' dir='ltr'><strong>rebusque</strong></span> 
     </span>
    </p>
   </div>
   <div class='ocr_carea' id='block_1_62' title="bbox 1892 1967 3480 2042">
    <p class='ocr_par' dir='ltr' id='par_1_62' title="bbox 1892 1967 3480 2042">
     <span class='ocr_line' id='line_1_62' title="bbox 1892 1967 3480 2042; baseline 0.004 -22"><span class='ocrx_word' id='word_1_447' title='bbox 1892 1967 2013 2020; x_wconf 88' lang='lat' dir='ltr'><strong>navi</strong></span> <span class='ocrx_word' id='word_1_448' title='bbox 2040 1975 2285 2019; x_wconf 78' lang='lat' dir='ltr'><strong>mortuus</strong></span> <span class='ocrx_word' id='word_1_449' title='bbox 2309 1967 2655 2032; x_wconf 78' lang='lat' dir='ltr'><strong>est,dimidio</strong></span> <span class='ocrx_word' id='word_1_450' title='bbox 2675 1967 2808 2033; x_wconf 90' lang='lat' dir='ltr'><strong>diei,</strong></span> <span class='ocrx_word' id='word_1_451' title='bbox 2831 1977 3118 2038; x_wconf 89' lang='lat' dir='ltr'><strong>antequam</strong></span> <span class='ocrx_word' id='word_1_452' title='bbox 3142 1986 3205 2024; x_wconf 92' lang='lat' dir='ltr'><strong>eo</strong></span> <span class='ocrx_word' id='word_1_453' title='bbox 3225 1972 3480 2042; x_wconf 79' lang='lat' dir='ltr'><strong>perveni-</strong></span> 
     </span>
    </p>
   </div>
   <div class='ocr_carea' id='block_1_63' title="bbox 1891 2057 3471 2132">
    <p class='ocr_par' dir='ltr' id='par_1_63' title="bbox 1891 2057 3471 2132">
     <span class='ocr_line' id='line_1_63' title="bbox 1891 2057 3471 2132; baseline 0.003 -20"><span class='ocrx_word' id='word_1_454' title='bbox 1891 2066 1996 2123; x_wconf 87' lang='lat' dir='ltr'><strong>ret,</strong></span> <span class='ocrx_word' id='word_1_455' title='bbox 2032 2060 2229 2126; x_wconf 89' lang='lat' dir='ltr'><strong>spatio.</strong></span> <span class='ocrx_word' id='word_1_456' title='bbox 2261 2057 2498 2114; x_wconf 90' lang='lat' dir='ltr'><strong>Joannes</strong></span> <span class='ocrx_word' id='word_1_457' title='bbox 2525 2066 2704 2113; x_wconf 89' lang='lat' dir='ltr'><strong>autem</strong></span> <span class='ocrx_word' id='word_1_458' title='bbox 2737 2060 3162 2130; x_wconf 79' lang='lat' dir='ltr'><strong>Chrysostomus</strong></span> <span class='ocrx_word' id='word_1_459' title='bbox 3183 2072 3471 2132; x_wconf 83' lang='lat' dir='ltr'><strong>antequam</strong></span> 
     </span>
    </p>
   </div>
   <div class='ocr_carea' id='block_1_64' title="bbox 1892 2149 3476 2225">
    <p class='ocr_par' dir='ltr' id='par_1_64' title="bbox 1892 2149 3476 2225">
     <span class='ocr_line' id='line_1_64' title="bbox 1892 2149 3476 2225; baseline 0.003 -21"><span class='ocrx_word' id='word_1_460' title='bbox 1892 2164 1958 2204; x_wconf 92' lang='lat' dir='ltr'><strong>eo</strong></span> <span class='ocrx_word' id='word_1_461' title='bbox 1993 2149 2083 2203; x_wconf 83' lang='lat' dir='ltr'><strong>tibi</strong></span> <span class='ocrx_word' id='word_1_462' title='bbox 2123 2151 2372 2204; x_wconf 77' lang='lat' dir='ltr'><strong>exsulare</strong></span> <span class='ocrx_word' id='word_1_463' title='bbox 2389 2153 2576 2220; x_wconf 88' lang='lat' dir='ltr'><strong>jussus</strong></span> <span class='ocrx_word' id='word_1_464' title='bbox 2604 2160 2708 2219; x_wconf 88' lang='lat' dir='ltr'><strong>est,</strong></span> <span class='ocrx_word' id='word_1_465' title='bbox 2737 2155 3104 2225; x_wconf 76' lang='lat' dir='ltr'><strong>pertingeretj,</strong></span> <span class='ocrx_word' id='word_1_466' title='bbox 3136 2155 3300 2208; x_wconf 89' lang='lat' dir='ltr'><strong>etiam</strong></span> <span class='ocrx_word' id='word_1_467' title='bbox 3331 2154 3476 2210; x_wconf 86' lang='lat' dir='ltr'><strong>diem</strong></span> 
     </span>
    </p>
   </div>
   <div class='ocr_carea' id='block_1_65' title="bbox 1894 2241 3479 2314">
    <p class='ocr_par' dir='ltr' id='par_1_65' title="bbox 1894 2241 3479 2314">
     <span class='ocr_line' id='line_1_65' title="bbox 1894 2241 3479 2314; baseline 0.004 -18"><span class='ocrx_word' id='word_1_468' title='bbox 1894 2241 2049 2296; x_wconf 90' lang='lat' dir='ltr'><strong>obiit.</strong></span> <span class='ocrx_word' id='word_1_469' title='bbox 2093 2244 2261 2296; x_wconf 92' lang='lat' dir='ltr'><strong>Porro</strong></span> <span class='ocrx_word' id='word_1_470' title='bbox 2317 2242 2417 2295; x_wconf 80' lang='lat' dir='ltr'><strong>fuit</strong></span> <span class='ocrx_word' id='word_1_471' title='bbox 2465 2241 2935 2314; x_wconf 85' lang='lat' dir='ltr'><strong>Constantinopoli</strong></span> <span class='ocrx_word' id='word_1_472' title='bbox 2995 2255 3150 2300; x_wconf 69' lang='lat' dir='ltr'><strong>terra:</strong></span> <span class='ocrx_word' id='word_1_473' title='bbox 3191 2247 3479 2302; x_wconf 87' lang='lat' dir='ltr'><strong>motusin-</strong></span> 
     </span>
    </p>
   </div>
   <div class='ocr_carea' id='block_1_66' title="bbox 1895 2330 3470 2403">
    <p class='ocr_par' dir='ltr' id='par_1_66' title="bbox 1895 2330 3470 2403">
     <span class='ocr_line' id='line_1_66' title="bbox 1895 2330 3470 2403; baseline 0.003 -19"><span class='ocrx_word' id='word_1_474' title='bbox 1895 2345 2049 2399; x_wconf 82' lang='lat' dir='ltr'><strong>gens,</strong></span> <span class='ocrx_word' id='word_1_475' title='bbox 2085 2344 2182 2383; x_wconf 89' lang='lat' dir='ltr'><strong>nec</strong></span> <span class='ocrx_word' id='word_1_476' title='bbox 2223 2345 2330 2382; x_wconf 91' lang='lat' dir='ltr'><strong>non</strong></span> <span class='ocrx_word' id='word_1_477' title='bbox 2359 2330 2564 2384; x_wconf 89' lang='lat' dir='ltr'><strong>tonitru</strong></span> <span class='ocrx_word' id='word_1_478' title='bbox 2597 2346 2760 2402; x_wconf 86' lang='lat' dir='ltr'><strong>grave</strong></span> <span class='ocrx_word' id='word_1_479' title='bbox 2792 2348 2915 2386; x_wconf 89' lang='lat' dir='ltr'><strong>cum</strong></span> <span class='ocrx_word' id='word_1_480' title='bbox 2955 2333 3194 2403; x_wconf 81' lang='lat' dir='ltr'><strong>fulgure,</strong></span> <span class='ocrx_word' id='word_1_481' title='bbox 3229 2334 3470 2388; x_wconf 80' lang='lat' dir='ltr'><strong>fulmini-</strong></span> 
     </span>
    </p>
   </div>
   <div class='ocr_carea' id='block_1_67' title="bbox 1892 2420 3478 2492">
    <p class='ocr_par' dir='ltr' id='par_1_67' title="bbox 1892 2420 3478 2492">
     <span class='ocr_line' id='line_1_67' title="bbox 1892 2420 3478 2492; baseline 0.002 -15"><span class='ocrx_word' id='word_1_482' title='bbox 1892 2422 2019 2486; x_wconf 87' lang='lat' dir='ltr'><strong>bus,</strong></span> <span class='ocrx_word' id='word_1_483' title='bbox 2062 2431 2116 2474; x_wconf 90' lang='lat' dir='ltr'><strong>et</strong></span> <span class='ocrx_word' id='word_1_484' title='bbox 2151 2420 2351 2490; x_wconf 73' lang='lat' dir='ltr'><strong>pluvia.</strong></span> <span class='ocrx_word' id='word_1_485' title='bbox 2404 2421 2548 2477; x_wconf 81' lang='lat' dir='ltr'><strong>Dixit</strong></span> <span class='ocrx_word' id='word_1_486' title='bbox 2592 2438 2722 2492; x_wconf 84' lang='lat' dir='ltr'><strong>ergo</strong></span> <span class='ocrx_word' id='word_1_487' title='bbox 2755 2440 2846 2478; x_wconf 85' lang='lat' dir='ltr'><strong>rex</strong></span> <span class='ocrx_word' id='word_1_488' title='bbox 2885 2444 2899 2479; x_wconf 89' lang='lat'><strong>:</strong></span> <span class='ocrx_word' id='word_1_489' title='bbox 2950 2425 3077 2479; x_wconf 87' lang='lat' dir='ltr'><strong>ldeo</strong></span> <span class='ocrx_word' id='word_1_490' title='bbox 3131 2426 3246 2481; x_wconf 67' lang='lat' dir='ltr'><strong>haec</strong></span> <span class='ocrx_word' id='word_1_491' title='bbox 3295 2426 3478 2480; x_wconf 86' lang='lat' dir='ltr'><strong>omnia</strong></span> 
     </span>
    </p>
   </div>
   <div class='ocr_carea' id='block_1_68' title="bbox 1893 2512 3478 2586">
    <p class='ocr_par' dir='ltr' id='par_1_68' title="bbox 1893 2512 3478 2586">
     <span class='ocr_line' id='line_1_68' title="bbox 1893 2512 3478 2586; baseline 0.004 -20"><span class='ocrx_word' id='word_1_492' title='bbox 1893 2513 2152 2567; x_wconf 90' lang='lat' dir='ltr'><strong>eveniunt</strong></span> <span class='ocrx_word' id='word_1_493' title='bbox 2182 2513 2326 2582; x_wconf 89' lang='lat' dir='ltr'><strong>quod</strong></span> <span class='ocrx_word' id='word_1_494' title='bbox 2356 2512 2620 2569; x_wconf 90' lang='lat' dir='ltr'><strong>Joannem</strong></span> <span class='ocrx_word' id='word_1_495' title='bbox 2656 2515 3109 2586; x_wconf 85' lang='lat' dir='ltr'><strong>Chrysostomum</strong></span> <span class='ocrx_word' id='word_1_496' title='bbox 3143 2518 3194 2570; x_wconf 92' lang='lat' dir='ltr'><strong>in</strong></span> <span class='ocrx_word' id='word_1_497' title='bbox 3225 2518 3478 2574; x_wconf 88' lang='lat' dir='ltr'><strong>exsilium</strong></span> 
     </span>
    </p>
   </div>
   <div class='ocr_carea' id='block_1_69' title="bbox 1895 2602 3481 2676">
    <p class='ocr_par' dir='ltr' id='par_1_69' title="bbox 1895 2602 3481 2676">
     <span class='ocr_line' id='line_1_69' title="bbox 1895 2602 3481 2676; baseline 0.003 -20"><span class='ocrx_word' id='word_1_498' title='bbox 1895 2605 2168 2657; x_wconf 88' lang='lat' dir='ltr'><strong>misimus.</strong></span> <span class='ocrx_word' id='word_1_499' title='bbox 2217 2602 2511 2674; x_wconf 90' lang='lat' dir='ltr'><strong>Jussitque</strong></span> <span class='ocrx_word' id='word_1_500' title='bbox 2537 2622 2741 2676; x_wconf 88' lang='lat' dir='ltr'><strong>corpus</strong></span> <span class='ocrx_word' id='word_1_501' title='bbox 2789 2608 2963 2676; x_wconf 90' lang='lat' dir='ltr'><strong>ipsius</strong></span> <span class='ocrx_word' id='word_1_502' title='bbox 3013 2607 3481 2675; x_wconf 84' lang='lat' dir='ltr'><strong>Constantinopo-</strong></span> 
     </span>
    </p>
   </div>
   <div class='ocr_carea' id='block_1_70' title="bbox 1895 2695 3478 2770">
    <p class='ocr_par' dir='ltr' id='par_1_70' title="bbox 1895 2695 3478 2770">
     <span class='ocr_line' id='line_1_70' title="bbox 1895 2695 3478 2770; baseline 0.005 -22"><span class='ocrx_word' id='word_1_503' title='bbox 1895 2696 1983 2748; x_wconf 89' lang='lat' dir='ltr'><strong>lim</strong></span> <span class='ocrx_word' id='word_1_504' title='bbox 2017 2695 2224 2760; x_wconf 82' lang='lat' dir='ltr'><strong>all’erri,</strong></span> <span class='ocrx_word' id='word_1_505' title='bbox 2298 2697 2482 2764; x_wconf 88' lang='lat' dir='ltr'><strong>ibique</strong></span> <span class='ocrx_word' id='word_1_506' title='bbox 2517 2699 2771 2767; x_wconf 85' lang='lat' dir='ltr'><strong>sepeliri;</strong></span> <span class='ocrx_word' id='word_1_507' title='bbox 2815 2698 2976 2770; x_wconf 82' lang='lat' dir='ltr'><strong>idque</strong></span> <span class='ocrx_word' id='word_1_508' title='bbox 3007 2715 3150 2756; x_wconf 90' lang='lat' dir='ltr'><strong>anno</strong></span> <span class='ocrx_word' id='word_1_509' title='bbox 3202 2711 3358 2756; x_wconf 85' lang='lat' dir='ltr'><strong>sexto</strong></span> <span class='ocrx_word' id='word_1_510' title='bbox 3388 2714 3478 2756; x_wconf 84' lang='lat' dir='ltr'><strong>re-</strong></span> 
     </span>
    </p>
   </div>
   <div class='ocr_carea' id='block_1_71' title="bbox 1893 2787 3478 2862">
    <p class='ocr_par' dir='ltr' id='par_1_71' title="bbox 1893 2787 3478 2862">
     <span class='ocr_line' id='line_1_71' title="bbox 1893 2787 3478 2862; baseline 0.007 -24"><span class='ocrx_word' id='word_1_511' title='bbox 1893 2787 1981 2857; x_wconf 81' lang='lat' dir='ltr'><strong>gni</strong></span> <span class='ocrx_word' id='word_1_512' title='bbox 2017 2787 2258 2842; x_wconf 85' lang='lat' dir='ltr'><strong>Arcadii.</strong></span> <span class='ocrx_word' id='word_1_513' title='bbox 2307 2789 2438 2844; x_wconf 88' lang='lat' dir='ltr'><strong>Ideo</strong></span> <span class='ocrx_word' id='word_1_514' title='bbox 2478 2800 2662 2844; x_wconf 88' lang='lat' dir='ltr'><strong>autem</strong></span> <span class='ocrx_word' id='word_1_515' title='bbox 2713 2793 3018 2862; x_wconf 87' lang='lat' dir='ltr'><strong>appellatus</strong></span> <span class='ocrx_word' id='word_1_516' title='bbox 3063 2802 3148 2850; x_wconf 90' lang='lat' dir='ltr'><strong>est</strong></span> <span class='ocrx_word' id='word_1_517' title='bbox 3189 2792 3478 2859; x_wconf 82' lang='lat' dir='ltr'><strong>Joannes,</strong></span> 
     </span>
    </p>
   </div>
   <div class='ocr_carea' id='block_1_72' title="bbox 1892 2877 3475 2956">
    <p class='ocr_par' dir='ltr' id='par_1_72' title="bbox 1892 2877 3475 2956">
     <span class='ocr_line' id='line_1_72' title="bbox 1892 2877 3475 2956; baseline 0.005 -23"><span class='ocrx_word' id='word_1_518' title='bbox 1892 2877 2339 2950; x_wconf 73' lang='lat' dir='ltr'><strong>Chrysoslomus,</strong></span> <span class='ocrx_word' id='word_1_519' title='bbox 2384 2883 2531 2952; x_wconf 90' lang='lat' dir='ltr'><strong>quod</strong></span> <span class='ocrx_word' id='word_1_520' title='bbox 2581 2883 2780 2937; x_wconf 90' lang='lat' dir='ltr'><strong>mulier</strong></span> <span class='ocrx_word' id='word_1_521' title='bbox 2811 2889 3059 2955; x_wconf 68' lang='lat' dir='ltr'><strong>quantum</strong></span> <span class='ocrx_word' id='word_1_522' title='bbox 3119 2887 3298 2956; x_wconf 88' lang='lat' dir='ltr'><strong>ipsum</strong></span> <span class='ocrx_word' id='word_1_523' title='bbox 3348 2901 3475 2941; x_wconf 90' lang='lat' dir='ltr'><strong>cum</strong></span> 
     </span>
    </p>
   </div>
   <div class='ocr_carea' id='block_1_73' title="bbox 1893 2972 3479 3042">
    <p class='ocr_par' dir='ltr' id='par_1_73' title="bbox 1893 2972 3479 3042">
     <span class='ocr_line' id='line_1_73' title="bbox 1893 2972 3479 3042; baseline 0.003 -18"><span class='ocrx_word' id='word_1_524' title='bbox 1893 2980 2145 3026; x_wconf 87' lang='lat' dir='ltr'><strong>mortuus</strong></span> <span class='ocrx_word' id='word_1_525' title='bbox 2189 2981 2334 3028; x_wconf 84' lang='lat' dir='ltr'><strong>esset</strong></span> <span class='ocrx_word' id='word_1_526' title='bbox 2367 2972 2652 3042; x_wconf 80' lang='lat' dir='ltr'><strong>plangens,</strong></span> <span class='ocrx_word' id='word_1_527' title='bbox 2685 2975 2886 3030; x_wconf 79' lang='lat' dir='ltr'><strong>dixerit</strong></span> <span class='ocrx_word' id='word_1_528' title='bbox 2929 2992 2942 3029; x_wconf 93' lang='lat'>:</span> <span class='ocrx_word' id='word_1_529' title='bbox 2977 2975 3020 3030; x_wconf 94' lang='grc' dir='ltr'>Ο</span> <span class='ocrx_word' id='word_1_530' title='bbox 3048 2973 3311 3041; x_wconf 88' lang='lat' dir='ltr'><strong>Joannes,</strong></span> <span class='ocrx_word' id='word_1_531' title='bbox 3341 2989 3377 3029; x_wconf 90' lang='grc' dir='ltr'><strong>ο</strong></span> <span class='ocrx_word' id='word_1_532' title='bbox 3412 2989 3479 3030; x_wconf 85' lang='lat' dir='ltr'><strong>os</strong></span> 
     </span>
    </p>
   </div>
   <div class='ocr_carea' id='block_1_74' title="bbox 1897 3064 3240 3136">
    <p class='ocr_par' dir='ltr' id='par_1_74' title="bbox 1897 3064 3240 3136">
     <span class='ocr_line' id='line_1_74' title="bbox 1897 3064 3240 3136; baseline 0.004 -22"><span class='ocrx_word' id='word_1_533' title='bbox 1897 3078 2147 3128; x_wconf 91' lang='lat' dir='ltr'><strong>aureum,</strong></span> <span class='ocrx_word' id='word_1_534' title='bbox 2173 3065 2301 3118; x_wconf 90' lang='lat' dir='ltr'><strong>hinc</strong></span> <span class='ocrx_word' id='word_1_535' title='bbox 2340 3064 2467 3119; x_wconf 90' lang='lat' dir='ltr'><strong>Oris</strong></span> <span class='ocrx_word' id='word_1_536' title='bbox 2499 3068 2653 3121; x_wconf 90' lang='lat' dir='ltr'><strong>aurci</strong></span> <span class='ocrx_word' id='word_1_537' title='bbox 2695 3081 2996 3136; x_wconf 82' lang='lat' dir='ltr'><strong>cognomen</strong></span> <span class='ocrx_word' id='word_1_538' title='bbox 3028 3067 3240 3120; x_wconf 87' lang='lat' dir='ltr'><strong>habuit.</strong></span> 
     </span>
    </p>
   </div>
   <div class='ocr_carea' id='block_1_75' title="bbox 1973 3153 3477 3225">
    <p class='ocr_par' dir='ltr' id='par_1_75' title="bbox 1973 3153 3477 3225">
     <span class='ocr_line' id='line_1_75' title="bbox 1973 3153 3477 3225; baseline 0.002 -17"><span class='ocrx_word' id='word_1_539' title='bbox 1973 3154 2102 3208; x_wconf 84' lang='lat' dir='ltr'><strong>Post</strong></span> <span class='ocrx_word' id='word_1_540' title='bbox 2135 3155 2312 3223; x_wconf 91' lang='lat' dir='ltr'><strong>ipsutu</strong></span> <span class='ocrx_word' id='word_1_541' title='bbox 2346 3159 2678 3211; x_wconf 86' lang='lat' dir='ltr'><strong>constitutus</strong></span> <span class='ocrx_word' id='word_1_542' title='bbox 2706 3165 2789 3210; x_wconf 90' lang='lat' dir='ltr'><strong>est</strong></span> <span class='ocrx_word' id='word_1_543' title='bbox 2813 3155 2955 3209; x_wconf 91' lang='lat' dir='ltr'><strong>alius</strong></span> <span class='ocrx_word' id='word_1_544' title='bbox 2985 3157 3202 3225; x_wconf 88' lang='lat' dir='ltr'><strong>quidam</strong></span> <span class='ocrx_word' id='word_1_545' title='bbox 3241 3153 3477 3212; x_wconf 84' lang='lat' dir='ltr'><strong>Joannes</strong></span> 
     </span>
    </p>
   </div>
   <div class='ocr_carea' id='block_1_76' title="bbox 1895 3247 3475 3317">
    <p class='ocr_par' dir='ltr' id='par_1_76' title="bbox 1895 3247 3475 3317">
     <span class='ocr_line' id='line_1_76' title="bbox 1895 3247 3475 3317; baseline 0.003 -19"><span class='ocrx_word' id='word_1_546' title='bbox 1895 3248 2201 3316; x_wconf 87' lang='lat' dir='ltr'><strong>patriarcha</strong></span> <span class='ocrx_word' id='word_1_547' title='bbox 2240 3247 2523 3303; x_wconf 89' lang='lat' dir='ltr'><strong>Constant.</strong></span> <span class='ocrx_word' id='word_1_548' title='bbox 2548 3251 2637 3317; x_wconf 89' lang='lat' dir='ltr'><strong>qui</strong></span> <span class='ocrx_word' id='word_1_549' title='bbox 2688 3263 2810 3302; x_wconf 91' lang='lat' dir='ltr'><strong>cum</strong></span> <span class='ocrx_word' id='word_1_550' title='bbox 2861 3263 3062 3301; x_wconf 87' lang='lat' dir='ltr'><strong>annum</strong></span> <span class='ocrx_word' id='word_1_551' title='bbox 3113 3249 3184 3302; x_wconf 90' lang='lat' dir='ltr'><strong>ibi</strong></span> <span class='ocrx_word' id='word_1_552' title='bbox 3245 3249 3475 3303; x_wconf 85' lang='lat' dir='ltr'><strong>sedisset</strong></span> 
     </span>
    </p>
   </div>
   <div class='ocr_carea' id='block_1_77' title="bbox 1891 3338 3472 3411">
    <p class='ocr_par' dir='ltr' id='par_1_77' title="bbox 1891 3338 3472 3411">
     <span class='ocr_line' id='line_1_77' title="bbox 1891 3338 3472 3411; baseline 0.003 -20"><span class='ocrx_word' id='word_1_553' title='bbox 1891 3348 2140 3394; x_wconf 89' lang='lat' dir='ltr'><strong>mortuus</strong></span> <span class='ocrx_word' id='word_1_554' title='bbox 2159 3349 2257 3393; x_wconf 90' lang='lat' dir='ltr'><strong>cst.</strong></span> <span class='ocrx_word' id='word_1_555' title='bbox 2285 3340 2387 3408; x_wconf 86' lang='lat' dir='ltr'><strong>Ipsi</strong></span> <span class='ocrx_word' id='word_1_556' title='bbox 2420 3341 2581 3393; x_wconf 91' lang='lat' dir='ltr'><strong>etiam</strong></span> <span class='ocrx_word' id='word_1_557' title='bbox 2621 3340 2888 3394; x_wconf 78' lang='lat' dir='ltr'><strong>successit</strong></span> <span class='ocrx_word' id='word_1_558' title='bbox 2923 3338 3237 3396; x_wconf 88' lang='lat' dir='ltr'><strong>Gennadius</strong></span> <span class='ocrx_word' id='word_1_559' title='bbox 3278 3342 3330 3394; x_wconf 93' lang='lat' dir='ltr'><strong>in</strong></span> <span class='ocrx_word' id='word_1_560' title='bbox 3375 3357 3472 3411; x_wconf 83' lang='lat' dir='ltr'><strong>pa-</strong></span> 
     </span>
    </p>
   </div>
   <div class='ocr_carea' id='block_1_78' title="bbox 1891 3428 3461 3500">
    <p class='ocr_par' dir='ltr' id='par_1_78' title="bbox 1891 3428 3461 3500">
     <span class='ocr_line' id='line_1_78' title="bbox 1891 3428 3461 3500; baseline 0.003 -16"><span class='ocrx_word' id='word_1_561' title='bbox 1891 3429 2142 3484; x_wconf 80' lang='lat' dir='ltr'><strong>triarcha:</strong></span> <span class='ocrx_word' id='word_1_562' title='bbox 2183 3428 2468 3484; x_wconf 88' lang='lat' dir='ltr'><strong>Constant.</strong></span> <span class='ocrx_word' id='word_1_563' title='bbox 2510 3445 2733 3484; x_wconf 82' lang='lat' dir='ltr'><strong>munere</strong></span> <span class='ocrx_word' id='word_1_564' title='bbox 2772 3431 2864 3500; x_wconf 91' lang='lat' dir='ltr'><strong>qui</strong></span> <span class='ocrx_word' id='word_1_565' title='bbox 2917 3438 3024 3486; x_wconf 90' lang='lat' dir='ltr'><strong>tres</strong></span> <span class='ocrx_word' id='word_1_566' title='bbox 3063 3447 3235 3486; x_wconf 87' lang='lat' dir='ltr'><strong>annos</strong></span> <span class='ocrx_word' id='word_1_567' title='bbox 3295 3433 3461 3496; x_wconf 87' lang='lat' dir='ltr'><strong>sedit,</strong></span> 
     </span>
    </p>
   </div>
   <div class='ocr_carea' id='block_1_79' title="bbox 1891 3524 3478 3595">
    <p class='ocr_par' dir='ltr' id='par_1_79' title="bbox 1891 3524 3478 3595">
     <span class='ocr_line' id='line_1_79' title="bbox 1891 3524 3478 3595; baseline 0.002 -18"><span class='ocrx_word' id='word_1_568' title='bbox 1891 3525 2012 3579; x_wconf 91' lang='lat' dir='ltr'><strong>dein</strong></span> <span class='ocrx_word' id='word_1_569' title='bbox 2055 3534 2303 3580; x_wconf 90' lang='lat' dir='ltr'><strong>mortuus</strong></span> <span class='ocrx_word' id='word_1_570' title='bbox 2334 3534 2435 3580; x_wconf 91' lang='lat' dir='ltr'><strong>est.</strong></span> <span class='ocrx_word' id='word_1_571' title='bbox 2479 3525 2607 3580; x_wconf 85' lang='lat' dir='ltr'><strong>Post</strong></span> <span class='ocrx_word' id='word_1_572' title='bbox 2642 3527 2816 3595; x_wconf 90' lang='lat' dir='ltr'><strong>ipsum</strong></span> <span class='ocrx_word' id='word_1_573' title='bbox 2870 3524 3049 3581; x_wconf 79' lang='lat' dir='ltr'><strong>factus</strong></span> <span class='ocrx_word' id='word_1_574' title='bbox 3090 3535 3169 3579; x_wconf 83' lang='lat' dir='ltr'><strong>est</strong></span> <span class='ocrx_word' id='word_1_575' title='bbox 3226 3525 3478 3580; x_wconf 76' lang='lat' dir='ltr'><strong>Alllt&#39;illls</strong></span> 
     </span>
    </p>
   </div>
   <div class='ocr_carea' id='block_1_80' title="bbox 1891 3617 3476 3686">
    <p class='ocr_par' dir='ltr' id='par_1_80' title="bbox 1891 3617 3476 3686">
     <span class='ocr_line' id='line_1_80' title="bbox 1891 3617 3476 3686; baseline 0.003 -18"><span class='ocrx_word' id='word_1_576' title='bbox 1891 3617 2194 3685; x_wconf 85' lang='lat' dir='ltr'><strong>patriarcha</strong></span> <span class='ocrx_word' id='word_1_577' title='bbox 2215 3617 2848 3684; x_wconf 80' lang='lat' dir='ltr'><strong>Constantinopolitanus</strong></span> <span class='ocrx_word' id='word_1_578' title='bbox 2875 3617 2968 3686; x_wconf 87' lang='lat' dir='ltr'><strong>qui</strong></span> <span class='ocrx_word' id='word_1_579' title='bbox 3015 3631 3192 3672; x_wconf 84' lang='lat' dir='ltr'><strong>annos</strong></span> <span class='ocrx_word' id='word_1_580' title='bbox 3241 3617 3476 3685; x_wconf 83' lang='lat' dir='ltr'><strong>quinde-</strong></span> 
     </span>
    </p>
   </div>
   <div class='ocr_carea' id='block_1_81' title="bbox 1890 3691 3479 3779">
    <p class='ocr_par' dir='ltr' id='par_1_81' title="bbox 1890 3691 3479 3779">
     <span class='ocr_line' id='line_1_81' title="bbox 1890 3691 3479 3779; baseline 0.001 -17"><span class='ocrx_word' id='word_1_581' title='bbox 1890 3708 1994 3762; x_wconf 91' lang='lat' dir='ltr'><strong>cim</strong></span> <span class='ocrx_word' id='word_1_582' title='bbox 2021 3707 2184 3772; x_wconf 87' lang='lat' dir='ltr'><strong>sedit,</strong></span> <span class='ocrx_word' id='word_1_583' title='bbox 2206 3708 2328 3762; x_wconf 89' lang='lat' dir='ltr'><strong>dein</strong></span> <span class='ocrx_word' id='word_1_584' title='bbox 2358 3719 2604 3764; x_wconf 86' lang='lat' dir='ltr'><strong>mortuus</strong></span> <span class='ocrx_word' id='word_1_585' title='bbox 2631 3716 2734 3762; x_wconf 85' lang='lat' dir='ltr'><strong>est.</strong></span> <span class='ocrx_word' id='word_1_586' title='bbox 2779 3705 2940 3778; x_wconf 67' lang='grc'><strong>548</strong></span> <span class='ocrx_word' id='word_1_587' title='bbox 2971 3707 3133 3778; x_wconf 88' lang='lat' dir='ltr'><strong>quue</strong></span> <span class='ocrx_word' id='word_1_588' title='bbox 3156 3723 3300 3762; x_wconf 89' lang='lat' dir='ltr'><strong>anno</strong></span> <span class='ocrx_word' id='word_1_589' title='bbox 3326 3691 3479 3779; x_wconf 74' lang='lat' dir='ltr'><strong>regiti</strong></span> 
     </span>
    </p>
   </div>
   <div class='ocr_carea' id='block_1_82' title="bbox 1890 3799 3475 3870">
    <p class='ocr_par' dir='ltr' id='par_1_82' title="bbox 1890 3799 3475 3870">
     <span class='ocr_line' id='line_1_82' title="bbox 1890 3799 3475 3870; baseline 0.003 -20"><span class='ocrx_word' id='word_1_590' title='bbox 1890 3799 2105 3853; x_wconf 81' lang='lat' dir='ltr'><strong>Arcadii</strong></span> <span class='ocrx_word' id='word_1_591' title='bbox 2147 3800 2494 3854; x_wconf 83' lang='lat' dir='ltr'><strong>duodecimo.</strong></span> <span class='ocrx_word' id='word_1_592' title='bbox 2539 3800 2696 3854; x_wconf 77' lang='lat' dir='ltr'><strong>Anno</strong></span> <span class='ocrx_word' id='word_1_593' title='bbox 2751 3800 2962 3870; x_wconf 83' lang='lat' dir='ltr'><strong>imperii</strong></span> <span class='ocrx_word' id='word_1_594' title='bbox 2996 3801 3237 3868; x_wconf 89' lang='lat' dir='ltr'><strong>ejusdem</strong></span> <span class='ocrx_word' id='word_1_595' title='bbox 3267 3810 3475 3855; x_wconf 85' lang='lat' dir='ltr'><strong>octavo</strong></span> 
     </span>
    </p>
   </div>
   <div class='ocr_carea' id='block_1_83' title="bbox 1890 3889 3476 3958">
    <p class='ocr_par' dir='ltr' id='par_1_83' title="bbox 1890 3889 3476 3958">
     <span class='ocr_line' id='line_1_83' title="bbox 1890 3889 3476 3958; baseline 0.002 -16"><span class='ocrx_word' id='word_1_596' title='bbox 1890 3890 2219 3944; x_wconf 75' lang='lat' dir='ltr'><strong>constitutus</strong></span> <span class='ocrx_word' id='word_1_597' title='bbox 2275 3901 2359 3943; x_wconf 88' lang='lat' dir='ltr'><strong>est</strong></span> <span class='ocrx_word' id='word_1_598' title='bbox 2419 3891 2744 3944; x_wconf 67' lang='lat' dir='ltr'><strong>Anastasius</strong></span> <span class='ocrx_word' id='word_1_599' title='bbox 2815 3891 3121 3958; x_wconf 84' lang='lat' dir='ltr'><strong>patriarcha</strong></span> <span class='ocrx_word' id='word_1_600' title='bbox 3187 3889 3476 3945; x_wconf 81' lang='lat' dir='ltr'><strong>Romanus</strong></span> 
     </span>
    </p>
   </div>
   <div class='ocr_carea' id='block_1_84' title="bbox 1889 3983 3464 4051">
    <p class='ocr_par' dir='ltr' id='par_1_84' title="bbox 1889 3983 3464 4051">
     <span class='ocr_line' id='line_1_84' title="bbox 1889 3983 3464 4051; baseline 0.003 -18"><span class='ocrx_word' id='word_1_601' title='bbox 1889 3985 1979 4050; x_wconf 88' lang='lat' dir='ltr'><strong>qui</strong></span> <span class='ocrx_word' id='word_1_602' title='bbox 2009 3983 2178 4036; x_wconf 87' lang='lat' dir='ltr'><strong>tribus</strong></span> <span class='ocrx_word' id='word_1_603' title='bbox 2205 3984 2363 4036; x_wconf 85' lang='lat' dir='ltr'><strong>annis</strong></span> <span class='ocrx_word' id='word_1_604' title='bbox 2396 3984 2553 4049; x_wconf 80' lang='lat' dir='ltr'><strong>Sedit,</strong></span> <span class='ocrx_word' id='word_1_605' title='bbox 2589 3984 2712 4037; x_wconf 83' lang='lat' dir='ltr'><strong>dein</strong></span> <span class='ocrx_word' id='word_1_606' title='bbox 2740 3993 2982 4037; x_wconf 90' lang='lat' dir='ltr'><strong>mortuus</strong></span> <span class='ocrx_word' id='word_1_607' title='bbox 3010 3991 3114 4037; x_wconf 89' lang='lat' dir='ltr'><strong>est.</strong></span> <span class='ocrx_word' id='word_1_608' title='bbox 3147 3985 3301 4036; x_wconf 84' lang='lat' dir='ltr'><strong>Anuo</strong></span> <span class='ocrx_word' id='word_1_609' title='bbox 3323 3984 3464 4051; x_wconf 86' lang='lat' dir='ltr'><strong>ejus-</strong></span> 
     </span>
    </p>
   </div>
   <div class='ocr_carea' id='block_1_85' title="bbox 1895 4072 3476 4129">
    <p class='ocr_par' dir='ltr' id='par_1_85' title="bbox 1895 4072 3476 4129">
     <span class='ocr_line' id='line_1_85' title="bbox 1895 4072 3476 4129; baseline 0.003 -5"><span class='ocrx_word' id='word_1_610' title='bbox 1895 4073 2018 4126; x_wconf 91' lang='lat' dir='ltr'><strong>dem</strong></span> <span class='ocrx_word' id='word_1_611' title='bbox 2055 4072 2347 4126; x_wconf 87' lang='lat' dir='ltr'><strong>undccimo</strong></span> <span class='ocrx_word' id='word_1_612' title='bbox 2401 4073 2576 4127; x_wconf 78' lang='lat' dir='ltr'><strong>fartus</strong></span> <span class='ocrx_word' id='word_1_613' title='bbox 2624 4085 2706 4128; x_wconf 86' lang='lat' dir='ltr'><strong>est</strong></span> <span class='ocrx_word' id='word_1_614' title='bbox 2733 4077 3079 4128; x_wconf 85' lang='lat' dir='ltr'><strong>Innocentius</strong></span> <span class='ocrx_word' id='word_1_615' title='bbox 3109 4074 3256 4128; x_wconf 90' lang='lat' dir='ltr'><strong>Patr.</strong></span> <span class='ocrx_word' id='word_1_616' title='bbox 3280 4073 3476 4129; x_wconf 73' lang='lat' dir='ltr'><strong>Roma-</strong></span> 
     </span>
    </p>
   </div>
   <div class='ocr_carea' id='block_1_86' title="bbox 1892 4164 3479 4232">
    <p class='ocr_par' dir='ltr' id='par_1_86' title="bbox 1892 4164 3479 4232">
     <span class='ocr_line' id='line_1_86' title="bbox 1892 4164 3479 4232; baseline 0.001 -16"><span class='ocrx_word' id='word_1_617' title='bbox 1892 4178 2017 4226; x_wconf 86' lang='lat' dir='ltr'><strong>nus,</strong></span> <span class='ocrx_word' id='word_1_618' title='bbox 2058 4164 2149 4230; x_wconf 86' lang='lat' dir='ltr'><strong>qui</strong></span> <span class='ocrx_word' id='word_1_619' title='bbox 2185 4179 2309 4218; x_wconf 90' lang='lat' dir='ltr'><strong>cum</strong></span> <span class='ocrx_word' id='word_1_620' title='bbox 2345 4165 2654 4232; x_wconf 85' lang='lat' dir='ltr'><strong>quindecim</strong></span> <span class='ocrx_word' id='word_1_621' title='bbox 2703 4180 2875 4219; x_wconf 86' lang='lat' dir='ltr'><strong>annos</strong></span> <span class='ocrx_word' id='word_1_622' title='bbox 2919 4166 3180 4228; x_wconf 85' lang='lat' dir='ltr'><strong>sedisset,</strong></span> <span class='ocrx_word' id='word_1_623' title='bbox 3227 4175 3479 4220; x_wconf 86' lang='lat' dir='ltr'><strong>mortuus</strong></span> 
     </span>
    </p>
   </div>
   <div class='ocr_carea' id='block_1_87' title="bbox 1894 4257 3466 4324">
    <p class='ocr_par' dir='ltr' id='par_1_87' title="bbox 1894 4257 3466 4324">
     <span class='ocr_line' id='line_1_87' title="bbox 1894 4257 3466 4324; baseline 0.001 -12"><span class='ocrx_word' id='word_1_624' title='bbox 1894 4267 1998 4312; x_wconf 89' lang='lat' dir='ltr'><strong>est.</strong></span> <span class='ocrx_word' id='word_1_625' title='bbox 2025 4259 2181 4310; x_wconf 82' lang='lat' dir='ltr'><strong>Auno</strong></span> <span class='ocrx_word' id='word_1_626' title='bbox 2210 4258 2418 4324; x_wconf 88' lang='lat' dir='ltr'><strong>imperii</strong></span> <span class='ocrx_word' id='word_1_627' title='bbox 2458 4258 2627 4323; x_wconf 89' lang='lat' dir='ltr'><strong>ipsius</strong></span> <span class='ocrx_word' id='word_1_628' title='bbox 2663 4268 2855 4311; x_wconf 82' lang='lat' dir='ltr'><strong>octaro</strong></span> <span class='ocrx_word' id='word_1_629' title='bbox 2887 4259 3220 4312; x_wconf 90' lang='lat' dir='ltr'><strong>constitutus</strong></span> <span class='ocrx_word' id='word_1_630' title='bbox 3253 4270 3336 4312; x_wconf 89' lang='lat' dir='ltr'><strong>est</strong></span> <span class='ocrx_word' id='word_1_631' title='bbox 3365 4257 3466 4313; x_wconf 80' lang='lat' dir='ltr'><strong>Be-</strong></span> 
     </span>
    </p>
   </div>
   <div class='ocr_carea' id='block_1_88' title="bbox 1897 4345 3472 4417">
    <p class='ocr_par' dir='ltr' id='par_1_88' title="bbox 1897 4345 3472 4417">
     <span class='ocr_line' id='line_1_88' title="bbox 1897 4345 3472 4417; baseline 0.003 -17"><span class='ocrx_word' id='word_1_632' title='bbox 1897 4349 2047 4401; x_wconf 88' lang='lat' dir='ltr'><strong>rillus</strong></span> <span class='ocrx_word' id='word_1_633' title='bbox 2091 4349 2395 4416; x_wconf 88' lang='lat' dir='ltr'><strong>patriarcha</strong></span> <span class='ocrx_word' id='word_1_634' title='bbox 2448 4345 2998 4417; x_wconf 84' lang='lat' dir='ltr'><strong>llierosolymitanus,</strong></span> <span class='ocrx_word' id='word_1_635' title='bbox 3050 4364 3224 4403; x_wconf 82' lang='lat' dir='ltr'><strong>annos</strong></span> <span class='ocrx_word' id='word_1_636' title='bbox 3261 4351 3472 4404; x_wconf 77' lang='lat' dir='ltr'><strong>duode-</strong></span> 
     </span>
    </p>
   </div>
   <div class='ocr_carea' id='block_1_89' title="bbox 1892 4439 3475 4516">
    <p class='ocr_par' dir='ltr' id='par_1_89' title="bbox 1892 4439 3475 4516">
     <span class='ocr_line' id='line_1_89' title="bbox 1892 4439 3475 4516; baseline 0.002 -24"><span class='ocrx_word' id='word_1_637' title='bbox 1892 4439 1995 4492; x_wconf 86' lang='lat' dir='ltr'><strong>cim</strong></span> <span class='ocrx_word' id='word_1_638' title='bbox 2031 4439 2192 4503; x_wconf 86' lang='lat' dir='ltr'><strong>sedit,</strong></span> <span class='ocrx_word' id='word_1_639' title='bbox 2225 4439 2349 4491; x_wconf 84' lang='lat' dir='ltr'><strong>dein</strong></span> <span class='ocrx_word' id='word_1_640' title='bbox 2387 4448 2634 4516; x_wconf 87' lang='lat' dir='ltr'><strong>mortuus</strong></span> <span class='ocrx_word' id='word_1_641' title='bbox 2662 4449 2762 4493; x_wconf 83' lang='lat' dir='ltr'><strong>est.</strong></span> <span class='ocrx_word' id='word_1_642' title='bbox 2811 4442 2966 4493; x_wconf 78' lang='lat' dir='ltr'><strong>Anno</strong></span> <span class='ocrx_word' id='word_1_643' title='bbox 3000 4440 3239 4506; x_wconf 87' lang='lat' dir='ltr'><strong>ejusdem</strong></span> <span class='ocrx_word' id='word_1_644' title='bbox 3285 4444 3475 4512; x_wconf 85' lang='lat' dir='ltr'><strong>quinto</strong></span> 
     </span>
    </p>
   </div>
   <div class='ocr_carea' id='block_1_90' title="bbox 211 4521 3473 4600">
    <p class='ocr_par' dir='ltr' id='par_1_90' title="bbox 211 4521 3473 4600">
     <span class='ocr_line' id='line_1_90' title="bbox 211 4521 3473 4600; baseline 0.002 -21"><span class='ocrx_word' id='word_1_645' title='bbox 211 4529 344 4580; x_wconf 92' lang='lat' dir='ltr'><strong>nihil</strong></span> <span class='ocrx_word' id='word_1_646' title='bbox 395 4525 462 4578; x_wconf 84' lang='lat' dir='ltr'><strong>ad</strong></span> <span class='ocrx_word' id='word_1_647' title='bbox 505 4527 682 4594; x_wconf 72' lang='lat' dir='ltr'><strong>ipsum</strong></span> <span class='ocrx_word' id='word_1_648' title='bbox 720 4527 1097 4594; x_wconf 81' lang='lat' dir='ltr'><strong>spectantibus</strong></span> <span class='ocrx_word' id='word_1_649' title='bbox 1150 4545 1206 4581; x_wconf 92' lang='lat' dir='ltr'><strong>se</strong></span> <span class='ocrx_word' id='word_1_650' title='bbox 1249 4531 1566 4594; x_wconf 89' lang='lat' dir='ltr'><strong>innniscuit,</strong></span> <span class='ocrx_word' id='word_1_651' title='bbox 1596 4533 1662 4584; x_wconf 89' lang='lat' dir='ltr'><strong>de</strong></span> <span class='ocrx_word' id='word_1_652' title='bbox 1689 4549 1783 4584; x_wconf 87' lang='lat' dir='ltr'><strong>ca-</strong></span> <span class='ocrx_word' id='word_1_653' title='bbox 1821 4521 1863 4572; x_wconf 76' lang='grc' dir='ltr'>ι)</span> <span class='ocrx_word' id='word_1_654' title='bbox 1902 4530 2080 4584; x_wconf 83' lang='lat' dir='ltr'><strong>l‘actus</strong></span> <span class='ocrx_word' id='word_1_655' title='bbox 2130 4541 2211 4584; x_wconf 87' lang='lat' dir='ltr'><strong>est</strong></span> <span class='ocrx_word' id='word_1_656' title='bbox 2253 4529 2516 4583; x_wconf 77' lang='lat' dir='ltr'><strong>Paulinus</strong></span> <span class='ocrx_word' id='word_1_657' title='bbox 2567 4531 2873 4598; x_wconf 85' lang='lat' dir='ltr'><strong>patriarcha</strong></span> <span class='ocrx_word' id='word_1_658' title='bbox 2929 4533 3324 4596; x_wconf 81' lang='lat' dir='ltr'><strong>Aulim-lienus,</strong></span> <span class='ocrx_word' id='word_1_659' title='bbox 3382 4535 3473 4600; x_wconf 90' lang='lat' dir='ltr'><strong>qui</strong></span> 
     </span>
    </p>
   </div>
   <div class='ocr_carea' id='block_1_91' title="bbox 209 4619 1780 4694">
    <p class='ocr_par' dir='ltr' id='par_1_91' title="bbox 209 4619 1780 4694">
     <span class='ocr_line' id='line_1_91' title="bbox 209 4619 1780 4694; baseline 0.005 -24"><span class='ocrx_word' id='word_1_660' title='bbox 209 4619 407 4672; x_wconf 85' lang='lat' dir='ltr'><strong>thcdra</strong></span> <span class='ocrx_word' id='word_1_661' title='bbox 450 4633 584 4684; x_wconf 76' lang='lat' dir='ltr'><strong>ergo</strong></span> <span class='ocrx_word' id='word_1_662' title='bbox 647 4620 826 4687; x_wconf 89' lang='lat' dir='ltr'><strong>ipsum</strong></span> <span class='ocrx_word' id='word_1_663' title='bbox 883 4623 1121 4690; x_wconf 85' lang='lat' dir='ltr'><strong>dejicite.</strong></span> <span class='ocrx_word' id='word_1_664' title='bbox 1175 4621 1477 4689; x_wconf 65' lang='lat' dir='ltr'><strong>llr-spondit</strong></span> <span class='ocrx_word' id='word_1_665' title='bbox 1525 4625 1600 4677; x_wconf 90' lang='lat' dir='ltr'><strong>illi</strong></span> <span class='ocrx_word' id='word_1_666' title='bbox 1654 4625 1780 4694; x_wconf 81' lang='lat' dir='ltr'><strong>Epi-</strong></span> 
     </span>
    </p>
   </div>
   <div class='ocr_carea' id='block_1_92' title="bbox 205 4710 1786 4782">
    <p class='ocr_par' dir='ltr' id='par_1_92' title="bbox 205 4710 1786 4782">
     <span class='ocr_line' id='line_1_92' title="bbox 205 4710 1786 4782; baseline 0.007 -24"><span class='ocrx_word' id='word_1_667' title='bbox 205 4711 470 4777; x_wconf 78' lang='lat' dir='ltr'><strong>phanius,</strong></span> <span class='ocrx_word' id='word_1_668' title='bbox 503 4710 559 4762; x_wconf 85' lang='lat' dir='ltr'><strong>Si</strong></span> <span class='ocrx_word' id='word_1_669' title='bbox 587 4711 659 4762; x_wconf 88' lang='lat' dir='ltr'><strong>ita</strong></span> <span class='ocrx_word' id='word_1_670' title='bbox 694 4721 749 4763; x_wconf 93' lang='lat' dir='ltr'><strong>ut</strong></span> <span class='ocrx_word' id='word_1_671' title='bbox 784 4723 840 4764; x_wconf 89' lang='lat' dir='ltr'><strong>tu</strong></span> <span class='ocrx_word' id='word_1_672' title='bbox 878 4711 1018 4765; x_wconf 85' lang='lat' dir='ltr'><strong>dicis</strong></span> <span class='ocrx_word' id='word_1_673' title='bbox 1053 4729 1111 4766; x_wconf 91' lang='lat' dir='ltr'><strong>se</strong></span> <span class='ocrx_word' id='word_1_674' title='bbox 1143 4728 1230 4765; x_wconf 88' lang='lat' dir='ltr'><strong>res</strong></span> <span class='ocrx_word' id='word_1_675' title='bbox 1265 4715 1483 4776; x_wconf 88' lang='lat' dir='ltr'><strong>haheat,</strong></span> <span class='ocrx_word' id='word_1_676' title='bbox 1513 4716 1577 4767; x_wconf 90' lang='lat' dir='ltr'><strong>ad</strong></span> <span class='ocrx_word' id='word_1_677' title='bbox 1615 4717 1786 4782; x_wconf 71' lang='lat' dir='ltr'><strong>pretii-</strong></span> 
     </span>
    </p>
   </div>
   <div class='ocr_carea' id='block_1_93' title="bbox 209 4801 1782 4876">
    <p class='ocr_par' dir='ltr' id='par_1_93' title="bbox 209 4801 1782 4876">
     <span class='ocr_line' id='line_1_93' title="bbox 209 4801 1782 4876; baseline 0.003 -23"><span class='ocrx_word' id='word_1_678' title='bbox 209 4805 438 4855; x_wconf 78' lang='lat' dir='ltr'><strong>teatiam</strong></span> <span class='ocrx_word' id='word_1_679' title='bbox 470 4801 648 4868; x_wconf 89' lang='lat' dir='ltr'><strong>ipsum</strong></span> <span class='ocrx_word' id='word_1_680' title='bbox 682 4801 984 4866; x_wconf 89' lang='lat' dir='ltr'><strong>hortabor;</strong></span> <span class='ocrx_word' id='word_1_681' title='bbox 1027 4802 1170 4871; x_wconf 89' lang='lat' dir='ltr'><strong>quod</strong></span> <span class='ocrx_word' id='word_1_682' title='bbox 1203 4806 1245 4856; x_wconf 87' lang='lat' dir='ltr'><strong>si</strong></span> <span class='ocrx_word' id='word_1_683' title='bbox 1280 4803 1520 4868; x_wconf 88' lang='lat' dir='ltr'><strong>redierit,</strong></span> <span class='ocrx_word' id='word_1_684' title='bbox 1548 4803 1782 4876; x_wconf 67' lang='lat' dir='ltr'><strong>[boum]</strong></span> 
     </span>
    </p>
   </div>
   <div class='ocr_carea' id='block_1_94' title="bbox 208 4890 1784 4959">
    <p class='ocr_par' dir='ltr' id='par_1_94' title="bbox 208 4890 1784 4959">
     <span class='ocr_line' id='line_1_94' title="bbox 208 4890 1784 4959; baseline 0.003 -16"><span class='ocrx_word' id='word_1_685' title='bbox 208 4892 290 4943; x_wconf 87' lang='lat' dir='ltr'><strong>sin</strong></span> <span class='ocrx_word' id='word_1_686' title='bbox 323 4893 526 4951; x_wconf 80' lang='lat' dir='ltr'><strong>minus,</strong></span> <span class='ocrx_word' id='word_1_687' title='bbox 558 4890 730 4954; x_wconf 87' lang='lat' dir='ltr'><strong>ipsum</strong></span> <span class='ocrx_word' id='word_1_688' title='bbox 763 4891 1026 4959; x_wconf 81' lang='lat' dir='ltr'><strong>dignitate</strong></span> <span class='ocrx_word' id='word_1_689' title='bbox 1083 4907 1180 4946; x_wconf 88' lang='lat' dir='ltr'><strong>sua</strong></span> <span class='ocrx_word' id='word_1_690' title='bbox 1215 4893 1607 4946; x_wconf 86' lang='lat' dir='ltr'><strong>amovehimus.</strong></span> <span class='ocrx_word' id='word_1_691' title='bbox 1640 4894 1784 4947; x_wconf 88' lang='lat' dir='ltr'><strong>Dixit</strong></span> 
     </span>
    </p>
   </div>
   <div class='ocr_carea' id='block_1_95' title="bbox 210 4983 1782 5056">
    <p class='ocr_par' dir='ltr' id='par_1_95' title="bbox 210 4983 1782 5056">
     <span class='ocr_line' id='line_1_95' title="bbox 210 4983 1782 5056; baseline 0.003 -21"><span class='ocrx_word' id='word_1_692' title='bbox 210 4985 436 5052; x_wconf 65' lang='lat' dir='ltr'><strong>regina:</strong></span> <span class='ocrx_word' id='word_1_693' title='bbox 471 4983 580 5035; x_wconf 76' lang='lat' dir='ltr'><strong>Nisi</strong></span> <span class='ocrx_word' id='word_1_694' title='bbox 621 5000 793 5051; x_wconf 85' lang='lat' dir='ltr'><strong>lpSllItI</strong></span> <span class='ocrx_word' id='word_1_695' title='bbox 825 4986 1207 5038; x_wconf 73' lang='lat' dir='ltr'><strong>abdicarcritis</strong></span> <span class='ocrx_word' id='word_1_696' title='bbox 1238 4997 1484 5056; x_wconf 80' lang='lat' dir='ltr'><strong>apertum</strong></span> <span class='ocrx_word' id='word_1_697' title='bbox 1516 5003 1636 5041; x_wconf 85' lang='lat' dir='ltr'><strong>sunt</strong></span> <span class='ocrx_word' id='word_1_698' title='bbox 1667 4990 1782 5041; x_wconf 87' lang='lat' dir='ltr'><strong>ido-</strong></span> 
     </span>
    </p>
   </div>
   <div class='ocr_carea' id='block_1_96' title="bbox 212 5074 1778 5146">
    <p class='ocr_par' dir='ltr' id='par_1_96' title="bbox 212 5074 1778 5146">
     <span class='ocr_line' id='line_1_96' title="bbox 212 5074 1778 5146; baseline 0.006 -22"><span class='ocrx_word' id='word_1_699' title='bbox 212 5074 390 5126; x_wconf 91' lang='lat' dir='ltr'><strong>lorum</strong></span> <span class='ocrx_word' id='word_1_700' title='bbox 435 5076 657 5143; x_wconf 88' lang='lat' dir='ltr'><strong>templa,</strong></span> <span class='ocrx_word' id='word_1_701' title='bbox 688 5075 1050 5142; x_wconf 82' lang='lat' dir='ltr'><strong>hominesque</strong></span> <span class='ocrx_word' id='word_1_702' title='bbox 1081 5079 1145 5127; x_wconf 88' lang='lat' dir='ltr'><strong>ad</strong></span> <span class='ocrx_word' id='word_1_703' title='bbox 1183 5093 1245 5129; x_wconf 89' lang='lat' dir='ltr'><strong>ea</strong></span> <span class='ocrx_word' id='word_1_704' title='bbox 1273 5077 1502 5130; x_wconf 84' lang='lat' dir='ltr'><strong>colenda</strong></span> <span class='ocrx_word' id='word_1_705' title='bbox 1543 5078 1778 5146; x_wconf 84' lang='lat' dir='ltr'><strong>adigam.</strong></span> 
     </span>
    </p>
   </div>
   <div class='ocr_carea' id='block_1_97' title="bbox 212 5163 1784 5233">
    <p class='ocr_par' dir='ltr' id='par_1_97' title="bbox 212 5163 1784 5233">
     <span class='ocr_line' id='line_1_97' title="bbox 212 5163 1784 5233; baseline 0.005 -19"><span class='ocrx_word' id='word_1_706' title='bbox 212 5163 409 5232; x_wconf 73' lang='lat' dir='ltr'><strong>Ade-git</strong></span> <span class='ocrx_word' id='word_1_707' title='bbox 455 5163 650 5218; x_wconf 66' lang='lat' dir='ltr'><strong>deinde</strong></span> <span class='ocrx_word' id='word_1_708' title='bbox 678 5179 738 5217; x_wconf 82' lang='lat' dir='ltr'><strong>ex</strong></span> <span class='ocrx_word' id='word_1_709' title='bbox 772 5165 1045 5233; x_wconf 87' lang='lat' dir='ltr'><strong>episcopis</strong></span> <span class='ocrx_word' id='word_1_710' title='bbox 1087 5177 1140 5218; x_wconf 91' lang='lat' dir='ltr'><strong>et</strong></span> <span class='ocrx_word' id='word_1_711' title='bbox 1185 5167 1434 5219; x_wconf 89' lang='lat' dir='ltr'><strong>diaconis</strong></span> <span class='ocrx_word' id='word_1_712' title='bbox 1493 5169 1784 5222; x_wconf 89' lang='lat' dir='ltr'><strong>nonnullos</strong></span> 
     </span>
    </p>
   </div>
   <div class='ocr_carea' id='block_1_98' title="bbox 211 5251 1782 5329">
    <p class='ocr_par' dir='ltr' id='par_1_98' title="bbox 211 5251 1782 5329">
     <span class='ocr_line' id='line_1_98' title="bbox 211 5251 1782 5329; baseline 0.004 -21"><span class='ocrx_word' id='word_1_713' title='bbox 211 5265 272 5308; x_wconf 91' lang='lat' dir='ltr'><strong>ut</strong></span> <span class='ocrx_word' id='word_1_714' title='bbox 299 5257 365 5308; x_wconf 91' lang='lat' dir='ltr'><strong>ad</strong></span> <span class='ocrx_word' id='word_1_715' title='bbox 400 5271 580 5325; x_wconf 83' lang='lat' dir='ltr'><strong>regem</strong></span> <span class='ocrx_word' id='word_1_716' title='bbox 614 5251 957 5321; x_wconf 72' lang='lat' dir='ltr'><strong>accedentes,</strong></span> <span class='ocrx_word' id='word_1_717' title='bbox 1009 5273 1190 5311; x_wconf 87' lang='lat' dir='ltr'><strong>coram</strong></span> <span class='ocrx_word' id='word_1_718' title='bbox 1220 5259 1338 5329; x_wconf 86' lang='lat' dir='ltr'><strong>ipso</strong></span> <span class='ocrx_word' id='word_1_719' title='bbox 1366 5270 1557 5314; x_wconf 88' lang='lat' dir='ltr'><strong>contra</strong></span> <span class='ocrx_word' id='word_1_720' title='bbox 1620 5258 1782 5314; x_wconf 88' lang='lat' dir='ltr'><strong>Joan-</strong></span> 
     </span>
    </p>
   </div>
   <div class='ocr_carea' id='block_1_99' title="bbox 212 5347 1781 5420">
    <p class='ocr_par' dir='ltr' id='par_1_99' title="bbox 212 5347 1781 5420">
     <span class='ocr_line' id='line_1_99' title="bbox 212 5347 1781 5420; baseline 0.004 -22"><span class='ocrx_word' id='word_1_721' title='bbox 212 5361 335 5399; x_wconf 89' lang='lat' dir='ltr'><strong>nem</strong></span> <span class='ocrx_word' id='word_1_722' title='bbox 379 5347 750 5401; x_wconf 88' lang='lat' dir='ltr'><strong>testimouium</strong></span> <span class='ocrx_word' id='word_1_723' title='bbox 811 5349 1178 5417; x_wconf 74' lang='lat' dir='ltr'><strong>perhiberent,</strong></span> <span class='ocrx_word' id='word_1_724' title='bbox 1205 5353 1379 5419; x_wconf 90' lang='lat' dir='ltr'><strong>ipsum</strong></span> <span class='ocrx_word' id='word_1_725' title='bbox 1425 5352 1524 5420; x_wconf 87' lang='lat' dir='ltr'><strong>legi</strong></span> <span class='ocrx_word' id='word_1_726' title='bbox 1560 5362 1781 5405; x_wconf 87' lang='lat' dir='ltr'><strong>contra-</strong></span> 
     </span>
    </p>
   </div>
   <div class='ocr_carea' id='block_1_100' title="bbox 211 5439 1784 5514">
    <p class='ocr_par' dir='ltr' id='par_1_100' title="bbox 211 5439 1784 5514">
     <span class='ocr_line' id='line_1_100' title="bbox 211 5439 1784 5514; baseline 0.005 -24"><span class='ocrx_word' id='word_1_727' title='bbox 211 5439 415 5501; x_wconf 86' lang='lat' dir='ltr'><strong>dicere,</strong></span> <span class='ocrx_word' id='word_1_728' title='bbox 447 5440 734 5508; x_wconf 89' lang='lat' dir='ltr'><strong>ipsumque</strong></span> <span class='ocrx_word' id='word_1_729' title='bbox 761 5445 992 5496; x_wconf 88' lang='lat' dir='ltr'><strong>moleste</strong></span> <span class='ocrx_word' id='word_1_730' title='bbox 1022 5443 1162 5496; x_wconf 83' lang='lat' dir='ltr'><strong>terre</strong></span> <span class='ocrx_word' id='word_1_731' title='bbox 1184 5443 1334 5496; x_wconf 90' lang='lat' dir='ltr'><strong>urbis</strong></span> <span class='ocrx_word' id='word_1_732' title='bbox 1360 5444 1588 5506; x_wconf 88' lang='lat' dir='ltr'><strong>incolas,</strong></span> <span class='ocrx_word' id='word_1_733' title='bbox 1621 5454 1784 5514; x_wconf 89' lang='lat' dir='ltr'><strong>atque</strong></span> 
     </span>
    </p>
   </div>
   <div class='ocr_carea' id='block_1_101' title="bbox 210 5532 1778 5608">
    <p class='ocr_par' dir='ltr' id='par_1_101' title="bbox 210 5532 1778 5608">
     <span class='ocr_line' id='line_1_101' title="bbox 210 5532 1778 5608; baseline 0.005 -26"><span class='ocrx_word' id='word_1_734' title='bbox 210 5532 336 5585; x_wconf 87' lang='lat' dir='ltr'><strong>odio</strong></span> <span class='ocrx_word' id='word_1_735' title='bbox 363 5535 645 5601; x_wconf 58' lang='lat' dir='ltr'><strong>prost&#39;qui.</strong></span> <span class='ocrx_word' id='word_1_736' title='bbox 679 5533 937 5604; x_wconf 87' lang='lat' dir='ltr'><strong>Episcopi</strong></span> <span class='ocrx_word' id='word_1_737' title='bbox 963 5546 1170 5598; x_wconf 87' lang='lat' dir='ltr'><strong>autem,</strong></span> <span class='ocrx_word' id='word_1_738' title='bbox 1194 5534 1392 5589; x_wconf 87' lang='lat' dir='ltr'><strong>Joanni</strong></span> <span class='ocrx_word' id='word_1_739' title='bbox 1426 5540 1495 5590; x_wconf 88' lang='lat' dir='ltr'><strong>oh</strong></span> <span class='ocrx_word' id='word_1_740' title='bbox 1531 5553 1778 5608; x_wconf 85' lang='lat' dir='ltr'><strong>magnam</strong></span> 
     </span>
    </p>
   </div>
   <div class='ocr_carea' id='block_1_102' title="bbox 211 5627 1781 5701">
    <p class='ocr_par' dir='ltr' id='par_1_102' title="bbox 211 5627 1781 5701">
     <span class='ocr_line' id='line_1_102' title="bbox 211 5627 1781 5701; baseline 0.006 -24"><span class='ocrx_word' id='word_1_741' title='bbox 211 5627 386 5693; x_wconf 85' lang='lat' dir='ltr'><strong>ipsius</strong></span> <span class='ocrx_word' id='word_1_742' title='bbox 445 5627 732 5679; x_wconf 73' lang='lat' dir='ltr'><strong>Scientiain</strong></span> <span class='ocrx_word' id='word_1_743' title='bbox 796 5628 1161 5691; x_wconf 79' lang='lat' dir='ltr'><strong>inviderunt,</strong></span> <span class='ocrx_word' id='word_1_744' title='bbox 1221 5627 1578 5699; x_wconf 77' lang='lat' dir='ltr'><strong>feceruntque</strong></span> <span class='ocrx_word' id='word_1_745' title='bbox 1637 5633 1781 5701; x_wconf 87' lang='lat' dir='ltr'><strong>quod</strong></span> 
     </span>
    </p>
   </div>
   <div class='ocr_carea' id='block_1_103' title="bbox 212 5717 1773 5789">
    <p class='ocr_par' dir='ltr' id='par_1_103' title="bbox 212 5717 1773 5789">
     <span class='ocr_line' id='line_1_103' title="bbox 212 5717 1773 5789; baseline 0.006 -19"><span class='ocrx_word' id='word_1_746' title='bbox 212 5721 350 5786; x_wconf 80' lang='lat' dir='ltr'><strong>ipsis</strong></span> <span class='ocrx_word' id='word_1_747' title='bbox 377 5718 558 5772; x_wconf 90' lang='lat' dir='ltr'><strong>innuit</strong></span> <span class='ocrx_word' id='word_1_748' title='bbox 589 5719 796 5786; x_wconf 81' lang='lat' dir='ltr'><strong>regina.</strong></span> <span class='ocrx_word' id='word_1_749' title='bbox 830 5717 944 5774; x_wconf 83' lang='lat' dir='ltr'><strong>Rex</strong></span> <span class='ocrx_word' id='word_1_750' title='bbox 976 5734 1108 5789; x_wconf 84' lang='lat' dir='ltr'><strong>ergo</strong></span> <span class='ocrx_word' id='word_1_751' title='bbox 1138 5721 1414 5778; x_wconf 80' lang='lat' dir='ltr'><strong>Arcadius</strong></span> <span class='ocrx_word' id='word_1_752' title='bbox 1442 5720 1708 5778; x_wconf 86' lang='lat' dir='ltr'><strong>Joannem</strong></span> <span class='ocrx_word' id='word_1_753' title='bbox 1742 5740 1773 5779; x_wconf 87' lang='lat' dir='ltr'><strong>a</strong></span> 
     </span>
    </p>
   </div>
   <div class='ocr_carea' id='block_1_104' title="bbox 209 5811 1777 5886">
    <p class='ocr_par' dir='ltr' id='par_1_104' title="bbox 209 5811 1777 5886">
     <span class='ocr_line' id='line_1_104' title="bbox 209 5811 1777 5886; baseline 0.006 -21"><span class='ocrx_word' id='word_1_754' title='bbox 209 5811 472 5865; x_wconf 86' lang='lat' dir='ltr'><strong>cathedra</strong></span> <span class='ocrx_word' id='word_1_755' title='bbox 509 5811 862 5881; x_wconf 84' lang='lat' dir='ltr'><strong>patriarcbali</strong></span> <span class='ocrx_word' id='word_1_756' title='bbox 909 5813 1150 5870; x_wconf 83' lang='lat' dir='ltr'><strong>amoveri</strong></span> <span class='ocrx_word' id='word_1_757' title='bbox 1181 5813 1367 5886; x_wconf 90' lang='lat' dir='ltr'><strong>jussit.</strong></span> <span class='ocrx_word' id='word_1_758' title='bbox 1411 5813 1650 5874; x_wconf 84' lang='lat' dir='ltr'><strong>Joannes</strong></span> <span class='ocrx_word' id='word_1_759' title='bbox 1679 5833 1777 5873; x_wconf 83' lang='lat' dir='ltr'><strong>au-</strong></span> 
     </span>
    </p>
   </div>
   <div class='ocr_carea' id='block_1_105' title="bbox 1887 4624 3473 4695">
    <p class='ocr_par' dir='ltr' id='par_1_105' title="bbox 1887 4624 3473 4695">
     <span class='ocr_line' id='line_1_105' title="bbox 1887 4624 3473 4695; baseline 0.002 -19"><span class='ocrx_word' id='word_1_760' title='bbox 1887 4640 2058 4677; x_wconf 82' lang='lat' dir='ltr'><strong>aunos</strong></span> <span class='ocrx_word' id='word_1_761' title='bbox 2097 4634 2332 4692; x_wconf 90' lang='lat' dir='ltr'><strong>quatuor</strong></span> <span class='ocrx_word' id='word_1_762' title='bbox 2355 4624 2518 4688; x_wconf 88' lang='lat' dir='ltr'><strong>sedit,</strong></span> <span class='ocrx_word' id='word_1_763' title='bbox 2553 4624 2673 4677; x_wconf 89' lang='lat' dir='ltr'><strong>dein</strong></span> <span class='ocrx_word' id='word_1_764' title='bbox 2716 4633 2964 4678; x_wconf 84' lang='lat' dir='ltr'><strong>mortuus</strong></span> <span class='ocrx_word' id='word_1_765' title='bbox 3006 4638 3107 4677; x_wconf 85' lang='lat' dir='ltr'><strong>est.</strong></span> <span class='ocrx_word' id='word_1_766' title='bbox 3131 4628 3287 4678; x_wconf 82' lang='grc' dir='ltr'>Διιιιο</span> <span class='ocrx_word' id='word_1_767' title='bbox 3321 4626 3473 4695; x_wconf 61' lang='lat' dir='ltr'><strong>ejus-</strong></span> 
     </span>
    </p>
   </div>
   <div class='ocr_carea' id='block_1_106' title="bbox 1886 4717 3468 4785">
    <p class='ocr_par' dir='ltr' id='par_1_106' title="bbox 1886 4717 3468 4785">
     <span class='ocr_line' id='line_1_106' title="bbox 1886 4717 3468 4785; baseline 0 -15"><span class='ocrx_word' id='word_1_768' title='bbox 1886 4718 2004 4770; x_wconf 67' lang='lat' dir='ltr'><strong>dt-m</strong></span> <span class='ocrx_word' id='word_1_769' title='bbox 2068 4733 2211 4770; x_wconf 90' lang='lat' dir='ltr'><strong>nono</strong></span> <span class='ocrx_word' id='word_1_770' title='bbox 2291 4718 2624 4772; x_wconf 84' lang='lat' dir='ltr'><strong>constitutus</strong></span> <span class='ocrx_word' id='word_1_771' title='bbox 2680 4725 2765 4769; x_wconf 80' lang='lat' dir='ltr'><strong>est</strong></span> <span class='ocrx_word' id='word_1_772' title='bbox 2824 4717 3086 4785; x_wconf 81' lang='lat' dir='ltr'><strong>Evagrius</strong></span> <span class='ocrx_word' id='word_1_773' title='bbox 3161 4720 3468 4784; x_wconf 87' lang='lat' dir='ltr'><strong>patriarcha</strong></span> 
     </span>
    </p>
   </div>
   <div class='ocr_carea' id='block_1_107' title="bbox 1890 4809 3471 4878">
    <p class='ocr_par' dir='ltr' id='par_1_107' title="bbox 1890 4809 3471 4878">
     <span class='ocr_line' id='line_1_107' title="bbox 1890 4809 3471 4878; baseline 0.002 -16"><span class='ocrx_word' id='word_1_774' title='bbox 1890 4809 2282 4873; x_wconf 80' lang='lat' dir='ltr'><strong>Antiochenus,</strong></span> <span class='ocrx_word' id='word_1_775' title='bbox 2302 4811 2460 4863; x_wconf 90' lang='lat' dir='ltr'><strong>annis</strong></span> <span class='ocrx_word' id='word_1_776' title='bbox 2481 4811 2724 4878; x_wconf 86' lang='lat' dir='ltr'><strong>quinque</strong></span> <span class='ocrx_word' id='word_1_777' title='bbox 2746 4809 2908 4874; x_wconf 86' lang='lat' dir='ltr'><strong>sedit,</strong></span> <span class='ocrx_word' id='word_1_778' title='bbox 2933 4811 3050 4863; x_wconf 82' lang='lat' dir='ltr'><strong>dein</strong></span> <span class='ocrx_word' id='word_1_779' title='bbox 3089 4822 3334 4864; x_wconf 88' lang='lat' dir='ltr'><strong>mortuus</strong></span> <span class='ocrx_word' id='word_1_780' title='bbox 3365 4818 3471 4866; x_wconf 87' lang='lat' dir='ltr'><strong>c&#39;sl.</strong></span> 
     </span>
    </p>
   </div>
   <div class='ocr_carea' id='block_1_108' title="bbox 1885 4900 3471 4971">
    <p class='ocr_par' dir='ltr' id='par_1_108' title="bbox 1885 4900 3471 4971">
     <span class='ocr_line' id='line_1_108' title="bbox 1885 4900 3471 4971; baseline 0.001 -19"><span class='ocrx_word' id='word_1_781' title='bbox 1885 4902 2040 4953; x_wconf 82' lang='lat' dir='ltr'><strong>Anno</strong></span> <span class='ocrx_word' id='word_1_782' title='bbox 2081 4901 2290 4966; x_wconf 68' lang='lat' dir='ltr'><strong>imperii</strong></span> <span class='ocrx_word' id='word_1_783' title='bbox 2329 4900 2572 4968; x_wconf 82' lang='lat' dir='ltr'><strong>ejusdem</strong></span> <span class='ocrx_word' id='word_1_784' title='bbox 2618 4912 2833 4970; x_wconf 87' lang='lat' dir='ltr'><strong>quarto,</strong></span> <span class='ocrx_word' id='word_1_785' title='bbox 2871 4902 3083 4955; x_wconf 81' lang='lat' dir='ltr'><strong>Arcadii</strong></span> <span class='ocrx_word' id='word_1_786' title='bbox 3138 4919 3329 4971; x_wconf 83' lang='lat' dir='ltr'><strong>nemp-</strong></span> <span class='ocrx_word' id='word_1_787' title='bbox 3368 4901 3471 4954; x_wconf 83' lang='lat' dir='ltr'><strong>Ro-</strong></span> 
     </span>
    </p>
   </div>
   <div class='ocr_carea' id='block_1_109' title="bbox 1888 4991 3472 5060">
    <p class='ocr_par' dir='ltr' id='par_1_109' title="bbox 1888 4991 3472 5060">
     <span class='ocr_line' id='line_1_109' title="bbox 1888 4991 3472 5060; baseline 0.002 -15"><span class='ocrx_word' id='word_1_788' title='bbox 1888 5007 2168 5045; x_wconf 84' lang='lat' dir='ltr'><strong>manorum</strong></span> <span class='ocrx_word' id='word_1_789' title='bbox 2197 4991 2566 5058; x_wconf 83' lang='lat' dir='ltr'><strong>imperatoris,</strong></span> <span class='ocrx_word' id='word_1_790' title='bbox 2591 5007 2757 5060; x_wconf 80' lang='lat' dir='ltr'><strong>regno</strong></span> <span class='ocrx_word' id='word_1_791' title='bbox 2785 4994 2988 5060; x_wconf 87' lang='lat' dir='ltr'><strong>potitus</strong></span> <span class='ocrx_word' id='word_1_792' title='bbox 3017 4992 3472 5060; x_wconf 69' lang='lat' dir='ltr'><strong>cstYazdejerdtzs</strong></span> 
     </span>
    </p>
   </div>
   <div class='ocr_carea' id='block_1_110' title="bbox 1887 5082 3464 5152">
    <p class='ocr_par' dir='ltr' id='par_1_110' title="bbox 1887 5082 3464 5152">
     <span class='ocr_line' id='line_1_110' title="bbox 1887 5082 3464 5152; baseline -0.001 -15"><span class='ocrx_word' id='word_1_793' title='bbox 1887 5084 2137 5138; x_wconf 83' lang='lat' dir='ltr'><strong>Bahratni</strong></span> <span class='ocrx_word' id='word_1_794' title='bbox 2173 5082 2335 5144; x_wconf 83' lang='lat' dir='ltr'><strong>ﬁlius,</strong></span> <span class='ocrx_word' id='word_1_795' title='bbox 2360 5082 2421 5135; x_wconf 81' lang='lat' dir='ltr'><strong>Al</strong></span> <span class='ocrx_word' id='word_1_796' title='bbox 2451 5083 2668 5135; x_wconf 85' lang='lat' dir='ltr'><strong>Aitham</strong></span> <span class='ocrx_word' id='word_1_797' title='bbox 2695 5085 3137 5152; x_wconf 88' lang='lat' dir='ltr'><strong>cognominatus,</strong></span> <span class='ocrx_word' id='word_1_798' title='bbox 3169 5086 3221 5138; x_wconf 89' lang='lat' dir='ltr'><strong>in</strong></span> <span class='ocrx_word' id='word_1_799' title='bbox 3245 5085 3464 5148; x_wconf 83' lang='lat' dir='ltr'><strong>Persas,</strong></span> 
     </span>
    </p>
   </div>
   <div class='ocr_carea' id='block_1_111' title="bbox 1887 5171 3472 5242">
    <p class='ocr_par' dir='ltr' id='par_1_111' title="bbox 1887 5171 3472 5242">
     <span class='ocr_line' id='line_1_111' title="bbox 1887 5171 3472 5242; baseline 0.001 -15"><span class='ocrx_word' id='word_1_800' title='bbox 1887 5190 2059 5229; x_wconf 89' lang='lat' dir='ltr'><strong>annos</strong></span> <span class='ocrx_word' id='word_1_801' title='bbox 2090 5172 2299 5241; x_wconf 81' lang='lat' dir='ltr'><strong>viginti.</strong></span> <span class='ocrx_word' id='word_1_802' title='bbox 2327 5171 2498 5226; x_wconf 90' lang='lat' dir='ltr'><strong>Porro</strong></span> <span class='ocrx_word' id='word_1_803' title='bbox 2525 5172 2856 5238; x_wconf 82' lang='lat' dir='ltr'><strong>TheOphilus</strong></span> <span class='ocrx_word' id='word_1_804' title='bbox 2887 5175 3194 5242; x_wconf 86' lang='lat' dir='ltr'><strong>patriarcha</strong></span> <span class='ocrx_word' id='word_1_805' title='bbox 3235 5174 3472 5230; x_wconf 82' lang='lat' dir='ltr'><strong>Alexan-</strong></span> 
     </span>
    </p>
   </div>
   <div class='ocr_carea' id='block_1_112' title="bbox 1885 5265 3467 5336">
    <p class='ocr_par' dir='ltr' id='par_1_112' title="bbox 1885 5265 3467 5336">
     <span class='ocr_line' id='line_1_112' title="bbox 1885 5265 3467 5336; baseline -0.001 -14"><span class='ocrx_word' id='word_1_806' title='bbox 1885 5269 2072 5322; x_wconf 84' lang='lat' dir='ltr'><strong>drinus</strong></span> <span class='ocrx_word' id='word_1_807' title='bbox 2101 5267 2386 5319; x_wconf 80' lang='lat' dir='ltr'><strong>eet-lesiam</strong></span> <span class='ocrx_word' id='word_1_808' title='bbox 2435 5281 2683 5336; x_wconf 84' lang='lat' dir='ltr'><strong>magnam</strong></span> <span class='ocrx_word' id='word_1_809' title='bbox 2715 5265 3062 5321; x_wconf 56' lang='lat' dir='ltr'><strong>Alexandria</strong></span> <span class='ocrx_word' id='word_1_810' title='bbox 3107 5271 3329 5334; x_wconf 86' lang='lat' dir='ltr'><strong>struxit,</strong></span> <span class='ocrx_word' id='word_1_811' title='bbox 3367 5270 3467 5321; x_wconf 83' lang='lat' dir='ltr'><strong>Ar-</strong></span> 
     </span>
    </p>
   </div>
   <div class='ocr_carea' id='block_1_113' title="bbox 1885 5357 3552 5425">
    <p class='ocr_par' dir='ltr' id='par_1_113' title="bbox 1885 5357 3552 5425">
     <span class='ocr_line' id='line_1_113' title="bbox 1885 5357 3552 5425; baseline 0 -11"><span class='ocrx_word' id='word_1_812' title='bbox 1885 5360 2023 5414; x_wconf 89' lang='lat' dir='ltr'><strong>cadii</strong></span> <span class='ocrx_word' id='word_1_813' title='bbox 2086 5358 2452 5412; x_wconf 74' lang='lat' dir='ltr'><strong>Romanorum</strong></span> <span class='ocrx_word' id='word_1_814' title='bbox 2520 5357 2867 5425; x_wconf 88' lang='lat' dir='ltr'><strong>imperatoris</strong></span> <span class='ocrx_word' id='word_1_815' title='bbox 2928 5359 3134 5412; x_wconf 90' lang='lat' dir='ltr'><strong>nomini</strong></span> <span class='ocrx_word' id='word_1_816' title='bbox 3201 5359 3465 5414; x_wconf 83' lang='lat' dir='ltr'><strong>dicatam.</strong></span> <span class='ocrx_word' id='word_1_817' title='bbox 3550 5392 3552 5394; x_wconf 61' lang='grc' dir='ltr'><strong><em>τ</em></strong></span> 
     </span>
    </p>
   </div>
   <div class='ocr_carea' id='block_1_114' title="bbox 1885 5449 3461 5519">
    <p class='ocr_par' dir='ltr' id='par_1_114' title="bbox 1885 5449 3461 5519">
     <span class='ocr_line' id='line_1_114' title="bbox 1885 5449 3461 5519; baseline -0.002 -14"><span class='ocrx_word' id='word_1_818' title='bbox 1885 5451 2136 5518; x_wconf 86' lang='lat' dir='ltr'><strong>Ohiitque</strong></span> <span class='ocrx_word' id='word_1_819' title='bbox 2168 5449 2432 5503; x_wconf 84' lang='lat' dir='ltr'><strong>Arcadius</strong></span> <span class='ocrx_word' id='word_1_820' title='bbox 2470 5449 2842 5502; x_wconf 80' lang='lat' dir='ltr'><strong>Romanorum</strong></span> <span class='ocrx_word' id='word_1_821' title='bbox 2874 5465 2968 5504; x_wconf 88' lang='lat' dir='ltr'><strong>rex</strong></span> <span class='ocrx_word' id='word_1_822' title='bbox 2992 5465 3115 5502; x_wconf 91' lang='lat' dir='ltr'><strong>cum</strong></span> <span class='ocrx_word' id='word_1_823' title='bbox 3163 5449 3461 5519; x_wconf 87' lang='lat' dir='ltr'><strong>imperium</strong></span> 
     </span>
    </p>
   </div>
   <div class='ocr_carea' id='block_1_115' title="bbox 1887 5543 3466 5614">
    <p class='ocr_par' dir='ltr' id='par_1_115' title="bbox 1887 5543 3466 5614">
     <span class='ocr_line' id='line_1_115' title="bbox 1887 5543 3466 5614; baseline 0.001 -17"><span class='ocrx_word' id='word_1_824' title='bbox 1887 5559 2058 5597; x_wconf 81' lang='lat' dir='ltr'><strong>annos</strong></span> <span class='ocrx_word' id='word_1_825' title='bbox 2090 5543 2346 5596; x_wconf 72' lang='lat' dir='ltr'><strong>tredecim</strong></span> <span class='ocrx_word' id='word_1_826' title='bbox 2385 5552 2749 5612; x_wconf 83' lang='lat' dir='ltr'><strong>occupasset;</strong></span> <span class='ocrx_word' id='word_1_827' title='bbox 2803 5552 3062 5602; x_wconf 68' lang='lat' dir='ltr'><strong>regnante</strong></span> <span class='ocrx_word' id='word_1_828' title='bbox 3119 5555 3243 5614; x_wconf 86' lang='lat' dir='ltr'><strong>post</strong></span> <span class='ocrx_word' id='word_1_829' title='bbox 3288 5545 3466 5611; x_wconf 83' lang='lat' dir='ltr'><strong>ipsum</strong></span> 
     </span>
    </p>
   </div>
   <div class='ocr_carea' id='block_1_116' title="bbox 1888 5633 3463 5706">
    <p class='ocr_par' dir='ltr' id='par_1_116' title="bbox 1888 5633 3463 5706">
     <span class='ocr_line' id='line_1_116' title="bbox 1888 5633 3463 5706; baseline 0 -17"><span class='ocrx_word' id='word_1_830' title='bbox 1888 5637 1996 5689; x_wconf 86' lang='lat' dir='ltr'><strong>lilio</strong></span> <span class='ocrx_word' id='word_1_831' title='bbox 2027 5635 2196 5704; x_wconf 82' lang='lat' dir='ltr'><strong>ipsius</strong></span> <span class='ocrx_word' id='word_1_832' title='bbox 2225 5634 2558 5700; x_wconf 75' lang='lat' dir='ltr'><strong>TheodOs’io,</strong></span> <span class='ocrx_word' id='word_1_833' title='bbox 2592 5637 2685 5704; x_wconf 90' lang='lat' dir='ltr'><strong>qui</strong></span> <span class='ocrx_word' id='word_1_834' title='bbox 2709 5633 3250 5705; x_wconf 87' lang='lat' dir='ltr'><strong>Theodosiusjunior</strong></span> <span class='ocrx_word' id='word_1_835' title='bbox 3275 5638 3463 5706; x_wconf 74' lang='lat' dir='ltr'><strong>appel-</strong></span> 
     </span>
    </p>
   </div>
   <div class='ocr_carea' id='block_1_117' title="bbox 1887 5725 3466 5798">
    <p class='ocr_par' dir='ltr' id='par_1_117' title="bbox 1887 5725 3466 5798">
     <span class='ocr_line' id='line_1_117' title="bbox 1887 5725 3466 5798; baseline -0.001 -15"><span class='ocrx_word' id='word_1_836' title='bbox 1887 5729 2030 5783; x_wconf 89' lang='lat' dir='ltr'><strong>latus</strong></span> <span class='ocrx_word' id='word_1_837' title='bbox 2061 5736 2164 5791; x_wconf 87' lang='lat' dir='ltr'><strong>est,</strong></span> <span class='ocrx_word' id='word_1_838' title='bbox 2213 5727 2265 5780; x_wconf 91' lang='lat' dir='ltr'><strong>in</strong></span> <span class='ocrx_word' id='word_1_839' title='bbox 2313 5725 2615 5793; x_wconf 80' lang='lat' dir='ltr'><strong>Romanos,</strong></span> <span class='ocrx_word' id='word_1_840' title='bbox 2677 5742 2848 5782; x_wconf 91' lang='lat' dir='ltr'><strong>annos</strong></span> <span class='ocrx_word' id='word_1_841' title='bbox 2890 5728 3254 5798; x_wconf 87' lang='lat' dir='ltr'><strong>quadraginta</strong></span> <span class='ocrx_word' id='word_1_842' title='bbox 3303 5728 3466 5795; x_wconf 84' lang='lat' dir='ltr'><strong>duos,</strong></span> 
     </span>
    </p>
   </div>
   <div class='ocr_carea' id='block_1_118' title="bbox 1888 5819 3464 5889">
    <p class='ocr_par' dir='ltr' id='par_1_118' title="bbox 1888 5819 3464 5889">
     <span class='ocr_line' id='line_1_118' title="bbox 1888 5819 3464 5889; baseline -0.001 -10"><span class='ocrx_word' id='word_1_843' title='bbox 1888 5821 2053 5889; x_wconf 86' lang='lat' dir='ltr'><strong>idque</strong></span> <span class='ocrx_word' id='word_1_844' title='bbox 2087 5835 2228 5876; x_wconf 88' lang='lat' dir='ltr'><strong>anno</strong></span> <span class='ocrx_word' id='word_1_845' title='bbox 2259 5819 2581 5888; x_wconf 75' lang='lat' dir='ltr'><strong>Yazdejcrdi</strong></span> <span class='ocrx_word' id='word_1_846' title='bbox 2628 5820 2882 5880; x_wconf 85' lang='lat' dir='ltr'><strong>Bahrami</strong></span> <span class='ocrx_word' id='word_1_847' title='bbox 2907 5821 3004 5878; x_wconf 94' lang='lat' dir='ltr'><strong>lilii</strong></span> <span class='ocrx_word' id='word_1_848' title='bbox 3043 5819 3332 5879; x_wconf 90' lang='lat' dir='ltr'><strong>Persarum</strong></span> <span class='ocrx_word' id='word_1_849' title='bbox 3377 5836 3464 5877; x_wconf 85' lang='lat' dir='ltr'><strong>re-</strong></span> 
     </span>
    </p>
   </div>
  </div>
