4200 6432
757 446 888 509 1031

1778 442 2148 507 EUTYCIIII
2196 435 2736 500 ALEXANDRINI
2782 444 2999 504 PATll.

3864 441 3999 503 1039.

740 564 823 633 gis
866 560 1174 615 undecimo.
1217 558 1375 613 Anno
1413 559 1624 629 imperii
1655 560 1827 627 ipsius
1864 571 2009 610 nono
2037 554 2328 608 invadente
2355 552 2401 609 Α
2436 562 2612 615 neret,
2650 564 2813 622 atque
2843 567 2900 609 ut
2938 556 3001 609 ad
3037 557 3317 608 veritatem
3348 553 3480 624 5-7
3519 554 3720 609 rediret
3752 554 4001 608 hortare-

738 653 915 723 ipsum
970 649 1307 720 Yazdejerdo
1346 650 1599 705 Babrami
1654 652 1763 705 filio
1809 650 2007 703 bellum
2058 646 2200 700 inter
2226 658 2319 699 eos

738 758 901 811 grave
946 746 1301 797 connnissuiu
1350 751 1452 805 est,
1500 756 1819 811 magnaeque
1877 749 2093 808 strages
2137 737 2316 804 edice,

736 835 871 889 adeo
916 844 973 888 ut
1026 835 1239 903 utrique
1262 834 1490 901 tandem
1550 834 1682 885 alter
1722 832 1791 887 ab
1819 832 1993 885 altero
2033 831 2087 883 in
2135 828 2318 895 fugam

738 918 1109 980 verterentur.
1137 927 1297 979 Anno
1344 924 1556 993 imperii
1609 925 1852 991 ejusdem
1899 923 2115 975 decimo
2156 918 2319 972 tertio

1121 1022 1453 1071 COnstitutus
1491 1026 1573 1071 est
1594 1014 1842 1069 Zusinius
1866 1011 2179 1081 patriarcha
2206 1007 2319 1059 R0-

738 1125 953 1174 manus,
988 1113 1080 1179 qui
1113 1124 1235 1161 cum
1271 1125 1471 1162 annum
1502 1124 1665 1162 unum
1698 1106 1926 1160 sedisset
1950 1112 2191 1155 mortuus
2212 1110 2316 1162 est,

738 1203 802 1253 ad
856 1216 975 1253 eam
1014 1200 1332 1268 dignitatem
1392 1209 1512 1267 post
1561 1202 1737 1266 ipsum
1786 1206 1975 1250 evecto
2017 1191 2315 1251 Bunifacio,

736 1294 827 1359 qui
863 1304 974 1345 tres
1019 1305 1193 1343 annos
1235 1290 1398 1353 sedit,
1434 1289 1561 1343 dein
1597 1297 1843 1341 mortuus
1881 1300 1987 1341 est.
2016 1284 2318 1352 Factusque

736 1394 814 1432 est
873 1391 992 1451 post
1038 1382 1215 1451 ipsum
1261 1382 1569 1451 patriarcha
1617 1380 1814 1434 ibidem
1867 1377 2193 1440 Celestinus,
2227 1375 2319 1444 qui

738 1490 912 1527 annos
940 1473 1129 1527 decem
1180 1473 1342 1537 sedit,
1373 1474 1497 1526 dein
1534 1480 1785 1523 mortuus
1812 1478 1917 1523 est.
1964 1466 2097 1535 Ejus
2132 1464 2322 1534 prmf'e-

738 1576 907 1619 cturae
945 1579 1089 1619 anno
1131 1564 1323 1633 quinto
1361 1561 1464 1615 fuit
1516 1561 1808 1615 concilium
1858 1559 2077 1611 tertium
2127 1564 2319 1609 contra

736 1655 1064 1718 Nestorium,
1100 1654 1317 1723 Ephesi.
1341 1653 1498 1705 Auno
1522 1650 1731 1719 imperii
1762 1648 2028 1718 ejusdem,
2071 1646 2321 1699 videlicet

736 1744 1030 1799 Theodosii
1072 1744 1339 1807 Junioris,
1386 1742 1582 1811 primo,
1615 1739 1945 1794 constitutus
1973 1751 2055 1791 est
2085 1736 2319 1807 Cyr-illus

737 1838 1041 1908 patriarcha
1101 1835 1530 1897 Alexandrinus;
1560 1846 1736 1886 annos
1763 1830 1986 1899 triginta
2018 1839 2129 1882 tres
2155 1830 2316 1893 sedit,

2428 654 2537 700 tur.
2576 644 2806 713 Scripsit
2839 662 2968 715 ergo
2998 647 3233 700 Joannes
3270 647 3577 714 patriarcha
3616 644 3994 699 Antioclienus

2426 738 2491 791 ad
2524 735 2860 803 Nestorium,
2896 754 2975 800 se,
3024 740 3129 792 nisi
3176 738 3243 792 ad
3285 738 3567 790 veritatem
3614 739 3841 797 rediret,
3874 751 4001 789 con-

2427 840 2729 890 venturos,
2799 829 3011 898 ipsique
3079 828 3488 884 maledicturos.
3554 826 3994 883 Intercesserunt

2428 921 2593 975 etiam
2644 923 2787 975 inter
2833 938 2926 977 eos
2973 922 3217 991 epistolae
3270 936 3377 974 non
3432 934 3615 988 pauca:
3653 936 3668 985 ;
3710 918 3999 975 Nestorius

2428 1028 2555 1067 vero
2583 1029 2611 1066 a
2646 1014 2911 1068 sententia
2938 1029 3037 1068 sua
3070 1013 3488 1085 haudquaquam
3534 1015 3782 1078 recessit,
3813 1016 3905 1067 sed
3947 1018 3998 1067 in

2427 1120 2615 1159 errore
2653 1121 2774 1169 suo,
2807 1111 3156 1176 crecitateque
3188 1121 3250 1161 ac
3279 1110 3555 1175 Opiniouis
3580 1109 3841 1177 pravitate
3874 1122 4000 1174 pcr-

2428 1199 2652 1250 mansit.
2684 1198 2925 1254 Joannes
2949 1214 3076 1267 ergo
3108 1199 3415 1268 patriarcha
3458 1201 3827 1254 Antiochenus
3862 1201 4002 1253 scri-

2427 1290 2533 1355 ptis
2568 1288 2634 1341 ad
2684 1290 2948 1359 Cyrillum
3004 1290 3436 1345 Alexandrinum
3476 1290 3677 1343 litteris
3708 1294 3999 1346 certiorem

2429 1381 2607 1449 ipsum
2640 1378 2771 1434 fecit
2814 1380 3120 1436 Nestorium
3152 1384 3207 1437 in
3252 1385 3537 1438 sententia:
3585 1397 3696 1438 suae
3736 1386 4003 1451 pravitate

2430 1486 2800 1539 perseverare.
2836 1472 3069 1540 Scripsit
3097 1475 3259 1543 igitur
3285 1474 3519 1545 Cyrillus
3554 1474 3616 1526 ad
3644 1473 4003 1528 Ctelestinum

2430 1563 2793 1628 patriarcham
2822 1563 3148 1626 Romanum,
3173 1574 3226 1618 et
3262 1566 3329 1618 ad
3364 1564 3724 1620 Bu-Flavium
3757 1566 3999 1634 patriar-

2429 1655 2589 1705 cham
2626 1654 3206 1725 llierosolyuiitauum,
3252 1670 3351 1709 nec
3384 1670 3492 1708 non
3529 1657 3794 1711 Joannem
3829 1656 4004 1725 patri-

2428 1745 2648 1799 archam
2677 1748 3099 1810 Antiochenam,
3127 1763 3331 1819 rogans
3357 1760 3416 1802 ut
3444 1750 3496 1803 in
3530 1750 3665 1803 urbe
3696 1748 3913 1816 Epheso
3938 1750 4004 1802 ad

2428 1838 2825 1906 dispiciendum
2859 1841 2926 1893 de
2960 1842 3228 1894 sententia
3264 1841 3502 1896 Nesmrii
3542 1842 3927 1918 convenirent,
3960 1850 4003 1894 si

737 1932 863 1985 dein
924 1940 1172 1983 mot‘luus
1201 1937 1306 1982 est
1380 1927 1540 1979 Ᾱιιιιο
1581 1922 1912 1994 Ρταείεθιυνθθ
1957 1922 2127 1989 ἱρεὶιιε
2174 1922 2317 1974 νίεθο
2356 1903 2396 1960 Β
2426 1928 2611 1983 forsan
2662 1930 2839 1985 redire
2868 1931 3062 1994 vellet;
3102 1932 3186 1983 sin
3228 1932 3431 1994 minus,
3478 1948 3536 1986 se
3579 1932 3647 1985 ab
3676 1948 3741 1987 eo
3787 1903 4001 1985 subdu-

734 2026 875 2077 simo
919 2024 1119 2092 primo,
1177 2022 1514 2073 celebratum
1572 2026 1655 2070 est
1700 2012 2013 2079 ,concilium
2070 2012 2315 2073 tertium,

736 2122 925 2169 contra
996 2110 1339 2166 Nestorium.
1399 2109 1557 2161 Anno
1625 2108 1787 2161 etiam
1858 2105 2032 2175 primo
2107 2100 2317 2171 imperii

736 2205 1030 2260 Theodosii
1071 2202 1316 2257 Junioris
1346 2202 1685 2257 constitutus
1728 2207 1811 2254 est
1863 2197 2170 2250 Alexander
2226 2212 2317 2263 pa-

736 2299 972 2352 triarcha
1000 2298 1397 2357 Antiochenus,
1452 2296 1544 2362 qui
1586 2309 1710 2346 cum
1761 2292 1917 2345 annis
1950 2300 2185 2358 quatuor
2228 2304 2319 2341 se-

734 2393 928 2450 disset.
963 2399 1209 2444 mortuus
1252 2395 1357 2441 est.
1398 2385 1526 2441 Post
1581 2400 1741 2455 quem
1776 2387 1951 2438 factus
1986 2392 2070 2437 est
2118 2382 2316 2434 ibidem

736 2480 1042 2548 patriarcha
1099 2477 1401 2531 Barodotus
1454 2476 1815 2546 (Theodotus)
1867 2473 1959 2543 qui
2011 2489 2101 2527 sex
2146 2487 2317 2525 annos

737 2576 899 2639 sedit,
935 2574 1061 2627 dein
1088 2584 1335 2626 mortuus
1370 2581 1472 2625 est.
1506 2571 1634 2624 Post
1664 2569 1839 2636 ipsum
1867 2568 2174 2634 patriarcha
2208 2568 2320 2617 Au-

735 2669 954 2723 tiochiae
987 2667 1277 2737 pra-iectus
1300 2663 1563 2728 Joannes,
1597 2660 1989 2731 septemdecim
2032 2674 2205 2712 annos
2226 2674 2315 2711 se-

734 2762 832 2825 dit,
867 2761 991 2815 deiu
1028 2768 1275 2815 mortuus
1301 2766 1409 2813 est.
1441 2760 1599 2810 Anno
1627 2756 1979 2825 episcopatus
2002 2752 2122 2817 ejus
2150 2752 2317 2805 unde-

734 2856 877 2909 cimo
935 2853 1037 2907 fuit
1105 2851 1399 2907 concilium
1460 2848 1678 2903 tertium
1733 2859 1920 2901 contra
1985 2844 2314 2897 Nestorium.

734 2947 893 2998 Auno
920 2944 1148 3013 septimo
1175 2942 1386 3009 imperii
1424 2938 1719 2993 Theodosii
1756 2936 2002 2991 Junioris
2033 2937 2307 2989 constitu-

741 3049 827 3089 tus
858 3048 942 3090 est
983 3033 1206 3088 Flavius
1253 3032 1562 3101 patriarcha
1615 3029 2163 3098 llierosolymitanus,
2219 3028 2311 3085 qui

739 3144 911 3181 anuos
952 3127 1181 3196 triginta
1212 3134 1337 3179 octo
1361 3124 1519 3189 sedit,
1561 3122 1683 3177 dein
1732 3131 1982 3175 mortuus
2018 3130 2123 3174 est.
2161 3122 2319 3172 Anno

2422 2030 2626 2084 centes,
2671 2023 2773 2091 ipsi
2826 2023 3250 2085 rnaledicerent,
3308 2034 3471 2092 atque
3525 2024 3643 2078 loco
3695 2035 3999 2080 moverent.

2418 2109 2805 2167 Conveneruut
2834 2129 2962 2185 ergo
2985 2115 3038 2167 in
3074 2116 3205 2167 urbe
3233 2115 3447 2183 Epheso
3483 2115 3724 2184 episc0pi
3751 2116 4001 2171 ducenti.

2418 2201 2647 2255 Concilii
2678 2203 2938 2271 praesides
2960 2214 3118 2257 erant
3144 2203 3383 2274 Cyrillus
3415 2203 3728 2272 patriarcha
3765 2204 4004 2257 Alexan-

2419 2293 2633 2355 drinus,
2682 2292 3007 2348 C(elestinus
3068 2296 3375 2363 patriarcha
3432 2295 3746 2360 Romanus,
3797 2307 3851 2351 et
3906 2296 4009 2349 Bu-

2427 2385 2646 2440 Flavius
2672 2388 2983 2455 patriarcha
3014 2388 3562 2458 llterosolymitanus.
3588 2388 3844 2443 Promisit
3866 2390 4007 2458 ipsis

2418 2478 2656 2533 Joannes
2693 2494 2753 2534 se
2784 2479 3122 2553 adfuturum,
3159 2490 3213 2534 at
3244 2496 3369 2533 cum
3405 2495 3614 2534 moram
3644 2482 3867 2536 trahens
3895 2498 4005 2534 non

2424 2573 2672 2637 veniret,
2713 2573 2857 2626 haud
2900 2576 3127 2629 ulterius
3178 2577 3355 2645 ipsum
3390 2587 3715 2644 exspectans
3762 2574 4007 2646 Cyrillus

2422 2665 2735 2731 patriarcha
2785 2665 3209 2732 Alexandrinus,
3244 2668 3581 2731 convocatis,
3610 2668 3703 2737 qui
3752 2668 4006 2735 aderant,

2420 2754 2722 2825 episcopis,
2757 2755 2825 2809 ad
2874 2754 3185 2831 Nestorium
3236 2756 3384 2811 misit
3418 2767 3479 2809 ut
3519 2772 3578 2810 se
3612 2774 3716 2811 una
3758 2760 4005 2819 sisteret,

2420 2847 2513 2918 qui
2564 2846 2766 2916 Ephesi
2816 2856 2949 2901 tunc
3000 2856 3135 2900 erat.
3195 2848 3476 2903 [tenuente
3525 2857 3707 2903 autem
3746 2845 4008 2902 Nestorio

2420 2942 2704 3005 accedere,
2723 2954 2847 2994 cum
2872 2948 2955 2995 ter
2983 2942 3049 2994 ad
3080 2942 3255 3009 ipsum
3286 2940 3345 3009 8
3372 2940 3635 3003 misiSSet,
3661 2956 3763 2994 nec
3786 2941 3879 2993 ille
3921 2949 4007 2993 ta-

2423 3048 2546 3085 men
2578 3032 2811 3097 veniret,
2846 3031 3175 3087 sententiam
3217 3030 3389 3100 ipsius
3421 3032 3488 3084 ad
3520 3046 3747 3084 examen
3784 3046 4012 3084 revoca-

2426 3135 2575 3188 runt,
2622 3126 2913 3195 ipsumque
2966 3126 3348 3180 malediCtione
3404 3125 3632 3196 dignum
3669 3126 4009 3195 judicantes,

737 3220 1070 3289 praefecturae
1096 3219 1216 3285 ejus
1249 3219 1464 3270 decimo
1497 3223 1697 3283 quarto
1740 3213 1841 3266 fuit
1864 3213 2157 3265 concilium
2200 3221 2313 3264 ter-
2346 3249 2389 3307 C
2429 3217 2773 3272 anathemate
2805 3218 3160 3282 αενογει-υηι,
3194 3234 3258 3272 ac
3282 3218 3399 3272 loco
3438 3227 3748 3281 moverunt.
3782 3227 4010 3273 sume.

737 3314 873 3364 tium
902 3322 1090 3365 contra
1136 3308 1481 3366 Nestorium;
1512 3319 1726 3359 necnon
1782 3316 1927 3356 anno
1973 3300 2312 3369 praefecturae

735 3403 982 3473 ejusdem
1004 3402 1286 3457 tricesimo
1308 3400 1538 3468 septimo
1561 3396 1852 3452 concilium
1877 3402 2132 3462 quartum
2154 3391 2317 3446 Chal-

738 3496 947 3551 cedone
976 3507 1167 3548 contra
1194 3493 1539 3547 Dioscorum.

811 3584 944 3657 ι-ἀ,
978 3586 996 3603 ‘
1039 3587 1197 3638 Anno
1249 3584 1543 3637 Theodosii
1596 3580 1844 3635 Junioris
1873 3581 2095 3635 decimo
2124 3587 2319 3646 quarto

740 3681 1078 3733 coastitutus
1107 3686 1195 3732 est
1229 3676 1469 3730 Sisiuius
1503 3674 1813 3743 patriarcha
1847 3673 2317 3739 Constantinopo-

740 3776 965 3836 litauus,
1014 3771 1106 3839 qui
1153 3781 1264 3823 tres
1299 3784 1473 3823 annos
1517 3769 1679 3831 sedit,
1724 3768 1848 3819 dein
1892 3774 2140 3821 mortuus
2177 3772 2261 3815 est
2302 3780 2316 3816 :

744 3867 951 3933 fuitque
986 3873 1109 3933 post
1137 3864 1315 3931 ipsum
1354 3861 1665 3927 patriarcha
1696 3855 2172 3922 Constantinopoli
2211 3852 2316 3906 Ne-

743 3960 968 4020 storius,
1001 3957 1094 4027 qui
1137 3972 1262 4009 cum
1305 3965 1540 4022 quatuor
1572 3952 1730 4003 anuis
1766 3965 1828 4002 ac
1865 3948 2082 4000 duobus
2118 3945 2318 3999 mensi-

746 4052 846 4104 btts
882 4052 1135 4105 sedisset.
1170 4048 1516 4101 anathemate
1544 4044 1771 4096 devotus
1804 4055 1866 4093 ac
1900 4042 2017 4092 loco
2041 4039 2319 4091 abdicatus

745 4150 847 4195 est.
878 4143 1173 4194 ASscrehat
1197 4137 1465 4206 siquidem
1492 4134 1773 4188 Nestorius
1798 4134 2024 4185 Mariam
2050 4132 2318 4198 virginem

746 4251 929 4289 νυνι-ιιι
968 4234 1249 4301 lleiparam
1282 4246 1389 4283 non
1425 4229 1595 4281 fuisse
1625 4245 1639 4289 ;
1666 4242 1787 4279 esse
1819 4226 1957 4279 duos
1987 4225 2149 4283 filios,
2183 4237 2322 4290 quo-

748 4341 868 4381 rum
900 4326 1037 4379 alter
1068 4326 1139 4377 sit
1169 4325 1334 4383 Deus,
1363 4336 1595 4388 eumque
1628 4335 1655 4370 a
1692 4320 1853 4372 Patre
1885 4316 2150 4387 genitum,
2186 4315 2320 4366 alter

746 4427 925 4471 autem
958 4418 1144 4479 homo,
1176 4416 1265 4482 qui
1300 4430 1327 4466 a
1360 4415 1527 4467 Maria
1562 4422 1724 4465 natus
1759 4414 1857 4463 l'uit
1897 4428 1909 4463 :
1943 4420 2109 4477 atque
2148 4407 2321 4459 homi-

745 4526 868 4565 nem
897 4511 1063 4563 istum
1093 4508 1184 4576 qui
1222 4522 1279 4560 se
1306 4505 1584 4559 Christum
1619 4503 1839 4565 dixerit,
1872 4515 2058 4553 amore
2104 4502 2317 4553 unitum

744 4615 866 4654 esse
909 4614 1033 4653 cum
1081 4598 1212 4660 filio,
1264 4596 1543 4662 Deumque
1581 4593 1846 4661 appellari
1880 4602 1933 4645 et
1969 4591 2160 4642 Filium
2202 4587 2317 4654 Dei,

2429 3320 2665 3380 runtque
2709 3310 2933 3364 Mariam
2985 3312 3251 3381 virginem
3288 3313 3381 3368 Dei
3417 3311 3642 3365 Matrem
3674 3325 3817 3371 esse,
3850 3309 4013 3364 Chri-

2424 3408 2681 3469 stumque
2712 3400 2880 3454 Deum
2912 3417 3096 3457 verum
3126 3412 3291 3470 atque
3318 3402 3593 3455 hominem
3629 3400 3845 3455 duabus
3877 3414 4014 3453 eon-

2423 3501 2660 3546 stantem
2715 3496 2966 3558 naturis,
3028 3504 3083 3547 at
3135 3510 3370 3563 persona
3436 3509 3602 3549 unum
3661 3509 3805 3555 esse,
3859 3493 4011 3561 quod

2422 3582 2699 3637 diversum
2732 3592 2813 3637 est
2845 3584 2912 3635 ab
2958 3599 3165 3639 amore.
3210 3585 3500 3639 Nestorius
3533 3586 3679 3639 enim
3722 3585 4014 3639 asserebat

2424 3674 2687 3727 unitatem
2745 3689 2865 3728 esse
2918 3674 3153 3727 duarum
3209 3690 3572 3743 personarum
3632 3690 4009 3741 consensum;

2422 3780 2545 3819 cum
2596 3764 2779 3819 unitas
2834 3780 2960 3819 vera
3018 3767 3086 3819 sit
3128 3779 3184 3819 ut
3238 3768 3308 3821 sit
3352 3783 3586 3837 persona
3632 3784 3740 3821 una
3791 3769 4013 3823 duabus

2423 3861 2637 3915 naturis
2688 3859 3023 3931 [constans].
3058 3862 3189 3915 Cum
3227 3874 3406 3917 autem
3449 3865 3561 3932 jam
3600 3864 3859 3919 Nestorio
3895 3880 4014 3919 ma-

2424 3951 2764 4015 ledixisscnt,
2812 3952 3045 4006 accessit
3074 3952 3315 4009 Joannes
3352 3956 3663 4023 patriarcha
3706 3958 4012 4011 Antioche-

2424 4060 2545 4105 nus,
2578 4046 2668 4112 qui
2700 4060 2823 4098 cum
2854 4045 2964 4113 jam
2998 4045 3118 4097 illos
3141 4054 3264 4099 ante
3297 4045 3589 4099 adventant
3626 4062 3784 4101 suum
3818 4046 4011 4100 Nesto-

2424 4136 2505 4187 rio
2574 4133 2919 4187 nialedisisse
2990 4138 3383 4202 comperisset,
3455 4136 3536 4189 ira
3606 4148 3924 4191 commotus
3991 4157 4004 4190 :

2422 4224 2652 4293 lnjuria,
2722 4226 2928 4291 inquit,
2998 4227 3314 4281 Nestorium
3373 4228 3666 4295 aﬂecistis,
3716 4232 4012 4300 ipsumque

2425 4315 2901 4372 maledictionibus
2943 4318 3219 4372 immerito
3270 4319 3591 4375 devovistis.
3642 4321 4013 4387 Nestorioque

2424 4420 2483 4458 se
2514 4404 2836 4473 adjungens,
2869 4409 3191 4464 convocatis
3226 4411 3320 4478 qui
3367 4425 3492 4463 cum
3529 4412 3647 4479 ipso
3686 4422 3848 4466 erant
3892 4416 4013 4482 epi—

2425 4494 2629 4562 scopis,
2683 4493 2945 4563 Cyrillum
3003 4498 3371 4564 patriarcham
3420 4500 3877 4564 Alexandrinum,
3915 4518 4012 4555 nec

2429 4600 2533 4637 nou
2569 4584 2844 4637 Simonem
2876 4587 3192 4654 episc0pum
3232 4588 3586 4655 Epliesinum,
3624 4595 4003 4645 excommuni.

749 4707 859 4746 non
894 4706 1103 4753 revera,
1149 4687 1242 4742 sed
1291 4702 1384 4755 per
1433 4698 1871 4746 concessroneln,
1926 4691 1977 4734 et
2035 4681 2315 4734 nominum
2355 4690 2395 4742 ι)
2434 4677 2599 4729 cavit.
2630 4677 2765 4733 Cum
2794 4693 2922 4746 ergo
2955 4678 3204 4732 viderent
3234 4680 3365 4733 socii
3396 4680 3584 4750 Cyrilli
3614 4681 4008 4736 absurditatem

748 4784 1209 4844 communionem,
1260 4790 1314 4833 et
1362 4780 1587 4834 honoris
1637 4792 1825 4839 causa,
1888 4775 2031 4828 sicut
2080 4788 2220 4826 unus
2253 4788 2315 4825 ex

748 4874 1050 4944 prophetis.
1080 4873 1211 4937 Qua:
1238 4870 1470 4925 Nestorii
1502 4870 1772 4925 sententia
1805 4883 1929 4921 eum
1962 4866 2027 4919 ad
2059 4866 2318 4933 Cyrillum

748 4966 1110 5034 patriarcham
1161 4962 1584 5017 Alexandrinum
1638 4960 1991 5029 pervenisset,
2048 4957 2160 5025 ipse
2200 4971 2318 5009 eam

752 5060 1063 5125 improbans
1112 5058 1176 5110 ad
1223 5072 1348 5110 eum
1396 5058 1610 5109 litteras
1641 5053 1882 5123 scripsit,
1917 5052 1967 5104 iu
2007 5052 2205 5119 quibus
2243 5049 2322 5102 fa-

748 5161 893 5202 cturn
934 5149 1048 5217 ejus
1079 5158 1134 5200 ut
1182 5156 1340 5211 turpe
1376 5145 1670 5207 incusnit,
1706 5158 1770 5196 ac
1802 5142 2126 5197 sententiam
2158 5156 2316 5192 coar-

748 5246 864 5308 guit
916 5241 1128 5307 ipsique
1165 5241 1262 5291 vim
1298 5253 1410 5291 suae
1455 5236 1867 5305 perversitatem
1918 5234 2177 5297 ostendit,
2232 5249 2319 5285 ro-

746 5350 878 5400 gans
916 5343 971 5385 ut
1009 5334 1073 5385 ad
1106 5340 1385 5383 veritatem
1431 5329 1651 5381 rediret.
1682 5328 1931 5391 Cumque
1962 5326 2143 5379 multa:
2178 5328 2318 5378 inter

746 5430 897 5496 ipsos
946 5427 1138 5479 litter:e
1194 5426 1644 5483 intercesserant,
1693 5435 1789 5472 nec
1838 5436 1866 5470 a
1910 5418 2179 5471 sententia
2218 5431 2316 5470 sua

746 5526 1113 5571 reverteretur
1144 5514 1449 5574 Nestorius,
1482 5513 1703 5579 scripsit
1736 5511 1977 5579 Cyrillus
2008 5508 2318 5575 patriarcha

748 5608 1090 5661 Alexandria!
1122 5609 1185 5657 ad
1213 5604 1477 5657 Joannem
1511 5603 1870 5669 patriarcham
1896 5601 2318 5662 Antiochenum,

748 5700 924 5765 ipsum
956 5706 1119 5750 etiam
1158 5710 1357 5762 ΐυδιιιιδ
1401 5702 1459 5745 ιιι
1493 5693 1687 5744 litteris
1722 5691 1788 5744 ad
1824 5690 2136 5743 Nestorium
2178 5689 2320 5742 datis

750 5789 902 5844 illum
937 5787 1225 5843 sententia:
1263 5799 1375 5839 sua:
1430 5783 1693 5837 fteditatis
1723 5792 1777 5836 et
1826 5779 2183 5837 ahsurditatis
2212 5797 2323 5835 rno-

816 5906 889 5974 (α)
921 5904 1012 5956 Hic
1035 5905 1085 5955 in
1109 5902 1329 5955 editione
1355 5902 1628 5955 Oxoniensi
1652 5902 1825 5963 incipit
1848 5908 2009 5952 tomus
2037 5899 2182 5951 alter.

2427 4786 2613 4823 eorum
2634 4786 2753 4840 qum
2774 4769 3278 4855 patravitiJaannes,
3295 4778 3416 4824 Orto
3446 4773 3587 4825 inter
3610 4772 3762 4840 ipsos
3781 4775 4010 4830 rlissid‘o

2430 4861 2649 4943 Epheso.
2674 4862 3065 4916 discesserunt.
3101 4862 3359 4931 Factique
3392 4874 3519 4917 sunt
3543 4865 3678 4917 socii
3714 4864 3934 4934 Cyrilli.
3959 4877 4009 4919 et

2427 4956 2730 5009 Orientales
2747 4965 2927 5024 partes
2942 4958 3082 5019 duae,
3107 4956 3247 5009 inter
3262 4971 3397 5023 quas
3417 4957 3846 5011 intercesserunt
3865 4960 3906 5011 ri
3918 4973 4007 5011 sat.

2501 5050 2565 5100 At
2600 5064 2707 5101 non
2744 5048 2954 5102 destitit
2996 5046 3341 5101 Theodosius
3374 5063 3467 5099 rex
3506 5048 3679 5101 donec
3712 5050 3863 5102 inter
3886 5050 4005 5103 illos

2430 5157 2615 5208 pacem
2650 5141 2989 5195 conciliaret.
3027 5140 3383 5207 Scripserunt
3405 5154 3537 5207 ergo
3568 5138 3887 5194 Orientales
3940 5142 4001 5194 li-

2427 5229 2623 5282 bellum
2652 5229 2705 5280 in
2743 5242 2850 5296 quo
2874 5226 3189 5282 asserebant
3220 5236 3466 5279 sanctam
3486 5225 3707 5279 Mariam
3731 5225 4006 5297 Virginem

2429 5322 2591 5375 Deum
2617 5330 2670 5374 et
2693 5320 2976 5373 Dominum
3007 5328 3253 5373 nostrum
3277 5318 3461 5373 Jesum
3487 5318 3680 5388 9-11
3719 5320 4002 5373 Christum

2428 5414 2723 5483 peperisse,
2758 5413 2850 5479 qui
2888 5411 3132 5476 ejusdem
3174 5419 3259 5464 est
3291 5424 3413 5463 cum
3446 5409 3603 5463 Patre
3635 5424 3741 5463 suo
3776 5418 4001 5469 naturae.

2427 5506 2787 5574 ejusdemque
2842 5519 2967 5557 cum
3021 5502 3336 5556 hominibus
3377 5500 3556 5569 quoad
3608 5501 4003 5555 humanitatem

2431 5606 2673 5654 natura;
2707 5594 2845 5646 duas
2885 5593 3046 5645 etiam
3092 5602 3318 5643 naturas
3352 5587 3589 5642 confessi
3638 5596 3792 5651 sunt,
3829 5600 3882 5640 et
3915 5590 4005 5656 by-

2432 5686 2673 5755 postasiu
2720 5700 2904 5747 unam,
2945 5698 3217 5750 unamque
3264 5695 3577 5749 personam,
3626 5688 3680 5731 et
3716 5679 4004 5731 anathema

2432 5784 2485 5835 iu
2534 5776 2852 5833 Nestorium
2905 5773 3321 5829 denuntiarunt.
3358 5770 3603 5838 Eumque
3633 5767 3882 5822 libellum
3918 5780 4005 5837 per
