4200 6432
251 450 385 508 1033

1668 449 2029 511 ANNAIJZS.

3332 460 3468 527 i034

244 557 472 610 Paulum
504 558 897 627 metropolitani
928 558 1290 612 tlamesannm
1319 558 1385 610 ad
1419 561 1675 629 Cyrillum
1708 574 1802 626 pa-
1838 569 1877 616 Α
1913 571 2092 627 utpote
2127 581 2248 617 cum
2293 564 2470 627 l’ater,
2516 566 2669 635 juxta
2705 570 2873 637 ipsos,
2904 574 3150 640 genuerit
3197 576 3385 641 Deum,
3416 594 3468 636 at

246 646 543 700 triarcham
594 648 1019 701 Alexandrinum
1086 649 1351 703 miserunt
1405 665 1418 702 :
1463 667 1623 720 quem
1678 666 1799 702 cum

248 736 551 804 accepisset
581 748 740 806 atque
775 739 1088 807 pertegisset
1122 738 1374 810 Cyrittus,
1413 756 1533 793 cum
1570 742 1705 809 ipsis
1737 740 1800 793 de

245 826 409 881 rebus
444 828 494 880 in
521 843 586 881 eo
618 830 888 883 contentis
919 830 1266 883 consentiens
1291 830 1390 883 hoc
1421 831 1526 886 illis
1558 831 1701 900 quod
1737 833 1800 884 ad

244 934 369 971 cum
404 934 727 987 responsum
756 921 992 975 reddidit
1024 941 1037 976 :

316 1010 577 1062 liamdem
610 1027 708 1080 ego
738 1027 897 1078 quam
932 1028 1027 1068 vos
1064 1014 1116 1066 in
1167 1014 1349 1070 libello
1390 1024 1569 1068 vestro
1602 1016 1804 1070 descri-

242 1101 433 1165 psistis
467 1101 623 1156 tidem
653 1106 982 1171 amplector;
1016 1115 1176 1173 atque
1215 1108 1315 1161 hoc
1343 1114 1500 1173 pacto
1531 1106 1630 1161 fuit
1666 1108 1804 1161 inter

246 1190 507 1257 Cyrillum
555 1201 608 1244 et
649 1191 947 1246 Orientales
977 1195 1287 1248 concordia.
1318 1194 1471 1259 Quod
1516 1208 1690 1249 autem
1724 1198 1804 1248 di-

246 1294 379 1334 cunt
427 1285 670 1336 nonnulli
704 1285 963 1353 Cyrillum
1004 1301 1127 1339 cum
1162 1287 1400 1339 libellum
1442 1288 1801 1342 Orientalium

240 1374 550 1440 accepisset
574 1376 748 1443 ipsum
778 1376 1131 1445 improbasse,
1162 1392 1262 1430 nec
1290 1379 1490 1433 dixisse
1525 1382 1658 1433 duas
1702 1396 1803 1433 na—

243 1472 395 1514 turas
424 1473 475 1515 et
512 1464 844 1532 hypostasim
878 1482 1062 1528 unam,
1085 1468 1137 1518 in
1173 1481 1238 1520 eo
1267 1467 1383 1520 t'alsi
1422 1476 1568 1521 sunt.
1604 1467 1804 1522 Omnes

242 1554 385 1605 enim
435 1552 621 1619 Cyr-illi
672 1555 793 1608 libri
865 1556 996 1609 illud
1052 1557 1253 1613 diserte
1310 1568 1581 1612 asserunt.
1640 1560 1803 1615 Porro

240 1643 549 1696 transmisit
588 1645 827 1714 Cyrillus
857 1647 1129 1715 exemplar
1157 1649 1319 1701 libelli
1349 1650 1703 1703 Orientalium
1737 1651 1799 1704 ad

239 1732 525 1800 Hilarium,
551 1738 866 1805 episcopum
889 1738 1036 1792 urbis
1064 1738 1331 1804 Corinthi,
1358 1750 1408 1793 et
1430 1742 1493 1793 ad
1523 1743 1800 1805 Acacium,

239 1826 556 1894 episcopum
600 1826 970 1890 Malatensem,
1005 1838 1060 1884 et
1095 1831 1162 1882 ad
1197 1831 1334 1885 alios
1367 1832 1647 1902 cpisc0pos
1679 1836 1798 1901 plu-
1837 1876 1879 1930 Β
1909 1839 2202 1915 [exemplo]

238 1932 347 1979 res,
401 1919 664 1973 certiores
716 1921 838 1977 illos
894 1923 1098 1977 faciens
1149 1921 1447 1979 Orientales
1505 1926 1571 1978 ad
1624 1940 1801 1977 veram

241 2007 397 2059 ﬁdem
433 2010 683 2072 rediisse,
716 2027 890 2081 neque
922 2013 1179 2068 Nestorio
1213 2030 1497 2072 assensum
1542 2015 1801 2083 prmhcre,
1875 2019 1886 2033 ‘

238 2112 429 2150 rerum
482 2101 808 2155 sententiam
843 2104 1098 2171 amplecti
1152 2106 1371 2158 concilii
1420 2106 1642 2158 secundi
1690 2107 1805 2174 epi-

238 2203 530 2257 scoporum
565 2203 781 2245 centum
818 2195 1233 2261 quinquaginta,
1280 2195 1371 2264 qui
1409 2194 1802 2250 Constantium

240 2281 768 2347 poti-convenientes
805 2283 1125 2339 Macedonio
1169 2274 1588 2343 tnaledixeritnt.
1622 2288 1739 2342 Jam
1773 2306 1801 2342 a

235 2371 472 2422 concilio
517 2374 779 2436 secundo,
824 2370 967 2444 quod
1019 2376 1279 2442 diximus,
1327 2379 1392 2431 ad
1442 2383 1661 2434 tertium
1702 2382 1803 2435 hoc

234 2461 527 2514 concilium
592 2465 692 2532 12
747 2466 1127 2535 episcoporum
1182 2470 1545 2525 ducentorum
1599 2472 1687 2539 qni
1750 2472 1802 2524 in

236 2552 371 2605 urbe
406 2552 604 2619 Ephesi
640 2559 949 2625 congregati
990 2568 1117 2612 sunt
1147 2570 1199 2614 et
1224 2559 1536 2615 Nestorium
1580 2564 1802 2640 anathe-

237 2644 368 2694 mati
432 2647 789 2711 devoverent,
843 2650 970 2701 anni
1011 2662 1140 2704 sunt
1186 2652 1580 2721 quinquaginta
1636 2641 1799 2719 imus,
1845 2689 1851 2694 -

237 2715 401 2800 idque
434 2750 575 2789 anno
618 2738 766 2806 regni
800 2738 1092 2793 Theodosii
1134 2739 1403 2811 Junioris,
1456 2746 1799 2823 imperatoris

234 2823 608 2880 Romanorum
644 2831 905 2883 vicesimo
942 2832 1140 2898 primo.
1177 2833 1461 2888 Nestorins
1494 2850 1675 2890 autent
1711 2839 1798 2892 ubi

230 2920 424 2983 pulsus
457 2919 633 2972 fuerat
676 2920 969 2990 Aigyptum
1006 2928 1254 2991 tendens,
1297 2926 1350 2980 in
1402 2944 1462 2981 ea
1494 2931 1612 2998 ejus
1648 2941 1800 2999 parte

231 3025 355 3073 quae
391 3009 521 3062 Said
554 3011 778 3075 dicitur,
823 3014 943 3068 loco
976 3016 1224 3069 Echmim
1258 3020 1547 3086 appellato,
1594 3031 1797 3089 septem

227 3116 407 3154 annos
454 3104 713 3165 substitit,
756 3105 879 3158 dein
925 3118 1176 3161 mortuus
1224 3121 1327 3171 est,
1368 3126 1432 3162 ac
1466 3114 1710 3178 sepultus
1740 3114 1794 3167 in

230 3193 349 3243 vico
398 3192 599 3247 Saklan
648 3196 818 3259 dicto,
853 3199 905 3249 in
950 3213 1059 3266 quo
1091 3209 1255 3253 aestus
1307 3201 1494 3270 ingens
1543 3204 1793 3271 contigit,
1824 3200 1865 3257 C
1907 3192 2084 3283 ipsum
2120 3232 2333 3287 pareret
2378 3233 2429 3277 οι
2469 3226 2717 3292 laniaret,
2754 3244 2807 3284 ρι

228 3298 293 3335 ac
330 3284 602 3352 prmeipue
637 3288 689 3338 in
726 3288 863 3340 valle
908 3289 961 3341 in
998 3306 1104 3357 qua
1150 3291 1263 3358 ipse
1298 3300 1542 3359 sepultus
1596 3295 1795 3361 fuerat,

229 3380 366 3428 adeo
400 3385 459 3428 ut
493 3392 650 3430 nemo
698 3378 751 3429 in
781 3394 843 3432 ea
881 3379 1136 3433 incedere
1170 3382 1249 3435 vel
1280 3399 1375 3449 per
1408 3400 1526 3437 eam
1564 3390 1797 3443 transire

230 3475 478 3534 tempore
530 3469 719 3521 testivo
765 3480 968 3537 posset.
1005 3474 1183 3540 Atque
1242 3475 1313 3528 ita
1361 3476 1667 3532 oblitterata
1715 3492 1797 3535 cst

234 3560 508 3609 sententia
556 3557 791 3612 Nestorii
839 3561 1011 3615 donec
1059 3563 1207 3615 illam
1256 3568 1417 3635 longo
1463 3576 1585 3636 post
1618 3571 1793 3639 ipsum

228 3650 492 3719 temporis
526 3652 701 3719 Spatio
733 3654 1082 3706 resuscitaret
1136 3653 1395 3710 Barsuma
1451 3664 1795 3730 metmpotita

226 3741 595 3797 Nisibinensis
636 3752 881 3812 tempore
912 3744 1111 3799 Justini
1142 3745 1514 3805 Romanorum
1558 3753 1798 3823 impera«

224 3836 361 3889 toris
391 3843 447 3887 et
478 3834 682 3888 Kobadi
704 3836 927 3890 Phiruzi
964 3836 1054 3892 ﬁlii
1091 3840 1235 3909 regis
1282 3839 1569 3896 Persarum
1602 3887 1616 3908 ,
1646 3862 1796 3900 eam-

226 3941 332 3993 que
358 3928 411 3979 in
438 3927 681 3987 Oriente.
712 3942 775 3982 ac
804 3932 1072 3999 prtecipue
1098 3935 1237 3998 apud
1266 3934 1556 3989 Persarum
1588 3938 1795 3996 incolas

223 4023 500 4067 astrueret
529 4031 543 4079 ;
574 4016 715 4067 unde
748 4026 830 4069 est
862 4018 1009 4085 quod
1054 4023 1209 4075 multi
1245 4025 1356 4078 sint
1396 4023 1709 4082 Nestoriani
1743 4031 1793 4084 in

224 4104 472 4167 Oriente,
501 4104 706 4159 scilicet
738 4106 908 4171 lraco,
935 4110 997 4162 At
1031 4110 1224 4180 Musat,
1260 4115 1403 4170 circa
1440 4117 1791 4188 Euphratem,

227 4204 279 4247 ct.
326 4196 382 4246 in
417 4194 829 4264 MeSOpotamia,
864 4199 957 4267 qui
1005 4187 1315 4258 Nestoriani
1353 4210 1608 4275 appellati
1642 4220 1792 4276 sunt,

226 4286 389 4338 titulo
422 4301 452 4337 a
482 4285 718 4340 Nestorii
763 4290 983 4345 nomine
1020 4292 1277 4350 deducto.
1324 4296 1453 4353 Post
1482 4298 1793 4358 Nestorium

229 4378 568 4432 constitutus
618 4385 699 4431 est
734 4380 1007 4436 Maximus
1062 4388 1372 4452 patriarcha
1407 4390 1796 4449 Constantino-

227 4471 530 4537 politanus,
558 4469 649 4539 qui
684 4482 793 4525 tres
834 4488 1007 4529 annos
1039 4477 1198 4540 sedit,
1228 4480 1354 4533 dein
1397 4492 1645 4539 mortuus
1678 4498 1793 4554 est;

226 4560 461 4627 ipsoque
488 4560 727 4614 nondum
762 4564 975 4631 sepulto
1011 4565 1186 4622 factus
1214 4579 1297 4623 est
1326 4573 1559 4631 Proetus
1592 4578 1793 4633 ibidem

228 4651 566 4718 patriarcha,
607 4655 701 4721 qui
733 4669 899 4723 super
926 4654 1160 4713 Maximo
1192 4664 1392 4729 oravit,
1442 4681 1675 4737 eumque
1710 4689 1797 4727 se-

227 4743 455 4810 petivit;
485 4758 720 4812 cumque
752 4756 873 4813 post
911 4748 1086 4816 ipsum
1131 4752 1389 4807 tredecim
1422 4770 1595 4813 annos
1624 4766 1797 4818 sedis-

225 4844 330 4895 set,
364 4842 612 4887 mortuus
647 4844 749 4888 est.
778 4882 787 4889 .

296 4921 483 4990 inquit
525 4922 677 4987 Said,
726 4923 938 4992 patricii
994 4927 1234 4999 13-15
1283 4932 1449 5000 titius,
1487 4938 1728 4995 medicus
1778 4961 1790 4996 :

228 5011 423 5066 Visum
457 5025 537 5066 est
572 5015 704 5068 mihi
741 5016 844 5069 hoc
876 5016 996 5070 libri
1032 5022 1134 5073 mei
1170 5022 1329 5078 istius
1370 5027 1489 5081 loco
1520 5028 1796 5088 Nestoria-

225 5104 311 5157 nis
344 5118 672 5170 responsum
700 5106 948 5173 reddere,
976 5118 1027 5161 et
1055 5117 1340 5169 sententiae
1371 5118 1610 5187 ipsorum
1641 5128 1793 5182 falsi-

224 5202 397 5247 tatem
433 5204 595 5262 atque
626 5196 1019 5252 absurditatem
1060 5201 1455 5271 demonstrare,
1489 5227 1610 5266 eum
1641 5234 1794 5271 error

224 5287 316 5347 sit,
346 5284 564 5354 ipsique
601 5295 839 5355 tempore
880 5290 984 5345 hoc
1030 5303 1219 5348 nostro
1254 5312 1281 5349 a
1312 5298 1548 5357 Nestorii
1581 5310 1789 5376 antiqui

222 5377 389 5431 dictis
415 5378 469 5430 in
499 5377 774 5432 diversum
807 5379 1080 5448 abierunt,
1109 5396 1455 5445 autumantes
1480 5393 1789 5455 Nestorium

225 5469 533 5522 asseruisse
570 5469 851 5525 Christum
882 5474 1017 5527 duas
1040 5479 1377 5536 substantias
1410 5499 1471 5537 ac
1501 5488 1639 5546 duas
1673 5510 1791 5560 per-

224 5578 395 5617 sonas
422 5576 570 5626 esse,
597 5562 764 5618 Deum
791 5568 1085 5634 perfectum
1118 5570 1169 5625 in
1206 5590 1437 5643 persona
1462 5592 1512 5633 et
1538 5588 1791 5642 substan-

223 5656 296 5706 tia
335 5670 457 5719 sua,
499 5665 662 5725 atque
705 5659 981 5715 hominem
1033 5667 1331 5731 perfectum
1378 5673 1431 5725 in
1472 5690 1705 5743 persona
1738 5694 1788 5735 et

220 5748 530 5803 substantia
564 5766 685 5813 sua,
725 5767 789 5805 ac
832 5751 1056 5809 Mariam
1091 5764 1369 5826 peperisse
1400 5766 1678 5825 Christum
1724 5794 1785 5829 ex

225 5850 380 5907 parte
412 5843 793 5910 humanitatis,
846 5863 950 5901 non
997 5865 1061 5904 ex
1102 5864 1260 5927 parte
1292 5859 1595 5924 divinitatis
1640 5888 1779 5942 sum;

581 5943 848 6009 PATROL.
900 5950 1012 6010 Cn.
1063 5951 1214 6013 CXI.

1910 666 2016 705 non
2054 654 2320 709 hominem
2353 675 2365 723 ;
2395 659 2559 711 Maria
2582 676 2708 714 vero
2741 663 3008 719 lmtninem
3037 672 3330 737 pepererit,
3363 690 3467 727 non

1908 753 2085 794 autem
2122 744 2303 799 lleuIn.

1981 834 2202 890 Dicetur
2250 855 2380 909 ergo
2429 845 2536 897 illis
2595 866 2607 899 :
2654 847 2708 901 Si
2741 848 2813 902 ita
2840 865 2928 903 res
2954 866 3013 906 se
3033 853 3231 909 habeat
3269 859 3346 911 uti
3380 875 3473 910 \OS

1908 926 2109 991 dicitis,
2151 932 2257 984 erit
2301 932 2550 990 Christus
2619 941 2727 993 duo
2768 942 3006 1005 Christi,
3060 945 3276 1014 duoque
3325 948 3468 1003 Filii.

1909 1017 2023 1071 Erit
2069 1036 2197 1089 ergo
2243 1022 2495 1080 Christus
2548 1028 2689 1083 Deus
2740 1048 2922 1097 verus,
2986 1041 3040 1088 ct
3090 1036 3264 1090 Filius
3312 1054 3470 1094 verus

1912 1107 2074 1176 Deus,
2124 1121 2178 1167 et
2224 1116 2473 1171 Christus
2533 1134 2692 1173 verus
2749 1123 2930 1187 homo,
2985 1137 3037 1179 et
3089 1127 3263 1183 Filius
3310 1145 3471 1184 verus

1912 1198 2095 1265 homo,
2132 1220 2254 1257 cum
2308 1212 2618 1263 necessario
2658 1210 2945 1267 dicendum
2994 1219 3062 1271 sit
3116 1221 3197 1273 vel
3244 1220 3468 1276 Mariam

1912 1295 2186 1360 peperisse
2218 1296 2511 1365 Christum,
2542 1305 2621 1357 vel
2664 1321 2769 1359 non
2807 1309 3099 1375 peperisse.
3137 1311 3192 1365 Si
3240 1317 3470 1382 peperit,

1912 1389 2225 1440 necessario
2253 1390 2356 1442 erit
2386 1405 2571 1459 partus
2596 1399 2677 1451 vel
2711 1399 3013 1466 spirituatis
3039 1404 3121 1457 vel
3148 1410 3466 1474 corporalis;

1910 1477 1955 1531 si
1989 1481 2317 1547 corporalis,
2350 1484 2491 1538 alius
2524 1488 2626 1541 erit
2658 1488 2726 1540 ab
2766 1505 2830 1543 eo
2863 1506 3023 1557 quem
3063 1496 3253 1562 genuit
3292 1498 3469 1561 Pater,

1909 1570 2052 1625 unde
2083 1578 2395 1630 necessario
2423 1588 2681 1646 sequetur
2704 1582 2837 1634 duos
2868 1599 2986 1639 csse
3013 1586 3259 1641 Christos
3288 1607 3301 1654 ;
3326 1593 3471 1657 quod

1908 1662 1952 1713 si
2004 1664 2303 1731 spiritualis
2352 1667 2541 1734 fuerit,
2592 1672 2695 1726 crit
2739 1674 2991 1731 Christus
3039 1681 3206 1735 Filius
3244 1699 3385 1735 unus
3418 1698 3471 1739 et

1908 1751 2146 1805 Persona
2198 1772 2344 1823 una,
2404 1769 2457 1813 ct
2511 1760 2763 1819 Christus
2828 1783 2989 1821 lttlltS.
3055 1770 3320 1827 Probatur
3371 1779 3474 1830 hoc

2251 1848 2464 1905 lamina:
2498 1852 2683 1908 terrete
2734 1858 2821 1910 cui
2858 1862 3044 1914 unitur
3089 1864 3248 1931 ignis,
3287 1878 3471 1936 utpote

1906 1944 2028 1998 qua:
2074 1933 2144 1985 sit
2178 1936 2388 2003 gladius
2440 1956 2581 1996 unus
2622 1947 2714 2013 qui
2762 1956 2815 2000 et
2850 1961 2986 2015 urat,
3037 1964 3089 2007 et
3136 1933 3367 2021 scindat,
3418 1975 3470 2013 et.

1907 2021 2104 2089 luceat,
2131 2035 2184 2081 et
2220 2042 2504 2097 coruscet;
2544 2051 2639 2089 nec
2668 2042 2891 2095 concedi
2929 2046 3030 2114 16
3057 2057 3231 2114 potest
3260 2062 3465 2117 partem

1906 2115 2138 2171 ferream
2181 2135 2297 2173 eam
2329 2128 2451 2177 edse
2494 2142 2612 2194 qua:
2650 2131 2775 2195 urit,
2818 2141 2871 2186 et
2909 2134 3070 2199 lucet,
3104 2155 3225 2192 cum
3261 2142 3463 2197 ferrum

1906 2209 1991 2259 cui
2027 2225 2129 2262 non
2173 2211 2312 2267 inest
2360 2215 2499 2282 ignis
2544 2234 2651 2272 non
2702 2233 2860 2288 urat;
2896 2240 3069 2294 neque
3103 2241 3308 2295 partem
3338 2250 3466 2287 can-

1906 2301 2119 2353 dentem
2150 2319 2271 2372 quae
2305 2306 2674 2376 secat‘ignem
2724 2329 2868 2380 esse,
2918 2333 3042 2372 cum
3092 2324 3234 2390 ignis
3272 2337 3464 2381 natura

1906 2402 2003 2443 soa
2051 2391 2225 2446 lneeat
2272 2405 2325 2449 et
2363 2408 2507 2453 urat.
2557 2403 2733 2470 Atque
2784 2405 2887 2459 hoc
2940 2407 3233 2485 [exempto]
3277 2433 3464 2473 verum

1905 2497 2027 2534 esse
2077 2496 2294 2539 constat
2341 2498 2393 2541 et
2442 2492 2795 2548 conﬁrmatur
2837 2502 2979 2567 quod
3021 2508 3337 2571 proﬁtemur
3367 2527 3467 2567 nos

1908 2571 2196 2638 Melchitre,
2246 2577 2520 2632 Christum
2568 2598 2691 2637 esse
2732 2602 2889 2640 unam
2942 2606 3253 2662 personam,
3296 2599 3463 2653 Deum

1905 2664 2222 2730 perfectum,
2267 2654 2654 2742 hominemque
2705 2679 3029 2747 perfectum,
3070 2694 3121 2738 et
3155 2690 3466 2747 confutatur

1907 2757 2049 2824 quod
2084 2772 2333 2813 asserunt
2372 2763 2701 2832 Nestoriani,
2733 2785 2856 2825 esse
2898 2775 3174 2831 Christum
3205 2797 3464 2851 personas

1902 2848 2058 2903 duas.
2095 2850 2234 2914 Quin
2275 2855 2440 2908 etiam
2477 2858 2583 2911 diei
2619 2862 2723 2914 illis
2751 2867 2967 2931 poterit,
3010 2870 3174 2925 dicite
3205 2848 3364 2930 nobis
3396 2880 3463 2931 de

1906 2938 2240 2996 immanitate
2264 2948 2349 2997 cui
2382 2950 2531 3000 unita
2565 2962 2648 3005 est
2682 2954 2959 3022 divinitas,
2992 2970 3153 3029 atque
3181 2969 3458 3023 nominata

1902 3043 1984 3085 est
2026 3034 2282 3093 Christus
2325 3039 2455 3112 [An]
2507 3060 2612 3097 non
2662 3048 2888 3102 desierit
2933 3069 3050 3108 esse
3093 3059 3363 3114 Christum
3395 3082 3460 3117 ex

1899 3141 2009 3193 quo
2052 3127 2214 3183 fuerit
2244 3133 2293 3183 in
2338 3143 2490 3189 utero
2531 3139 2718 3192 matris
2752 3156 2865 3195 sua:
2906 3144 3085 3200 Marire
3121 3166 3290 3219 usque
3332 3157 3458 3208 dum

2851 3235 3164 3304 adoleverit,
3204 3252 3255 3295 et
3286 3251 3461 3300 cruci~

1906 3307 2061 3368 ﬁxus,
2105 3320 2157 3363 ct
2213 3327 2404 3378 passus
2444 3317 2648 3371 fuerit?
2679 3324 2757 3374 An
2808 3323 2981 3379 donec
3025 3331 3243 3398 triginta
3288 3351 3459 3390 annus

1903 3402 2217 3468 compleret,
2258 3405 2419 3458 fuerit
2470 3425 2610 3463 unus
2662 3428 2723 3464 ex
2782 3432 3006 3473 nurnero
3059 3423 3360 3492 hominum,
3399 3446 3461 3483 ac

1904 3499 2013 3543 tum
2048 3493 2263 3547 demum
2297 3498 2484 3552 unitus
2518 3499 2679 3555 fuerit
2710 3506 3056 3575 humanitati,
3093 3528 3154 3567 ac
3185 3516 3361 3571 factus
3388 3525 3460 3576 sit

1901 3579 2170 3635 Messias?
2225 3584 2379 3649 Quod
2432 3589 2475 3641 si
2530 3591 2762 3647 dixerint
2812 3612 2917 3651 non
2968 3601 3135 3659 fuisse
3183 3607 3457 3665 Christum

1900 3672 2141 3740 quandiu
2180 3672 2279 3727 fuit
2333 3677 2384 3729 in
2425 3692 2579 3732 nlcro
2630 3685 2821 3739 matris
2863 3703 2974 3742 sua:
3024 3692 3224 3760 Mariae,
3276 3713 3457 3752 verum

1899 3762 2119 3816 Mariam
2162 3770 2436 3833 peperisse
2484 3770 2780 3836 hominem,
2828 3793 2891 3830 ac
2934 3780 3110 3847 ipsum
3158 3786 3329 3840 donec
3361 3793 3461 3844 tri-

1897 3854 2043 3923 ginta
2078 3871 2250 3910 annos
2278 3860 2576 3928 compleret
2604 3880 2769 3917 unum
2814 3866 2987 3924 fuisse
3015 3888 3079 3925 ex
3120 3875 3455 3944 hominibus,

1899 3944 2094 4000 deinde
2129 3950 2334 4029 nullam
2371 3951 2538 4007 fuisse
2573 3955 2913 4013 divinitatem
2948 3977 3072 4018 cum
3104 3968 3459 4034 immanitate,

1899 4051 1960 4089 ac
1993 4036 2191 4091 factum
2233 4042 2400 4096 fuisse
2435 4044 2729 4113 Christum,
2767 4062 2910 4105 certe
2954 4061 3275 4114 sententiam
3307 4078 3460 4117 suam

1898 4139 2272 4195 astruxerunt,
2308 4144 2362 4217 at
2392 4135 2684 4206 Erangetio
2717 4145 3056 4201 mendacium
3097 4151 3456 4222 intpegerunt.

1900 4236 1998 4275 nec
2044 4238 2148 4275 non
2194 4208 2391 4292 Paulo,
2449 4232 2814 4303 omnibusque
2860 4253 2996 4307 quos
3042 4241 3284 4300 Ecclesia
3326 4254 3455 4303 rcci-

1899 4314 1977 4380 pit
2032 4314 2209 4374 libris.
2241 4326 2294 4369 et
2347 4334 2375 4371 a
2426 4326 2694 4377 sententia
2745 4328 3049 4386 Christiana
3097 4351 3461 4395 recesserunt.

1901 4404 1995 4456 Sin
2046 4406 2284 4459 dixerint
2328 4410 2667 4467 divinitatem
2723 4419 3043 4476 hurnanitati
3089 4430 3294 4482 unitam
3332 4434 3462 4502 17-

1905 4494 2008 4563 19
2040 4496 2206 4550 fuisse
2235 4498 2362 4551 dum
2400 4501 2579 4557 adhuc
2615 4505 2667 4558 in
2707 4516 2859 4563 utero
2893 4502 3223 4585 gestarettir,
3264 4494 3463 4590 ips—uin-

1898 4603 2003 4654 que
2035 4587 2194 4658 [tum]
2238 4589 2513 4646 Christum
2568 4595 2759 4661 fuisse,
2808 4616 2871 4654 ac
2908 4604 2959 4655 in
2992 4587 3459 4677 tttero.gestattrnt

1898 4679 2087 4747 fuisse;
2124 4699 2185 4735 ac
2218 4694 2400 4739 natum
2438 4696 2491 4742 et
2524 4693 2811 4746 educatum
2847 4697 3018 4752 donec
3053 4704 3461 4774 cruciﬁgeretur

1898 4782 1950 4825 et
1982 4773 2398 4841 interﬁceretur,
2426 4789 2533 4833 tum
2568 4786 2894 4841 conﬁtentur
2922 4789 3144 4846 Mariam
3184 4795 3457 4867 Virginem

1900 4869 2178 4936 peperisse
2242 4870 2434 4937 Deum,
2489 4872 2765 4929 Christum
2816 4894 3005 4945 unum,
3065 4892 3119 4937 et
3171 4902 3456 4955 personam

1898 4973 2083 5014 unam.

1969 5035 2183 5104 Dicetur
2206 5066 2397 5109 rursus
2430 5056 2538 5109 illis
2567 5074 2578 5109 :
2614 5058 2843 5122 Quando
2872 5066 3081 5121 unitum
3116 5081 3196 5124 cst
3228 5078 3452 5131 verbum

1898 5143 2146 5196 homini?
2178 5156 2303 5200 ante
2332 5157 2571 5215 partum,
2614 5161 2704 5203 aut
2731 5165 3019 5225 antequam
3053 5166 3454 5233 conciperetur,

1899 5248 1966 5287 an
2001 5246 2274 5289 momento
2324 5241 2557 5305 partus?
2586 5241 2739 5306 Quod
2778 5246 2821 5297 si
2861 5249 3119 5317 dixerint,
3160 5270 3283 5311 ante
3331 5278 3455 5328 par—

1896 5334 2010 5379 tum
2043 5343 2057 5380 :
2091 5342 2419 5395 reponemus
2453 5332 2562 5386 illis
2595 5351 2608 5385 :
2639 5335 2773 5388 Num
2808 5350 2933 5394 ante
2974 5354 3213 5411 partum,
3246 5362 3299 5403 et
3331 5364 3453 5405 ant.-

1894 5421 2344 5487 conceptionem?
2377 5433 2469 5477 aut
2517 5435 2641 5480 ante
2687 5439 2901 5496 partum
2937 5448 3220 5505 postquam
3254 5459 3452 5498 conce-

1894 5520 2014 5579 ptus
2042 5512 2168 5564 est?
2202 5514 2354 5577 Quod
2394 5518 2437 5569 si
2490 5518 2745 5582 dixerint,
2794 5532 2906 5576 tum
2948 5536 3072 5581 autc
3115 5535 3451 5589 nat.\'it.:tem

1892 5618 2017 5656 cum
2071 5615 2195 5659 ante
2227 5612 2659 5677 conceptionem,
2706 5624 2988 5670 autumant
3038 5622 3247 5677 unitum
3285 5628 3453 5684 fuisse

1894 5695 2069 5763 ipsum
2110 5706 2400 5766 antequam
2437 5712 2582 5755 esset
2616 5704 2794 5769 homo,
2828 5719 2876 5760 et
2913 5719 3200 5779 antequam
3251 5718 3452 5773 forma-

1892 5800 2064 5854 retur,
2121 5803 2167 5843 ct
2235 5802 2521 5861 antequam
2575 5812 2943 5867 nasceretur;
2996 5822 3118 5872 qua:
3174 5812 3216 5862 si
3267 5814 3339 5867 ila
3396 5830 3453 5867 Se

1896 5882 2129 5939 habeant
2152 5885 2505 5944 absurditatis
2529 5893 2774 5959 arguitur
2807 5903 3079 5952 sententia
3104 5900 3453 5963 Nestorianc-

2921 5994 2997 6051 33
