4200 6432
703 452 839 515 1025

1712 441 2073 503 Eii'l'i'tlllll
2122 439 2636 497 \iiiX-LVDIUXI
2686 442 2876 499 l’.-\T|{

3787 434 3924 496 103i}

698 584 839 628 tum,
878 578 985 631 qui
1052 562 1307 615 [liternus
1364 558 1550 613 unitus
1614 557 1780 611 fuerit
1832 554 2033 606 homini
2087 567 2146 605 se
2198 569 2257 603 (Α
2295 559 2338 611 Λ
2369 562 2417 603 et
2457 554 2775 607 conﬁrmata
2831 553 3031 607 vetitas
3077 553 3196 621 ejus
3240 551 3381 621 quod
3430 550 3749 619 protiteutur
3792 544 3926 598 Μει-

698 664 847 725 parte
878 663 1082 707 tantum
1136 652 1207 703 ita
1264 650 1506 704 habenti.
1593 647 1762 700 llumo
1808 645 1952 697 enim
1992 659 2055 696 ex
2109 652 2257 709 parte

696 750 775 799 sic
804 760 863 800 se
904 742 1106 796 habens
1139 740 1261 795 talis
1291 740 1393 792 lttit
1423 754 1546 791 cum
1587 738 1757 788 forma
1795 736 2032 786 humana
2070 732 2261 783 indue-

698 851 875 899 retur;
914 835 1053 886 unde
1088 846 1313 885 necesse
1342 842 1423 882 est
1448 828 1554 881 illis
1586 836 1645 878 ut
1676 833 1963 877 autument
2003 821 2258 875 divinita-

701 938 807 980 tem
847 929 1045 987 solam,
1087 940 1209 975 cum
1242 919 1578 974 humanitate
1606 916 1777 970 fuisse
1810 930 2001 967 novem
2045 924 2261 964 nienses
2309 943 2315 953 ι

693 1029 787 1072 aut
822 1018 1044 1071 circiter
1077 1016 1145 1069 ab
1171 1014 1330 1067 initio
1357 1009 1753 1078 conceptioiiis,
1781 1024 1886 1060 tina
1920 1019 2042 1056 eum
2070 1003 2259 1056 eadem
2286 1026 2294 1031 -

694 1123 924 1163 manens
966 1110 1018 1159 in
1065 1106 1185 1158 loco
1218 1116 1325 1171 quo
1358 1102 1560 1169 gestari
1611 1099 1751 1152 Solet
1795 1097 2025 1155 inl‘ans;
2065 1090 2263 1143 deinde

694 1208 853 1261 simul
892 1213 1043 1255 natas
1079 1199 1293 1261 fuisse;
1327 1196 1471 1264 quod
1505 1190 1831 1245 contradicit
1882 1188 1957 1237 illi
1998 1184 2144 1253 quod
2183 1183 2266 1236 di-

693 1308 841 1359 cunt,
887 1293 1111 1346 Mariam
1144 1292 1419 1360 peperisse
1449 1288 1733 1339 Christum
1778 1297 1841 1335 ex
1892 1290 2043 1344 parte
2076 1280 2266 1330 huma-

684 1380 879 1439 iiitatis
938 1401 1070 1445 sum,
1134 1396 1240 1433 non
1299 1394 1365 1431 ex
1417 1385 1568 1445 parte
1623 1372 1928 1427 divinitatis
1975 1384 2105 1421 sum.
2171 1368 2264 1418 Sin

692 1476 948 1535 dixerint,
1004 1472 1209 1525 unitam
1259 1468 1429 1519 luisse
1473 1479 1598 1519 cum
1639 1479 1705 1518 eo
1748 1472 2035 1531 postquam
2072 1472 2267 1511 com-e-

694 1578 820 1637 ptns
852 1573 993 1621 esset
1036 1579 1098 1615 ac
1151 1561 1322 1614 iorma
1368 1559 1477 1627 20
1525 1555 1765 1626 perlecta
1808 1554 2070 1612 imlutus;
2112 1566 2265 1613 rege-

698 1674 881 1713 remus
909 1659 1042 1725 ipsis
1075 1674 1087 1708 :
1124 1653 1262 1706 Tum
1297 1654 1435 1705 Deus
1468 1653 1518 1701 in
1562 1658 1716 1702 utero
1751 1653 1997 1715 gestatus
2028 1651 2109 1694 est
2144 1652 2268 1693 ante

697 1761 958 1820 partum;
1002 1745 1145 1816 quod
1200 1746 1246 1797 si
1301 1741 1525 1795 concedi
1578 1739 1750 1807 possit
1797 1745 1950 1788 utero
1995 1740 2267 1801 gestatum

697 1845 895 1903 fuisse,
955 1838 1179 1892 concedi
1231 1836 1392 1889 etiam
1445 1841 1649 1902 potest,
1698 1830 1849 1882 nasci
1904 1827 2164 1895 potuisse.
2213 1820 2268 1873 Si

2362 646 2542 703 ehitre,
2572 644 2779 697 scilicet
2801 644 3019 697 Mariam
3052 644 3326 712 peperisse
3354 643 3540 705 Deum,
3567 653 3618 694 ct
3645 640 3920 693 Christum

2365 752 2554 799 unum,
2588 746 2641 789 et
2682 736 2850 790 ﬁlium
2884 751 3080 800 unum,
3106 748 3159 788 et
3195 750 3482 803 personam
3512 747 3695 785 unam.
3743 732 3926 797 lnquit

2364 827 2491 881 Said
2530 826 2749 881 Patricii
2781 828 2945 891 illius,
2976 827 3255 880 medicina:
3285 828 3563 879 studiosus
3592 841 3606 877 :
3635 823 3925 876 Autistites

2361 918 2589 981 erroris,
2622 916 2874 970 videlicet
2901 916 3210 977 Nestorius,
3252 913 3570 983 Eutychius,
3603 913 3924 969 Dioscorus,

2366 1010 2621 1074 Severus,
2656 1019 2709 1063 et
2737 1007 2974 1062 Jacobus
3008 1008 3373 1071 Baradiensis,
3400 1004 3508 1075 24
3530 994 3651 1058 cum
3681 1005 3925 1072 ipsorum

2364 1096 2694 1169 sequacibus
2729 1102 2960 1169 aliisque
3001 1099 3373 1164 heterodoxis,
3404 1101 3494 1165 qui
3559 1105 3804 1148 astruere
3832 1110 3928 1145 vu-

2368 1189 2583 1243 luerttnt
2636 1190 3057 1258 imaginationes
3089 1203 3217 1243 suas
3250 1204 3278 1240 a
3313 1189 3505 1241 timore
3555 1182 3647 1237 Dei
3698 1183 3931 1245 alienas,

2369 1292 2530 1351 atque
2581 1297 2610 1335 a
2670 1284 2752 1335 via
2791 1282 2881 1336 Dei
2926 1281 3264 1334 declinarunt
3305 1282 3457 1349 juxta
3502 1277 3782 1331 sententiae
3819 1290 3934 1329 suae

2369 1376 2711 1445 pravitatem.
2746 1374 2799 1427 in
2829 1374 2998 1427 Deum
3025 1372 3279 1433 audaces,
3301 1386 3547 1439 quosque
3578 1370 3731 1422 mala:
3762 1368 3935 1419 inten-

2372 1468 2548 1520 tiones
2577 1480 2688 1518 suae
2722 1470 2777 1517 et
2819 1472 3091 1532 corruptre
3135 1463 3494 1531 cogitationes
3541 1460 3675 1513 mari
3726 1456 3934 1512 erroris

2374 1557 2801 1626 ingurgitarunt,
2834 1556 2908 1608 illi
2945 1556 3214 1624 (inquam)
3258 1567 3451 1607 omnes
3483 1552 3608 1605 illos
3636 1552 3840 1620 quibus
3872 1563 3933 1602 se

2372 1652 2786 1703 immiscuerunt
2832 1662 3047 1701 errores
3102 1644 3378 1698 mordicus
3428 1645 3812 1707 retinuerunt,
3869 1655 3936 1693 eo

2372 1740 2515 1805 (μιυὰ
2553 1741 2864 1807 ignorarent
2889 1736 3141 1790 unionem
3174 1734 3477 1789 divinitatis
3509 1732 3724 1786 Domini
3762 1732 3935 1785 nostri

2374 1830 2570 1883 Christi
2605 1830 2743 1883 cum'
2766 1830 3103 1883 humanitate
3151 1827 3323 1895 ipsius
3351 1867 3366 1888 ,
3400 1828 3527 1881 dum
3562 1822 3942 1892 unusquisque

697 1937 935 1989 dixerint
984 1934 1239 1983 unionem
1289 1925 1489 1979 factam
1539 1932 1783 1990 tempore
1827 1920 2150 1977 nativitatis,
2183 1918 2263 1966 di-
2306 1913 2341 1966 Β
2375 1923 2615 1989 ipsorum
2646 1922 2697 1974 iu
2732 1922 2966 1989 aliquem
2999 1937 3028 1974 c
3065 1920 3295 1974 diversis
3329 1918 3599 1973 tnistionis
3633 1915 3807 1969 modis
3838 1916 3937 1966 im.

698 2028 872 2078 cimus
904 2040 916 2075 :
960 2020 1097 2074 Tum
1134 2033 1264 2086 ergo
1291 2016 1502 2086 peperit
1538 2014 1704 2067 Maria
1737 2012 1971 2064 Verbum
2006 2022 2113 2061 una
2146 2021 2268 2058 cum

699 2115 957 2176 homine;
994 2110 1229 2164 Verbum
1276 2117 1456 2159 autem
1501 2112 1611 2156 tum
1649 2102 1790 2168 apud
1842 2117 1943 2151 nos
1975 2108 2087 2149 tttm
2128 2092 2271 2161 apud

702 2224 797 2261 vos
830 2206 970 2259 Deus
1007 2211 1110 2257 cst.
1153 2200 1364 2267 Peperit
1397 2212 1526 2265 ergo
1566 2195 1730 2247 Maria
1786 2192 1973 2245 Dettm.
2023 2189 2078 2241 Si
2120 2187 2272 2240 dixe-

700 2303 830 2360 iint,
885 2298 959 2347 lia
1019 2304 1142 2355 est;
1197 2303 1521 2359 reponemus
1578 2304 1589 2340 :
1639 2288 1775 2338 Cum
1831 2281 2053 2335 concedi
2106 2265 2274 2347 possit

702 2391 851 2445 nasci
885 2387 1151 2458 potuisse,
1172 2399 1269 2437 cur
1294 2398 1403 2435 non
1427 2380 1780 2436 concedatur,
1809 2376 1860 2427 in
1890 2383 2043 2426 utero
2072 2369 2273 2440 gestari

708 2484 948 2538 noluisse
980 2482 1001 2531 ?
1027 2478 1182 2543 Quod
1216 2475 1260 2527 si
1287 2470 1680 2530 concesserint,
1709 2466 1820 2532 jam
1851 2463 2135 2517 sententia:
2166 2474 2277 2511 sua:

703 2577 1117 2631 \‘alwlixerunt,
1182 2571 1265 2619 sin
1323 2565 1464 2617 hami
1527 2559 1922 2620 concesserint,
1977 2556 2212 2610 dicimus
2261 2567 2275 2603 :

704 2679 961 2730 quantum
1012 2672 1094 2714 est
1142 2660 1282 2711 inter
1326 2655 1442 2707 biec
1475 2648 1865 2713 discrepantia,
1929 2657 1985 2698 ut
2035 2646 2087 2694 in
2124 2652 2278 2693 utero

705 2767 966 2825 gestetur,
1000 2762 1053 2804 et
1088 2759 1146 2801 ut
1186 2761 1444 2800 nascatur
1472 2745 1492 2795 ?
1532 2744 1587 2795 Si
1622 2740 1861 2794 dixerint
1891 2737 2055 2789 Deum
2089 2746 2276 2787 natum

706 2867 810 2903 non
839 2862 981 2908 esse,
1018 2860 1114 2896 uec
1144 2843 1311 2894 fuisse
1340 2840 1592 2891 Unioncni
1628 2841 1749 2886 ante
1780 2831 2147 2889 nativitatem,
2180 2838 2280 2876 nec

707 2951 855 2994 statu
893 2940 1000 2991 isto
1039 2935 1293 2995 durante,
1329 2928 1423 2982 scd
1467 2928 1637 2979 fuisse
1669 2933 1915 2990 tempore
1956 2914 2276 2974 nativitatis,

707 3033 944 3084 dieiams
974 3026 1207 3079 destruit
1243 3023 1344 3074 huc
1388 3018 1519 3071 illud
1567 3016 1705 3085 quod
1741 3010 2011 3070 asseritis,
2056 3005 2277 3058 Mariam

706 3124 981 3194 peperisse
1011 3116 1310 3170 Christum.
1358 3108 1632 3177 Siquidem
1671 3121 1777 3157 non
1814 3109 1896 3156 est
1929 3099 2083 3151 vobis
2115 3094 2275 3149 Chri-

707 3232 822 3271 stus
851 3214 1009 3266 homo
1046 3208 1214 3261 Solus.
1251 3204 1384 3256 Cum
1420 3218 1550 3270 ergo
1586 3200 1840 3252 Christus
1877 3208 1983 3245 non
2019 3193 2090 3242 sit
2120 3189 2282 3241 homo

709 3312 880 3369 solus,
918 3305 1083 3358 Maria
1132 3312 1315 3354 autem
1363 3313 1426 3350 ex
1474 3292 1744 3348 sententia
1781 3298 1961 3343 vestra
2006 3287 2276 3339 hominem

715 3403 918 3455 nmium
977 3396 1245 3465 pepererit
1299 3399 1425 3442 ante
1479 3385 1773 3443 unionem,
1817 3379 2067 3447 sequitur
2109 3378 2279 3446 ipsam

713 3493 989 3564 peperisse
1026 3487 1156 3541 illud
1193 3483 1338 3552 quod
1382 3495 1487 3532 non
1523 3487 1638 3530 erat
1670 3474 1950 3535 Christus,
1994 3479 2280 3537 postquam

712 3596 896 3637 autem
937 3580 1113 3640 fuerit,
1150 3576 1349 3627 factum
1392 3585 1514 3623 esse
1551 3567 1828 3620 Christum
1870 3576 1966 3631 per
2004 3560 2280 3619 unionem,

714 3693 777 3731 ac
826 3674 996 3727 fuisse
1034 3670 1289 3723 unionem
1345 3668 1465 3732 post
1519 3658 1883 3717 nativitatem,
1936 3668 2000 3704 ac
2055 3649 2285 3719 proinde

719 3768 999 3819 thr-istum
1032 3759 1275 3813 evasisse
1326 3762 1447 3821 post
1483 3749 1845 3802 nativitatem.
1892 3742 2049 3806 Quod
2094 3739 2138 3792 si
2185 3741 2284 3789 hoc

725 3858 876 3909 vobis
917 3849 1215 3905 absurdum
1260 3845 1531 3901 videatur;
1566 3853 1629 3891 ac
1665 3836 1833 3889 Maria
1864 3833 2144 3887 Christum
2192 3844 2289 3895 pe-

720 3948 936 4017 pererit,
974 3945 1089 4011 ipsa
1113 3938 1365 4008 ergofnon
1387 3933 1592 4003 peperit
1620 3930 1890 3983 hominem
1923 3925 2123 3986 solum,
2156 3922 2292 3989 21-

677 4045 681 4048 ’
719 4016 824 4108 Q3
875 4046 1039 4104 atque
1088 4033 1191 4085 hoc
1228 4028 1545 4083 necessario
1590 4022 1757 4076 iniert
1793 4018 2067 4090 peperisse
2117 4016 2288 4083 ipsam

723 4131 886 4180 Deum
918 4138 1042 4177 cum
1089 4121 1329 4182 homine,
1369 4131 1469 4170 nec
1514 4128 1621 4168 non
1670 4113 1838 4165 fuisse
1872 4109 2127 4161 unionem
2167 4113 2292 4156 ante

723 4220 1057 4272 nativitatem
1095 4230 1110 4269 :
1145 4222 1305 4280 atque
1341 4210 1411 4262 ita
1444 4205 1729 4260 manifesta
1762 4202 1901 4255 facta
1928 4212 2011 4253 ρει
2044 4196 2297 4250 absurdi-

723 4325 808 4364 tas
835 4311 956 4379 ejus
988 4308 1129 4375 quod
1165 4311 1415 4358 asserunt
1455 4297 1792 4357 Nestoriani,
1822 4294 2028 4347 scilicet
2068 4289 2292 4342 Mariam

727 4402 1002 4473 peperisse
1037 4396 1315 4450 Christum
1346 4407 1410 4446 ex
1444 4396 1595 4459 parte
1629 4382 1987 4438 humanitatis
2020 4392 2153 4441 sate,
2188 4391 2293 4430 nou

725 4470 978 4562 exparte
1008 4486 1343 4549 divinitatis;
1380 4491 1433 4537 et
1474 4481 1672 4534 veritas
1704 4477 1823 4543 ejus
1853 4474 1995 4543 quod
2028 4470 2294 4525 confiten-

2378 2016 2604 2080 pingens
2631 2014 2678 2065 ei
2710 2010 3026 2074 adhaeserit.
3053 2011 3237 2064 Visum
3262 2019 3345 2064 est
3375 2017 3553 2062 autem
3589 2007 3720 2060 mihi
3756 2013 3946 2058 osten—

2375 2105 2502 2157 dere
2540 2102 2834 2173 [diversos]
2868 2102 3132 2157 iuistionis
3164 2102 3379 2161 modos.
3414 2113 3615 2168 eosque
3644 2097 3944 2164 explicare,

2379 2208 2434 2249 ιιι
2476 2196 2547 2249 ita
2580 2197 2971 2249 absurditatem
3023 2209 3211 2248 eorum
3260 2208 3380 2262 quae
3420 2193 3605 2247 dicunt
3650 2188 3943 2258 percipias.

2378 2288 2487 2341 Deo
2509 2297 2685 2339 autem
2717 2286 2951 2353 putentia
2976 2294 3079 2336 est.
3105 2283 3210 2337 Pro
3238 2297 3430 2351 magna
3454 2280 3548 2333 Dei
3574 2276 3943 2347 providentia,

2375 2384 2588 2448 justitia
2620 2384 2881 2449 perlecta,
2918 2386 2968 2428 et
3005 2377 3377 2430 misericordia
3410 2374 3630 2436 eximia,
3654 2371 3804 2425 misit
3831 2371 3950 2437 ipse

2385 2475 2617 2529 Verbum
2653 2488 2811 2527 suum
2846 2485 3065 2523 ereans.
3122 2484 3229 2536 quo
3276 2467 3456 2519 omnia
3513 2463 3717 2517 creavit
3771 2462 3949 2528 iisque

2384 2581 2505 2619 esse
2543 2562 2716 2625 dedit,
2748 2559 2891 2629 quod
2924 2574 2953 2611 c
2994 2556 3301 2609 substantia
3334 2563 3416 2609 est
3450 2554 3687 2607 increata
3715 2591 3729 2615 ,
3757 2562 3949 2604 verum

2382 2669 2409 2702 ει
2440 2652 2600 2703 Patre
2630 2659 2754 2701 ante
2786 2647 2967 2700 omnia
2997 2648 3195 2699 sarcula
3226 2647 3489 2713 genitum,
3515 2657 3636 2695 cum
3668 2656 3774 2692 non
3804 2646 3952 2693 esset

2382 2753 2620 2809 unquam
2655 2738 2796 2791 Deus
2832 2738 2951 2789 sine
2985 2735 3159 2788 Verbo
3188 2743 3241 2787 et
3270 2734 3498 2798 Spiritu,
3531 2728 3951 2795 nequcYcrbuni

2385 2846 2621 2899 unquam
2655 2830 2721 2883 ab
2753 2830 2871 2897 ipso
2898 2837 3231 2895 separatum,
3258 2839 3434 2891 neque
3470 2838 3498 2876 a
3528 2821 3733 2892 Spiritu
3772 2822 3954 2889 ipsius

2385 2931 2627 2981 creante,
2660 2930 2754 2973 aut
2782 2936 2811 2971 a
2840 2919 3147 2972 substantia
3176 2918 3368 2984 ipsius;
3396 2930 3459 2968 ac
3491 2915 3779 2968 descendit
3812 2911 3955 2963 Ver-

2386 3019 2510 3070 bum
2547 3016 2637 3069 Dei
2679 3029 2874 3067 creatis
2905 3028 3027 3065 eum
3057 3011 3414 3063 subsistentia
3441 3023 3538 3061 sua
3576 3016 3955 3075 permanente,

2384 3115 2678 3175 perpetua,
2710 3103 2987 3164 durabili,
3024 3117 3141 3168 quae
3178 3109 3453 3165 nunquam
3507 3113 3614 3150 non
3666 3096 3801 3159 fuit,
3858 3111 3960 3148 nec

2387 3213 2509 3251 esse
2541 3195 2765 3255 desiuit,
2797 3204 2851 3247 et
2901 3195 3244 3245 incaruatmn
3287 3203 3367 3243 est
3417 3204 3445 3240 a
3491 3188 3655 3241 Maria
3710 3186 3956 3255 Virgine,

2313 3252 2354 3311 θ
2386 3290 2564 3358 puella
2598 3252 2806 3349 sancta,
2834 3286 3074 3354 25-27
3107 3286 3279 3338 electa
3308 3322 3323 3344 ,
3355 3298 3384 3335 e
3416 3286 3584 3350 stirpe
3633 3252 3918 3334 benedicta
3945 3319 3961 3343 ,

2384 3397 2413 3435 c
2456 3381 2716 3451 progenie
2761 3380 3093 3441 Abrahami;
3133 3378 3282 3445 prole
3316 3376 3555 3436 lsraelis,
3588 3374 3729 3427 tribu
3762 3372 3919 3425 Judae
3944 3411 3960 3434 ,

2388 3472 2587 3523 l‘amilia
2627 3468 2869 3529 Davidis,
2904 3482 3069 3535 quam
3105 3466 3172 3520 ad
3206 3467 3344 3519 hanc
3396 3464 3758 3517 (ncouoniiam
3794 3462 3965 3529 elegit

2386 3562 2646 3616 Dominus
2693 3576 2761 3614 ex
2817 3559 3072 3613 omnibus
3113 3556 3297 3610 mundi
3350 3556 3606 3617 feminis,
3665 3555 3958 3622 ipsamque

2389 3653 2592 3721 Spiritu
2626 3664 2816 3705 sancto
2846 3650 3147 3713 inundavit,
3174 3648 3378 3717 Spiritu
3399 3644 3667 3717 [inquam]
3696 3660 3797 3700 suo
3829 3645 3961 3699 sub-

2388 3745 2651 3805 stantiali,
2680 3744 2814 3797 adeo
2849 3752 2905 3793 ut
2933 3744 3102 3810 ipsam
3137 3740 3385 3794 idoneam
3429 3739 3681 3792 redderet
3708 3739 3761 3790 in
3793 3753 3959 3805 quam

2390 3836 2748 3891 descenderet
2810 3834 3049 3887 Verbum
3110 3831 3202 3883 Dei
3254 3831 3639 3894 substantiale,
3686 3840 3849 3897 atque
3889 3832 3963 3883 ita

2389 3927 2695 3979 ebvclatum
2721 3932 2803 3977 est
2830 3922 3067 3976 Verbum
3097 3936 3290 3975 creans
3324 3921 3540 3975 homine
3570 3929 3773 3985 creato,
3800 3935 3963 3989 quem

2390 4019 2492 4073 sibi
2528 4019 2806 4072 voluntate
2839 4014 2927 4067 Dei
2958 4014 3155 4077 Patris,
3179 4022 3234 4066 et
3262 4012 3493 4067 consilio
3518 4012 3757 4082 Spiritus
3779 4014 3962 4066 sancti

2392 4120 2618 4171 creavit,
2654 4116 2959 4161 creaturam
2992 4120 3183 4157 novam
3219 4106 3425 4171 absque
3455 4102 3662 4155 semine
3709 4102 3875 4165 virili,
3908 4113 3965 4153 ut

2394 4215 2492 4254 nec
2529 4200 2579 4251 in
2611 4199 2781 4269 ipsam
2812 4196 3032 4249 caderet
3068 4204 3344 4263 peccatum
3375 4232 3389 4255 ,
3422 4208 3521 4244 nec
3553 4206 3676 4244 cum
3736 4192 3961 4245 homine

2396 4290 2845 4345 consuetudinem
2882 4289 3104 4340 haberet
3134 4294 3225 4339 aut
3248 4299 3599 4353 congressum
3627 4322 3640 4343 ,
3677 4291 3768 4335 aut
3797 4283 3969 4336 viola-

2399 4388 2548 4433 retur
2579 4379 2769 4448 puellze
2795 4376 3157 4431 sanctissimae
3184 4375 3465 4443 virginitas
3487 4414 3501 4437 ,
3534 4372 3805 4425 hominem
3844 4387 3969 4441 per-

2398 4471 2596 4525 fectum
2635 4486 2757 4524 cum
2803 4481 3033 4537 corpore
3064 4480 3165 4520 suo
3197 4474 3252 4518 et
3284 4467 3463 4517 anima
3513 4463 3820 4532 sanguinali
3852 4508 3865 4528 ,
3916 4474 3969 4519 et

729 4602 816 4643 tur
859 4585 1148 4645 Melchitat,
1189 4580 1413 4633 Mariam
1451 4573 1725 4644 peperisse
1775 4569 1970 4630 Deum,
2019 4565 2296 4619 Christum
2331 4577 2374 4631 ῃ
2407 4564 2601 4632 spiritu
2633 4559 2984 4621 intellectivo,
3017 4554 3307 4617 rationali,
3340 4557 3431 4622 qui
3463 4562 3546 4607 est
3578 4554 3755 4622 imago
3787 4554 3881 4607 Dei
3914 4555 3967 4607 in

732 4695 918 4740 οιιιιιιιι,
968 4685 1021 4729 et
1068 4684 1353 4741 personam
1401 4680 1587 4727 unam,
1628 4672 1682 4716 et
1726 4658 2091 4715 substantiam
2140 4664 2295 4709 teter-

731 4789 878 4831 nam,
911 4778 964 4821 et
993 4763 1354 4819 substantiam
1388 4758 1456 4812 de
1489 4770 1631 4809 novo
1670 4751 2011 4823 productam.

806 4864 1023 4915 Dicetur
1064 4858 1226 4911 etiam
1273 4852 1417 4907 illis:
1453 4848 1510 4901 Si
1557 4845 1820 4900 asseratis
1851 4841 2128 4896 Christum
2160 4842 2296 4891 duas

731 4971 854 5010 esse
886 4950 1242 5008 substantias,
1270 4957 1436 5011 unam
1471 4949 1754 4996 aeternam.
1792 4936 2016 4989 alteram
2051 4932 2117 4986 de
2154 4945 2298 4984 novo

733 5044 1075 5117 productam,
1102 5039 1226 5092 dein
1260 5034 1483 5088 Mariam
1527 5029 1803 5099 peperisse
1835 5023 2111 5079 Christum
2139 5058 2154 5083 ,
2185 5019 2296 5087 jam

735 5114 1071 5194 confitemini
1123 5127 1349 5184 Mariam
1402 5126 1537 5178 duas
1602 5122 1702 5174 has
1760 5114 2121 5175 substantias,
2180 5125 2301 5179 qua:

736 5240 865 5285 sunt
909 5228 1186 5287 Christus,
1252 5218 1565 5289 peperisse;
1612 5210 1862 5267 Christus
1913 5222 2045 5275 ergo
2090 5208 2302 5258 constat

736 5325 947 5376 duabus
971 5315 1204 5377 naturis,
1228 5324 1366 5382 quas
1390 5320 1513 5361 cum
1544 5302 1775 5374 peperit,
1806 5314 1912 5353 una
1943 5312 2129 5349 earum
2159 5292 2303 5345 Dens

735 5421 840 5473 est,
873 5408 1083 5478 peperit
1119 5418 1248 5473 ergo
1287 5402 1455 5455 Deum
1489 5406 1775 5450 internum.
1809 5387 2032 5449 Deinde,
2072 5398 2177 5438 non
2210 5398 2303 5451 po-

739 5512 841 5560 test
868 5498 1095 5557 concedi
1126 5496 1398 5566 peperisse
1429 5489 1529 5543 nisi
1571 5486 1715 5557 quod
1748 5484 1802 5537 in
1837 5490 1992 5536 utero
2030 5485 2299 5548 gestatum

742 5600 938 5659 luerat,
966 5593 1095 5646 hinc
1120 5604 1249 5658 ergo
1280 5581 1587 5639 necessario
1632 5578 1882 5645 sequitur
1915 5573 2085 5641 ipsam
2127 5570 2295 5620 Deum

739 5690 891 5743 illum
918 5686 971 5738 in
997 5693 1153 5738 utero
1186 5688 1445 5748 gestasse.
1475 5678 1650 5743 Atque
1684 5672 1756 5723 ita
1787 5678 2003 5722 ostensa
2031 5674 2113 5718 est
2141 5666 2303 5714 etiam

742 5778 1050 5835 absurditas
1080 5774 1361 5830 sentcntiae
1411 5768 1858 5822 Mmorianorum
1913 5758 2301 5817 asserentium,

688 5908 689 5911 η
740 5870 962 5927 Mariam
994 5883 1090 5923 nec
1125 5868 1177 5922 in
1206 5875 1359 5920 utero
1397 5862 1608 5926 tulisse,
1642 5872 1739 5914 nec
1782 5854 2058 5928 peperisse
2091 5850 2254 5906 Deum
2290 5888 2304 5911 ,

2401 4657 2643 4719 hoiuine,
2679 4662 2732 4706 et
2772 4650 3077 4705 similitudo
3108 4648 3301 4717 ipsius.
3335 4647 3471 4699 Cum
3506 4644 3664 4698 fuerit
3692 4646 3807 4712 ipse
3831 4645 3971 4697 inter

2398 4756 2677 4799 creaturas
2716 4743 2807 4796 Dei
2861 4741 3093 4796 maxime
3138 4740 3371 4793 idoneus
3426 4738 3478 4791 in
3529 4752 3637 4806 quo
3699 4738 3969 4791 habitaret

2411 4837 2575 4899 Deus,
2614 4841 2680 4890 a‘c
2710 4834 3103 4895 descenderet,
3149 4831 3364 4897 sibique
3399 4829 3450 4882 in
3492 4829 3666 4882 velum
3699 4838 3966 4888 sumeret,

2401 4946 2499 4999 pro
2527 4944 2587 4983 ea
2618 4942 2724 4997 qua
2751 4936 2976 4980 Caeteras
2997 4931 3259 4993 quotquot
3286 4930 3413 4975 sunt
3432 4931 3707 4976 creaturas
3726 4923 3969 4974 antecel-

2404 5022 2462 5073 lit
2501 5018 2759 5087 puritate.
2805 5014 2961 5069 Scias
3009 5012 3152 5066 euiut
3192 5026 3302 5065 rem
3357 5020 3566 5063 natura:
3620 5025 3767 5077 pura:
3828 5010 3972 5065 haud

2404 5111 2575 5175 cerui,
2607 5109 2713 5164 nisi
2745 5109 2798 5162 in
2828 5122 2894 5162 eo
2926 5106 3070 5175 quod
3100 5106 3170 5159 sit
3206 5114 3414 5157 natura:
3446 5101 3757 5163 crassioris;
3797 5116 3973 5165 neque

2406 5202 2556 5257 cerni
2596 5215 2756 5270 posse
2787 5198 2932 5267 quod
2968 5197 3214 5251 omnium
3245 5196 3478 5248 maxime
3508 5208 3703 5262 purum
3734 5201 3843 5254 est,
3873 5191 3974 5242 nisi

2407 5308 2529 5347 cum
2558 5306 2623 5345 eo
2662 5289 2806 5359 quod
2843 5289 2961 5358 ipso
2998 5285 3242 5339 crassius
3274 5284 3344 5340 sit
3374 5279 3774 5355 [conjunctum]
3806 5280 3859 5332 in
3889 5295 3976 5338 eo,

2407 5387 2551 5455 quod
2581 5388 2840 5451 appareat
2859 5396 2888 5434 e
2913 5379 3137 5432 materia
3159 5376 3562 5437 constantibus,
3586 5382 3796 5424 natura:
3825 5384 3977 5423 cras-

2408 5478 2588 5533 sioris.
2624 5474 2932 5527 Invenimus
2986 5480 3166 5524 autem
3215 5468 3462 5538 spiritum
3500 5463 3735 5517 lmmiuis
3772 5463 3980 5515 intelie-

2411 5570 2631 5626 clivum,
2667 5563 2983 5616 rationalem
3008 5560 3118 5629 28
3148 5558 3419 5626 puriorem
3456 5569 3576 5607 esse
3605 5568 3671 5605 eo
3700 5550 3849 5619 quod
3882 5566 3976 5616 pe-

2412 5660 2691 5713 tissimqu
2718 5662 2800 5709 est
2836 5655 2889 5707 in
2928 5653 3143 5706 exteris
3172 5647 3461 5707 creaturis,
3500 5643 3730 5709 ideoque
3765 5655 3831 5693 ex
3862 5656 3976 5693 om—

2413 5753 2573 5806 nibus
2604 5749 2693 5803 Dci
2739 5745 3009 5801 creaturis
3053 5742 3287 5795 maxime
3336 5739 3566 5791 idoneus
3602 5734 3701 5788 fuit
3732 5733 3826 5803 qui
3872 5730 3983 5785 Deo

2413 5845 2591 5900 velum
2628 5850 2793 5909 esset,
2827 5839 3057 5906 ideoque
3091 5834 3293 5889 factum
3319 5838 3403 5886 est
3433 5828 3506 5884 illi
3541 5812 3742 5890 vel-sin;
3768 5822 3983 5893 ipsique
