4200 6432
207 433 338 497 1037

1637 411 1733 470 AN
1744 411 1789 471 Ν
1796 409 1998 470 ALES.

3305 397 3441 464 1038

204 545 419 602 interim
451 542 652 606 anima,
686 540 740 594 in
775 535 1040 608 sanguine
1072 531 1254 589 sedem
1293 527 1516 590 habens,
1550 523 1763 584 velum;
1797 524 1840 578 Α
1870 521 1944 572 tia
1979 515 2338 571 humanitatis
2370 515 2683 584 conjunctio
2711 555 2726 577 ,
2770 514 2852 568 vel
2882 512 3171 568 translatio
3199 511 3281 564 vel
3318 513 3443 567 alte-

205 648 340 692 utet
368 649 568 703 corpus
620 643 867 683 crassum
897 667 912 692 ,
953 626 1130 680 velum
1166 622 1214 676 ei
1245 619 1388 690 quod
1427 617 1544 686 ipso
1578 611 1771 703 purius

206 733 273 785 sit
319 747 334 782 :
386 698 551 793 atque
604 723 707 775 ltac
763 721 975 772 ratione
1031 712 1324 780 assumpsit
1380 705 1616 761 Verbum
1679 698 1769 753 Dei

208 833 404 875 creans
433 813 790 870 substantiam
824 805 1062 863 hominis
1097 804 1361 871 integram
1385 811 1507 852 cum
1543 806 1772 863 corpore

209 913 383 979 ipsius
412 917 465 960 et
499 905 786 972 sanguine,
808 899 1111 969 spirituque
1145 891 1475 948 intellectivo
1497 882 1772 944 rationali,

211 973 421 1069 fuitque
461 996 690 1052 Verbum
726 994 817 1048 Dei
851 1006 971 1044 cum
1005 985 1360 1042 subsistentia
1393 996 1489 1034 sua
1513 1017 1527 1043 ,
1595 973 1776 1030 subsi-

209 1067 776 1149 stentiahumanitatis
805 1083 986 1142 istius,
1018 1079 1173 1147 cujus
1199 1071 1507 1130 substantia
1541 1067 1776 1138 perfecta

211 1185 333 1243 fuit,
363 1198 429 1237 eo
467 1180 608 1248 quod
637 1173 994 1231 subsistentia
1023 1169 1184 1225 Verbi
1233 1164 1325 1219 Dei
1361 1164 1530 1233 ipsam
1599 1157 1780 1215 subsi-

217 1288 361 1330 slere
387 1274 536 1327 fecit.
570 1269 753 1336 Neque
780 1267 920 1320 enim
957 1266 1070 1333 ipsa
1092 1267 1271 1315 creata
1296 1256 1418 1320 iuit,
1448 1255 1530 1308 vel
1557 1249 1782 1305 omnino

211 1365 512 1435 quidquam
554 1361 674 1423 fuit,
707 1359 812 1412 nisi
857 1371 952 1426 per
1003 1347 1411 1406 subsistentiam
1449 1343 1611 1398 Verbi
1643 1339 1778 1402 Dei,

212 1432 357 1525 quod
396 1456 566 1523 ipsam
610 1451 850 1513 creavit,
885 1455 939 1498 et
978 1443 1278 1497 subsistere
1329 1439 1456 1493 fecit
1493 1438 1562 1489 de
1612 1432 1782 1487 nihilo

215 1547 359 1617 quod
393 1548 445 1598 in
479 1556 631 1598 utero
663 1541 905 1610 Virginis
952 1547 1109 1590 antea
1159 1534 1483 1590 subsisteret
1505 1566 1519 1590 ,
1578 1535 1632 1581 et
1667 1527 1784 1580 sine

222 1654 385 1693 causa
421 1636 602 1705 aliqua
643 1651 670 1685 a
701 1649 805 1701 qua
839 1631 949 1700 ipsa
986 1627 1314 1698 principium
1339 1629 1505 1685 esset,
1547 1621 1660 1672 sive
1699 1633 1785 1672 se-

215 1732 361 1785 mine
393 1727 554 1790 virili,
585 1725 698 1780 sive
728 1724 910 1790 aliquo
942 1719 1196 1788 qu0piam
1227 1756 1241 1780 ,
1275 1721 1496 1781 excepta
1531 1712 1784 1764 substan-

217 1823 291 1873 tia
321 1816 485 1871 \'erbi
517 1816 754 1870 creantis
789 1827 910 1881 qua:
953 1826 1059 1863 una
1091 1816 1173 1862 est
1202 1824 1230 1859 e
1264 1805 1531 1860 Trinitate
1562 1802 1779 1864 divina;

214 1925 376 1981 atque
407 1911 495 1962 illa
529 1904 887 1961 subsistentia
922 1918 1044 1955 cum
1089 1899 1406 1954 hominibus
1458 1901 1739 1947 numerata
1767 1933 1782 1956 ,

215 2015 269 2061 et
315 2013 440 2056 nuta
482 2007 564 2054 est
599 1999 670 2053 ob
725 2013 842 2052 eam
893 1997 982 2049 cui
1023 1994 1312 2058 conjuncta
1362 1996 1466 2050 est,
1515 1999 1786 2055 quamque

215 2096 422 2149 ereavit
452 2095 610 2161 eique
644 2090 896 2158 cepztlata
934 2097 1040 2146 cst,
1073 2082 1435 2139 substantiam
1467 2080 1784 2138 humanam,

216 2196 380 2253 atque
415 2184 529 2251 ipse
567 2181 778 2234 unitate
823 2174 1192 2231 subsistentia:
1228 2175 1390 2224 istius
1431 2169 1616 2230 unius,
1652 2168 1784 2219 sub-

216 2279 483 2332 sistentize
511 2273 776 2345 (inquam)
808 2270 964 2324 Verbi
997 2270 1084 2320 Uei
1113 2265 1398 2324 creatoris.
1431 2278 1574 2316 unus
1606 2270 1691 2313 est
1731 2261 1786 2312 in

215 2371 490 2422 Triuitate
522 2367 824 2422 substantia
856 2361 1159 2416 divinitatis
1192 2374 1337 2419 suae,
1377 2365 1429 2410 et
1465 2370 1606 2407 unus
1641 2353 1786 2405 inter

219 2463 472 2516 homines
509 2457 812 2513 substantia
851 2451 1213 2508 humanitatis
1245 2465 1376 2511 suae,
1409 2465 1512 2501 non
1547 2445 1783 2514 29-31

217 2555 350 2618 duo,
383 2569 570 2607 verum
603 2567 744 2604 unus
771 2562 892 2602 cum
933 2544 1090 2596 Patre
1120 2552 1173 2595 et
1209 2540 1438 2609 Spiritu,
1478 2549 1639 2606 atque
1673 2537 1786 2603 ipse

219 2648 365 2700 idem
401 2659 542 2697 unus
585 2642 745 2696 simul
776 2654 896 2693 cum
950 2635 1293 2699 hominibus,
1322 2631 1794 2699 comprehcndens

221 2741 359 2791 duas
394 2733 732 2790 substantias
768 2718 1014 2784 diversas
1043 2769 1058 2791 ,
1107 2741 1136 2779 e
1191 2723 1491 2779 substantia
1551 2718 1795 2791 [nempe]

221 2829 532 2882 divinitatis
557 2835 800 2884 creante,
834 2831 887 2874 et
919 2816 1222 2873 substantia
1261 2814 1615 2868 humanitatis
1646 2825 1799 2864 crea-

223 2929 302 2980 ta,
346 2920 400 2970 in
437 2917 643 2969 unitate
678 2914 1048 2967 subsistentia:
1071 2912 1252 2966 unius,
1287 2903 1657 2959 subsistentia:
1685 2901 1796 2971 [in-

225 3006 416 3078 quam]
459 3006 642 3069 Verbi,
672 3004 816 3074 quod
851 3009 933 3056 est
962 3000 1130 3053 Filius
1161 2999 1376 3067 genitus
1419 3010 1447 3045 a
1480 2991 1638 3045 Patre
1675 3001 1801 3044 ante

225 3111 475 3167 tempora
503 3109 554 3150 et
591 3097 783 3149 saecula
827 3095 1028 3155 omnia,
1069 3092 1319 3156 idemque
1351 3094 1512 3138 natus
1543 3101 1605 3136 ex
1632 3083 1798 3134 Maria

1878 611 2036 670 ratio,
2067 609 2149 662 vel
2185 606 2414 663 mutatio
2449 608 2609 661 unius
2636 622 2666 660 e
2695 606 2906 660 duabus
2936 603 3261 660 substantiis
3291 618 3320 655 a
3349 619 3445 656 na-

1879 709 1999 753 tura
2029 715 2149 754 sua.
2186 699 2303 754 Non
2327 708 2406 754 est
2431 708 2636 752 mutata
2682 706 2872 751 natura
2909 697 3117 759 divina,
3151 705 3206 749 ut
3233 695 3447 768 [cessa-

1882 801 1965 844 ret
1992 790 2136 862 esse]
2169 791 2378 855 divina,
2408 790 2646 845 creatrix
2672 827 2686 851 ,
2727 804 2898 857 neque
2931 787 3168 840 humana
3210 799 3266 840 ut
3302 787 3444 840 haud

1879 883 2112 952 amplius
2155 884 2226 938 sit
2272 883 2511 937 humana
2537 892 2719 936 creata
2758 897 2770 931 :
2807 889 2968 948 atque
3007 879 3108 933 hoc
3141 878 3445 931 istiusmodi

1881 985 1964 1029 est
2003 973 2145 1044 quod
2181 989 2286 1028 non
2321 975 2612 1027 absurdum
2656 972 2909 1026 videatur
2952 970 3292 1034 intelligenti.
3323 968 3443 1022 Jam

1883 1066 2133 1120 alteratio
2163 1077 2217 1119 ct
2245 1068 2473 1119 mutatio
2508 1068 2817 1120 necessario
2851 1063 3081 1132 requirit
3119 1062 3448 1126 ntiStiouem,

1883 1172 2003 1209 cum
2038 1157 2200 1211 fuerit
2243 1172 2274 1210 e
2312 1155 2524 1212 duabus
2573 1159 2786 1212 naturis
2815 1173 2845 1210 c
2875 1159 3097 1212 materia
3137 1158 3450 1211 constanti-

1884 1251 2004 1312 bus,
2032 1251 2254 1311 crassis,
2289 1250 2460 1304 instar
2497 1265 2651 1318 aqum
2680 1260 2732 1304 et
2765 1251 2873 1304 vini
2906 1291 2919 1313 ,
2970 1251 3146 1304 mellis
3185 1258 3237 1304 et
3271 1249 3452 1312 aceti,

1886 1344 2000 1394 auri
2032 1352 2086 1396 et
2117 1343 2358 1410 argenti,
2390 1343 2514 1397 teris
2545 1350 2598 1396 ct
2633 1343 2865 1412 plumbi,
2896 1351 2989 1394 aut
3031 1344 3114 1396 his
3146 1343 3404 1396 similium
3438 1360 3451 1406 ;

1887 1447 2005 1511 qua:
2034 1433 2214 1484 omnia
2242 1435 2508 1487 emateria
2538 1442 2794 1488 constant
2817 1441 2869 1487 et.
2895 1447 3079 1486 crassa
3110 1440 3254 1487 sunt.
3281 1431 3456 1486 Omne

1889 1533 2065 1576 autem
2104 1525 2382 1578 materiale
2407 1528 2547 1592 quod
2582 1542 2702 1580 cum
2730 1527 2837 1579 alio
2872 1525 3136 1578 ntatcriali
3168 1526 3455 1587 miscetur,

1890 1615 2201 1670 necessario
2235 1614 2397 1669 infert
2419 1619 2767 1672 mutationem
2789 1632 2892 1685 qua
2915 1617 3058 1669 aliud
3081 1616 3271 1670 evadat
3295 1632 3459 1684 quam

1889 1717 2120 1774 utraque
2156 1710 2254 1762 ista
2295 1724 2326 1761 e
2365 1709 2594 1762 materia
2637 1711 2943 1762 constantia
3001 1708 3152 1775 prius
3202 1707 3459 1770 fuerant,

1890 1813 2066 1864 neque
2091 1798 2349 1870 [maneat]
2379 1801 2561 1853 vinum
2589 1801 2798 1863 vinum,
2831 1816 2925 1853 nec
2951 1816 3089 1870 aqua
3119 1815 3282 1869 aqua,
3311 1807 3460 1868 post-

1890 1907 2048 1958 quam
2084 1895 2366 1947 commista
2411 1894 2628 1958 fuerint,
2661 1891 2907 1964 33-35
2933 1909 3105 1961 neque
3136 1908 3326 1945 aurum
3364 1907 3464 1944 att-

1891 2001 2033 2047 rum,
2091 2001 2189 2039 "CC
2238 1994 2517 2054 argentum
2569 1995 2892 2053 argentum,
2929 2001 3033 2039 DCC
3089 2001 3162 2038 πλε
3213 2000 3307 2046 ως,
3363 1998 3463 2036 DCC

1894 2077 2171 2140 plumbum
2239 2077 2564 2144 plumbum,
2601 2089 2719 2144 post
2761 2078 2957 2131 factam
3000 2076 3334 2139 mistioncm,
3370 2078 3466 2130 sed

1896 2180 2122 2237 utraque
2157 2170 2385 2222 alterata
2423 2171 2535 2224 sint
2574 2185 2603 2222 a
2641 2170 2945 2224 substantia
2980 2185 3075 2224 sua
3125 2179 3179 2223 et
3228 2185 3315 2224 res
3359 2170 3464 2222 alia

1891 2261 2104 2314 diversa
2146 2261 2420 2314 evaserint
2448 2301 2462 2322 ,
2491 2276 2610 2329 qua:
2642 2269 2832 2314 neutra
2887 2265 3103 2329 penitus
3135 2277 3319 2315 earum
3353 2264 3422 2314 sit
3449 2303 3464 2324 ,

1894 2370 1995 2408 nec
2030 2355 2234 2408 utravis
2268 2358 2503 2420 ipsarum
2557 2355 2812 2406 immunis
2848 2356 2917 2408 sit
2952 2370 2980 2406 a
3013 2355 3382 2422 corruptione,
3414 2368 3470 2406 et

1897 2446 2224 2499 alteratione
2255 2445 2322 2498 ab
2372 2461 2438 2499 eo
2485 2460 2593 2512 quo
2624 2445 2797 2498 fuerat
2837 2455 3001 2498 statu.
3035 2445 3188 2509 Quod
3226 2447 3271 2498 si
3308 2446 3471 2498 fuerit

1899 2539 2079 2590 inistio
2117 2556 2145 2588 e
2176 2547 2364 2589 natura
2395 2537 2602 2597 subtili,
2642 2546 2695 2589 et
2730 2548 2919 2588 natura
2963 2552 3150 2590 crassa
3183 2578 3195 2600 ,
3231 2552 3337 2589 non
3387 2538 3466 2590 itt-

1901 2628 2002 2682 l'ert
2032 2630 2213 2682 mistio
2239 2628 2730 2682 istaalteratiunent
2764 2637 2858 2681 aut
2896 2631 3335 2689 conversionem,
3373 2644 3470 2681 ex-

1899 2717 2062 2784 empli
2108 2719 2277 2786 gratia
2315 2737 2327 2772 :
2363 2720 2419 2772 In
2478 2719 2735 2772 mistione
2776 2721 2973 2771 anima:
3019 2730 3070 2772 et
3113 2719 3353 2787 corporis
3383 2718 3473 2789 [ex

1899 2810 2097 2878 quibus
2125 2810 2358 2880 constat]
2392 2813 2729 2875 homounus,
2763 2815 2944 2863 unitttr
2976 2811 3203 2864 alterum
3238 2814 3390 2864 alteri
3416 2821 3474 2863 ut

1902 2915 2002 2952 nec
2033 2907 2268 2952 mutetur
2296 2902 2375 2952 vel
2406 2902 2664 2954 alterctur
2698 2902 2878 2953 anima
2946 2917 2975 2953 a
3023 2903 3324 2955 substantia
3377 2917 3473 2954 sna

1906 3007 1969 3044 tte
2039 2992 2109 3044 sit
2189 2993 2368 3045 anima
2453 3009 2571 3060 qtuc
2629 2995 2929 3048 actionibus
3002 2995 3118 3047 suis
3187 2994 3476 3061 dignosca-

1905 3093 2011 3143 tur,
2050 3099 2222 3151 neque
2249 3099 2447 3152 corpus
2481 3099 2509 3136 a
2543 3096 2685 3139 statu
2723 3097 2776 3139 et
2813 3088 3120 3140 actionibus
3156 3088 3268 3140 Suis
3303 3095 3475 3142 mute-

229 3185 456 3249 Yirgine
485 3185 540 3238 in
574 3184 679 3237 line
710 3181 988 3248 temporis,
1024 3174 1178 3231 itaut
1215 3193 1320 3230 non
1349 3185 1692 3242 separaretur
1719 3172 1798 3225 vel
1827 3209 1870 3264 Ο
1908 3184 1991 3226 tttr
2015 3184 2069 3228 et
2092 3175 2368 3241 alterctur;
2401 3186 2492 3229 aut
2521 3178 2982 3245 quemadmodum
3013 3179 3099 3231 ubi
3129 3180 3312 3232 unitur
3335 3179 3475 3247 ignis

227 3294 258 3331 a
285 3277 470 3336 Patre,
505 3274 586 3325 vel
623 3289 651 3324 a
694 3272 897 3340 Spiritu
934 3278 1144 3323 sancto.

301 3369 503 3425 Verum
536 3367 674 3422 sicut
699 3367 880 3419 radius
902 3364 1096 3419 solaris
1119 3361 1209 3430 qui
1245 3359 1459 3430 genitus
1489 3367 1568 3412 est
1592 3358 1660 3435 ab
1685 3359 1801 3426 ipso

233 3465 371 3528 sole,
403 3463 564 3531 cuius
598 3464 688 3515 lux
723 3470 891 3514 totum
936 3457 1069 3511 illud
1104 3457 1245 3509 inter
1278 3454 1476 3508 coelum
1518 3461 1570 3505 et
1598 3462 1796 3504 terram

230 3555 518 3630 {spatiumll
555 3555 758 3607 lumine
801 3552 1028 3620 implet,
1060 3547 1395 3613 conspicitur
1429 3547 1481 3598 iu
1510 3543 1671 3598 domo
1706 3544 1804 3595 ali-

234 3664 366 3716 qua,
400 3656 564 3714 atque
596 3647 650 3696 in
696 3645 810 3712 ipsa
843 3656 969 3694 vere
995 3648 1079 3692 est
1111 3640 1231 3690 luce
1264 3644 1318 3688 ct
1347 3638 1526 3688 calore
1567 3649 1692 3695 suo,
1729 3636 1803 3686 ita

233 3751 416 3793 tamen
459 3749 516 3788 ul
549 3749 734 3788 revera
772 3732 990 3784 minime
1023 3735 1365 3808 separetura
1399 3726 1546 3779 fonte
1583 3741 1690 3793 quo
1715 3739 1806 3792 ge-

237 3835 384 3884 nitus
415 3837 519 3890 est,
552 3842 673 3880 cum
707 3839 805 3878 nec
841 3823 908 3876 ab
940 3822 1110 3891 ipsius
1136 3833 1364 3885 corpore
1395 3834 1492 3872 nec
1539 3818 1658 3871 luce
1705 3819 1803 3872 ab-

235 3923 538 3978 scindatur,
577 3918 648 3969 ita
689 3916 852 3967 etiam
887 3912 1148 3966 habitavit
1178 3909 1346 3964 Filius
1386 3908 1478 3962 Dei
1523 3908 1574 3960 itt
1610 3909 1803 3960 huma-

235 4015 428 4071 nitate,
460 4011 531 4062 ita
573 4016 629 4060 ut
671 4006 892 4059 minime
926 4020 954 4056 a
985 4005 1147 4055 Patre
1177 4011 1525 4070 Separaretur
1549 4039 1564 4060 ,
1599 3999 1806 4068 fuitque

239 4105 291 4155 in
327 4099 670 4155 humanitate
711 4113 854 4160 vere,
909 4095 1161 4162 idemque
1207 4108 1333 4147 vere
1380 4108 1500 4146 eunt
1545 4093 1702 4145 Patre
1753 4100 1808 4144 et

239 4193 446 4258 Spiritu
499 4199 712 4241 sancto.
757 4190 834 4239 Ac
891 4187 1034 4238 sient
1079 4184 1299 4236 verbum
1339 4183 1579 4236 hominis
1613 4183 1701 4250 qui
1739 4181 1804 4233 ab

242 4283 523 4335 intellectu
559 4279 730 4346 ipsius
761 4275 1239 4345 gignitur-charta:
1270 4273 1612 4337 inscribitur,
1645 4273 1825 4325 adc0-'

241 4391 345 4442 que
378 4381 558 4423 totum
593 4384 714 4422 vere
754 4378 837 4422 est
864 4369 917 4420 in
957 4367 1144 4420 charta
1177 4366 1248 4417 ita
1282 4374 1339 4417 ttt
1375 4365 1588 4417 interim
1619 4365 1686 4417 ab
1727 4365 1808 4415 in-

241 4464 465 4516 tellectu
493 4475 520 4511 a
545 4475 652 4529 quo
675 4461 912 4528 genitum
939 4467 1023 4512 est
1054 4457 1472 4525 haudquaquam
1507 4466 1807 4526 separetur,

1913 3281 2031 3319 cum
2063 3267 2204 3320 ferro
2237 3269 2516 3336 ipsumque
2543 3270 2843 3324 Subtilitate
2867 3286 2959 3323 sua
2995 3282 3254 3340 penetrat.
3288 3254 3480 3324 siniul-

1911 3374 2016 3425 que
2052 3358 2346 3425 conjuncta
2382 3375 2483 3412 una
2517 3362 2650 3412 littnt
2679 3376 2872 3427 pruna,
2901 3363 2970 3412 ita
3005 3371 3061 3414 ut
3096 3377 3192 3414 nec
3219 3364 3479 3415 alteretur

1914 3450 2051 3516 ignis
2089 3452 2168 3502 vel
2209 3462 2443 3503 mutetur
2472 3466 2502 3504 a
2536 3454 2839 3505 substantia
2875 3469 2975 3505 sua
3017 3470 3081 3507 ne
3108 3454 3179 3506 sit
3228 3453 3367 3523 ignis
3399 3454 3482 3506 In-

1913 3556 2061 3603 cens,
2101 3556 2300 3605 urens;
2340 3558 2512 3610 neque
2541 3544 2800 3596 alteretur
2848 3544 3049 3598 ferrum
3083 3555 3176 3597 aut
3212 3555 3477 3605 mutetur,

1915 3651 1982 3687 ne
2018 3634 2090 3687 sit
2123 3635 2320 3686 ferrum
2367 3634 2716 3686 materiatum
2768 3635 2913 3702 quod
2963 3636 3208 3689 vulneret
3245 3647 3298 3689 et
3331 3640 3481 3691 sciu-

1915 3727 2007 3778 dat
2043 3742 2056 3776 :
2096 3726 2285 3779 eodem
2319 3725 2476 3778 modo
2525 3725 2584 3777 {it
2629 3727 2681 3779 in
2717 3728 2865 3779 omni
2919 3730 3143 3781 mistura
3175 3745 3291 3797 qua:
3327 3745 3484 3782 com-

1917 3819 2090 3885 posita
2123 3827 2206 3870 est
2242 3832 2273 3870 e
2303 3818 2468 3871 rebus
2496 3821 2702 3871 duabus
2737 3820 2990 3880 diversis,
3027 3836 3259 3886 quarum
3317 3825 3483 3875 ale-ra

1919 3914 1986 3966 sit
2014 3909 2312 3980 spiritualis
2339 3947 2352 3971 ,
2383 3911 2619 3970 subtilis,
2650 3912 2818 3962 altera
2849 3911 3148 3964 materialis
3180 3925 3231 3965 et
3260 3928 3443 3966 crassa
3469 3932 3482 3977 ;

1919 4003 2081 4056 veluti
2119 4002 2298 4054 anima
2351 4011 2405 4054 et
2451 4016 2682 4069 corpus;
2723 4002 2862 4069 ignis
2915 4011 2968 4052 et
3017 4003 3256 4068 lerrum;
3305 4005 3384 4057 vel
3433 4017 3489 4057 ut

1917 4098 2020 4158 sol,
2051 4095 2141 4164 qui
2172 4111 2230 4148 se
2263 4094 2531 4146 immiscet
2563 4109 2736 4160 aquae,
2772 4097 2903 4156 luto,
2951 4095 3214 4164 omnique
3243 4099 3488 4151 materia:

1918 4187 2188 4248 humidae,
2225 4194 2281 4238 et
2309 4186 2505 4254 putida:
2530 4223 2544 4247 ,
2580 4202 2752 4253 neque
2795 4197 3032 4240 mutatur
3056 4191 3136 4241 vel
3167 4190 3428 4244 alteratttr
3457 4205 3488 4242 a

1919 4281 2038 4333 luce
2075 4277 2338 4330 munditie
2369 4287 2422 4330 et
2455 4277 2686 4345 puritate
2728 4294 2821 4330 sua
2846 4317 2860 4339 ,
2903 4279 3030 4331 licet
3061 4295 3181 4333 cum
3231 4282 3379 4334 ontni
3431 4298 3490 4335 re

1921 4371 2096 4439 nigra,
2131 4380 2183 4422 et
2223 4367 2442 4423 sordida
2475 4368 2584 4437 36
2617 4370 2820 4434 putida,
2854 4379 2908 4422 ct
2942 4370 3221 4424 immunda
3253 4374 3489 4426 miscea-

1926 4472 2048 4524 tur;
2080 4459 2203 4528 quia
2240 4473 2346 4511 non
2379 4458 2436 4510 tit
2477 4473 2712 4525 unquam
2752 4460 2974 4512 mistura
3013 4462 3115 4513 nisi
3163 4464 3335 4515 tribus
3369 4481 3491 4516 mo-

245 4569 422 4623 neque
462 4553 531 4604 ab
560 4567 624 4605 eo
673 4560 957 4618 separetur
1008 4550 1315 4603 intellectus
1356 4563 1385 4600 a
1418 4564 1526 4617 quo
1574 4551 1812 4618 genitum
1853 4563 1897 4615 ι)
1927 4553 2032 4615 dis,
2071 4566 2301 4620 quorum
2335 4565 2474 4603 unus
2505 4559 2592 4603 est
2628 4566 2749 4603 cum
2801 4552 3098 4604 miscentur
3129 4555 3248 4607 dua:
3285 4565 3492 4610 natura)

246 4655 352 4706 est,
383 4645 645 4712 quoniam
699 4642 1006 4694 intellectus
1040 4655 1134 4709 per
1179 4641 1400 4692 verbum
1454 4640 1814 4708 dignoscitur,

245 4752 367 4789 cum
405 4735 454 4788 ei
489 4734 642 4798 insit,
675 4744 838 4801 atque
872 4732 1093 4784 verbum
1131 4740 1302 4784 totum
1342 4730 1410 4782 sit
1447 4730 1500 4782 ιιι
1535 4731 1814 4784 intellectu

248 4828 336 4892 qui
368 4826 546 4892 ipsum
580 4823 786 4890 genuit,
822 4831 1102 4890 totumque
1135 4821 1188 4873 in
1222 4821 1424 4889 si-ipso,
1454 4835 1515 4873 ac
1545 4829 1714 4874 totum
1764 4821 1818 4873 in

246 4916 441 4966 charta
471 4913 559 4966 cui
599 4909 705 4978 32
737 4910 948 4962 unitum
985 4919 1067 4962 est
1105 4926 1118 4960 :
1166 4910 1415 4962 similiter
1447 4907 1682 4962 Verbum
1723 4909 1816 4962 Dei

249 5016 420 5059 totum
453 5013 538 5058 est
569 5004 622 5056 in
649 5004 808 5056 Patre
838 5017 999 5068 aquo
1030 5002 1269 5068 genitum
1304 5010 1382 5055 est
1413 5044 1427 5068 ,
1461 5010 1513 5055 et
1555 5010 1726 5055 totum
1767 5003 1820 5055 in

249 5100 454 5164 Seipso,
485 5102 767 5162 totumque
799 5094 851 5145 in
886 5093 1088 5160 Spiritu
1117 5132 1132 5154 ,
1157 5108 1222 5147 ac
1266 5101 1444 5146 totum
1475 5094 1524 5146 in
1564 5093 1820 5146 humani-

250 5200 383 5253 tate,
419 5189 474 5240 in
517 5202 622 5254 qua
673 5186 914 5247 resedit,
946 5185 1143 5252 cuique
1177 5185 1383 5237 unitum
1419 5193 1520 5238 est.
1557 5185 1821 5248 Quamvis

248 5281 392 5334 enim
420 5281 604 5332 omnis
637 5277 939 5330 similitudo
970 5284 1152 5329 creata
1194 5277 1352 5345 longe
1398 5277 1538 5328 ahsit
1575 5277 1642 5328 ab
1672 5290 1736 5328 eo
1767 5291 1824 5329 ut

248 5377 557 5424 creatorem
590 5368 811 5427 referat.
843 5383 948 5420 non
977 5368 1137 5422 desiit
1163 5377 1347 5421 tamen
1386 5369 1524 5422 Deus
1565 5369 1823 5421 similitu-

247 5463 403 5514 dmes
455 5461 630 5515 servis
655 5465 768 5513 suis
795 5461 846 5512 in
883 5462 1136 5516 omnibus
1163 5460 1315 5514 libris
1344 5462 1460 5514 suis
1493 5476 1818 5528 proponere,

253 5567 309 5603 ιιι
341 5568 405 5605 ea
436 5567 560 5619 qua:
590 5566 693 5604 non
727 5566 960 5604 cernunt
1005 5568 1069 5606 ex
1105 5554 1172 5605 iis
1207 5569 1328 5619 qua:
1363 5564 1596 5607 cernunt
1625 5553 1826 5606 intelli-

251 5657 463 5710 gerent,
501 5659 676 5710 eaque
701 5658 823 5711 qua:
855 5645 986 5710 ipsis
1019 5660 1127 5697 non
1161 5654 1285 5697 sunt
1318 5645 1628 5707 manifesta,
1662 5660 1725 5696 ex
1758 5646 1822 5698 iis

251 5751 370 5801 quae
407 5734 693 5787 manifesta
729 5745 854 5789 sunt
897 5736 1300 5804 dignusccrent.
1354 5735 1470 5790 Non
1515 5747 1598 5790 est
1643 5748 1823 5790 autem

250 5827 513 5882 habitatio
543 5826 702 5883 Verbi
735 5829 826 5886 Dei
857 5830 1142 5898 creatoris,
1171 5832 1397 5901 ejusque
1420 5846 1540 5887 cum
1570 5831 1825 5887 substan-

1924 4645 2263 4705 materiales,
2292 4658 2415 4712 qua:
2457 4652 2734 4695 mutantur
2763 4651 2815 4694 et
2843 4656 3309 4712 corrumpuntur;
3342 4658 3398 4701 ut
3435 4650 3487 4702 in

1926 4737 2148 4786 mistura
2173 4749 2326 4801 aquze
2360 4745 2413 4786 et
2445 4735 2554 4786 vini
2588 4775 2600 4795 ,
2633 4736 2768 4786 aceti
2808 4746 2860 4787 et
2913 4736 3088 4789 mellis
3115 4752 3129 4797 ;
3160 4739 3277 4789 auri
3318 4749 3371 4790 et
3406 4755 3495 4790 ar-

1923 4824 2106 4892 genti;
2139 4822 2261 4876 teris
2290 4833 2342 4876 et
2373 4823 2613 4890 plumbi;
2656 4823 2737 4875 lue
2796 4823 2938 4875 enim
2999 4841 3212 4883 omnes.
3264 4843 3387 4880 eum
3442 4832 3490 4880 ἰιι

1926 4929 2097 4982 genus
2137 4913 2281 4975 aliis,
2315 4913 2566 4968 alteratio
2606 4923 2733 4966 Stllll
2762 4926 2814 4966 et
2841 4917 3151 4982 corruptio;
3187 4917 3310 4984 quia
3350 4933 3492 4986 qunti

1925 5024 1990 5060 ex
2033 5006 2155 5058 vino
2184 5012 2238 5058 et
2273 5019 2411 5073 aqua
2459 5011 2680 5058 mislum
2733 5018 2838 5067 est,
2897 5023 2990 5058 nec
3045 5009 3227 5058 vinum
3277 5019 3359 5062 cst
3399 5028 3494 5061 nec

1927 5112 2087 5166 aqua,
2116 5097 2260 5166 quod
2293 5105 2579 5164 utrumque
2603 5113 2790 5150 eorum
2823 5113 2851 5148 a
2884 5108 3074 5150 natura
3101 5116 3194 5152 sua
3231 5109 3490 5152 mutatum

1931 5189 2021 5251 sit,
2050 5203 2112 5240 ac
2141 5187 2452 5240 commistio
2480 5186 2722 5253 ipsorum
2758 5185 2899 5238 facta
2934 5189 3003 5240 sit
3031 5203 3152 5240 cum
3186 5193 3492 5256 corruptio-

1928 5295 1995 5332 ne
2034 5281 2275 5346 ipsorum
2311 5287 2364 5330 ct
2411 5279 2713 5329 II'IlllaliollC
2753 5294 2779 5327 :t
2831 5289 2974 5330 statu
3027 5296 3123 5331 suo
3156 5296 3168 5330 :
3205 5289 3365 5347 atque
3422 5282 3493 5333 ita

1930 5374 2068 5440 quod
2098 5371 2318 5423 mistum
2347 5378 2434 5421 est
2462 5384 2527 5420 ex
2562 5378 2712 5422 aceto
2749 5381 2798 5419 et
2832 5371 3008 5432 melle,
3049 5373 3248 5422 factum
3281 5383 3360 5423 est
3401 5387 3492 5424 ne-

1928 5477 2030 5529 que
2063 5473 2274 5513 acetum
2305 5497 2319 5520 ,
2348 5473 2525 5526 neque
2557 5461 2682 5528 mel,
2727 5459 2867 5525 quod
2910 5473 3198 5527 utrumque
3235 5479 3421 5514 eorum
3464 5481 3492 5515 a

1929 5562 2071 5607 statu
2110 5568 2209 5606 suo
2249 5557 2509 5603 mutatum
2555 5553 2622 5602 sit
2661 5570 2671 5602 :
2708 5552 2778 5602 ita
2826 5560 2879 5604 ct
2933 5555 2984 5604 in
3022 5556 3248 5606 mistura
3281 5555 3396 5606 auri
3443 5568 3494 5608 et

1930 5646 2181 5714 argenti,
2232 5643 2431 5711 plumbi
2490 5653 2542 5694 et
2601 5646 2756 5705 :cris,
2829 5647 2966 5696 ian-tl
3045 5662 3237 5713 purum
3314 5658 3495 5700 manet

1931 5737 2248 5791 utrumlibet
2271 5750 2480 5788 eorum.
2521 5739 2692 5803 Atque
2730 5739 2814 5790 hic
2853 5755 2992 5793 unus
3020 5751 3099 5794 est
3124 5757 3154 5794 e
3187 5741 3360 5792 “iiiUS
3392 5740 3496 5793 ini-

1931 5828 2125 5886 Stionis
2166 5826 2361 5882 modis.
2390 5825 2675 5882 Secundus
2706 5839 2788 5884 est
2821 5832 3002 5887 ιιιξδιὶο
3033 5848 3150 5900 qna.-
3183 5832 3239 5885 lit
3265 5831 3492 5888 seorsitn
