4200 6432
762 376 897 440 1039

1782 384 2157 445 EUTYCHII
2184 381 2723 444 ALEXANDRINI
2759 387 2982 455 PATR.

3876 395 4007 462 1040

754 485 1103 543 manentibus
1138 488 1350 542 duabus
1385 490 1591 546 naturis
1624 494 2011 559 materialibus,
2047 496 2118 549 ita
2148 506 2325 549 utea-
2351 493 2398 554 Α
2427 493 2714 559 Christus,
2760 498 2871 550 duo
2916 497 3159 561 Christi,
3205 496 3493 573 [quorum]
3543 518 3685 559 unus
3727 516 3923 562 natura
3956 517 4007 567 et

753 593 871 631 rum
926 579 1278 634 subsistentia
1315 579 1693 650 dignoscatur.
1746 584 1805 638 ln
1863 585 2171 639 istiusmodi
2216 585 2322 639 tui-

752 678 903 723 stura
937 681 1163 738 utraque
1202 669 1434 726 duarum
1466 684 1781 728 naturarum
1816 675 1885 729 ab
1914 676 2087 731 altera
2123 677 2322 731 distin-

752 764 938 827 guitur
963 764 1321 821 subsistentia
1366 782 1486 832 sua,
1519 778 1573 821 et
1618 770 1832 822 ratione
1874 784 2007 835 sua;
2038 778 2204 838 atque
2250 771 2321 823 ita

750 870 807 905 se
850 855 1012 909 habet
1038 865 1095 908 ut
1139 859 1321 912 oleum
1351 868 1405 913 et
1436 874 1572 929 aqua
1608 861 1661 913 in
1693 860 1882 914 eadem
1916 863 2187 932 lampade,
2227 871 2322 916 aut

746 947 916 997 linunt
947 954 1001 999 et
1038 949 1274 1003 sericum
1304 950 1356 1003 in
1382 953 1567 1003 eadem
1594 959 1762 1015 veste,
1795 960 1980 1021 utpote
2009 969 2129 1023 quae
2152 968 2184 1007 e
2210 953 2321 1006 lino

745 1047 1023 1106 contexta,
1060 1045 1237 1096 serico
1271 1043 1459 1099 striata
1489 1045 1598 1107 sit;
1633 1055 1726 1098 aut
1755 1047 1931 1100 instar
1951 1056 2141 1101 statua:
2159 1062 2321 1099 (enea:

746 1130 833 1183 cui
872 1143 1034 1203 caput
1072 1136 1145 1189 sit
1178 1151 1427 1203 aureum,
1459 1140 1797 1209 aliorumque
1821 1139 2126 1208 ejusmodi;
2152 1153 2317 1209 quam

746 1242 854 1278 non
889 1229 1041 1280 decet
1070 1229 1348 1296 appellare
1374 1233 1659 1285 misturam
1686 1272 1701 1296 ,
1737 1246 1859 1285 cum
1893 1231 2167 1285 distinctae
2202 1248 2320 1285 ma-

748 1325 914 1368 neant
944 1318 1064 1369 duae
1112 1326 1318 1374 natura:
1361 1328 1414 1375 et
1466 1323 1857 1386 consistentim,
1889 1321 2133 1391 37-39
2175 1322 2319 1378 sicut

746 1422 854 1461 non
882 1418 1102 1478 oportet
1135 1419 1192 1464 ut
1223 1414 1294 1465 sit
1326 1412 1481 1467 .inter
1532 1427 1729 1481 aquam
1786 1424 1841 1467 et
1883 1419 2206 1483 amphoram
2264 1414 2315 1467 in

745 1514 852 1567 qua
887 1512 992 1563 est,
1024 1503 1243 1568 mistio;
1276 1519 1399 1557 cum
1432 1510 1629 1557 natura
1660 1505 1807 1559 vasis
1838 1505 1985 1559 illius
2013 1507 2110 1568 sit,
2141 1515 2312 1571 testa;

732 1592 1084 1658 constitutio,
1139 1592 1304 1663 [quod
1349 1592 1443 1664 sit]
1477 1594 1774 1662 amphora;
1822 1594 1956 1649 adeo
2009 1605 2067 1648 ut
2104 1610 2209 1649 non
2244 1596 2316 1648 sit

742 1696 886 1737 inter
921 1700 1037 1737 eam
1071 1694 1125 1738 et
1154 1700 1350 1754 aquam
1384 1688 1568 1742 mistio
1592 1727 1607 1752 ,
1632 1689 1726 1742 sed
1754 1695 1957 1757 quanta
1991 1687 2102 1741 fieri
2136 1692 2313 1755 potest

743 1777 979 1830 maxima
1009 1776 1403 1849 discrepantia.
1443 1782 1520 1835 Ita
1562 1792 1615 1836 et
1650 1796 1789 1851 aqua
1823 1790 1877 1835 et
1925 1783 2105 1836 oleum
2135 1823 2149 1846 ,
2203 1782 2307 1837 nisi

736 1883 835 1923 vas
866 1871 1132 1939 lampadis
1160 1872 1213 1925 in
1248 1890 1358 1943 quo
1403 1885 1530 1929 sunt
1576 1890 1637 1930 ea
1674 1874 2028 1945 conjungeret
2052 1916 2066 1940 ,
2108 1892 2311 1947 nequa-

736 1978 903 2029 quam
954 1966 1277 2033 unircntur;
1317 1976 1372 2020 at
1415 1984 1523 2023 non
1574 1978 1657 2023 est
1702 1968 2116 2039 [comumnitas]
2166 1972 2311 2027 vasis

739 2052 882 2108 inter
916 2070 976 2107 ea
1011 2056 1196 2110 ruistio
1232 2055 1579 2130 [censenda.]
1630 2060 1895 2114 Similiter
1935 2076 2035 2116 nec
2072 2061 2215 2117 inter
2245 2063 2312 2115 li-

735 2159 861 2195 num
907 2154 960 2199 et
1001 2146 1236 2200 sericum
1266 2150 1492 2203 mistnra
1521 2158 1625 2215 est,
1657 2166 1780 2203 cum
1812 2167 1916 2205 non
1952 2153 2181 2207 invicem
2215 2152 2310 2206 ad-

734 2234 999 2301 hareant,
1028 2238 1241 2292 etiamsi
1271 2239 1323 2291 in
1353 2240 1542 2294 eadem
1579 2242 1687 2295 sint
1714 2251 1864 2297 veste
1889 2257 1904 2307 ;
1936 2259 2033 2298 nec
2064 2246 2204 2299 inter
2231 2260 2307 2299 :cs

740 2336 795 2381 et
842 2342 1032 2382 aurum
1086 2330 1175 2383 ubi
1226 2330 1459 2385 conﬂata
1516 2348 1621 2387 non
1677 2333 1899 2396 fuerint,
1954 2336 2303 2401 commistio,

733 2421 946 2476 etiamsi
978 2436 1039 2475 ea
1075 2423 1372 2494 conjuugat
1430 2441 1536 2479 una
1587 2436 1787 2482 Statua.
1836 2426 1928 2481 lla:
1963 2436 2141 2482 autem
2200 2430 2304 2481 rui-

731 2525 899 2569 stura:
960 2532 1239 2585 nunquam
1312 2526 1443 2571 sunt
1512 2518 1611 2571 nisi
1662 2534 1692 2573 e
1745 2521 1972 2574 materia
2039 2535 2299 2589 corporea

727 2621 916 2659 crassa
953 2621 966 2657 :
998 2608 1157 2676 cujus
1194 2608 1241 2662 si
1277 2624 1403 2677 pars
1442 2610 1581 2678 parti
1632 2599 1992 2678 conju'ugatur
2018 2650 2035 2674 ,
2065 2612 2301 2679 exempli

725 2700 899 2767 gratia
931 2700 975 2755 si
1005 2700 1293 2770 liquefacta
1325 2717 1400 2755 res
1427 2712 1479 2756 et
1507 2719 1698 2757 aurum
1727 2705 1893 2759 simul
1925 2703 2297 2766 effundantur,

725 2791 939 2843 eveniet
972 2793 1178 2845 ratione
1214 2794 1490 2847 mistionis
1528 2795 1755 2848 mutatio
1783 2804 1836 2849 et
1870 2797 2171 2864 corruptio;
2206 2810 2302 2849 ne-

723 2897 830 2951 que
858 2883 1004 2937 enim
1035 2894 1118 2938 est
1149 2886 1392 2940 massula
1434 2886 1535 2939 ista
1578 2887 1663 2939 vel
1713 2900 1902 2939 aurum
1938 2902 2132 2955 purum
2163 2927 2178 2951 ,
2212 2888 2299 2940 vel

724 2990 798 3028 res
830 2990 1025 3043 purum
1062 2991 1076 3027 :
1122 2990 1185 3029 ac
1231 2976 1333 3030 uisi
1381 2976 1771 3043 copulaventur
1807 2990 1870 3029 ac
1920 2992 2089 3029 uuutn
2137 2976 2297 3029 alteri

727 3067 1137 3136 adjungeretur,
1173 3079 1230 3119 ut
1257 3082 1375 3119 cum
1410 3067 1621 3135 torquis
1648 3081 1708 3120 ex
1743 3081 1848 3120 aere
1890 3080 2131 3135 auroque
2158 3079 2295 3119 con-

2426 587 2787 642 subsistentia
2816 602 2917 644 sua
2957 590 3173 646 divinus
3208 602 3377 658 esset,
3423 595 3601 649 instar
3641 594 3715 650 ﬁli
3757 602 3910 653 aurei
3954 603 4003 659 in

2426 686 2622 748 torque
2679 679 2950 749 plicatili,
3011 696 3107 738 aut
3151 685 3324 754 partis
3370 689 3657 745 exterioris
3711 690 3905 744 sericae
3952 692 4002 743 in

2423 779 2573 825 veste
2617 773 2859 842 duplici;
2897 776 3035 830 alter
3074 779 3379 843 humanus,
3427 781 3599 835 instar
3644 783 3718 837 fili
3762 785 3897 836 aenei
3949 786 4000 835 in

2421 868 2653 928 torque,
2697 863 2779 918 vel
2826 868 2996 932 partis
3042 866 3285 940 41-43
3331 872 3609 925 interioris
3656 889 3685 928 e
3743 875 4003 944 gossypio
4040 934 4043 937 Α

2422 951 2476 1004 in
2523 965 2695 1009 veste.
2747 955 3108 1027 Summopere
3157 972 3340 1016 autem
3390 964 3696 1018 mirandum
3731 976 3815 1020 est
3858 981 3998 1035 quo-

2422 1043 2587 1096 modo
2641 1061 2751 1100 non
2810 1050 3115 1119 percipiant
3164 1054 3451 1125 utriusque
3511 1059 3729 1124 generis
3776 1058 3994 1113 dissen-

2423 1129 2623 1186 tientes
2651 1146 2715 1187 ac
2745 1135 3147 1208 discrepantes,
3178 1156 3360 1210 neque
3399 1146 3704 1215 intelligant
3735 1160 3859 1200 esse
3889 1151 3999 1201 duo

2420 1222 2526 1276 ista
2547 1223 2819 1281 mistionis
2841 1226 3090 1303 [genera]
3117 1221 3388 1288 'misturas
3420 1238 3664 1292 materiae
3692 1254 3991 1308 corporeae.

2418 1330 2660 1385 crassas;
2693 1318 2779 1372 cui
2809 1321 2951 1374 nihil
2982 1326 3125 1379 inest
3159 1327 3450 1394 spiritalis,
3483 1330 3725 1397 subtilis,
3786 1334 3993 1397 tenuis;

2417 1410 2664 1479 adeoque
2698 1428 2805 1466 neu
2835 1428 2997 1482 posse
3029 1420 3315 1473 materiam
3350 1436 3595 1476 crassam
3621 1463 3638 1489 ,
3672 1429 3807 1480 duos
3858 1428 3996 1481 istos

2416 1502 2690 1557 mistionis
2740 1506 2931 1560 modos
2964 1508 3176 1562 vitare:
3229 1512 3278 1564 si
3314 1514 3458 1565 enim
3497 1514 3656 1567 inista
3686 1514 3853 1570 fuerit
3895 1518 3998 1569 mi-

2416 1591 2594 1645 stione
2626 1609 2749 1660 quae
2782 1596 3130 1650 coalitionetu
3166 1612 3230 1652 ac
3279 1602 3736 1669 compositionem
3774 1600 3998 1675 [infert]

2415 1683 2481 1737 ad
2516 1686 2873 1740 mutationem
2900 1697 2954 1742 et
2980 1690 3389 1759 corruptionem
3417 1695 3619 1761 vergit;
3666 1695 3749 1749 sin
3800 1700 3992 1749 eodem

2414 1788 2523 1842 quo
2550 1774 2729 1831 fuerat
2745 1785 2887 1831 statu
2916 1791 3256 1847 permaneat,
3289 1798 3465 1852 neque
3490 1786 3776 1849 coalescit,
3811 1803 3993 1856 neque

2414 1874 2902 1937 contemperautur
2949 1881 3133 1941 partes
3186 1874 3396 1941 ipsius,
3450 1876 3690 1943 adeoque
3732 1891 3844 1929 non
3889 1881 3993 1930 alia.

2415 1961 2624 2015 ratione
2658 1962 2956 2016 miscentur
2989 1980 3151 2033 quam
3206 1980 3267 2017 ea
3302 1982 3423 2032 quae
3470 1967 3631 2021 facile
3663 1978 3994 2037 separantur

2414 2058 2577 2116 atque
2617 2049 2987 2117 divelluntur,
3041 2054 3254 2107 etiamsi
3298 2070 3359 2107 ea
3413 2058 3758 2125 conjuuxerit
3813 2069 3991 2114 statua

2416 2159 2542 2206 una,
2592 2144 2759 2199 vestis
2805 2161 2941 2211 una,
2982 2148 3063 2200 vel
3106 2163 3202 2202 vas
3250 2165 3442 2201 unum.
3487 2149 3673 2219 Neque
3724 2156 3994 2219 reperitur

2415 2252 2655 2307 unquam
2686 2238 2738 2290 iu
2772 2254 2830 2291 re
2866 2240 3047 2306 aliqua
3083 2240 3355 2293 materiali
3386 2255 3653 2309 corporea
3689 2241 3830 2296 alius
3868 2245 3993 2311 quis

2412 2332 2654 2385 tnisturae
2690 2330 2883 2383 modus
2923 2339 3117 2400 praeter
3150 2332 3285 2387 istos
3313 2334 3476 2399 duos,
3547 2334 3628 2388 vel
3661 2336 3751 2403 qui
3794 2351 3993 2389 corru-

2418 2423 2657 2493 ptionem
2693 2421 2908 2495 [infert]
2932 2423 3011 2477 vel
3054 2427 3476 2493 scparatiouem,
3512 2426 3616 2480 nisi
3637 2440 3762 2479 cum
3804 2428 3995 2480 inistio

2412 2518 2650 2570 duorutn
2686 2517 2761 2569 sit
2792 2532 3026 2585 quorum
3067 2518 3296 2570 alterum
3330 2518 3605 2571 materiale
3636 2533 3992 2587 corporeum,

2410 2610 2643 2663 alterum
2694 2618 2858 2664 tenue
2897 2611 2968 2664 sit
3012 2620 3067 2663 et
3105 2610 3377 2679 spiritale.
3431 2610 3527 2661 llic
3564 2619 3747 2662 autem
3790 2612 3997 2663 tertius

2406 2709 2489 2753 est
2539 2700 2810 2753 mistionis
2846 2700 3075 2761 modus,
3119 2716 3241 2768 qua:
3284 2709 3338 2754 et
3381 2715 3505 2753 vere
3554 2702 3737 2753 mist:o
3788 2712 3872 2755 est
3909 2700 3995 2771 [in

2403 2793 2509 2846 alio
2557 2793 2853 2861 exemplari
2905 2801 3010 2857 est,
3045 2794 3227 2848 mistio
3267 2794 3498 2865 natura]
3548 2795 3752 2863 alisque
3786 2796 3993 2849 confu-

2402 2887 2578 2947 sione,
2616 2886 3014 2949 conversione,
3064 2888 3452 2954 corruptione,
3499 2894 3591 2939 aut
3638 2894 3993 2955 separatione

2402 2978 2756 3045 partitionis;
2786 2993 2970 3032 verum
2998 2987 3083 3031 est
3111 2979 3336 3031 iuistura
3368 2993 3475 3048 qua
3506 2987 3753 3046 penetrat
3786 2988 3990 3032 natura

2402 3069 2691 3137 spiritalis,
2716 3069 2955 3133 subtilis,
2989 3078 3238 3120 naturam
3266 3069 3601 3120 materialem
3634 3083 3987 3136 corpoream,

728 3159 909 3211 tieitur
934 3198 947 3222 ,
987 3167 1133 3212 esset
1189 3157 1457 3212 mistionis
1515 3157 1708 3211 modus
1748 3157 2080 3227 separationi
2120 3158 2291 3213 obno-
2320 3171 2363 3230 ο
2399 3161 2575 3215 donec
2612 3175 2710 3229 per
2750 3160 2923 3229 ipsam
2963 3168 3129 3214 totam
3176 3159 3536 3223 diﬂ‘undatur,
3564 3166 3796 3226 totaque
3827 3176 3988 3212 com-

725 3253 870 3316 xius,
907 3253 999 3321 qui
1030 3252 1247 3307 neruine
1274 3252 1547 3307 mistionis
1580 3252 1836 3321 indignus
1864 3262 1970 3307 est.

792 3346 971 3414 Atque
1007 3348 1059 3399 in
1098 3346 1199 3401 hos
1229 3348 1366 3402 duos
1403 3348 1597 3402 modos
1631 3348 1975 3417 impegerunt
2002 3346 2297 3404 Nestorius

721 3438 950 3508 ejusque
998 3440 1241 3503 asseclze,
1285 3450 1337 3493 et
1364 3438 1603 3494 Jacobus
1642 3448 1695 3494 et
1726 3439 1958 3495 Severus
1987 3450 2044 3494 et
2075 3441 2296 3495 Diosco-

724 3545 854 3594 rus,
903 3539 955 3585 et
1007 3528 1310 3601 Eutychius
1365 3546 1667 3599 eorumque
1716 3547 2002 3602 sequaces.
2055 3530 2295 3587 Jacohus

723 3626 985 3695 quidem,
1023 3640 1169 3692 nque
1204 3639 1437 3693 quorum
1479 3626 1698 3677 nomina
1748 3625 2003 3679 recensui
2028 3666 2041 3688 ,
2077 3627 2293 3681 tnistie~

725 3733 851 3772 nem
888 3717 1206 3770 mutationis
1239 3724 1291 3771 et
1324 3717 1699 3786 corruptionis
1730 3717 2002 3787 amplexi,
2039 3733 2292 3774 asserue-

719 3818 850 3863 runt
895 3817 1147 3862 naturam
1183 3808 1423 3862 divinam
1470 3818 1524 3862 et
1560 3818 1811 3863 naturam
1852 3811 2145 3864 humanam
2182 3810 2292 3883 40

720 3902 775 3954 in
835 3916 943 3953 uno
994 3900 1216 3953 Christo
1259 3900 1576 3952 commistas
1622 3898 1825 3964 fuisse,
1876 3902 2160 3971 ipsumque
2193 3904 2293 3955 ha-

720 3995 908 4048 buisse
955 3992 1367 4047 subsistentiam
1396 3978 1566 4044 unam
1604 3991 1655 4043 in
1692 4001 1885 4045 natura
1924 4008 2029 4045 una
2065 4008 2290 4062 compo-

718 4089 878 4141 sitam
925 4102 988 4140 εκ
1034 4086 1248 4139 duabus
1296 4085 1507 4138 naturis
1550 4083 1821 4149 diversis,
1858 4084 2042 4138 divina
2077 4086 2291 4141 scilicet

718 4190 771 4233 et
802 4181 1077 4244 humana;
1126 4176 1361 4247 professi
1402 4193 1531 4244 ergo
1568 4185 1696 4231 sunt
1741 4192 1835 4231 eas
1874 4185 2118 4233 mutatas
2144 4193 2286 4233 esse:

718 4273 956 4328 mutatio
1010 4278 1191 4324 autem
1247 4270 1531 4337 corruptio
1586 4279 1690 4323 est.
1750 4270 1927 4338 Atque
1986 4269 2091 4324 hoc
2145 4270 2291 4324 dicto

718 4367 887 4433 impio
915 4365 1007 4419 Dei
1038 4372 1286 4417 naturam
1312 4362 1686 4417 accidentibus
1711 4369 1763 4414 et
1787 4361 1950 4413 morti
1976 4363 2291 4417 necessario

2406 3252 2724 3315 misceatur,
2755 3265 2929 3318 neque
2961 3260 3239 3305 remaneat
3269 3255 3424 3306 locus
3455 3252 3565 3321 44
3590 3253 3735 3305 ullus
3767 3264 3989 3306 natura:

2404 3342 2706 3398 niaterialis
2734 3356 2942 3397 vacuus
2989 3351 3183 3396 natura
3220 3343 3485 3411 spiritali,
3522 3342 3640 3396 sine
3675 3346 3989 3396 ιιιιιιτιιὶοιιυ

2401 3451 2515 3503 qua
2562 3444 2803 3488 mutetur
2851 3435 2937 3489 vel
2984 3435 3247 3503 spiritalis
3287 3449 3317 3488 a
3357 3444 3551 3488 natura
3590 3449 3691 3487 sua
3741 3435 3985 3503 spiritali

2404 3528 2613 3591 subtili,
2634 3527 2721 3582 vel
2746 3541 3008 3589 corporea
3036 3526 3335 3581 materialis
3358 3541 3389 3580 a
3416 3536 3613 3581 natura
3639 3541 3740 3581 sua
3763 3542 3986 3585 crass...

2404 3617 2709 3683 materiali,
2780 3633 2845 3671 ac
2912 3619 3031 3672 sine
3087 3617 3411 3672 alteratione
3468 3625 3561 3671 aut
3625 3619 3988 3687 corruptione

2404 3712 2669 3765 utriusvis
2693 3747 2711 3773 ,
2752 3709 2928 3763 instar
2963 3709 3238 3763 mistionis
3280 3709 3476 3763 animae
3507 3718 3561 3762 et
3600 3714 3849 3779 corporis
3887 3721 3983 3764 aut

2401 3804 2544 3873 ignis
2576 3813 2628 3857 et
2663 3802 2792 3856 ferri
2830 3803 2883 3855 iu
2918 3801 3106 3854 eadem
3143 3814 3339 3868 pruna,
3379 3815 3499 3868 quae
3533 3814 3638 3852 una
3667 3810 3752 3854 est
3792 3803 3982 3856 subsi-

2400 3894 2619 3959 stentia,
2655 3908 2685 3947 e
2714 3902 2909 3947 natura
2947 3892 3092 3959 ignis
3119 3889 3406 3956 conjuncta
3437 3904 3500 3943 ac
3539 3890 3822 3944 comlnista
3850 3907 3978 3945 eam

2400 3998 2593 4042 natura
2626 3987 2755 4041 ferri
2787 3986 2905 4040 sine
2937 3983 3285 4053 separatione
3314 3992 3408 4037 aut
3435 3983 3725 4048 divisione,
3763 4000 3827 4035 ac
3858 3986 3985 4038 sine

2401 4078 2746 4142 confusione,
2793 4076 3148 4130 conversione
3180 4085 3274 4128 aut
3311 4077 3691 4143 corruptione,
3735 4076 3981 4129 diffusus

2402 4183 2484 4227 est
2518 4172 2738 4225 interim
2769 4170 2908 4239 ignis
2942 4184 3038 4238 per
3073 4169 3388 4221 universum
3418 4167 3645 4231 ferrum,
3682 4176 3979 4238 totumque

2401 4265 2618 4329 induit;
2658 4261 3080 4318 communicavit
3113 4260 3278 4315 etiam
3309 4258 3453 4312 ferro
3485 4260 3782 4328 potentiam
3813 4278 3974 4315 suam

2395 4369 2447 4412 et
2499 4360 2669 4411 lucem
2722 4370 2910 4419 suam,
2958 4361 3012 4408 et
3058 4353 3167 4407 vim
3216 4350 3600 4416 comhurendi,
3648 4354 3786 4407 adeo
3829 4364 3891 4407 ut
3922 4366 3976 4409 et

716 4458 1008 4513 obnoxiam
1039 4456 1295 4520 reddunt,
1331 4470 1394 4509 ac
1418 4453 1695 4509 Christum
1733 4469 1833 4507 nec
1872 4452 2040 4508 Deutn
2077 4470 2284 4521 verum,
2323 4486 2364 4541 υ
2398 4452 2577 4503 luceat
2620 4447 2845 4511 ferrum,
2883 4454 2938 4500 et
2966 4454 3124 4510 urat;
3167 4454 3223 4499 at
3252 4444 3388 4499 nihil
3417 4445 3521 4498 sibi
3553 4447 3621 4499 de
3651 4446 3972 4514 impotentia

719 4567 821 4606 nec
861 4565 1048 4604 verum
1097 4550 1371 4602 hominem
1417 4546 1780 4611 constituunt,
1813 4546 1988 4600 instar
2029 4548 2285 4601 massulze

716 4658 783 4697 ex
820 4655 959 4693 auro
996 4647 1051 4694 et
1083 4654 1189 4693 aere
1233 4637 1497 4692 conﬂatae.
1545 4634 1832 4689 Nestorius
1875 4649 2005 4689 vero
2054 4637 2284 4705 ejusque

719 4745 984 4801 sequaces
1031 4729 1344 4783 mistionem
1400 4741 1523 4797 quae
1576 4724 1819 4793 separari
1882 4733 2046 4794 atque
2100 4724 2282 4778 divelli

718 4827 896 4897 possit
937 4823 1197 4893 attingunt
1219 4861 1234 4885 ,
1267 4827 1612 4873 autumantes
1647 4818 1926 4873 Christum
1962 4832 2131 4871 unum
2161 4830 2284 4871 esse

718 4921 936 4975 duabus
998 4915 1210 4970 naturis
1273 4911 1509 4966 diversis
1566 4918 1951 4973 constantem,
2004 4907 2187 4962 divina
2234 4915 2287 4961 et

717 5015 993 5075 humana,
1039 5009 1284 5077 duasque
1339 5005 1625 5059 habentem
1671 5001 2060 5056 subsistentias
2104 5013 2283 5063 notas,

719 5104 959 5157 divinam
995 5110 1156 5169 atque
1184 5097 1503 5160 humanam,
1536 5108 1600 5147 ac
1631 5093 1942 5147 mistionem
1973 5098 2286 5145 statuerunt

718 5196 837 5263 qtize
886 5192 1157 5260 separatio
1203 5192 1311 5253 sit,
1362 5193 1537 5243 instar
1580 5185 1792 5256 torquis
1837 5200 1866 5238 e
1919 5184 2132 5236 duobus
2177 5182 2284 5235 filis

716 5301 948 5356 quorum
997 5286 1226 5339 alterum
1263 5264 1491 5335 aureum
1525 5280 1598 5333 sit
1640 5279 1872 5332 alterum
1906 5290 2116 5330 sericum
2151 5288 2285 5329 con-

716 5380 888 5446 iecti;
926 5387 1020 5431 aut
1063 5378 1227 5431 vestis
1275 5374 1545 5444 duplicis,
1577 5373 1732 5441 cujus
1768 5384 1897 5440 pars
1939 5367 2179 5422 exterior
2213 5369 2285 5421 sit

717 5474 895 5529 serica
949 5472 1174 5525 interior
1225 5469 1557 5538 gossypina,
1614 5466 1757 5519 inter
1810 5477 1945 5531 quas
2002 5461 2149 5514 nulla
2199 5470 2283 5514 est

718 5567 947 5621 mistura
980 5564 1095 5619 sive
1128 5571 1334 5616 natura:
1366 5562 1480 5616 sive
1514 5559 1887 5616 subsistentia:
1918 5575 1933 5612 :
1975 5570 2150 5623 neque
2182 5554 2282 5605 hac

718 5657 930 5710 ratione
963 5655 1027 5709 ad
1071 5653 1190 5708 illos
1236 5660 1447 5721 spectat
1486 5649 1767 5704 Christum
1810 5660 1973 5700 unum
2018 5642 2279 5706 credere;

718 5748 990 5817 siquidem
1022 5754 1106 5801 est
1136 5744 1346 5813 torquis
1376 5742 1756 5809 complicatus,
1790 5748 2009 5806 torques
2042 5734 2153 5789 hirti
2178 5773 2191 5795 ,
2229 5744 2281 5784 et

714 5840 883 5895 \‘csiis
908 5838 1132 5898 duplex.
1158 5838 1295 5893 binae
1329 5847 1542 5897 vestes;
1573 5833 1872 5898 eodemque
1899 5829 2058 5883 modo
2090 5823 2277 5891 [esset]

2394 4538 2522 4592 ferri
2545 4536 2864 4603 assumpsit,
2894 4535 3009 4589 sive
3034 4534 3397 4604 nigredinem,
3423 4534 3536 4589 sive
3564 4534 3758 4603 frigus.
3792 4536 3974 4604 Atque

2391 4627 2692 4681 secundum
2718 4626 2863 4679 hunc
2891 4625 3160 4679 mistionis
3184 4624 3408 4679 modum
3435 4625 3705 4693 disposuit
3727 4623 3967 4679 Verbum

2392 4720 2484 4773 Dei
2523 4732 2739 4779 ercans,
2768 4716 3079 4770 rnistiouem
3112 4729 3269 4770 suam
3303 4730 3429 4767 cum
3464 4724 3661 4768 natura
3701 4716 3965 4775 humana,

2390 4820 2583 4881 estque
2629 4809 2885 4864 Christus
2935 4822 3111 4869 unus,
3146 4804 3317 4861 Filius
3350 4803 3444 4858 Dei
3479 4806 3699 4870 unicus,
3742 4821 3774 4859 a
3808 4806 3968 4861 Patre

2391 4912 2517 4956 ante
2552 4901 2734 4955 omnia
2764 4899 2961 4954 saecula
2990 4898 3227 4967 genitus,
3258 4896 3441 4950 lumen
3464 4896 3531 4951 de
3555 4897 3791 4960 lumine,
3824 4897 3964 4949 Dens

2387 5007 2549 5048 verus
2572 4993 2638 5046 de
2661 4990 2771 5046 Deo
2797 5004 2947 5053 vero,
2974 4989 3189 5057 genitus
3214 5002 3321 5041 non
3348 4999 3592 5051 creatus,
3618 4986 3689 5041 de
3712 4989 3943 5040 substau

2390 5086 2463 5137 tia
2490 5095 2551 5143 et
2587 5093 2778 5137 natura
2814 5082 2990 5135 Patris
3023 5080 3129 5143 sui,
3172 5090 3335 5149 atque
3370 5079 3486 5147 ipse
3520 5077 3661 5130 idem
3699 5085 3865 5132 natus
3898 5095 3959 5131 cv

2386 5177 2556 5231 Maria
2587 5175 2809 5245 Virgine
2842 5172 2895 5227 in
2928 5174 3034 5226 fine
3067 5171 3350 5239 temporis,
3371 5161 3429 5222 in
3449 5170 3806 5224 subsistentia
3837 5187 3963 5230 una,

2388 5271 2686 5342 [videlicet]
2716 5266 3074 5323 subsistentia
3110 5264 3231 5317 Filii
3267 5264 3356 5317 Dei
3390 5266 3536 5317 unici
3559 5278 3682 5331 quae
3711 5276 3973 5330 compre~
4014 5255 4021 5259 ’

2388 5363 2578 5419 hendit
2602 5363 2736 5415 duas
2765 5360 2926 5414 simul
2954 5370 3220 5419 naturas;
3255 5356 3495 5410 divinam
3527 5370 3650 5422 qua:
3679 5369 3968 5421 nunquam

2386 5472 2493 5510 non
2527 5454 2664 5521 fuit,
2716 5454 2771 5506 in
2821 5450 3118 5521 principio,
3158 5456 3211 5501 et
3246 5457 3373 5501 ante
3395 5460 3556 5500 omne
3596 5445 3965 5513 principium;

2386 5559 2439 5600 et
2475 5547 2793 5606 humanam,
2832 5558 2949 5611 qua:
2985 5543 3121 5594 facta
3155 5549 3238 5595 est
3274 5540 3327 5591 in
3371 5541 3475 5591 line
3512 5536 3801 5602 temporis,
3838 5535 3973 5588 sub-

2385 5642 2579 5693 sistere
2612 5636 2752 5690 facta
2791 5650 2883 5705 per
2917 5633 3328 5689 subsistentiam
3369 5641 3655 5690 :eternam,
3699 5637 3894 5692 estque
3917 5627 3974 5679 is

2382 5729 2623 5801 45-47
2672 5728 2922 5781 Christus
2974 5740 3114 5778 unus
3164 5720 3521 5777 subsistentia
3577 5732 3683 5771 ttua
3736 5725 3974 5779 aeterna,

2384 5829 2516 5880 duas
2548 5817 2750 5877 habens
2785 5831 3005 5875 naturas
3033 5856 3049 5883 ,
3084 5817 3352 5879 divinam,
3387 5828 3506 5880 qua:
3542 5821 3822 5878 nunquam
3853 5821 3967 5860 non
