4200 6432
239 402 369 465 1οΗ

1677 407 2051 471 ANNALES.

3359 427 3489 489 illi]

234 513 379 579 fuit;
414 520 467 567 et
501 513 835 577 humanam,
874 531 1036 584 qna'u
1085 517 1187 573 sibi
1230 520 1470 581 creavit.
1518 530 1577 575 ut
1606 522 1655 576 ei
1690 522 1812 574 nni-
1844 520 1890 578 Α
1921 522 2224 581 subsistere
2258 525 2387 581 fecit
2420 524 2770 582 subsistentia
2807 544 2903 584 sua
2926 572 2940 589 .
3001 531 3217 601 sibique
3262 552 3315 590 Ill
3352 546 3488 591 tem-

233 616 408 669 rctur,
459 621 528 662 ex
562 606 731 661 Maria
780 608 1023 678 Virgine.
1070 610 1274 683 Estque
1318 613 1677 671 subsistentia
1724 619 1812 675 illa

232 699 411 767 ipsius
439 700 799 754 subsistentia
837 711 1045 755 naturae
1071 703 1267 760 divina:
1291 714 1344 759 et
1378 716 1588 762 natura:
1621 709 1814 764 huma-

230 806 343 849 nae.
400 802 688 861 utramque
726 794 1200 862 comprelwndens
1233 798 1352 852 sine
1393 800 1645 855 mistione
1679 802 1813 859 alte-

227 885 468 949 ratinui,
528 893 622 939 aut
667 889 1021 956 corruptione
1067 892 1400 960 separationi
1441 902 1495 949 et
1550 894 1807 953 divisioni

226 976 491 1047 obnoxia.

299 1065 422 1122 Non
458 1070 618 1125 desiit
650 1072 1255 1133 subsistentianatura}
1289 1082 1490 1138 divina:
1518 1098 1639 1139 esse
1672 1087 1807 1142 sub-

227 1158 482 1215 sistentia
530 1173 739 1219 natura:
787 1166 1039 1223 humana:
1070 1185 1194 1225 eum
1247 1173 1422 1243 ipsam
1471 1186 1721 1241 crearet,
1754 1189 1808 1235 et

229 1248 435 1307 faceret
484 1268 579 1321 per
608 1256 1022 1314 subsistentiam
1054 1275 1209 1315 suam
1241 1262 1360 1318 sine
1391 1280 1499 1335 qua
1531 1281 1639 1321 non
1676 1270 1807 1325 sub.

228 1341 399 1407 sistit,
430 1360 652 1414 quaque
684 1358 909 1419 excepta
946 1367 1056 1406 non
1093 1362 1179 1409 est
1207 1354 1297 1408 alii
1325 1359 1564 1427 cognita.
1600 1357 1805 1431 Estque

228 1449 346 1502 ipse
394 1435 649 1494 Christus
691 1456 836 1498 unus
886 1453 1013 1499 ante
1055 1446 1529 1517 incarnationem,
1585 1460 1639 1507 et
1684 1467 1806 1524 post

228 1526 693 1596 incarnationem,
720 1534 835 1602 ipse
862 1535 1005 1590 idem
1037 1532 1253 1608 genitus
1275 1557 1305 1596 a
1332 1542 1492 1599 Patre
1518 1544 1570 1600 in
1597 1548 1806 1605 unitate

226 1634 479 1689 personae
539 1623 851 1692 ﬁliationis,
908 1628 1114 1687 habens
1161 1635 1525 1692 substantiam
1562 1640 1802 1695 divinam

225 1711 558 1783 simplicem,
605 1728 732 1772 ante
762 1722 943 1777 omnia
976 1726 1207 1789 szecula,
1238 1728 1357 1783 sine
1387 1740 1593 1798 matre;
1626 1733 1803 1788 idem-

225 1820 334 1873 que
367 1817 533 1865 natus
556 1824 622 1865 ex
653 1810 823 1868 Maria
856 1816 1063 1873 ultimis
1096 1823 1433 1891 temporibus
1472 1827 1593 1881 sine
1622 1825 1800 1891 Patre,

225 1894 279 1947 in
312 1899 525 1953 unitale
551 1900 796 1970 ejusdem
831 1905 1005 1974 ipsius
1039 1923 1311 1979 personae,
1340 1929 1370 1968 e
1398 1915 1612 1972 duabus
1643 1918 1803 1973 simul

223 1989 558 2047 substantiis
608 2007 904 2064 consmns,
955 1999 1137 2056 divina
1184 2012 1239 2059 et
1288 2005 1523 2062 humana
1554 2050 1569 2074 ,
1612 2012 1665 2066 in
1713 2013 1803 2068 illa

224 2096 458 2149 persona
496 2086 802 2155 conjunctis
830 2132 845 2154 ,
883 2090 1136 2150 Christus
1178 2114 1345 2165 unus,
1379 2110 1431 2155 et
1464 2102 1603 2158 ﬁlius
1634 2122 1802 2171 unus,

220 2189 388 2241 quem
428 2178 699 2236 allocutus
731 2192 813 2236 est
845 2182 1011 2241 Pater
1043 2203 1073 2242 e
1113 2191 1268 2246 cmlis
1300 2193 1511 2250 duobus
1547 2196 1599 2251 in
1643 2199 1799 2265 locis,

221 2268 439 2322 scilicet
494 2270 661 2327 ﬂuvio
715 2273 969 2334 Jordanis
1023 2282 1111 2336 die
1168 2283 1445 2354 baptismi,
1511 2298 1565 2342 et
1618 2302 1802 2348 monte

222 2356 451 2415 Thabor
478 2362 565 2419 die
592 2367 1113 2439 transﬁgurationis,
1138 2376 1321 2431 dicens
1348 2396 1361 2431 ε
1398 2377 1500 2433 llic
1528 2389 1602 2435 est
1630 2380 1798 2439 Filius

222 2464 371 2503 meus
418 2452 641 2510 dilectus
682 2448 736 2511 in
805 2476 907 2529 quo
950 2462 1079 2515 mihi
1126 2468 1423 2535 complacui
1458 2473 1497 2539 ί,
1565 2489 1800 2543 eumque

220 2544 575 2612 conpellavit
606 2547 791 2619 Maria,
826 2550 1098 2627 [dicens]:
1132 2556 1233 2612 Fili
1264 2562 1374 2626 mi,
1401 2579 1506 2617 non
1543 2575 1627 2620 est
1653 2567 1796 2625 ﬁlius

220 2633 426 2698 Patris,
473 2638 647 2703 alius;
675 2650 730 2696 et
780 2643 924 2701 ﬁlius
951 2646 1164 2714 Mariae,
1199 2652 1379 2719 alius;
1423 2656 1566 2711 absit
1609 2670 1666 2713 ut
1698 2660 1796 2716 hoc

218 2725 469 2783 dicatur!
527 2746 633 2785 non
692 2736 836 2790 enim
896 2750 1203 2797 nascuntur
1265 2755 1511 2813 naturae;
1570 2766 1694 2805 nam
1748 2755 1794 2807 si

216 2828 439 2887 pareret
462 2824 660 2878 mulier
678 2839 951 2896 naturam,
976 2847 1197 2889 necesse
1227 2848 1371 2893 esset
1394 2841 1578 2913 11148
1606 2860 1795 2903 omnes

218 2911 479 2965 mulieres
505 2924 778 2983 parerent,
804 2935 927 2975 cum
963 2938 1067 2976 una
1104 2934 1298 2981 natura
1326 2911 1515 2987 omnes
1540 2911 1794 2996 homines
1833 2990 1843 2998 .

216 3004 652 3068 comprehendat
680 3024 695 3066 ;
738 3011 831 3063 sed
864 3027 1173 3068 nasrunlur
1202 3033 1448 3084 persona:
1478 3041 1491 3078 :
1529 3039 1627 3079 nec
1654 3029 1794 3097 parit

214 3094 418 3148 mulier
466 3096 605 3151 duas
653 3115 914 3169 personas
955 3120 1110 3174 partu
1155 3125 1299 3174 uno,
1350 3115 1458 3169 nisi
1505 3094 1790 3175 cum'uni-

1835 1856 1882 1933 Β

1916 617 2061 688 plum
2092 619 2326 683 creavit,
2360 633 2484 671 cum
2522 635 2630 674 non
2664 632 2809 676 esset
2844 623 3159 681 humanitas
3192 629 3295 681 ista
3332 641 3485 684 ante-

1914 720 2076 775 quam
2111 708 2378 763 resideret
2412 710 2645 767 Verbum
2680 714 2771 767 Dei
2808 714 2861 767 in
2897 714 3087 778 Maria,
3127 734 3305 788 neque
3334 737 3485 773 crea-

1914 808 2086 866 retur,
2133 817 2312 874 neque
2356 806 2464 860 ulla
2512 807 2683 873 ipsius
2727 808 3085 862 subsistentia
3140 821 3263 863 nota
3311 826 3481 875 esset,

1912 890 2087 948 donec
2140 896 2192 949 in
2247 897 2418 967 ipsam
2469 900 2732 955 resideret
2779 904 3138 957 subsistentia
3192 904 3311 957 Filii
3368 906 3482 967 Dei,

1912 1000 2032 1052 qua:
2065 985 2204 1040 facta
2233 998 2317 1043 est
2346 992 2448 1059 ipsi
2485 991 2861 1047 subsistentia.
2896 994 3082 1064 Neque
3114 1011 3351 1062 unquam
3386 998 3484 1050 init

1910 1088 2038 1127 caro
2072 1075 2175 1129 ista
2199 1114 2213 1138 ,
2249 1093 2314 1130 ex
2348 1094 2456 1147 quo
2490 1082 2612 1145 fuit,
2654 1083 2759 1136 alia
2799 1099 2960 1153 quam
2998 1101 3128 1139 caro
3159 1085 3323 1141 Verbi
3364 1086 3479 1151 Dei;

1910 1182 2088 1238 neque
2137 1186 2403 1239 unquam,
2459 1187 2523 1227 ex
2581 1190 2688 1244 quo
2718 1176 2814 1229 fuit
2874 1191 3003 1230 caro
3050 1178 3228 1231 anima
3274 1178 3481 1232 intelli-

1909 1261 2052 1327 geuti
2102 1262 2351 1317 rationali
2401 1266 2653 1333 prmdita,
2706 1266 2864 1321 aliter
2912 1267 3104 1321 habuit
3145 1284 3308 1337 quam
3352 1284 3481 1323 caro

1910 1352 2069 1407 Verbi
2102 1353 2216 1418 Dei,
2251 1371 2427 1425 neque
2458 1356 2617 1410 aliter
2646 1370 2773 1413 nota
2805 1368 2889 1415 est
2916 1374 3157 1429 unquam
3192 1375 3354 1425 quam
3383 1375 3481 1428 per

1908 1445 2318 1502 subsistentiam
2352 1447 2517 1503 Verbi
2552 1449 2677 1514 Dei;
2715 1460 2801 1505 est
2831 1450 2998 1517 igitur
3027 1451 3141 1520 ipse
3175 1450 3347 1506 Filius
3385 1450 3480 1503 Dei

1907 1540 2103 1594 unicus
2129 1554 2157 1592 a
2183 1540 2345 1595 Patre
2384 1542 2503 1597 sine
2529 1550 2703 1598 matre
2740 1543 2978 1613 genitus,
3012 1558 3041 1596 a
3070 1551 3242 1597 matre
3268 1541 3478 1614 [natus]

1908 1630 2025 1685 sine
2062 1631 2241 1697 Patre,
2273 1633 2525 1704 idemque
2554 1634 2726 1690 Filius
2757 1634 2868 1699 Dei,
2896 1642 2950 1712 et
2979 1634 3146 1690 Filius
3171 1633 3376 1688 Mariae.

1977 1725 2170 1781 Unitas
2202 1735 2382 1781 autem
2416 1727 2486 1782 ob
2514 1730 2929 1785 subsistentiam
2956 1741 3042 1784 eSt
3066 1744 3187 1782 cum
3221 1726 3477 1783 Christus

1908 1820 2045 1875 duas
2069 1819 2278 1875 habens
2303 1830 2530 1876 naturas
2559 1822 2853 1890 perfectas,
2882 1821 3191 1877 substantia
3216 1818 3478 1894 diﬁ‘eren-

1910 1922 2013 1977 tes,
2046 1930 2279 1983 quarum
2315 1923 2545 1985 utraque
2571 1930 2637 1968 ex
2668 1916 2784 1970 suis
2821 1916 3052 1970 seorsim
3078 1906 3394 1967 actionibus
3426 1918 3479 1965 et

1906 2006 2189 2061 voluntate
2233 2021 2331 2061 sua
2371 2006 2585 2074 cognita
2623 2013 2743 2069 est,
2788 2021 2911 2059 cum
2959 2007 3195 2076 ipsarum
3246 2014 3477 2070 utraque

1905 2098 2185 2154 voluntate
2226 2112 2324 2152 sua
2358 2098 2529 2162 velit;
2554 2108 2605 2152 et
2639 2100 2950 2153 actionibus
2977 2100 3103 2179 'snis
3140 2104 3286 2165 agat.
3320 2094 3473 2160 Quod

1905 2188 1949 2243 si
1986 2187 2241 2243 Christus
2280 2203 2423 2243 unus
2467 2195 2609 2243 esset
2640 2189 2757 2243 sine
2792 2189 3001 2244 unitate
3030 2201 3311 2256 personae,
3348 2200 3472 2240 cum

1904 2294 1965 2336 ea
2004 2260 2109 2347 qua
2157 2279 2419 2351 prmditus
2463 2278 2545 2335 es't
2590 2261 2913 2333 naturarum
2964 2278 3331 2347 discrepantia
3366 2291 3473 2328 non

1903 2372 2220 2427 conveniret
2246 2354 2327 2425 ἰιι
2359 2388 2498 2426 unus
2532 2372 2843 2436 haberetur,
2876 2372 3267 2425 nisinaturam
3301 2368 3473 2437 ipsius

1902 2467 2361 2536 complecteretur
2391 2466 2748 2521 subsistentia
2784 2480 2914 2519 una.
2956 2464 3236 2534 Siquidem
3273 2478 3471 2515 nurne-

1901 2572 1994 2612 rus
2023 2558 2167 2612 cadit
2196 2559 2249 2611 in
2272 2558 2668 2627 personas,etsi
2697 2556 2863 2611 fuerit
2904 2567 3111 2621 natura
3135 2567 3237 2607 una
3264 2570 3279 2618 ;
3311 2568 3471 2607 secus

1900 2648 2005 2719 52
2037 2650 2181 2702 enim
2227 2665 2336 2703 non
2377 2649 2597 2704 caderet
2633 2662 2895 2702 numerus
2929 2648 2984 2701 in
3031 2646 3292 2701 unitatem
3338 2646 3474 2699 sub-

1900 2743 2115 2797 stantia:
2150 2742 2238 2797 Dei
2280 2740 2364 2812 [ut
2388 2741 2865 2813 essetiTrinitas,
2902 2755 3024 2794 cum
3062 2741 3133 2793 sit
3176 2740 3290 2808 ipse
3326 2752 3470 2790 unus

1893 2831 2064 2903 ‘Deus.
2092 2832 2335 2887 Trinitas
2367 2848 2493 2885 vero
2520 2833 2572 2884 in
2599 2847 2863 2900 personas
2891 2830 3057 2887 cadit.
3093 2829 3278 2900 Neque
3304 2829 3469 2882 cade-

1896 2933 1980 2981 ret
2011 2941 2273 2979 numerus
2307 2925 2359 2978 in
2398 2924 2683 2987 homines,
2718 2940 2824 2994 qua
2860 2925 3016 2977 multi
3050 2930 3370 2991 repntentur
3401 2922 3470 2975 ob

1897 3016 2346 3079 multitudinem,
2381 3031 2504 3070 cum
2536 3031 2628 3070 eos
2656 3008 3081 3085 comprehendat
3107 3025 3299 3068 natura
3338 3028 3466 3076 una;

1895 3108 2163 3180 siquidem
2204 3123 2395 3161 omnes
2424 3090 2568 3162 unus
2602 3109 2759 3161 homo
2786 3117 3008 3175 essent;
3055 3124 3238 3161 verum
3280 3123 3469 3177 perso-

214 3186 419 3255 cuique
455 3206 705 3258 personae
740 3195 812 3249 sit
846 3206 1035 3265 partus
1064 3203 1312 3269 sparsim,
1346 3216 1401 3260 ιη
1439 3208 1490 3262 in
1524 3213 1788 3276 gemellis,
1817 3196 1862 3259 C
1897 3218 2088 3255 narum
2120 3201 2396 3255 distinctio
2428 3202 2479 3253 in
2506 3216 2666 3254 causa
2697 3211 2778 3253 est
2806 3213 2861 3255 ut
2898 3201 3051 3254 multi
3083 3211 3463 3255 numerentur.

214 3279 330 3333 Nec
375 3286 633 3340 convenit
667 3298 726 3342 ut
770 3288 883 3342 sint
929 3292 1016 3344 nni
1055 3309 1291 3363 unquam
1332 3302 1406 3353 rei
1439 3300 1580 3357 binae
1618 3308 1794 3361 subsi-

212 3374 431 3429 stentize
468 3378 683 3442 mistte;
724 3393 915 3437 natura
959 3387 1103 3441 enim
1152 3395 1572 3459 comprehendit
1614 3398 1793 3453 subsi-

211 3466 469 3521 stentias.
504 3468 789 3534 Quomodo
818 3490 947 3544 ergo
980 3478 1072 3530 ﬁat
1104 3488 1159 3532 ut
1194 3482 1561 3540 subsistentia:
1595 3500 1789 3545 natura

212 3556 446 3612 diversae
490 3560 653 3615 simul
698 3566 1109 3634 coniungantur
1154 3572 1206 3625 in
1252 3573 1475 3630 Christo
1520 3595 1630 3631 uno
1667 3596 1788 3634 cunt

210 3647 710 3727 subsistentiarum
774 3653 1123 3711 dim-rentia?
1188 3658 1556 3718 Subsistentia
1608 3674 1789 3720 autem

211 3750 371 3795 actus
406 3752 489 3795 est
527 3736 956 3812 superioi'itatis.
995 3748 1048 3802 Si
1084 3767 1211 3821 ergo
1236 3752 1486 3808 Christus
1519 3755 1657 3811 duas
1692 3758 1790 3810 ha-

212 3833 337 3887 leat
379 3843 609 3892 naturas
648 3837 920 3903 diversas,
971 3841 1115 3895 sicut
1152 3860 1336 3897 verum
1379 3854 1491 3911 est,
1531 3862 1593 3901 ac
1628 3849 1791 3903 simul

213 3924 443 3980 haberet
499 3929 636 3984 duas
688 3932 1077 3988 subsistentias
1138 3936 1420 4002 diversas,
1479 3949 1590 3993 tum
1655 3942 1813 4006 illud,

208 4020 355 4087 quod
411 4021 588 4089 ipsum
640 4025 996 4094 conjungeret
1043 4026 1171 4099 [quo
1224 4047 1366 4085 unus
1418 4031 1589 4103 esset]
1643 4033 1790 4107 aliud

209 4122 359 4168 esset
397 4124 596 4181 przrter
624 4117 763 4171 duas
807 4127 1171 4189 naturas‘hac
1205 4124 1340 4176 duas
1378 4124 1787 4189 subsistentias;

208 4210 371 4276 quale
406 4209 543 4262 nihil
594 4212 822 4266 omnino
864 4215 1156 4282 reperitur.
1209 4215 1425 4272 Scimus
1472 4227 1788 4272 autemnon

207 4312 334 4352 esse
370 4312 625 4353 naturam
668 4300 873 4371 absque
916 4319 1184 4372 persona;
1222 4322 1322 4360 nec
1363 4315 1544 4362 tamen
1578 4318 1661 4363 est
1694 4325 1789 4362 na-

210 4404 330 4446 tura
380 4394 436 4447 in
482 4410 591 4448 una
626 4393 888 4468 [tantum]
932 4414 1190 4467 persona.
1234 4399 1442 4454 Natura
1480 4400 1623 4454 enim
1684 4419 1788 4456 una

205 4486 634 4555 comprehendit
666 4489 1163 4559 plurespersmias,
1199 4499 1254 4545 at
1286 4508 1518 4561 persona
1548 4506 1651 4545 una
1680 4510 1786 4549 non

206 4580 631 4650 comprehendit
678 4592 953 4635 naturam.
992 4581 1193 4637 Natura
1240 4595 1422 4639 autem
1458 4580 1662 4640 Christi
1700 4590 1787 4643 di-

205 4678 332 4727 vina
366 4681 575 4726 aeterna
605 4688 884 4740 nunquam
919 4675 1270 4729 subsistentia
1300 4692 1397 4731 sua
1429 4679 1643 4743 caruit;
1674 4678 1784 4747 jam

205 4765 569 4821 subsistentia
612 4765 715 4818 ista
744 4780 806 4819 ea
838 4775 923 4819 est
965 4782 1086 4836 qua:
1128 4768 1484 4824 immanitatis
1527 4780 1785 4824 naturam
1819 4782 1832 4791 '

204 4860 305 4912 sibi
352 4867 695 4928 assumptam
728 4859 999 4925 adiunxit,
1038 4860 1250 4927 fuitque
1284 4862 1386 4927 ipsi
1427 4863 1786 4919 subsistentia

204 4954 270 5005 ab
299 4968 368 5006 co
400 4968 579 5018 usque
612 4964 858 5021 tempore
898 4968 1009 5021 quo
1048 4969 1155 5007 non
1192 4955 1296 5007 fuit
1326 4963 1454 5010 ante
1488 4956 1785 5011 habitatio-

204 5061 330 5097 nem
380 5059 631 5113 personae
675 5046 837 5099 istius
882 5044 1081 5099 divina:
1129 5046 1182 5099 in
1224 5045 1393 5101 Maria
1446 5048 1498 5101 in
1544 5064 1651 5117 qua
1692 5049 1784 5103 ubi

174 5192 179 5199 ,
205 5136 473 5190 habitavit
505 5136 636 5191 fecit
665 5152 728 5190 ex
758 5136 874 5206 ipsa
905 5137 1227 5201 essentiam,
1255 5138 1503 5193 videlicet
1532 5146 1781 5195 naturam

203 5228 529 5292 humanam,
564 5243 727 5294 quam
769 5229 1126 5283 subsistentia
1161 5244 1259 5283 sua
1300 5230 1599 5283 subsistere
1635 5230 1780 5296 fecit,

202 5330 254 5373 et
298 5318 579 5372 deiﬁcavit
621 5319 750 5372 dum
794 5318 895 5386 ipsi
941 5319 1237 5373 essentiam
1271 5319 1485 5385 tribuit,
1530 5318 1777 5389 49-51

204 5411 320 5464 haec
356 5419 540 5463 autem
565 5450 577 5473 ,
611 5411 823 5465 scilicet
856 5411 998 5480 quod
1034 5412 1206 5480 ipsam
1242 5414 1630 5481 assumpserit,
1658 5428 1782 5470 esse

204 5502 395 5557 fecerit
427 5517 492 5555 ac
534 5503 907 5567 deiﬁcaverit,
950 5503 1133 5557 omnia
1168 5504 1328 5558 simul
1365 5503 1617 5570 fuerunt,
1652 5506 1778 5558 dum

203 5595 599 5665 humanitatem
617 5594 817 5651 Christi
844 5595 1134 5650 habentem
1151 5595 1589 5663 subsistentiam,
1616 5612 1779 5665 quam

114 5706 117 5707 '
206 5698 393 5743 nolunt
420 5697 504 5743 est
534 5704 651 5743 esse
682 5688 1099 5744 subsistentiam
1135 5688 1252 5742 Filii
1284 5689 1399 5753 Dei,
1434 5698 1774 5758 assumptam

280 5870 515 5927 ‘Matth.
552 5888 632 5938 lit,
672 5870 733 5925 l7
758 5887 770 5922 τ.
808 5869 939 5927 Luc.
976 5888 1057 5938 Ill,
1087 5870 1175 5925 ‘22.
1239 5871 1257 5902 ³
1288 5870 1451 5927 Joan.
1484 5886 1520 5940 ι,
1562 5870 1581 5925 1
1619 5887 1743 5941 sqq.

1895 3294 2049 3360 Quod
2097 3294 2141 3348 si
2189 3282 2419 3347 Christo.
2449 3294 2569 3346 dum
2618 3309 2863 3361 persona:
2906 3294 3209 3346 tribuenda:
3254 3302 3462 3356 essent,

1896 3394 2227 3461 competeret
2270 3386 2344 3438 illi
2381 3401 2642 3461 utnnerus
2687 3386 2957 3446 binarins,
2992 3402 3053 3440 ac
3088 3386 3341 3439 Trinitati
3377 3386 3462 3437 di-

1896 3477 2142 3531 vinitatis
2168 3456 2614 3547 iquadruplicitas
2648 3493 2769 3531 cum
2801 3493 2827 3530 a
2870 3476 3135 3532 Trinitate
3174 3478 3237 3530 ad
3271 3493 3463 3531 nume-

1898 3586 2015 3624 rum
2044 3557 2454 3639 quatcrnarium
2484 3581 2897 3639 promoveretur
2921 3579 3084 3639 atque
3114 3571 3163 3623 in
3187 3586 3249 3623 ea
3279 3572 3463 3623 auctio

1896 3661 2070 3716 locum
2108 3662 2348 3715 haberet.
2386 3661 2572 3730 Neque
2605 3662 2957 3729 perﬁceretur
2988 3663 3293 3731 baptismus
3321 3664 3459 3715 trina

1895 3753 2269 3817 immersionc,
2292 3767 2455 3822 quam
2484 3755 2739 3822 praecepit
2761 3753 3012 3807 Christus
3036 3755 3297 3820 apostolis
3321 3758 3461 3815 suis,

1896 3843 2148 3915 videlicet
2192 3852 2249 3897 ut
2297 3844 2639 3912 baptizarent
2671 3861 2795 3898 eum
2840 3847 2932 3914 qui
2981 3844 3228 3899 crederet
3272 3847 3323 3898 in
3364 3861 3464 3898 no-

1893 3938 2038 3991 mine
2086 3937 2263 3991 Patris
2331 3946 2383 3990 et
2441 3937 2562 3991 Filii
2615 3946 2668 3991 et
2719 3937 2957 4006 Spiritus
2986 3940 3185 3993 sancti.
3241 3938 3465 3992 Deceret

1890 4029 2037 4083 cnim
2075 4044 2171 4083 eos
2212 4028 2301 4097 qui
2354 4037 2641 4082 autumant
2679 4029 2958 4083 Christum
2996 4030 3131 4084 duas
3170 4046 3293 4084 esse
3333 4033 3463 4084 sub-

1892 4124 2195 4189 sistentias,
2221 4133 2412 4192 quater
2436 4124 2575 4175 inter
2598 4123 2986 4191 baptizamltnn
3022 4122 3310 4189 intiugere,
3338 4136 3458 4173 cum

1893 4216 2114 4270 nomina
2158 4217 2332 4278 trina,
2370 4216 2479 4269 sint
2516 4231 2763 4284 personae
2798 4215 2969 4268 Patris
3008 4226 3059 4267 et
3095 4213 3213 4266 Filii
3248 4224 3301 4267 et
3333 4212 3459 4281 Spi-

1892 4304 2033 4360 titus
2080 4306 2297 4371 sancti,
2350 4322 2583 4375 quorum
2634 4306 2856 4359 nomine
2901 4317 2982 4358 ter
3026 4320 3165 4372 aqua
3216 4304 3459 4373 tingitur.

1891 4399 2047 4464 Quod
2102 4400 2147 4454 si
2194 4409 2432 4468 quatuor
2479 4407 2667 4453 essent
2718 4413 2994 4466 person.u,
3050 4411 3277 4450 necesse
3316 4405 3462 4449 esset

1894 4501 2086 4560 quater
2140 4491 2422 4561 immergi,
2474 4506 2633 4545 secus
2681 4506 2791 4544 non
2840 4491 2892 4543 in
2940 4498 3111 4543 totum
3159 4489 3461 4552 Christum,

1893 4600 2055 4653 quem
2094 4585 2232 4637 duas
2262 4599 2383 4637 esse
2426 4598 2690 4651 personas
2733 4582 2906 4645 dicit,
2943 4581 3329 4648 baptizaretur,
3368 4581 3460 4634 sed

1893 4678 1945 4731 in
1978 4676 2264 4729 dimidium
2316 4676 2520 4743 ipsius,
2569 4675 2770 4728 omissa
2820 4674 3031 4727 scilicet
3072 4674 3241 4727 altera
3285 4674 3465 4728 Subsi-

1891 4744 2220 4837 stentiarum
2253 4766 2425 4834 ipsius
2462 4765 2516 4819 in
2559 4781 2721 4834 quam
2760 4764 2903 4818 haud
2941 4765 3100 4817 fuerit
3131 4762 3461 4831 baptizatus.

1886 4860 1997 4928 jam
2057 4872 2186 4926 ergo
2236 4855 2588 4910 manifestum
2640 4863 2724 4908 est
2774 4855 3053 4909 Christum
3104 4870 3269 4909 unum
3319 4869 3463 4919 esse,

1892 4960 2018 5005 ante
2047 4966 2208 5019 quem
2257 4965 2364 5003 non
2412 4948 2576 5002 fuerit
2622 4948 2877 5002 Christus
2913 4947 3084 5010 alius,
3125 4962 3302 5015 neque
3344 4956 3466 5015 post

1891 5044 2070 5119 ipsum
2104 5042 2318 5096 futurus
2348 5040 2417 5094 sit
2443 5040 2605 5093 alius.
2632 5037 2871 5093 Verbum
2893 5038 3037 5091 enim
3065 5037 3156 5090 Dei
3187 5025 3462 5103 nunquam

1893 5134 2133 5206 53-55
2164 5149 2271 5187 non
2308 5133 2409 5187 fuit
2437 5149 2504 5187 ex
2546 5148 2657 5201 quo
2702 5146 2977 5200 nunquam
3016 5145 3122 5182 non
3167 5127 3267 5182 fuit
3304 5126 3465 5180 Pater

1892 5228 2087 5297 ipsius,
2119 5239 2291 5294 neque
2329 5239 2567 5293 unquam
2600 5224 2701 5275 fuit
2734 5221 2875 5276 Deus
2913 5219 3031 5274 sine
3058 5216 3257 5277 Verbo,
3288 5230 3464 5282 neque

1892 5332 2127 5387 unquam
2162 5317 2561 5387 separationem
2593 5329 2786 5383 passus
2818 5322 2920 5375 est,
2949 5313 3091 5366 sicut
3120 5308 3252 5364 dicit
3286 5306 3461 5359 Evan-

1890 5412 2086 5481 gclinm
2106 5426 2119 5463 :
2136 5408 2201 5463 In
2220 5409 2471 5477 principio
2495 5407 2592 5474 fuit
2628 5405 2934 5466 Verbum,et
2953 5402 3171 5456 Verbum
3194 5414 3461 5467 nunquam

1890 5502 2113 5570 nonfuit
2147 5505 2287 5569 apud
2307 5494 2493 5563 Deum,
2522 5509 2568 5553 et
2597 5498 2731 5552 Deus
2764 5512 3033 5565 nunquam
3061 5511 3163 5547 non
3190 5493 3291 5559 fuit
3335 5488 3460 5543 Ver-

1888 5598 2032 5660 bum,
2076 5596 2252 5649 omnia
2288 5610 2378 5663 ρει·
2409 5594 2580 5661 ipsum
2614 5591 2757 5657 facta
2786 5598 2932 5651 sunt,
2966 5597 3015 5641 ει
3045 5590 3238 5656 absque
3266 5602 3324 5638 eo
3357 5601 3460 5636 non

1880 5690 2082 5755 factum
2108 5699 2180 5742 est
2222 5688 2299 5742 vel
2326 5702 2484 5742 unum
2516 5701 2697 5738 eorum
2724 5700 2841 5754 qua:
2868 5683 3009 5735 facta
3036 5689 3157 5734 sunt
3188 5681 3229 5733 ⁸.
3258 5676 3459 5733 Deinde
