  <div class='ocr_page' id='page_1' title='image "/cluster/home/n/w/nwhite01/storage/ocr_20150623/111/nnc1.0046979743/527.png"; bbox 0 0 4200 6432; ppageno 0'>
   <div class='ocr_carea' id='block_1_1' title="bbox 700 382 836 449">
    <p class='ocr_par' dir='ltr' id='par_1_1' title="bbox 700 382 836 449">
     <span class='ocr_line' id='line_1_1' title="bbox 700 382 836 449; baseline 0.029 -4"><span class='ocrx_word' id='word_1_1' title='bbox 700 382 836 449; x_wconf 70' lang='lat' dir='ltr'><strong>iii-i3</strong></span> 
     </span>
    </p>
   </div>
   <div class='ocr_carea' id='block_1_2' title="bbox 1709 379 2915 443">
    <p class='ocr_par' dir='ltr' id='par_1_2' title="bbox 1709 379 2915 443">
     <span class='ocr_line' id='line_1_2' title="bbox 1709 379 2915 443; baseline 0.003 -4"><span class='ocrx_word' id='word_1_2' title='bbox 1709 379 2079 442; x_wconf 74' lang='lat' dir='ltr'><strong>EUTYCHli</strong></span> <span class='ocrx_word' id='word_1_3' title='bbox 2120 380 2661 441; x_wconf 79' lang='lat' dir='ltr'><strong>ALEXANDRINI</strong></span> <span class='ocrx_word' id='word_1_4' title='bbox 2697 383 2915 443; x_wconf 81' lang='grc' dir='ltr'><strong>ΡΑΤΗ.</strong></span> 
     </span>
    </p>
   </div>
   <div class='ocr_carea' id='block_1_3' title="bbox 3791 382 3930 447">
    <p class='ocr_par' dir='ltr' id='par_1_3' title="bbox 3791 382 3930 447">
     <span class='ocr_line' id='line_1_3' title="bbox 3791 382 3930 447; baseline -0.022 -1"><span class='ocrx_word' id='word_1_5' title='bbox 3791 382 3930 447; x_wconf 64' lang='grc'><strong>1044</strong></span> 
     </span>
    </p>
   </div>
   <div class='ocr_carea' id='block_1_4' title="bbox 692 491 3929 562">
    <p class='ocr_par' dir='ltr' id='par_1_4' title="bbox 692 491 3929 562">
     <span class='ocr_line' id='line_1_4' title="bbox 692 491 3929 562; baseline 0.001 -15"><span class='ocrx_word' id='word_1_6' title='bbox 692 495 898 549; x_wconf 80' lang='lat' dir='ltr'><strong>addens</strong></span> <span class='ocrx_word' id='word_1_7' title='bbox 925 494 1081 549; x_wconf 90' lang='lat' dir='ltr'><strong>dicit:</strong></span> <span class='ocrx_word' id='word_1_8' title='bbox 1114 492 1176 546; x_wconf 86' lang='lat' dir='ltr'><strong>Et</strong></span> <span class='ocrx_word' id='word_1_9' title='bbox 1209 491 1428 546; x_wconf 78' lang='lat' dir='ltr'><strong>Verbum</strong></span> <span class='ocrx_word' id='word_1_10' title='bbox 1459 494 1654 561; x_wconf 84' lang='lat' dir='ltr'><strong>factum</strong></span> <span class='ocrx_word' id='word_1_11' title='bbox 1672 498 1749 543; x_wconf 83' lang='lat' dir='ltr'><strong>est</strong></span> <span class='ocrx_word' id='word_1_12' title='bbox 1781 506 1925 551; x_wconf 82' lang='lat' dir='ltr'><strong>raro,</strong></span> <span class='ocrx_word' id='word_1_13' title='bbox 1957 500 2005 542; x_wconf 85' lang='lat' dir='ltr'><strong>et</strong></span> <span class='ocrx_word' id='word_1_14' title='bbox 2034 503 2267 541; x_wconf 84' lang='lat' dir='ltr'><strong>commo—</strong></span> <span class='ocrx_word' id='word_1_15' title='bbox 2295 491 2341 547; x_wconf 80' lang='grc' dir='ltr'><strong>Δ</strong></span> <span class='ocrx_word' id='word_1_16' title='bbox 2372 492 2541 557; x_wconf 91' lang='lat' dir='ltr'><strong>tilem,</strong></span> <span class='ocrx_word' id='word_1_17' title='bbox 2572 510 2693 562; x_wconf 61' lang='lat' dir='ltr'><strong>qttte</strong></span> <span class='ocrx_word' id='word_1_18' title='bbox 2732 502 2876 548; x_wconf 89' lang='lat' dir='ltr'><strong>statu</strong></span> <span class='ocrx_word' id='word_1_19' title='bbox 2908 506 3010 548; x_wconf 91' lang='lat' dir='ltr'><strong>suo</strong></span> <span class='ocrx_word' id='word_1_20' title='bbox 3036 494 3269 562; x_wconf 75' lang='lat' dir='ltr'><strong>simplici</strong></span> <span class='ocrx_word' id='word_1_21' title='bbox 3298 496 3474 550; x_wconf 90' lang='lat' dir='ltr'><strong>tribus</strong></span> <span class='ocrx_word' id='word_1_22' title='bbox 3509 495 3702 551; x_wconf 88' lang='lat' dir='ltr'><strong>diebus</strong></span> <span class='ocrx_word' id='word_1_23' title='bbox 3725 496 3776 548; x_wconf 92' lang='lat' dir='ltr'><strong>in</strong></span> <span class='ocrx_word' id='word_1_24' title='bbox 3798 513 3929 550; x_wconf 86' lang='lat' dir='ltr'><strong>aere</strong></span> 
     </span>
    </p>
   </div>
   <div class='ocr_carea' id='block_1_5' title="bbox 694 582 2253 652">
    <p class='ocr_par' dir='ltr' id='par_1_5' title="bbox 694 582 2253 652">
     <span class='ocr_line' id='line_1_5' title="bbox 694 582 2253 652; baseline -0.004 -12"><span class='ocrx_word' id='word_1_25' title='bbox 694 596 871 641; x_wconf 85' lang='lat' dir='ltr'><strong>ratum</strong></span> <span class='ocrx_word' id='word_1_26' title='bbox 896 598 973 640; x_wconf 77' lang='lat' dir='ltr'><strong>est</strong></span> <span class='ocrx_word' id='word_1_27' title='bbox 1009 589 1141 638; x_wconf 69' lang='lat' dir='ltr'><strong>inter</strong></span> <span class='ocrx_word' id='word_1_28' title='bbox 1167 602 1261 638; x_wconf 76' lang='lat' dir='ltr'><strong>nos</strong></span> <span class='ocrx_word' id='word_1_29' title='bbox 1282 586 1322 651; x_wconf 86' lang='grc'><strong>³,</strong></span> <span class='ocrx_word' id='word_1_30' title='bbox 1353 583 1808 652; x_wconf 85' lang='lat' dir='ltr'><strong>cunlirmavitque</strong></span> <span class='ocrx_word' id='word_1_31' title='bbox 1838 582 2041 635; x_wconf 91' lang='lat' dir='ltr'><strong>dictum</strong></span> <span class='ocrx_word' id='word_1_32' title='bbox 2074 597 2253 647; x_wconf 90' lang='lat' dir='ltr'><strong>suum,</strong></span> 
     </span>
    </p>
   </div>
   <div class='ocr_carea' id='block_1_6' title="bbox 695 673 2257 742">
    <p class='ocr_par' dir='ltr' id='par_1_6' title="bbox 695 673 2257 742">
     <span class='ocr_line' id='line_1_6' title="bbox 695 673 2257 742; baseline -0.002 -13"><span class='ocrx_word' id='word_1_33' title='bbox 695 675 1109 731; x_wconf 84' lang='lat' dir='ltr'><strong>subsistentiam</strong></span> <span class='ocrx_word' id='word_1_34' title='bbox 1136 673 1301 730; x_wconf 75' lang='lat' dir='ltr'><strong>Verbi</strong></span> <span class='ocrx_word' id='word_1_35' title='bbox 1328 689 1489 728; x_wconf 91' lang='lat' dir='ltr'><strong>unam</strong></span> <span class='ocrx_word' id='word_1_36' title='bbox 1520 688 1665 736; x_wconf 86' lang='lat' dir='ltr'><strong>esse,</strong></span> <span class='ocrx_word' id='word_1_37' title='bbox 1697 688 1816 742; x_wconf 77' lang='lat' dir='ltr'><strong>quae</strong></span> <span class='ocrx_word' id='word_1_38' title='bbox 1848 689 2123 741; x_wconf 83' lang='lat' dir='ltr'><strong>nunquam</strong></span> <span class='ocrx_word' id='word_1_39' title='bbox 2149 689 2257 727; x_wconf 91' lang='lat' dir='ltr'><strong>non</strong></span> 
     </span>
    </p>
   </div>
   <div class='ocr_carea' id='block_1_7' title="bbox 696 767 2262 835">
    <p class='ocr_par' dir='ltr' id='par_1_7' title="bbox 696 767 2262 835">
     <span class='ocr_line' id='line_1_7' title="bbox 696 767 2262 835; baseline -0.001 -15"><span class='ocrx_word' id='word_1_40' title='bbox 696 770 797 821; x_wconf 88' lang='lat' dir='ltr'><strong>fuit</strong></span> <span class='ocrx_word' id='word_1_41' title='bbox 844 784 967 821; x_wconf 92' lang='lat' dir='ltr'><strong>cum</strong></span> <span class='ocrx_word' id='word_1_42' title='bbox 999 768 1192 825; x_wconf 85' lang='lat' dir='ltr'><strong>Patre.</strong></span> <span class='ocrx_word' id='word_1_43' title='bbox 1233 767 1585 835; x_wconf 77' lang='lat' dir='ltr'><strong>eamdemque</strong></span> <span class='ocrx_word' id='word_1_44' title='bbox 1634 767 1804 835; x_wconf 82' lang='lat' dir='ltr'><strong>ipsam</strong></span> <span class='ocrx_word' id='word_1_45' title='bbox 1851 773 2127 834; x_wconf 85' lang='lat' dir='ltr'><strong>assumpta</strong></span> <span class='ocrx_word' id='word_1_46' title='bbox 2162 781 2262 819; x_wconf 90' lang='lat' dir='ltr'><strong>na-</strong></span> 
     </span>
    </p>
   </div>
   <div class='ocr_carea' id='block_1_8' title="bbox 697 858 2262 915">
    <p class='ocr_par' dir='ltr' id='par_1_8' title="bbox 697 858 2262 915">
     <span class='ocr_line' id='line_1_8' title="bbox 697 858 2262 915; baseline 0.001 -1"><span class='ocrx_word' id='word_1_47' title='bbox 697 873 816 915; x_wconf 89' lang='lat' dir='ltr'><strong>tura</strong></span> <span class='ocrx_word' id='word_1_48' title='bbox 848 862 1085 915; x_wconf 89' lang='lat' dir='ltr'><strong>humana</strong></span> <span class='ocrx_word' id='word_1_49' title='bbox 1117 860 1315 912; x_wconf 88' lang='lat' dir='ltr'><strong>factam</strong></span> <span class='ocrx_word' id='word_1_50' title='bbox 1358 858 1528 913; x_wconf 83' lang='lat' dir='ltr'><strong>fuisse</strong></span> <span class='ocrx_word' id='word_1_51' title='bbox 1559 873 1775 912; x_wconf 89' lang='lat' dir='ltr'><strong>carnem</strong></span> <span class='ocrx_word' id='word_1_52' title='bbox 1806 860 1871 912; x_wconf 90' lang='lat' dir='ltr'><strong>ad</strong></span> <span class='ocrx_word' id='word_1_53' title='bbox 1903 858 2262 915; x_wconf 86' lang='lat' dir='ltr'><strong>habitandum</strong></span> 
     </span>
    </p>
   </div>
   <div class='ocr_carea' id='block_1_9' title="bbox 705 951 2263 1020">
    <p class='ocr_par' dir='ltr' id='par_1_9' title="bbox 705 951 2263 1020">
     <span class='ocr_line' id='line_1_9' title="bbox 705 951 2263 1020; baseline 0.002 -17"><span class='ocrx_word' id='word_1_54' title='bbox 705 953 849 1007; x_wconf 88' lang='lat' dir='ltr'><strong>inter</strong></span> <span class='ocrx_word' id='word_1_55' title='bbox 889 953 1160 1015; x_wconf 81' lang='lat' dir='ltr'><strong>homines,</strong></span> <span class='ocrx_word' id='word_1_56' title='bbox 1198 966 1360 1020; x_wconf 89' lang='lat' dir='ltr'><strong>quam</strong></span> <span class='ocrx_word' id='word_1_57' title='bbox 1397 966 1533 1005; x_wconf 88' lang='lat' dir='ltr'><strong>nova</strong></span> <span class='ocrx_word' id='word_1_58' title='bbox 1568 952 1843 1005; x_wconf 85' lang='lat' dir='ltr'><strong>creatione</strong></span> <span class='ocrx_word' id='word_1_59' title='bbox 1883 951 1987 1006; x_wconf 86' lang='lat' dir='ltr'><strong>sibi</strong></span> <span class='ocrx_word' id='word_1_60' title='bbox 2022 952 2263 1006; x_wconf 86' lang='lat' dir='ltr'><strong>condidit</strong></span> 
     </span>
    </p>
   </div>
   <div class='ocr_carea' id='block_1_10' title="bbox 696 1040 2264 1113">
    <p class='ocr_par' dir='ltr' id='par_1_10' title="bbox 696 1040 2264 1113">
     <span class='ocr_line' id='line_1_10' title="bbox 696 1040 2264 1113; baseline 0 -18"><span class='ocrx_word' id='word_1_61' title='bbox 696 1059 762 1096; x_wconf 82' lang='lat' dir='ltr'><strong>ex</strong></span> <span class='ocrx_word' id='word_1_62' title='bbox 821 1042 991 1097; x_wconf 81' lang='lat' dir='ltr'><strong>Maria</strong></span> <span class='ocrx_word' id='word_1_63' title='bbox 1039 1042 1255 1113; x_wconf 86' lang='lat' dir='ltr'><strong>virgine</strong></span> <span class='ocrx_word' id='word_1_64' title='bbox 1303 1041 1422 1096; x_wconf 90' lang='lat' dir='ltr'><strong>sine</strong></span> <span class='ocrx_word' id='word_1_65' title='bbox 1478 1040 1686 1095; x_wconf 86' lang='lat' dir='ltr'><strong>semine</strong></span> <span class='ocrx_word' id='word_1_66' title='bbox 1737 1040 1997 1095; x_wconf 88' lang='lat' dir='ltr'><strong>humano.</strong></span> <span class='ocrx_word' id='word_1_67' title='bbox 2029 1040 2264 1109; x_wconf 89' lang='lat' dir='ltr'><strong>Fuitque</strong></span> 
     </span>
    </p>
   </div>
   <div class='ocr_carea' id='block_1_11' title="bbox 699 1130 2262 1201">
    <p class='ocr_par' dir='ltr' id='par_1_11' title="bbox 699 1130 2262 1201">
     <span class='ocr_line' id='line_1_11' title="bbox 699 1130 2262 1201; baseline -0.003 -14"><span class='ocrx_word' id='word_1_68' title='bbox 699 1133 937 1189; x_wconf 86' lang='lat' dir='ltr'><strong>Verbum</strong></span> <span class='ocrx_word' id='word_1_69' title='bbox 986 1134 1130 1201; x_wconf 88' lang='lat' dir='ltr'><strong>quod</strong></span> <span class='ocrx_word' id='word_1_70' title='bbox 1180 1147 1399 1187; x_wconf 90' lang='lat' dir='ltr'><strong>carnem</strong></span> <span class='ocrx_word' id='word_1_71' title='bbox 1447 1130 1606 1186; x_wconf 88' lang='lat' dir='ltr'><strong>istam</strong></span> <span class='ocrx_word' id='word_1_72' title='bbox 1662 1131 1917 1185; x_wconf 80' lang='lat' dir='ltr'><strong>formavit</strong></span> <span class='ocrx_word' id='word_1_73' title='bbox 1966 1132 2019 1185; x_wconf 92' lang='lat' dir='ltr'><strong>in</strong></span> <span class='ocrx_word' id='word_1_74' title='bbox 2072 1131 2262 1195; x_wconf 79' lang='lat' dir='ltr'><strong>Maria,</strong></span> 
     </span>
    </p>
   </div>
   <div class='ocr_carea' id='block_1_12' title="bbox 699 1222 2261 1293">
    <p class='ocr_par' dir='ltr' id='par_1_12' title="bbox 699 1222 2261 1293">
     <span class='ocr_line' id='line_1_12' title="bbox 699 1222 2261 1293; baseline -0.001 -13"><span class='ocrx_word' id='word_1_75' title='bbox 699 1228 876 1280; x_wconf 90' lang='lat' dir='ltr'><strong>instar</strong></span> <span class='ocrx_word' id='word_1_76' title='bbox 904 1227 1129 1280; x_wconf 86' lang='lat' dir='ltr'><strong>seminis</strong></span> <span class='ocrx_word' id='word_1_77' title='bbox 1157 1224 1298 1293; x_wconf 90' lang='lat' dir='ltr'><strong>quod</strong></span> <span class='ocrx_word' id='word_1_78' title='bbox 1330 1238 1494 1278; x_wconf 90' lang='lat' dir='ltr'><strong>causa</strong></span> <span class='ocrx_word' id='word_1_79' title='bbox 1525 1231 1605 1278; x_wconf 90' lang='lat' dir='ltr'><strong>est</strong></span> <span class='ocrx_word' id='word_1_80' title='bbox 1635 1222 1977 1278; x_wconf 90' lang='lat' dir='ltr'><strong>formationis</strong></span> <span class='ocrx_word' id='word_1_81' title='bbox 2006 1224 2261 1279; x_wconf 81' lang='lat' dir='ltr'><strong>hominis.</strong></span> 
     </span>
    </p>
   </div>
   <div class='ocr_carea' id='block_1_13' title="bbox 700 1312 2267 1387">
    <p class='ocr_par' dir='ltr' id='par_1_13' title="bbox 700 1312 2267 1387">
     <span class='ocr_line' id='line_1_13' title="bbox 700 1312 2267 1387; baseline -0.002 -18"><span class='ocrx_word' id='word_1_82' title='bbox 700 1317 904 1385; x_wconf 81' lang='lat' dir='ltr'><strong>Estque</strong></span> <span class='ocrx_word' id='word_1_83' title='bbox 956 1318 1130 1385; x_wconf 86' lang='lat' dir='ltr'><strong>ipstnn</strong></span> <span class='ocrx_word' id='word_1_84' title='bbox 1169 1330 1402 1387; x_wconf 86' lang='lat' dir='ltr'><strong>persona</strong></span> <span class='ocrx_word' id='word_1_85' title='bbox 1432 1316 1521 1370; x_wconf 89' lang='lat' dir='ltr'><strong>illa</strong></span> <span class='ocrx_word' id='word_1_86' title='bbox 1549 1330 1669 1383; x_wconf 64' lang='lat' dir='ltr'><strong>quae</strong></span> <span class='ocrx_word' id='word_1_87' title='bbox 1698 1314 1750 1366; x_wconf 92' lang='lat' dir='ltr'><strong>in</strong></span> <span class='ocrx_word' id='word_1_88' title='bbox 1781 1321 1969 1368; x_wconf 90' lang='lat' dir='ltr'><strong>saneta</strong></span> <span class='ocrx_word' id='word_1_89' title='bbox 1995 1312 2267 1367; x_wconf 87' lang='lat' dir='ltr'><strong>Trinitate</strong></span> 
     </span>
    </p>
   </div>
   <div class='ocr_carea' id='block_1_14' title="bbox 703 1404 2265 1474">
    <p class='ocr_par' dir='ltr' id='par_1_14' title="bbox 703 1404 2265 1474">
     <span class='ocr_line' id='line_1_14' title="bbox 703 1404 2265 1474; baseline -0.003 -13"><span class='ocrx_word' id='word_1_90' title='bbox 703 1418 1022 1463; x_wconf 86' lang='lat' dir='ltr'><strong>numeratur</strong></span> <span class='ocrx_word' id='word_1_91' title='bbox 1050 1422 1174 1462; x_wconf 88' lang='lat' dir='ltr'><strong>cum</strong></span> <span class='ocrx_word' id='word_1_92' title='bbox 1204 1408 1369 1462; x_wconf 88' lang='lat' dir='ltr'><strong>Patre</strong></span> <span class='ocrx_word' id='word_1_93' title='bbox 1391 1416 1445 1461; x_wconf 90' lang='lat' dir='ltr'><strong>et</strong></span> <span class='ocrx_word' id='word_1_94' title='bbox 1480 1405 1684 1474; x_wconf 89' lang='lat' dir='ltr'><strong>Spiritu</strong></span> <span class='ocrx_word' id='word_1_95' title='bbox 1732 1412 1946 1458; x_wconf 91' lang='lat' dir='ltr'><strong>saneto.</strong></span> <span class='ocrx_word' id='word_1_96' title='bbox 2007 1404 2265 1472; x_wconf 84' lang='lat' dir='ltr'><strong>idemque</strong></span> 
     </span>
    </p>
   </div>
   <div class='ocr_carea' id='block_1_15' title="bbox 701 1494 2266 1567">
    <p class='ocr_par' dir='ltr' id='par_1_15' title="bbox 701 1494 2266 1567">
     <span class='ocr_line' id='line_1_15' title="bbox 701 1494 2266 1567; baseline 0.002 -19"><span class='ocrx_word' id='word_1_97' title='bbox 701 1497 844 1567; x_wconf 83' lang='lat' dir='ltr'><strong>quod</strong></span> <span class='ocrx_word' id='word_1_98' title='bbox 879 1505 1202 1551; x_wconf 88' lang='lat' dir='ltr'><strong>numeratur</strong></span> <span class='ocrx_word' id='word_1_99' title='bbox 1228 1512 1390 1551; x_wconf 88' lang='lat' dir='ltr'><strong>unum</strong></span> <span class='ocrx_word' id='word_1_100' title='bbox 1432 1509 1554 1548; x_wconf 90' lang='lat' dir='ltr'><strong>cum</strong></span> <span class='ocrx_word' id='word_1_101' title='bbox 1591 1494 1937 1558; x_wconf 88' lang='lat' dir='ltr'><strong>hominibus;</strong></span> <span class='ocrx_word' id='word_1_102' title='bbox 1984 1495 2072 1549; x_wconf 92' lang='lat' dir='ltr'><strong>ille</strong></span> <span class='ocrx_word' id='word_1_103' title='bbox 2108 1494 2266 1551; x_wconf 84' lang='lat' dir='ltr'><strong>Jesus</strong></span> 
     </span>
    </p>
   </div>
   <div class='ocr_carea' id='block_1_16' title="bbox 703 1586 2269 1656">
    <p class='ocr_par' dir='ltr' id='par_1_16' title="bbox 703 1586 2269 1656">
     <span class='ocr_line' id='line_1_16' title="bbox 703 1586 2269 1656; baseline -0.002 -13"><span class='ocrx_word' id='word_1_104' title='bbox 703 1588 955 1644; x_wconf 88' lang='lat' dir='ltr'><strong>Christus</strong></span> <span class='ocrx_word' id='word_1_105' title='bbox 984 1588 1157 1643; x_wconf 85' lang='lat' dir='ltr'><strong>Filius</strong></span> <span class='ocrx_word' id='word_1_106' title='bbox 1188 1587 1280 1641; x_wconf 90' lang='lat' dir='ltr'><strong>Dei</strong></span> <span class='ocrx_word' id='word_1_107' title='bbox 1314 1586 1563 1649; x_wconf 84' lang='lat' dir='ltr'><strong>viventis,</strong></span> <span class='ocrx_word' id='word_1_108' title='bbox 1584 1586 1862 1641; x_wconf 82' lang='lat' dir='ltr'><strong>Filiusille</strong></span> <span class='ocrx_word' id='word_1_109' title='bbox 1889 1588 2114 1653; x_wconf 91' lang='lat' dir='ltr'><strong>unicus;</strong></span> <span class='ocrx_word' id='word_1_110' title='bbox 2145 1602 2269 1656; x_wconf 53' lang='lat' dir='ltr'><strong>per.</strong></span> 
     </span>
    </p>
   </div>
   <div class='ocr_carea' id='block_1_17' title="bbox 704 1675 2268 1746">
    <p class='ocr_par' dir='ltr' id='par_1_17' title="bbox 704 1675 2268 1746">
     <span class='ocr_line' id='line_1_17' title="bbox 704 1675 2268 1746; baseline -0.001 -15"><span class='ocrx_word' id='word_1_111' title='bbox 704 1676 882 1733; x_wconf 89' lang='lat' dir='ltr'><strong>fectus</strong></span> <span class='ocrx_word' id='word_1_112' title='bbox 929 1678 1073 1733; x_wconf 88' lang='lat' dir='ltr'><strong>Deus</strong></span> <span class='ocrx_word' id='word_1_113' title='bbox 1120 1692 1243 1731; x_wconf 93' lang='lat' dir='ltr'><strong>cum</strong></span> <span class='ocrx_word' id='word_1_114' title='bbox 1293 1675 1451 1731; x_wconf 88' lang='lat' dir='ltr'><strong>Patre</strong></span> <span class='ocrx_word' id='word_1_115' title='bbox 1496 1688 1547 1731; x_wconf 91' lang='lat' dir='ltr'><strong>et</strong></span> <span class='ocrx_word' id='word_1_116' title='bbox 1600 1675 1807 1746; x_wconf 84' lang='lat' dir='ltr'><strong>Spiritu</strong></span> <span class='ocrx_word' id='word_1_117' title='bbox 1854 1687 2078 1741; x_wconf 83' lang='lat' dir='ltr'><strong>sancto,</strong></span> <span class='ocrx_word' id='word_1_118' title='bbox 2120 1678 2268 1732; x_wconf 89' lang='lat' dir='ltr'><strong>nullo</strong></span> 
     </span>
    </p>
   </div>
   <div class='ocr_carea' id='block_1_18' title="bbox 706 1768 2266 1840">
    <p class='ocr_par' dir='ltr' id='par_1_18' title="bbox 706 1768 2266 1840">
     <span class='ocr_line' id='line_1_18' title="bbox 706 1768 2266 1840; baseline 0.001 -18"><span class='ocrx_word' id='word_1_119' title='bbox 706 1771 850 1824; x_wconf 91' lang='lat' dir='ltr'><strong>inter</strong></span> <span class='ocrx_word' id='word_1_120' title='bbox 883 1770 1031 1839; x_wconf 90' lang='lat' dir='ltr'><strong>ipsos</strong></span> <span class='ocrx_word' id='word_1_121' title='bbox 1061 1768 1379 1824; x_wconf 89' lang='lat' dir='ltr'><strong>discrimine</strong></span> <span class='ocrx_word' id='word_1_122' title='bbox 1409 1768 1551 1840; x_wconf 92' lang='lat' dir='ltr'><strong>quod</strong></span> <span class='ocrx_word' id='word_1_123' title='bbox 1585 1769 1651 1824; x_wconf 89' lang='lat' dir='ltr'><strong>ad</strong></span> <span class='ocrx_word' id='word_1_124' title='bbox 1682 1770 1978 1824; x_wconf 82' lang='lat' dir='ltr'><strong>essentiam</strong></span> <span class='ocrx_word' id='word_1_125' title='bbox 2012 1771 2266 1824; x_wconf 86' lang='lat' dir='ltr'><strong>divinita-</strong></span> 
     </span>
    </p>
   </div>
   <div class='ocr_carea' id='block_1_19' title="bbox 707 1861 2266 1930">
    <p class='ocr_par' dir='ltr' id='par_1_19' title="bbox 707 1861 2266 1930">
     <span class='ocr_line' id='line_1_19' title="bbox 707 1861 2266 1930; baseline 0.001 -17"><span class='ocrx_word' id='word_1_126' title='bbox 707 1862 778 1914; x_wconf 87' lang='lat' dir='ltr'><strong>tis</strong></span> <span class='ocrx_word' id='word_1_127' title='bbox 816 1871 864 1914; x_wconf 90' lang='lat' dir='ltr'><strong>et</strong></span> <span class='ocrx_word' id='word_1_128' title='bbox 901 1862 1259 1916; x_wconf 86' lang='lat' dir='ltr'><strong>substantiam</strong></span> <span class='ocrx_word' id='word_1_129' title='bbox 1298 1861 1503 1929; x_wconf 88' lang='lat' dir='ltr'><strong>ipsius;</strong></span> <span class='ocrx_word' id='word_1_130' title='bbox 1556 1870 1608 1915; x_wconf 91' lang='lat' dir='ltr'><strong>et</strong></span> <span class='ocrx_word' id='word_1_131' title='bbox 1645 1861 1915 1930; x_wconf 88' lang='lat' dir='ltr'><strong>perfectus</strong></span> <span class='ocrx_word' id='word_1_132' title='bbox 1948 1862 2112 1914; x_wconf 91' lang='lat' dir='ltr'><strong>homo</strong></span> <span class='ocrx_word' id='word_1_133' title='bbox 2144 1877 2266 1915; x_wconf 90' lang='lat' dir='ltr'><strong>eum</strong></span> 
     </span>
    </p>
   </div>
   <div class='ocr_carea' id='block_1_20' title="bbox 708 1952 2271 2023">
    <p class='ocr_par' dir='ltr' id='par_1_20' title="bbox 708 1952 2271 2023">
     <span class='ocr_line' id='line_1_20' title="bbox 708 1952 2271 2023; baseline 0.001 -17"><span class='ocrx_word' id='word_1_134' title='bbox 708 1952 881 2008; x_wconf 82' lang='lat' dir='ltr'><strong>Matre</strong></span> <span class='ocrx_word' id='word_1_135' title='bbox 918 1968 1017 2007; x_wconf 86' lang='lat' dir='ltr'><strong>sua</strong></span> <span class='ocrx_word' id='word_1_136' title='bbox 1045 1953 1368 2023; x_wconf 60' lang='lat' dir='ltr'><strong>exterisque</strong></span> <span class='ocrx_word' id='word_1_137' title='bbox 1404 1953 1741 2016; x_wconf 88' lang='lat' dir='ltr'><strong>hominibus,</strong></span> <span class='ocrx_word' id='word_1_138' title='bbox 1781 1953 1925 2007; x_wconf 91' lang='lat' dir='ltr'><strong>nullo</strong></span> <span class='ocrx_word' id='word_1_139' title='bbox 1953 1954 2093 2007; x_wconf 90' lang='lat' dir='ltr'><strong>inter</strong></span> <span class='ocrx_word' id='word_1_140' title='bbox 2120 1953 2271 2023; x_wconf 87' lang='lat' dir='ltr'><strong>ipsos</strong></span> 
     </span>
    </p>
   </div>
   <div class='ocr_carea' id='block_1_21' title="bbox 709 2046 2275 2102">
    <p class='ocr_par' dir='ltr' id='par_1_21' title="bbox 709 2046 2275 2102">
     <span class='ocr_line' id='line_1_21' title="bbox 709 2046 2275 2102; baseline 0 -3"><span class='ocrx_word' id='word_1_141' title='bbox 709 2046 1027 2101; x_wconf 88' lang='lat' dir='ltr'><strong>discrimine</strong></span> <span class='ocrx_word' id='word_1_142' title='bbox 1074 2048 1284 2102; x_wconf 85' lang='lat' dir='ltr'><strong>ratione</strong></span> <span class='ocrx_word' id='word_1_143' title='bbox 1334 2046 1589 2102; x_wconf 69' lang='lat' dir='ltr'><strong>essentia:</strong></span> <span class='ocrx_word' id='word_1_144' title='bbox 1643 2046 1999 2100; x_wconf 86' lang='lat' dir='ltr'><strong>humanitatis</strong></span> <span class='ocrx_word' id='word_1_145' title='bbox 2047 2054 2099 2100; x_wconf 89' lang='lat' dir='ltr'><strong>et</strong></span> <span class='ocrx_word' id='word_1_146' title='bbox 2143 2046 2275 2100; x_wconf 87' lang='lat' dir='ltr'><strong>sub-</strong></span> 
     </span>
    </p>
   </div>
   <div class='ocr_carea' id='block_1_22' title="bbox 710 2136 2275 2207">
    <p class='ocr_par' dir='ltr' id='par_1_22' title="bbox 710 2136 2275 2207">
     <span class='ocr_line' id='line_1_22' title="bbox 710 2136 2275 2207; baseline -0.003 -14"><span class='ocrx_word' id='word_1_147' title='bbox 710 2139 925 2193; x_wconf 65' lang='lat' dir='ltr'><strong>stantiaa</strong></span> <span class='ocrx_word' id='word_1_148' title='bbox 984 2138 1178 2207; x_wconf 88' lang='lat' dir='ltr'><strong>ipsius,</strong></span> <span class='ocrx_word' id='word_1_149' title='bbox 1210 2138 1328 2192; x_wconf 90' lang='lat' dir='ltr'><strong>sine</strong></span> <span class='ocrx_word' id='word_1_150' title='bbox 1348 2140 1709 2193; x_wconf 84' lang='lat' dir='ltr'><strong>conversione</strong></span> <span class='ocrx_word' id='word_1_151' title='bbox 1733 2146 1823 2191; x_wconf 90' lang='lat' dir='ltr'><strong>aut</strong></span> <span class='ocrx_word' id='word_1_152' title='bbox 1847 2136 2148 2191; x_wconf 88' lang='lat' dir='ltr'><strong>mutatione</strong></span> <span class='ocrx_word' id='word_1_153' title='bbox 2169 2138 2275 2207; x_wconf 76' lang='lat'><strong>56</strong></span> 
     </span>
    </p>
   </div>
   <div class='ocr_carea' id='block_1_23' title="bbox 711 2227 2274 2296">
    <p class='ocr_par' dir='ltr' id='par_1_23' title="bbox 711 2227 2274 2296">
     <span class='ocr_line' id='line_1_23' title="bbox 711 2227 2274 2296; baseline -0.001 -15"><span class='ocrx_word' id='word_1_154' title='bbox 711 2227 978 2283; x_wconf 88' lang='lat' dir='ltr'><strong>utriusvis</strong></span> <span class='ocrx_word' id='word_1_155' title='bbox 1017 2237 1334 2281; x_wconf 86' lang='lat' dir='ltr'><strong>naturarum</strong></span> <span class='ocrx_word' id='word_1_156' title='bbox 1372 2228 1542 2296; x_wconf 88' lang='lat' dir='ltr'><strong>ipsius</strong></span> <span class='ocrx_word' id='word_1_157' title='bbox 1576 2243 1605 2281; x_wconf 91' lang='lat' dir='ltr'><strong>a</strong></span> <span class='ocrx_word' id='word_1_158' title='bbox 1642 2227 1946 2281; x_wconf 82' lang='lat' dir='ltr'><strong>substantia</strong></span> <span class='ocrx_word' id='word_1_159' title='bbox 1981 2242 2110 2291; x_wconf 87' lang='lat' dir='ltr'><strong>sua;</strong></span> <span class='ocrx_word' id='word_1_160' title='bbox 2140 2227 2274 2280; x_wconf 89' lang='lat' dir='ltr'><strong>-sive</strong></span> 
     </span>
    </p>
   </div>
   <div class='ocr_carea' id='block_1_24' title="bbox 711 2316 2272 2383">
    <p class='ocr_par' dir='ltr' id='par_1_24' title="bbox 711 2316 2272 2383">
     <span class='ocr_line' id='line_1_24' title="bbox 711 2316 2272 2383; baseline -0.003 -11"><span class='ocrx_word' id='word_1_161' title='bbox 711 2318 1015 2373; x_wconf 82' lang='lat' dir='ltr'><strong>divinitatis</strong></span> <span class='ocrx_word' id='word_1_162' title='bbox 1053 2333 1082 2372; x_wconf 91' lang='lat' dir='ltr'><strong>a</strong></span> <span class='ocrx_word' id='word_1_163' title='bbox 1119 2318 1431 2373; x_wconf 89' lang='lat' dir='ltr'><strong>substantia</strong></span> <span class='ocrx_word' id='word_1_164' title='bbox 1464 2333 1561 2373; x_wconf 92' lang='lat' dir='ltr'><strong>sua</strong></span> <span class='ocrx_word' id='word_1_165' title='bbox 1601 2318 1782 2372; x_wconf 80' lang='lat' dir='ltr'><strong>subtili</strong></span> <span class='ocrx_word' id='word_1_166' title='bbox 1820 2327 1873 2369; x_wconf 90' lang='lat' dir='ltr'><strong>et</strong></span> <span class='ocrx_word' id='word_1_167' title='bbox 1908 2316 2272 2383; x_wconf 78' lang='lat' dir='ltr'><strong>simplicitate;</strong></span> 
     </span>
    </p>
   </div>
   <div class='ocr_carea' id='block_1_25' title="bbox 712 2408 2276 2481">
    <p class='ocr_par' dir='ltr' id='par_1_25' title="bbox 712 2408 2276 2481">
     <span class='ocr_line' id='line_1_25' title="bbox 712 2408 2276 2481; baseline -0.002 -16"><span class='ocrx_word' id='word_1_168' title='bbox 712 2411 781 2465; x_wconf 84' lang='lat' dir='ltr'><strong>ad</strong></span> <span class='ocrx_word' id='word_1_169' title='bbox 816 2425 1059 2466; x_wconf 84' lang='lat' dir='ltr'><strong>crassam</strong></span> <span class='ocrx_word' id='word_1_170' title='bbox 1095 2410 1457 2465; x_wconf 85' lang='lat' dir='ltr'><strong>humanitatis</strong></span> <span class='ocrx_word' id='word_1_171' title='bbox 1494 2408 1795 2481; x_wconf 79' lang='lat' dir='ltr'><strong>[naturam]</strong></span> <span class='ocrx_word' id='word_1_172' title='bbox 1833 2417 1884 2463; x_wconf 91' lang='lat' dir='ltr'><strong>et</strong></span> <span class='ocrx_word' id='word_1_173' title='bbox 1918 2409 2276 2477; x_wconf 83' lang='lat' dir='ltr'><strong>compositiu-</strong></span> 
     </span>
    </p>
   </div>
   <div class='ocr_carea' id='block_1_26' title="bbox 712 2503 2277 2573">
    <p class='ocr_par' dir='ltr' id='par_1_26' title="bbox 712 2503 2277 2573">
     <span class='ocr_line' id='line_1_26' title="bbox 712 2503 2277 2573; baseline -0.002 -15"><span class='ocrx_word' id='word_1_174' title='bbox 712 2519 838 2558; x_wconf 90' lang='lat' dir='ltr'><strong>nem</strong></span> <span class='ocrx_word' id='word_1_175' title='bbox 872 2505 1081 2573; x_wconf 86' lang='lat' dir='ltr'><strong>ipsius;</strong></span> <span class='ocrx_word' id='word_1_176' title='bbox 1115 2505 1227 2559; x_wconf 87' lang='lat' dir='ltr'><strong>sive</strong></span> <span class='ocrx_word' id='word_1_177' title='bbox 1255 2503 1609 2558; x_wconf 85' lang='lat' dir='ltr'><strong>humanitatis</strong></span> <span class='ocrx_word' id='word_1_178' title='bbox 1634 2518 1660 2555; x_wconf 90' lang='lat' dir='ltr'><strong>a</strong></span> <span class='ocrx_word' id='word_1_179' title='bbox 1689 2504 1937 2557; x_wconf 81' lang='lat' dir='ltr'><strong>crassitie</strong></span> <span class='ocrx_word' id='word_1_180' title='bbox 1968 2510 2020 2556; x_wconf 90' lang='lat' dir='ltr'><strong>et</strong></span> <span class='ocrx_word' id='word_1_181' title='bbox 2054 2518 2277 2571; x_wconf 84' lang='lat' dir='ltr'><strong>compo-</strong></span> 
     </span>
    </p>
   </div>
   <div class='ocr_carea' id='block_1_27' title="bbox 714 2596 2276 2665">
    <p class='ocr_par' dir='ltr' id='par_1_27' title="bbox 714 2596 2276 2665">
     <span class='ocr_line' id='line_1_27' title="bbox 714 2596 2276 2665; baseline -0.001 -16"><span class='ocrx_word' id='word_1_182' title='bbox 714 2596 915 2651; x_wconf 88' lang='lat' dir='ltr'><strong>sitione</strong></span> <span class='ocrx_word' id='word_1_183' title='bbox 945 2597 1011 2651; x_wconf 91' lang='lat' dir='ltr'><strong>ad</strong></span> <span class='ocrx_word' id='word_1_184' title='bbox 1046 2596 1403 2651; x_wconf 87' lang='lat' dir='ltr'><strong>subtilitatem</strong></span> <span class='ocrx_word' id='word_1_185' title='bbox 1439 2605 1494 2650; x_wconf 85' lang='lat' dir='ltr'><strong>et</strong></span> <span class='ocrx_word' id='word_1_186' title='bbox 1524 2596 1929 2665; x_wconf 87' lang='lat' dir='ltr'><strong>simplicitatem</strong></span> <span class='ocrx_word' id='word_1_187' title='bbox 1957 2596 2276 2657; x_wconf 85' lang='lat' dir='ltr'><strong>divinitatis,</strong></span> 
     </span>
    </p>
   </div>
   <div class='ocr_carea' id='block_1_28' title="bbox 717 2685 2281 2759">
    <p class='ocr_par' dir='ltr' id='par_1_28' title="bbox 717 2685 2281 2759">
     <span class='ocr_line' id='line_1_28' title="bbox 717 2685 2281 2759; baseline -0.001 -18"><span class='ocrx_word' id='word_1_188' title='bbox 717 2685 894 2756; x_wconf 75' lang='lat' dir='ltr'><strong>lsine,</strong></span> <span class='ocrx_word' id='word_1_189' title='bbox 942 2686 1213 2759; x_wconf 89' lang='lat' dir='ltr'><strong>inquam,]</strong></span> <span class='ocrx_word' id='word_1_190' title='bbox 1259 2688 1363 2743; x_wconf 24' lang='lat' dir='ltr'><strong>vel.</strong></span> <span class='ocrx_word' id='word_1_191' title='bbox 1391 2688 1680 2751; x_wconf 88' lang='lat' dir='ltr'><strong>mistione,</strong></span> <span class='ocrx_word' id='word_1_192' title='bbox 1730 2696 2117 2755; x_wconf 88' lang='lat' dir='ltr'><strong>eorrumpente</strong></span> <span class='ocrx_word' id='word_1_193' title='bbox 2162 2700 2281 2754; x_wconf 65' lang='lat' dir='ltr'><strong>quae</strong></span> 
     </span>
    </p>
   </div>
   <div class='ocr_carea' id='block_1_29' title="bbox 718 2778 2279 2848">
    <p class='ocr_par' dir='ltr' id='par_1_29' title="bbox 718 2778 2279 2848">
     <span class='ocr_line' id='line_1_29' title="bbox 718 2778 2279 2848; baseline -0.001 -18"><span class='ocrx_word' id='word_1_194' title='bbox 718 2787 889 2832; x_wconf 89' lang='lat' dir='ltr'><strong>mutet</strong></span> <span class='ocrx_word' id='word_1_195' title='bbox 931 2779 1251 2832; x_wconf 88' lang='lat' dir='ltr'><strong>alterutrum</strong></span> <span class='ocrx_word' id='word_1_196' title='bbox 1300 2793 1357 2832; x_wconf 90' lang='lat' dir='ltr'><strong>re</strong></span> <span class='ocrx_word' id='word_1_197' title='bbox 1398 2780 1577 2848; x_wconf 87' lang='lat' dir='ltr'><strong>aliqua</strong></span> <span class='ocrx_word' id='word_1_198' title='bbox 1617 2778 1681 2832; x_wconf 91' lang='lat' dir='ltr'><strong>ad</strong></span> <span class='ocrx_word' id='word_1_199' title='bbox 1721 2779 2081 2833; x_wconf 90' lang='lat' dir='ltr'><strong>substantiam</strong></span> <span class='ocrx_word' id='word_1_200' title='bbox 2126 2792 2279 2831; x_wconf 90' lang='lat' dir='ltr'><strong>suam</strong></span> 
     </span>
    </p>
   </div>
   <div class='ocr_carea' id='block_1_30' title="bbox 722 2867 2284 2940">
    <p class='ocr_par' dir='ltr' id='par_1_30' title="bbox 722 2867 2284 2940">
     <span class='ocr_line' id='line_1_30' title="bbox 722 2867 2284 2940; baseline -0.002 -16"><span class='ocrx_word' id='word_1_201' title='bbox 722 2867 1077 2940; x_wconf 83' lang='lat' dir='ltr'><strong>[Spectante,]</strong></span> <span class='ocrx_word' id='word_1_202' title='bbox 1120 2870 1235 2925; x_wconf 86' lang='lat' dir='ltr'><strong>sive</strong></span> <span class='ocrx_word' id='word_1_203' title='bbox 1279 2872 1444 2940; x_wconf 74' lang='lat' dir='ltr'><strong>par‘va</strong></span> <span class='ocrx_word' id='word_1_204' title='bbox 1488 2871 1602 2924; x_wconf 88' lang='lat' dir='ltr'><strong>sive</strong></span> <span class='ocrx_word' id='word_1_205' title='bbox 1648 2885 1879 2939; x_wconf 79' lang='lat' dir='ltr'><strong>magna,</strong></span> <span class='ocrx_word' id='word_1_206' title='bbox 1912 2884 2017 2939; x_wconf 89' lang='lat' dir='ltr'><strong>qua</strong></span> <span class='ocrx_word' id='word_1_207' title='bbox 2065 2867 2216 2923; x_wconf 83' lang='lat' dir='ltr'><strong>ﬁeret</strong></span> <span class='ocrx_word' id='word_1_208' title='bbox 2254 2882 2284 2921; x_wconf 91' lang='lat' dir='ltr'><strong>e</strong></span> 
     </span>
    </p>
   </div>
   <div class='ocr_carea' id='block_1_31' title="bbox 718 2957 2284 3016">
    <p class='ocr_par' dir='ltr' id='par_1_31' title="bbox 718 2957 2284 3016">
     <span class='ocr_line' id='line_1_31' title="bbox 718 2957 2284 3016; baseline -0.001 -3"><span class='ocrx_word' id='word_1_209' title='bbox 718 2959 933 3016; x_wconf 89' lang='lat' dir='ltr'><strong>duabus</strong></span> <span class='ocrx_word' id='word_1_210' title='bbox 970 2963 1175 3015; x_wconf 89' lang='lat' dir='ltr'><strong>naturis</strong></span> <span class='ocrx_word' id='word_1_211' title='bbox 1206 2976 1311 3013; x_wconf 88' lang='lat' dir='ltr'><strong>una</strong></span> <span class='ocrx_word' id='word_1_212' title='bbox 1336 2971 1529 3015; x_wconf 90' lang='lat' dir='ltr'><strong>natura</strong></span> <span class='ocrx_word' id='word_1_213' title='bbox 1563 2961 1745 3014; x_wconf 89' lang='lat' dir='ltr'><strong>mista.</strong></span> <span class='ocrx_word' id='word_1_214' title='bbox 1778 2959 1890 3013; x_wconf 85' lang='lat' dir='ltr'><strong>Hoc</strong></span> <span class='ocrx_word' id='word_1_215' title='bbox 1916 2960 2059 3013; x_wconf 90' lang='lat' dir='ltr'><strong>enim</strong></span> <span class='ocrx_word' id='word_1_216' title='bbox 2095 2957 2284 3012; x_wconf 87' lang='lat' dir='ltr'><strong>ittftdc—</strong></span> 
     </span>
    </p>
   </div>
   <div class='ocr_carea' id='block_1_32' title="bbox 716 3050 2283 3121">
    <p class='ocr_par' dir='ltr' id='par_1_32' title="bbox 716 3050 2283 3121">
     <span class='ocr_line' id='line_1_32' title="bbox 716 3050 2283 3121; baseline -0.002 -16"><span class='ocrx_word' id='word_1_217' title='bbox 716 3052 843 3105; x_wconf 89' lang='lat' dir='ltr'><strong>litas</strong></span> <span class='ocrx_word' id='word_1_218' title='bbox 872 3060 954 3105; x_wconf 90' lang='lat' dir='ltr'><strong>est</strong></span> <span class='ocrx_word' id='word_1_219' title='bbox 984 3061 1036 3106; x_wconf 91' lang='lat' dir='ltr'><strong>et</strong></span> <span class='ocrx_word' id='word_1_220' title='bbox 1068 3052 1399 3121; x_wconf 80' lang='lat' dir='ltr'><strong>blasphemia</strong></span> <span class='ocrx_word' id='word_1_221' title='bbox 1431 3052 1483 3105; x_wconf 92' lang='lat' dir='ltr'><strong>in</strong></span> <span class='ocrx_word' id='word_1_222' title='bbox 1514 3050 1702 3113; x_wconf 89' lang='lat' dir='ltr'><strong>Deum,</strong></span> <span class='ocrx_word' id='word_1_223' title='bbox 1732 3051 1942 3119; x_wconf 63' lang='lat' dir='ltr'><strong>adigere</strong></span> <span class='ocrx_word' id='word_1_224' title='bbox 1976 3050 2075 3118; x_wconf 89' lang='lat' dir='ltr'><strong>ipsi</strong></span> <span class='ocrx_word' id='word_1_225' title='bbox 2112 3057 2283 3102; x_wconf 86' lang='lat' dir='ltr'><strong>muta-</strong></span> 
     </span>
    </p>
   </div>
   <div class='ocr_carea' id='block_1_33' title="bbox 2361 587 3926 656">
    <p class='ocr_par' dir='ltr' id='par_1_33' title="bbox 2361 587 3926 656">
     <span class='ocr_line' id='line_1_33' title="bbox 2361 587 3926 656; baseline -0.001 -15"><span class='ocrx_word' id='word_1_226' title='bbox 2361 588 2689 655; x_wconf 87' lang='lat' dir='ltr'><strong>permansit,</strong></span> <span class='ocrx_word' id='word_1_227' title='bbox 2723 600 2959 655; x_wconf 91' lang='lat' dir='ltr'><strong>quorum</strong></span> <span class='ocrx_word' id='word_1_228' title='bbox 2997 587 3204 656; x_wconf 91' lang='lat' dir='ltr'><strong>primus</strong></span> <span class='ocrx_word' id='word_1_229' title='bbox 3264 587 3364 640; x_wconf 89' lang='lat' dir='ltr'><strong>fuit</strong></span> <span class='ocrx_word' id='word_1_230' title='bbox 3401 587 3535 642; x_wconf 86' lang='lat' dir='ltr'><strong>feria</strong></span> <span class='ocrx_word' id='word_1_231' title='bbox 3584 590 3758 656; x_wconf 87' lang='lat' dir='ltr'><strong>prima</strong></span> <span class='ocrx_word' id='word_1_232' title='bbox 3815 603 3926 656; x_wconf 87' lang='lat' dir='ltr'><strong>qua</strong></span> 
     </span>
    </p>
   </div>
   <div class='ocr_carea' id='block_1_34' title="bbox 2361 679 3936 748">
    <p class='ocr_par' dir='ltr' id='par_1_34' title="bbox 2361 679 3936 748">
     <span class='ocr_line' id='line_1_34' title="bbox 2361 679 3936 748; baseline -0.001 -15"><span class='ocrx_word' id='word_1_233' title='bbox 2361 690 2542 735; x_wconf 87' lang='lat' dir='ltr'><strong>creata</strong></span> <span class='ocrx_word' id='word_1_234' title='bbox 2572 687 2695 734; x_wconf 90' lang='lat' dir='ltr'><strong>est:</strong></span> <span class='ocrx_word' id='word_1_235' title='bbox 2762 679 2962 733; x_wconf 88' lang='lat' dir='ltr'><strong>deinde</strong></span> <span class='ocrx_word' id='word_1_236' title='bbox 3000 679 3099 748; x_wconf 92' lang='lat' dir='ltr'><strong>ipsi</strong></span> <span class='ocrx_word' id='word_1_237' title='bbox 3134 679 3222 732; x_wconf 87' lang='lat' dir='ltr'><strong>die</strong></span> <span class='ocrx_word' id='word_1_238' title='bbox 3256 689 3453 747; x_wconf 89' lang='lat' dir='ltr'><strong>quarto</strong></span> <span class='ocrx_word' id='word_1_239' title='bbox 3508 694 3709 747; x_wconf 88' lang='lat' dir='ltr'><strong>corpus</strong></span> <span class='ocrx_word' id='word_1_240' title='bbox 3756 690 3936 732; x_wconf 83' lang='lat' dir='ltr'><strong>mate—</strong></span> 
     </span>
    </p>
   </div>
   <div class='ocr_carea' id='block_1_35' title="bbox 2361 770 3935 839">
    <p class='ocr_par' dir='ltr' id='par_1_35' title="bbox 2361 770 3935 839">
     <span class='ocr_line' id='line_1_35' title="bbox 2361 770 3935 839; baseline -0.003 -13"><span class='ocrx_word' id='word_1_241' title='bbox 2361 773 2499 828; x_wconf 88' lang='lat' dir='ltr'><strong>riale</strong></span> <span class='ocrx_word' id='word_1_242' title='bbox 2529 771 2759 836; x_wconf 89' lang='lat' dir='ltr'><strong>creavit,</strong></span> <span class='ocrx_word' id='word_1_243' title='bbox 2802 770 2854 824; x_wconf 93' lang='lat' dir='ltr'><strong>in</strong></span> <span class='ocrx_word' id='word_1_244' title='bbox 2906 785 3014 839; x_wconf 92' lang='lat' dir='ltr'><strong>quo</strong></span> <span class='ocrx_word' id='word_1_245' title='bbox 3045 771 3219 839; x_wconf 90' lang='lat' dir='ltr'><strong>ipsam</strong></span> <span class='ocrx_word' id='word_1_246' title='bbox 3300 771 3516 833; x_wconf 82' lang='lat' dir='ltr'><strong>statuit,</strong></span> <span class='ocrx_word' id='word_1_247' title='bbox 3556 780 3717 838; x_wconf 88' lang='lat' dir='ltr'><strong>atque</strong></span> <span class='ocrx_word' id='word_1_248' title='bbox 3778 771 3935 824; x_wconf 65' lang='lat' dir='ltr'><strong>inita.</strong></span> 
     </span>
    </p>
   </div>
   <div class='ocr_carea' id='block_1_36' title="bbox 2362 862 3938 931">
    <p class='ocr_par' dir='ltr' id='par_1_36' title="bbox 2362 862 3938 931">
     <span class='ocr_line' id='line_1_36' title="bbox 2362 862 3938 931; baseline -0.001 -12"><span class='ocrx_word' id='word_1_249' title='bbox 2362 865 2540 921; x_wconf 89' lang='lat' dir='ltr'><strong>bitare</strong></span> <span class='ocrx_word' id='word_1_250' title='bbox 2571 865 2719 931; x_wconf 88' lang='lat' dir='ltr'><strong>fecit,</strong></span> <span class='ocrx_word' id='word_1_251' title='bbox 2771 865 3026 920; x_wconf 89' lang='lat' dir='ltr'><strong>mistione</strong></span> <span class='ocrx_word' id='word_1_252' title='bbox 3056 864 3365 919; x_wconf 86' lang='lat' dir='ltr'><strong>necessaria</strong></span> <span class='ocrx_word' id='word_1_253' title='bbox 3424 872 3478 917; x_wconf 92' lang='lat' dir='ltr'><strong>et</strong></span> <span class='ocrx_word' id='word_1_254' title='bbox 3540 862 3938 930; x_wconf 89' lang='lat' dir='ltr'><strong>conjunctione</strong></span> 
     </span>
    </p>
   </div>
   <div class='ocr_carea' id='block_1_37' title="bbox 2364 951 3934 1022">
    <p class='ocr_par' dir='ltr' id='par_1_37' title="bbox 2364 951 3934 1022">
     <span class='ocr_line' id='line_1_37' title="bbox 2364 951 3934 1022; baseline -0.004 -12"><span class='ocrx_word' id='word_1_255' title='bbox 2364 957 2546 1022; x_wconf 84' lang='lat' dir='ltr'><strong>tirma,</strong></span> <span class='ocrx_word' id='word_1_256' title='bbox 2595 968 2647 1010; x_wconf 92' lang='lat' dir='ltr'><strong>et</strong></span> <span class='ocrx_word' id='word_1_257' title='bbox 2678 963 2852 1010; x_wconf 90' lang='lat' dir='ltr'><strong>totutu</strong></span> <span class='ocrx_word' id='word_1_258' title='bbox 2885 956 2989 1008; x_wconf 84' lang='lat' dir='ltr'><strong>hoc</strong></span> <span class='ocrx_word' id='word_1_259' title='bbox 3028 953 3195 1007; x_wconf 86' lang='lat' dir='ltr'><strong>solem</strong></span> <span class='ocrx_word' id='word_1_260' title='bbox 3234 952 3523 1020; x_wconf 86' lang='lat' dir='ltr'><strong>appellavit</strong></span> <span class='ocrx_word' id='word_1_261' title='bbox 3546 951 3768 1005; x_wconf 91' lang='lat' dir='ltr'><strong>nomine</strong></span> <span class='ocrx_word' id='word_1_262' title='bbox 3798 966 3934 1013; x_wconf 92' lang='lat' dir='ltr'><strong>uno,</strong></span> 
     </span>
    </p>
   </div>
   <div class='ocr_carea' id='block_1_38' title="bbox 2364 1041 3941 1118">
    <p class='ocr_par' dir='ltr' id='par_1_38' title="bbox 2364 1041 3941 1118">
     <span class='ocr_line' id='line_1_38' title="bbox 2364 1041 3941 1118; baseline -0.01 -13"><span class='ocrx_word' id='word_1_263' title='bbox 2364 1049 2510 1118; x_wconf 87' lang='lat' dir='ltr'><strong>quod</strong></span> <span class='ocrx_word' id='word_1_264' title='bbox 2564 1048 2973 1116; x_wconf 86' lang='lat' dir='ltr'><strong>comprehendit</strong></span> <span class='ocrx_word' id='word_1_265' title='bbox 3001 1054 3056 1101; x_wconf 90' lang='lat' dir='ltr'><strong>et</strong></span> <span class='ocrx_word' id='word_1_266' title='bbox 3087 1057 3337 1098; x_wconf 88' lang='lat' dir='ltr'><strong>naturam</strong></span> <span class='ocrx_word' id='word_1_267' title='bbox 3376 1044 3520 1095; x_wconf 85' lang='lat' dir='ltr'><strong>lueis</strong></span> <span class='ocrx_word' id='word_1_268' title='bbox 3553 1041 3703 1102; x_wconf 90' lang='lat' dir='ltr'><strong>solis,</strong></span> <span class='ocrx_word' id='word_1_269' title='bbox 3740 1050 3795 1093; x_wconf 91' lang='lat' dir='ltr'><strong>et</strong></span> <span class='ocrx_word' id='word_1_270' title='bbox 3833 1056 3941 1092; x_wconf 87' lang='lat' dir='ltr'><strong>na-</strong></span> 
     </span>
    </p>
   </div>
   <div class='ocr_carea' id='block_1_39' title="bbox 2366 1131 3937 1209">
    <p class='ocr_par' dir='ltr' id='par_1_39' title="bbox 2366 1131 3937 1209">
     <span class='ocr_line' id='line_1_39' title="bbox 2366 1131 3937 1209; baseline -0.008 -14"><span class='ocrx_word' id='word_1_271' title='bbox 2366 1150 2542 1196; x_wconf 90' lang='lat' dir='ltr'><strong>turam</strong></span> <span class='ocrx_word' id='word_1_272' title='bbox 2575 1140 2820 1209; x_wconf 82' lang='lat' dir='ltr'><strong>corporis</strong></span> <span class='ocrx_word' id='word_1_273' title='bbox 2853 1139 2994 1207; x_wconf 87' lang='lat' dir='ltr'><strong>ejus,</strong></span> <span class='ocrx_word' id='word_1_274' title='bbox 3056 1137 3268 1190; x_wconf 91' lang='lat' dir='ltr'><strong>unitate</strong></span> <span class='ocrx_word' id='word_1_275' title='bbox 3334 1132 3703 1186; x_wconf 73' lang='lat' dir='ltr'><strong>subsistentia!</strong></span> <span class='ocrx_word' id='word_1_276' title='bbox 3762 1131 3937 1200; x_wconf 88' lang='lat' dir='ltr'><strong>ipsius</strong></span> 
     </span>
    </p>
   </div>
   <div class='ocr_carea' id='block_1_40' title="bbox 2365 1221 3936 1300">
    <p class='ocr_par' dir='ltr' id='par_1_40' title="bbox 2365 1221 3936 1300">
     <span class='ocr_line' id='line_1_40' title="bbox 2365 1221 3936 1300; baseline -0.005 -16"><span class='ocrx_word' id='word_1_277' title='bbox 2365 1233 2530 1285; x_wconf 92' lang='lat' dir='ltr'><strong>unius</strong></span> <span class='ocrx_word' id='word_1_278' title='bbox 2561 1245 2725 1300; x_wconf 90' lang='lat' dir='ltr'><strong>quam</strong></span> <span class='ocrx_word' id='word_1_279' title='bbox 2752 1226 3159 1294; x_wconf 81' lang='lat' dir='ltr'><strong>comprehendit</strong></span> <span class='ocrx_word' id='word_1_280' title='bbox 3198 1224 3274 1278; x_wconf 88' lang='lat' dir='ltr'><strong>sol</strong></span> <span class='ocrx_word' id='word_1_281' title='bbox 3309 1240 3449 1277; x_wconf 89' lang='lat' dir='ltr'><strong>unus</strong></span> <span class='ocrx_word' id='word_1_282' title='bbox 3478 1238 3494 1285; x_wconf 92' lang='lat'><strong>;</strong></span> <span class='ocrx_word' id='word_1_283' title='bbox 3524 1221 3681 1289; x_wconf 88' lang='lat' dir='ltr'><strong>cujus</strong></span> <span class='ocrx_word' id='word_1_284' title='bbox 3717 1236 3813 1275; x_wconf 92' lang='lat' dir='ltr'><strong>nec</strong></span> <span class='ocrx_word' id='word_1_285' title='bbox 3845 1222 3936 1276; x_wconf 64' lang='lat' dir='ltr'><strong>luit</strong></span> 
     </span>
    </p>
   </div>
   <div class='ocr_carea' id='block_1_41' title="bbox 2366 1309 3940 1390">
    <p class='ocr_par' dir='ltr' id='par_1_41' title="bbox 2366 1309 3940 1390">
     <span class='ocr_line' id='line_1_41' title="bbox 2366 1309 3940 1390; baseline -0.013 -13"><span class='ocrx_word' id='word_1_286' title='bbox 2366 1331 2491 1377; x_wconf 88' lang='lat' dir='ltr'><strong>ante</strong></span> <span class='ocrx_word' id='word_1_287' title='bbox 2526 1337 2724 1390; x_wconf 89' lang='lat' dir='ltr'><strong>corpus</strong></span> <span class='ocrx_word' id='word_1_288' title='bbox 2752 1319 2923 1385; x_wconf 88' lang='lat' dir='ltr'><strong>ipsius</strong></span> <span class='ocrx_word' id='word_1_289' title='bbox 2955 1318 3034 1372; x_wconf 94' lang='lat' dir='ltr'><strong>sol</strong></span> <span class='ocrx_word' id='word_1_290' title='bbox 3073 1315 3391 1376; x_wconf 85' lang='lat' dir='ltr'><strong>vocabatur,</strong></span> <span class='ocrx_word' id='word_1_291' title='bbox 3431 1328 3529 1366; x_wconf 88' lang='lat' dir='ltr'><strong>nec</strong></span> <span class='ocrx_word' id='word_1_292' title='bbox 3566 1326 3764 1379; x_wconf 83' lang='lat' dir='ltr'><strong>corpus</strong></span> <span class='ocrx_word' id='word_1_293' title='bbox 3819 1309 3940 1360; x_wconf 89' lang='lat' dir='ltr'><strong>sine</strong></span> 
     </span>
    </p>
   </div>
   <div class='ocr_carea' id='block_1_42' title="bbox 2368 1400 3942 1474">
    <p class='ocr_par' dir='ltr' id='par_1_42' title="bbox 2368 1400 3942 1474">
     <span class='ocr_line' id='line_1_42' title="bbox 2368 1400 3942 1474; baseline -0.011 -7"><span class='ocrx_word' id='word_1_294' title='bbox 2368 1416 2486 1469; x_wconf 85' lang='lat' dir='ltr'><strong>luce</strong></span> <span class='ocrx_word' id='word_1_295' title='bbox 2546 1416 2629 1469; x_wconf 92' lang='lat' dir='ltr'><strong>sol</strong></span> <span class='ocrx_word' id='word_1_296' title='bbox 2688 1412 2862 1474; x_wconf 87' lang='lat' dir='ltr'><strong>audit,</strong></span> <span class='ocrx_word' id='word_1_297' title='bbox 2910 1426 3097 1464; x_wconf 86' lang='lat' dir='ltr'><strong>verum</strong></span> <span class='ocrx_word' id='word_1_298' title='bbox 3160 1408 3237 1463; x_wconf 83' lang='lat' dir='ltr'><strong>sul</strong></span> <span class='ocrx_word' id='word_1_299' title='bbox 3296 1422 3439 1460; x_wconf 91' lang='lat' dir='ltr'><strong>unus</strong></span> <span class='ocrx_word' id='word_1_300' title='bbox 3495 1414 3578 1457; x_wconf 89' lang='lat' dir='ltr'><strong>est</strong></span> <span class='ocrx_word' id='word_1_301' title='bbox 3633 1418 3761 1456; x_wconf 91' lang='lat' dir='ltr'><strong>cum</strong></span> <span class='ocrx_word' id='word_1_302' title='bbox 3819 1400 3942 1451; x_wconf 88' lang='lat' dir='ltr'><strong>lucc</strong></span> 
     </span>
    </p>
   </div>
   <div class='ocr_carea' id='block_1_43' title="bbox 2366 1490 3940 1575">
    <p class='ocr_par' dir='ltr' id='par_1_43' title="bbox 2366 1490 3940 1575">
     <span class='ocr_line' id='line_1_43' title="bbox 2366 1490 3940 1575; baseline -0.011 -15"><span class='ocrx_word' id='word_1_303' title='bbox 2366 1519 2420 1564; x_wconf 91' lang='lat' dir='ltr'><strong>et</strong></span> <span class='ocrx_word' id='word_1_304' title='bbox 2483 1522 2713 1575; x_wconf 90' lang='lat' dir='ltr'><strong>corpore</strong></span> <span class='ocrx_word' id='word_1_305' title='bbox 2794 1520 2894 1560; x_wconf 84' lang='lat' dir='ltr'><strong>suo</strong></span> <span class='ocrx_word' id='word_1_306' title='bbox 2953 1503 3176 1569; x_wconf 88' lang='lat' dir='ltr'><strong>pariter.</strong></span> <span class='ocrx_word' id='word_1_307' title='bbox 3246 1499 3556 1564; x_wconf 86' lang='lat' dir='ltr'><strong>Eodemque</strong></span> <span class='ocrx_word' id='word_1_308' title='bbox 3627 1493 3788 1550; x_wconf 88' lang='lat' dir='ltr'><strong>modo</strong></span> <span class='ocrx_word' id='word_1_309' title='bbox 3856 1490 3940 1543; x_wconf 88' lang='lat' dir='ltr'><strong>di-</strong></span> 
     </span>
    </p>
   </div>
   <div class='ocr_carea' id='block_1_44' title="bbox 2369 1584 3941 1673">
    <p class='ocr_par' dir='ltr' id='par_1_44' title="bbox 2369 1584 3941 1673">
     <span class='ocr_line' id='line_1_44' title="bbox 2369 1584 3941 1673; baseline -0.015 -17"><span class='ocrx_word' id='word_1_310' title='bbox 2369 1603 2651 1673; x_wconf 84' lang='lat' dir='ltr'><strong>gnoscitur</strong></span> <span class='ocrx_word' id='word_1_311' title='bbox 2702 1601 2791 1653; x_wconf 82' lang='lat' dir='ltr'><strong>lux</strong></span> <span class='ocrx_word' id='word_1_312' title='bbox 2845 1596 2935 1651; x_wconf 85' lang='lat' dir='ltr'><strong>Dei</strong></span> <span class='ocrx_word' id='word_1_313' title='bbox 2967 1594 3237 1650; x_wconf 82' lang='lat' dir='ltr'><strong>Christus.</strong></span> <span class='ocrx_word' id='word_1_314' title='bbox 3273 1590 3458 1659; x_wconf 81' lang='lat' dir='ltr'><strong>Neque</strong></span> <span class='ocrx_word' id='word_1_315' title='bbox 3484 1588 3628 1641; x_wconf 89' lang='lat' dir='ltr'><strong>enim</strong></span> <span class='ocrx_word' id='word_1_316' title='bbox 3668 1593 3795 1638; x_wconf 89' lang='lat' dir='ltr'><strong>ante</strong></span> <span class='ocrx_word' id='word_1_317' title='bbox 3854 1584 3941 1636; x_wconf 82' lang='lat' dir='ltr'><strong>in—</strong></span> 
     </span>
    </p>
   </div>
   <div class='ocr_carea' id='block_1_45' title="bbox 2370 1680 3941 1755">
    <p class='ocr_par' dir='ltr' id='par_1_45' title="bbox 2370 1680 3941 1755">
     <span class='ocr_line' id='line_1_45' title="bbox 2370 1680 3941 1755; baseline -0.012 -8"><span class='ocrx_word' id='word_1_318' title='bbox 2370 1693 2744 1747; x_wconf 90' lang='lat' dir='ltr'><strong>carnationem</strong></span> <span class='ocrx_word' id='word_1_319' title='bbox 2787 1704 2939 1744; x_wconf 91' lang='lat' dir='ltr'><strong>suam</strong></span> <span class='ocrx_word' id='word_1_320' title='bbox 2973 1702 3040 1741; x_wconf 77' lang='lat' dir='ltr'><strong>ex</strong></span> <span class='ocrx_word' id='word_1_321' title='bbox 3073 1684 3281 1755; x_wconf 78' lang='lat' dir='ltr'><strong>virgine</strong></span> <span class='ocrx_word' id='word_1_322' title='bbox 3324 1682 3492 1735; x_wconf 85' lang='lat' dir='ltr'><strong>Maria</strong></span> <span class='ocrx_word' id='word_1_323' title='bbox 3521 1680 3825 1748; x_wconf 88' lang='lat' dir='ltr'><strong>appellatus</strong></span> <span class='ocrx_word' id='word_1_324' title='bbox 3857 1685 3941 1730; x_wconf 86' lang='lat' dir='ltr'><strong>est</strong></span> 
     </span>
    </p>
   </div>
   <div class='ocr_carea' id='block_1_46' title="bbox 2369 1771 3942 1850">
    <p class='ocr_par' dir='ltr' id='par_1_46' title="bbox 2369 1771 3942 1850">
     <span class='ocr_line' id='line_1_46' title="bbox 2369 1771 3942 1850; baseline -0.012 -9"><span class='ocrx_word' id='word_1_325' title='bbox 2369 1786 2662 1848; x_wconf 81' lang='lat' dir='ltr'><strong>Christus;</strong></span> <span class='ocrx_word' id='word_1_326' title='bbox 2697 1796 2874 1850; x_wconf 85' lang='lat' dir='ltr'><strong>neque</strong></span> <span class='ocrx_word' id='word_1_327' title='bbox 2909 1780 3111 1833; x_wconf 80' lang='lat' dir='ltr'><strong>dicitur</strong></span> <span class='ocrx_word' id='word_1_328' title='bbox 3146 1773 3461 1830; x_wconf 82' lang='lat' dir='ltr'><strong>humanitas</strong></span> <span class='ocrx_word' id='word_1_329' title='bbox 3485 1773 3659 1840; x_wconf 88' lang='lat' dir='ltr'><strong>ipsius</strong></span> <span class='ocrx_word' id='word_1_330' title='bbox 3689 1772 3808 1826; x_wconf 89' lang='lat' dir='ltr'><strong>sine</strong></span> <span class='ocrx_word' id='word_1_331' title='bbox 3854 1771 3942 1823; x_wconf 86' lang='lat' dir='ltr'><strong>di-</strong></span> 
     </span>
    </p>
   </div>
   <div class='ocr_carea' id='block_1_47' title="bbox 2371 1863 3944 1944">
    <p class='ocr_par' dir='ltr' id='par_1_47' title="bbox 2371 1863 3944 1944">
     <span class='ocr_line' id='line_1_47' title="bbox 2371 1863 3944 1944; baseline -0.013 -9"><span class='ocrx_word' id='word_1_332' title='bbox 2371 1882 2598 1935; x_wconf 86' lang='lat' dir='ltr'><strong>vinitate</strong></span> <span class='ocrx_word' id='word_1_333' title='bbox 2626 1878 2897 1938; x_wconf 87' lang='lat' dir='ltr'><strong>Christus,</strong></span> <span class='ocrx_word' id='word_1_334' title='bbox 2921 1873 3030 1944; x_wconf 77' lang='lat'><strong>60</strong></span> <span class='ocrx_word' id='word_1_335' title='bbox 3058 1884 3241 1925; x_wconf 88' lang='lat' dir='ltr'><strong>verum</strong></span> <span class='ocrx_word' id='word_1_336' title='bbox 3272 1866 3528 1921; x_wconf 79' lang='lat' dir='ltr'><strong>divinitas</strong></span> <span class='ocrx_word' id='word_1_337' title='bbox 3550 1876 3602 1917; x_wconf 91' lang='lat' dir='ltr'><strong>et</strong></span> <span class='ocrx_word' id='word_1_338' title='bbox 3629 1863 3944 1917; x_wconf 79' lang='lat' dir='ltr'><strong>humanitas</strong></span> 
     </span>
    </p>
   </div>
   <div class='ocr_carea' id='block_1_48' title="bbox 2374 1952 3944 2041">
    <p class='ocr_par' dir='ltr' id='par_1_48' title="bbox 2374 1952 3944 2041">
     <span class='ocr_line' id='line_1_48' title="bbox 2374 1952 3944 2041; baseline -0.015 -15"><span class='ocrx_word' id='word_1_339' title='bbox 2374 1972 2545 2041; x_wconf 89' lang='lat' dir='ltr'><strong>ipsius</strong></span> <span class='ocrx_word' id='word_1_340' title='bbox 2586 1968 2746 2025; x_wconf 91' lang='lat' dir='ltr'><strong>simul</strong></span> <span class='ocrx_word' id='word_1_341' title='bbox 2793 1965 3046 2021; x_wconf 87' lang='lat' dir='ltr'><strong>Christus</strong></span> <span class='ocrx_word' id='word_1_342' title='bbox 3082 1974 3244 2022; x_wconf 82' lang='lat' dir='ltr'><strong>unus,</strong></span> <span class='ocrx_word' id='word_1_343' title='bbox 3279 1958 3373 2025; x_wconf 92' lang='lat' dir='ltr'><strong>qui</strong></span> <span class='ocrx_word' id='word_1_344' title='bbox 3409 1966 3578 2011; x_wconf 78' lang='lat' dir='ltr'><strong>estex</strong></span> <span class='ocrx_word' id='word_1_345' title='bbox 3631 1952 3944 2006; x_wconf 86' lang='lat' dir='ltr'><strong>substantia</strong></span> 
     </span>
    </p>
   </div>
   <div class='ocr_carea' id='block_1_49' title="bbox 2375 2047 3938 2128">
    <p class='ocr_par' dir='ltr' id='par_1_49' title="bbox 2375 2047 3938 2128">
     <span class='ocr_line' id='line_1_49' title="bbox 2375 2047 3938 2128; baseline -0.015 -10"><span class='ocrx_word' id='word_1_346' title='bbox 2375 2064 2552 2118; x_wconf 86' lang='lat' dir='ltr'><strong>Patris</strong></span> <span class='ocrx_word' id='word_1_347' title='bbox 2601 2071 2655 2117; x_wconf 91' lang='lat' dir='ltr'><strong>et</strong></span> <span class='ocrx_word' id='word_1_348' title='bbox 2682 2061 2919 2128; x_wconf 88' lang='lat' dir='ltr'><strong>Spiritus</strong></span> <span class='ocrx_word' id='word_1_349' title='bbox 2945 2055 3118 2110; x_wconf 83' lang='lat' dir='ltr'><strong>sancti</strong></span> <span class='ocrx_word' id='word_1_350' title='bbox 3150 2051 3449 2108; x_wconf 88' lang='lat' dir='ltr'><strong>secundum</strong></span> <span class='ocrx_word' id='word_1_351' title='bbox 3479 2047 3850 2105; x_wconf 84' lang='lat' dir='ltr'><strong>divinitatem,</strong></span> <span class='ocrx_word' id='word_1_352' title='bbox 3884 2051 3938 2096; x_wconf 90' lang='lat' dir='ltr'><strong>et</strong></span> 
     </span>
    </p>
   </div>
   <div class='ocr_carea' id='block_1_50' title="bbox 2376 2132 3943 2208">
    <p class='ocr_par' dir='ltr' id='par_1_50' title="bbox 2376 2132 3943 2208">
     <span class='ocr_line' id='line_1_50' title="bbox 2376 2132 3943 2208; baseline -0.019 1"><span class='ocrx_word' id='word_1_353' title='bbox 2376 2170 2439 2208; x_wconf 81' lang='lat' dir='ltr'><strong>ex</strong></span> <span class='ocrx_word' id='word_1_354' title='bbox 2471 2149 2771 2207; x_wconf 89' lang='lat' dir='ltr'><strong>substantia</strong></span> <span class='ocrx_word' id='word_1_355' title='bbox 2820 2146 3004 2200; x_wconf 88' lang='lat' dir='ltr'><strong>Matris</strong></span> <span class='ocrx_word' id='word_1_356' title='bbox 3030 2159 3141 2198; x_wconf 76' lang='lat' dir='ltr'><strong>sure</strong></span> <span class='ocrx_word' id='word_1_357' title='bbox 3181 2140 3623 2206; x_wconf 87' lang='lat' dir='ltr'><strong>reliquorumque</strong></span> <span class='ocrx_word' id='word_1_358' title='bbox 3656 2132 3943 2185; x_wconf 83' lang='lat' dir='ltr'><strong>hominum</strong></span> 
     </span>
    </p>
   </div>
   <div class='ocr_carea' id='block_1_51' title="bbox 2378 2228 3923 2314">
    <p class='ocr_par' dir='ltr' id='par_1_51' title="bbox 2378 2228 3923 2314">
     <span class='ocr_line' id='line_1_51' title="bbox 2378 2228 3923 2314; baseline -0.017 -14"><span class='ocrx_word' id='word_1_359' title='bbox 2378 2253 2627 2314; x_wconf 76' lang='lat' dir='ltr'><strong>respectu</strong></span> <span class='ocrx_word' id='word_1_360' title='bbox 2669 2237 3022 2294; x_wconf 84' lang='lat' dir='ltr'><strong>humanitatis</strong></span> <span class='ocrx_word' id='word_1_361' title='bbox 3065 2249 3198 2297; x_wconf 71' lang='lat' dir='ltr'><strong>sum,</strong></span> <span class='ocrx_word' id='word_1_362' title='bbox 3228 2232 3320 2299; x_wconf 90' lang='lat' dir='ltr'><strong>qtti</strong></span> <span class='ocrx_word' id='word_1_363' title='bbox 3354 2230 3469 2282; x_wconf 92' lang='lat' dir='ltr'><strong>vnlt</strong></span> <span class='ocrx_word' id='word_1_364' title='bbox 3516 2228 3796 2278; x_wconf 77' lang='lat' dir='ltr'><strong>voluntate</strong></span> <span class='ocrx_word' id='word_1_365' title='bbox 3854 2238 3923 2275; x_wconf 87' lang='lat' dir='ltr'><strong>na</strong></span> 
     </span>
    </p>
   </div>
   <div class='ocr_carea' id='block_1_52' title="bbox 2378 2314 3952 2389">
    <p class='ocr_par' dir='ltr' id='par_1_52' title="bbox 2378 2314 3952 2389">
     <span class='ocr_line' id='line_1_52' title="bbox 2378 2314 3952 2389; baseline -0.015 -1"><span class='ocrx_word' id='word_1_366' title='bbox 2378 2346 2513 2389; x_wconf 68' lang='lat' dir='ltr'><strong>tura!</strong></span> <span class='ocrx_word' id='word_1_367' title='bbox 2548 2329 2901 2387; x_wconf 82' lang='lat' dir='ltr'><strong>humanitatis</strong></span> <span class='ocrx_word' id='word_1_368' title='bbox 2959 2334 3428 2388; x_wconf 65' lang='lat' dir='ltr'><strong>suae,omuesque</strong></span> <span class='ocrx_word' id='word_1_369' title='bbox 3521 2317 3638 2381; x_wconf 77' lang='lat' dir='ltr'><strong>ejus</strong></span> <span class='ocrx_word' id='word_1_370' title='bbox 3703 2314 3952 2367; x_wconf 79' lang='lat' dir='ltr'><strong>actiones</strong></span> 
     </span>
    </p>
   </div>
   <div class='ocr_carea' id='block_1_53' title="bbox 2380 2407 3944 2495">
    <p class='ocr_par' dir='ltr' id='par_1_53' title="bbox 2380 2407 3944 2495">
     <span class='ocr_line' id='line_1_53' title="bbox 2380 2407 3944 2495; baseline -0.017 -15"><span class='ocrx_word' id='word_1_371' title='bbox 2380 2435 2657 2495; x_wconf 89' lang='lat' dir='ltr'><strong>operatur,</strong></span> <span class='ocrx_word' id='word_1_372' title='bbox 2682 2431 2904 2490; x_wconf 79' lang='lat' dir='ltr'><strong>excepto</strong></span> <span class='ocrx_word' id='word_1_373' title='bbox 2937 2426 3179 2487; x_wconf 86' lang='lat' dir='ltr'><strong>peccato.</strong></span> <span class='ocrx_word' id='word_1_374' title='bbox 3210 2414 3505 2467; x_wconf 85' lang='lat' dir='ltr'><strong>Peccatum</strong></span> <span class='ocrx_word' id='word_1_375' title='bbox 3532 2407 3677 2461; x_wconf 89' lang='lat' dir='ltr'><strong>enim</strong></span> <span class='ocrx_word' id='word_1_376' title='bbox 3714 2421 3822 2458; x_wconf 70' lang='lat' dir='ltr'><strong>non</strong></span> <span class='ocrx_word' id='word_1_377' title='bbox 3860 2414 3944 2457; x_wconf 74' lang='lat' dir='ltr'><strong>est</strong></span> 
     </span>
    </p>
   </div>
   <div class='ocr_carea' id='block_1_54' title="bbox 2380 2498 3954 2572">
    <p class='ocr_par' dir='ltr' id='par_1_54' title="bbox 2380 2498 3954 2572">
     <span class='ocr_line' id='line_1_54' title="bbox 2380 2498 3954 2572; baseline -0.017 0"><span class='ocrx_word' id='word_1_378' title='bbox 2380 2518 2447 2572; x_wconf 91' lang='lat' dir='ltr'><strong>de</strong></span> <span class='ocrx_word' id='word_1_379' title='bbox 2480 2512 2782 2571; x_wconf 87' lang='lat' dir='ltr'><strong>substantia</strong></span> <span class='ocrx_word' id='word_1_380' title='bbox 2844 2519 3068 2569; x_wconf 75' lang='lat' dir='ltr'><strong>natttrte,</strong></span> <span class='ocrx_word' id='word_1_381' title='bbox 3110 2520 3296 2558; x_wconf 88' lang='lat' dir='ltr'><strong>verum</strong></span> <span class='ocrx_word' id='word_1_382' title='bbox 3351 2500 3599 2554; x_wconf 85' lang='lat' dir='ltr'><strong>accidens</strong></span> <span class='ocrx_word' id='word_1_383' title='bbox 3645 2498 3790 2563; x_wconf 87' lang='lat' dir='ltr'><strong>quod</strong></span> <span class='ocrx_word' id='word_1_384' title='bbox 3857 2509 3954 2560; x_wconf 91' lang='lat' dir='ltr'><strong>per</strong></span> 
     </span>
    </p>
   </div>
   <div class='ocr_carea' id='block_1_55' title="bbox 2381 2585 3951 2665">
    <p class='ocr_par' dir='ltr' id='par_1_55' title="bbox 2381 2585 3951 2665">
     <span class='ocr_line' id='line_1_55' title="bbox 2381 2585 3951 2665; baseline -0.018 -1"><span class='ocrx_word' id='word_1_385' title='bbox 2381 2610 2731 2665; x_wconf 76' lang='lat' dir='ltr'><strong>rebellionem</strong></span> <span class='ocrx_word' id='word_1_386' title='bbox 2768 2603 2820 2656; x_wconf 93' lang='lat' dir='ltr'><strong>in</strong></span> <span class='ocrx_word' id='word_1_387' title='bbox 2850 2608 3100 2653; x_wconf 90' lang='lat' dir='ltr'><strong>naturam</strong></span> <span class='ocrx_word' id='word_1_388' title='bbox 3128 2595 3373 2649; x_wconf 88' lang='lat' dir='ltr'><strong>intravit.</strong></span> <span class='ocrx_word' id='word_1_389' title='bbox 3416 2592 3531 2645; x_wconf 79' lang='lat' dir='ltr'><strong>Non</strong></span> <span class='ocrx_word' id='word_1_390' title='bbox 3573 2587 3784 2643; x_wconf 78' lang='lat' dir='ltr'><strong>destitit</strong></span> <span class='ocrx_word' id='word_1_391' title='bbox 3817 2585 3951 2637; x_wconf 82' lang='lat' dir='ltr'><strong>sub-</strong></span> 
     </span>
    </p>
   </div>
   <div class='ocr_carea' id='block_1_56' title="bbox 2383 2678 3947 2761">
    <p class='ocr_par' dir='ltr' id='par_1_56' title="bbox 2383 2678 3947 2761">
     <span class='ocr_line' id='line_1_56' title="bbox 2383 2678 3947 2761; baseline -0.019 -5"><span class='ocrx_word' id='word_1_392' title='bbox 2383 2701 2583 2756; x_wconf 81' lang='lat' dir='ltr'><strong>stantia</strong></span> <span class='ocrx_word' id='word_1_393' title='bbox 2625 2693 2978 2750; x_wconf 80' lang='lat' dir='ltr'><strong>humanitatis</strong></span> <span class='ocrx_word' id='word_1_394' title='bbox 3004 2690 3177 2761; x_wconf 91' lang='lat' dir='ltr'><strong>ipsius</strong></span> <span class='ocrx_word' id='word_1_395' title='bbox 3205 2685 3430 2753; x_wconf 88' lang='lat' dir='ltr'><strong>obseqni</strong></span> <span class='ocrx_word' id='word_1_396' title='bbox 3465 2680 3786 2736; x_wconf 67' lang='lat' dir='ltr'><strong>substantia:</strong></span> <span class='ocrx_word' id='word_1_397' title='bbox 3817 2678 3947 2731; x_wconf 74' lang='lat' dir='ltr'><strong>divi-</strong></span> 
     </span>
    </p>
   </div>
   <div class='ocr_carea' id='block_1_57' title="bbox 2384 2769 3960 2858">
    <p class='ocr_par' dir='ltr' id='par_1_57' title="bbox 2384 2769 3960 2858">
     <span class='ocr_line' id='line_1_57' title="bbox 2384 2769 3960 2858; baseline -0.019 -11"><span class='ocrx_word' id='word_1_398' title='bbox 2384 2793 2571 2847; x_wconf 89' lang='lat' dir='ltr'><strong>nitatis</strong></span> <span class='ocrx_word' id='word_1_399' title='bbox 2628 2788 2822 2858; x_wconf 93' lang='lat' dir='ltr'><strong>ipsius,</strong></span> <span class='ocrx_word' id='word_1_400' title='bbox 2860 2801 2926 2839; x_wconf 86' lang='lat' dir='ltr'><strong>ex</strong></span> <span class='ocrx_word' id='word_1_401' title='bbox 2953 2798 3063 2852; x_wconf 88' lang='lat' dir='ltr'><strong>quo</strong></span> <span class='ocrx_word' id='word_1_402' title='bbox 3090 2793 3311 2835; x_wconf 85' lang='lat' dir='ltr'><strong>carnem</strong></span> <span class='ocrx_word' id='word_1_403' title='bbox 3349 2774 3544 2834; x_wconf 86' lang='lat' dir='ltr'><strong>induit,</strong></span> <span class='ocrx_word' id='word_1_404' title='bbox 3606 2787 3705 2825; x_wconf 88' lang='lat' dir='ltr'><strong>nec</strong></span> <span class='ocrx_word' id='word_1_405' title='bbox 3742 2769 3960 2822; x_wconf 79' lang='lat' dir='ltr'><strong>destitit</strong></span> 
     </span>
    </p>
   </div>
   <div class='ocr_carea' id='block_1_58' title="bbox 2387 2858 3955 2938">
    <p class='ocr_par' dir='ltr' id='par_1_58' title="bbox 2387 2858 3955 2938">
     <span class='ocr_line' id='line_1_58' title="bbox 2387 2858 3955 2938; baseline -0.015 -6"><span class='ocrx_word' id='word_1_406' title='bbox 2387 2879 2613 2932; x_wconf 68' lang='lat' dir='ltr'><strong>affectus</strong></span> <span class='ocrx_word' id='word_1_407' title='bbox 2641 2872 2998 2929; x_wconf 89' lang='lat' dir='ltr'><strong>humanitatis</strong></span> <span class='ocrx_word' id='word_1_408' title='bbox 3036 2870 3210 2938; x_wconf 90' lang='lat' dir='ltr'><strong>ipsius</strong></span> <span class='ocrx_word' id='word_1_409' title='bbox 3248 2879 3443 2934; x_wconf 86' lang='lat' dir='ltr'><strong>parere</strong></span> <span class='ocrx_word' id='word_1_410' title='bbox 3474 2861 3689 2915; x_wconf 82' lang='lat' dir='ltr'><strong>ali‘ectui</strong></span> <span class='ocrx_word' id='word_1_411' title='bbox 3749 2858 3955 2911; x_wconf 82' lang='lat' dir='ltr'><strong>divini-</strong></span> 
     </span>
    </p>
   </div>
   <div class='ocr_carea' id='block_1_59' title="bbox 2392 2950 3959 3040">
    <p class='ocr_par' dir='ltr' id='par_1_59' title="bbox 2392 2950 3959 3040">
     <span class='ocr_line' id='line_1_59' title="bbox 2392 2950 3959 3040; baseline -0.017 -13"><span class='ocrx_word' id='word_1_412' title='bbox 2392 2972 2487 3027; x_wconf 88' lang='lat' dir='ltr'><strong>tati</strong></span> <span class='ocrx_word' id='word_1_413' title='bbox 2518 2970 2731 3040; x_wconf 89' lang='lat' dir='ltr'><strong>ipsius;</strong></span> <span class='ocrx_word' id='word_1_414' title='bbox 2769 2979 2944 3032; x_wconf 85' lang='lat' dir='ltr'><strong>neque</strong></span> <span class='ocrx_word' id='word_1_415' title='bbox 2964 2963 3109 3017; x_wconf 91' lang='lat' dir='ltr'><strong>enim</strong></span> <span class='ocrx_word' id='word_1_416' title='bbox 3141 2959 3414 3014; x_wconf 86' lang='lat' dir='ltr'><strong>desiderat</strong></span> <span class='ocrx_word' id='word_1_417' title='bbox 3447 2953 3759 3009; x_wconf 83' lang='lat' dir='ltr'><strong>humanitas</strong></span> <span class='ocrx_word' id='word_1_418' title='bbox 3782 2950 3959 3017; x_wconf 87' lang='lat' dir='ltr'><strong>ipsius</strong></span> 
     </span>
    </p>
   </div>
   <div class='ocr_carea' id='block_1_60' title="bbox 2388 3043 3960 3135">
    <p class='ocr_par' dir='ltr' id='par_1_60' title="bbox 2388 3043 3960 3135">
     <span class='ocr_line' id='line_1_60' title="bbox 2388 3043 3960 3135; baseline -0.018 -16"><span class='ocrx_word' id='word_1_419' title='bbox 2388 3080 2485 3135; x_wconf 90' lang='lat' dir='ltr'><strong>per</strong></span> <span class='ocrx_word' id='word_1_420' title='bbox 2511 3078 2591 3126; x_wconf 90' lang='lat' dir='ltr'><strong>se,</strong></span> <span class='ocrx_word' id='word_1_421' title='bbox 2615 3058 2759 3128; x_wconf 88' lang='lat' dir='ltr'><strong>quod</strong></span> <span class='ocrx_word' id='word_1_422' title='bbox 2789 3058 2903 3111; x_wconf 90' lang='lat' dir='ltr'><strong>vult</strong></span> <span class='ocrx_word' id='word_1_423' title='bbox 2926 3066 3121 3109; x_wconf 87' lang='lat' dir='ltr'><strong>natura</strong></span> <span class='ocrx_word' id='word_1_424' title='bbox 3150 3050 3504 3106; x_wconf 90' lang='lat' dir='ltr'><strong>humanitatis</strong></span> <span class='ocrx_word' id='word_1_425' title='bbox 3541 3045 3606 3099; x_wconf 88' lang='lat' dir='ltr'><strong>de</strong></span> <span class='ocrx_word' id='word_1_426' title='bbox 3634 3043 3776 3104; x_wconf 82' lang='lat' dir='ltr'><strong>cibo,</strong></span> <span class='ocrx_word' id='word_1_427' title='bbox 3806 3050 3960 3135; x_wconf 77' lang='lat' dir='ltr'><strong>putu,</strong></span> 
     </span>
    </p>
   </div>
   <div class='ocr_carea' id='block_1_61' title="bbox 717 3133 3964 3219">
    <p class='ocr_par' dir='ltr' id='par_1_61' title="bbox 717 3133 3964 3219">
     <span class='ocr_line' id='line_1_61' title="bbox 717 3133 3964 3219; baseline -0.011 -2"><span class='ocrx_word' id='word_1_428' title='bbox 717 3140 925 3194; x_wconf 55' lang='lat' dir='ltr'><strong>tionem</strong></span> <span class='ocrx_word' id='word_1_429' title='bbox 954 3140 1191 3209; x_wconf 64' lang='lat' dir='ltr'><strong>aliquam</strong></span> <span class='ocrx_word' id='word_1_430' title='bbox 1223 3156 1328 3209; x_wconf 65' lang='lat' dir='ltr'><strong>qua</strong></span> <span class='ocrx_word' id='word_1_431' title='bbox 1360 3157 1388 3195; x_wconf 72' lang='grc'><strong>³</strong></span> <span class='ocrx_word' id='word_1_432' title='bbox 1427 3142 1731 3195; x_wconf 61' lang='grc' dir='ltr'><strong>⁵¹¹υ⁵¹³ηίίί¹</strong></span> <span class='ocrx_word' id='word_1_433' title='bbox 1764 3156 1861 3195; x_wconf 64' lang='lat' dir='ltr'><strong>sua</strong></span> <span class='ocrx_word' id='word_1_434' title='bbox 1899 3150 2119 3194; x_wconf 67' lang='grc' dir='ltr'><strong>θτθθηῖθ</strong></span> <span class='ocrx_word' id='word_1_435' title='bbox 2154 3155 2276 3193; x_wconf 71' lang='lat' dir='ltr'><strong>con&#39;</strong></span> <span class='ocrx_word' id='word_1_436' title='bbox 2310 3156 2353 3214; x_wconf 83' lang='lat' dir='ltr'><strong>C</strong></span> <span class='ocrx_word' id='word_1_437' title='bbox 2388 3133 2601 3219; x_wconf 80' lang='lat' dir='ltr'><strong>somno,</strong></span> <span class='ocrx_word' id='word_1_438' title='bbox 2635 3153 2960 3219; x_wconf 63' lang='lat' dir='ltr'><strong>ueterisque</strong></span> <span class='ocrx_word' id='word_1_439' title='bbox 2991 3162 3111 3216; x_wconf 61' lang='lat' dir='ltr'><strong>quae</strong></span> <span class='ocrx_word' id='word_1_440' title='bbox 3145 3145 3211 3197; x_wconf 90' lang='lat' dir='ltr'><strong>ad</strong></span> <span class='ocrx_word' id='word_1_441' title='bbox 3245 3140 3605 3197; x_wconf 86' lang='lat' dir='ltr'><strong>substantiam</strong></span> <span class='ocrx_word' id='word_1_442' title='bbox 3641 3133 3964 3188; x_wconf 86' lang='lat' dir='ltr'><strong>humanita-</strong></span> 
     </span>
    </p>
   </div>
   <div class='ocr_carea' id='block_1_62' title="bbox 718 3231 2281 3303">
    <p class='ocr_par' dir='ltr' id='par_1_62' title="bbox 718 3231 2281 3303">
     <span class='ocr_line' id='line_1_62' title="bbox 718 3231 2281 3303; baseline -0.001 -19"><span class='ocrx_word' id='word_1_443' title='bbox 718 3238 1027 3287; x_wconf 87' lang='lat' dir='ltr'><strong>verteretur</strong></span> <span class='ocrx_word' id='word_1_444' title='bbox 1071 3233 1123 3287; x_wconf 90' lang='lat' dir='ltr'><strong>in</strong></span> <span class='ocrx_word' id='word_1_445' title='bbox 1172 3232 1535 3287; x_wconf 90' lang='lat' dir='ltr'><strong>substantiam</strong></span> <span class='ocrx_word' id='word_1_446' title='bbox 1590 3242 1861 3299; x_wconf 89' lang='lat' dir='ltr'><strong>creatam;</strong></span> <span class='ocrx_word' id='word_1_447' title='bbox 1912 3242 2005 3287; x_wconf 92' lang='lat' dir='ltr'><strong>aut</strong></span> <span class='ocrx_word' id='word_1_448' title='bbox 2056 3231 2281 3303; x_wconf 76' lang='lat' dir='ltr'><strong>[dicere]</strong></span> 
     </span>
    </p>
   </div>
   <div class='ocr_carea' id='block_1_63' title="bbox 720 3325 2283 3393">
    <p class='ocr_par' dir='ltr' id='par_1_63' title="bbox 720 3325 2283 3393">
     <span class='ocr_line' id='line_1_63' title="bbox 720 3325 2283 3393; baseline -0.001 -15"><span class='ocrx_word' id='word_1_449' title='bbox 720 3338 961 3389; x_wconf 88' lang='lat' dir='ltr'><strong>carnem,</strong></span> <span class='ocrx_word' id='word_1_450' title='bbox 1002 3338 1165 3393; x_wconf 88' lang='lat' dir='ltr'><strong>quam</strong></span> <span class='ocrx_word' id='word_1_451' title='bbox 1210 3325 1310 3379; x_wconf 91' lang='lat' dir='ltr'><strong>sibi</strong></span> <span class='ocrx_word' id='word_1_452' title='bbox 1362 3325 1417 3378; x_wconf 91' lang='lat' dir='ltr'><strong>in</strong></span> <span class='ocrx_word' id='word_1_453' title='bbox 1464 3325 1832 3379; x_wconf 85' lang='lat' dir='ltr'><strong>habitaculum</strong></span> <span class='ocrx_word' id='word_1_454' title='bbox 1880 3326 2107 3386; x_wconf 86' lang='lat' dir='ltr'><strong>creavit,</strong></span> <span class='ocrx_word' id='word_1_455' title='bbox 2149 3341 2283 3379; x_wconf 84' lang='lat' dir='ltr'><strong>con—</strong></span> 
     </span>
    </p>
   </div>
   <div class='ocr_carea' id='block_1_64' title="bbox 720 3417 2283 3473">
    <p class='ocr_par' dir='ltr' id='par_1_64' title="bbox 720 3417 2283 3473">
     <span class='ocr_line' id='line_1_64' title="bbox 720 3417 2283 3473; baseline 0.001 -4"><span class='ocrx_word' id='word_1_456' title='bbox 720 3417 859 3471; x_wconf 85' lang='lat' dir='ltr'><strong>verti</strong></span> <span class='ocrx_word' id='word_1_457' title='bbox 900 3431 930 3470; x_wconf 93' lang='lat' dir='ltr'><strong>a</strong></span> <span class='ocrx_word' id='word_1_458' title='bbox 978 3417 1284 3473; x_wconf 88' lang='lat' dir='ltr'><strong>substantia</strong></span> <span class='ocrx_word' id='word_1_459' title='bbox 1328 3432 1426 3472; x_wconf 92' lang='lat' dir='ltr'><strong>sua</strong></span> <span class='ocrx_word' id='word_1_460' title='bbox 1473 3426 1655 3473; x_wconf 87' lang='lat' dir='ltr'><strong>creata</strong></span> <span class='ocrx_word' id='word_1_461' title='bbox 1706 3434 1769 3473; x_wconf 88' lang='lat' dir='ltr'><strong>ac</strong></span> <span class='ocrx_word' id='word_1_462' title='bbox 1814 3418 1927 3473; x_wconf 83' lang='lat' dir='ltr'><strong>fieri</strong></span> <span class='ocrx_word' id='word_1_463' title='bbox 1983 3429 2283 3473; x_wconf 67' lang='lat' dir='ltr'><strong>errantem.</strong></span> 
     </span>
    </p>
   </div>
   <div class='ocr_carea' id='block_1_65' title="bbox 721 3509 2286 3581">
    <p class='ocr_par' dir='ltr' id='par_1_65' title="bbox 721 3509 2286 3581">
     <span class='ocr_line' id='line_1_65' title="bbox 721 3509 2286 3581; baseline 0.001 -19"><span class='ocrx_word' id='word_1_464' title='bbox 721 3509 877 3575; x_wconf 79' lang='lat' dir='ltr'><strong>Quod</strong></span> <span class='ocrx_word' id='word_1_465' title='bbox 904 3510 947 3565; x_wconf 88' lang='lat' dir='ltr'><strong>si</strong></span> <span class='ocrx_word' id='word_1_466' title='bbox 970 3510 1090 3564; x_wconf 64' lang='lat' dir='ltr'><strong>duae</strong></span> <span class='ocrx_word' id='word_1_467' title='bbox 1114 3519 1321 3563; x_wconf 73' lang='lat' dir='ltr'><strong>natura:</strong></span> <span class='ocrx_word' id='word_1_468' title='bbox 1343 3511 1830 3565; x_wconf 82' lang='lat' dir='ltr'><strong>commiscerentur</strong></span> <span class='ocrx_word' id='word_1_469' title='bbox 1855 3513 2083 3565; x_wconf 87' lang='lat' dir='ltr'><strong>mistttra</strong></span> <span class='ocrx_word' id='word_1_470' title='bbox 2109 3514 2286 3581; x_wconf 86' lang='lat' dir='ltr'><strong>aliqua</strong></span> 
     </span>
    </p>
   </div>
   <div class='ocr_carea' id='block_1_66' title="bbox 725 3590 2289 3674">
    <p class='ocr_par' dir='ltr' id='par_1_66' title="bbox 725 3590 2289 3674">
     <span class='ocr_line' id='line_1_66' title="bbox 725 3590 2289 3674; baseline 0.002 -20"><span class='ocrx_word' id='word_1_471' title='bbox 725 3601 859 3654; x_wconf 86' lang='lat' dir='ltr'><strong>adeo</strong></span> <span class='ocrx_word' id='word_1_472' title='bbox 884 3609 942 3653; x_wconf 93' lang='lat' dir='ltr'><strong>ut</strong></span> <span class='ocrx_word' id='word_1_473' title='bbox 972 3601 1161 3654; x_wconf 81' lang='lat' dir='ltr'><strong>tierent</strong></span> <span class='ocrx_word' id='word_1_474' title='bbox 1191 3590 1552 3662; x_wconf 17' lang='lat' dir='ltr'><strong>natu‘ra,una,</strong></span> <span class='ocrx_word' id='word_1_475' title='bbox 1579 3616 1684 3655; x_wconf 91' lang='lat' dir='ltr'><strong>non</strong></span> <span class='ocrx_word' id='word_1_476' title='bbox 1716 3611 1862 3656; x_wconf 84' lang='lat' dir='ltr'><strong>esset</strong></span> <span class='ocrx_word' id='word_1_477' title='bbox 1892 3601 2143 3657; x_wconf 86' lang='lat' dir='ltr'><strong>Christus</strong></span> <span class='ocrx_word' id='word_1_478' title='bbox 2169 3615 2289 3674; x_wconf 84' lang='lat' dir='ltr'><strong>post</strong></span> 
     </span>
    </p>
   </div>
   <div class='ocr_carea' id='block_1_67' title="bbox 726 3694 2289 3763">
    <p class='ocr_par' dir='ltr' id='par_1_67' title="bbox 726 3694 2289 3763">
     <span class='ocr_line' id='line_1_67' title="bbox 726 3694 2289 3763; baseline 0.002 -18"><span class='ocrx_word' id='word_1_479' title='bbox 726 3695 1161 3748; x_wconf 83' lang='lat' dir='ltr'><strong>incarnationem</strong></span> <span class='ocrx_word' id='word_1_480' title='bbox 1193 3709 1373 3759; x_wconf 81' lang='lat' dir='ltr'><strong>suam,</strong></span> <span class='ocrx_word' id='word_1_481' title='bbox 1402 3709 1431 3749; x_wconf 89' lang='lat' dir='ltr'><strong>e</strong></span> <span class='ocrx_word' id='word_1_482' title='bbox 1469 3695 1775 3749; x_wconf 84' lang='lat' dir='ltr'><strong>substantia</strong></span> <span class='ocrx_word' id='word_1_483' title='bbox 1811 3694 1990 3748; x_wconf 82' lang='lat' dir='ltr'><strong>Patris</strong></span> <span class='ocrx_word' id='word_1_484' title='bbox 2022 3703 2075 3749; x_wconf 91' lang='lat' dir='ltr'><strong>et</strong></span> <span class='ocrx_word' id='word_1_485' title='bbox 2113 3697 2289 3763; x_wconf 82' lang='lat' dir='ltr'><strong>Spiri-</strong></span> 
     </span>
    </p>
   </div>
   <div class='ocr_carea' id='block_1_68' title="bbox 727 3782 2292 3853">
    <p class='ocr_par' dir='ltr' id='par_1_68' title="bbox 727 3782 2292 3853">
     <span class='ocr_line' id='line_1_68' title="bbox 727 3782 2292 3853; baseline 0 -16"><span class='ocrx_word' id='word_1_486' title='bbox 727 3792 821 3838; x_wconf 84' lang='lat' dir='ltr'><strong>tus</strong></span> <span class='ocrx_word' id='word_1_487' title='bbox 858 3784 1064 3853; x_wconf 79' lang='lat' dir='ltr'><strong>sancti,</strong></span> <span class='ocrx_word' id='word_1_488' title='bbox 1110 3784 1376 3852; x_wconf 89' lang='lat' dir='ltr'><strong>siquidem</strong></span> <span class='ocrx_word' id='word_1_489' title='bbox 1419 3783 1720 3838; x_wconf 84' lang='lat' dir='ltr'><strong>substantia</strong></span> <span class='ocrx_word' id='word_1_490' title='bbox 1760 3782 1939 3836; x_wconf 84' lang='lat' dir='ltr'><strong>Patris</strong></span> <span class='ocrx_word' id='word_1_491' title='bbox 1970 3791 2022 3836; x_wconf 83' lang='lat' dir='ltr'><strong>et</strong></span> <span class='ocrx_word' id='word_1_492' title='bbox 2058 3782 2292 3850; x_wconf 85' lang='lat' dir='ltr'><strong>Spiritus</strong></span> 
     </span>
    </p>
   </div>
   <div class='ocr_carea' id='block_1_69' title="bbox 725 3872 2286 3941">
    <p class='ocr_par' dir='ltr' id='par_1_69' title="bbox 725 3872 2286 3941">
     <span class='ocr_line' id='line_1_69' title="bbox 725 3872 2286 3941; baseline -0.001 -12"><span class='ocrx_word' id='word_1_493' title='bbox 725 3873 899 3929; x_wconf 88' lang='lat' dir='ltr'><strong>sancti</strong></span> <span class='ocrx_word' id='word_1_494' title='bbox 939 3882 1019 3928; x_wconf 90' lang='lat' dir='ltr'><strong>est</strong></span> <span class='ocrx_word' id='word_1_495' title='bbox 1052 3872 1358 3928; x_wconf 88' lang='lat' dir='ltr'><strong>substantia</strong></span> <span class='ocrx_word' id='word_1_496' title='bbox 1387 3872 1638 3941; x_wconf 82' lang='lat' dir='ltr'><strong>simplex,</strong></span> <span class='ocrx_word' id='word_1_497' title='bbox 1667 3872 1913 3936; x_wconf 89' lang='lat' dir='ltr'><strong>subtilis,</strong></span> <span class='ocrx_word' id='word_1_498' title='bbox 1946 3872 2037 3926; x_wconf 80' lang='lat' dir='ltr'><strong>lux</strong></span> <span class='ocrx_word' id='word_1_499' title='bbox 2070 3888 2286 3935; x_wconf 87' lang='lat' dir='ltr'><strong>creans,</strong></span> 
     </span>
    </p>
   </div>
   <div class='ocr_carea' id='block_1_70' title="bbox 724 3963 2290 4036">
    <p class='ocr_par' dir='ltr' id='par_1_70' title="bbox 724 3963 2290 4036">
     <span class='ocr_line' id='line_1_70' title="bbox 724 3963 2290 4036; baseline -0.001 -18"><span class='ocrx_word' id='word_1_500' title='bbox 724 3980 889 4036; x_wconf 88' lang='lat' dir='ltr'><strong>quam</strong></span> <span class='ocrx_word' id='word_1_501' title='bbox 919 3979 1029 4019; x_wconf 86' lang='lat' dir='ltr'><strong>non</strong></span> <span class='ocrx_word' id='word_1_502' title='bbox 1067 3964 1368 4033; x_wconf 77' lang='lat' dir='ltr'><strong>ingreditur</strong></span> <span class='ocrx_word' id='word_1_503' title='bbox 1394 3964 1738 4033; x_wconf 87' lang='lat' dir='ltr'><strong>compositio.</strong></span> <span class='ocrx_word' id='word_1_504' title='bbox 1767 3963 1831 4016; x_wconf 87' lang='lat' dir='ltr'><strong>Et</strong></span> <span class='ocrx_word' id='word_1_505' title='bbox 1860 3964 2132 4033; x_wconf 90' lang='lat' dir='ltr'><strong>quomodo</strong></span> <span class='ocrx_word' id='word_1_506' title='bbox 2157 3980 2290 4019; x_wconf 88' lang='lat' dir='ltr'><strong>con-</strong></span> 
     </span>
    </p>
   </div>
   <div class='ocr_carea' id='block_1_71' title="bbox 725 4055 2294 4113">
    <p class='ocr_par' dir='ltr' id='par_1_71' title="bbox 725 4055 2294 4113">
     <span class='ocr_line' id='line_1_71' title="bbox 725 4055 2294 4113; baseline 0.001 -4"><span class='ocrx_word' id='word_1_507' title='bbox 725 4058 937 4113; x_wconf 81' lang='lat' dir='ltr'><strong>veniret</strong></span> <span class='ocrx_word' id='word_1_508' title='bbox 975 4065 1032 4110; x_wconf 91' lang='lat' dir='ltr'><strong>ut</strong></span> <span class='ocrx_word' id='word_1_509' title='bbox 1073 4055 1244 4112; x_wconf 84' lang='lat' dir='ltr'><strong>Filius</strong></span> <span class='ocrx_word' id='word_1_510' title='bbox 1286 4056 1604 4111; x_wconf 86' lang='lat' dir='ltr'><strong>incarnatus</strong></span> <span class='ocrx_word' id='word_1_511' title='bbox 1646 4067 2029 4111; x_wconf 88' lang='lat' dir='ltr'><strong>accenseretttr</strong></span> <span class='ocrx_word' id='word_1_512' title='bbox 2063 4057 2208 4111; x_wconf 90' lang='lat' dir='ltr'><strong>Patri</strong></span> <span class='ocrx_word' id='word_1_513' title='bbox 2240 4065 2294 4110; x_wconf 87' lang='lat' dir='ltr'><strong>et</strong></span> 
     </span>
    </p>
   </div>
   <div class='ocr_carea' id='block_1_72' title="bbox 728 4146 2294 4217">
    <p class='ocr_par' dir='ltr' id='par_1_72' title="bbox 728 4146 2294 4217">
     <span class='ocr_line' id='line_1_72' title="bbox 728 4146 2294 4217; baseline -0.003 -12"><span class='ocrx_word' id='word_1_514' title='bbox 728 4160 921 4206; x_wconf 85' lang='lat' dir='ltr'><strong>sancto</strong></span> <span class='ocrx_word' id='word_1_515' title='bbox 976 4146 1226 4217; x_wconf 90' lang='lat' dir='ltr'><strong>Spiritui,</strong></span> <span class='ocrx_word' id='word_1_516' title='bbox 1261 4155 1549 4217; x_wconf 84' lang='lat' dir='ltr'><strong>postquam</strong></span> <span class='ocrx_word' id='word_1_517' title='bbox 1606 4162 1637 4201; x_wconf 91' lang='lat' dir='ltr'><strong>e</strong></span> <span class='ocrx_word' id='word_1_518' title='bbox 1688 4146 1995 4201; x_wconf 88' lang='lat' dir='ltr'><strong>substantia</strong></span> <span class='ocrx_word' id='word_1_519' title='bbox 2051 4148 2294 4217; x_wconf 88' lang='lat' dir='ltr'><strong>ipsorum</strong></span> 
     </span>
    </p>
   </div>
   <div class='ocr_carea' id='block_1_73' title="bbox 726 4239 2296 4311">
    <p class='ocr_par' dir='ltr' id='par_1_73' title="bbox 726 4239 2296 4311">
     <span class='ocr_line' id='line_1_73' title="bbox 726 4239 2296 4311; baseline -0.001 -15"><span class='ocrx_word' id='word_1_520' title='bbox 726 4255 981 4311; x_wconf 89' lang='lat' dir='ltr'><strong>egressus</strong></span> <span class='ocrx_word' id='word_1_521' title='bbox 1010 4248 1157 4295; x_wconf 89' lang='lat' dir='ltr'><strong>esset</strong></span> <span class='ocrx_word' id='word_1_522' title='bbox 1192 4254 1302 4309; x_wconf 82' lang='lat' dir='ltr'><strong>prae</strong></span> <span class='ocrx_word' id='word_1_523' title='bbox 1329 4252 1392 4293; x_wconf 91' lang='lat' dir='ltr'><strong>ea</strong></span> <span class='ocrx_word' id='word_1_524' title='bbox 1420 4241 1508 4293; x_wconf 88' lang='lat' dir='ltr'><strong>cui</strong></span> <span class='ocrx_word' id='word_1_525' title='bbox 1540 4239 1811 4293; x_wconf 82' lang='lat' dir='ltr'><strong>obnoxius</strong></span> <span class='ocrx_word' id='word_1_526' title='bbox 1844 4239 2018 4294; x_wconf 81' lang='lat' dir='ltr'><strong>fuerat</strong></span> <span class='ocrx_word' id='word_1_527' title='bbox 2046 4242 2296 4295; x_wconf 91' lang='lat' dir='ltr'><strong>mistione</strong></span> 
     </span>
    </p>
   </div>
   <div class='ocr_carea' id='block_1_74' title="bbox 728 4330 2296 4400">
    <p class='ocr_par' dir='ltr' id='par_1_74' title="bbox 728 4330 2296 4400">
     <span class='ocr_line' id='line_1_74' title="bbox 728 4330 2296 4400; baseline 0 -16"><span class='ocrx_word' id='word_1_528' title='bbox 728 4338 783 4384; x_wconf 89' lang='lat' dir='ltr'><strong>et</strong></span> <span class='ocrx_word' id='word_1_529' title='bbox 810 4331 1242 4400; x_wconf 80' lang='lat' dir='ltr'><strong>compesitione?</strong></span> <span class='ocrx_word' id='word_1_530' title='bbox 1266 4333 1372 4385; x_wconf 80' lang='lat' dir='ltr'><strong>Aut</strong></span> <span class='ocrx_word' id='word_1_531' title='bbox 1404 4330 1675 4400; x_wconf 87' lang='lat' dir='ltr'><strong>quomodo</strong></span> <span class='ocrx_word' id='word_1_532' title='bbox 1706 4332 2096 4385; x_wconf 82' lang='lat' dir='ltr'><strong>concederetur</strong></span> <span class='ocrx_word' id='word_1_533' title='bbox 2122 4332 2296 4400; x_wconf 90' lang='lat' dir='ltr'><strong>ipsum</strong></span> 
     </span>
    </p>
   </div>
   <div class='ocr_carea' id='block_1_75' title="bbox 730 4420 2299 4491">
    <p class='ocr_par' dir='ltr' id='par_1_75' title="bbox 730 4420 2299 4491">
     <span class='ocr_line' id='line_1_75' title="bbox 730 4420 2299 4491; baseline 0 -15"><span class='ocrx_word' id='word_1_534' title='bbox 730 4437 856 4477; x_wconf 89' lang='lat' dir='ltr'><strong>esse</strong></span> <span class='ocrx_word' id='word_1_535' title='bbox 886 4422 1055 4476; x_wconf 90' lang='lat' dir='ltr'><strong>Deum</strong></span> <span class='ocrx_word' id='word_1_536' title='bbox 1089 4439 1255 4477; x_wconf 92' lang='lat' dir='ltr'><strong>unum</strong></span> <span class='ocrx_word' id='word_1_537' title='bbox 1280 4438 1403 4476; x_wconf 89' lang='lat' dir='ltr'><strong>cum</strong></span> <span class='ocrx_word' id='word_1_538' title='bbox 1437 4422 1602 4476; x_wconf 87' lang='lat' dir='ltr'><strong>Patre</strong></span> <span class='ocrx_word' id='word_1_539' title='bbox 1630 4430 1684 4475; x_wconf 93' lang='lat' dir='ltr'><strong>et</strong></span> <span class='ocrx_word' id='word_1_540' title='bbox 1718 4420 1923 4491; x_wconf 88' lang='lat' dir='ltr'><strong>Spiritu</strong></span> <span class='ocrx_word' id='word_1_541' title='bbox 1958 4432 2149 4476; x_wconf 86' lang='lat' dir='ltr'><strong>sancto</strong></span> <span class='ocrx_word' id='word_1_542' title='bbox 2180 4439 2299 4477; x_wconf 89' lang='lat' dir='ltr'><strong>cum</strong></span> 
     </span>
    </p>
   </div>
   <div class='ocr_carea' id='block_1_76' title="bbox 2389 3225 3964 3313">
    <p class='ocr_par' dir='ltr' id='par_1_76' title="bbox 2389 3225 3964 3313">
     <span class='ocr_line' id='line_1_76' title="bbox 2389 3225 3964 3313; baseline -0.017 -11"><span class='ocrx_word' id='word_1_543' title='bbox 2389 3249 2457 3302; x_wconf 88' lang='lat' dir='ltr'><strong>tis</strong></span> <span class='ocrx_word' id='word_1_544' title='bbox 2506 3250 2775 3313; x_wconf 89' lang='lat' dir='ltr'><strong>spectant,</strong></span> <span class='ocrx_word' id='word_1_545' title='bbox 2834 3248 3062 3307; x_wconf 79' lang='lat' dir='ltr'><strong>excepto</strong></span> <span class='ocrx_word' id='word_1_546' title='bbox 3114 3242 3357 3304; x_wconf 82' lang='lat' dir='ltr'><strong>peccato,</strong></span> <span class='ocrx_word' id='word_1_547' title='bbox 3415 3231 3588 3283; x_wconf 87' lang='lat' dir='ltr'><strong>donec</strong></span> <span class='ocrx_word' id='word_1_548' title='bbox 3643 3225 3964 3278; x_wconf 86' lang='lat' dir='ltr'><strong>desiderare</strong></span> 
     </span>
    </p>
   </div>
   <div class='ocr_carea' id='block_1_77' title="bbox 2389 3317 3967 3393">
    <p class='ocr_par' dir='ltr' id='par_1_77' title="bbox 2389 3317 3967 3393">
     <span class='ocr_line' id='line_1_77' title="bbox 2389 3317 3967 3393; baseline -0.017 0"><span class='ocrx_word' id='word_1_549' title='bbox 2389 3338 2553 3393; x_wconf 81' lang='lat' dir='ltr'><strong>faciat</strong></span> <span class='ocrx_word' id='word_1_550' title='bbox 2586 3334 2842 3389; x_wconf 90' lang='lat' dir='ltr'><strong>divinitas</strong></span> <span class='ocrx_word' id='word_1_551' title='bbox 2868 3331 3041 3388; x_wconf 82' lang='lat' dir='ltr'><strong>ipsius</strong></span> <span class='ocrx_word' id='word_1_552' title='bbox 3071 3326 3464 3380; x_wconf 87' lang='lat' dir='ltr'><strong>humanitatem</strong></span> <span class='ocrx_word' id='word_1_553' title='bbox 3500 3320 3691 3387; x_wconf 89' lang='lat' dir='ltr'><strong>ipsius,</strong></span> <span class='ocrx_word' id='word_1_554' title='bbox 3720 3317 3967 3383; x_wconf 84' lang='lat' dir='ltr'><strong>velitque</strong></span> 
     </span>
    </p>
   </div>
   <div class='ocr_carea' id='block_1_78' title="bbox 2391 3409 3961 3500">
    <p class='ocr_par' dir='ltr' id='par_1_78' title="bbox 2391 3409 3961 3500">
     <span class='ocr_line' id='line_1_78' title="bbox 2391 3409 3961 3500; baseline -0.018 -15"><span class='ocrx_word' id='word_1_555' title='bbox 2391 3431 2491 3500; x_wconf 90' lang='lat' dir='ltr'><strong>ipsi</strong></span> <span class='ocrx_word' id='word_1_556' title='bbox 2518 3438 2576 3484; x_wconf 93' lang='lat' dir='ltr'><strong>ut</strong></span> <span class='ocrx_word' id='word_1_557' title='bbox 2598 3428 2726 3482; x_wconf 89' lang='lat' dir='ltr'><strong>velit</strong></span> <span class='ocrx_word' id='word_1_558' title='bbox 2752 3424 2897 3495; x_wconf 91' lang='lat' dir='ltr'><strong>quod</strong></span> <span class='ocrx_word' id='word_1_559' title='bbox 2923 3422 2971 3477; x_wconf 91' lang='lat' dir='ltr'><strong>ei</strong></span> <span class='ocrx_word' id='word_1_560' title='bbox 3016 3436 3109 3488; x_wconf 86' lang='lat' dir='ltr'><strong>per</strong></span> <span class='ocrx_word' id='word_1_561' title='bbox 3132 3433 3193 3473; x_wconf 92' lang='lat' dir='ltr'><strong>se</strong></span> <span class='ocrx_word' id='word_1_562' title='bbox 3218 3416 3502 3483; x_wconf 87' lang='lat' dir='ltr'><strong>competit,</strong></span> <span class='ocrx_word' id='word_1_563' title='bbox 3532 3426 3633 3464; x_wconf 89' lang='lat' dir='ltr'><strong>nec</strong></span> <span class='ocrx_word' id='word_1_564' title='bbox 3657 3409 3961 3477; x_wconf 83' lang='lat' dir='ltr'><strong>quidquam</strong></span> 
     </span>
    </p>
   </div>
   <div class='ocr_carea' id='block_1_79' title="bbox 2389 3503 3966 3589">
    <p class='ocr_par' dir='ltr' id='par_1_79' title="bbox 2389 3503 3966 3589">
     <span class='ocr_line' id='line_1_79' title="bbox 2389 3503 3966 3589; baseline -0.015 -13"><span class='ocrx_word' id='word_1_565' title='bbox 2389 3521 2618 3589; x_wconf 86' lang='lat' dir='ltr'><strong>sumpsit</strong></span> <span class='ocrx_word' id='word_1_566' title='bbox 2644 3517 2855 3571; x_wconf 88' lang='lat' dir='ltr'><strong>ratione</strong></span> <span class='ocrx_word' id='word_1_567' title='bbox 2882 3512 3224 3567; x_wconf 78' lang='lat' dir='ltr'><strong>necessitatis</strong></span> <span class='ocrx_word' id='word_1_568' title='bbox 3249 3520 3297 3562; x_wconf 90' lang='lat' dir='ltr'><strong>et</strong></span> <span class='ocrx_word' id='word_1_569' title='bbox 3332 3503 3742 3574; x_wconf 74' lang='lat' dir='ltr'><strong>coutpttl~i0uis,</strong></span> <span class='ocrx_word' id='word_1_570' title='bbox 3773 3518 3966 3554; x_wconf 77' lang='lat' dir='ltr'><strong>eorum</strong></span> 
     </span>
    </p>
   </div>
   <div class='ocr_carea' id='block_1_80' title="bbox 2389 3593 3965 3679">
    <p class='ocr_par' dir='ltr' id='par_1_80' title="bbox 2389 3593 3965 3679">
     <span class='ocr_line' id='line_1_80' title="bbox 2389 3593 3965 3679; baseline -0.013 -16"><span class='ocrx_word' id='word_1_571' title='bbox 2389 3627 2509 3679; x_wconf 70' lang='lat' dir='ltr'><strong>qu.~:</strong></span> <span class='ocrx_word' id='word_1_572' title='bbox 2547 3621 2675 3662; x_wconf 79' lang='lat' dir='ltr'><strong>caro</strong></span> <span class='ocrx_word' id='word_1_573' title='bbox 2707 3602 3010 3659; x_wconf 81' lang='lat' dir='ltr'><strong>necessario</strong></span> <span class='ocrx_word' id='word_1_574' title='bbox 3046 3600 3298 3672; x_wconf 83' lang='lat' dir='ltr'><strong>requirit,</strong></span> <span class='ocrx_word' id='word_1_575' title='bbox 3345 3610 3519 3663; x_wconf 83' lang='lat' dir='ltr'><strong>neque</strong></span> <span class='ocrx_word' id='word_1_576' title='bbox 3568 3594 3633 3646; x_wconf 90' lang='lat' dir='ltr'><strong>ad</strong></span> <span class='ocrx_word' id='word_1_577' title='bbox 3661 3593 3965 3660; x_wconf 86' lang='lat' dir='ltr'><strong>quidquam</strong></span> 
     </span>
    </p>
   </div>
   <div class='ocr_carea' id='block_1_81' title="bbox 2392 3685 3968 3768">
    <p class='ocr_par' dir='ltr' id='par_1_81' title="bbox 2392 3685 3968 3768">
     <span class='ocr_line' id='line_1_81' title="bbox 2392 3685 3968 3768; baseline -0.013 -12"><span class='ocrx_word' id='word_1_578' title='bbox 2392 3718 2579 3757; x_wconf 87' lang='lat' dir='ltr'><strong>eorum</strong></span> <span class='ocrx_word' id='word_1_579' title='bbox 2602 3700 2861 3768; x_wconf 83' lang='lat' dir='ltr'><strong>confugit,</strong></span> <span class='ocrx_word' id='word_1_580' title='bbox 2890 3697 2960 3751; x_wconf 88' lang='lat' dir='ltr'><strong>ob</strong></span> <span class='ocrx_word' id='word_1_581' title='bbox 2985 3693 3277 3762; x_wconf 83' lang='lat' dir='ltr'><strong>potentiam</strong></span> <span class='ocrx_word' id='word_1_582' title='bbox 3317 3687 3634 3743; x_wconf 74' lang='lat' dir='ltr'><strong>substantize</strong></span> <span class='ocrx_word' id='word_1_583' title='bbox 3662 3685 3968 3737; x_wconf 75' lang='lat' dir='ltr'><strong>divinitatis</strong></span> 
     </span>
    </p>
   </div>
   <div class='ocr_carea' id='block_1_82' title="bbox 2395 3777 3964 3862">
    <p class='ocr_par' dir='ltr' id='par_1_82' title="bbox 2395 3777 3964 3862">
     <span class='ocr_line' id='line_1_82' title="bbox 2395 3777 3964 3862; baseline -0.013 -13"><span class='ocrx_word' id='word_1_584' title='bbox 2395 3810 2508 3849; x_wconf 68' lang='lat' dir='ltr'><strong>sua:</strong></span> <span class='ocrx_word' id='word_1_585' title='bbox 2568 3808 2687 3862; x_wconf 69' lang='lat' dir='ltr'><strong>quae</strong></span> <span class='ocrx_word' id='word_1_586' title='bbox 2733 3792 2961 3843; x_wconf 87' lang='lat' dir='ltr'><strong>admista</strong></span> <span class='ocrx_word' id='word_1_587' title='bbox 3001 3799 3081 3841; x_wconf 88' lang='lat' dir='ltr'><strong>est</strong></span> <span class='ocrx_word' id='word_1_588' title='bbox 3135 3782 3460 3838; x_wconf 88' lang='lat' dir='ltr'><strong>humanitati</strong></span> <span class='ocrx_word' id='word_1_589' title='bbox 3525 3780 3699 3848; x_wconf 90' lang='lat' dir='ltr'><strong>ipsius</strong></span> <span class='ocrx_word' id='word_1_590' title='bbox 3742 3777 3964 3829; x_wconf 87' lang='lat' dir='ltr'><strong>unitate</strong></span> 
     </span>
    </p>
   </div>
   <div class='ocr_carea' id='block_1_83' title="bbox 2396 3867 3968 3942">
    <p class='ocr_par' dir='ltr' id='par_1_83' title="bbox 2396 3867 3968 3942">
     <span class='ocr_line' id='line_1_83' title="bbox 2396 3867 3968 3942; baseline -0.017 0"><span class='ocrx_word' id='word_1_591' title='bbox 2396 3883 2781 3942; x_wconf 59' lang='lat' dir='ltr'><strong>subsistentia,</strong></span> <span class='ocrx_word' id='word_1_592' title='bbox 2814 3880 2879 3934; x_wconf 89' lang='lat' dir='ltr'><strong>ad</strong></span> <span class='ocrx_word' id='word_1_593' title='bbox 2921 3874 3278 3931; x_wconf 72' lang='lat' dir='ltr'><strong>amovendum</strong></span> <span class='ocrx_word' id='word_1_594' title='bbox 3343 3886 3560 3925; x_wconf 91' lang='lat' dir='ltr'><strong>ontnem</strong></span> <span class='ocrx_word' id='word_1_595' title='bbox 3620 3867 3968 3936; x_wconf 69' lang='lat' dir='ltr'><strong>cumpnlsio~</strong></span> 
     </span>
    </p>
   </div>
   <div class='ocr_carea' id='block_1_84' title="bbox 2398 3958 3973 4031">
    <p class='ocr_par' dir='ltr' id='par_1_84' title="bbox 2398 3958 3973 4031">
     <span class='ocr_line' id='line_1_84' title="bbox 2398 3958 3973 4031; baseline -0.011 -3"><span class='ocrx_word' id='word_1_596' title='bbox 2398 3992 2518 4031; x_wconf 88' lang='lat' dir='ltr'><strong>nem</strong></span> <span class='ocrx_word' id='word_1_597' title='bbox 2594 3984 2647 4027; x_wconf 92' lang='lat' dir='ltr'><strong>et</strong></span> <span class='ocrx_word' id='word_1_598' title='bbox 2708 3969 3094 4025; x_wconf 84' lang='lat' dir='ltr'><strong>necessitatem</strong></span> <span class='ocrx_word' id='word_1_599' title='bbox 3153 3980 3182 4017; x_wconf 91' lang='lat' dir='ltr'><strong>a</strong></span> <span class='ocrx_word' id='word_1_600' title='bbox 3240 3960 3545 4017; x_wconf 88' lang='lat' dir='ltr'><strong>substantia</strong></span> <span class='ocrx_word' id='word_1_601' title='bbox 3609 3958 3973 4013; x_wconf 85' lang='lat' dir='ltr'><strong>humanitatis</strong></span> 
     </span>
    </p>
   </div>
   <div class='ocr_carea' id='block_1_85' title="bbox 2399 4051 3974 4135">
    <p class='ocr_par' dir='ltr' id='par_1_85' title="bbox 2399 4051 3974 4135">
     <span class='ocr_line' id='line_1_85' title="bbox 2399 4051 3974 4135; baseline -0.013 -15"><span class='ocrx_word' id='word_1_602' title='bbox 2399 4068 2592 4135; x_wconf 83' lang='lat' dir='ltr'><strong>ipsius.</strong></span> <span class='ocrx_word' id='word_1_603' title='bbox 2633 4063 2828 4117; x_wconf 84' lang='lat' dir='ltr'><strong>Verum</strong></span> <span class='ocrx_word' id='word_1_604' title='bbox 2863 4062 3072 4115; x_wconf 86' lang='lat' dir='ltr'><strong>creavit</strong></span> <span class='ocrx_word' id='word_1_605' title='bbox 3101 4058 3220 4126; x_wconf 85' lang='lat' dir='ltr'><strong>ipsa</strong></span> <span class='ocrx_word' id='word_1_606' title='bbox 3254 4051 3614 4107; x_wconf 88' lang='lat' dir='ltr'><strong>substantiam</strong></span> <span class='ocrx_word' id='word_1_607' title='bbox 3655 4051 3974 4103; x_wconf 82' lang='lat' dir='ltr'><strong>humanita-</strong></span> 
     </span>
    </p>
   </div>
   <div class='ocr_carea' id='block_1_86' title="bbox 2400 4141 3971 4225">
    <p class='ocr_par' dir='ltr' id='par_1_86' title="bbox 2400 4141 3971 4225">
     <span class='ocr_line' id='line_1_86' title="bbox 2400 4141 3971 4225; baseline -0.013 -14"><span class='ocrx_word' id='word_1_608' title='bbox 2400 4158 2471 4214; x_wconf 84' lang='lat' dir='ltr'><strong>tis</strong></span> <span class='ocrx_word' id='word_1_609' title='bbox 2502 4157 2695 4225; x_wconf 90' lang='lat' dir='ltr'><strong>ipsius,</strong></span> <span class='ocrx_word' id='word_1_610' title='bbox 2750 4153 3027 4220; x_wconf 89' lang='lat' dir='ltr'><strong>voluitque</strong></span> <span class='ocrx_word' id='word_1_611' title='bbox 3054 4165 3170 4217; x_wconf 70' lang='lat' dir='ltr'><strong>quae</strong></span> <span class='ocrx_word' id='word_1_612' title='bbox 3201 4146 3369 4199; x_wconf 91' lang='lat' dir='ltr'><strong>voluit</strong></span> <span class='ocrx_word' id='word_1_613' title='bbox 3396 4141 3709 4196; x_wconf 86' lang='lat' dir='ltr'><strong>humanitas</strong></span> <span class='ocrx_word' id='word_1_614' title='bbox 3740 4156 3836 4209; x_wconf 90' lang='lat' dir='ltr'><strong>per</strong></span> <span class='ocrx_word' id='word_1_615' title='bbox 3869 4154 3929 4192; x_wconf 89' lang='lat' dir='ltr'><strong>se</strong></span> <span class='ocrx_word' id='word_1_616' title='bbox 3957 4156 3971 4201; x_wconf 86' lang='lat'><strong>;</strong></span> 
     </span>
    </p>
   </div>
   <div class='ocr_carea' id='block_1_87' title="bbox 2400 4231 3976 4302">
    <p class='ocr_par' dir='ltr' id='par_1_87' title="bbox 2400 4231 3976 4302">
     <span class='ocr_line' id='line_1_87' title="bbox 2400 4231 3976 4302; baseline -0.013 0"><span class='ocrx_word' id='word_1_617' title='bbox 2400 4257 2461 4302; x_wconf 89' lang='lat' dir='ltr'><strong>ut</strong></span> <span class='ocrx_word' id='word_1_618' title='bbox 2509 4250 2582 4301; x_wconf 87' lang='lat' dir='ltr'><strong>ita</strong></span> <span class='ocrx_word' id='word_1_619' title='bbox 2653 4246 2932 4297; x_wconf 87' lang='lat' dir='ltr'><strong>veritatem</strong></span> <span class='ocrx_word' id='word_1_620' title='bbox 2998 4244 3268 4294; x_wconf 88' lang='lat' dir='ltr'><strong>astrueret</strong></span> <span class='ocrx_word' id='word_1_621' title='bbox 3325 4244 3532 4288; x_wconf 71' lang='lat' dir='ltr'><strong>naturae</strong></span> <span class='ocrx_word' id='word_1_622' title='bbox 3588 4231 3976 4289; x_wconf 87' lang='lat' dir='ltr'><strong>humanitatis,</strong></span> 
     </span>
    </p>
   </div>
   <div class='ocr_carea' id='block_1_88' title="bbox 2402 4324 3979 4409">
    <p class='ocr_par' dir='ltr' id='par_1_88' title="bbox 2402 4324 3979 4409">
     <span class='ocr_line' id='line_1_88' title="bbox 2402 4324 3979 4409; baseline -0.013 -15"><span class='ocrx_word' id='word_1_623' title='bbox 2402 4340 2571 4409; x_wconf 89' lang='lat' dir='ltr'><strong>ipsam</strong></span> <span class='ocrx_word' id='word_1_624' title='bbox 2614 4335 2860 4408; x_wconf 78' lang='lat'><strong>61-63</strong></span> <span class='ocrx_word' id='word_1_625' title='bbox 2887 4334 3094 4389; x_wconf 82' lang='lat' dir='ltr'><strong>scilicet</strong></span> <span class='ocrx_word' id='word_1_626' title='bbox 3124 4340 3326 4386; x_wconf 86' lang='lat' dir='ltr'><strong>statum</strong></span> <span class='ocrx_word' id='word_1_627' title='bbox 3381 4342 3538 4382; x_wconf 92' lang='lat' dir='ltr'><strong>suum</strong></span> <span class='ocrx_word' id='word_1_628' title='bbox 3582 4325 3811 4378; x_wconf 80' lang='lat' dir='ltr'><strong>ﬁrmiter</strong></span> <span class='ocrx_word' id='word_1_629' title='bbox 3846 4324 3979 4375; x_wconf 82' lang='lat' dir='ltr'><strong>reti-</strong></span> 
     </span>
    </p>
   </div>
   <div class='ocr_carea' id='block_1_89' title="bbox 2406 4423 3978 4495">
    <p class='ocr_par' dir='ltr' id='par_1_89' title="bbox 2406 4423 3978 4495">
     <span class='ocr_line' id='line_1_89' title="bbox 2406 4423 3978 4495; baseline -0.011 -12"><span class='ocrx_word' id='word_1_630' title='bbox 2406 4446 2554 4495; x_wconf 82' lang='lat' dir='ltr'><strong>nere,</strong></span> <span class='ocrx_word' id='word_1_631' title='bbox 2583 4446 2681 4483; x_wconf 90' lang='lat' dir='ltr'><strong>nec</strong></span> <span class='ocrx_word' id='word_1_632' title='bbox 2705 4431 2756 4483; x_wconf 91' lang='lat' dir='ltr'><strong>in</strong></span> <span class='ocrx_word' id='word_1_633' title='bbox 2789 4428 2934 4480; x_wconf 87' lang='lat' dir='ltr'><strong>aliud</strong></span> <span class='ocrx_word' id='word_1_634' title='bbox 2969 4424 3097 4494; x_wconf 90' lang='lat' dir='ltr'><strong>quid</strong></span> <span class='ocrx_word' id='word_1_635' title='bbox 3121 4440 3151 4476; x_wconf 93' lang='lat' dir='ltr'><strong>a</strong></span> <span class='ocrx_word' id='word_1_636' title='bbox 3188 4423 3490 4477; x_wconf 88' lang='lat' dir='ltr'><strong>substantia</strong></span> <span class='ocrx_word' id='word_1_637' title='bbox 3515 4435 3613 4474; x_wconf 89' lang='lat' dir='ltr'><strong>sua</strong></span> <span class='ocrx_word' id='word_1_638' title='bbox 3646 4430 3978 4470; x_wconf 87' lang='lat' dir='ltr'><strong>conversum</strong></span> 
     </span>
    </p>
   </div>
   <div class='ocr_carea' id='block_1_90' title="bbox 731 4507 3983 4588">
    <p class='ocr_par' dir='ltr' id='par_1_90' title="bbox 731 4507 3983 4588">
     <span class='ocr_line' id='line_1_90' title="bbox 731 4507 3983 4588; baseline -0.004 -20"><span class='ocrx_word' id='word_1_639' title='bbox 731 4529 795 4569; x_wconf 91' lang='lat' dir='ltr'><strong>ea</strong></span> <span class='ocrx_word' id='word_1_640' title='bbox 818 4529 938 4584; x_wconf 70' lang='lat' dir='ltr'><strong>quae</strong></span> <span class='ocrx_word' id='word_1_641' title='bbox 960 4514 1356 4583; x_wconf 72' lang='lat' dir='ltr'><strong>naturazipsius</strong></span> <span class='ocrx_word' id='word_1_642' title='bbox 1378 4514 1644 4583; x_wconf 81' lang='lat' dir='ltr'><strong>obtigerat</strong></span> <span class='ocrx_word' id='word_1_643' title='bbox 1668 4515 2121 4588; x_wconf 55' lang='lat' dir='ltr'><strong>mistioneZQnin</strong></span> <span class='ocrx_word' id='word_1_644' title='bbox 2141 4515 2302 4568; x_wconf 86' lang='lat' dir='ltr'><strong>etiam</strong></span> <span class='ocrx_word' id='word_1_645' title='bbox 2339 4521 2382 4579; x_wconf 81' lang='grc' dir='ltr'><strong>Ι)</strong></span> <span class='ocrx_word' id='word_1_646' title='bbox 2419 4535 2563 4574; x_wconf 90' lang='lat' dir='ltr'><strong>esse.</strong></span> <span class='ocrx_word' id='word_1_647' title='bbox 2604 4517 2860 4585; x_wconf 83' lang='lat' dir='ltr'><strong>Fecitque</strong></span> <span class='ocrx_word' id='word_1_648' title='bbox 2890 4515 3142 4569; x_wconf 89' lang='lat' dir='ltr'><strong>Christus</strong></span> <span class='ocrx_word' id='word_1_649' title='bbox 3171 4527 3363 4565; x_wconf 89' lang='lat' dir='ltr'><strong>omnes</strong></span> <span class='ocrx_word' id='word_1_650' title='bbox 3402 4508 3759 4562; x_wconf 85' lang='lat' dir='ltr'><strong>humanitatis</strong></span> <span class='ocrx_word' id='word_1_651' title='bbox 3802 4507 3983 4558; x_wconf 80' lang='lat' dir='ltr'><strong>aetio-</strong></span> 
     </span>
    </p>
   </div>
   <div class='ocr_carea' id='block_1_91' title="bbox 734 4606 2298 4676">
    <p class='ocr_par' dir='ltr' id='par_1_91' title="bbox 734 4606 2298 4676">
     <span class='ocr_line' id='line_1_91' title="bbox 734 4606 2298 4676; baseline 0 -16"><span class='ocrx_word' id='word_1_652' title='bbox 734 4607 839 4660; x_wconf 92' lang='lat' dir='ltr'><strong>hoc</strong></span> <span class='ocrx_word' id='word_1_653' title='bbox 869 4616 1030 4676; x_wconf 91' lang='lat' dir='ltr'><strong>pacto</strong></span> <span class='ocrx_word' id='word_1_654' title='bbox 1059 4615 1206 4660; x_wconf 90' lang='lat' dir='ltr'><strong>esset</strong></span> <span class='ocrx_word' id='word_1_655' title='bbox 1242 4608 1557 4659; x_wconf 90' lang='lat' dir='ltr'><strong>humanitas</strong></span> <span class='ocrx_word' id='word_1_656' title='bbox 1586 4606 1793 4661; x_wconf 90' lang='lat' dir='ltr'><strong>Christi</strong></span> <span class='ocrx_word' id='word_1_657' title='bbox 1833 4607 2144 4661; x_wconf 87' lang='lat' dir='ltr'><strong>humanitas</strong></span> <span class='ocrx_word' id='word_1_658' title='bbox 2176 4622 2298 4660; x_wconf 87' lang='lat' dir='ltr'><strong>eum</strong></span> 
     </span>
    </p>
   </div>
   <div class='ocr_carea' id='block_1_92' title="bbox 733 4695 2304 4766">
    <p class='ocr_par' dir='ltr' id='par_1_92' title="bbox 733 4695 2304 4766">
     <span class='ocr_line' id='line_1_92' title="bbox 733 4695 2304 4766; baseline 0.001 -16"><span class='ocrx_word' id='word_1_659' title='bbox 733 4711 797 4750; x_wconf 90' lang='lat' dir='ltr'><strong>ea</strong></span> <span class='ocrx_word' id='word_1_660' title='bbox 828 4711 991 4765; x_wconf 90' lang='lat' dir='ltr'><strong>quam</strong></span> <span class='ocrx_word' id='word_1_661' title='bbox 1024 4695 1267 4749; x_wconf 89' lang='lat' dir='ltr'><strong>subierat</strong></span> <span class='ocrx_word' id='word_1_662' title='bbox 1294 4695 1542 4766; x_wconf 84' lang='lat'><strong>57-59</strong></span> <span class='ocrx_word' id='word_1_663' title='bbox 1572 4698 1875 4751; x_wconf 89' lang='lat' dir='ltr'><strong>mutatione</strong></span> <span class='ocrx_word' id='word_1_664' title='bbox 1904 4705 2148 4766; x_wconf 91' lang='lat' dir='ltr'><strong>respectu</strong></span> <span class='ocrx_word' id='word_1_665' title='bbox 2177 4698 2304 4751; x_wconf 91' lang='lat' dir='ltr'><strong>sub—</strong></span> 
     </span>
    </p>
   </div>
   <div class='ocr_carea' id='block_1_93' title="bbox 734 4787 2303 4843">
    <p class='ocr_par' dir='ltr' id='par_1_93' title="bbox 734 4787 2303 4843">
     <span class='ocr_line' id='line_1_93' title="bbox 734 4787 2303 4843; baseline -0.001 0"><span class='ocrx_word' id='word_1_666' title='bbox 734 4789 948 4843; x_wconf 78' lang='lat' dir='ltr'><strong>stantia:</strong></span> <span class='ocrx_word' id='word_1_667' title='bbox 972 4803 1085 4843; x_wconf 74' lang='lat' dir='ltr'><strong>sua:</strong></span> <span class='ocrx_word' id='word_1_668' title='bbox 1108 4803 1135 4839; x_wconf 89' lang='lat' dir='ltr'><strong>a</strong></span> <span class='ocrx_word' id='word_1_669' title='bbox 1166 4796 1360 4840; x_wconf 91' lang='lat' dir='ltr'><strong>natura</strong></span> <span class='ocrx_word' id='word_1_670' title='bbox 1394 4788 1751 4841; x_wconf 90' lang='lat' dir='ltr'><strong>humanitatis</strong></span> <span class='ocrx_word' id='word_1_671' title='bbox 1775 4787 1840 4841; x_wconf 89' lang='lat' dir='ltr'><strong>ad</strong></span> <span class='ocrx_word' id='word_1_672' title='bbox 1866 4788 2303 4842; x_wconf 84' lang='lat' dir='ltr'><strong>commistionem</strong></span> 
     </span>
    </p>
   </div>
   <div class='ocr_carea' id='block_1_94' title="bbox 737 4876 2306 4947">
    <p class='ocr_par' dir='ltr' id='par_1_94' title="bbox 737 4876 2306 4947">
     <span class='ocr_line' id='line_1_94' title="bbox 737 4876 2306 4947; baseline 0.001 -16"><span class='ocrx_word' id='word_1_673' title='bbox 737 4892 862 4931; x_wconf 90' lang='lat' dir='ltr'><strong>cum</strong></span> <span class='ocrx_word' id='word_1_674' title='bbox 883 4876 1191 4932; x_wconf 86' lang='lat' dir='ltr'><strong>substantia</strong></span> <span class='ocrx_word' id='word_1_675' title='bbox 1220 4877 1543 4941; x_wconf 84' lang='lat' dir='ltr'><strong>divinitatis,</strong></span> <span class='ocrx_word' id='word_1_676' title='bbox 1563 4890 1615 4931; x_wconf 92' lang='lat' dir='ltr'><strong>et</strong></span> <span class='ocrx_word' id='word_1_677' title='bbox 1641 4878 2094 4947; x_wconf 68' lang='lat' dir='ltr'><strong>alterationequze</strong></span> <span class='ocrx_word' id='word_1_678' title='bbox 2127 4888 2306 4932; x_wconf 87' lang='lat' dir='ltr'><strong>muta-</strong></span> 
     </span>
    </p>
   </div>
   <div class='ocr_carea' id='block_1_95' title="bbox 736 4967 2306 5035">
    <p class='ocr_par' dir='ltr' id='par_1_95' title="bbox 736 4967 2306 5035">
     <span class='ocr_line' id='line_1_95' title="bbox 736 4967 2306 5035; baseline 0 -14"><span class='ocrx_word' id='word_1_679' title='bbox 736 4968 941 5021; x_wconf 89' lang='lat' dir='ltr'><strong>tionem</strong></span> <span class='ocrx_word' id='word_1_680' title='bbox 971 4969 1260 5034; x_wconf 87' lang='lat' dir='ltr'><strong>utriusque</strong></span> <span class='ocrx_word' id='word_1_681' title='bbox 1305 4977 1514 5021; x_wconf 68' lang='lat' dir='ltr'><strong>natura:</strong></span> <span class='ocrx_word' id='word_1_682' title='bbox 1557 4969 1623 5020; x_wconf 90' lang='lat' dir='ltr'><strong>ab</strong></span> <span class='ocrx_word' id='word_1_683' title='bbox 1665 4981 1856 5035; x_wconf 86' lang='lat' dir='ltr'><strong>coquo</strong></span> <span class='ocrx_word' id='word_1_684' title='bbox 1902 4967 2076 5021; x_wconf 83' lang='lat' dir='ltr'><strong>fuerat</strong></span> <span class='ocrx_word' id='word_1_685' title='bbox 2123 4976 2306 5034; x_wconf 89' lang='lat' dir='ltr'><strong>statu,</strong></span> 
     </span>
    </p>
   </div>
   <div class='ocr_carea' id='block_1_96' title="bbox 736 5057 2307 5125">
    <p class='ocr_par' dir='ltr' id='par_1_96' title="bbox 736 5057 2307 5125">
     <span class='ocr_line' id='line_1_96' title="bbox 736 5057 2307 5125; baseline 0.001 -10"><span class='ocrx_word' id='word_1_686' title='bbox 736 5060 979 5115; x_wconf 53' lang='lat' dir='ltr'><strong>inferret.</strong></span> <span class='ocrx_word' id='word_1_687' title='bbox 998 5058 1108 5114; x_wconf 81' lang='lat' dir='ltr'><strong>Nos</strong></span> <span class='ocrx_word' id='word_1_688' title='bbox 1121 5075 1247 5114; x_wconf 88' lang='lat' dir='ltr'><strong>vero</strong></span> <span class='ocrx_word' id='word_1_689' title='bbox 1265 5059 1539 5113; x_wconf 89' lang='lat' dir='ltr'><strong>credimus</strong></span> <span class='ocrx_word' id='word_1_690' title='bbox 1560 5060 1614 5113; x_wconf 88' lang='lat' dir='ltr'><strong>in</strong></span> <span class='ocrx_word' id='word_1_691' title='bbox 1628 5057 1905 5116; x_wconf 87' lang='lat' dir='ltr'><strong>Christum</strong></span> <span class='ocrx_word' id='word_1_692' title='bbox 1932 5077 2121 5125; x_wconf 90' lang='lat' dir='ltr'><strong>unum,</strong></span> <span class='ocrx_word' id='word_1_693' title='bbox 2140 5077 2307 5116; x_wconf 92' lang='lat' dir='ltr'><strong>unum</strong></span> 
     </span>
    </p>
   </div>
   <div class='ocr_carea' id='block_1_97' title="bbox 731 5150 2312 5222">
    <p class='ocr_par' dir='ltr' id='par_1_97' title="bbox 731 5150 2312 5222">
     <span class='ocr_line' id='line_1_97' title="bbox 731 5150 2312 5222; baseline 0 -15"><span class='ocrx_word' id='word_1_694' title='bbox 731 5156 943 5207; x_wconf 79' lang='lat' dir='ltr'><strong>factum</strong></span> <span class='ocrx_word' id='word_1_695' title='bbox 995 5151 1204 5205; x_wconf 88' lang='lat' dir='ltr'><strong>unitate</strong></span> <span class='ocrx_word' id='word_1_696' title='bbox 1229 5166 1477 5221; x_wconf 74' lang='lat' dir='ltr'><strong>persona:</strong></span> <span class='ocrx_word' id='word_1_697' title='bbox 1516 5150 1567 5204; x_wconf 91' lang='lat' dir='ltr'><strong>in</strong></span> <span class='ocrx_word' id='word_1_698' title='bbox 1617 5167 1722 5220; x_wconf 86' lang='lat' dir='ltr'><strong>qua</strong></span> <span class='ocrx_word' id='word_1_699' title='bbox 1753 5152 2020 5222; x_wconf 68' lang='lat' dir='ltr'><strong>capulataz</strong></span> <span class='ocrx_word' id='word_1_700' title='bbox 2070 5164 2198 5207; x_wconf 90' lang='lat' dir='ltr'><strong>sunt</strong></span> <span class='ocrx_word' id='word_1_701' title='bbox 2229 5156 2312 5208; x_wconf 86' lang='lat' dir='ltr'><strong>di-</strong></span> 
     </span>
    </p>
   </div>
   <div class='ocr_carea' id='block_1_98' title="bbox 735 5243 2307 5319">
    <p class='ocr_par' dir='ltr' id='par_1_98' title="bbox 735 5243 2307 5319">
     <span class='ocr_line' id='line_1_98' title="bbox 735 5243 2307 5319; baseline 0.002 -22"><span class='ocrx_word' id='word_1_702' title='bbox 735 5245 940 5298; x_wconf 62' lang='lat' dir='ltr'><strong>vinitas</strong></span> <span class='ocrx_word' id='word_1_703' title='bbox 974 5251 1027 5319; x_wconf 79' lang='lat' dir='ltr'><strong>et</strong></span> <span class='ocrx_word' id='word_1_704' title='bbox 1056 5243 1366 5298; x_wconf 89' lang='lat' dir='ltr'><strong>substantia</strong></span> <span class='ocrx_word' id='word_1_705' title='bbox 1396 5244 1774 5307; x_wconf 88' lang='lat' dir='ltr'><strong>humanitatis,</strong></span> <span class='ocrx_word' id='word_1_706' title='bbox 1836 5261 1958 5314; x_wconf 57' lang='lat' dir='ltr'><strong>quae</strong></span> <span class='ocrx_word' id='word_1_707' title='bbox 1990 5260 2082 5300; x_wconf 88' lang='lat' dir='ltr'><strong>eas</strong></span> <span class='ocrx_word' id='word_1_708' title='bbox 2145 5247 2307 5301; x_wconf 91' lang='lat' dir='ltr'><strong>simul</strong></span> 
     </span>
    </p>
   </div>
   <div class='ocr_carea' id='block_1_99' title="bbox 735 5334 2306 5405">
    <p class='ocr_par' dir='ltr' id='par_1_99' title="bbox 735 5334 2306 5405">
     <span class='ocr_line' id='line_1_99' title="bbox 735 5334 2306 5405; baseline 0.004 -18"><span class='ocrx_word' id='word_1_709' title='bbox 735 5334 1032 5405; x_wconf 67' lang='lat' dir='ltr'><strong>«unjungit</strong></span> <span class='ocrx_word' id='word_1_710' title='bbox 1081 5337 1201 5389; x_wconf 89' lang='lat' dir='ltr'><strong>sine</strong></span> <span class='ocrx_word' id='word_1_711' title='bbox 1259 5336 1536 5399; x_wconf 90' lang='lat' dir='ltr'><strong>mistione,</strong></span> <span class='ocrx_word' id='word_1_712' title='bbox 1586 5336 1971 5403; x_wconf 75' lang='lat' dir='ltr'><strong>conversione,</strong></span> <span class='ocrx_word' id='word_1_713' title='bbox 2006 5340 2306 5393; x_wconf 89' lang='lat' dir='ltr'><strong>mutatione</strong></span> 
     </span>
    </p>
   </div>
   <div class='ocr_carea' id='block_1_100' title="bbox 735 5427 2307 5499">
    <p class='ocr_par' dir='ltr' id='par_1_100' title="bbox 735 5427 2307 5499">
     <span class='ocr_line' id='line_1_100' title="bbox 735 5427 2307 5499; baseline 0.003 -21"><span class='ocrx_word' id='word_1_714' title='bbox 735 5440 827 5480; x_wconf 89' lang='lat' dir='ltr'><strong>ant</strong></span> <span class='ocrx_word' id='word_1_715' title='bbox 864 5428 1205 5496; x_wconf 79' lang='lat' dir='ltr'><strong>separatione</strong></span> <span class='ocrx_word' id='word_1_716' title='bbox 1242 5442 1346 5497; x_wconf 91' lang='lat' dir='ltr'><strong>qua</strong></span> <span class='ocrx_word' id='word_1_717' title='bbox 1389 5427 1736 5483; x_wconf 87' lang='lat' dir='ltr'><strong>divellautur.</strong></span> <span class='ocrx_word' id='word_1_718' title='bbox 1792 5427 1978 5498; x_wconf 89' lang='lat' dir='ltr'><strong>Neque</strong></span> <span class='ocrx_word' id='word_1_719' title='bbox 2004 5438 2084 5483; x_wconf 91' lang='lat' dir='ltr'><strong>est</strong></span> <span class='ocrx_word' id='word_1_720' title='bbox 2111 5430 2225 5499; x_wconf 70' lang='lat' dir='ltr'><strong>ipse</strong></span> <span class='ocrx_word' id='word_1_721' title='bbox 2255 5430 2307 5483; x_wconf 92' lang='lat' dir='ltr'><strong>in</strong></span> 
     </span>
    </p>
   </div>
   <div class='ocr_carea' id='block_1_101' title="bbox 740 5521 2307 5592">
    <p class='ocr_par' dir='ltr' id='par_1_101' title="bbox 740 5521 2307 5592">
     <span class='ocr_line' id='line_1_101' title="bbox 740 5521 2307 5592; baseline 0.003 -20"><span class='ocrx_word' id='word_1_722' title='bbox 740 5522 1008 5575; x_wconf 81' lang='lat' dir='ltr'><strong>alterutra</strong></span> <span class='ocrx_word' id='word_1_723' title='bbox 1041 5528 1361 5575; x_wconf 88' lang='lat' dir='ltr'><strong>naturarum</strong></span> <span class='ocrx_word' id='word_1_724' title='bbox 1423 5522 1538 5575; x_wconf 91' lang='lat' dir='ltr'><strong>sine</strong></span> <span class='ocrx_word' id='word_1_725' title='bbox 1570 5521 1738 5575; x_wconf 86' lang='lat' dir='ltr'><strong>altera</strong></span> <span class='ocrx_word' id='word_1_726' title='bbox 1773 5540 1786 5576; x_wconf 89' lang='lat'><strong>:</strong></span> <span class='ocrx_word' id='word_1_727' title='bbox 1852 5525 2307 5592; x_wconf 87' lang='lat' dir='ltr'><strong>quemadmodum</strong></span> 
     </span>
    </p>
   </div>
   <div class='ocr_carea' id='block_1_102' title="bbox 744 5614 2317 5685">
    <p class='ocr_par' dir='ltr' id='par_1_102' title="bbox 744 5614 2317 5685">
     <span class='ocr_line' id='line_1_102' title="bbox 744 5614 2317 5685; baseline 0.003 -19"><span class='ocrx_word' id='word_1_728' title='bbox 744 5619 996 5670; x_wconf 85' lang='lat' dir='ltr'><strong>novimus</strong></span> <span class='ocrx_word' id='word_1_729' title='bbox 1030 5614 1195 5667; x_wconf 88' lang='lat' dir='ltr'><strong>Deum</strong></span> <span class='ocrx_word' id='word_1_730' title='bbox 1222 5614 1377 5667; x_wconf 90' lang='lat' dir='ltr'><strong>initio</strong></span> <span class='ocrx_word' id='word_1_731' title='bbox 1410 5628 1627 5669; x_wconf 81' lang='lat' dir='ltr'><strong>creasse</strong></span> <span class='ocrx_word' id='word_1_732' title='bbox 1658 5614 1831 5669; x_wconf 88' lang='lat' dir='ltr'><strong>lucem</strong></span> <span class='ocrx_word' id='word_1_733' title='bbox 1856 5614 2156 5685; x_wconf 89' lang='lat' dir='ltr'><strong>simplicem</strong></span> <span class='ocrx_word' id='word_1_734' title='bbox 2189 5616 2317 5670; x_wconf 84' lang='lat' dir='ltr'><strong>sub-</strong></span> 
     </span>
    </p>
   </div>
   <div class='ocr_carea' id='block_1_103' title="bbox 848 5789 1243 5858">
    <p class='ocr_par' dir='ltr' id='par_1_103' title="bbox 848 5789 1243 5858">
     <span class='ocr_line' id='line_1_103' title="bbox 848 5789 1243 5858; baseline 0.005 -13"><span class='ocrx_word' id='word_1_735' title='bbox 848 5793 869 5821; x_wconf 92' lang='grc'><strong><em>³</em></strong></span> <span class='ocrx_word' id='word_1_736' title='bbox 895 5789 1050 5847; x_wconf 83' lang='lat' dir='ltr'><strong>Joau.</strong></span> <span class='ocrx_word' id='word_1_737' title='bbox 1082 5792 1122 5858; x_wconf 86' lang='lat' dir='ltr'><strong>l,</strong></span> <span class='ocrx_word' id='word_1_738' title='bbox 1161 5794 1243 5848; x_wconf 70' lang='lat' dir='ltr'><strong>ii.</strong></span> 
     </span>
    </p>
   </div>
   <div class='ocr_carea' id='block_1_104' title="bbox 2406 4595 3981 4674">
    <p class='ocr_par' dir='ltr' id='par_1_104' title="bbox 2406 4595 3981 4674">
     <span class='ocr_line' id='line_1_104' title="bbox 2406 4595 3981 4674; baseline -0.01 -12"><span class='ocrx_word' id='word_1_739' title='bbox 2406 4624 2525 4672; x_wconf 90' lang='lat' dir='ltr'><strong>nes,</strong></span> <span class='ocrx_word' id='word_1_740' title='bbox 2554 4614 2781 4674; x_wconf 81' lang='lat' dir='ltr'><strong>excepto</strong></span> <span class='ocrx_word' id='word_1_741' title='bbox 2812 4612 3055 4673; x_wconf 90' lang='lat' dir='ltr'><strong>peccato,</strong></span> <span class='ocrx_word' id='word_1_742' title='bbox 3078 4617 3199 4656; x_wconf 90' lang='lat' dir='ltr'><strong>cum</strong></span> <span class='ocrx_word' id='word_1_743' title='bbox 3235 4601 3487 4655; x_wconf 83' lang='lat' dir='ltr'><strong>incitaret</strong></span> <span class='ocrx_word' id='word_1_744' title='bbox 3514 4597 3773 4650; x_wconf 83' lang='lat' dir='ltr'><strong>divinitas</strong></span> <span class='ocrx_word' id='word_1_745' title='bbox 3803 4595 3981 4663; x_wconf 85' lang='lat' dir='ltr'><strong>ipsam</strong></span> 
     </span>
    </p>
   </div>
   <div class='ocr_carea' id='block_1_105' title="bbox 2408 4687 3987 4754">
    <p class='ocr_par' dir='ltr' id='par_1_105' title="bbox 2408 4687 3987 4754">
     <span class='ocr_line' id='line_1_105' title="bbox 2408 4687 3987 4754; baseline -0.008 -3"><span class='ocrx_word' id='word_1_746' title='bbox 2408 4699 2473 4751; x_wconf 87' lang='lat' dir='ltr'><strong>ad</strong></span> <span class='ocrx_word' id='word_1_747' title='bbox 2508 4697 2787 4751; x_wconf 85' lang='lat' dir='ltr'><strong>faciendas</strong></span> <span class='ocrx_word' id='word_1_748' title='bbox 2822 4693 3179 4748; x_wconf 89' lang='lat' dir='ltr'><strong>humanitatis</strong></span> <span class='ocrx_word' id='word_1_749' title='bbox 3213 4692 3475 4754; x_wconf 85' lang='lat' dir='ltr'><strong>actiones,</strong></span> <span class='ocrx_word' id='word_1_750' title='bbox 3508 4691 3580 4743; x_wconf 90' lang='lat' dir='ltr'><strong>ita</strong></span> <span class='ocrx_word' id='word_1_751' title='bbox 3613 4698 3669 4741; x_wconf 86' lang='lat' dir='ltr'><strong>ut</strong></span> <span class='ocrx_word' id='word_1_752' title='bbox 3703 4703 3805 4741; x_wconf 85' lang='lat' dir='ltr'><strong>nec</strong></span> <span class='ocrx_word' id='word_1_753' title='bbox 3840 4687 3987 4740; x_wconf 76' lang='lat' dir='ltr'><strong>face-</strong></span> 
     </span>
    </p>
   </div>
   <div class='ocr_carea' id='block_1_106' title="bbox 2410 4781 3981 4850">
    <p class='ocr_par' dir='ltr' id='par_1_106' title="bbox 2410 4781 3981 4850">
     <span class='ocr_line' id='line_1_106' title="bbox 2410 4781 3981 4850; baseline -0.008 -8"><span class='ocrx_word' id='word_1_754' title='bbox 2410 4797 2489 4842; x_wconf 84' lang='lat' dir='ltr'><strong>ret</strong></span> <span class='ocrx_word' id='word_1_755' title='bbox 2523 4788 2611 4841; x_wconf 84' lang='lat' dir='ltr'><strong>illa</strong></span> <span class='ocrx_word' id='word_1_756' title='bbox 2635 4788 2823 4849; x_wconf 89' lang='lat' dir='ltr'><strong>invita,</strong></span> <span class='ocrx_word' id='word_1_757' title='bbox 2851 4794 2946 4840; x_wconf 90' lang='lat' dir='ltr'><strong>aut</strong></span> <span class='ocrx_word' id='word_1_758' title='bbox 2987 4784 3309 4839; x_wconf 57' lang='lat' dir='ltr'><strong>necessitate</strong></span> <span class='ocrx_word' id='word_1_759' title='bbox 3356 4781 3729 4850; x_wconf 89' lang='lat' dir='ltr'><strong>adquodlibet</strong></span> <span class='ocrx_word' id='word_1_760' title='bbox 3787 4794 3981 4833; x_wconf 88' lang='lat' dir='ltr'><strong>eorum</strong></span> 
     </span>
    </p>
   </div>
   <div class='ocr_carea' id='block_1_107' title="bbox 2410 4870 3983 4947">
    <p class='ocr_par' dir='ltr' id='par_1_107' title="bbox 2410 4870 3983 4947">
     <span class='ocr_line' id='line_1_107' title="bbox 2410 4870 3983 4947; baseline -0.009 -13"><span class='ocrx_word' id='word_1_761' title='bbox 2410 4880 2684 4947; x_wconf 87' lang='lat' dir='ltr'><strong>compulsa</strong></span> <span class='ocrx_word' id='word_1_762' title='bbox 2721 4896 2736 4943; x_wconf 89' lang='lat'><strong>;</strong></span> <span class='ocrx_word' id='word_1_763' title='bbox 2779 4889 2832 4932; x_wconf 91' lang='lat' dir='ltr'><strong>at</strong></span> <span class='ocrx_word' id='word_1_764' title='bbox 2862 4891 2985 4931; x_wconf 92' lang='lat' dir='ltr'><strong>eum</strong></span> <span class='ocrx_word' id='word_1_765' title='bbox 3018 4876 3177 4928; x_wconf 84' lang='lat' dir='ltr'><strong>vellet</strong></span> <span class='ocrx_word' id='word_1_766' title='bbox 3211 4872 3470 4928; x_wconf 85' lang='lat' dir='ltr'><strong>divinitas</strong></span> <span class='ocrx_word' id='word_1_767' title='bbox 3507 4879 3564 4924; x_wconf 92' lang='lat' dir='ltr'><strong>ut</strong></span> <span class='ocrx_word' id='word_1_768' title='bbox 3618 4870 3779 4923; x_wconf 88' lang='lat' dir='ltr'><strong>vellet</strong></span> <span class='ocrx_word' id='word_1_769' title='bbox 3826 4885 3983 4921; x_wconf 84' lang='lat' dir='ltr'><strong>suam</strong></span> 
     </span>
    </p>
   </div>
   <div class='ocr_carea' id='block_1_108' title="bbox 2415 4961 3989 5035">
    <p class='ocr_par' dir='ltr' id='par_1_108' title="bbox 2415 4961 3989 5035">
     <span class='ocr_line' id='line_1_108' title="bbox 2415 4961 3989 5035; baseline -0.007 -13"><span class='ocrx_word' id='word_1_770' title='bbox 2415 4973 2768 5032; x_wconf 90' lang='lat' dir='ltr'><strong>voluntatem,</strong></span> <span class='ocrx_word' id='word_1_771' title='bbox 2801 4982 2965 5035; x_wconf 81' lang='lat' dir='ltr'><strong>Opera</strong></span> <span class='ocrx_word' id='word_1_772' title='bbox 3022 4975 3202 5019; x_wconf 90' lang='lat' dir='ltr'><strong>autem</strong></span> <span class='ocrx_word' id='word_1_773' title='bbox 3254 4965 3423 5033; x_wconf 83' lang='lat' dir='ltr'><strong>ipsius</strong></span> <span class='ocrx_word' id='word_1_774' title='bbox 3453 4963 3675 5025; x_wconf 81' lang='lat' dir='ltr'><strong>faceret,</strong></span> <span class='ocrx_word' id='word_1_775' title='bbox 3733 4961 3989 5014; x_wconf 87' lang='lat' dir='ltr'><strong>videlicet</strong></span> 
     </span>
    </p>
   </div>
   <div class='ocr_carea' id='block_1_109' title="bbox 2418 5048 3991 5132">
    <p class='ocr_par' dir='ltr' id='par_1_109' title="bbox 2418 5048 3991 5132">
     <span class='ocr_line' id='line_1_109' title="bbox 2418 5048 3991 5132; baseline -0.009 -18"><span class='ocrx_word' id='word_1_776' title='bbox 2418 5059 2680 5132; x_wconf 88' lang='lat' dir='ltr'><strong>[aliquod]</strong></span> <span class='ocrx_word' id='word_1_777' title='bbox 2714 5057 3018 5113; x_wconf 87' lang='lat' dir='ltr'><strong>divinitatis</strong></span> <span class='ocrx_word' id='word_1_778' title='bbox 3052 5055 3217 5108; x_wconf 91' lang='lat' dir='ltr'><strong>totius</strong></span> <span class='ocrx_word' id='word_1_779' title='bbox 3249 5068 3389 5122; x_wconf 91' lang='lat' dir='ltr'><strong>opus</strong></span> <span class='ocrx_word' id='word_1_780' title='bbox 3425 5052 3701 5103; x_wconf 90' lang='lat' dir='ltr'><strong>voluntate</strong></span> <span class='ocrx_word' id='word_1_781' title='bbox 3734 5048 3991 5102; x_wconf 72' lang='lat' dir='ltr'><strong>essentia:</strong></span> 
     </span>
    </p>
   </div>
   <div class='ocr_carea' id='block_1_110' title="bbox 2415 5140 3989 5216">
    <p class='ocr_par' dir='ltr' id='par_1_110' title="bbox 2415 5140 3989 5216">
     <span class='ocr_line' id='line_1_110' title="bbox 2415 5140 3989 5216; baseline -0.011 -10"><span class='ocrx_word' id='word_1_782' title='bbox 2415 5152 2717 5207; x_wconf 80' lang='lat' dir='ltr'><strong>divinitatis</strong></span> <span class='ocrx_word' id='word_1_783' title='bbox 2749 5167 2765 5216; x_wconf 89' lang='lat'><strong>;</strong></span> <span class='ocrx_word' id='word_1_784' title='bbox 2799 5165 2907 5203; x_wconf 90' lang='lat' dir='ltr'><strong>non</strong></span> <span class='ocrx_word' id='word_1_785' title='bbox 2941 5147 3068 5201; x_wconf 89' lang='lat' dir='ltr'><strong>fecit</strong></span> <span class='ocrx_word' id='word_1_786' title='bbox 3099 5147 3201 5200; x_wconf 93' lang='lat' dir='ltr'><strong>hoc</strong></span> <span class='ocrx_word' id='word_1_787' title='bbox 3227 5143 3384 5213; x_wconf 88' lang='lat' dir='ltr'><strong>quasi</strong></span> <span class='ocrx_word' id='word_1_788' title='bbox 3420 5152 3607 5211; x_wconf 87' lang='lat' dir='ltr'><strong>petens</strong></span> <span class='ocrx_word' id='word_1_789' title='bbox 3636 5140 3702 5193; x_wconf 89' lang='lat' dir='ltr'><strong>ab</strong></span> <span class='ocrx_word' id='word_1_790' title='bbox 3732 5140 3842 5192; x_wconf 90' lang='lat' dir='ltr'><strong>alio</strong></span> <span class='ocrx_word' id='word_1_791' title='bbox 3904 5140 3989 5191; x_wconf 84' lang='lat' dir='ltr'><strong>vel</strong></span> 
     </span>
    </p>
   </div>
   <div class='ocr_carea' id='block_1_111' title="bbox 2415 5231 3994 5315">
    <p class='ocr_par' dir='ltr' id='par_1_111' title="bbox 2415 5231 3994 5315">
     <span class='ocr_line' id='line_1_111' title="bbox 2415 5231 3994 5315; baseline -0.012 -17"><span class='ocrx_word' id='word_1_792' title='bbox 2415 5261 2574 5315; x_wconf 89' lang='lat' dir='ltr'><strong>prece</strong></span> <span class='ocrx_word' id='word_1_793' title='bbox 2597 5244 2677 5297; x_wconf 87' lang='lat' dir='ltr'><strong>vel</strong></span> <span class='ocrx_word' id='word_1_794' title='bbox 2708 5240 3100 5312; x_wconf 82' lang='lat' dir='ltr'><strong>supplicatione</strong></span> <span class='ocrx_word' id='word_1_795' title='bbox 3129 5237 3210 5291; x_wconf 88' lang='lat' dir='ltr'><strong>vel</strong></span> <span class='ocrx_word' id='word_1_796' title='bbox 3242 5242 3453 5304; x_wconf 80' lang='lat' dir='ltr'><strong>rogatu,</strong></span> <span class='ocrx_word' id='word_1_797' title='bbox 3490 5248 3675 5286; x_wconf 88' lang='lat' dir='ltr'><strong>verum</strong></span> <span class='ocrx_word' id='word_1_798' title='bbox 3708 5231 3994 5282; x_wconf 71' lang='lat' dir='ltr'><strong>voluntate</strong></span> 
     </span>
    </p>
   </div>
   <div class='ocr_carea' id='block_1_112' title="bbox 2416 5321 3989 5391">
    <p class='ocr_par' dir='ltr' id='par_1_112' title="bbox 2416 5321 3989 5391">
     <span class='ocr_line' id='line_1_112' title="bbox 2416 5321 3989 5391; baseline -0.013 0"><span class='ocrx_word' id='word_1_799' title='bbox 2416 5336 2717 5391; x_wconf 90' lang='lat' dir='ltr'><strong>divinitatis</strong></span> <span class='ocrx_word' id='word_1_800' title='bbox 2754 5331 3052 5388; x_wconf 86' lang='lat' dir='ltr'><strong>essentiali.</strong></span> <span class='ocrx_word' id='word_1_801' title='bbox 3117 5329 3379 5383; x_wconf 72' lang='lat' dir='ltr'><strong>Voluntas</strong></span> <span class='ocrx_word' id='word_1_802' title='bbox 3406 5325 3548 5379; x_wconf 89' lang='lat' dir='ltr'><strong>enint</strong></span> <span class='ocrx_word' id='word_1_803' title='bbox 3613 5321 3832 5389; x_wconf 79' lang='lat' dir='ltr'><strong>generis</strong></span> <span class='ocrx_word' id='word_1_804' title='bbox 3885 5329 3989 5380; x_wconf 88' lang='lat' dir='ltr'><strong>est,</strong></span> 
     </span>
    </p>
   </div>
   <div class='ocr_carea' id='block_1_113' title="bbox 2419 5410 3992 5490">
    <p class='ocr_par' dir='ltr' id='par_1_113' title="bbox 2419 5410 3992 5490">
     <span class='ocr_line' id='line_1_113' title="bbox 2419 5410 3992 5490; baseline -0.014 -8"><span class='ocrx_word' id='word_1_805' title='bbox 2419 5444 2525 5482; x_wconf 88' lang='lat' dir='ltr'><strong>non</strong></span> <span class='ocrx_word' id='word_1_806' title='bbox 2553 5424 2869 5488; x_wconf 89' lang='lat' dir='ltr'><strong>individui;</strong></span> <span class='ocrx_word' id='word_1_807' title='bbox 2935 5422 3165 5490; x_wconf 88' lang='lat' dir='ltr'><strong>ideoque</strong></span> <span class='ocrx_word' id='word_1_808' title='bbox 3199 5417 3564 5487; x_wconf 85' lang='lat' dir='ltr'><strong>quodcunque</strong></span> <span class='ocrx_word' id='word_1_809' title='bbox 3632 5413 3749 5465; x_wconf 84' lang='lat' dir='ltr'><strong>vult</strong></span> <span class='ocrx_word' id='word_1_810' title='bbox 3812 5410 3992 5473; x_wconf 87' lang='lat' dir='ltr'><strong>Pater,</strong></span> 
     </span>
    </p>
   </div>
   <div class='ocr_carea' id='block_1_114' title="bbox 2420 5502 3995 5581">
    <p class='ocr_par' dir='ltr' id='par_1_114' title="bbox 2420 5502 3995 5581">
     <span class='ocr_line' id='line_1_114' title="bbox 2420 5502 3995 5581; baseline -0.015 -5"><span class='ocrx_word' id='word_1_811' title='bbox 2420 5523 2559 5577; x_wconf 86' lang='lat' dir='ltr'><strong>idem</strong></span> <span class='ocrx_word' id='word_1_812' title='bbox 2594 5520 2709 5573; x_wconf 91' lang='lat' dir='ltr'><strong>vult</strong></span> <span class='ocrx_word' id='word_1_813' title='bbox 2736 5525 2791 5572; x_wconf 90' lang='lat' dir='ltr'><strong>et</strong></span> <span class='ocrx_word' id='word_1_814' title='bbox 2831 5515 3024 5579; x_wconf 88' lang='lat' dir='ltr'><strong>Filius,</strong></span> <span class='ocrx_word' id='word_1_815' title='bbox 3052 5522 3106 5568; x_wconf 91' lang='lat' dir='ltr'><strong>et</strong></span> <span class='ocrx_word' id='word_1_816' title='bbox 3139 5511 3378 5581; x_wconf 89' lang='lat' dir='ltr'><strong>Spiritus</strong></span> <span class='ocrx_word' id='word_1_817' title='bbox 3429 5516 3653 5563; x_wconf 88' lang='lat' dir='ltr'><strong>sanctus</strong></span> <span class='ocrx_word' id='word_1_818' title='bbox 3682 5522 3697 5569; x_wconf 89' lang='lat'><strong>;</strong></span> <span class='ocrx_word' id='word_1_819' title='bbox 3728 5513 3785 5557; x_wconf 91' lang='lat' dir='ltr'><strong>et</strong></span> <span class='ocrx_word' id='word_1_820' title='bbox 3816 5502 3995 5572; x_wconf 84' lang='lat' dir='ltr'><strong>quod-</strong></span> 
     </span>
    </p>
   </div>
   <div class='ocr_carea' id='block_1_115' title="bbox 2427 5595 3996 5687">
    <p class='ocr_par' dir='ltr' id='par_1_115' title="bbox 2427 5595 3996 5687">
     <span class='ocr_line' id='line_1_115' title="bbox 2427 5595 3996 5687; baseline -0.015 -14"><span class='ocrx_word' id='word_1_821' title='bbox 2427 5630 2642 5687; x_wconf 87' lang='lat' dir='ltr'><strong>cunque</strong></span> <span class='ocrx_word' id='word_1_822' title='bbox 2676 5613 2787 5668; x_wconf 90' lang='lat' dir='ltr'><strong>vult</strong></span> <span class='ocrx_word' id='word_1_823' title='bbox 2820 5612 3013 5678; x_wconf 80' lang='lat' dir='ltr'><strong>Filius,</strong></span> <span class='ocrx_word' id='word_1_824' title='bbox 3050 5607 3189 5664; x_wconf 85' lang='lat' dir='ltr'><strong>idem</strong></span> <span class='ocrx_word' id='word_1_825' title='bbox 3221 5604 3334 5659; x_wconf 90' lang='lat' dir='ltr'><strong>vult</strong></span> <span class='ocrx_word' id='word_1_826' title='bbox 3363 5610 3415 5659; x_wconf 93' lang='lat' dir='ltr'><strong>et</strong></span> <span class='ocrx_word' id='word_1_827' title='bbox 3474 5599 3634 5655; x_wconf 81' lang='lat' dir='ltr'><strong>Pater</strong></span> <span class='ocrx_word' id='word_1_828' title='bbox 3667 5606 3720 5653; x_wconf 88' lang='lat' dir='ltr'><strong>et</strong></span> <span class='ocrx_word' id='word_1_829' title='bbox 3751 5595 3996 5667; x_wconf 75' lang='lat' dir='ltr'><strong>Spiritus</strong></span> 
     </span>
    </p>
   </div>
  </div>
