4200 6432
230 410 364 470 1045

1641 418 2005 484 ANNALES.

3312 430 3439 493 1048

224 532 484 589 82³101υεῖ
518 525 1341 600 οι(ιυοάουιιιιιιοῗνυὶιΒρίτίιυδ
1364 541 1611 595 sanctus,
1644 534 1784 587 idem
1814 535 1860 593 Α
1895 540 2000 594 Deo
2032 541 2269 609 propria,
2318 558 2435 607 qua:
2469 556 2625 596 nemo
2662 543 2798 597 alius
2848 544 3080 597 l‘aeiendi
3118 551 3438 611 potestatem

219 616 386 670 etiam
418 617 711 673 vuItPater
726 630 781 675 et
802 618 993 685 Filius;
1028 637 1131 677 non
1150 624 1783 692 estinteripsoseontra-

221 708 390 759 rietas
431 714 527 759 aut
552 706 875 763 ditl‘erentia.
900 712 1077 779 Atque
1108 714 1179 766 ita
1210 714 1371 767 etiam
1406 717 1659 769 voluntas
1686 718 1785 769 ltu-

222 798 527 861 manitatis,
552 800 764 865 generis
802 810 888 856 est
924 819 1031 856 non
1068 805 1328 860 individui
1360 822 1373 859 :
1410 809 1641 875 ideoque
1667 823 1784 861 om-

221 890 387 944 nibus
416 891 731 947 hominibus
761 897 1359 952 commttniterinsitttnt
1403 910 1479 954 est
1520 909 1777 969 appetere

222 983 449 1047 bonum,
477 998 578 1037 nec
610 985 893 1054 quisquam
927 997 1010 1042 est
1035 989 1209 1046 ﬁdelis
1243 995 1322 1045 vel
1382 993 1636 1060 infidelis,
1694 995 1786 1048 bo-

223 1090 334 1128 nus
367 1077 451 1130 vel
486 1078 685 1133 malus.
712 1080 804 1147 qui
842 1097 948 1135 non
990 1092 1204 1151 appetat
1239 1085 1464 1150 bonum,
1498 1087 1787 1156 ipsumque

223 1166 472 1234 accipere
503 1168 810 1234 desideret,
850 1183 959 1226 tum
995 1175 1046 1227 in
1082 1176 1183 1230 hoc
1217 1179 1439 1244 ntundo,
1476 1190 1583 1232 tum
1618 1182 1668 1234 in
1705 1180 1789 1233 fu-

223 1266 351 1313 turo
381 1276 399 1326 ;
432 1276 531 1315 nec
560 1263 847 1332 quisquam
889 1276 976 1321 est
1001 1270 1093 1337 qui
1131 1280 1354 1341 respuat
1408 1272 1638 1336 bonum,
1694 1281 1786 1327 aut

222 1349 311 1401 cui
361 1364 469 1404 non
524 1351 657 1406 insit
713 1355 985 1423 appetitus
1046 1358 1175 1422 eihi,
1238 1369 1419 1429 potus,
1458 1362 1785 1428 indumenti,

224 1442 426 1505 somni,
463 1443 686 1510 quietis,
720 1449 1148 1516 tranquillitatis,
1200 1454 1597 1521 prosperitatis,
1632 1458 1786 1510 sani-

223 1534 349 1586 tatis
380 1542 431 1588 et
457 1536 599 1601 vita;
628 1546 682 1592 et
703 1539 886 1594 odium
917 1557 1101 1595 eorum
1128 1559 1245 1612 qua:
1265 1546 1373 1617 64
1396 1548 1481 1602 his
1508 1552 1784 1603 contraria

224 1632 374 1688 sunt,
409 1626 661 1682 videlicet
726 1630 903 1695 famis,
964 1636 1106 1697 sitis,
1151 1637 1434 1701 ntnlitatis,
1479 1642 1783 1708 insomniae,

222 1714 450 1778 laboris.
480 1720 761 1785 molestiae,
783 1722 1153 1792 adversitatis,
1186 1730 1541 1799 aegritudinis,
1576 1737 1785 1789 mortis.

222 1805 357 1906 Illud
388 1814 569 1862 autem
604 1812 749 1879 quod
777 1812 1091 1883 discrepant
1119 1819 1364 1875 homines
1395 1831 1592 1890 przeter
1622 1840 1789 1894 appe-
1824 1852 1863 1907 Β

222 1896 380 1950 titum
412 1900 770 1957 universalem
810 1907 955 1975 quod
990 1908 1053 1961 ad
1093 1925 1179 1963 res
1203 1926 1339 1977 quas
1368 1914 1460 1965 alii
1498 1928 1687 1969 contra
1724 1933 1788 1971 ac

220 1990 311 2042 alii
363 1992 553 2055 velint,
594 2010 702 2050 non
736 2004 820 2051 est
845 2013 873 2051 a
923 2001 1202 2056 voluntate
1236 2009 1473 2059 naturali
1506 2006 1628 2075 qua:
1690 2027 1786 2077 ge-

225 2081 339 2135 neri
374 2086 653 2153 competit,
683 2088 777 2143 scd
812 2089 1143 2147 desiderium
1176 2096 1453 2165 singulare
1485 2102 1629 2167 quod
1666 2103 1788 2169 qui-

224 2171 455 2226 busdam
484 2182 694 2229 tantum
733 2178 1013 2234 hominum
1044 2187 1258 2250 accidit,
1313 2203 1374 2240 ac
1403 2194 1665 2259 appetitui
1697 2209 1790 2246 ua-

224 2266 387 2319 turali
419 2271 748 2323 contrarium
779 2290 793 2335 ;
836 2282 1020 2343 utpote
1043 2280 1186 2345 quod
1222 2281 1364 2334 aliud
1396 2299 1421 2333 a
1459 2286 1598 2338 bono
1627 2300 1786 2354 appe-

224 2364 323 2419 tat,
357 2357 588 2427 ideoque
619 2361 931 2432 discrepant
962 2368 1013 2419 in
1047 2369 1334 2426 desideriis
1371 2374 1489 2428 istis
1538 2377 1788 2431 acciden-

223 2447 425 2504 talibus
481 2466 602 2518 qnte
662 2453 731 2507 ab
791 2457 1072 2513 aﬂectihus
1132 2462 1401 2525 oriuntur,
1463 2482 1787 2537 unoquoque

223 2538 355 2592 illud
386 2541 600 2596 volente
622 2545 765 2612 quod
790 2547 1061 2604 desiderat
1092 2553 1160 2605 ob
1188 2556 1517 2624 voluptatem
1542 2576 1661 2627 qua!
1682 2562 1784 2628 ipsi

223 2630 347 2685 inde
383 2633 903 2709 c0tttingit.-Neque
936 2649 1112 2696 tamen
1168 2644 1385 2699 interim
1440 2650 1591 2703 exuit
1636 2653 1788 2719 quis-

223 2722 367 2789 piam
398 2726 695 2793 appetitum
718 2743 1058 2786 communem
1087 2752 1193 2803 quo
1219 2724 1516 2793 incitantur
1535 2744 1784 2798 homines

224 2808 291 2862 ad
325 2811 527 2864 bonum
557 2814 843 2869 volendum
885 2819 1171 2890 ipsumque
1193 2828 1643 2893 amplectendam.
1675 2842 1781 2887 tam

223 2897 277 2952 in
311 2900 415 2955 hac
445 2903 551 2956 vita
571 2920 730 2973 quant
754 2909 807 2961 in
829 2907 1032 2965 futura.
1060 2912 1291 2984 Ideoque
1320 2919 1538 2975 Christo
1564 2937 1784 2991 compe-

225 2998 348 3043 tunt
381 2992 523 3046 bina:
552 2998 863 3055 voluntates
899 3007 1174 3061 naturales
1235 3009 1475 3079 integrze,
1510 3014 1692 3067 divina
1735 3027 1787 3069 et

221 3083 482 3151 humana,
517 3089 729 3159 duoque
747 3110 940 3162 genera
960 3098 1189 3166 integra,
1210 3116 1403 3156 creatis
1430 3114 1482 3157 ct.
1510 3115 1781 3173 creuttttt‘,

1892 630 2068 694 habet,
2108 644 2280 697 neque.
2310 631 2401 683 ulli
2442 648 2680 700 unquam
2718 649 2747 687 e
2778 636 3044 688 creaturis
3080 634 3252 701 ipsius
3307 650 3441 686 con«

1889 734 2039 773 cessa
2075 730 2221 773 sunt.
2253 718 2417 787 quue
2453 722 2574 788 quia
2605 723 2718 789 ipse
2757 729 2907 774 creat
2936 722 3301 789 quodcunque
3323 723 3438 773 vult

1889 819 1943 862 et
1967 811 2285 864 abscondita
2315 812 2485 871 novit,
2514 813 2843 881 perspiciens
2874 826 2995 879 quae
3035 821 3219 879 tegunt
3252 820 3437 880 pecto-

1888 914 1969 963 ra,
2022 910 2071 954 ct
2108 911 2326 968 peccata
2382 903 2630 963 remittit,
2667 919 2786 970 qua:
2830 918 2989 957 neruo
3042 913 3233 969 prreter
3263 906 3441 971 ipsum

1890 996 2168 1048 remittere
2203 1002 2397 1062 potest.
2463 994 2666 1062 Estque
2703 997 2755 1048 in
2790 998 2936 1050 omni
2972 997 3090 1049 loco
3122 1012 3272 1063 aeque
3301 1013 3438 1063 prm—

1889 1100 2014 1139 sens
2033 1085 2177 1138 nulla
2205 1100 2261 1138 re
2280 1087 2616 1150 terminatus,
2641 1096 2693 1139 et
2710 1086 2761 1138 itt
2784 1088 3044 1154 sepulcris
3062 1088 3175 1157 68
3195 1089 3443 1140 conditos

1888 1176 1974 1230 die
2005 1178 2424 1231 resurrectionis
2452 1178 2876 1232 resuscitaturus
2906 1186 2987 1230 est
3020 1180 3257 1247 potentia
3320 1194 3416 1231 sua

1889 1285 2013 1324 cum
2046 1271 2117 1323 sit
2150 1270 2414 1324 Dominus
2444 1270 2548 1323 diei
2570 1270 2785 1336 judicii,
2851 1270 3105 1323 thronum
3169 1284 3444 1338 occupans

1888 1369 1940 1416 et
1965 1375 2187 1430 regnum
2236 1371 2291 1415 et
2326 1362 2669 1414 ratiocinium
2697 1377 2968 1424 severum,
3001 1361 3088 1427 qui
3152 1363 3445 1427 unicuique.

1889 1455 2184 1508 secundum
2219 1469 2280 1507 ea
2315 1470 2434 1522 qua:
2464 1454 2589 1507 fecit
2624 1455 2909 1518 retribuit;
2944 1454 3191 1519 idemque
3230 1454 3319 1518 qui
3381 1455 3447 1506 de

1890 1545 2030 1599 cmlo
2065 1544 2396 1599 descendens
2432 1546 2746 1598 incarnatus
2786 1553 2889 1605 est,
2914 1555 2965 1597 et
2993 1559 3192 1611 corpus
3228 1545 3279 1595 in
3340 1558 3448 1593 ('0'-

1890 1638 1997 1691 lum
2040 1637 2279 1691 sustulit.

1960 1728 2093 1784 Cum
2145 1738 2324 1782 autem
2365 1728 2568 1780 faceret
2595 1742 2755 1794 Opera
2813 1725 3184 1786 humanitatis,
3224 1740 3285 1779 ea
3329 1741 3446 1789 qua!

1892 1835 2053 1888 opera
2087 1827 2213 1871 sunt
2244 1819 2495 1885 generica
2532 1829 2584 1871 et
2617 1820 2883 1871 naturalia
2946 1817 3149 1884 (qualia
3174 1823 3299 1869 sunt
3325 1816 3447 1868 ede-

1892 1926 1971 1974 re,
2000 1910 2207 1972 bibere,
2244 1909 2412 1967 itului.
2444 1925 2686 1976 somnus,
2733 1913 2917 1972 sudor,
2953 1911 3195 1969 tristitia,
3235 1923 3451 1976 perpes-

1892 2004 2096 2066 siones,
2135 2007 2327 2069 mors),
2372 2005 2457 2058 ltis
2516 2005 2903 2057 humanitatem
2949 2019 3102 2057 suam
3156 2002 3447 2064 adstrinxit,

1892 2112 2058 2164 seque
2090 2097 2361 2150 hominem
2395 2104 2584 2151 natura
2616 2097 2914 2164 perlectum
2981 2110 3118 2148 esse.
3182 2095 3277 2147 Est
3320 2111 3449 2162 ergo

1889 2187 2145 2241 Christus
2194 2185 2366 2241 Filius
2409 2187 2497 2240 Dei
2570 2204 2761 2254 genere
2809 2196 2861 2239 et
2930 2185 3162 2239 essentia
3218 2184 3448 2243 divina;

1890 2278 2140 2345 idemque
2169 2279 2307 2331 ﬁlius
2342 2278 2573 2331 hominis
2605 2294 2801 2346 genere
2825 2287 2875 2330 ct
2925 2278 3158 2349 essentia
3189 2278 3446 2331 humana.

1891 2371 2110 2439 ipseque
2157 2371 2408 2424 Christus
2444 2387 2584 2424 unus
2618 2372 2824 2423 unitate.
2861 2370 3145 2438 peculiari,
3205 2380 3451 2435 pt‘l'SOllit'.

1890 2476 2002 2515 sua:
2058 2461 2217 2513 unius
2286 2462 2538 2529 propria;
2596 2476 2835 2526 ttct‘smlzl‘
2901 2460 3105 2511 scilicet
3175 2458 3449 2511 liliatiouis

1888 2562 2125 2614 aeternae,
2159 2568 2277 2622 quae
2307 2555 2486 2622 genita
2535 2561 2615 2605 est
2652 2568 2679 2605 a
2714 2553 2871 2604 Patre
2916 2553 3031 2605 sine
3070 2553 3266 2613 Matre,
3325 2560 3448 2603 ante

1890 2646 2083 2699 Siccula
2110 2664 2123 2711 ;
2156 2645 2451 2713 cadentque
2482 2662 2705 2712 persona
2739 2643 3012 2697 ﬁliationis
3042 2643 3307 2697 Ιιιιιιιξηιίη,
3333 2658 3451 2708 qntc

1889 2750 2011 2792 nata
2040 2749 2123 2793 est
2158 2738 2362 2792 ultimis
2394 2739 2729 2806 temporibus
2761 2752 2825 2790 ex
2856 2736 3020 2788 Maria
3060 2733 3297 2801 Virgine,
3334 2734 3451 2784 sine

1887 2840 2071 2899 patre;
2104 2839 2295 2898 estque
2326 2832 2440 2898 ipse
2469 2844 2701 2894 persona
2736 2844 2864 2891 una,
2912 2836 3134 2887 ﬂ‘itil'lta,
3167 2827 3311 2893 quod
3377 2826 3441 2875 ad

1887 2923 2227 2977 divinitatem
2261 2943 2273 2984 ;
2326 2923 2665 2988 temporalis.
2693 2920 2837 2987 quod
2872 2920 2936 2969 ad
2994 2916 3384 2969 humanitatem
3424 2932 3435 2965 :

1891 3014 2143 3081 idemque
2166 3012 2376 3065 duabus
2412 3013 2574 3066 simul
2601 3010 2813 3064 naturis
2840 3006 3095 3075 loquitur,
3122 3023 3184 3060 ac
3216 3008 3448 3059 duorum

1890 3119 2147 3171 generum
2185 3105 2422 3156 actiones
2451 3102 2579 3154 edit.
2646 3100 2742 3153 Ubi
2770 3101 2924 3158 dixit,
2969 3100 3073 3167 Εῃο
3107 3115 3220 3150 sum
3281 3096 3449 3148 Filius

222 3180 513 3246 conjuncta
547 3183 664 3238 sine
700 3186 921 3241 tuistura
978 3190 1027 3241 in
1057 3207 1158 3244 una
1197 3209 1425 3259 persona
1484 3213 1601 3264 quae
1652 3198 1786 3253 duas
1815 3190 1855 3247 C
1892 3198 2017 3265 Dei,
2051 3200 2118 3252 de
2150 3196 2432 3249 divinitate
2467 3193 2706 3261 loquitur
2740 3211 2751 3251 ;
2783 3201 2832 3243 at
2872 3192 2959 3243 ubi
3003 3190 3160 3251 dixit,
3202 3188 3306 3257 Ego
3336 3206 3448 3241 sum

224 3279 452 3325 naturas
484 3276 896 3341 comprehendit
932 3282 1131 3335 unione
1162 3285 1261 3337 sibi
1301 3290 1540 3355 propria,
1573 3290 1785 3358 insepa-

221 3363 491 3430 rabiliter,
530 3366 690 3437 [adeo
724 3369 803 3439 ut]
871 3373 1126 3439 loquatur
1162 3380 1494 3446 prOprietate
1545 3397 1791 3449 personae

223 3472 334 3510 sua:
362 3459 527 3511 unius
570 3475 822 3517 sermone
852 3466 1079 3518 duarum
1118 3478 1457 3536 naturarum,
1499 3474 1697 3528 divinae
1737 3484 1789 3528 et

226 3546 516 3613 humanae,
567 3567 664 3605 nec
689 3555 759 3607 sit
809 3558 898 3624 qui
959 3560 1195 3627 loquitur
1249 3577 1499 3617 sermone
1557 3566 1793 3620 humano

225 3640 387 3704 alius,
445 3652 492 3696 et
520 3645 611 3712 qui
638 3661 891 3702 sermone
926 3651 1108 3705 divino
1137 3654 1296 3716 alius,
1323 3670 1509 3709 verunt
1543 3656 1793 3713 Christus

226 3748 367 3788 unus
395 3736 486 3801 qui
508 3744 733 3805 utroque
767 3741 924 3793 simul
958 3758 1209 3798 sermone
1241 3746 1510 3814 loquatur,
1530 3758 1579 3801 et
1613 3758 1792 3805 utras-

228 3840 333 3890 que
388 3826 634 3881 actiones
662 3841 781 3897 agat
809 3832 1022 3887 duahus
1049 3836 1439 3901 voluntatibus,
1491 3848 1541 3891 et
1580 3840 1792 3895 duabus

228 3916 389 3967 simul
421 3914 663 3986 65-67
697 3922 908 3974 naturis
941 3938 1105 3987 ;cutn
1139 3927 1268 3978 veiit
1301 3928 1581 3981 voluntate
1612 3928 1791 3981 divina

227 4005 435 4060 faciens
478 4023 639 4076 opera
695 4010 939 4073 Deitatis,
997 4030 1116 4082 qua:
1174 4015 1299 4070 facit
1361 4021 1794 4088 quandocunque

225 4099 363 4159 vult,
393 4106 449 4153 et
477 4101 751 4168 quomodo
792 4104 926 4164 vult,
955 4122 1059 4158 non
1120 4110 1455 4174 pr'rccdente
1522 4112 1797 4166 voluntate

228 4192 473 4246 actiones
506 4192 695 4261 ipsius.
728 4212 849 4249 cum
878 4200 1233 4268 penesipsum
1260 4203 1330 4255 sit
1368 4213 1426 4257 ttt
1455 4205 1615 4258 l'aciat
1641 4206 1797 4272 quid-

227 4281 358 4349 quid
392 4283 528 4344 vult,
561 4285 997 4355 quandocunque
1024 4292 1159 4351 vult,
1205 4294 1351 4346 nulla
1412 4294 1784 4348 intercedente

228 4375 511 4441 petitione.
543 4390 725 4442 prece,
756 4387 851 4431 aut
885 4390 1103 4447 rogatu,
1154 4382 1307 4449 juxta
1348 4384 1476 4436 illttd
1506 4386 1646 4453 quod
1664 4386 1799 4439 dixit

229 4466 331 4535 ipsi
366 4467 615 4534 leprosns
643 4486 656 4521 :
688 4468 929 4532 Domine,
959 4472 1003 4522 si
1033 4472 1106 4524 ris
1130 4483 1271 4538 potes
1300 4476 1592 4539 mundare;
1621 4488 1673 4530 et
1708 4494 1794 4533 re-

232 4559 459 4627 spondit
486 4561 623 4630 ipse,
673 4560 821 4625 Volo,
850 4565 1101 4617 mundare
1132 4565 1173 4627 ⁵,
1202 4568 1381 4635 itaque
1413 4585 1439 4620 a
1472 4569 1619 4636 lepra
1677 4587 1793 4633 sua,

230 4652 403 4719 ipsius
434 4654 736 4716 voluntate,
769 4657 1061 4709 mundatus
1092 4666 1215 4710 est:
1244 4659 1400 4726 juxta
1439 4662 1602 4714 etiam
1637 4679 1792 4716 mau-

231 4744 419 4797 datum
461 4744 635 4812 ipsius
666 4745 730 4798 ad
777 4746 1067 4810 daemonia,
1121 4758 1176 4801 ttt
1228 4764 1257 4803 e
1298 4752 1646 4806 drentoniacis
1701 4770 1797 4807 ex-

232 4838 395 4897 irent,
457 4852 581 4891 cum
645 4848 897 4908 rogarent
945 4840 1118 4906 ipsutn
1166 4840 1429 4895 dmmouia
1494 4845 1789 4912 utjuberet

234 4929 387 4997 ipsos
421 4944 619 4998 porcos
653 4930 858 4999 ingredi
892 4932 1091 5002 (neque
1125 4934 1269 4987 enim
1319 4934 1447 4988 illud
1477 4936 1594 4990 sine
1630 4938 1801 5005 ipsius

237 5021 510 5090 permissu
536 5021 715 5076 facere
740 5026 1055 5090 potuerunt)
1073 5032 1235 5093 atque
1269 5026 1381 5095 ipse
1417 5026 1538 5081 illos
1577 5031 1799 5095 permit-

236 5121 395 5165 teret.
447 5110 638 5166 Postea
692 5114 881 5179 etiatn,
947 5125 1170 5169 ventum
1227 5126 1280 5169 ct
1332 5131 1479 5170 mare
1521 5118 1802 5185 quiescere

232 5202 419 5270 jussit,
462 5202 621 5271 idque
649 5204 767 5257 sine
800 5220 957 5271 prece
986 5216 1077 5258 aut
1109 5206 1384 5274 petitione.
1406 5208 1581 5277 Atque
1615 5209 1801 5275 hujus-

241 5294 389 5348 modi
417 5294 584 5347 multa
616 5296 667 5347 in
700 5294 991 5365 Evangelio
1025 5298 1165 5351 facta
1193 5311 1586 5364 mentorantur,
1611 5301 1808 5367 quibus

242 5383 585 5437 divinitatem
645 5399 799 5439 suam
881 5387 1243 5455 conﬁrmavit,
1304 5390 1530 5459 ideoque
1586 5391 1812 5443 credunt

247 5474 432 5549 ﬁdeles
467 5476 640 5544 ipsum
668 5493 795 5532 esse
826 5478 993 5533 Deum
1030 5480 1352 5548 perfectum,
1412 5483 1539 5535 dum
1605 5482 1810 5535 faceret

244 5584 408 5637 opera
449 5568 753 5624 divinitatis
780 5588 896 5639 qua:
930 5574 1071 5625 nulla
1103 5590 1339 5641 unquam
1375 5586 1623 5629 creatura
1648 5575 1803 5635 fecit.

245 5676 345 5715 nec
404 5675 643 5728 unquam
686 5664 860 5718 facere
914 5674 1260 5734 putesl,cmn
1316 5665 1425 5720 sint
1484 5681 1647 5735 opera
1703 5666 1803 5721 soli

320 5848 339 5871 ⁸
362 5839 554 5906 Matth,
578 5857 691 5907 \‘ltl,
712 5840 823 5905 ⁸ὶῶ,

1896 3292 2069 3344 Filius
2119 3287 2364 3346 hominis,
2395 3284 2461 3337 tle
2494 3283 2845 3335 humanitate.
2908 3280 3025 3343 Ipse
3058 3280 3317 3329 miracula
3358 3295 3444 3331 ra.

1894 3384 2041 3436 tiottc
2072 3380 2375 3434 divinitatis
2406 3391 2516 3430 suae
2545 3376 2687 3435 fecit,
2709 3374 2960 3439 idemque.
2999 3371 3308 3424 alllit-Iiottes
3334 3386 3454 3436 per-

1896 3475 2017 3530 tttlit
2049 3472 2255 3525 ratione
2287 3464 2640 3535 humanitatis
2680 3483 2692 3518 :
2747 3465 3042 3519 cruciﬁxus
3102 3470 3155 3514 ct
3210 3472 3454 3512 mortuus

1894 3575 1971 3619 est
2002 3564 2210 3617 ratione
2249 3559 2604 3613 humanitatis
2668 3571 2799 3612 suae.
2858 3569 2956 3607 nec
3005 3553 3298 3607 cruciﬁxus
3354 3566 3451 3602 ηρ(-

1896 3669 2143 3711 mortuus
2176 3656 2384 3707 ratione
2414 3652 2656 3722 69-71
2687 3648 3007 3701 divinitatis.
3048 3645 3273 3697 Μιιιιιιὶυ
3306 3642 3451 3695 enim

1894 3758 1945 3801 et
1990 3747 2368 3816 pcrpessiones
2396 3752 2450 3794 ct
2482 3756 2625 3793 mors
2657 3737 3010 3791 humanitatis
3039 3735 3252 3803 propria
3296 3746 3448 3787 sunt.

1898 3854 2003 3891 non
2035 3832 2333 3889 divinitatis
2362 3871 2375 3891 ,
2398 3846 2515 3897 qua:
2549 3828 2615 3881 ab
2644 3827 2903 3880 omnibus
2924 3827 3043 3879 istis
3069 3825 3325 3876 immunis
3353 3833 3457 3875 cst.

1898 3929 2015 3980 Non
2048 3935 2227 3978 autem
2284 3921 2485 3990 patitur
2550 3917 2751 3986 aliquid
2803 3918 2868 3968 ab
2924 3916 3297 3969 accidentibus
3340 3931 3461 3981 qum

1899 4019 2069 4088 ipsius
2096 4024 2305 4068 naturae
2336 4028 2439 4065 non
2473 4010 2803 4064 conveniunt
2834 4026 2845 4060 :
2880 4007 3109 4074 exempli
3151 4007 3342 4073 gratia,
3377 4022 3462 4057 se.-

1898 4111 2013 4164 cttri
2039 4105 2213 4161 scindi
2276 4119 2380 4157 non
2418 4102 2561 4155 cadit
2595 4101 2646 4171 in
2680 4101 2873 4159 solent,
2914 4100 3039 4166 quia
3075 4098 3271 4161 scindi,
3331 4097 3460 4149 solis

1900 4210 2107 4254 natura:
2169 4210 2271 4249 non
2324 4193 2605 4260 competit.
2662 4192 2895 4258 Ideoque
2967 4191 3141 4243 securi
3198 4188 3462 4241 scinditur

1902 4292 2064 4346 arbor
2096 4289 2184 4342 cui
2242 4287 2322 4340 sol
2360 4285 2599 4352 atl‘ulget,
2654 4293 2709 4336 at
2760 4298 2870 4335 non
2939 4297 3043 4334 ttna
3089 4296 3211 4345 cum
3268 4282 3462 4333 arbore

1902 4386 2169 4441 scinditur
2196 4382 2275 4435 sol
2306 4397 2318 4432 :
2354 4378 2497 4432 ferro
2524 4377 2667 4431 enim
2722 4378 2896 4429 scindi
2933 4377 2983 4428 in
3046 4376 3246 4444 lignum
3293 4375 3459 4437 cadit,

1902 4489 1956 4533 at
1984 4493 2088 4531 non
2127 4478 2180 4529 in
2216 4475 2404 4529 solent.
2464 4475 2539 4525 Ac
2572 4472 2732 4533 sicut,
2772 4485 2892 4522 cum
2952 4468 3153 4521 ferrum
3192 4468 3311 4535 igne
3375 4482 3464 4518 ca-

1909 4571 2161 4625 lefactum
2215 4580 2366 4635 aqum
2391 4563 2751 4630 immergitur,
2805 4574 3080 4626 occupans
3111 4558 3281 4626 frigus
3311 4573 3463 4623 aqum

1908 4658 2323 4729 igttiScalorem,
2356 4653 2530 4719 ipsum
2561 4649 2878 4717 exstinguit,
2908 4650 2976 4700 ita
3014 4657 3193 4699 tamen
3230 4656 3287 4699 ut
3318 4649 3462 4699 ttulla

1909 4750 1977 4801 ab
2004 4761 2069 4801 eo
2095 4759 2234 4799 noxa
2267 4744 2319 4794 itt
2374 4741 2576 4794 ferrum
2616 4739 2793 4799 cadat,
2823 4738 2949 4805 quia
2977 4738 3155 4803 passio
3201 4737 3270 4789 ab
3324 4751 3463 4804 aqua

1909 4838 2107 4913 [illata]
2148 4836 2255 4905 igni
2287 4834 2544 4900 competit
2582 4839 2637 4883 ttt
2673 4830 2740 4882 ah
2772 4830 2883 4896 ipsa
2951 4827 3352 4894 cxstinguatur,
3411 4834 3465 4875 at

1910 4948 2016 4985 non
2048 4927 2302 4996 competit
2339 4926 2483 4977 ferro
2513 4923 2698 4977 eadem
2733 4918 3055 4972 madefacto.
3082 4917 3278 4970 Eodem
3308 4916 3468 4969 modo

1910 5024 2110 5080 cadunt
2140 5019 2414 5089 passiones
2436 5016 2491 5068 in
2526 5014 2757 5066 animam
2786 5012 3069 5063 humanam
3115 5017 3171 5061 et
3204 5008 3269 5059 ad
3296 5008 3465 5076 ipsam

1913 5114 2247 5185 pertingant,
2292 5116 2570 5171 totumque
2609 5114 2829 5166 corpus,
2861 5098 2987 5166 quia
3025 5096 3079 5149 in
3113 5097 3227 5163 ipso
3260 5097 3465 5163 passio-

1912 5222 2007 5260 ncs
2056 5206 2233 5256 locum
2300 5197 2521 5255 habent,
2563 5204 2615 5244 at
2675 5206 2781 5243 non
2843 5189 2985 5241 cadit
3043 5188 3092 5239 in
3129 5186 3463 5237 divinitatem

1910 5295 2222 5365 quidquam.
2278 5286 2446 5341 Porro
2477 5283 2750 5337 credimus
2782 5280 3055 5332 Christum
3123 5276 3315 5327 Ftliutn
3376 5274 3465 5324 Dei

1910 5387 2131 5441 unicum
2162 5393 2280 5435 esse
2322 5384 2441 5446 post
2502 5371 2953 5431 incarnationem,
3022 5383 3230 5420 necnon
3298 5366 3468 5417 ﬁlium

1913 5475 2166 5536 heminis,
2201 5474 2375 5540 ipsum
2410 5482 2514 5521 non
2563 5466 2748 5524 alium,
2777 5463 3055 5516 Christum
3095 5474 3288 5520 unum,
3351 5456 3459 5508 Do-

1916 5570 2121 5625 minum
2153 5578 2341 5624 unum,
2373 5560 2507 5611 duas
2552 5558 2835 5609 habentem
2866 5562 3265 5619 generationes.
3317 5563 3465 5615 gent-

1921 5672 2033 5718 tum
2080 5675 2108 5713 a
2140 5659 2293 5713 l'atrc
2336 5662 2457 5709 ante
2498 5652 2717 5710 saecula.
2747 5662 2907 5716 supra
2948 5660 3161 5700 omnem
3224 5658 3468 5704 causam,
