4200 6432
729 393 861 459 1047

1742 400 2108 462 EUTYCHII
2143 399 2683 463 ALEXANDRINI
2728 405 2940 465 ΡΑΤΗ.

3820 408 3953 473 1048

724 524 1053 574 sermonem,
1082 510 1482 579 c0gitationem,
1514 520 1568 567 et
1590 520 1822 582 tempus,
1855 528 2062 569 necnon
2097 523 2282 567 nattun
2313 513 2359 567 Δ
2390 519 2495 566 tem
2525 514 2836 583 quicunque
2867 514 3224 569 mutationem
3260 513 3369 570 Deo
3410 516 3679 571 attribuit.
3716 517 3823 589 76
3855 518 3955 569 νει.

724 612 755 651 a
800 599 968 655 Matre
993 600 1095 656 fine
1125 603 1404 671 temporis,
1459 611 1679 672 propter
1731 604 1960 659 salutem
2017 614 2281 670 nostram,

722 689 912 744 eodem
952 692 1110 747 modo
1145 708 1254 762 quo
1309 709 1405 747 nos
1454 695 1568 748 nati
1628 709 1840 759 sumus,
1882 701 1934 748 et
1964 710 2130 764 supra
2181 711 2283 749 na-

721 782 983 836 tivitatem
1017 796 1256 839 nostram
1291 825 1306 849 ,
1332 785 1582 840 videlicet
1614 801 1677 839 eo
1711 785 1872 841 modo
1900 802 2009 856 quo
2034 802 2136 842 nos
2164 790 2276 844 nati

718 889 933 938 sumus,
950 875 1054 943 72
1076 877 1216 945 quod
1242 876 1403 931 homo
1427 876 1592 931 fuerit
1612 885 1667 931 et
1690 893 1755 932 ex
1774 880 2033 945 muliere;
2062 889 2115 936 et
2137 880 2280 951 quod

716 963 780 1015 ad
820 974 1029 1032 tempus
1076 965 1396 1032 nativitatis,
1440 979 1560 1036 post
1586 984 1779 1024 novem
1813 985 2065 1025 menses:
2101 979 2155 1023 at
2179 982 2276 1026 su-

716 1064 808 1116 pra
844 1052 1174 1105 nativitatem
1229 1063 1492 1120 nostram,
1526 1058 1670 1127 quod
1704 1075 1808 1112 non
1866 1060 2027 1114 fuerit
2074 1076 2139 1116 ex
2191 1078 2280 1117 se-

715 1140 878 1207 mine,
923 1157 1103 1196 verum
1136 1160 1200 1199 ex
1235 1146 1437 1214 Spiritu
1470 1159 1677 1212 sancto,
1732 1159 1782 1203 et
1822 1150 1989 1204 Maria
2055 1151 2279 1223 Virgine

714 1231 942 1303 illibata,
998 1234 1165 1305 supra
1220 1238 1388 1308 legem
1448 1240 1751 1296 nativitatis
1806 1243 2075 1305 humanae,
2133 1245 2276 1314 quod

711 1324 877 1379 illaesa
928 1331 1187 1383 manserit
1244 1331 1529 1401 virginitas
1568 1333 1757 1388 Matris
1814 1350 1926 1389 sua:
1988 1348 2277 1405 poetqnam

710 1416 780 1470 ab
830 1417 947 1486 ipsa
1001 1430 1162 1475 natus
1218 1422 1342 1476 fttit.
1398 1425 1600 1492 Estque
1637 1424 1780 1477 idem
1813 1424 1955 1481 Deus
1996 1430 2273 1495 perfectus

712 1516 764 1559 et
813 1507 972 1563 homo
1002 1512 1274 1580 perfectus
1302 1529 1316 1577 ;
1340 1521 1483 1568 totus
1512 1517 1627 1584 ipse
1659 1516 1801 1572 Deus
1829 1517 2119 1586 perfectus,
2149 1534 2272 1573 cum

713 1597 1044 1653 humanitate
1080 1616 1201 1667 sua,
1237 1612 1289 1656 ct
1329 1612 1474 1658 totus
1519 1606 1682 1661 homo
1722 1607 1999 1675 perfectus
2021 1623 2144 1662 cum
2175 1609 2273 1662 di-

708 1688 936 1745 vinitate
986 1707 1103 1745 sua.
1136 1692 1371 1749 Verbum
1402 1697 1545 1750 enim
1572 1700 1912 1753 incarnatum
1952 1711 2035 1755 est
2066 1701 2273 1769 absque

708 1780 1029 1843 mutatione,
1066 1784 1448 1851 minoratione,
1505 1787 1880 1854 autdel‘ectu;
1930 1798 1982 1843 et
2022 1790 2268 1846 deiiicata

708 1881 793 1925 est
826 1872 1155 1937 humanitas.
1194 1877 1266 1929 ita
1316 1888 1494 1933 tamen
1548 1888 1607 1935 ut
1658 1882 1924 1937 terminos
1977 1898 2108 1937 suos
2159 1901 2267 1939 non

709 1964 1027 2027 excesserit,
1086 1978 1443 2034 permanente
1568 1981 1794 2041 utraque
1874 1985 2066 2028 natura
2122 1986 2268 2031 statu

710 2068 809 2106 suo
842 2054 893 2107 in
950 2056 1170 2113 Christo
1210 2076 1337 2125 uno,
1366 2068 1418 2115 et
1453 2062 1633 2130 agnita
1666 2064 2039 2121 voluntatibus
2072 2069 2190 2123 suis
2216 2080 2270 2125 et

707 2143 1017 2201 actionibus
1047 2148 1162 2201 suis
1186 2148 1237 2202 in
1285 2151 1497 2205 unitate
1529 2169 1777 2222 persona:
1803 2156 1967 2212 Verbi
2002 2158 2118 2225 Dei,
2150 2176 2269 2230 qua:

707 2243 991 2304 utramque
1020 2240 1435 2308 comprehendit
1488 2247 1816 2314 proprietate
1871 2264 1971 2305 sua
2024 2262 2266 2323 una‘qua

706 2327 958 2383 subsistit
997 2331 1249 2391 Christus
1284 2352 1445 2400 unus,
1481 2339 1532 2392 in
1569 2354 1676 2407 quo
1715 2351 1843 2394 sunt
1892 2348 2013 2397 dua:
2034 2355 2264 2412 naturae,

708 2419 916 2475 scilicet
948 2437 1162 2491 creans,
1202 2444 1320 2496 qua:
1348 2438 1531 2485 manet
1560 2447 1753 2489 creans
1781 2452 1797 2500 ;
1829 2444 1883 2491 et
1912 2446 2114 2499 creata,
2146 2455 2268 2508 quae

708 2522 886 2566 manet
916 2524 1095 2570 creata
1124 2535 1138 2581 ;
1169 2527 1222 2572 et
1262 2536 1383 2589 qua:
1412 2526 1657 2578 mortalis
1686 2526 1806 2592 fuit,
1843 2530 2112 2587 mortalis:
2147 2547 2268 2600 quae

707 2607 1052 2673 immortalis,
1086 2613 1409 2670 immortalis
1438 2633 1453 2682 ;
1482 2628 1533 2671 ct
1559 2635 1679 2686 qua:
1711 2623 2024 2685 terminata,
2078 2626 2266 2678 termi-

702 2698 785 2748 nis
814 2697 1227 2771 circumscripta
1255 2720 1269 2767 ;
1302 2712 1355 2759 et
1380 2722 1500 2774 quae
1556 2711 1770 2763 termini
1812 2727 1919 2764 non
1954 2728 2145 2781 capax,
2184 2716 2266 2768 in-

704 2789 990 2843 terminata
1020 2808 1035 2856 ;
1069 2801 1122 2846 et
1170 2809 1290 2862 quae
1323 2797 1497 2869 videri
1555 2807 1751 2866 potest,
1820 2802 2051 2858 visibilis
2086 2822 2099 2868 ;
2145 2820 2265 2871 qum

702 2878 871 2933 videri
896 2896 1003 2935 non
1043 2894 1242 2951 potest,
1285 2886 1598 2952 invisibilis,
1629 2908 1860 2958 quaruzn
1896 2896 2066 2949 altera
2097 2898 2264 2951 mira-

703 2974 839 3027 culis
872 2974 1059 3045 fulget,
1096 2978 1261 3032 altera
1302 2980 1624 3035 aﬂlictiones
1655 2986 1875 3051 perfert.
1904 2988 1976 3040 lta
2007 2993 2254 3058 suscepit

707 3063 940 3120 Verbum
958 3068 1047 3122 Dei
1082 3071 1656 3142 passiones,quoniam
1692 3077 1790 3145 ipsi
1820 3088 1946 3133 sunt
1980 3082 2263 3149 passiones

698 3158 882 3211 carnis
908 3175 1021 3213 suae
1044 3172 1272 3226 sanctae,
1306 3173 1360 3217 et
1380 3165 1783 3221 adminisnavit
1813 3185 1941 3225 caro
1975 3174 2261 3241 miracula,

697 3247 761 3301 ad
778 3253 1201 3306 conﬁrmandam
1223 3255 1530 3311 mistionem
1553 3260 1603 3311 in
1625 3260 1864 3330 73-75
1885 3278 2116 3328 persona
2133 3282 2262 3330 una,

698 3347 864 3407 atque
895 3356 1018 3397 esse
1037 3344 1500 3409 ipsumChristum
1523 3364 1711 3411 unum.
1739 3353 1831 3420 qui
1860 3354 1975 3406 edit
1997 3355 2261 3412 miracula

697 3430 997 3489 divinitatis
1024 3448 1135 3488 sure
1169 3451 1273 3488 una
1301 3451 1421 3490 cum
1453 3438 1786 3495 humanitate
1818 3458 1951 3508 sua;
1983 3455 2038 3498 et
2063 3445 2262 3514 perfert

698 3523 977 3590 passiones
1013 3525 1386 3591 humanitatis,
1417 3544 1519 3583 una
1557 3545 1678 3584 cum
1709 3532 2013 3589 divinitate.

767 3614 918 3677 Quod
945 3616 988 3668 si
1024 3618 1221 3671 dixerit
1254 3619 1556 3689 quispiam:
1590 3621 1874 3687 Quomodo
1904 3624 2128 3694 (factum
2154 3630 2262 3698 est)

700 3718 754 3759 ut
787 3722 893 3759 non
914 3708 1109 3762 dixerit
1130 3710 1383 3766 Christus
1427 3712 1479 3766 in
1517 3713 1810 3783 Evangelio
1834 3732 1894 3770 se
1924 3717 2089 3773 Deum
2118 3736 2258 3784 esse,

699 3814 805 3866 quo
830 3801 899 3853 ita
930 3815 1093 3854 omne
1124 3802 1190 3855 de
1222 3818 1285 3856 eo
1310 3803 1533 3857 dubium
1565 3806 1893 3862 tolleretur?
1939 3810 2259 3879 Respondeo

697 3890 996 3954 Christum,
1044 3891 1087 3943 si
1134 3892 1358 3946 dixisset
1398 3908 1456 3948 se
1507 3894 1673 3949 Deum
1715 3912 1857 3962 esse,
1910 3898 2260 3957 inducturum

699 3979 867 4034 fuisse
884 3996 976 4035 eos
998 3982 1088 4049 qui
1106 3982 1155 4034 in
1184 3982 1358 4051 ipsum
1379 3984 1627 4049 credunt,
1655 3987 1707 4040 in
1725 4002 1964 4043 errorem
1988 4006 2263 4061 magnum.

699 4071 801 4134 Qui
857 4072 1001 4123 enim
1043 4071 1240 4126 dixerit
1283 4087 1343 4128 se
1389 4075 1554 4129 Deum
1606 4093 1748 4143 esse,
1797 4082 2041 4136 nominat
2096 4092 2260 4138 totam

700 4162 1058 4216 substantiam
1094 4163 1354 4227 divinam,
1385 4174 1437 4219 et
1468 4176 1713 4222 naturam
1747 4186 1934 4233 unam,
1967 4183 2132 4240 atque
2160 4176 2263 4229 hoc

698 4252 846 4305 dicto
902 4267 1004 4307 suo
1059 4258 1168 4307 tres
1230 4270 1491 4322 personas
1531 4260 1962 4327 comprehendit,
2015 4262 2259 4331 Patrem,

700 4344 915 4407 Filium,
948 4352 1000 4398 et
1036 4344 1295 4414 Spiritum
1319 4359 1588 4415 sanctum,
1616 4351 1782 4407 Deum
1819 4372 2006 4412 unum.
2045 4360 2101 4415 Si
2133 4378 2264 4434 ergo

699 4437 927 4492 dixisset
954 4439 1230 4501 Christus,
1260 4455 1319 4494 se
1348 4440 1512 4494 Deum
1550 4458 1691 4507 esse,
1732 4446 1836 4499 sibi
1870 4450 2170 4517 tribuisset,
2202 4472 2261 4510 se

2391 622 2508 661 rum
2540 608 2678 663 dixit
2703 608 2861 681 [ipse]
2894 610 3177 664 veritatem
3207 625 3313 680 qua
3341 608 3641 680 intelligant
3679 611 3953 675 ilOlIlint'S,

2387 708 2440 756 et
2483 715 2544 755 se
2590 716 2711 757 esse
2750 702 2944 756 Filium
2998 702 3114 767 Dei,
3160 711 3215 758 et
3258 708 3495 773 genitum
3538 718 3568 756 a
3613 701 3776 758 Patre
3829 718 3954 757 ante

2386 795 2567 847 omnia
2604 794 2822 857 saecula,
2860 795 3187 864 proprietate
3220 795 3495 849 filiationis
3537 803 3591 847 et
3623 795 3954 849 substantia:
3976 828 3990 846 .

2383 882 2684 937 divinitatis
2712 884 2833 938 sine
2867 898 3031 943 carne
3055 893 3105 938 et
3124 883 3240 937 sine
3270 891 3461 946 matre,
3496 896 3597 935 nec
3622 897 3728 935 non
3756 892 3947 934 natum

2383 974 2546 1029 etiam
2584 975 2788 1028 ultimis
2820 974 3154 1043 temporibus
3189 988 3253 1027 ex
3284 973 3452 1027 Maria
3488 972 3709 1040 Virgine
3739 972 3844 1027 isto
3862 988 3951 1026 rc-

2384 1075 2574 1133 speetu
2607 1066 2891 1134 peculiari.
2917 1065 3199 1119 filiationis
3230 1065 3438 1118 scilicet
3472 1074 3525 1118 et
3552 1065 3762 1117 dnahus
3810 1065 3949 1118 sub-

2380 1158 2597 1211 stantiis
2625 1156 2981 1226 conjunctitn,
3014 1156 3316 1212 substantia
3365 1156 3667 1209 divinitatis
3697 1163 3943 1217 aeternae,

2378 1259 2433 1303 et
2458 1248 2763 1304 substantia
2788 1248 3140 1302 humanitatis
3161 1247 3337 1301 eidem
3362 1247 3658 1314 conjuncta
3685 1246 3947 1301 mistionc

2379 1351 2500 1405 qua:
2533 1346 2817 1404 utramque
2847 1337 3211 1391 substantiam
3256 1337 3690 1405 comprehendit,
3732 1337 3947 1390 unitate

2376 1430 2728 1498 proprietatis
2763 1428 3061 1493 (iliationis,
3089 1443 3209 1497 quae
3244 1428 3516 1496 duplicem
3559 1428 3720 1481 habet
3744 1430 3948 1480 nativi-

2375 1529 2560 1583 tatem,
2610 1521 2837 1574 alteram
2873 1535 2938 1574 cx
2987 1519 3167 1584 Patre,
3228 1528 3514 1581 aeternam,
3576 1519 3695 1572 sine
3753 1533 3947 1581 carne,

2374 1622 2427 1668 et
2475 1614 2701 1669 alteram
2730 1629 2795 1669 ex
2840 1623 3036 1674 matre,
3097 1613 3150 1665 in
3208 1622 3480 1679 tempore,
3562 1626 3685 1663 cum
3759 1626 3945 1665 carne.

2375 1702 2575 1772 Estque
2611 1705 2725 1772 ipse
2749 1704 2891 1756 filius
2922 1717 3084 1766 unus,
3112 1701 3283 1755 Filius
3306 1702 3419 1764 Dei,
3472 1712 3523 1756 et
3550 1701 3722 1756 Filius
3750 1701 3953 1763 Marim.

2375 1795 2604 1864 ideoque
2634 1810 2742 1849 non
2777 1796 2987 1849 destitit
3008 1795 3189 1850 dicere
3210 1809 3273 1848 ac
3307 1794 3482 1863 palam
3520 1793 3699 1847 facere
3729 1809 3788 1848 se
3818 1811 3943 1847 esse

2373 1885 2566 1939 Filium
2596 1883 2714 1949 Dei,
2738 1886 2881 1953 quod
2912 1893 2965 1939 et
2986 1885 3246 1954 apostolis
3273 1885 3592 1953 caeterisque
3628 1884 3942 1938 hominibus

2373 1979 2684 2042 inculcavit,
2715 1994 2820 2034 tton
2858 1993 2968 2032 uno
2999 1979 3051 2031 in
3088 1978 3229 2043 loco,
3257 1976 3488 2030 dicens:
3523 1973 3652 2029 Ideo
3689 1975 3825 2029 Dens
3860 1977 3946 2028 di-

2373 2074 2499 2126 lexit
2532 2071 2801 2136 mundum,
2828 2087 2945 2123 cum
2996 2070 3194 2123 dederit
3243 2085 3335 2137 pro
3367 2069 3493 2136 ipsis
3550 2066 3749 2119 Filium
3788 2084 3945 2119 suum

2371 2165 2604 2226 unicum,
2644 2179 2706 2215 ne
2743 2170 2918 2230 pereat
2942 2162 3176 2231 quisquis
3204 2162 3258 2214 in
3279 2176 3395 2213 eum
3421 2159 3722 2222 crediderit,
3760 2175 3941 2211 verum

2369 2256 2556 2309 habent
2580 2266 3034 2309 vuumwlernam.
3068 2253 3189 2306 Non
3226 2254 3364 2306 enim
3399 2253 3543 2304 misit
3570 2251 3706 2304 Deus
3735 2250 3944 2303 Fiiiunt

2370 2365 2522 2402 suum
2559 2348 2609 2400 in
2651 2347 2904 2400 mundum
2942 2354 2999 2398 ut
3041 2345 3411 2397 condemnaret
3451 2344 3726 2397 mundum.
3765 2344 3855 2393 sed
3882 2354 3941 2394 ut

2370 2441 2593 2494 salvaret
2635 2440 2886 2491 mundum
2931 2437 3239 2505 Quicunque
3284 2452 3405 2504 ergo
3440 2434 3604 2487 credit
3649 2436 3701 2487 in
3730 2433 3939 2485 Filium

2370 2548 2471 2585 non
2494 2531 2891 2584 condemnatur.
2936 2530 3005 2581 At
3047 2529 3340 2597 quicunque
3377 2542 3478 2579 non
3524 2526 3809 2579 crediderit
3882 2526 3939 2574 in

2370 2621 2569 2674 Filium
2599 2620 2802 2689 judicio
2826 2620 3079 2673 obnoxius
3110 2629 3207 2682 est,
3234 2619 3360 2687 quia
3397 2635 3500 2673 nou
3544 2619 3711 2671 credit
3752 2618 3804 2671 in
3842 2636 3942 2671 no-

2368 2730 2484 2767 men
2525 2713 2616 2766 Dei
2657 2714 2832 2766 unius.

2440 2805 2686 2859 Sttmciat
2728 2814 2907 2859 autem
2943 2802 3088 2872 quod
3122 2801 3361 2856 diximus
3409 2800 3664 2870 quodque
3692 2802 3941 2871 explica-

2368 2897 2545 2950 vimus
2583 2897 2648 2949 dc
2679 2896 2883 2949 unione
2915 2894 3215 2948 divinitatis
3260 2894 3472 2947 Domini
3509 2894 3684 2948 nostri
3731 2892 3940 2947 Christi

2368 2998 2487 3037 cum
2508 2982 2751 3053 77-79
2767 2983 3101 3037 humanitate
3119 2998 3238 3048 sua,
3252 2984 3423 3052 deque
3440 2984 3645 3037 unitate
3663 2982 3943 3037 [iliationis

2368 3074 2535 3143 ipsius
2580 3075 2803 3143 ejusque
2835 3090 2942 3143 quo
2988 3074 3248 3127 Dominus
3299 3081 3384 3127 est
3430 3081 3733 3141 reSpectus,
3772 3084 3940 3142 atquc

2289 3162 2333 3222 ϐ
2365 3178 2642 3221 ostensum
2686 3172 2771 3219 est
2817 3163 2991 3219 cuivis
3036 3164 3308 3218 intellectu
3353 3173 3406 3218 et
3454 3164 3665 3232 judicio
3709 3166 3943 3232 praedito

2367 3256 2641 3309 Christum
2675 3271 2840 3307 unum
2876 3269 2998 3308 esse
3025 3255 3229 3307 unitate
3257 3254 3621 3309 subsistentia:
3654 3256 3815 3310 unius
3852 3257 3938 3309 via

2366 3346 2557 3398 dclicet
2580 3345 2944 3399 subsistentize
2978 3342 3135 3395 Verbi
3168 3344 3378 3408 aeterni,
3418 3343 3629 3397 duabus
3651 3346 3937 3413 prteditum

2366 3436 2596 3499 naturis,
2638 3435 2841 3497 divina,
2872 3449 2992 3502 qum
3013 3443 3216 3487 azterna
3244 3441 3348 3494 est,
3376 3442 3427 3485 et
3470 3434 3727 3498 humana,
3766 3451 3937 3502 quam

2365 3526 2468 3581 sibi
2500 3526 2724 3589 creavit,
2766 3539 2831 3578 ac
2880 3523 3167 3578 manifesta
3214 3524 3355 3577 facta
3391 3524 3706 3579 absurditas
3741 3541 3937 3579 eorum

2365 3632 2483 3686 qnze
2519 3616 2839 3684 proﬁtentur
2875 3624 2982 3668 tam
3009 3615 3317 3669 Nestoriani
3355 3632 3515 3684 quam
3538 3615 3824 3670 Jacobitze.
3858 3621 3937 3671 Ae.

2366 3712 2469 3767 nisi
2523 3712 2626 3766 hoc
2671 3710 2855 3766 sedulo
2891 3712 3189 3765 vitarcmus
3232 3726 3297 3763 ne
3339 3726 3496 3777 :equo
3536 3713 3747 3781 longior
3789 3723 3943 3768 esset

2364 3803 2501 3858 liber
2543 3809 2747 3866 uoster,
2782 3816 2917 3855 neve
2959 3802 3027 3855 ab
3067 3801 3315 3853 institqu
3348 3802 3507 3856 nobis
3542 3805 3819 3871 proposito
3852 3807 3937 3857 di-

2367 3894 2713 3964 grcdercmur
2732 3894 2881 3962 plura
2922 3895 2984 3946 ad
3022 3893 3160 3948 hanc
3191 3896 3516 3948 sententiam
3550 3894 3933 3964 explicandam

2366 3997 2530 4055 atque
2552 3985 2928 4043 elucidandam
2970 3986 3315 4042 adderemus.
3349 3986 3453 4052 Qui
3491 3997 3670 4041 autem
3697 4002 3814 4041 eam
3847 3989 3934 4041 di-

2366 4080 2563 4133 stincte
2592 4078 2912 4147 explicatam
2955 4078 3095 4133 scire
3136 4079 3410 4132 desiderat
3436 4081 3684 4133 consulat
3731 4080 3932 4133 librum

2368 4185 2543 4224 meum
2574 4170 2665 4238 qui
2695 4168 2852 4222 Liber
2896 4170 3269 4238 disputationis
3297 4173 3429 4223 inter
3468 4171 3838 4224 Iteterodoxum
3885 4184 3935 4223 et

2367 4260 2745 4325 Christianum,
2774 4261 3083 4328 insignitur.
3126 4260 3199 4312 Eo
3223 4262 3364 4313 enim
3404 4262 3566 4325 libro,
3603 4264 3933 4316 sententiam

2366 4351 2753 4412 Christianam,
2805 4349 2855 4402 id
2900 4358 2983 4404 est
3037 4348 3436 4411 Melchitarum,
3492 4350 3834 4412 conﬁrmavi,
3885 4361 3941 4404 et

2367 4442 2714 4496 heterodoxis
2738 4440 3015 4511 respondi.

700 4543 821 4582 esse
868 4528 1104 4607 Patrem,
1140 4528 1362 4594 Filium,
1412 4541 1465 4584 et
1501 4531 1761 4600 Spiritum
1803 4548 2074 4607 sanctum,
2125 4493 2260 4599 sibi-

2435 4532 2553 4586 Jam
2602 4547 2732 4587 vero
2760 4493 2932 4585 utrad
2976 4530 3283 4585 institutum
3337 4537 3608 4591 nostrum,
3643 4540 3697 4584 et
3743 4531 3798 4583 in
3830 4547 3937 4599 qua

699 4636 804 4687 que
838 4604 946 4674 trcs
974 4635 1099 4674 esse
1120 4636 1403 4691 personas,
1445 4638 1508 4676 ac
1554 4638 1633 4686 se,
1662 4633 1714 4679 et
1752 4625 1966 4683 Patrem
2015 4645 2157 4698 esse,
2211 4644 2265 4689 et

700 4713 937 4779 genitum
964 4728 991 4765 a
1026 4712 1183 4767 Patre
1206 4722 1329 4766 ante
1349 4714 1567 4777 smcula,
1588 4732 1687 4771 nec
1709 4733 1815 4771 non
1842 4714 2220 4788 procedeittem
2246 4743 2263 4782 :

701 4805 803 4857 hoc
827 4812 1005 4857 autem
1033 4806 1392 4871 periculosum
1425 4816 1529 4872 est,
1550 4815 1602 4861 et
1625 4809 1765 4876 quod
1796 4811 1911 4864 fieri
1937 4828 2042 4867 non
2066 4824 2261 4884 potest.

700 4896 908 4949 scilicet
942 4901 1002 4949 ut
1027 4894 1276 4949 in-Deum
1302 4895 1481 4965 (cujus
1506 4913 1702 4953 nomen
1722 4900 2077 4973 glorificetur)
2105 4908 2264 4961 cadat

703 4986 948 5048 ntntatio,
977 4984 1281 5054 ﬁatqucqui
1312 4988 1513 5055 genuit,
1540 4988 1789 5055 genitus;
1825 4999 1876 5044 ct
1903 4995 1995 5060 qui
2026 4997 2262 5063 genitus,

698 5078 921 5143 gignens
946 5094 960 5143 ;
989 5084 1043 5131 ct.
1076 5068 1176 5150 qui
1224 5080 1487 5146 procedit,
1521 5078 1680 5134 Pater
1703 5068 1754 5134 et
1782 5080 1971 5138 Filius.
2023 5086 2176 5150 Quod
2218 5089 2264 5152 si

698 5168 996 5224 dixerimus
1052 5158 1218 5224 fuisse
1276 5166 1634 5226 Substantiam
1680 5182 1867 5228 totam-
1900 5178 1953 5231 in
2012 5193 2262 5247 corpore,

698 5259 1007 5330 [sequetur]
1054 5261 1313 5337 Patrem-,2
1354 5263 1548 5317 Filium
1590 5275 1643 5318 et
1706 5262 1964 5335 Spiritum
2014 5280 2261 5327 sanctum

705 5348 1185 5435 nnaincarnatos,
1223 5342 1517 5435 natumque
1548 5370 1669 5411 esse
1695 5357 1908 5413 Patrem
1947 5360 1997 5413 in
2032 5338 2259 5433 corpore

710 5431 789 5511 ex
814 5439 1011 5504 Maria,
1057 5431 1281 5518 necnon".
1323 5443 1472 5501 illum
1505 5447 1597 5515 qtti
1650 5448 1913 5516 procedit,
1969 5431 2143 5518 atque
2185 5453 2258 5512 ita

605 5605 611 5612 ἠ
702 5532 913 5584 l’alrem
944 5513 1273 5587 translatum'
1303 5535 1469 5591 fuisse
1512 5553 1541 5591 a
1583 5540 1903 5607 paternitate
1937 5544 2000 5593 ad
2046 5528 2260 5596 ﬁliatio-

702 5636 822 5676 nem
856 5640 977 5692 qua:
1003 5633 1084 5678 est
1110 5626 1396 5682 conversio
1418 5637 1472 5682 et
1503 5632 1747 5697 mutatio,
1778 5633 2118 5704 blasphemat
2162 5653 2258 5689 au-

783 5803 970 5858 ‘Jz‘ian.
1006 5822 1085 5872 ιιι,
1128 5808 1184 5862 lii
1215 5827 1335 5874 sqq.

2363 4625 2737 4694 prosequenda
2782 4623 3006 4687 fuimus,
3053 4621 3335 4676 historiam
3367 4632 3704 4675 revertamur
3727 4621 3937 4677 Yazde.

2359 4716 2479 4785 jerd
2502 4695 2947 4778 Bahramifdius,
2977 4711 3042 4765 Al
3090 4710 3270 4764 Athim
3306 4709 3617 4782 [scelestus]
3652 4713 3939 4779 cognomi-

2364 4817 2549 4872 natus,
2587 4807 2871 4876 Persarum
2901 4818 3020 4866 rex,
3067 4802 3274 4869 rigidus
3321 4808 3485 4868 atque
3506 4807 3770 4863 austeras
3811 4799 3938 4867 fuit.

2365 4900 2518 4954 mala:
2553 4895 3008 4957 conversationis,
3051 4893 3186 4947 adeo
3223 4901 3278 4945 ut
3322 4907 3464 4961 aegre
3511 4881 3662 4960 ipsos
3714 4892 3941 4947 haberet

2363 4989 2505 5059 quod
2540 4983 2967 5056 ipsumipsi'sibi
2997 4981 3386 5051 praefecissem,
3423 4981 3719 5034 timuerunt
3754 4993 3935 5037 tamen

2365 5082 2540 5146 ipsum
2574 5076 2844 5138 occidere,
2874 5076 3123 5127 nolentes
3147 5073 3278 5126 illud
3314 5072 3379 5125 tle
3416 5072 3655 5140 ipsorqu
3693 5072 3933 5141 Regibus

2361 5173 2418 5227 in
2442 5185 2644 5225 morem
2676 5168 2887 5220 cedere.
2911 5165 3176 5218 Asscrunt
3198 5172 3374 5217 autem
3397 5166 3566 5216 visum
3590 5178 3710 5217 esse
3734 5158 3939 5231 eq'uum

2362 5264 2452 5332 qui
2486 5276 2657 5329 usque
2684 5259 2811 5313 dum
2846 5257 2909 5311 ad
2952 5265 3159 5326 portam
3195 5255 3336 5323 regis
3364 5261 3554 5317 staret,
3591 5256 3937 5322 procederet,

2364 5372 2527 5429 quem
2559 5352 3033 5434 circumdederunt
3072 5350 3320 5405 homines
3356 5348 3545 5403 forma:
3595 5349 3707 5419 80
3762 5350 3939 5419 ipsius

2368 5447 2829 5521 pulchritudinem
2853 5460 2916 5499 ac
2942 5451 3234 5498 structura:
3281 5441 3664 5511 perfectionem
3694 5441 3891 5495 mirati.
3921 5460 3935 5495 τ

2370 5557 2599 5611 cumque
2630 5541 2937 5595 nttttlialttttt
2970 5536 3035 5590 de
3065 5550 3128 5590 eo
3155 5534 3264 5603 regi
3295 5545 3441 5589 esset
3469 5534 3737 5603 prodiissc
3760 5532 3940 5603 ipsum

2371 5639 2434 5692 ad
2468 5652 2588 5691 eum
2625 5630 3071 5701 conspiciendum
3128 5641 3429 5698 magnaque
3470 5629 3539 5684 ob
3584 5641 3707 5683 cum
3752 5627 3940 5683 laetitia
