4200 6432
196 401 335 467 1049

196 614 504 675 scenderet,
562 615 786 683 propius
818 613 1165 669 accedentem
1199 615 1393 671 faciem
1431 617 1531 685 ipsi
1562 616 1771 670 demul-

197 707 339 759 sisse
370 712 423 758 et
459 706 662 759 eirrnm
690 720 753 759 ac
782 706 967 775 jubam
1002 716 1393 772 contrectasse,
1419 707 1542 761 dein
1577 716 1630 761 et
1654 709 1771 761 clu-

199 814 296 853 nes
333 798 436 867 ipsi
493 798 777 868 detergere
822 799 1096 864 voluisse;
1148 808 1201 852 at
1240 815 1363 853 cum
1419 814 1560 867 pone
1599 799 1771 867 ipsum

201 900 347 945 recta
387 898 559 946 staret
583 892 749 944 ictum
787 890 887 956 ipsi
917 892 1159 945 calcibus
1202 891 1489 959 impegisse
1528 888 1774 961 [equum]

202 998 313 1053 quo
344 984 502 1053 jecur
531 985 649 1055 ejus
679 984 866 1035 Ιιιξὸιιηι
898 993 976 1037 est
1010 982 1147 1036 adeo
1184 992 1242 1035 ut
1277 993 1597 1036 moreretur.
1635 981 1771 1034 Tum

210 1078 488 1130 cencitato
508 1091 673 1129 cursu
708 1075 912 1145 fugisse
956 1074 1091 1129 adeo
1123 1084 1182 1128 ut
1209 1090 1369 1128 nemo
1396 1078 1572 1143 ipsum
1624 1089 1777 1127 asse-

204 1172 296 1237 qui
329 1179 533 1239 posset.
566 1169 779 1223 Dixisse
820 1183 949 1237 ergo
986 1170 1233 1221 homines
1262 1169 1363 1220 hoc
1399 1184 1428 1221 e
1466 1168 1559 1222 Dei
1611 1166 1777 1221 bene-

205 1264 419 1317 ficentia
444 1273 493 1315 et
526 1262 901 1316 misericordia
935 1261 988 1314 in
1025 1276 1125 1315 nos
1155 1260 1276 1313 fuit.
1300 1259 1562 1328 Regnavit
1592 1270 1771 1313 autem

204 1353 504 1421 Yazdejerd
540 1355 600 1406 Al
638 1352 819 1405 Athim
866 1367 1043 1407 annos
1090 1351 1282 1421 viginti
1339 1366 1531 1415 unum,
1570 1364 1781 1405 menses

204 1448 445 1515 quinque
472 1455 525 1499 et
552 1446 667 1497 dies
696 1443 1022 1497 octodecim.

278 1539 498 1589 Mortuo
530 1533 869 1603 Yazdejerdo
902 1534 1289 1589 convenientes
1336 1534 1623 1589 Persarum
1664 1550 1782 1589 ma-

206 1638 418 1696 gnates.
446 1627 743 1679 dixerunt:
802 1624 877 1677 Ne
928 1625 1286 1693 prmﬁciamus
1343 1624 1498 1679 nobis
1535 1640 1564 1679 e
1596 1640 1785 1694 proge-

208 1722 294 1772 nie
331 1718 501 1786 ipsius
532 1717 789 1784 aliquem,
824 1732 887 1769 ne
912 1715 1096 1769 eadem
1123 1716 1264 1785 apud
1301 1732 1397 1770 nos
1425 1717 1509 1771 via
1542 1718 1778 1771 incedat.

208 1809 329 1862 l-‘uit
356 1820 537 1861 autent
570 1806 905 1876 Yazdejeido
955 1808 1096 1861 ﬁlius
1125 1809 1341 1863 nomine
1359 1807 1783 1879 Bahram,quent

210 1902 259 1953 in
295 1901 504 1952 nullum
562 1914 744 1951 secum
777 1898 1050 1966 negotium
1095 1899 1435 1953 admiserunt
1472 1917 1486 1954 :
1522 1901 1610 1954 ille
1660 1915 1787 1969 ergo

208 2008 397 2044 eorum
425 1991 774 2059 quibusdam,
808 1989 927 2044 Non
959 1994 1107 2045 decet
1136 1992 1351 2062 (inquit)
1385 2000 1438 2045 ut
1460 2008 1787 2062 quemquam

209 2084 364 2136 vobis
397 2098 575 2151 regem
606 2083 935 2151 practiciatis,
970 2084 1072 2137 nisi
1121 2084 1207 2135 cui
1242 2084 1404 2138 insint
1438 2093 1639 2153 septem
1672 2086 1789 2139 ista:

210 2177 596 2245 proprietates,
639 2174 894 2227 videlicet
944 2176 1087 2242 quod
1139 2185 1366 2229 caeteros
1396 2177 1702 2238 antecellat,
1736 2175 1788 2226 iu

211 2266 378 2320 rebus
426 2263 878 2318 administrandis
920 2266 1261 2333 praestantia,
1298 2266 1544 2330 consilio,
1581 2264 1791 2318 veraci-

213 2368 318 2411 tate
346 2357 568 2424 lingu-.e,
615 2355 953 2420 fertitudine,
1008 2358 1340 2426 el0qnentia,
1382 2358 1601 2411 lenitate
1652 2357 1792 2409 inter

210 2450 914 2517 regendum,‘insidiarum
974 2451 1041 2503 ab
1092 2450 1341 2505 hostibus
1404 2457 1789 2505 struendarnm

210 2542 427 2610 peritia.
470 2541 724 2594 Dixerunt
751 2558 877 2609 ergo
908 2543 1033 2610 ipsi,
1060 2543 1127 2594 At
1179 2544 1267 2595 ubi
1300 2544 1372 2595 ita
1413 2550 1789 2611 comparatum

214 2633 589 2701 reperiemus?
626 2632 742 2696 He,
786 2632 970 2686 Fidem
997 2634 1219 2703 (inquit)
1256 2635 1385 2687 mihi
1417 2634 1578 2687 facite
1610 2649 1705 2686 vos
1742 2634 1787 2687 si

216 2729 376 2777 talem
456 2724 605 2778 rubis
672 2725 983 2778 indicavero
1064 2726 1314 2796 81-83
1393 2727 1567 2795 ipsum
1614 2742 1790 2795 regem

212 2816 631 2871 tulhliltlltll‘OS.
675 2814 786 2870 lloc
830 2830 959 2885 ergo
995 2833 1115 2870 eum
1153 2823 1271 2887 ipso
1304 2818 1445 2887 pacti
1487 2828 1636 2881 sunt,
1680 2829 1790 2871 tum

216 2906 303 2957 ille
337 2908 450 2973 rubi
489 2908 621 2974 ipsis
676 2906 990 2975 confideret)
1022 2905 1133 2977 Ego
1170 2908 1391 2977 (inquit)
1438 2910 1481 2963 is
1513 2924 1655 2962 sum.
1689 2908 1792 2963 Re-

214 3011 334 3061 gem
372 3010 504 3061 ergo
555 2996 733 3063 ipsum
787 2996 1215 3051 constituerunt.
1264 2995 1641 3067 Regnavitque
1693 2998 1796 3050 Ba-

215 3089 371 3139 Itt‘azn
406 3086 725 3154 Yazdejerdi
758 3087 900 3149 ﬁlius
926 3088 1041 3157 (qui
1075 3099 1128 3143 et
1156 3088 1389 3142 Bahram
1416 3090 1541 3158 jaur
1592 3104 1796 3158 cogno-

217 3183 456 3234 minatus
486 3182 589 3250 est)
626 3181 677 3233 in
716 3179 935 3245 Persas,
964 3198 1138 3238 annos
1163 3185 1468 3237 octodecim
1500 3200 1623 3237 cum
1656 3199 1798 3237 men-

216 3275 370 3326 sibus
419 3271 692 3336 undecim,
728 3273 888 3341 idque
934 3288 1076 3327 anno
1107 3274 1314 3343 imperii
1356 3273 1651 3328 Theodosii
1697 3272 1796 3325 Ju-

217 3367 388 3419 nioris
419 3366 560 3433 regis
593 3367 934 3418 ltomtcorum
966 3364 1311 3419 duodecimo.
1344 3364 1629 3435 Imperavit
1657 3379 1787 3433 ergo

219 3452 403 3506 l’ersis
440 3470 501 3505 ac
534 3470 589 3507 se
610 3456 813 3521 optime
849 3456 991 3508 inter
1020 3470 1113 3509 eos
1144 3455 1333 3521 gessit,
1364 3457 1499 3508 adeo
1528 3465 1582 3507 ut
1619 3456 1793 3522 ipsum

218 3554 486 3608 amarent,
512 3546 636 3599 drin
672 3547 815 3599 haud
840 3547 1048 3600 desritit
1082 3562 1141 3601 se
1179 3550 1343 3601 rebus
1366 3547 1699 3617 juvenilibus
1734 3561 1795 3599 ac

218 3639 230 3689 l
258 3638 362 3689 isui
405 3639 703 3706 indulgere,
733 3640 867 3691 adeo
898 3648 955 3691 ut
988 3640 1165 3706 ipsum
1206 3642 1576 3707 vitttperatent
1622 3639 1795 3691 homi-

216 3745 336 3790 nes,
372 3742 436 3779 ac
474 3744 696 3795 regnum
741 3729 910 3797 ipsius
956 3730 1113 3783 facile
1143 3730 1433 3797 diripiendi
1468 3745 1617 3797 spem
1654 3745 1788 3780 con—

217 3821 463 3887 l’ipl‘rﬂllt
492 3835 645 3886 reges
668 3820 852 3872 vicini.
882 3822 1187 3889 Aggressus
1210 3836 1339 3889 ergo
1363 3820 1538 3888 ipsum
1575 3818 1795 3872 Chahan

217 3913 508 3975 Maximus,
534 3912 828 3964 Ture-arum
860 3928 975 3977 rex,
996 3927 1115 3963 enm
1139 3912 1323 3979 viginti
1350 3914 1592 3980 quinque
1615 3924 1795 3964 arma-

218 4016 398 4059 torum
438 4004 776 4074 myriadibus
832 4004 1081 4073 (quilibet
1130 4013 1312 4057 autem
1348 4003 1659 4057 ancarurn
1703 4019 1795 4056 rex

216 4097 440 4152 Chakan
492 4097 835 4164 insignitur),
889 4095 1163 4164 profectus
1204 4105 1286 4148 est
1334 4112 1506 4163 usque
1553 4097 1681 4147 dtttn
1741 4111 1793 4149 In

217 4192 402 4245 Alsaid
456 4198 636 4242 castra
672 4190 877 4257 ﬁgeret.
931 4189 1191 4241 Dixerunt
1224 4204 1352 4257 ergo
1409 4189 1677 4242 Bahramo
1707 4207 1719 4242 :
1754 4188 1796 4241 0

220 4298 336 4343 rex,
387 4282 587 4335 accidit
617 4282 773 4334 nobis
805 4294 891 4333 res
921 4294 1041 4348 qua:
1078 4288 1133 4332 et
1172 4295 1273 4333 nos
1304 4288 1359 4333 et
1400 4289 1451 4333 te
1500 4290 1797 4349 occupatos

220 4391 248 4427 a
285 4374 416 4427 ludo
445 4373 733 4437 distineat;
768 4372 1026 4439 prospice
1056 4386 1185 4439 ergo
1220 4382 1272 4424 et
1307 4371 1403 4425 tibi
1442 4370 1545 4440 ipsi
1571 4379 1623 4424 et
1650 4369 1795 4438 genti

221 4467 370 4527 huic,
400 4465 633 4533 ejusque
680 4479 768 4518 res
809 4479 1010 4516 curans
1046 4472 1100 4518 et
1136 4465 1306 4532 ipsam
1354 4481 1727 4536 propugnans,
1765 4480 1797 4517 a

1641 409 2005 468 ANNALES.

193 522 472 585 arrectum,
506 520 743 588 jussisse
787 520 976 575 sellam
1014 520 1217 591 imponi
1253 537 1362 591 quo
1414 522 1591 592 ipsum
1635 537 1768 576 con—
1803 532 1843 587 Α
1882 532 2000 585 inus

3312 412 3443 472 185‘)

2112 528 2326 583 irruens
2349 526 2668 582 Chakanum
2724 542 2882 580 manu
2935 542 3030 582 sua
3062 526 3280 589 occidit,
3312 536 3365 580 et
3388 526 3443 581 in

1875 617 2173 670 exercitum
2224 618 2394 686 ipsius
2444 626 2680 686 stragem
2724 616 2967 680 immisit,
2996 617 3089 685 qui
3120 630 3248 686 ergo
3298 626 3445 684 terga

1876 706 2165 761 dederunt.
2219 708 2420 761 Deinde
2476 706 2775 762 Bahramus
2826 707 3116 760 incolumis
3169 722 3445 767 reversus.

1878 808 2063 865 captos
2086 800 2179 869 qui
2214 804 2266 854 in
2299 801 2471 869 ipsius
2509 810 2767 867 potestate
2794 809 2951 853 erant
2983 816 3011 851 e
3043 798 3283 853 Chakani
3313 800 3447 853 sub-

1878 893 2006 947 ditis
2034 902 2087 948 et
2123 894 2403 957 militibus,
2441 910 2547 947 una
2578 908 2701 946 cum
2738 894 3002 947 uxoribus
3051 894 3320 961 ipsorum,
3354 892 3450 944 ho-

1881 987 2119 1041 minibus
2154 987 2319 1042 libere
2339 987 2619 1043 distribuit
2642 1005 2657 1054 ;
2679 1002 2910 1055 cumque
2933 988 2985 1039 in
3011 987 3288 1055 regionem
3311 984 3449 1037 an-

1879 1094 2067 1132 earnm
2100 1079 2336 1133 delatum
2365 1089 2510 1134 esset
2542 1082 2792 1135 nuntium
2820 1094 3011 1134 eorum
3038 1094 3158 1148 qua:
3183 1076 3447 1131 Chakano

1882 1172 2225 1241 obtigissent.
2280 1171 2539 1241 fugerunt
2585 1173 2688 1242 ipsi
2734 1174 2800 1227 ad
2831 1182 3108 1227 extremos
3142 1182 3303 1225 terrae
3336 1183 3449 1221 sua:

1882 1264 2102 1319 limites.
2151 1263 2454 1317 Bahramus
2512 1275 2713 1325 autem,
2766 1264 2986 1317 fratrem
3043 1277 3201 1317 suum
3269 1261 3448 1315 Mersa

1881 1354 2220 1417 Chorasauo,
2253 1355 2577 1425 pratliciens,
2627 1356 2733 1424 ipsi
2764 1354 3154 1421 Aderbijanum
3196 1366 3449 1407 reversus

1883 1457 1985 1508 est.
2016 1449 2216 1501 nullum
2240 1448 2461 1502 omnino
2497 1448 2677 1501 locum
2721 1447 3038 1516 relinquens
3090 1448 3143 1499 in
3184 1460 3294 1514 quo
3345 1458 3452 1497 non

1886 1541 2099 1609 aliquod
2122 1540 2430 1595 devotionis
2465 1554 2599 1607 opus
2628 1540 2898 1609 praestitit,
2927 1537 3194 1592 sacriticia
3236 1534 3309 1589 ibi
3349 1534 3453 1585 im-

1886 1630 2093 1683 tnolans
2130 1628 2196 1681 ad
2252 1627 2455 1696 gratias
2501 1627 2607 1680 Deo
2658 1627 2981 1687 reddendas,
3020 1626 3191 1679 donec
3236 1622 3326 1677 ubi
3386 1621 3454 1674 ad

1888 1721 2027 1790 ignis
2059 1719 2225 1773 aedem
2259 1717 2378 1787 qua:
2424 1717 2735 1782 Aderbijani
2776 1716 2955 1771 fuerat
3006 1715 3362 1785 pervenisset.
3388 1729 3455 1765 ex

1888 1826 2029 1879 equo
2069 1810 2406 1865 descendens
2438 1807 2666 1877 pedibus
2696 1808 3006 1872 incesserit,
3057 1806 3229 1859 donec
3284 1804 3456 1871 ipsam

1891 1906 2165 1972 ingressus
2189 1913 2355 1968 esset,
2389 1903 2441 1956 in
2475 1902 2696 1956 honoris
2718 1903 2889 1955 eidem
2915 1898 3191 1955 deferendi
3218 1898 3456 1964 signum,

1889 2008 1941 2051 et
1987 1996 2051 2050 ad
2088 1995 2290 2065 gratias
2341 1995 2450 2049 Deo
2494 1994 2797 2048 testandas.
2846 1992 2983 2045 Tum
3019 1995 3276 2051 uniones.
3327 1989 3460 2058 hya-

1890 2090 2105 2143 cinthos
2124 2097 2177 2141 ct
2197 2101 2436 2156 gemmas
2457 2086 2715 2155 pretiosas
2731 2085 2914 2153 quaein
2930 2081 3169 2137 Chakani
3188 2080 3435 2133 diadema
3449 2106 3462 2118 -

1890 2189 1942 2235 te
1975 2178 2273 2233 fuerantad
2297 2185 2503 2247 portam
2518 2177 2763 2244 ejusdem
2791 2175 3039 2245 85-87
3076 2171 3461 2241 aadisappendi

1887 2276 2069 2345 jussit.
2111 2274 2404 2340 Eidemque
2453 2270 2564 2338 igni
2614 2268 2859 2323 Chakani
2918 2281 3100 2320 ensem
3163 2262 3461 2317 unienibus

1891 2379 2139 2423 ornatum
2168 2365 2409 2419 donavit.
2454 2362 2585 2415 Dein
2620 2360 2853 2413 Erakum
2908 2356 3207 2427 profectus,
3256 2354 3330 2408 ibi
3393 2354 3458 2406 ad

1892 2463 2007 2515 dies
2058 2460 2263 2527 aliquot
2290 2454 2557 2512 substitit.
2603 2452 2731 2507 Inde
2755 2458 2944 2506 contra
2980 2449 3201 2504 Grzeeos
3239 2446 3304 2500 ad
3342 2446 3462 2499 illos

1895 2551 2231 2607 invadendos
2259 2548 2539 2618 profectus
2567 2557 2670 2599 est.

1966 2641 2121 2709 Quod
2162 2640 2249 2694 ubi
2282 2638 2584 2692 audivisset
2613 2633 2960 2689 Theodosius
2991 2630 3305 2685 Grmeornm
3358 2627 3463 2679 im-

1896 2743 2136 2804 perator,
2174 2732 2349 2785 virum
2387 2729 2679 2799 quennlam
2724 2728 2942 2781 nomine
2986 2722 3283 2777 Estratiutn
3322 2719 3468 2773 misit

1896 2829 1963 2881 ad
2001 2840 2228 2895 regnum
2261 2823 2518 2876 Bahrami
2557 2818 2927 2880 lustrandum,
2955 2817 3047 2886 qui
3078 2826 3330 2869 reversus
3364 2810 3465 2879 ipsi

1898 2919 2193 2980 nuntiavit,
2232 2916 2365 2970 illud
2402 2927 2593 2984 parum
2628 2911 2895 2965 munitum
2928 2923 3067 2962 esse.
3108 2905 3225 2971 Quo
3249 2902 3456 2961 audito.

1908 3016 1997 3069 ille
2038 3012 2307 3066 Bahramo
2338 3020 2632 3063 occurrere
2677 3002 2959 3072 expetivit.
3009 3000 3299 3053 lnstructis
3335 3011 3468 3063 ergo

1906 3101 2806 3177 copiis,cnmcontraipsumcum
2867 3093 3109 3148 exercitu
3166 3104 3265 3145 suo
3340 3102 3470 3156 pra-

1825 3207 1868 3263 c
1906 3200 2083 3254 fectus
2118 3201 2285 3257 esset,
2319 3191 2608 3247 conﬂictus
2639 3191 2783 3243 inter
2816 3187 2965 3256 ipsos
3003 3184 3294 3237 vehemens
3342 3180 3463 3241 fuit,

1904 3286 2137 3351 caesique
2170 3289 2391 3335 suntex
2421 3289 2657 3345 utroque
2689 3276 2933 3329 exercitu
2972 3274 3309 3339 complures,
3334 3270 3469 3321 adeo

1904 3385 1963 3427 ut
2000 3375 2217 3441 utrique
2253 3388 2312 3425 se
2343 3371 2395 3423 in
2433 3369 2615 3438 fugam
2656 3366 2875 3427 darent,
2911 3379 3132 3419 reverso
3157 3360 3467 3415 Theodosio

1903 3482 2028 3535 rege
2061 3461 2622 3526 CoastantinOpolim.
2671 3459 2973 3511 Bahramus
3015 3470 3143 3509 vero
3188 3451 3466 3522 profectus

1904 3557 2108 3610 Indiam
2137 3554 2307 3624 petiit,
2330 3551 2674 3606 dissimulato
2702 3549 2914 3609 habitu,
2943 3548 3123 3616 ibique
3154 3545 3220 3598 ad
3250 3553 3467 3610 tempus

1906 3650 2106 3703 mansit
2142 3648 2277 3711 ipsis
2314 3646 2649 3712 incognitus.
2682 3642 2867 3695 itobur
2904 3649 3086 3694 autem
3115 3648 3169 3693 et
3194 3638 3461 3705 insignem

1907 3743 2078 3808 ipsius
2119 3736 2495 3792 fortitudinem
2551 3740 2991 3803 eurispexernnt,
3055 3731 3357 3785 interfectis
3396 3730 3465 3781 ab

1905 3832 2022 3899 ipso
2052 3828 2181 3882 feris
2215 3842 2350 3896 quas
2396 3826 2534 3878 mira
2581 3825 2810 3878 audacia
2863 3838 3155 3892 aggressus
3189 3830 3288 3881 est,
3329 3820 3464 3873 adeo

1904 3931 1962 3974 ut
1992 3936 2117 3973 eum
2153 3919 2219 3971 ad
2268 3918 2445 3985 ipsum
2494 3918 2834 3985 pervenisset
2892 3915 3037 3966 fama
3082 3912 3352 3983 elephanti
3408 3911 3461 3963 in

1904 4014 2144 4083 ipsorum
2190 4012 2409 4078 regione
2449 4010 2540 4078 qui
2575 4008 2694 4062 vias
2737 4006 3055 4069 infestaret.
3105 4005 3463 4072 hominesque

1902 4106 2212 4171 complures
2246 4102 2567 4164 occidisset,
2596 4111 2815 4169 rogaret
2842 4109 2897 4152 ut
2931 4100 3032 4166 ipsi
3067 4098 3286 4152 ubinam
3318 4107 3465 4151 esset

1905 4198 2249 4259 indicarent;
2282 4196 2374 4263 qui
2408 4194 2485 4246 illi
2508 4195 2766 4247 dixerunt
2800 4209 2814 4245 :
2844 4190 2963 4259 Ipse
2994 4204 3116 4243 cum
3145 4189 3467 4256 peregrinus

1904 4290 1982 4342 sis
2013 4289 2267 4341 nolumus
2298 4297 2350 4340 te
2377 4286 2621 4353 periculo
2648 4297 2945 4351 exponere.
2971 4281 3102 4349 Regi
3136 4289 3317 4334 autem
3344 4294 3495 4339 cum.

1906 4378 2039 4433 illud
2089 4376 2463 4431 nuntiassent.
2525 4374 2674 4427 misit
2720 4372 2835 4440 ipse
2876 4385 3000 4423 cum
3047 4368 3138 4421 illo
3182 4365 3467 4435 quemdam

1904 4470 1995 4539 qui
2038 4468 2216 4521 locum
2256 4468 2308 4520 in
2342 4480 2451 4535 quo
2490 4472 2635 4517 esset
2666 4462 2887 4530 elephas
2936 4463 3040 4514 iste
3080 4460 3181 4529 ipsi
3212 4456 3471 4511 ostende-

225 4567 373 4610 metn
405 4572 660 4611 securam
707 4564 958 4625 praestes.
1002 4556 1095 4610 Ille
1123 4565 1302 4610 autem
1343 4557 1505 4610 verba
1552 4552 1797 4625 ipsorum
1834 4569 1879 4625 ι)
1908 4569 2021 4623 ret;
2057 4574 2220 4628 quem
2255 4557 2345 4611 ubi
2382 4556 2517 4610 vidit
2554 4555 2860 4607 Bahramus
2902 4552 3119 4619 sagitta,
3163 4566 3282 4619 quae
3332 4549 3471 4601 inter

221 4653 449 4706 minime
480 4658 724 4703 moratus
760 4650 1035 4718 profectus
1064 4658 1150 4705 est
1177 4652 1229 4703 in
1265 4658 1445 4718 partes
1481 4649 1795 4719 Aderbijani

222 4756 383 4815 atque
424 4744 697 4797 Armenia:
740 4745 805 4795 ad
840 4745 1044 4795 cultum
1088 4744 1139 4797 in
1190 4744 1390 4812 templo
1438 4741 1635 4796 ibidem
1685 4741 1795 4810 igni

221 4831 399 4891 tliea'to
426 4836 815 4905 prmstandum.
852 4833 1007 4899 Quod
1038 4849 1163 4887 cum
1199 4849 1303 4886 non
1334 4833 1652 4888 dubitarent
1695 4835 1796 4886 ho-

223 4930 395 4982 mines
428 4929 605 4996 ipsum
639 4927 836 4979 fecisse
875 4906 984 4991 quo
1028 4928 1149 4996 l'uga
1179 4941 1237 4979 se
1270 4926 1618 4989 subduceret,
1645 4925 1794 4994 ipsi,

220 5038 342 5076 cum
367 5020 432 5073 ad
460 5018 746 5072 consilium
776 4999 1071 5071 ineundum
1101 4997 1498 5078 consedissi'nt,
1519 5016 1794 5075 dixerunt,

218 5113 336 5167 Non
368 5121 495 5165 sunt
530 5111 687 5165 nobis
721 5120 910 5164 contra
941 5108 1258 5165 Chakanum
1292 5106 1402 5179 84
1427 5108 1588 5170 vires,
1631 5107 1800 5159 tribu—

220 5214 333 5260 tum
366 5220 498 5273 ergo
533 5203 637 5273 ipsi
688 5203 977 5257 offeramus
1020 5219 1128 5272 quo
1172 5217 1272 5255 nos
1310 5212 1362 5254 et
1409 5201 1635 5270 patriam
1701 5213 1799 5252 no-

223 5310 394 5351 stram
444 5296 804 5361 redimamus,
852 5297 1094 5364 exceptis
1132 5304 1340 5348 tantum
1400 5295 1573 5348 Mersa
1630 5292 1799 5353 fratre

222 5390 477 5444 Bahrami
504 5398 557 5442 et
578 5389 829 5443 Azduaro
851 5385 1041 5443 Jndice
1065 5386 1157 5456 qui
1184 5386 1440 5440 dixerunt
1470 5406 1482 5439 :
1511 5385 1799 5440 Nosvobis

221 5484 276 5536 in
309 5482 414 5535 hoc
454 5496 738 5535 assensum
788 5495 896 5534 non
929 5478 1316 5550 praebebimus.
1340 5477 1474 5533 Cum
1509 5493 1637 5532 vero
1660 5477 1802 5531 Cha-

222 5574 362 5629 ltano
390 5572 694 5627 nuntiatum
718 5558 1211 5628 esset'suhmittcre
1236 5587 1294 5626 se
1330 5570 1547 5634 Persas,
1576 5587 1799 5625 securus

225 5668 404 5722 factus
450 5680 599 5719 arma
648 5666 927 5735 deposuit.
980 5662 1263 5719 Accedens
1308 5679 1437 5733 ergo
1473 5663 1691 5733 quidam
1728 5661 1794 5713 ad

227 5759 551 5815 Babrantum
587 5759 761 5826 ipsum
794 5758 861 5814 tle
888 5758 1180 5813 securitate
1203 5768 1252 5809 et
1279 5756 1599 5825 negligentia
1624 5756 1794 5823 ipsius
1855 5750 1861 5819 ζ

225 5848 511 5906 certiorem
566 5848 711 5913 ferit,
755 5847 846 5917 qui
896 5847 1060 5919 igitur
1104 5848 1377 5917 profectus
1412 5856 1681 5917 ιωυιυιιιιες
1741 5863 1793 5901 llt
1846 5906 1847 5909 η

1898 4652 2087 4705 oculos
2138 4650 2315 4719 ipsius
2367 4648 2467 4701 fixa
2499 4647 2610 4715 88
2638 4647 2889 4707 mereret,
2912 4659 3036 4696 eum
3070 4642 3246 4711 petiit,
3272 4639 3469 4693 deinde

1900 4746 2006 4799 alia
2071 4752 2192 4813 post
2245 4741 2404 4793 aliam
2467 4742 2781 4793 confossum
2859 4736 3158 4795 interemit,
3206 4742 3473 4802 caputque

1909 4834 2342 4905 ipsiqpracisum
2373 4831 2483 4899 regi
2523 4830 2715 4883 detu’lit
2751 4845 2763 4878 :
2802 4826 2894 4895 qni
2928 4826 3105 4893 ipsum
3149 4824 3473 4889 admiratus,

1902 4898 2154 4996 q-nisfiani
2187 4898 2334 4978 esset
2382 4898 2610 4990 roga'vit.
2641 4921 2753 4981 Ille,
2803 4918 2934 4972 Sunt
2957 4919 3179 4986 (inquit)
3206 4934 3235 4970 e
3258 4932 3475 4985 magna-

1901 5023 2047 5074 tibns
2097 5018 2388 5072 Pet-sarum
2440 5016 2531 5083 qui
2583 5014 2732 5083 quod
2780 5012 2913 5065 mihi
2966 5012 3141 5065 iratus
3188 5019 3334 5064 esset
3381 5025 3473 5061 rex

1903 5122 2090 5166 noster
2128 5109 2195 5163 ad
2236 5118 2287 5162 te
2338 5106 2596 5175 confugi,
2644 5104 2887 5175 potentia
2933 5110 2987 5158 et
3036 5102 3321 5156 clementia
3385 5110 3473 5153 tua

1904 5205 2097 5257 fretus.
2138 5200 2307 5255 l'orro
2338 5198 2440 5252 fuit
2477 5197 2588 5267 regi
2622 5196 2884 5250 inimicus
2909 5194 3015 5264 Squi
3052 5193 3277 5263 propius
3321 5207 3477 5246 acce-

1904 5297 2058 5357 dens,
2098 5293 2245 5348 misit
2281 5292 2372 5361 qui
2405 5291 2472 5343 ab
2503 5290 2623 5358 ipso
2654 5289 2919 5341 tributum
2968 5294 3239 5355 peterent,
3289 5299 3318 5336 a
3364 5298 3475 5353 quo

1903 5407 2025 5443 cum
2090 5393 2355 5439 metueret
2410 5398 2548 5447 rex,
2601 5382 2866 5436 animavit
2934 5381 3116 5447 ipsum
3168 5378 3500 5431 Bahramus

1910 5486 2096 5536 diecus
2130 5499 2142 5534 :
2177 5479 2252 5533 Ne
2290 5488 2493 5533 terreat
2526 5489 2577 5531 te
2610 5476 2755 5546 quod
2787 5476 2855 5529 de
2886 5476 3007 5544 ipso
3044 5472 3235 5544 [audis
3264 5471 3322 5542 ε]
3374 5485 3474 5539 ego

1908 5570 2176 5638 siquidem
2210 5575 2260 5621 te
2291 5583 2319 5619 a
2363 5566 2506 5617 malo
2538 5565 2683 5633 quod
2723 5564 2789 5617 ab
2820 5565 2938 5633 ipso
2984 5564 3201 5635 [timere
3232 5558 3473 5631 poteras]

1858 5718 1861 5721 _
1909 5659 2215 5713 iur-niuium:
2256 5654 2548 5725 praestabo.
2600 5652 2804 5723 Regem
2858 5656 3020 5721 igitur
3058 5662 3112 5706 et
3167 5653 3465 5706 exercitum

1907 5753 2077 5817 ipsius
2142 5748 2209 5801 ad
2272 5746 2553 5799 inimicum
2616 5749 2805 5799 istum
2846 5746 3268 5814 tippugnandum
3327 5758 3468 5809 equo

1904 5858 2207 5924 conscenso
2267 5838 2558 5897 comitatus
2616 5848 2699 5895 est
2759 5839 3078 5895 Bahramus.
3140 5837 3240 5903 Qui
3305 5834 3491 5889 lndi.c~
