4200 6432
700 420 827 487 lubt

1717 424 2079 486 EUTYCIIII
2103 424 2639 488 AI.EX-\.\'DRIN[
2675 430 2886 491 ΡΛΤΒ.

3789 435 3934 502 105?

696 540 912 607 equites
938 539 1233 603 allocutus,
1267 541 1497 607 Tergnm
1530 538 1749 606 (inquit)
1777 553 1952 590 meum
1973 539 2260 602 custodite,
2293 544 2335 596 Λ
2368 541 2519 606 Quod
2560 543 2647 597 ubi
2692 544 2960 599 audiissct
2995 545 3259 600 Eusebius
3285 544 3512 600 [toralim
3541 548 3834 617 episcopus
3867 550 3934 600 ad

693 646 769 692 ct-
807 633 936 700 quid
996 645 1093 701 ego
1149 630 1340 682 faciam
1395 631 1702 682 observate.
1744 626 1965 678 lrruens
2019 642 2148 692 ergo
2202 628 2258 687 in

694 731 868 794 ipsos,
904 742 1092 780 eorum
1124 723 1343 776 ordines
1372 736 1495 773 cum
1519 719 1864 787 dissipasset,
1888 719 1989 772 viri
2023 718 2258 784 seapnlzc

696 819 863 869 ictum
916 815 1138 882 impegit
1190 812 1282 879 qui
1335 811 1402 864 ad
1449 811 1670 863 dorsum
1727 809 1901 878 ipsius
1945 809 2260 877 pertingens

699 908 940 959 medium
998 921 1118 958 eum
1164 903 1460 966 dissecuit;
1493 909 1546 955 et
1578 912 1868 971 utrumque
1915 901 2120 956 labium
2154 903 2264 956 cle-

697 1000 900 1064 pbanto
949 998 1129 1065 gladio
1182 995 1498 1049 discindens
1536 995 1712 1063 ipsum
1764 995 2100 1061 prostravit:
2137 1009 2264 1047 cor-

696 1101 1019 1157 reptum-sne
1059 1090 1126 1142 de
1174 1103 1314 1153 equo
1353 1102 1454 1142 suo
1509 1087 1744 1153 equitem
1797 1095 1955 1141 terra:
2008 1087 2260 1150 illidens,

692 1182 874 1248 ipsum
923 1179 1231 1241 interfecit;
1269 1181 1398 1244 quin
1435 1187 1487 1231 et
1530 1177 1658 1230 bina
1717 1177 2001 1230 hominum
2057 1179 2261 1246 capita,

694 1273 925 1327 alterum
962 1272 1152 1324 dextra
1190 1269 1421 1323 alterum
1459 1268 1706 1333 sinistra,
1745 1253 2088 1336 prehendens
2125 1269 2260 1321 invi-

693 1379 811 1418 cem
851 1363 1052 1416 collisit
1082 1362 1219 1416 adeo
1245 1369 1300 1414 ut
1332 1361 1551 1428 utrique
1581 1360 1790 1413 cerebri
1818 1359 2052 1413 medulla
2083 1362 2264 1415 elllue-

629 1501 634 1506 .
696 1465 796 1508 ret.
850 1452 1126 1507 lrruentes
1167 1451 1326 1506 etiam
1387 1450 1640 1502 Bahrami
1687 1450 1956 1515 comites,
2014 1468 2261 1521 magnam

694 1561 885 1598 eorum
924 1553 1161 1613 stragem
1209 1542 1522 1604 ediderunt,
1571 1556 1633 1595 ac
1667 1542 1840 1610 Spolia
1891 1545 2260 1612 diripuerunt.

700 1636 956 1692 Reversis
990 1651 1119 1705 ergo
1156 1625 1400 1704 81-83
1428 1633 1458 1664 “
1502 1648 1629 1702 rege
1669 1643 1720 1688 et
1759 1633 2030 1687 Bahramo
2070 1650 2160 1688 rex
2191 1635 2262 1687 illi

700 1733 861 1782 tiliam
900 1744 1052 1782 suam
1085 1737 1315 1794 nuptum
1353 1726 1522 1789 dedit,
1561 1741 1661 1780 nec
1695 1742 1802 1779 non
1853 1727 1954 1795 ipsi
1996 1725 2182 1780 Daibal
2213 1735 2266 1778 cl.

699 1819 921 1874 Mocran
963 1829 1244 1887 terrasque
1281 1819 1486 1873 circum
1528 1819 1772 1887 jacentes
1805 1818 1857 1870 in
1889 1820 2107 1886 regione
2141 1819 2266 1873 Sin-

2372 633 2549 702 ipsum
2585 636 2879 704 profectus,
2907 652 2970 689 ac
2994 652 3114 690 cum
3142 653 3205 690 eo
3234 627 3522 707 disputans
3547 640 3936 700 validacontra

2369 724 2546 791 ipsum
2582 737 2896 795 argumenta
2932 729 3157 796 protulit
3192 730 3393 797 quibus
3444 733 3770 784 sententiam
3819 732 3939 795 ejus

2370 816 2648 870 refutavit.
2710 817 2840 872 Dein
2891 820 2956 874 ad
3011 820 3328 875 Flavianum
3383 825 3745 890 patriarcham
3791 824 3939 877 (Ion-

2371 911 2915 980 stantinopolitanum
2945 913 3221 982 profectus
3254 917 3426 984 ipsum
3468 915 3533 968 de
3560 916 3856 988 Eutychete
3888 927 3941 969 et.

2375 1002 2664 1054 sentcntite
2695 1001 2866 1070 ipsius
2901 1003 3132 1057 falsitate
3164 1009 3454 1058 certiorem
3499 1008 3645 1069 fecit,
3691 1023 3792 1060 nec
3833 1023 3939 1059 non

2375 1091 2553 1158 ipsum
2616 1089 3249 1162 Constantinopolitanos
3321 1096 3371 1148 in
3436 1096 3600 1150 falsas
3651 1097 3942 1163 opiniones

2374 1183 2632 1236 traxisse.
2688 1182 2980 1239 Flavianus
3029 1200 3158 1254 ergo
3195 1185 3502 1254 patriarcha
3549 1187 3942 1241 Constantino-

2373 1274 2650 1341 politanus
2687 1275 2752 1328 ad
2785 1275 3140 1346 Eutychetem
3175 1279 3397 1332 mittens
3431 1279 3605 1345 ipsum
3650 1280 3946 1332 accersivit

2375 1373 2788 1436 convocatoquc
2817 1368 3295 1437 Constantinopoli
3342 1370 3571 1423 concilio
3608 1371 3942 1439 disputatio-

2375 1468 2496 1506 nem
2529 1468 2653 1508 cum
2687 1456 2807 1526 ipso
2839 1455 3048 1514 habuit.
3086 1459 3231 1513 Dixit
3266 1459 3518 1529 85-87
3545 1460 3577 1493 "
3612 1470 3788 1514 autem
3829 1461 3942 1513 Eu-

2372 1545 2605 1615 tyches:
2649 1545 2703 1601 Si
2754 1548 3054 1604 dixerimus
3107 1549 3326 1604 Christo
3357 1551 3495 1606 duas
3543 1567 3666 1605 esse
3714 1561 3943 1606 naturas

2371 1634 2514 1688 idem
2547 1650 2860 1692 asseremus
2891 1653 3014 1692 cum
3042 1637 3330 1704 Nestorio;
3363 1655 3546 1693 vermn
3580 1640 3815 1693 dicimus
3844 1658 3943 1694 nos

2371 1726 2653 1780 Christum
2684 1743 2805 1784 esse
2841 1739 3090 1783 naturam
3126 1748 3317 1793 unam,
3352 1738 3404 1784 et
3435 1747 3747 1800 personare,
3777 1748 3944 1785 unam

2373 1831 2496 1868 enm
2532 1807 2796 1871 consistat
2820 1819 3036 1872 duabus
3068 1820 3279 1873 naturis
3307 1835 3425 1888 quae
3450 1817 3616 1889 [dum]
3645 1831 3798 1873 erant
3823 1832 3950 1876 ante

697 1914 802 1968 diu:
834 1915 1072 1969 donavit.
1131 1913 1364 1977 Rogavit
1412 1923 1588 1964 autem
1645 1911 1818 1976 ipsum
1873 1910 2176 1965 Bahramus
2210 1925 2268 1966 ut
2301 1907 2343 1964 B
2376 1908 2636 1961 unionem
2670 1926 2684 1962 :
2719 1919 2773 1962 at
2816 1910 2904 1964 ubi
2948 1921 3289 1980 assumptum
3337 1920 3420 1964 est
3467 1924 3669 1980 corpus
3723 1915 3952 1965 recessit

700 2009 1014 2074 t‘OliSt'l‘ipln
1051 2007 1358 2077 syngrapha
1391 2014 1443 2058 et
1477 2003 1738 2057 adhibitis
1762 2003 1888 2057 facti
1923 2004 2009 2058 sui
2037 2006 2270 2060 testibus

701 2097 930 2169 iratum]
970 2100 1098 2151 illud
1133 2098 1234 2164 ipsi
1266 2097 1490 2150 faceret.
1525 2095 1678 2160 Quod
1711 2111 1832 2149 cum
1883 2096 2104 2150 fecisset
2157 2113 2267 2160 rex,

697 2206 954 2246 reversus
989 2191 1040 2243 in
1079 2206 1303 2254 regnum
1347 2205 1504 2242 suum
1547 2188 1872 2251 Bahramns,
1903 2190 2067 2256 jussit
2098 2193 2272 2259 regio-

703 2298 830 2333 num
865 2283 1124 2345 istarum,
1150 2296 1285 2348 quas
1317 2280 1416 2347 ipsi
1439 2280 1736 2333 donaverat
1770 2294 1885 2343 rex,
1909 2282 2270 2346 vectigal'sihi

698 2374 879 2427 reddi.
937 2373 1121 2439 Neque
1181 2372 1463 2426 desierunt
1507 2388 1694 2425 earum
1733 2388 1863 2439 opes
1916 2374 1968 2426 itt
2025 2373 2270 2427 Persium

704 2467 996 2535 asportari.
1026 2465 1232 2520 Ferunt
1262 2473 1440 2520 autem
1478 2464 1766 2519 Persarum
1792 2467 2012 2532 quidam
2043 2467 2272 2521 Bahra'u

701 2558 835 2612 er
922 2559 974 2610 in
1031 2559 1249 2611 tutelam
1295 2558 1522 2611 Numani
1573 2558 1728 2612 Ebnil
1773 2559 2014 2612 Mandari
2074 2559 2278 2612 Lacha-

699 2651 926 2703 miensis
949 2650 1092 2716 regis
1113 2649 1350 2703 Arabum
1381 2650 1431 2702 in
1463 2650 1680 2702 deserto
1712 2650 1919 2714 fuisse;
1955 2653 2271 2719 ipsumque,

702 2758 826 2795 cum
864 2741 927 2794 ad
965 2740 1297 2793 Dahramum
1339 2741 1678 2809 pervenisset
1725 2742 1917 2794 mortis
1953 2742 2273 2813 Yazdcjerdi

704 2833 882 2899 patris
915 2833 999 2886 sui
1044 2832 1223 2896 fama,
1266 2847 1384 2894 eum
1436 2832 1712 2885 Arabibus
1752 2833 1843 2899 qui
1895 2833 2071 2900 ipsum
2107 2837 2275 2889 sccuti

703 2935 828 2978 sunt
865 2923 1165 2993 profectum
1203 2923 1374 2977 donec
1421 2922 1472 2975 in
1527 2923 1778 2976 Alsawaal
1828 2932 2006 2976 castra
2064 2925 2275 2994 ﬁgeret,

705 3017 778 3077 ibi
805 3033 926 3070 cum
957 3016 1242 3069 Persarum
1274 3015 1591 3083 proceribus
1623 3015 1688 3068 de
1710 3031 1876 3084 regno
1904 3019 2274 3084 contendisse,

706 3111 880 3163 donec
907 3108 998 3176 jus
1028 3107 1177 3160 illius
1212 3106 1447 3160 confessi
1480 3121 1646 3172 regno
1674 3109 1848 3174 ipsum
1913 3107 2274 3175 praeﬁcerem.

779 3199 1044 3267 Regnavit
1075 3214 1205 3266 ergo
1237 3197 1468 3251 Bahram
1510 3197 1666 3259 Jaur,
1715 3209 1834 3265 post
1869 3209 2072 3266 patrem
2115 3217 2274 3253 suum

2373 1998 2611 2053 dualitas
2651 2001 2757 2054 ista
2808 2014 2873 2056 ac
2922 2001 3099 2057 factus
3155 2014 3237 2058 est
3280 2017 3474 2059 natura
3526 2025 3672 2070 una,
3731 2022 3952 2073 unaque

2375 2106 2628 2160 persona.
2665 2093 2761 2147 Cui
2798 2094 3080 2162 respondit
3131 2094 3424 2151 Flavianus
3456 2099 3768 2167 patriarcha
3809 2099 3952 2151 Cun-

2375 2184 2898 2252 stantinopolitanus
2926 2201 2939 2238 :
2979 2185 3033 2239 Si
3065 2199 3207 2241 esset
3236 2188 3490 2244 Christus
3545 2191 3644 2256 (uti
3679 2192 3953 2252 asseritis)

2377 2285 2569 2326 natura
2607 2292 2734 2339 una,
2775 2287 2886 2328 tum
2921 2288 3059 2330 esset
3095 2287 3290 2331 natura
3339 2296 3460 2348 qua?
3499 2289 3698 2331 aterna
3743 2279 3842 2330 fuit
3886 2281 3955 2332 de

2377 2379 2518 2417 ttovu
2558 2365 2739 2430 facta;
2798 2367 2942 2434 quod
2997 2370 3038 2420 si
3078 2371 3169 2437 qui
3227 2382 3464 2424 aeternus
3521 2371 3641 2432 fuit,
3693 2371 3760 2423 de
3811 2387 3955 2423 novo

2377 2466 2530 2512 ortus
2566 2459 2657 2521 sit,
2689 2469 2802 2512 tum
2836 2468 2889 2512 et
2919 2460 3014 2527 qui
3050 2476 3329 2529 nunquam
3365 2478 3474 2515 non
3512 2464 3643 2526 fuit,
3685 2465 3824 2517 idem
3855 2465 3959 2536 ali-

2377 2557 2598 2618 quando
2635 2569 2742 2607 non
2782 2556 2902 2609 fuit.
2942 2555 3098 2620 Quod
3139 2557 3182 2610 si
3218 2557 3432 2611 admitti
3468 2560 3643 2626 possit
3697 2566 3751 2610 ut
3806 2559 3954 2625 quod

2378 2657 2639 2699 :eternunt
2671 2645 2794 2712 fuit,
2835 2647 2978 2701 idem
3011 2647 3078 2701 de
3112 2665 3255 2701 novo
3293 2649 3478 2709 fuerit.
3529 2652 3633 2704 erit
3683 2648 3824 2702 idem
3862 2652 3954 2716 qui

2381 2747 2489 2792 stat
2550 2739 2785 2805 sedens;
2851 2741 2995 2807 quod
3056 2741 3293 2793 calidum
3336 2749 3417 2792 est
3478 2740 3769 2807 frigidum;
3805 2741 3954 2806 quod

2382 2833 2760 2894 tenebrosum,
2809 2834 3086 2897 lucidum;
3140 2848 3264 2886 cum
3311 2833 3363 2884 id
3419 2847 3588 2899 genus
3630 2819 3958 2899 impossibi-

2352 2922 2523 2997 rlibus
2553 2938 2672 2990 quae
2710 2922 2824 2975 licri
2857 2937 2962 2974 non
2994 2930 3168 2989 potest
3218 2931 3276 2975 ut
3319 2922 3722 2989 conjungantur
3756 2921 3810 2971 in
3845 2937 3939 2972 ea-

2382 3012 2502 3066 dem
2535 3012 2660 3084 [rei]
2693 3020 2866 3082 parte.
2905 3013 3092 3066 Noluit
3127 3021 3307 3065 tamen
3355 3013 3445 3064 ille
3480 3026 3506 3062 a
3551 3012 3826 3064 sententia
3861 3026 3959 3063 sua

2383 3105 2670 3166 recedere;
2723 3120 2896 3172 quare
2942 3103 3289 3156 anathemate
3344 3102 3494 3154 illum
3545 3103 3857 3170 percussit,
3912 3113 3963 3154 at

2383 3195 2859 3261 Constantinopoli
2916 3212 3022 3248 non
3074 3195 3302 3264 expulit,
3355 3194 3498 3262 quoi
3544 3210 3662 3242 rum
3713 3193 3962 3244 medicus

707 3293 1108 3360 Yazdcjerdum
1165 3292 1223 3346 F.
1274 3291 1552 3352 Bahrami,
1605 3293 1656 3343 in
1711 3290 1906 3345 Persas
1971 3291 2277 3346 octodecim
2306 3261 2348 3316 ε
2384 3295 2530 3339 esset
2564 3302 2629 3340 eo
2656 3286 2906 3338 homines
2933 3301 3069 3352 opus
3095 3276 3381 3336 baberent.
3419 3281 3590 3335 Porro
3616 3281 3965 3334 Theodesius

706 3395 902 3441 annos,
930 3380 1090 3448 idque
1126 3394 1269 3432 anno
1286 3378 1825 3447 Theodosiijuniuris
1845 3379 2156 3434 Graecorum
2184 3383 2283 3434 im-

710 3472 983 3539 peratoris
1026 3471 1330 3525 tricesimo.
1365 3473 1520 3524 Anno
1550 3480 1728 3525 autem
1764 3473 2023 3525 vicesimo
2052 3475 2284 3540 septimo

708 3566 860 3632 regni
896 3563 1190 3618 Theodosii
1251 3562 1624 3616 Romanorum
1675 3564 2020 3632 imperatoris
2070 3566 2283 3619 consti-

711 3665 866 3710 tutus
901 3666 983 3711 est
1011 3657 1211 3710 Sextus
1243 3657 1554 3722 patriarcha
1595 3655 1905 3720 Romanus;
1942 3673 2117 3710 annos
2161 3667 2285 3711 octo

711 3748 868 3810 sedit,
919 3747 1044 3801 dein
1102 3755 1352 3800 mortuus
1385 3757 1485 3800 est.
1545 3749 1698 3799 Anno
1728 3747 1973 3813 ejusdem
2009 3747 2285 3804 tricesimo

713 3838 908 3906 quinto
963 3837 1142 3892 fartus
1186 3845 1269 3890 est
1321 3836 1428 3890 Leo
1479 3837 1791 3904 patriarcha
1831 3835 2136 3900 Rotttanus,
2194 3839 2285 3907 qui

716 3944 893 3982 annos
922 3927 1116 3996 viginti
1148 3943 1317 3980 unum
1354 3926 1515 3988 sedit,
1570 3925 1695 3978 dein
1731 3935 1981 3980 mortuus
2020 3937 2122 3980 est.
2159 3927 2288 3997 Ejus

717 4018 1050 4086 praefectura:
1087 4032 1230 4070 anno
1264 4032 1410 4069 nono
1463 4015 1566 4070 fuit
1612 4017 1905 4069 concilium
1943 4028 2200 4083 quartun:
2234 4020 2286 4072 in

718 4114 855 4168 urbe
903 4110 1074 4181 84*
1115 4109 1482 4164 Chalcedone.
1561 4112 1721 4163 Anno
1780 4109 2040 4163 vicesimo
2099 4123 2290 4166 octavo

718 4219 745 4256 r
783 4203 871 4270 gni
897 4200 1194 4255 Theodosii
1229 4200 1566 4253 constitutus
1588 4207 1668 4252 est
1695 4197 1962 4252 Dotnnius
1982 4202 2288 4268 patriarcha

718 4294 1096 4349 Antiochenus
1135 4293 1226 4359 qui
1286 4306 1461 4344 annos
1494 4290 1684 4359 viginti
1732 4307 1900 4344 unum
1952 4292 2112 4358 sedit,
2165 4293 2287 4347 dein

722 4394 974 4439 mortuus
1008 4391 1114 4438 est.
1156 4384 1313 4437 Anno
1361 4382 1511 4450 regni
1548 4382 1793 4450 ejusdem
1827 4385 2109 4439 tricesimo
2143 4401 2290 4439 nono

725 4477 1065 4532 constitutus
1112 4483 1195 4530 est
1231 4475 1524 4529 Flavianus
1559 4477 1866 4544 patriarcha
1896 4478 2291 4533 Constantino-

2386 3391 2478 3428 rex
2513 3375 2652 3427 ideut
2685 3391 2804 3428 cum
2842 3375 3141 3445 Eutychete
3175 3373 3370 3425 sensit.
3421 3372 3694 3440 Eutychos
3735 3386 3871 3438 ergo
3907 3386 3965 3424 se

2387 3467 2526 3532 apud
2556 3463 2918 3517 Theodosium
2949 3479 3125 3531 regem
3153 3460 3450 3514 defendens
3472 3461 3610 3513 dixit
3639 3460 3962 3512 Flavianum

2388 3558 2562 3624 ipsum
2603 3555 2802 3624 injuria
2861 3557 3393 3615 excommunieasse,
3429 3567 3608 3617 regem
3667 3565 3871 3618 rogans
3907 3560 3963 3602 ut

2389 3647 2607 3716 scriptis
2663 3646 2728 3698 ad
2777 3661 2968 3699 omrcs
3012 3643 3356 3712 patriarchas
3391 3642 3608 3704 litteris,
3665 3641 3964 3694 convenire

2387 3749 2441 3792 et
2478 3742 2543 3789 ile
2575 3753 2641 3789 eo
2689 3737 2833 3805 quod
2871 3737 2974 3805 ipsi
3027 3736 3349 3802 contigisset
3413 3735 3717 3802 disquirere
3761 3732 3965 3803 [jube-

2391 3830 2519 3900 ret].
2571 3830 2800 3896 Scripsit
2833 3843 2959 3896 ergo
2988 3843 3078 3880 rex
3112 3836 3223 3879 tum
3272 3826 3340 3878 ad
3381 3827 3696 3879 Dioscorttnt
3727 3828 3968 3892 patriar-

2391 3926 2547 3975 cham
2599 3919 3050 3979 Alexandrinum,
3105 3929 3216 3971 tum
3265 3917 3329 3970 ad
3385 3918 3672 3969 Domnium
3730 3917 3968 3984 patriar-

2391 4015 2547 4066 cltam
2586 4012 2755 4081 88“
2802 4009 3228 4069 Antiochenum.
3273 4023 3374 4062 nec
3422 4024 3528 4061 non
3583 4007 3820 4060 Leormn
3876 4025 3968 4074 pa-

2392 4105 2686 4158 triarcltam
2728 4102 3055 4166 Rutnanum,
3107 4111 3159 4154 et
3203 4099 3551 4154 Juvenalium
3596 4098 3968 4166 patriarchatn

2395 4194 2952 4261 liierosolyrnitamtm
3030 4201 3090 4245 ut
3146 4206 3254 4246 una
3322 4207 3447 4244 eum
3516 4190 3789 4260 episcopis
3854 4193 3970 4244 suis

2394 4285 2722 4340 accederent
2762 4291 2822 4335 ut
2869 4283 2934 4336 de
2972 4282 3295 4353 Eutychetis
3328 4281 3546 4349 negotio
3576 4281 3969 4348 disquirerent.

2395 4379 2499 4444 Qui
2533 4393 2664 4446 ergo
2696 4375 2896 4446 Ephesi
2931 4383 3330 4430 convenerunt.
3370 4372 3548 4440 Atque
3579 4379 3662 4425 est
3694 4371 3800 4424 hoc
3834 4386 3972 4423 con-

2397 4471 2584 4524 cilium
2619 4468 2921 4523 secundum
2965 4467 3161 4534 Ephesi
3193 4465 3464 4526 habitum,
3497 4463 3659 4530 enjus
3704 4460 3974 4530 praesides

723 4570 1021 4637 politanus.
1058 4569 1150 4636 qui
1203 4582 1327 4621 cum
1376 4566 1596 4620 biennio
1629 4567 1862 4621 sedisset
1898 4578 2145 4623 mortuus
2173 4579 2276 4622 est.
2316 4589 2368 4648 ι)
2396 4574 2551 4617 erant
2585 4562 2881 4615 Dioscorus
2906 4559 3219 4627 patriarcha
3253 4556 3680 4616 Alexandrinus,
3707 4555 3974 4606 Domnius

730 4661 841 4714 lloc
868 4661 1029 4714 etiam
1067 4675 1210 4713 anno
1243 4659 1418 4713 factus
1450 4668 1535 4713 est
1577 4658 1878 4736 Dioscorus
1908 4658 2150 4714 Jacobita
2198 4677 2292 4730 pa-

727 4752 968 4805 triarcha
1002 4750 1419 4815 Alexandrinus,
1455 4751 1547 4817 qui
1572 4767 1692 4806 eum
1727 4767 1819 4806 sex
1853 4768 2028 4807 annos
2060 4755 2294 4810 sedisset

729 4843 1077 4896 anathemate
1115 4842 1364 4905 devotus,
1421 4858 1476 4897 et
1523 4845 1577 4897 in
1635 4846 1885 4898 exsilium
1937 4848 2129 4915 pulsus
2188 4859 2292 4907 est.

733 4934 858 4988 Fuit
886 4949 1016 4989 vero
1062 4935 1538 5004 Constantinopoli
1581 4939 1882 4991 monachus
1931 4941 2148 5007 quidam
2185 4957 2296 4994 me-

731 5025 892 5078 dicus
946 5025 1168 5080 nomine
1223 5027 1493 5094 Eutycbes
1552 5028 1645 5096 qui
1701 5031 1941 5083 asseruit
2001 5047 2108 5084 non
2173 5048 2297 5086 esse

733 5115 952 5169 Christo
997 5131 1198 5183 corpus
1253 5116 1497 5185 ejusdem
1549 5135 1673 5173 cum
1721 5123 2046 5190 corporibus
2095 5124 2298 5178 nostris

738 5213 969 5268 natum,
991 5206 1384 5276 Christumque
1412 5219 1536 5263 ante
1565 5210 1997 5264 incarnationem
2029 5225 2059 5264 e
2086 5209 2300 5263 duabus

735 5299 1053 5354 constitisse
1072 5300 1302 5366 naturis,
1325 5311 1446 5369 post
1466 5304 1900 5357 incarnationem
1932 5312 2108 5355 autem
2137 5316 2297 5355 unam

735 5388 1041 5461 [habuisse]
1077 5400 1351 5446 naturam.
1390 5392 1589 5463 (Atque
1624 5393 1737 5447 hzec
1783 5394 2050 5448 sententia
2082 5391 2299 5445 Jacobi-

736 5489 929 5547 tarum,
960 5488 1120 5552 cujus
1147 5494 1336 5539 auctor
1371 5485 1470 5539 fuit
1502 5486 1802 5540 monachus
1824 5485 1926 5540 iste
1961 5484 2291 5554 Eutychos.)

2398 4655 2712 4727 patriarcha
2740 4651 3138 4715 Antioeltenus,
3161 4647 3478 4702 Juvenalius
3509 4647 3819 4717 patriarcha
3849 4646 3973 4698 Ilie-

2398 4747 2854 4818 rosolymitanus,
2899 4755 2954 4797 et
3001 4743 3243 4811 deputati
3275 4741 3472 4795 Leonis
3509 4740 3834 4808 patriarchm
3871 4740 3975 4790 llo-

2403 4840 2572 4894 mani.
2633 4839 3021 4906 Disceptarunt
3059 4848 3186 4903 ergo
3218 4832 3284 4887 de
3311 4848 3377 4886 eo
3415 4832 3560 4901 quod
3615 4831 3760 4884 inter
3808 4832 3979 4898 Euty-

2403 4935 2616 4987 chetem
2674 4941 2728 4985 et
2788 4929 3081 4984 Eusebium
3157 4926 3383 4980 Doralia:
3443 4925 3760 4993 episcOpum
3817 4934 3979 4989 atque

2407 5027 2726 5080 Flavianum
2764 5022 3132 5096 patriarcbam
3181 5017 3848 5086 Constantinopolitanuin
3895 5016 3977 5068 in-

2408 5125 2762 5171 tercesserat.
2788 5114 3078 5166 Dioscorus
3099 5120 3280 5164 autem
3301 5109 3642 5162 Alexandria:
3666 5107 3978 5175 patriarcha

2407 5205 2732 5278 Eutychetis
2764 5204 3092 5258 sententiam
3129 5201 3461 5254 conﬁrmans
3508 5199 3828 5251 Flavianum
3889 5212 3982 5264 pa-

2407 5301 2702 5356 triarcham
2749 5295 3414 5364 Constantinopolitanum
3445 5302 3498 5347 et
3555 5291 3854 5345 Eusebium
3884 5290 3984 5343 Do-

2406 5395 2557 5449 raliae
2587 5392 2904 5461 episc0pum
2935 5385 3448 5442 excommuniCavit.

2482 5482 2827 5538 Ohstiterunt
2865 5493 2996 5533 vero
3050 5476 3311 5531 Domnius
3343 5472 3656 5544 patriarcha
3690 5470 3983 5524 Antioche-

795 5703 861 5761 (°)
902 5702 998 5768 Has
1034 5706 1236 5768 paginas
1262 5705 1449 5768 eisdem
1493 5709 1710 5754 numeris
1764 5719 2023 5768 perperam
2082 5713 2374 5768 pramotatas
2410 5704 2589 5768 quibus
2613 5701 2955 5768 praecedentes
2998 5697 3324 5768 rlistimrtionis
3345 5706 3463 5768 ergo
3490 5690 3748 5768 asterisco.
3777 5689 3980 5768 tumlir

733 5753 989 5835 tut-trahas
1012 5753 1246 5817 it'tl‘itdice
1269 5753 1680 5835 subsiguavimus.
1712 5753 1915 5820 ld'cni'iu
1953 5753 2173 5819 numeris
2196 5753 2400 5817 liii-l3}!
2420 5753 2728 5817 commissum
2753 5761 2983 5813 similiter
3006 5759 3336 5809 indicavimus.
3375 5756 3513 5814 Quod
3539 5753 3698 5803 semel
3723 5766 3977 5800 mutnus»:

737 5831 858 5878 satis
875 5829 954 5878 sit.
