4200 6432
211 390 357 455 1053

1660 397 2031 460 ANNAIES.

3332 411 3466 479 105i:

201 525 333 573 IIIIS.
386 507 710 564 JUVcnalius
746 508 1297 581 Hierosolymitanus,
1334 511 1642 567 Mordasltts
1674 519 1783 566 Λῐι-
1814 519 1858 572 Α
1892 524 2036 590 quod
2090 523 2338 591 ejusdem
2391 525 2696 580 doctrinam
2743 528 3030 595 amplexus
3065 540 3231 595 esset,
3275 543 3327 586 ct
3375 548 3473 604 pa-

200 612 349 667 cyra:
382 598 703 667 episcopus,
738 606 792 653 et
817 603 924 653 Asa
953 599 1250 665 Rohensis,
1287 618 1409 656 cum
1452 602 1639 657 multis
1664 604 1789 658 aliis

199 688 504 758 episc0pis,
552 706 653 745 nec
702 708 814 746 non
877 694 1154 763 deputatis
1208 694 1406 749 Leonis
1462 697 1791 764 patriarchae

200 783 467 846 Romani,
508 782 772 840 Dioscoro
813 786 1142 852 patriarclne
1192 788 1568 843 Alexandrino
1616 791 1669 845 in
1726 808 1789 846 eo

199 877 352 947 quod
388 876 542 939 fecit,
572 888 625 932 et
679 880 1002 933 sententiam
1035 880 1206 950 ipsius
1256 892 1313 936 ut
1368 883 1659 938 absurdam
1693 885 1790 939 da-

199 970 1001 1025 mnarunt.Excommunicavit
1036 988 1165 1042 ergo
1212 974 1355 1038 ipsos
1397 976 1709 1039 Dioscorus,
1738 986 1789 1031 ct

200 1061 265 1114 ad
285 1059 533 1114 Leonem
565 1062 938 1130 patriarcham
966 1063 1275 1117 Romanum
1304 1074 1354 1120 et
1386 1068 1448 1119 ad
1475 1068 1789 1124 sacerdotes

199 1153 523 1222 complures
557 1154 779 1222 scripsit
828 1170 938 1223 quo
980 1154 1129 1223 ipsos
1178 1159 1685 1214 excommunicaret
1734 1171 1789 1214 ct

200 1254 560 1302 sacramento
591 1247 950 1302 interdiceret
979 1249 1084 1302 nisi
1120 1248 1445 1319 Eutychetis
1472 1252 1785 1319 Opinionem

204 1341 699 1409 ampleCterentur,
737 1349 901 1407 atque
960 1340 1015 1393 in
1066 1341 1168 1394 hac
1222 1344 1491 1395 sententia
1542 1343 1609 1395 ab
1657 1344 1787 1396 urbe

202 1430 426 1498 Epheso
465 1446 717 1485 reversus
752 1441 854 1493 est,
898 1433 1065 1501 idque
1110 1447 1253 1485 anno
1293 1435 1442 1502 regni
1495 1434 1785 1488 Theodosii

198 1522 450 1593 89-91
484 1521 730 1579 Junioris
760 1524 1202 1593 quadragesimo,
1242 1526 1385 1579 unde
1416 1536 1671 1595 corrupta
1703 1537 1788 1582 est

196 1616 372 1681 ﬁdes;
411 1615 628 1684 fuitque
680 1615 815 1671 ﬁdes
864 1624 918 1669 et
966 1620 1241 1672 sententia
1298 1616 1453 1689 [quae
1509 1618 1783 1689 obtinuit]

200 1708 475 1763 sententia
546 1707 902 1778 Eutychetis,
974 1711 1253 1779 prmciptie
1321 1712 1373 1763 in
1446 1710 1683 1780 zEgypto
1735 1724 1788 1763 ct

199 1800 586 1865 Alexandria;
648 1801 1016 1871 eamdemque
1078 1801 1402 1872 Eutychetis
1458 1805 1782 1857 sententiam

197 1894 488 1962 amplexus
518 1900 605 1946 est
636 1891 983 1948 Theodosius
1017 1895 1338 1962 imperator.
1365 1894 1538 1962 Cujus
1567 1892 1778 1961 imperii
1816 1878 1855 1935 Β

194 1998 344 2036 anno
371 1984 797 2053 quadragesimo
830 1993 1078 2039 mortuus
1128 1994 1209 2038 est
1241 1985 1530 2038 Flavianus
1559 1986 1785 2053 patriar~

196 2078 303 2127 cha
326 2074 1001 2146 Constantinopolitanns,
1026 2094 1187 2146 quem
1212 2079 1785 2131 exconnnnnicavcrat

197 2164 503 2221 Dioscorus
537 2182 549 2219 :
583 2169 671 2221 cui
698 2169 751 2221 in
774 2169 1145 2237 patriarchatu
1171 2168 1783 2236 Constantinopolitano

198 2259 470 2315 Suﬂ'ectus
509 2270 593 2314 est
619 2262 992 2325 Athanasius,
1054 2261 1145 2329 qui
1202 2276 1326 2313 cum
1377 2278 1549 2315 annos
1588 2275 1779 2313 novem

196 2349 461 2415 sedisset,
487 2363 744 2406 mortuus
768 2362 875 2407 est.
902 2354 1035 2422 Ejus
1060 2354 1393 2419 praefectura:
1422 2371 1566 2407 anno
1586 2369 1780 2421 quarto

196 2444 300 2497 fuit
334 2445 631 2498 concilium
666 2453 924 2514 quartum
955 2447 1007 2499 in
1045 2447 1177 2499 urbe
1211 2448 1575 2501 Chalcedone.
1610 2446 1778 2501 Porro

194 2552 348 2590 anno
382 2538 536 2607 regni
595 2536 886 2591 Theodosii
940 2539 1364 2607 quadragesimo
1403 2540 1576 2607 primo
1634 2556 1773 2592 mor-

194 2637 328 2681 tuus
387 2638 472 2682 est
514 2628 778 2682 Domnius
836 2630 1149 2697 patriarcha
1197 2632 1569 2685 Antiochenus
1612 2646 1774 2698 quem

195 2722 775 2777 excommunicaverat
834 2722 1164 2787 Dioscorus,
1221 2726 1664 2791 constitutnsque
1697 2735 1778 2777 cst

195 2822 323 2881 post
356 2814 536 2882 ipsntn
571 2813 878 2881 patriarcha
913 2814 1115 2869 ibidem
1155 2815 1445 2877 Maximus,
1476 2818 1567 2882 qui
1604 2831 1775 2869 annos

192 2912 437 2971 quatuor
468 2903 634 2968 sedit,
668 2903 794 2957 dein
830 2913 1083 2960 mortuus
1113 2917 1216 2959 cst.
1269 2906 1400 2976 Ejus
1440 2905 1775 2975 pra'fectnrze

192 3011 343 3049 anno
389 2998 557 3050 tertio
613 2997 715 3049 fuit
759 2999 1057 3051 concilium
1112 3008 1366 3067 quartmn
1420 3001 1771 3053 Chalcedoni.

194 3086 321 3141 Fuit
382 3096 566 3142 autem
616 3087 928 3142 Theodosio
976 3091 1295 3159 imperatori
1364 3107 1503 3145 uxor
1552 3093 1773 3145 nomine

196 3178 482 3245 Eudocia;
519 3196 754 3249 cumque
814 3182 1133 3251 imperatori
1188 3184 1450 3238 donatum
1500 3194 1644 3237 esset
1678 3201 1768 3251 po-

1896 617 2168 669 triarrhas
2220 617 2541 670 demortuos
2591 622 3148 684 excotnmnnicasset,
3186 632 3239 675 et
3269 639 3378 690 quo
3415 625 3478 677 ii-

1892 710 2015 762 dem
2067 709 2455 762 conﬁrmarent
2495 725 2654 775 quam
2718 711 3009 765 ediderant
3068 715 3172 767 tria
3234 718 3471 769 concilia

1895 811 2100 856 saneta.
2161 802 2553 855 Couvencrunt
2610 803 2774 870 igitur
2836 805 3169 859 Chalcedoni
3227 810 3469 874 episcopi

1892 896 2137 949 sexcenti
2194 894 2437 962 triginta.
2489 894 2704 947 Primas
2755 895 2807 946 in
2842 897 3077 949 concilio
3113 897 3471 949 oblittlletttnt

1892 988 2178 1041 Anatolius
2199 988 2507 1057 patriarcha
2530 987 2777 1057 93-95
2798 988 3217 1053 Constantinop,
3246 990 3359 1041 Μτη
3375 992 3466 1044 im.

1890 1081 2283 1139 Antiochentts,
2326 1090 2381 1132 et
2424 1078 2697 1133 Bullavius
2728 1081 3096 1151 lJnvenalius]
3151 1082 3467 1151 Hierosoly-

1892 1174 2152 1228 Iuitanus.
2191 1172 2299 1225 Leo
2326 1181 2503 1226 autem
2540 1173 2851 1241 patriarcha
2899 1174 3177 1229 Romanus
3230 1176 3293 1227 ad
3333 1175 3470 1227 Mar-

1890 1265 2109 1317 cianum
2152 1261 2536 1330 imperatorem
2580 1263 2647 1315 de
2686 1262 2789 1315 fide
2817 1266 3142 1323 orthodoxa.
3198 1266 3299 1318 lide
3334 1264 3467 1317 Mel-

1890 1356 2185 1414 chitarum,
2242 1354 2524 1417 scribens,
2579 1355 2865 1422 epistolam
2920 1371 3016 1424 per
3066 1358 3400 1409 sacerdotem
3436 1375 3465 1408 e

1892 1445 2182 1513 discipulis
2213 1446 2329 1498 suis
2356 1446 2642 1513 quemdam
2678 1449 2898 1499 nomine
2928 1446 3267 1500 Bonifacium
3298 1449 3461 1510 misit,

1889 1554 2053 1607 quam
2085 1536 2284 1590 deinde
2318 1534 2634 1591 Marcianus
2670 1538 2967 1605 imperator
2994 1556 3087 1608 per
3125 1538 3462 1592 Bonifacium

1892 1630 2237 1684 sacerdotem
2297 1631 2695 1683 Chalcedonem
2749 1631 2897 1685 misit
2946 1631 3011 1683 ad
3065 1634 3353 1700 episcopos
3391 1632 3463 1684 ihi

1891 1731 2275 1792 congregatos,
2311 1721 2403 1789 qui
2440 1722 2779 1774 Bonifacinzn
2818 1738 3046 1775 numero
3079 1734 3463 1777 seseentorum

1894 1816 2109 1879 triginta
2143 1823 2562 1865 arcer-suerunt.
2598 1814 2946 1881 Fueruntqne
2981 1819 3030 1867 in
3052 1815 3467 1869 conciliodisci-

1889 1902 1999 1971 puli
2028 1901 2298 1969 Euthytnii
2333 1904 2513 1955 sancti
2552 1903 2862 1973 Stephanus
2882 1906 3172 1972 cpiscopus
3202 1906 3461 1969 Barabitc,

1888 2003 1941 2048 et
1971 1992 2205 2047 Joannes
2233 1996 2526 2063 episcopus
2570 1995 2957 2049 Barbarorum.
3007 1996 3105 2049 lilii
3162 2014 3292 2066 ergo
3328 2015 3459 2051 con-

1887 2098 2173 2155 venerant,
2211 2088 2261 2139 in
2296 2087 2588 2142 falsitatem
2632 2090 2917 2141 sentcntiae
2957 2088 3196 2142 Dioscori
3231 2093 3463 2156 patriar-

1886 2181 2002 2234 cha:
2055 2181 2404 2233 Alexandrini
2457 2182 2882 2249 inquisivernut,
2938 2182 3154 2251 etquid
3210 2183 3275 2236 de
3324 2182 3464 2235 laeto

1886 2273 2060 2340 ipsius
2082 2270 2227 2338 quod
2256 2268 2575 2339 Eutychetis
2599 2273 2924 2323 sententiam
2951 2272 3233 2337 amplexus
3264 2274 3461 2334 fuerat,

1883 2375 1930 2415 et
1966 2364 2019 2415 in
2057 2364 2256 2429 ipsum,
2287 2378 2504 2429 unaque
2540 2363 2591 2413 in
2634 2361 3009 2430 Eutychetcm,
3045 2365 3330 2415 anathema
3366 2365 3460 2415 dc-

1886 2454 2231 2516 nuntiarunt,
2275 2462 2601 2515 statuentes,
2648 2456 2935 2508 Dominum
2977 2465 3221 2509 nostrum
3274 2455 3459 2508 Jt'SItlit

1883 2547 2160 2599 Christum
2205 2546 2370 2600 Deum
2407 2562 2526 2599 esse
2562 2557 2615 2598 et
2657 2546 2957 2611 hominem,
3007 2548 3293 2616 ipsumque
3319 2550 3462 2615 ejus-

1883 2635 2004 2688 dem
2041 2653 2164 2689 esse
2193 2637 2447 2689 esSentite
2476 2651 2600 2687 cum
2632 2634 2790 2688 Patre
2818 2638 2963 2704 quod
2997 2638 3060 2688 ad
3092 2638 3457 2700 divinitatem,

1881 2730 2235 2796 ejusdemque
2260 2743 2383 2781 cum
2416 2728 2573 2781 nohis
2600 2729 2743 2796 quod
2773 2729 2836 2780 ad
2866 2730 3277 2790 humanitatem,
3308 2739 3457 2781 utru~

1880 2837 1981 2889 que
2013 2830 2205 2872 natura
2230 2818 2493 2884 agnitum,
2523 2820 2821 2885 perfectum
2850 2820 2900 2871 in
2923 2818 3118 2871 divinit
3139 2828 3208 2871 ite
3246 2836 3361 2881 sua,
3394 2828 3449 2870 et

1881 2913 2179 2981 perfectum
2212 2912 2265 2965 in
2286 2912 2620 2965 humanitate
2652 2929 2773 2970 sua,
2804 2912 3077 2963 Christum
3106 2927 3291 2963 unum.
3318 2912 3456 2962 Con-

1882 3006 2273 3071 ﬁrtnarnntqtte
2313 3003 2614 3057 doctrinam
2648 3003 3027 3071 episcoporum
3082 3012 3448 3055 trecentorum

1878 3095 2177 3147 octodecim
2207 3094 2296 3161 qui
2334 3094 2530 3147 Nicaea!
2557 3102 2950 3153 convenerunt,
2988 3092 3217 3160 amplexi
3249 3092 3451 3143 dictum

1879 3189 2151 3253 ipsorum;
2191 3202 2310 3239 esse.
2343 3187 2553 3238 scilicet
2586 3186 2784 3239 Filium
2830 3186 2977 3238 Patri
3011 3186 3452 3246 coessmttialetn,

193 3289 344 3328 mum
398 3282 643 3340 tempore
688 3289 797 3342 quo
848 3290 955 3327 non
1011 3276 1378 3343 reperirentur
1426 3292 1608 3343 poma,
1660 3277 1773 3342 ipse,
1802 3242 1845 3302 C
1880 3278 2059 3331 lumen
2092 3276 2158 3329 de
2195 3277 2421 3339 lumine,
2456 3276 2620 3328 Deum
2656 3293 2841 3329 verum
2891 3278 2957 3329 de
2993 3277 3102 3327 Deo
3138 3293 3285 3335 vero,
3322 3292 3455 3328 ana.

193 3366 328 3419 illud
370 3366 624 3419 Eudociaa
654 3365 811 3418 uxori
846 3365 1015 3429 dedit,
1048 3377 1103 3419 at
1136 3382 1260 3420 cum
1299 3380 1479 3432 postea
1521 3370 1608 3422 die
1634 3384 1773 3436 quo-

191 3459 319 3511 dam
357 3458 581 3511 domum
635 3458 854 3527 patricii
889 3458 1174 3525 cujusdam
1226 3460 1530 3527 ingressus,
1563 3462 1634 3514 ibi
1674 3478 1772 3528 po-

193 3565 344 3603 mum
387 3550 532 3603 istud
568 3551 888 3617 reperisset,
922 3565 1064 3618 a‘gre
1090 3551 1378 3604 admodum
1407 3553 1533 3605 illud
1564 3553 1773 3618 habuit,

194 3641 533 3708 tristitiaque
568 3640 797 3693 allectus
827 3649 930 3703 est,
980 3642 1291 3708 suspicatus
1338 3656 1563 3694 uxorem
1609 3658 1763 3695 suam

196 3737 494 3791 Eudociam
531 3736 766 3805 patricio
801 3736 889 3789 isti
918 3736 1236 3789 amiciorem
1268 3750 1413 3789 esse.
1447 3734 1621 3803 Ipsam
1646 3749 1776 3803 ergo

194 3830 571 3899 Hierosolyma
613 3828 897 3895 relegavit.

270 3922 489 3976 Mortuo
529 3919 841 3974 Theodosio
901 3920 1131 3973 Juniore
1180 3919 1493 3974 Grmcornm
1545 3919 1775 3987 impera-

194 4024 339 4079 tore,
378 4013 485 4082 92
527 4012 815 4079 imperavit
872 4010 1009 4079 ipsis
1059 4010 1371 4064 Marcianus
1420 4025 1595 4063 annos
1645 4025 1776 4071 sex,

201 4109 362 4173 idque
388 4119 534 4157 anno
561 4104 712 4173 regni
739 4101 1094 4169 Yazdejerdis
1125 4101 1162 4155 f.
1196 4102 1449 4155 Bahrami
1487 4101 1776 4154 Persarum

198 4199 344 4265 regis
379 4196 597 4251 decimo
632 4206 854 4264 quarto.
895 4195 991 4249 Ubi
1033 4205 1214 4247 autem
1247 4209 1415 4261 regno
1459 4194 1666 4261 potitus
1695 4200 1779 4245 est

195 4287 535 4351 Marcianus,
593 4288 983 4341 convenientes
1039 4301 1104 4340 ex
1152 4286 1411 4340 omnibus
1461 4284 1779 4354 regionibus

194 4381 469 4451 episcopi,
520 4380 735 4449 ipsique
780 4379 1069 4446 imperium
1124 4380 1364 4433 faustum
1420 4378 1778 4446 comprecati,

198 4480 392 4527 notum
424 4472 526 4540 ipsi
555 4472 805 4524 fecerunt
829 4486 990 4539 quam
1020 4471 1204 4538 inique
1226 4471 1428 4534 egisset
1487 4468 1777 4522 concilium

195 4562 502 4619 seettndutn
553 4562 911 4631 Ephesinum,
948 4570 1000 4614 et
1035 4562 1165 4629 quid
1221 4562 1441 4614 fecisset
1482 4560 1778 4614 Dioseorus

198 4652 514 4723 patriarcha
564 4653 988 4716 Alexandrinus,
1031 4652 1527 4705 evcomtnnnicatis
1579 4652 1776 4721 injuria

194 4744 532 4815 patriarchis
564 4746 655 4813 qui
690 4746 889 4797 mortui
926 4745 1165 4803 fuerant,
1200 4754 1253 4796 et
1294 4745 1623 4797 sententiam
1665 4743 1775 4797 En-

199 4838 440 4909 tychetis
476 4837 711 4891 inﬁdelis
742 4838 1023 4905 amplexus
1070 4852 1294 4905 eatnque
1338 4846 1394 4888 ut
1429 4850 1612 4889 veram
1642 4853 1776 4891 con-

199 4932 455 4991 ﬁrmans,
500 4940 554 4984 et
595 4930 871 5000 qumnodo
920 4930 1079 4984 (idem
1127 4941 1182 4983 et
1236 4930 1559 4983 traditiones
1596 4945 1778 4984 corru-

198 5022 393 5091 pisset,
439 5022 575 5076 adeo
613 5034 669 5074 nt
698 5022 1019 5077 Eutvchetis
1045 5023 1316 5076 sententia
1345 5024 1485 5092 apud
1532 5022 1777 5074 homines

200 5115 587 5168 invalesccret.
650 5113 824 5169 Jussit
890 5131 1019 5183 ergo
1086 5114 1397 5169 Marcianus
1455 5131 1545 5168 rex
1612 5114 1775 5168 scribi

199 5208 418 5261 litteras
455 5206 520 5259 ad
558 5207 797 5270 Leonem
841 5209 1211 5277 patriarcham
1245 5207 1576 5271 Romanum,
1613 5206 1779 5259 Maxi-

200 5318 348 5355 tnntn
392 5301 760 5369 patriarcham
793 5303 1190 5355 Antiocltenum
1222 5313 1275 5355 et
1308 5302 1606 5355 Bullavium
1640 5299 1776 5371 [Ju-

200 5390 519 5462 vcnalium]
561 5392 931 5460 patriarcham
968 5390 1542 5463 llicrosolymitanntn,
1574 5401 1631 5446 ut
1670 5408 1776 5446 una

201 5500 328 5537 cum
353 5483 1068 5553 metropolitisetepiscopis
1108 5486 1220 5539 suis
1256 5485 1620 5547 accredercnt;
1659 5484 1774 5538 dari

202 5577 369 5629 etiam
408 5576 622 5631 litteras
654 5576 719 5628 ad
755 5576 1043 5645 episc0pos
1075 5577 1164 5644 qtti
1208 5592 1237 5630 e
1271 5575 1580 5630 Cra-corum
1617 5576 1776 5629 terri-

204 5670 350 5723 torio
375 5677 562 5723 essent
594 5677 649 5722 ut
675 5683 869 5722 omnes
898 5668 1232 5723 Chalcedoni
1267 5670 1641 5731 convenirent,
1667 5686 1775 5738 qtto

206 5761 273 5813 ale
308 5758 579 5815 sententia
635 5759 953 5829 Eutychetis
999 5761 1332 5829 dispircrcnt
1380 5762 1775 5829 disquirerent-

205 5868 334 5921 quo,
369 5862 424 5909 et
453 5851 521 5909 dc
569 5850 708 5909 facto
748 5852 993 5910 Dioscuri
1047 5854 1370 5923 patriarchae
1419 5854 1771 5912 Alexandrini

1881 3371 2061 3422 thema
2110 3370 2271 3423 etiam
2311 3370 2563 3422 dixerunt
2763 3369 2911 3429 Ario,
2961 3378 3011 3418 et
3064 3371 3455 3419 conﬁrmarunt

1878 3461 2177 3513 doctrinam
2238 3462 2458 3513 conciiii
2514 3460 2741 3513 seettndi
2796 3472 3009 3511 Centum
3059 3459 3453 3525 quinquaginta

1877 3552 2262 3621 episeoporutn
2314 3553 2403 3616 qui
2453 3550 2928 3617 Constantitmpnli
2977 3562 3165 3601 ct‘nttra
3209 3549 3455 3601 Macedo-

1886 3645 2036 3697 nium
2079 3654 2471 3708 convenerant,
2546 3656 2853 3697 asserentes
2902 3642 3161 3710 Spiritum
3208 3653 3455 3693 sanctum

1882 3754 2002 3792 esse
2056 3737 2251 3797 Deum,
2295 3752 2528 3805 esseque
2580 3736 2793 3790 Patrem
2844 3733 3041 3787 Filium
3090 3745 3144 3786 et
3194 3734 3458 3801 Spiritum

1881 3838 2130 3882 SﬂllCtlllll
2188 3828 2354 3882 Deum
2409 3844 2597 3891 ιιηιιιη,
2630 3842 2788 3879 unam
2846 3837 3123 3886 ιιτὶῑιινιὶιη,
3180 3836 3290 3879 U‘CS
3340 3840 3455 3893 PP?-

1880 3937 2065 3983 sonas,
2113 3930 2164 3973 et
2213 3929 2324 3973 tres
2349 3919 2692 3988 hypostases.
2724 3917 3101 3970 Macedoniam
3134 3916 3296 3969 etiam
3327 3930 3458 3967 ana-

1882 4014 2331 4065 thematizarunt.
2359 4011 2766 4064 Conlirmarunt
2796 4011 2958 4063 etiam
2993 4010 3297 4062 doctrinam
3330 4023 3457 4059 con-

1880 4106 1991 4159 cilii
2026 4104 2199 4167 tertii,
2233 4119 2422 4156 eorum
2474 4119 2668 4170 nempe
2722 4104 2811 4171 qui
2869 4101 3067 4171 Ephesi
3123 4102 3293 4168 prima
3345 4100 3458 4152 vice

1882 4206 2304 4261 convenerant,
2346 4196 2600 4248 videlicet
2642 4196 3026 4262 episcoporum
3075 4193 3458 4255 ducentorum,

1881 4303 2070 4343 contra
2092 4289 2448 4353 Nestorium;
2490 4289 2735 4341 dicentes
2783 4288 3004 4340 Mariam
3053 4286 3326 4354 Virginem
3374 4299 3457 4352 ρας

1884 4383 2095 4451 perisse
2128 4381 2318 4440 Deum,
2357 4379 2647 4431 Dominum
2686 4388 2928 4431 nostrum
2967 4375 3153 4431 Jesum
3178 4376 3457 4431 Christum

1884 4474 1978 4544 qui
2013 4472 2261 4541 ejusdem
2319 4478 2405 4524 est
2460 4486 2584 4523 cum
2626 4472 2785 4524 Patre
2829 4486 2932 4524 suo
2982 4481 3191 4523 naturae
3222 4469 3457 4530 divinte,

1812 4587 1856 4643 ι)
1886 4565 2134 4633 ejusdem
2177 4580 2300 4618 cum
2343 4564 2662 4617 hominibus
2691 4573 2899 4615 natura:
2934 4562 3205 4619 humanae.
3236 4576 3298 4613 ac
3330 4576 3448 4612 con-

1883 4658 2015 4713 fessi
2048 4658 2186 4711 duas
2218 4672 2339 4711 esse
2391 4656 2612 4709 Christo
2659 4666 2911 4719 naturas,
2942 4669 3228 4723 personam
3274 4668 3456 4715 titiam,

1884 4750 2204 4819 hypostasin
2234 4764 2435 4814 unam;
2483 4759 2535 4801 et
2569 4746 2883 4802 Nestorium
2928 4750 3276 4800 anathemate
3301 4746 3453 4797 devo-

1883 4852 2099 4908 verunt,
2157 4858 2255 4897 nec
2308 4857 2419 4895 non
2470 4840 2814 4905 Dioscorum,
2872 4848 2925 4891 et
2981 4838 3235 4907 quisquis
3294 4836 3459 4903 ipsius

1883 4934 2205 4987 sententiam
2227 4931 2970 5000 amplecteretur,ipsumque
2994 4929 3113 4980 loco
3136 4926 3456 4980 abdicarunt

1883 5028 2173 5081 anathema
2190 5026 2353 5078 etiam
2374 5025 2632 5078 dixerunt
2655 5023 2886 5075 concilio
2906 5020 3148 5078 secundo
3167 5020 3459 5087 Ephesino.

1884 5118 2179 5185 Adt‘uitqne
2232 5116 2359 5168 huic
2413 5116 2647 5167 concilio
2692 5113 3110 5166 archidiaconus
3142 5110 3462 5163 Alexandri-

1885 5226 1988 5262 nus
2022 5209 2241 5261 nomine
2274 5208 2579 5265 Proterius.
2626 5223 2787 5274 quem
2831 5206 3195 5273 patriatcham
3235 5206 3455 5255 Alexan-

1884 5300 2013 5354 dria!
2035 5301 2155 5352 loco
2184 5300 2424 5353 Dioscori
2460 5298 2711 5355 infidelis.
2753 5297 3051 5361 maledicti,
3082 5297 3455 5364 pra-fecerunt.

1954 5392 2070 5445 Jam
2117 5407 2146 5445 a
2177 5392 2412 5445 concilio
2448 5390 2631 5455 tertio,
2678 5389 2953 5457 Ephesino
2990 5390 3199 5441 scilicet
3241 5388 3456 5454 cpisco-

1883 5501 2074 5555 potnm
2114 5487 2473 5537 ducrntorum
2504 5482 2596 5550 qui
2647 5483 2817 5549 prima
2866 5482 2984 5533 vice
3026 5479 3223 5545 Ephesi
3258 5494 3454 5531 conve-

1884 5579 2095 5632 nientes
2146 5575 2455 5629 Nestorium
2516 5576 2864 5627 anathemate
2923 5579 3336 5640 percusserunt,
3389 5568 3452 5620 ad

1881 5679 2133 5741 quartum
2196 5669 2295 5721 hoc
2336 5668 2628 5721 cont-ilium
2678 5666 2820 5735 quod
2851 5664 3179 5717 Chnlcedoni
3219 5663 3454 5715 habitum

1881 5772 1985 5823 cst,
2041 5761 2167 5814 anni
2218 5771 2342 5814 sunt
2396 5761 2585 5829 viginti
2622 5776 2787 5820 unus,
2834 5758 2937 5810 hoc:
2988 5771 3181 5823 nempe
3236 5754 3287 5805 in
3321 5753 3427 5821 97

1880 5855 1991 5925 99
2042 5871 2147 5923 quo
2197 5863 2576 5910 cotn'cncrunt
2616 5852 2858 5920 epuopj
2921 5847 3165 5905 δεχροςηιί
3212 5846 3457 5916 ωεξηελ,
