4200 6432
720 469 858 530 1055

1738 461 2104 525 ΕΗΤΥΟΗΙῙ
2145 456 2684 518 ALEXANDRINI
2715 457 2937 517 PATR.

3826 450 3961 512 10.56

716 582 807 648 qui
847 579 1159 635 Dioscorum
1192 588 1248 631 et
1288 577 1641 650 Entyehetem
1677 579 2029 632 anathemate
2061 577 2291 630 devove-
2322 576 2366 631 Δ
2396 571 2562 625 clesia
2587 569 2769 642 Cyrini
2796 591 2811 638 ;
2849 572 2974 625 dein
3002 584 3201 639 corpus
3243 567 3413 638 ipsius
3443 568 3657 619 camelo
3685 566 3734 617 in
3763 562 3963 632 Hippo-

716 681 863 723 runt.
904 668 1140 740 Egyptii
1170 686 1301 724 vero
1328 680 1379 725 et
1416 669 1763 724 Alexandriae
1804 668 1998 722 incolae.
2035 667 2284 722 Dioscori

712 774 765 819 et
795 762 1111 832 Eutychetis
1144 764 1473 817 sententiam
1506 763 1742 831 amplexi
1780 761 2021 824 fuerant,
2060 769 2112 813 et
2158 757 2287 813 Dio-

712 872 935 910 sem-mu
955 856 1156 925 injuria
1176 857 1520 909 anathemate
1545 870 1864 925 percussum
1891 852 2281 915 atttnmarunt‘;

713 957 860 1000 metu
890 955 1067 1001 autem
1092 948 1350 1002 Marciani
1382 950 1525 1017 regis
1557 946 1879 1001 sententiam
1923 960 2077 1000 suam
2105 944 2280 1014 palam

636 1091 640 1095 ,
716 1036 963 1104 proferre
994 1040 1112 1091 ausi
1150 1054 1257 1092 non
1291 1048 1441 1093 sunt.
1490 1038 1789 1092 Dioscorus
1821 1052 1951 1090 vero
1980 1038 2100 1091 loco
2128 1036 2286 1090 abdi-

716 1142 874 1185 catus
900 1130 1234 1187 Palmstinam
1269 1141 1321 1186 et
1340 1132 1710 1203 Hierosolyma
1736 1130 2008 1200 profectus
2038 1131 2283 1185 omnium

724 1222 800 1277 ibi
848 1222 1158 1293 degentium
1192 1224 1349 1278 ﬁdem
1378 1225 1647 1292 corrupit,
1683 1224 1820 1277 adeo
1875 1232 1932 1300 ut
1967 1223 2107 1276 idem
2156 1236 2306 1293 eum.

717 1316 837 1382 ipso
882 1325 1212 1382 assererent,
1254 1318 1568 1373 conciliavit
1616 1316 1780 1369 etiam
1834 1316 1938 1369 sibi
1994 1315 2284 1383 episcopos

714 1423 930 1472 eorum,
968 1418 1022 1462 et
1057 1409 1296 1464 Endoeia
1325 1409 1612 1462 Theodosii
1645 1396 1992 1477 imperatoris
2020 1422 2155 1460 uxor
2189 1421 2286 1459 au-

716 1502 830 1554 dita
865 1500 1112 1556 Dioscori
1148 1504 1421 1557 sententia
1455 1501 1505 1556 ei
1537 1516 1824 1557 assensum
1857 1498 2108 1569 praebuit,
2141 1498 2284 1551 ntul~

716 1602 883 1660 taque
935 1593 1037 1660 ipsi
1088 1592 1316 1648 donaria
1359 1595 1530 1650 misit.
1578 1593 1814 1647 Sanctus
1860 1603 2037 1646 autem
2083 1591 2289 1660 Euthy-

718 1686 883 1743 mius.
912 1683 1305 1753 Hierosolymis
1328 1687 1487 1741 ﬁdem
1519 1685 1879 1740 orthodoxam
1895 1684 2289 1754 propugnabat

718 1788 772 1829 et
824 1777 1095 1837 tuebatur,
1149 1779 1240 1843 qui
1299 1786 1353 1831 et
1405 1778 1470 1833 ad
1511 1776 1803 1831 Eudoeiam
1831 1779 2057 1831 mittens
2106 1776 2288 1829 dixit:

720 1866 797 1919 Ne
835 1867 1068 1935 recipias
1114 1868 1359 1923 liioscori
1415 1870 1763 1931 sententiam,
1814 1876 2005 1937 utpote
2033 1869 2124 1938 qui
2166 1870 2289 1922 loco
2324 1899 2363 1953 Β

721 1959 934 2026 pulsus,
963 1968 1017 2015 et
1047 1961 1396 2016 anathemate
1431 1975 1724 2030 percussus
1778 1960 1851 2015 sit
1881 1975 1985 2013 una
2022 1976 2143 2014 cum
2169 1976 2292 2013 om-

723 2052 888 2106 nibus
920 2054 1012 2120 qui
1048 2055 1375 2108 sententiam
1419 2053 1590 2123 ipsius
1619 2053 2046 2121 amplectuntur.
2087 2052 2290 2108 Rever-

721 2155 834 2194 tere
869 2159 1000 2210 ergo
1053 2145 1117 2197 ad
1150 2159 1268 2197 eam
1312 2159 1473 2214 quam
1526 2144 1774 2213 professa
1821 2159 1942 2197 eras
1982 2144 2288 2199 veritatem.

718 2234 1050 2285 Auscultans
1103 2248 1233 2302 ergo
1280 2232 1518 2286 Eudocia
1570 2234 1718 2285 dicto
1771 2232 1941 2286 sancti
1990 2230 2290 2301 Euthymii,

721 2322 973 2374 abdicata
1024 2321 1269 2375 Dioscm-i
1324 2323 1592 2375 sententia
1635 2321 1699 2375 ad
1742 2322 2024 2375 veritatem
2073 2338 2290 2376 reversa

720 2422 826 2472 ett,
880 2413 1058 2465 utultis
1104 2412 1180 2466 illi
1217 2413 1402 2472 missis
1451 2413 1796 2467 muneribus.
1829 2413 2089 2468 Condidit
2128 2417 2290 2469 etiam

725 2501 965 2554 iiudocia
1003 2499 1396 2573 Hierosolymis
1447 2503 1652 2556 multas
1693 2503 1991 2589 ecclesias,
2021 2512 2074 2557 et
2114 2488 2297 2559 cceno-

728 2594 837 2646 hia.
875 2592 1064 2654 Porro,
1108 2608 1254 2647 anno
1287 2593 1448 2647 tertio
1488 2594 1638 2664 regni
1673 2592 1930 2648 Marciani
1958 2597 2295 2652 constitutus

726 2695 809 2738 est
852 2685 1179 2739 Anastasius
1232 2685 1542 2753 patriarcha
1594 2683 2140 2755 llierosolymitanus,
2201 2686 2293 2754 qui

723 2777 969 2831 Jacobita
1009 2776 1107 2831 fuit
1138 2794 1152 2830 :
1193 2776 1338 2831 sedit
1368 2792 1543 2831 annos
1566 2777 1957 2841 novemdecim,
1991 2778 2114 2830 dein
2146 2792 2295 2832 mor-

724 2879 854 2921 tuus
909 2876 1011 2924 est.
1051 2866 1255 2923 Eodem
1320 2883 1467 2922 anno
1499 2867 1656 2937 100
1700 2866 1878 2921 factus
1920 2876 2005 2921 est
2060 2868 2299 2923 Basilius

723 2961 1035 3031 patriarcha
1081 2962 1482 3028 Antioeheuus;
1543 2960 1681 3014 duos
1720 2974 1896 3013 annos
1947 2959 2111 3024 sedit,
2173 2961 2295 3014 dein

729 3067 981 3108 mortuus
1020 3062 1122 3107 est.
1174 3055 1333 3107 Anno
1366 3052 1519 3122 regni
1561 3051 1808 3122 ejusdem
1844 3051 2063 3119 quinto,
2093 3051 2299 3105 consti-

730 3156 879 3201 tuttts
925 3157 1011 3202 est
1058 3145 1350 3215 Martyrius
1398 3145 1711 3213 patriarcha
1750 3145 2154 3207 Antiochcnus,
2205 3145 2295 3213 qui

2396 664 2645 718 dromum
2669 680 2945 734 magnum,
2964 664 3107 733 quod
3138 661 3408 716 exstruxit
3439 659 3766 714 Ptolomaeus
3785 656 3965 723 appel-

2396 754 2543 811 latus
2598 754 2795 823 Lagus,
2842 765 3137 826 gestatum,
3179 755 3304 825 igne
3363 761 3699 807 cremaruut.
3770 748 3963 808 Porro,

2397 850 2649 920 apparuit
2682 850 2733 901 in
2766 850 2907 903 etelo
2929 849 3102 903 nubes
3138 849 3314 918 ignea,
3352 861 3475 899 cmn
3513 844 3747 903 tonitru,
3778 849 3830 893 et
3868 839 3969 891 fu!-

2395 952 2549 1006 gure,
2602 952 2667 993 ac
2714 947 3023 992 terrtemotu
3074 954 3273 1006 magno
3324 935 3518 990 diebus
3576 932 3962 1000 quadraginta.

2398 1026 2627 1082 Sederat
2669 1028 2948 1084 Proterius
2989 1044 3081 1083 sex
3112 1043 3290 1081 annos
3332 1041 3455 1080 cum
3489 1023 3810 1078 interfectus
3860 1032 3965 1073 est.

2399 1118 2527 1175 Post
2562 1121 2739 1190 ipsunt
2778 1121 3041 1176 suffectus
3084 1129 3168 1173 est
3199 1114 3524 1171 Timotheus
3572 1112 3815 1168 Anatolii
3852 1112 3967 1163 fra-

2397 1222 2502 1276 ter,
2533 1214 2624 1282 qui
2655 1211 2916 1266 Janurius
2952 1212 3125 1283 audit,
3184 1210 3236 1261 in
3270 1207 3699 1276 patriarchatum
3726 1204 3968 1256 Alexan—

2397 1305 2533 1359 dria?
2551 1307 2642 1374 qui
2674 1304 2920 1359 Jacobita
2959 1304 3080 1356 fuit.
3138 1301 3234 1355 Hic
3270 1316 3392 1354 cum
3425 1313 3602 1352 annos
3644 1306 3757 1350 tres
3793 1294 3969 1348 sedis-

2400 1406 2518 1461 set,
2552 1398 2658 1450 dux
2702 1396 2923 1464 quidam
2972 1394 3193 1448 nomine
3246 1391 3446 1445 Balaus
3488 1384 3968 1455 Constantinopoli

2398 1489 2783 1545 Alexandriam
2816 1483 3143 1557 pervenistis
3173 1485 3348 1554 ipsum
3395 1480 3653 1551 relegavit
3684 1480 3739 1533 in
3785 1478 3969 1531 locum

2395 1579 2607 1633 dictum
2652 1578 3010 1648 Marsuphin;
3063 1585 3155 1646 qui
3200 1579 3354 1630 vicus
3398 1583 3480 1628 est
3510 1573 3575 1625 ad
3613 1573 3766 1624 littus
3798 1567 3971 1621 maris

2396 1671 2542 1737 quod
2588 1670 2791 1724 Pontus
2846 1670 3018 1724 audit.
3050 1666 3462 1734 Prae-lectusque
3507 1670 3594 1717 est
3650 1658 3971 1730 patriarcha

2396 1765 2743 1818 Alexandriae
2780 1761 3099 1816 Timotheus
3151 1760 3311 1823 alter,
3341 1759 3433 1827 qui
3465 1757 3639 1811 Surus
3662 1752 3972 1820 appellatus

2398 1862 2503 1921 est,
2531 1853 2623 1923 qui
2663 1854 2823 1906 etiam
2850 1850 3095 1906 Jacobita
3146 1849 3286 1915 fuit;
3340 1863 3514 1902 annos
3540 1845 3849 1916 quindecim
3884 1859 3973 1897 se-

2396 1947 2494 2011 dit,
2532 1946 2654 1999 dein
2683 1950 2936 1998 mortuus
2962 1950 3067 1997 est.
3106 1940 3297 2005 Porro,
3342 1956 3487 1993 anno
3521 1938 3733 2006 imperii
3771 1935 3971 1989 Leonis

2394 2037 2570 2107 Magni
2602 2037 2816 2092 decimo
2846 2043 3021 2097 sexto,
3057 2034 3238 2088 factus
3269 2040 3351 2087 est
3379 2031 3638 2085 Martinus
3661 2028 3971 2098 patriarcha

2394 2131 2925 2201 Hicresolymitanus
2948 2147 2961 2195 ;
2988 2128 3238 2183 Jacohita
3266 2134 3418 2180 erat:
3458 2140 3633 2179 annos
3659 2132 3784 2177 octo
3806 2121 3975 2186 sedit,

2394 2223 2520 2278 dein
2577 2232 2829 2276 mortuus
2882 2231 2984 2277 est.
3024 2222 3182 2273 Anno
3234 2218 3478 2286 ejusdem
3539 2217 3689 2283 regni
3753 2212 3974 2267 decimo

2395 2314 2729 2370 constitutus
2756 2322 2842 2367 est
2866 2313 3098 2366 Aeacius
3130 2309 3437 2378 patriarcha
3460 2304 3976 2373 Constantinopoli-

2396 2415 2581 2469 tauus,
2646 2405 2773 2479 qui_.
2807 2418 2931 2467 cum
2986 2401 3246 2454 tredecim
3307 2413 3482 2451 annos
3531 2395 3688 2467 105
3736 2396 3973 2448 sedisset

2395 2508 2645 2551 mortuus
2676 2490 2779 2549 est.
2814 2498 2972 2549 Anno
3005 2493 3244 2563 ejusdem
3276 2490 3600 2546 duodecimo
3634 2487 3975 2541 constitutus

2396 2597 2476 2643 est
2521 2586 2761 2641 Joannes
2813 2586 3124 2653 patriarcha
3183 2581 3589 2642 Antioeheuus,
3642 2578 3735 2647 qui
3797 2592 3970 2630 unum

2398 2694 2600 2734 annum
2637 2678 2800 2742 sedit,
2836 2678 2960 2732 dein
3018 2662 3267 2730 mortuus
3311 2685 3415 2728 est.
3470 2668 3726 2740 Ejusdem
3756 2668 3974 2723 decimo

2404 2773 2566 2826 tertio
2591 2770 2770 2824 factus
2803 2780 2884 2824 est
2923 2768 3175 2823 Julianus
3223 2766 3535 2838 patriarcha
3569 2762 3972 2823 Antiochenus,

2400 2875 2570 2914 annos
2601 2860 2842 2929 quinque
2871 2861 3035 2924 sedit,
3073 2860 3195 2912 dein
3231 2866 3480 2911 mortuus
3498 2863 3600 2907 est.
3633 2857 3791 2905 Anno
3820 2851 3975 2917 regni

2402 2953 2572 3021 ipsius
2602 2958 2795 3004 octavo
2813 2958 3031 3004 creatus
3062 2957 3145 3003 est
3165 2947 3403 3002 Hilarius
3435 2946 3741 3015 patriarcha
3769 2941 3977 2994 Roma-

2412 3042 2680 3111 nus,qui,
2721 3056 2844 3095 cum
2889 3036 2982 3095 sex
3034 3055 3209 3094 annos
3254 3040 3511 3100 sedisset,
3568 3047 3819 3088 mortuus
3869 3044 3977 3087 est.

2404 3133 2662 3202 Ejusdem
2706 3146 2850 3185 anno
2894 3131 3106 3185 decimo
3153 3138 3306 3185 sexto
3350 3129 3685 3181 constitutus
3717 3133 3800 3176 est
3838 3124 3979 3175 Sile-

728 3252 853 3296 υοιο
908 3255 1083 3295 annos
1124 3214 1289 3301 sed“,
1327 3240 1451 3293 dein
1500 3248 1752 3292 manuus
1784 3245 1889 3290 ρει,
1958 3238 2115 3289 Anno
2151 3235 2299 3300 regni
2330 3235 2371 3290 ο
2408 3239 2510 3275 nus
2542 3222 2852 3289 patriarcha
2890 3219 3190 3281 ltomanus,
3237 3218 3325 3285 qui
3361 3214 3776 3284 quatttordecim
3805 3226 3982 3265 annos

729 3336 743 3389 i
774 3334 902 3388 :sius
930 3343 1087 3386 se.on
1131 3335 1463 3388 constitutus
1515 3338 1595 3386 est
1628 3328 1939 3382 Gennadius
1992 3327 2299 3394 patriarcha

728 3428 1370 3497 Constantinopolitanus
1392 3468 1406 3493 ,
1430 3429 1522 3495 qui
1561 3426 1745 3479 decem
1779 3441 1953 3479 annos
1983 3424 2145 3488 sedit,
2176 3424 2299 3479 dein

731 3530 981 3575 mortuus
1004 3527 1108 3574 est.
1137 3519 1403 3590 Tempore
1428 3517 1686 3571 Marciani
1722 3516 1823 3569 fuit
1854 3497 2089 3584 Symcon
2121 3516 2302 3568 seclu-

732 3629 848 3671 sus,
891 3610 983 3679 qui
1022 3610 1073 3663 in
1107 3609 1361 3662 columna
1408 3607 1558 3663 stetit
1605 3602 1871 3677 [Stylita].
1898 3604 2019 3658 Fuit
2071 3604 2159 3657 ille
2190 3618 2333 3656 mou

732 3701 1032 3754 nachornm
1063 3699 1155 3769 qui
1216 3699 1267 3751 in
1304 3698 1496 3752 cellam
1528 3713 1587 3751 se
1618 3696 1825 3765 recepit
1854 3695 2066 3763 primus
2101 3692 2304 3759 fuitque

733 3794 838 3847 hoc
879 3795 931 3847 in
990 3792 1270 3847 territorio
1313 3790 1617 3844 Antiochia:
1655 3792 1709 3841 in
1747 3794 1954 3847 monte,
2001 3786 2093 3855 qui
2150 3799 2305 3837 mons

733 3885 1001 3940 Mirabilis
1032 3884 1253 3938 dicitur.
1292 3881 1491 3936 Eodem
1530 3891 1773 3949 tempore
1806 3885 2031 3933 sanctus
2059 3874 2309 3929 Theodo-

734 3977 849 4029 sius
878 3974 1168 4042 praefectus
1202 3972 1453 4029 coenobio
1496 3971 1559 4023 Al
1604 3968 1886 4023 Dawakesi
1948 3982 1977 4022 e
2004 3968 2179 4036 patria
2209 3980 2307 4020 sua

736 4067 1230 4136 profcctus,donec
1262 4065 1324 4119 ad
1362 4063 1673 4117 Simeonem
1703 4061 1976 4115 seclusum
2008 4058 2309 4113 Antiochiae

737 4159 1099 4228 pervenisset,
1131 4171 1253 4210 cum
1283 4171 1348 4209 eo
1380 4154 1572 4209 diebus
1603 4153 1811 4220 aliquot
1843 4150 2165 4219 permansit,
2198 4158 2309 4201 tum

738 4251 1119 4320 Hierosolyma
1150 4247 1416 4302 accedens
1442 4244 1746 4299 monachus
1775 4241 1952 4295 factus
1984 4250 2087 4293 est.
2115 4240 2308 4301 Porro,

741 4359 887 4397 anno
936 4350 1092 4396 sexto
1146 4338 1365 4408 imperii
1424 4335 1685 4390 Mart-iani
1745 4334 1886 4402 regis
1942 4331 2309 4384 Rotnanorum

740 4444 991 4489 mortuus
1036 4444 1117 4488 est
1149 4430 1448 4499 Yazdejerd
1493 4427 1741 4483 Bahrami
1786 4425 1928 4479 filius
1973 4440 2064 4477 rex
2119 4422 2315 4476 Persa-

743 4545 888 4583 rum.
946 4526 1066 4591 Quo
1096 4542 1125 4578 c
1158 4525 1337 4577 medio
1368 4522 1583 4576 sublato
1612 4520 1677 4573 de
1714 4534 1879 4588 regno
1910 4516 2316 4569 contenderunt

741 4623 848 4675 duo
881 4620 1054 4689 ipsius
1090 4618 1183 4671 filii
1222 4615 1421 4669 Phiruz
1450 4622 1502 4668 et
1535 4611 1789 4674 Hermes,
1847 4610 1969 4663 aliis
2004 4623 2031 4659 a
2064 4607 2313 4675 partibus

741 4711 985 4775 Phiruzi,
1010 4710 1130 4763 aliis
1157 4708 1223 4761 ab
1242 4705 1493 4759 Hortnozi
1515 4702 1812 4764 stantibtzs,
1837 4699 1982 4754 unde
2016 4696 2315 4764 conﬂagra-

744 4808 819 4859 vit
851 4805 995 4857 inter
1026 4802 1177 4870 ipsos
1206 4800 1435 4861 bellum,
1476 4797 1650 4849 donec
1681 4793 1919 4847 Hormoz
1942 4806 2045 4845 una
2075 4806 2199 4845 cum
2222 4790 2319 4843 tri-

744 4897 849 4949 bus
884 4910 913 4943 e
948 4892 1267 4947 domesticis
1305 4890 1422 4944 suis
1469 4881 2154 4951 occideretur..llcgnavit
2187 4896 2318 4949 ergo

748 4986 949 5041 Phirttz
984 4983 1307 5054 Yazdejerdi
1357 4981 1503 5036 lilius
1554 4980 1606 5033 in
1641 4978 1839 5032 Persas
1879 4976 2070 5046 viginti
2111 4984 2317 5043 septem

746 5094 943 5138 annos,
974 5077 1135 5145 idque
1162 5088 1309 5127 anno
1333 5071 1549 5141 itnperii
1572 5068 1829 5122 Marciani
1866 5066 2012 5135 regis
2043 5067 2320 5117 Romano-

748 5185 867 5222 rum
904 5176 1083 5221 sexto.
1118 5165 1243 5219 Fuit
1273 5172 1452 5218 autem
1495 5162 1809 5215 Marcianus
1836 5173 1929 5212 rex
1954 5155 2318 5219 orthodoxus,

749 5256 950 5325 quique
996 5253 1153 5307 fidem
1178 5251 1553 5305 Melehitarum
1576 5258 1822 5303 tueretur
1861 5256 1914 5301 et
1930 5253 2319 5316 propugnaret.

822 5346 941 5414 ipso
989 5360 1117 5398 vero
1151 5342 1497 5413 101-103
1532 5350 1767 5401 mortuo,
1820 5347 1945 5407 post
2003 5339 2179 5405 ipsum
2217 5338 2324 5389 ito-

753 5438 930 5492 mauis
964 5452 1137 5489 annos
1170 5434 1444 5490 sexdecim
1482 5432 1769 5507 imperavit
1796 5428 1906 5481 Leo
1938 5426 2163 5495 Magnus
2185 5466 2199 5490 ,
2250 5427 2325 5479 id-

756 5542 862 5594 que
904 5540 1047 5579 anno
1095 5525 1250 5593 regni
1284 5522 1500 5576 Phiruzi
1535 5520 1646 5573 lilii.
1677 5517 1999 5586 Yazdejerdi
2034 5515 2322 5569 Persarum

759 5618 900 5687 rogis
966 5616 1233 5671 secundo.
1292 5613 1522 5677 Fuit-rue
1575 5612 1737 5664 etiam
1803 5609 1910 5665 Leo
1962 5608 2323 5669 orthodoxus,

761 5710 1039 5771 Mclchita,
1088 5708 1444 5763 Alexandrini
1488 5707 1672 5759 audito
1701 5714 1973 5757 mortuum
2021 5717 2145 5755 esse
2195 5700 2329 5753 Mar-

765 5804 979 5856 cianum
1080 5800 1459 5870 imperatorem
1571 5794 1874 5849 Ptoterium
1972 5791 2326 5862 patriareliam

769 5893 1199 5954 Alexandrinum
1240 5892 1412 5946 adorti
1468 5891 1643 5960 ipsum
1703 5884 2090 5940 interfecerunt
2139 5884 2190 5937 in
2243 5898 2330 5936 ee-

2405 3312 2563 3375 smlit,
2608 3313 2728 3365 dein
2788 3320 3040 3363 mortuus
3092 3317 3199 3363 est.
3255 3309 3429 3376 Atque
3480 3307 3569 3359 hic
3630 3304 3980 3357 Timotheum

2404 3403 2640 3456 Anatolii
2683 3403 2905 3455 fratrem
2958 3398 3329 3470 patriarchatu
3376 3396 3812 3449 Alexandrinum
3850 3409 3984 3447 ana-

2406 3493 2643 3546 themate
2674 3491 2965 3560 percussit.

2479 3582 2689 3634 Mortuo
2742 3580 2923 3633 Leone
2970 3578 3164 3647 Magno
3206 3575 3576 3629 Romanorum
3623 3575 3985 3641 imperatore,

2408 3672 2652 3741 regnavit
2689 3681 2803 3740 post
2844 3672 3020 3737 ipsum
3051 3670 3102 3721 in
3127 3670 3401 3721 Romanos
3434 3680 3635 3718 annum
3672 3678 3839 3715 unum
3875 3662 3986 3716 Leo

2408 3764 2634 3825 Pat‘Vus,
2672 3764 2759 3830 qui
2796 3760 3039 3814 Jacobila
3062 3768 3202 3823 erat,
3248 3758 3409 3826 idque
3455 3772 3601 3809 anno
3651 3756 3802 3824 regni
3853 3756 3985 3808 Phi-

2408 3855 2523 3909 rnzi
2561 3854 2652 3907 lilii
2698 3853 3016 3922 Yazdejerdi
3043 3852 3330 3905 Persarum
3362 3849 3505 3919 regis
3528 3849 3742 3903 decimo
3761 3859 3981 3903 octavo.

2412 3947 2626 4001 Mortuo
2658 3946 2853 4001 deinde
2885 3946 3067 3999 Leone
3112 3943 3285 3997 Parvo
3335 3942 3708 3995 Romanorum
3745 3941 3986 4008 impera-

2414 4048 2529 4094 tore
2548 4041 2831 4107 imperavit
2856 4036 3044 4090 iisdem
3069 4044 3190 4104 post
3216 4036 3394 4102 ipsum
3415 4034 3556 4086 filius
3582 4033 3756 4097 ipsius
3778 4032 3985 4099 Zenon,

2412 4132 2505 4200 qui
2539 4131 2705 4185 etiam
2742 4128 2997 4183 Jacobita
3030 4128 3153 4181 fuit.
3189 4126 3356 4196 quue
3390 4140 3535 4177 anno
3566 4125 3717 4188 regni
3757 4126 3989 4179 Phiruzi

2414 4224 2703 4278 Persarum
2739 4221 2879 4289 regis
2917 4222 3129 4273 decimo
3161 4234 3328 4272 nono.
3372 4216 3626 4270 Profecto
3654 4227 3844 4269 autem
3884 4217 3990 4271 Ze-

2416 4333 2557 4372 none
2616 4320 2672 4369 in
2731 4315 2911 4368 locum
2975 4313 3302 4380 appellatum
3362 4308 3542 4363 Surab
3603 4310 3993 4365 ohlectationis

2415 4424 2601 4469 causa,
2636 4407 2720 4461 vir
2758 4407 2979 4475 quidam
3017 4396 3235 4457 nomine,
3266 4400 3539 4455 Basilicus
3576 4416 3680 4453 una
3718 4417 3843 4454 cum
3880 4404 3996 4455 tilio

2418 4514 2520 4553 Sno
2556 4497 2759 4558 Marco,
2808 4496 3089 4547 mensibus
3138 4492 3328 4561 viginti
3381 4508 3605 4559 regnum
3652 4493 3993 4560 occupavit:

2417 4605 2556 4661 quos
2592 4598 2713 4659 post
2744 4590 3061 4642 continuum
3120 4588 3260 4640 inter
3294 4586 3443 4653 ipsos
3476 4588 3675 4640 bellqu
3709 4589 3996 4653 superavit

2418 4684 2583 4746 Zeno,
2635 4698 2697 4735 ac
2731 4679 3262 4747 Coustautinopolim
3310 4678 3593 4746 ingressus
3626 4676 3887 4739 Basilico,
3939 4687 3996 4731 et

2417 4776 2529 4830 lilio
2558 4773 2732 4842 ipsius
2770 4770 3072 4825 interfectis
3108 4770 3254 4823 aedes
3305 4770 3549 4836 ipsorum
3590 4777 3644 4823 et
3686 4784 3819 4838 opes
3855 4771 3994 4824 diri-

2418 4868 2568 4937 puit;
2598 4880 2785 4918 eorum
2821 4864 2981 4917 etiam
3006 4876 3271 4931 sequaces
3303 4862 3597 4915 interemit.
3639 4861 3997 4933 105-107

2421 4959 2625 5012 Eodem
2672 4969 2912 5023 tempore
2952 4954 3151 5008 accidit
3205 4951 3678 5020 Constantinopoli
3712 4963 3999 5007 let‘ru‘tuu-

2420 5059 2510 5104 tus
2540 5051 2749 5119 ingens.
2792 5047 3044 5113 Eclipsim
3074 5047 3235 5097 etiam
3288 5060 3481 5112 passus
3519 5055 3602 5099 est
3635 5046 3737 5111 sol,
3770 5048 3907 5099 adeo
3940 5057 4001 5099 nt

2422 5144 2594 5196 stellae
2626 5141 2861 5194 interdiu
2896 5147 3240 5209 apparerent.
3276 5137 3478 5191 Domus
3510 5140 3670 5191 etiam
3694 5154 3854 5206 quam
3882 5141 3991 5205 plu-

2425 5236 2574 5288 rimae
2624 5240 2971 5295 corruerunt,
3019 5245 3081 5283 ac
3125 5244 3319 5298 magna
3371 5230 3652 5282 hominum
3706 5232 4003 5283 tttullilttzlo

2427 5332 2735 5379 terrtemotn
2770 5322 2951 5389 periit:
2983 5321 3141 5389 idque
3191 5335 3334 5373 anno
3370 5320 3579 5386 imperii
3614 5318 3853 5372 Zenonis
3892 5324 3997 5375 im-

2404 5415 2695 5486 peratoris
2720 5413 3095 5467 Romanorum
3128 5426 3289 5463 nono.
3342 5409 3508 5479 Regni
3538 5412 3709 5478 ipsius
3741 5428 3887 5463 anno
3919 5429 4001 5466 se-

2428 5508 2608 5563 ettudo
2669 5506 2805 5575 fugit
2851 5504 3173 5558 Timotheus
3233 5511 3601 5572 cognomento
3670 5506 3848 5557 Surus
3909 5520 4001 5573 pas

2432 5601 2671 5653 triarcha
2692 5597 3094 5650 Alexandrinus
3116 5596 3167 5647 in
3196 5595 3386 5647 vallem
3410 5592 3603 5657 lfabih,
3637 5610 4002 5664 reversusque

2434 5691 2755 5746 Timotheus
2790 5688 3027 5741 Anatolii
3068 5686 3239 5740 frater
3266 5701 3293 5737 a
3327 5685 3640 5754 Marsuphin
3677 5686 3740 5739 ad
3775 5689 3999 5756 patriar-

2434 5786 2652 5838 charum
2694 5780 3055 5842 Alexandriae,
3120 5777 3317 5832 ibidem
3372 5778 3590 5832 biennio
3646 5780 3809 5839 sedit,
3880 5779 4003 5832 dein

2438 5886 2683 5932 mortuus
2736 5883 2842 5929 est.
2901 5870 3211 5940 Factttsque
3261 5880 3339 5925 est
3397 5878 3516 5939 post
3579 5871 3755 5939 ipsum
3813 5870 4001 5925 Petrus
