4200 6432
211 447 348 515 1057

1636 420 2007 484 ANNALES.

3311 410 3450 472 1058

211 559 325 631 (qui
357 550 789 612 archidiaconus
838 539 1040 610 fuerat)
1064 535 1385 609 patriarcha
1415 532 1654 597 ibidem;
1686 531 1776 585 Ja-
1806 529 1855 590 Α
1881 529 1966 583 nis
1998 525 2344 597 imperatoris
2376 524 2534 578 Rom.
2567 522 2877 577 undecimo.
2912 521 3072 576 Anno
3102 520 3315 573 decimo
3342 538 3445 575 ter-

210 622 390 704 cobita
425 645 565 708 fuit;
600 641 738 696 sedit
760 650 933 693 annos
967 649 1062 688 sex
1127 641 1181 686 et
1211 629 1328 683 dies
1363 627 1601 697 triginta,
1648 622 1773 677 dein

210 732 743 802 Constantinopolim
779 726 915 794 fugit
951 734 1315 790 reversusque
1346 732 1425 771 est
1460 714 1778 770 Timotheus

214 828 540 896 cognomine
601 824 778 877 Surus
825 834 856 873 a
913 817 1051 871 valle
1110 814 1284 868 llabib
1331 811 1444 881 (vel
1474 806 1778 865 secundum

215 918 360 972 aliud
384 914 684 982 exemplar,
705 908 1035 964 monasterio
1072 903 1263 967 llabib,
1298 901 1441 970 quod
1471 899 1589 953 sine
1617 896 1783 949 dubio

216 1010 402 1064 verius
434 1014 562 1069 est),
585 1012 640 1057 et
670 1017 790 1055 cum
818 1003 872 1053 in
903 996 1159 1051 cathedra
1183 989 1530 1062 patriarchali
1553 997 1785 1058 quatuor

220 1100 381 1153 anuis
429 1096 665 1152 sedisset
711 1101 964 1147 mortuus
1005 1094 1109 1142 est.
1139 1087 1296 1139 Anno
1338 1082 1490 1152 regni
1537 1080 1783 1149 ejusdem

222 1189 462 1245 Zenonis
508 1201 653 1240 nono
706 1178 1045 1237 Alexandria:
1079 1177 1299 1247 quidam
1352 1173 1525 1241 ipsius
1565 1171 1787 1225 nomine

224 1284 510 1353 praefectus
575 1272 944 1354 Eho-Gustus
995 1269 1260 1324 Joannem
1308 1265 1503 1318 ibidem
1555 1262 1787 1334 patriar-

224 1378 383 1428 cbam
417 1370 728 1432 constituit,
752 1366 842 1435 qui
876 1361 1122 1418 Jacobita
1154 1358 1276 1420 fuit,
1301 1357 1482 1425 ibique
1514 1370 1608 1408 sex
1642 1366 1792 1406 men-

225 1481 314 1519 ses
375 1462 533 1516 sedit.
571 1459 778 1515 Deinde
845 1457 986 1509 alius
1043 1450 1426 1506 Alexandriam
1482 1460 1511 1499 a
1574 1443 1792 1497 Zenone

228 1556 518 1626 praifeetus
561 1552 784 1607 nomine
812 1544 1167 1615 Augustalius
1212 1543 1412 1596 missus
1434 1547 1536 1603 est,
1576 1551 1794 1607 unaque
1826 1548 1834 1561 ι

224 1663 351 1700 cum
400 1647 517 1714 ipso
548 1642 741 1695 Petrus
784 1636 1089 1707 patriarcha
1144 1636 1238 1703 qui
1281 1631 1791 1698 Constantinopolin

226 1740 463 1803 fugerat.
492 1733 606 1787 Ehn
641 1730 844 1785 Gustus
876 1730 1024 1783 vero‘
1045 1724 1334 1795 praefectus
1370 1725 1439 1777 ab
1476 1722 1795 1793 Augustalio

229 1829 355 1897 fuga
398 1840 457 1880 se
502 1823 789 1895 proripuit,
846 1836 951 1875 una
982 1821 1144 1873 etiam
1192 1818 1430 1887 fugiente
1460 1816 1670 1868 Joanne
1704 1829 1791 1882 pa-

228 1918 493 1973 triarcha.
537 1914 924 1980 Reversusque
956 1913 1115 1979 108
1141 1912 1335 1963 Petrus
1366 1908 1673 1976 patriarcha
1707 1906 1796 1975 qui

229 2014 466 2080 fugerat,
505 2011 561 2062 in
622 2007 802 2060 locum
851 2021 1034 2068 suum,
1079 2016 1253 2057 annos
1298 2010 1422 2053 octo
1471 2000 1631 2063 sedit,
1673 2001 1799 2054 dein

230 2111 486 2157 inortuus
516 2110 615 2156 est.
677 2100 833 2154 Anno
864 2099 1077 2153 decimo
1125 2106 1281 2151 sexto
1325 2095 1537 2161 imperii
1569 2095 1803 2149 Zenonis

233 2197 412 2249 factus
477 2202 562 2248 est
610 2192 819 2246 Abinas
872 2189 1183 2260 patriarcha
1235 2188 1660 2249 Alexandrinus,
1709 2187 1802 2254 qui

227 2287 477 2341 Jacobita
530 2284 655 2345 fuit,
711 2293 921 2352 septem
962 2295 1136 2334 annos
1177 2279 1340 2343 sedit,
1398 2280 1524 2334 dein
1556 2286 1806 2331 mortuus

230 2386 339 2429 est.
370 2377 564 2429 Multas
590 2373 932 2429 Alexandrire
960 2371 1224 2426 ecclesias
1256 2372 1551 2433 exstruxit,
1603 2368 1805 2421 multa-

234 2484 344 2538 que
375 2474 747 2521 monumenta.
773 2462 849 2516 Eo
869 2472 1111 2531 tetnpore
1134 2461 1487 2531 conﬂagravit
1509 2461 1809 2531 Hippcdro-

242 2572 364 2610 mus
396 2570 628 2624 magims
668 2555 760 2623 qui
791 2569 822 2607 a
854 2551 1147 2606 Ptolommo
1172 2552 1261 2620 qui
1292 2552 1703 2620 cognominatus
1725 2558 1809 2606 est

234 2646 417 2715 Lagus
432 2645 774 2699 Alexandria:
795 2652 1108 2699 exstructus
1130 2642 1325 2707 fuerat,
1346 2644 1399 2697 in
1418 2658 1525 2710 quo
1538 2652 1811 2696 cretuatus

236 2738 419 2792 fuerat
458 2736 738 2790 Proterius
774 2735 1103 2804 patriarcha.
1144 2735 1303 2787 Anno
1328 2735 1560 2802 septimo
1596 2733 1812 2801 imperii

238 2829 479 2882 Zenonis
494 2829 824 2883 constitutus
840 2835 925 2881 est
946 2826 1158 2881 Melitus
1180 2826 1486 2893 patriarcha
1507 2823 1815 2894 Hierosoly-

238 2918 606 2986 mitanus,qui
621 2917 867 2970 Jacobita
885 2915 1008 2981 fuit,
1024 2924 1149 2969 octo
1165 2931 1339 2969 annos
1352 2915 1652 2984 sedit,|dein
1676 2930 1815 2968 mor-

241 3021 373 3062 tuus
413 3016 517 3062 est.
552 3010 710 3061 Anno
745 3008 955 3077 imperii
980 3009 1223 3074 ejusdem
1261 3009 1470 3061 decimo
1491 3016 1645 3062 sexto
1663 3022 1815 3061 crea-

240 3110 334 3152 tus
364 3110 444 3151 est
467 3097 577 3150 Elia
612 3097 924 3165 patriarcha
948 3095 1478 3167 Hierosolymitanus
1506 3099 1597 3165 qui
1640 3110 1816 3149 annos

1881 620 1957 672 tio
1986 620 2196 687 imperii
2222 618 2468 687 ejusdem
2493 614 2826 669 constitutus
2854 622 2936 667 est
2962 613 3107 668 Felix
3135 611 3442 680 patriarcha

1882 711 2181 774 Romamre,
2218 711 2307 776 qui
2341 724 2515 763 annos
2555 715 2680 761 octo
2706 706 2866 763 sedit.
2909 704 3032 757 dein
3068 714 3320 757 mortuus
3351 713 3454 754 est.

1881 805 2050 859 Porro
2081 805 2274 857 l’hiruz
2303 803 2623 872 Yazdejerdi
2661 800 2823 861 filius,
2862 799 3144 872 Persarum
3176 813 3290 859 rex,
3322 798 3458 848 duas

1885 900 1937 954 in
1968 899 2171 953 Cascar
2213 898 2375 952 urbes
2403 895 2677 967 condidit,
2702 907 2932 963 quarum
2959 906 3059 943 una
3088 890 3242 940 Duris
3275 888 3458 943 Firuz.

1885 1000 2056 1049 altera
2088 995 2220 1048 Ram
2253 993 2411 1046 Firuz
2441 1009 2454 1057 ;
2493 992 2691 1044 deinde
2722 991 2908 1057 copias
2932 1002 3060 1041 suas
3086 984 3456 1037 Chorasammi

1886 1105 2081 1159 versus
2112 1088 2299 1143 eduxit
2336 1086 2401 1138 ad
2457 1085 2822 1137 invadendum
2851 1081 3226 1134 Cliasbnawar
3270 1093 3282 1128 :
3317 1076 3459 1141 quod

1889 1196 2009 1235 cum
2066 1180 2446 1233 (ihasbnawar
2494 1172 2756 1244 lliyatelze
2812 1186 2901 1224 rex
2960 1167 3140 1221 Belcbi
3200 1166 3465 1224 audisset,

1890 1278 2036 1325 metu
2086 1269 2369 1338 perculsus
2411 1265 2728 1321 convocatis
2778 1276 3001 1315 suorum
3071 1261 3301 1313 maxime
3345 1257 3469 1309 fidis

1891 1363 2187 1419 consilium
2254 1363 2320 1416 ab
2379 1360 2516 1430 ipsis
2585 1358 2758 1427 petiit.
2812 1356 3057 1419 Quorum
3127 1365 3256 1419 ergo
3322 1365 3467 1402 unus

1892 1458 2066 1527 ipsum
2105 1455 2260 1523 112
2294 1455 2365 1508 ita
2419 1451 2611 1505 allatus
2640 1460 2725 1503 est
2757 1467 2770 1502 :
2804 1447 2859 1500 Si
2892 1452 3106 1514 pactum
3140 1456 3349 1495 mecum
3383 1440 3471 1491 lir-

1893 1560 2040 1601 mum
2073 1544 2284 1608 inieris,
2332 1543 2416 1595 cui
2451 1552 2569 1593 tuto
2595 1538 2871 1592 conlidere
2907 1533 3135 1604 possim,
3171 1540 3223 1583 le
3251 1529 3471 1582 familia:

1893 1648 1948 1693 et
1979 1637 2275 1691 liberorum
2309 1648 2557 1687 meorum
2584 1630 2903 1683 alendorum
2940 1641 3125 1679 curam
3164 1632 3471 1691 gesturum,

1895 1746 2124 1799 meaque
2156 1729 2272 1782 vice
2296 1726 2428 1796 ipsis
2462 1726 2728 1784 futurum,
2760 1720 3042 1775 ostendam
3079 1715 3178 1769 tibi
3220 1729 3333 1767 rem
3368 1727 3473 1780 qua

1898 1825 2046 1893 ‘Deus
2073 1823 2366 1875 Phiruzum
2403 1820 2455 1873 in
2489 1826 2813 1885 potestatem
2850 1823 2997 1866 tuam
3026 1810 3254 1875 rediget.
3310 1805 3479 1857 Cum-

1905 1930 2011 1984 que
2032 1914 2136 1965 hoc
2177 1927 2268 1964 rex
2310 1912 2412 1979 ipsi
2471 1917 2663 1977 pactus
2710 1914 2855 1959 esset
2889 1919 2904 1956 :
2939 1902 3240 1965 Colligatis,
3300 1898 3478 1963 inquit

1903 2006 2035 2059 mihi
2095 2003 2347 2056 manibus
2397 2009 2452 2055 et
2504 1998 2757 2068 pedibus,
2814 2000 2891 2063 (at
2928 1993 2982 2045 in
3026 1992 3133 2044 alio
3182 1987 3475 2053 exemplari

1903 2097 2193 2157 absrissis,
2231 2094 2375 2163 quod
2431 2091 2552 2146 sine
2582 2088 2749 2144 dubio
2793 2086 2994 2140 rectius
3026 2081 3131 2150 est)
3183 2095 3267 2132 tne
3309 2080 3359 2130 in
3395 2078 3479 2128 via

1906 2191 2141 2244 Pbiruzo
2175 2188 2430 2255 objieias,
2483 2187 2557 2237 ita
2585 2198 2686 2251 ego
2732 2191 2784 2236 te
2818 2181 2884 2233 ab
2916 2179 3086 2247 ipsius
3130 2176 3348 2227 incursu
3382 2169 3484 2223 im-

1908 2298 2126 2336 munem
2156 2281 2449 2349 praestabo.
2500 2277 2654 2340 Quod
2694 2291 2819 2328 cum
2867 2273 2943 2327 illi
2985 2270 3204 2325 fecisset
3232 2265 3484 2319 sublatus

1909 2385 2012 2435 est,
2056 2383 2217 2442 atque
2250 2374 2302 2425 in
2335 2371 2514 2425 locmn
2547 2384 2703 2436 quem
2734 2368 2976 2435 jusserat
3006 2363 3302 2429 proiectus.
3364 2357 3488 2409 red-

1911 2466 2170 2522 euntibus
2194 2464 2306 2536 [qui
2333 2463 2482 2516 illum
2515 2475 2579 2514 eo
2606 2454 2989 2525 deduxerant].
3012 2452 3113 2508 Ubi
3145 2450 3487 2521 crgoPhiruz

1910 2560 2033 2613 illac
2064 2558 2350 2619 transiret,
2392 2566 2685 2621 ipsumque
2732 2548 2863 2617 quid
2894 2546 2997 2614 ipsi
3030 2546 3301 2598 evenisset
3328 2555 3487 2610 roga-

1916 2656 1993 2702 ret
2025 2663 2039 2699 :
2074 2643 2185 2712 Ego
2216 2642 2437 2709 (inquit)
2471 2656 2499 2693 e
2524 2639 2842 2707 proceribus
2866 2634 2945 2689 fui
2984 2633 3364 2693 llilalt-nsium,
3398 2646 3445 2698 qi
3475 2628 3492 2679 ἰ

1914 2752 2037 2792 cum
2071 2750 2330 2789 accessus
2368 2732 2443 2785 tui
2484 2731 2625 2783 fama
2673 2728 2737 2780 ad
2776 2742 2872 2780 nos
2916 2726 3259 2794 pervenisset
3302 2737 3329 2772 a
3367 2738 3493 2789 rege

1915 2825 2292 2882 Cbashuawar
2324 2823 2465 2874 inter
2513 2819 2757 2886 reliquos
2796 2816 2966 2884 ipsius
3017 2814 3245 2867 comites
3279 2819 3497 2863 sentcn-

1916 2921 2045 2990 tiam
2090 2922 2328 2984 rogatus,
2359 2914 2538 2980 palam
2572 2910 2683 2961 dixi
2720 2924 2823 2961 non
2857 2922 3015 2975 posse
3052 2906 3229 2974 ipsum
3259 2905 3495 2957 Phiruza

1918 3026 2019 3079 pro
2083 3007 2283 3072 insigni
2355 3006 2525 3073 ipsius
2582 3000 2904 3055 fortitudine
2972 2999 3276 3061 obsistere,
3329 3012 3496 3064 quate

1918 3102 2091 3156 Satius
2122 3100 2389 3168 (inquam)
2419 3096 2514 3148 tibi
2558 3104 2643 3148 est
2676 3104 2734 3146 ut
2766 3096 2943 3161 ipsum
2977 3092 3187 3147 tributo
3232 3101 3285 3143 et
3322 3090 3496 3159 pretio

243 3191 433 3256 viginti
473 3196 709 3257 quatuor
735 3188 878 3241 sedit
899 3186 1005 3255 (vel
1036 3191 1339 3243 secundum
1364 3188 1511 3242 aliud
1540 3188 1818 3255 exemplar
1846 3204 1889 3259 ο
1925 3206 2032 3260 quo
2064 3199 2115 3243 te
2138 3190 2379 3244 redimas
2413 3185 2772 3255 aggrediaris.
2814 3183 2905 3237 Ille
2941 3197 3070 3249 ergo
3101 3181 3180 3233 ira
3209 3182 3260 3232 in
3295 3194 3380 3233 me
3411 3194 3501 3231 ac-

241 3277 683 3347 quatuordecim)
730 3278 1037 3344 struxitque
1063 3276 1329 3331 ecclesias
1370 3275 1539 3348 [inter
1571 3277 1816 3349 caeteras]

240 3370 534 3423 ecclesiam
559 3368 792 3430 Helenae,
823 3382 984 3436 quam
1010 3382 1114 3420 non
1134 3368 1361 3434 perfecit
1392 3386 1407 3423 :
1440 3371 1814 3438 relegatosque

245 3470 331 3513 est
366 3461 519 3513 llam.
554 3458 629 3512 Eo
662 3468 903 3527 tempore
939 3456 1331 3527 Hierosolymis
1351 3457 1615 3511 fuitAnba
1639 3456 1819 3511 Theo-

244 3550 438 3604 dosius
486 3549 717 3603 «(etnobii
747 3547 1104 3609 Aldawacesi,
1129 3548 1281 3601 Anba
1301 3548 1560 3602 Cbaritan
1585 3549 1823 3604 ctenobii

246 3643 309 3695 ΔΙ
340 3641 484 3694 Saiki
514 3639 733 3702 veteris,
780 3637 933 3690 Anba
985 3637 1127 3691 Saba
1168 3638 1375 3693 Alsaiki
1425 3639 1572 3703 novi,
1618 3656 1825 3709 praepo-

247 3734 365 3787 siti.
397 3734 553 3784 Anno
589 3739 744 3784 sexto
774 3729 991 3797 imperii
1029 3727 1268 3782 Zenonis
1306 3728 1484 3784 factus
1518 3729 1824 3798 Euphuitus

248 3822 563 3892 patriarcha
607 3821 1251 3888 Constantinopolitanus
1280 3863 1295 3885 ,
1355 3809 1600 3890 quinque
1655 3836 1827 3875 annos

251 3915 415 3976 sedit,
449 3913 573 3965 dein
604 3918 852 3963 mortuus
876 3918 979 3963 est.
1007 3909 1165 3962 Anno
1200 3910 1415 3977 imperii
1444 3911 1685 3977 ejusdem
1724 3927 1828 3965 un-

253 4006 474 4057 decimo
523 4004 631 4072 (vel
682 4001 983 4054 secundum
1037 4001 1183 4053 aliud
1233 4001 1516 4069 exemplar
1568 4002 1830 4057 vicesimo

252 4096 459 4162 primo)
488 4093 827 4146 constitutus
868 4101 952 4146 est
986 4091 1311 4162 Euthymius
1336 4093 1651 4161 patriarcha
1681 4094 1831 4148 Con-

257 4185 802 4252 stantinopolitaoos,
876 4185 969 4249 qui
1021 4186 1208 4238 decem
1267 4199 1441 4239 annos
1487 4185 1648 4250 sedit,
1703 4185 1825 4238 dein

261 4287 512 4333 mortuus
545 4287 650 4328 est.
677 4276 835 4328 Anno
885 4274 1238 4343 109-111
1275 4275 1451 4343 primo
1481 4274 1693 4343 imperii
1735 4276 1833 4329 Ze-

262 4373 422 4426 nonis
461 4368 766 4423 Antiochiae
798 4370 1108 4436 patriarcha
1165 4370 1456 4435 praafeetus
1496 4377 1579 4423 est
1617 4369 1829 4432 Petrus,

262 4472 629 4533 cognomento
664 4458 840 4522 Fullo,
887 4458 1136 4514 Jacobita
1173 4460 1296 4525 fuit,
1345 4474 1439 4513 sex
1468 4474 1642 4514 annos
1668 4460 1833 4525 sedit,

1923 3299 2145 3345 census,
2179 3282 2251 3335 ita
2288 3296 2374 3334 me
2411 3281 2487 3333 uti
2521 3278 2676 3331 vides
2707 3277 2933 3329 tractari
2960 3272 3143 3343 jussit,
3209 3271 3356 3325 illum
3392 3270 3499 3338 (n-

1921 3376 2138 3445 quiens)
2177 3388 2338 3441 quem
2383 3378 2668 3439 tantopere
2705 3370 2894 3421 laudas
2942 3366 3108 3417 adeas
3147 3382 3161 3418 :
3194 3362 3502 3417 accersitis-

1922 3484 2028 3536 que
2056 3482 2086 3519 e
2118 3465 2381 3517 militibus
2422 3464 2539 3516 suis
2574 3459 2899 3528 quibusdam
2928 3473 2942 3511 :
2990 3454 3226 3509 Profecti
3282 3453 3451 3523 (inqui
3482 3456 3499 3520 )

1927 3561 2071 3613 lmuc
2104 3556 2169 3610 ad
2200 3555 2498 3609 Phiruzum
2530 3551 2761 3606 deferte.
2811 3548 3236 3603 Misericordiam
3288 3562 3418 3613 ergo
3450 3558 3499 3599 et

1925 3650 2269 3704 clementiam
2328 3656 2472 3700 tuam
2526 3644 2659 3698 mihi
2716 3644 3018 3697 extendens
3062 3655 3147 3693 me
3186 3650 3359 3692 tecum
3408 3639 3506 3690 ab-

1928 3744 2050 3797 duci
2082 3742 2274 3807 jubeas
2310 3754 2376 3792 ne
2408 3753 2435 3790 a
2467 3736 2596 3791 feris
2632 3735 2731 3789 hoc
2760 3734 2812 3787 in
2852 3734 3068 3786 deserto
3098 3731 3346 3785 dilanier.
3392 3728 3509 3797 Ego

1929 3834 2074 3888 enim
2103 3831 2257 3886 vobis
2283 3827 2633 3899 113-115
2688 3826 2827 3880 viam
2886 3826 2991 3879 ista
3032 3824 3332 3878 breviorem
3365 3821 3506 3875 indi-

1933 3926 2070 3979 cabo
2098 3938 2207 3992 qua
2231 3921 2735 3974 Achashuawarum
2766 3919 2818 3971 in
2850 3917 2916 3971 iis
2946 3917 3036 3971 ubi
3066 3933 3125 3970 se
3157 3916 3393 3969 maxime
3424 3923 3505 3966 tu-

1933 4025 2043 4068 tum
2096 4021 2267 4082 putat,
2319 4013 2454 4066 locis
2510 4011 2829 4065 adoriamini
2891 4017 2947 4062 ut
3024 4008 3315 4061 vindictam
3371 4007 3503 4059 mihi

1936 4105 2077 4159 Deus
2109 4104 2175 4157 de
2200 4106 2319 4173 ipso
2350 4110 2553 4157 sumat.
2587 4100 2683 4153 Via
2714 4110 2889 4154 autem
2930 4116 3090 4169 quam
3132 4100 3284 4153 vobis
3315 4108 3495 4151 osten-

1934 4209 2104 4247 surus
2130 4209 2250 4247 sum
2279 4194 2427 4247 bidui
2458 4202 2662 4246 tantum
2697 4194 2799 4245 iter
2827 4201 2941 4255 est,
2967 4207 3075 4261 quo
3107 4206 3171 4245 eo
3204 4206 3308 4258 quo
3347 4191 3515 4243 vultis

1934 4285 2285 4355 pervenistis.
2322 4283 2447 4339 Haec
2477 4284 2564 4337 ubi
2604 4284 2909 4337 audiissent
2938 4284 3027 4351 qui
3054 4281 3287 4335 Phiruzo
3325 4297 3351 4332 a
3378 4296 3513 4335 cou-

1938 4378 2076 4430 siliis
2098 4385 2277 4439 erant,
2306 4376 2492 4429 dolum
2520 4377 2589 4429 ab
2617 4376 3032 4429 Achsbanwaro
3082 4383 3351 4427 structum
3389 4388 3514 4441 per-

1938 4464 2230 4532 cipientes,
2260 4465 2519 4518 dixerunt
2553 4464 2654 4531 ipsi
2698 4481 2711 4516 :
2746 4464 2842 4519 Vir
2873 4461 2973 4517 i'ste
3012 4465 3062 4516 in
3098 4464 3389 4516 consilium
3422 4477 3519 4513 vo-

262 4558 390 4610 dein
424 4556 699 4623 relegatus
744 4560 827 4607 est
895 4552 1001 4621 (vel
1038 4552 1337 4605 secundum
1377 4550 1522 4604 aliud
1554 4553 1831 4620 exemplar
1868 4537 1911 4592 Ῐ)
1940 4565 2095 4612 catus
2139 4572 2236 4624 pro
2262 4554 2590 4609 scientiae-et
2635 4555 2937 4623 prudentia;
2973 4569 3085 4606 sua:
3116 4554 3297 4617 modo,
3330 4553 3518 4606 must-

263 4650 399 4700 duos
444 4643 665 4711 annos),
717 4647 768 4695 in
794 4657 954 4711 quem
986 4642 1270 4695 anathema
1301 4641 1437 4695 dixit
1472 4640 1707 4696 Basilius
1738 4657 1834 4711 pa-

266 4738 504 4790 triarcha
540 4735 821 4788 Romanus
845 4770 863 4799 ,
911 4733 1198 4801 ipsumque
1232 4730 1364 4784 sede
1394 4730 1575 4800 ejecit.

336 4829 459 4894 Quo
517 4826 695 4895 pulso,
727 4824 1032 4879 Antiochia:
1086 4824 1395 4895 patriarcha
1473 4833 1597 4893 post
1661 4824 1835 4893 ipsum

266 4920 601 4972 constitutus
637 4926 720 4969 est
751 4914 1099 4985 Stephanus;
1150 4916 1241 4984 qui
1274 4930 1396 4969 cum
1433 4931 1634 4968 annum
1671 4930 1834 4968 unum

270 4994 528 5070 sedisset,
582 5016 833 5061 mortuus
880 5014 985 5061 est.
1033 5003 1139 5075 lpsi
1164 5007 1359 5061 ibidem
1410 5007 1677 5062 successit
1724 5006 1842 5061 Ste-

272 5103 492 5171 pbanus
519 5098 654 5152 alter
680 5138 695 5164 ,
752 5100 843 5169 qui
894 5116 985 5155 sex
1010 5114 1223 5154 menses
1295 5100 1437 5155 sedit
1471 5140 1487 5166 ,
1517 5101 1643 5154 dein
1694 5115 1839 5155 mor-

272 5203 396 5245 tuus
452 5199 557 5244 est.
608 5189 738 5243 Post
827 5190 1003 5258 ipsum
1066 5191 1263 5243 ibidem
1327 5192 1635 5259 patriarcha
1715 5207 1845 5246 con-

275 5282 501 5334 stitutus
545 5289 627 5334 est
670 5279 905 5343 Clidion,
935 5280 1027 5348 qui
1084 5278 1443 5335 Nestorianus
1472 5280 1573 5335 fuit
1613 5299 1643 5360 τῇ
1673 5298 1844 5338 annos

276 5386 514 5442 quatuor
589 5373 777 5439 sedit,
850 5372 972 5426 dein
1030 5382 1273 5426 mortuus
1332 5382 1436 5426 est.
1489 5371 1627 5426 Tum
1666 5389 1844 5427 rever-

277 5480 370 5517 sus
425 5462 623 5517 Petrus
698 5461 854 5516 Fullo
922 5463 1231 5532 patriarcha
1286 5463 1847 5531 Antiochenus,‘_octo

277 5570 449 5608 annos
502 5555 674 5615 sedit,
720 5554 843 5607 dein
915 5563 1158 5608 mortuus
1231 5564 1314 5609 est
1379 5555 1497 5625 (vel
1552 5557 1846 5611 secundum

281 5642 429 5697 aliud
491 5642 766 5711 exemplar
819 5654 930 5697 tres
975 5644 1195 5711 annos).
1235 5642 1365 5698 Post
1422 5649 1599 5713 ipsum
1651 5646 1847 5700 ibidem

283 5735 595 5803 patriarcha
642 5735 817 5791 factus
860 5747 945 5791 est
990 5735 1267 5799 l’aladius,
1318 5737 1409 5805 qui
1452 5737 1637 5792 decem
1679 5733 1850 5794 amios

278 5828 440 5895 sedit,
474 5830 598 5885 dcin
633 5840 880 5886 mortuus
905 5838 1011 5898 csl,
1054 5830 1217 5902 idque
1249 5846 1390 5887 anno
1424 5831 1637 5902 imperii
1672 5832 1848 5889 Zeno-

1940 4649 2068 4703 lium
2102 4649 2276 4711 dedit,
2302 4648 2445 4715 quod
2483 4648 2550 4701 ab
2579 4648 2700 4716 ipso
2734 4646 2859 4701 dolo
2897 4645 3124 4700 factum.
3176 4646 3328 4711 Quod
3360 4647 3403 4698 si
3441 4645 3518 4697 ita

1941 4741 2093 4795 illum
2140 4738 2478 4793 Acshanwar
2524 4739 2604 4791 ira
2638 4746 2944 4793 commotus
2984 4737 3268 4790 multasset
3317 4752 3519 4806 nequa-

1940 4847 2098 4903 quam
2153 4831 2330 4899 ipsum
2380 4830 2536 4884 nobis
2574 4831 2628 4884 in
2672 4830 2773 4884 hoc
2814 4832 3027 4883 deserto
3072 4828 3392 4897 obiecisset.
3441 4828 3521 4881 Ne

1945 4926 2112 4994 igitur
2145 4922 2306 4976 dictis
2332 4923 2501 4991 ipsius
2528 4921 2743 4974 credas.
2797 4920 2874 4973 Ac
2926 4919 3110 4972 forsan
3143 4919 3525 4972 Achshauvvar

1944 5030 2068 5069 cum
2091 5013 2358 5067 comitatu
2392 5028 2491 5067 suo
2536 5012 2602 5064 ad
2653 5011 2821 5065 istum
2873 5011 3052 5065 locum
3081 5012 3327 5079 pervenit
3358 5024 3522 5079 quem

1945 5103 2231 5167 descripsit
2258 5100 2338 5153 vir
2372 5101 2493 5163 iste,
2548 5113 2611 5152 ac.
2665 5098 2739 5152 ibi
2785 5108 2919 5167 quot
2953 5101 3086 5153 satis
3142 5098 3268 5161 sint,
3323 5098 3527 5151 milites

1946 5195 2191 5262 reliquit.
2245 5192 2429 5247 Noluit
2486 5200 2670 5244 autem
2732 5189 2933 5244 Phiruz
2996 5190 3127 5257 ipsis
3192 5178 3525 5245 auscultare.

1950 5287 2135 5341 Secuti
2184 5293 2311 5341 sunt
2342 5298 2472 5353 ergo
2505 5285 2683 5338 virum
2730 5285 2888 5340 istum
2933 5298 3042 5351 qua
3093 5283 3241 5352 ipsos
3277 5280 3522 5341 duceret,

1953 5379 2137 5443 biduo,
2168 5377 2398 5431 necdmn
2427 5376 2704 5431 desertum
2743 5374 3100 5429 transierunt.
3143 5374 3257 5438 Qua
3298 5374 3363 5427 de
3406 5388 3462 5428 re
3496 5389 3527 5426 a

1956 5469 2189 5523 Pliiruzo
2217 5461 2585 5537 interrogatus
2612 5483 2627 5519 :
2661 5464 2873 5519 Fefellit
2910 5480 2994 5519 me
3012 5464 3232 5534 (inquit)
3264 5464 3364 5519 via:
3396 5480 3525 5534 spa-

1951 5561 2107 5624 tium,
2140 5559 2299 5613 hodie
2341 5566 2521 5613 autem
2578 5558 2755 5627 ipsum
2810 5555 3235 5627 pertransibitis.
3279 5558 3527 5625 Cumque

1952 5650 2304 5721 praeteriisset
2361 5660 2415 5704 et
2464 5650 2580 5704 dies
2670 5649 2795 5713 iste,
2844 5648 3276 5718 quotiescunque
3338 5649 3517 5718 ipsum

1952 5752 2216 5813 quantum
2268 5741 2372 5796 sibi
2427 5742 2524 5795 vite
2568 5739 2837 5806 reliquum
2896 5748 3041 5795 esset
3100 5742 3520 5810 interrogarent,

1956 5852 2052 5908 pro
2082 5835 2231 5891 brevi
2273 5836 2563 5892 admodum
2595 5848 2657 5890 ac
2698 5834 2842 5890 facili
2881 5833 3183 5899 venditare,
3227 5834 3400 5893 donec
3437 5836 3525 5891 ubi
