4200 6432
759 431 894 493 Ῑῡῗιὶ)

1784 425 2153 487 EUTYClllI
2199 423 2642 482 ALEXAND!“
2658 425 2733 482 Nl
2781 425 2976 483 PATR

3856 423 3999 486 1060

756 549 977 617 penitus
1004 544 1273 600 defecisse
1308 543 1513 595 videret
1538 541 1802 611 quidquid
1836 544 1975 610 apud
2011 542 2156 609 ipsos
2180 551 2328 594 esset
2356 540 2405 600 Α
2434 540 2652 609 probrio
2694 542 2872 603 cedat,
2930 542 3046 593 sive
3102 548 3156 592 ut
3204 539 3420 592 dicatur
3454 557 3466 592 :
3518 538 3746 606 Quidam
3803 542 4009 610 aliquid

755 640 941 695 viatici
975 649 1027 691 et
1060 652 1247 704 aquae,
1307 644 1469 701 atque
1506 635 1559 687 in
1614 636 1789 687 locum
1830 634 2142 701 pervenisse
2181 633 2329 698 ipsos

757 734 900 785 unde
923 730 1097 783 redire
1128 728 1439 795 nequirent,
1475 741 1662 780 verum
1697 726 1828 793 ipsis
1862 724 2144 778 fateretur.
2187 722 2325 777 Tum

758 822 970 876 l‘hiruzi
997 821 1247 883 comites,
1269 835 1453 873 verum
1475 818 1795 888 (inquiunt),
1817 831 1851 870 o
1882 832 1999 882 rex,
2038 818 2197 887 116
2230 816 2324 870 tibi

756 914 1022 975 diximus,
1050 922 1105 964 at
1138 927 1324 965 aurem
1356 911 1516 963 nobis
1550 908 1792 977 prtebere
1822 908 2067 968 noluisti,
2090 908 2201 976 jam
2228 922 2327 958 au-

757 1014 862 1057 tem
887 1004 1180 1057 consilium
1207 1012 1288 1055 est
1317 1010 1373 1054 ut
1401 1007 1545 1055 recta
1572 1015 1884 1069 pergamus,
1917 998 2101 1053 forsan
2130 1011 2327 1065 aquam

755 1095 1029 1164 reperturi
1060 1109 1273 1148 sumus.
1303 1092 1537 1145 Profecti
1565 1103 1696 1147 sunt
1719 1108 1849 1161 ergo
1885 1092 2233 1144 dextrorsum
2265 1102 2328 1140 ac

753 1188 1129 1241 sinistrorsum
1175 1185 1407 1253 sparsim
1443 1200 1639 1254 aquam
1680 1184 1968 1253 quzcsitum
2004 1224 2019 1246 ,
2068 1180 2332 1234 maxima—

754 1294 859 1345 que
909 1278 1155 1343 ipsorum
1209 1292 1335 1344 pars
1379 1277 1469 1330 siti
1519 1276 1701 1345 periit,
1768 1273 1913 1327 haud
1973 1272 2332 1327 evadentibus

753 1384 858 1421 una
890 1384 1014 1421 cum
1043 1366 1281 1421 Pltiruzo
1316 1369 1561 1436 exceptis
1605 1368 1793 1435 paucis
1821 1366 2033 1434 aliquot
2088 1380 2119 1417 e
2158 1364 2332 1418 comi-

752 1470 863 1512 tum
892 1460 1236 1522 fortissimis,
1270 1458 1363 1528 qui
1395 1458 1575 1527 ipsum
1613 1458 1862 1510 comitati
1899 1466 2047 1515 sunt,
2070 1455 2243 1508 donec
2263 1452 2331 1505 ab

752 1552 1005 1604 hostibus
1039 1566 1206 1619 prope
1239 1550 1516 1611 abessent,
1541 1562 1679 1616 quos
1708 1545 1898 1619 eadem
1936 1554 2118 1605 nocte,
2157 1558 2331 1611 eoque

750 1662 859 1712 quo
890 1651 1048 1695 erant
1071 1640 1852 1708 statuaggressi,superarunt.
1878 1637 2016 1690 Tum
2044 1636 2331 1691 Achshan-

750 1749 981 1795 warum,
1020 1730 1232 1798 rogavit
1256 1729 1452 1781 Phiruz
1483 1739 1541 1783 ut
1566 1730 1666 1796 ipsi
1698 1738 1751 1782 et
1783 1730 2074 1782 comitibus
2106 1728 2195 1795 qui
2233 1741 2348 1805 ξιι-ι

752 1832 1007 1892 perorant
1055 1825 1173 1876 suis
1230 1820 1461 1889 gratiam
1528 1819 1734 1873 faciens
1788 1822 1940 1887 ipsos
1991 1820 2043 1872 in
2097 1818 2325 1885 patriam

2438 647 2726 701 aggressus
2777 634 2853 686 illi
2887 630 3214 699 perficiendo
3273 646 3381 684 non
3429 631 3550 695 fuit,
3606 629 3779 685 hostis
3826 642 4008 685 autem

2438 725 2610 791 ipsius
2646 724 2766 793 ipso
2798 726 2971 794 iisque
2998 724 3092 792 qui
3144 739 3269 777 cum
3311 725 3428 790 ipso
3459 734 3616 777 erant
3650 724 3905 792 superior
3934 722 4011 776 fa-

2436 830 2557 872 ctus
2583 818 2810 885 gratiam
2845 820 2981 885 ipsis
3006 825 3274 885 praestans
3316 815 3440 870 illos
3471 816 3607 869 inito
3641 825 3800 886 pacto
3850 814 4013 867 dimi-

2438 912 2541 973 sit;
2566 913 2678 963 sive
2706 908 2787 979 [ιιι
2818 907 3054 979 dicatur]
3088 920 3100 958 :
3135 907 3334 962 Foedus
3371 923 3433 961 ac
3487 914 3699 974 pactum
3763 905 4014 969 violavit,

2436 1012 2489 1053 et
2518 1017 2615 1070 pro
2646 1002 2789 1055 bono
2812 1001 3011 1054 tualum
3064 1000 3331 1067 rependit.
3382 1000 3598 1053 Norunt
3624 1009 3805 1052 autem
3838 998 4015 1051 conii-

2436 1097 2520 1142 tes
2550 1090 2627 1142 ttti
2663 1099 2713 1143 te
2754 1090 2901 1157 ipsos
2951 1090 3019 1141 ad
3092 1090 3335 1159 iniquum
3385 1090 3588 1159 aliquid
3641 1091 4013 1159 przestandum

2438 1182 2677 1249 adigere.
2712 1180 2925 1245 Quibus
2962 1181 3098 1234 adde
3139 1197 3236 1236 nec
3272 1192 3323 1235 te
3356 1182 3597 1235 victoria:
3628 1194 3837 1235 certum
3867 1195 4013 1241 esse,

2440 1275 2534 1327 sed
2558 1273 2832 1341 ejusmodi
2882 1289 2993 1327 rem
3026 1289 3269 1342 sperare,
3330 1290 3449 1343 qua:
3476 1284 3527 1327 et
3557 1275 3623 1326 de
3660 1284 3710 1327 te
3739 1282 4013 1341 speretur.

2440 1366 2594 1431 Quod
2632 1367 2677 1420 si
2702 1365 2900 1419 viceris
2927 1380 3025 1419 nec
3066 1366 3207 1419 bona
3238 1366 3341 1418 erit
3382 1366 3527 1419 fama
3558 1375 3672 1427 tua,
3710 1379 3809 1418 nec
3867 1363 4014 1433 quod

2441 1460 2635 1512 feceris
2686 1461 2848 1515 laude
2887 1460 3135 1528 dignum.
3196 1457 3351 1521 Quod
3403 1460 3447 1510 si
3509 1458 3685 1511 victus
3742 1455 4016 1519 fueris,et

2440 1552 2672 1619 teipsum
2718 1560 2773 1603 et
2804 1554 3081 1605 exercitus
3138 1559 3261 1603 tuos
3309 1547 3542 1600 infames
3581 1547 3783 1601 reddis.
3839 1545 4015 1600 Penes

2438 1658 2567 1711 ergo
2599 1641 2883 1694 arbitrium
2928 1651 3079 1691 tuum
3115 1655 3200 1691 res
3259 1647 3365 1691 est.
3391 1636 3500 1704 Ego
3529 1645 3578 1689 te
3612 1637 3894 1697 admonui,
3924 1650 4019 1688 ne-

2439 1750 2544 1803 que
2572 1750 2655 1786 me
2676 1733 2741 1785 ad
2775 1733 2891 1784 lucc
2914 1747 3034 1800 quae
3075 1731 3233 1783 audis
3290 1732 3521 1783 dicenda
3554 1736 3736 1780 movet
3779 1725 4021 1778 imbecil-

2390 1806 2400 1853 ’⁷
2440 1827 2585 1886 litas,
2617 1825 2777 1891 cujus
2798 1824 2880 1875 vel
2912 1838 2976 1876 ex
3006 1835 3145 1883 mea,
3199 1820 3285 1873 vel
3318 1835 3381 1873 ex
3437 1819 3718 1886 cupiarum
3774 1828 4018 1866 mearum

749 1931 905 1968 suam
949 1914 1269 1974 dimitteret,
1310 1925 1481 1979 seque
1523 1925 1647 1964 cum
1686 1912 1807 1980 ipso
1839 1910 2020 1965 fmdus
2066 1911 2331 1963 initurum
2363 1892 2408 1992 ξ)
2444 1928 2599 1986 parte
2643 1918 2906 1969 conscius
2964 1932 3145 1992 sum”
3172 1928 3361 1967 verum
3403 1918 3461 1963 ut
3516 1909 3725 1963 fortiori
3778 1904 3922 1974 apud
3967 1915 4021 1958 te

754 2006 895 2057 haud
932 2018 1173 2072 unquam
1210 2019 1269 2057 se
1312 2004 1542 2071 posthac
1574 2002 1702 2055 dum
1738 2004 1941 2056 viveret
1974 2002 2151 2071 ipsum
2190 2000 2330 2053 bello
2371 1979 2566 2075 ἦιιωι-
2601 2016 2947 2074 argumento,
2973 2020 3075 2058 nec
3118 1979 3481 2056 incolumitati
3543 2000 3838 2068 quidquam
3872 1996 4018 2064 quod

751 2112 1159 2163 aggressurum,

752 2202 907 2237 suum
966 2188 1201 2240 termino
1248 2201 1411 2253 quem
1454 2199 1733 2252 nunquam
1780 2192 1929 2237 esset
1970 2184 2327 2237 transiturus.

749 2280 848 2331 Cui
897 2293 1018 2330 cum
1076 2277 1363 2329 annuisset
1395 2276 1794 2337 Achshanwar,
1836 2274 2038 2342 scripto
2078 2274 2179 2326 hoc
2225 2273 2330 2341 ipsi

752 2365 1089 2417 confirmavit
1119 2366 1318 2417 Pliiruz
1380 2365 1569 2417 ascitis
1598 2364 1833 2418 testibus
1858 2404 1871 2424 ,
1907 2366 2330 2431 juramenthue

752 2473 809 2507 se
854 2456 1206 2519 obstringens
1252 2456 1457 2507 nullam
1503 2470 1561 2507 se
1607 2455 1682 2506 illi
1724 2454 1972 2506 fraudem
2026 2453 2325 2520 facturum,

752 2563 912 2616 atque
949 2550 1019 2600 ita
1052 2549 1102 2599 in
1143 2563 1364 2615 regnum
1393 2561 1553 2599 suum
1586 2560 1839 2599 reversus
1868 2553 1970 2597 est.

830 2642 925 2694 L‘bi
960 2650 1245 2709 postquam
1284 2640 1352 2692 ad
1411 2650 1625 2706 tempus
1680 2639 1898 2705 aliquod
1956 2638 2327 2701 substitisset,

756 2735 804 2781 in
843 2731 1163 2782 nit-muriam
1194 2729 1295 2797 ipsi
1322 2729 1488 2783 subiit
1524 2728 1653 2797 quid
1694 2729 1800 2782 sibi
1832 2730 1899 2781 ab
1925 2729 2335 2781 Aelishanvvaro

749 2823 956 2874 dudum
988 2824 1279 2873 evenisset.
1301 2820 1474 2888 Cujus
1508 2834 1630 2872 cum
1664 2819 1819 2871 illum
1845 2820 2091 2887 puderet,
2136 2819 2330 2870 metuit

752 2926 929 2965 tamen
979 2926 1101 2963 cum
1156 2911 1273 2979 ipso
1313 2911 1501 2963 dolose
1536 2924 1714 2977 agere.
1753 2910 1970 2978 Impulit
1995 2924 2121 2977 ergo
2156 2910 2332 2977 ipsum

755 3007 853 3055 hoc
886 3014 941 3055 ut
973 3018 1095 3055 eum
1125 3016 1319 3054 rursus
1348 3001 1487 3055 bello
1512 3001 1916 3069 aggrederetur.
1955 2999 2335 3052 Dixeruntau-

752 3108 858 3146 tem
890 3095 988 3161 ipsi
1017 3093 1313 3145 consiliarii
1338 3093 1545 3160 ipsius:
1586 3092 1940 3161 117-119
1974 3092 2174 3145 Fiedus
2206 3107 2331 3145 cum

754 3187 873 3253 ipso
904 3186 1098 3245 iniisti,
1124 3184 1422 3236 metuimus
1464 3199 1529 3237 ne
1551 3184 1689 3235 male
1722 3184 1816 3235 tibi
1852 3182 2003 3236 fraus
2034 3191 2087 3237 et
2139 3183 2339 3251 injuria

751 3275 1071 3327 succedant.
1134 3272 1433 3341 Respondit
1480 3275 1587 3326 illis
1638 3272 1837 3327 Phiruz
1889 3291 1904 3329 :
1965 3274 2165 3328 Pactus
2222 3290 2339 3328 sum

754 3385 877 3418 eum
912 3368 1029 3435 ἰδιεο
1056 3381 1139 3418 me
1174 3366 1403 3433 lapidem
1443 3364 1834 3435 [designatum]
1891 3365 2033 3419 haud
2076 3366 2342 3420 transitu-

700 3480 705 3489 ·
763 3477 904 3512 rum.
934 3458 1187 3524 Lapidem
1221 3471 1351 3525 ergo
1384 3458 1629 3521 plaustro
1665 3456 1977 3523 impositum
2024 3471 2208 3507 coram
2246 3471 2344 3507 no-

755 3554 836 3604 bis
870 3550 1063 3612 feram,
1101 3563 1277 3616 neque
1306 3563 1334 3598 a
1378 3557 1531 3615 tergo
1586 3562 1823 3614 unquam
1890 3546 2216 3613 relinquam.
2277 3544 2345 3597 At

758 3645 876 3696 illi:
914 3641 1115 3694 Fmdus
1160 3638 1462 3708 (inquiunt)
1498 3654 1601 3690 non
1638 3647 1799 3706 prout
1842 3649 1895 3690 tu
1951 3638 2342 3705 interpretatus

763 3750 843 3794 es,
874 3733 965 3785 sed
988 3732 1143 3799 juxta
1176 3730 1525 3783 manifestum
1555 3728 1871 3799 [verborum
1913 3729 2159 3800 sensum]
2185 3732 2345 3784 intel-

751 3824 1024 3893 ligendum
1044 3831 1148 3874 est.
1170 3820 1369 3873 Phiruz
1393 3802 1593 3883 autem,
1612 3829 1796 3888 spreto
1824 3822 2069 3888 ipsorum
2090 3823 2340 3885 consilio,

760 3917 826 3969 ad
856 3915 1056 3969 bellmn
1090 3913 1501 3968 Aclisbauwaro
1548 3914 1893 3967 inferendum
1931 3914 2210 3983 profectus
2238 3924 2339 3969 est.

755 4010 879 4071 Quo
915 4006 1106 4058 audito
1140 4020 1473 4075 magnopere
1530 4005 1758 4057 miratus
1795 4004 2189 4071 Achshanwar,
2243 4022 2343 4059 nec

758 4100 1020 4153 dubitans
1047 4096 1241 4151 fraude
1276 4113 1500 4149 usurum
1535 4095 1734 4148 Pltiruz
1778 4097 2000 4163 scriptis
2045 4098 2110 4149 ad
2164 4099 2342 4165 ipsum

764 4192 985 4251 litteris,
1022 4198 1242 4256 pactum
1310 4202 1493 4241 secum
1552 4186 1746 4239 initum
1804 4186 1878 4239 illi
1920 4187 1973 4239 in
2021 4190 2341 4241 memoriam

762 4284 1063 4345 revocavit,
1098 4296 1296 4348 rogans
1329 4290 1388 4330 ut
1434 4288 1845 4343 reverteretur;
1908 4289 1963 4332 at
2017 4280 2105 4334 ille
2144 4296 2344 4349 nequa-

757 4390 919 4440 quam
960 4374 1073 4425 ha:c
1097 4379 1342 4422 moratus
1370 4369 1632 4438 perrexit,
1660 4370 1836 4423 donec
1872 4370 2125 4441 lliyalela
2153 4389 2343 4441 perve-

760 4465 945 4517 niret:
985 4478 1218 4530 cmuque
1269 4463 1471 4516 vallum
1533 4463 1675 4515 inter
1726 4477 1879 4516 suam
1912 4471 1965 4516 et
2005 4459 2224 4517 Phiruzi
2256 4465 2343 4519 di-

1238 2094 1558 2148 coustitutio
1612 2095 1752 2146 inter
1811 2093 1957 2160 ipsos
2003 2100 2055 2144 et
2104 2104 2326 2159 regnum
2374 2136 2380 2155 ι

2440 2115 2608 2169 penes
2634 2114 2717 2151 me
2747 2107 2829 2151 est
2855 2094 3105 2166 prazfcro.
3139 2093 3437 2160 llespondit
3461 2090 3662 2144 Phirnz
3702 2108 3714 2141 :
3748 2088 3868 2140 Non
3898 2102 4019 2139 sum

2440 2208 2539 2261 ego
2568 2192 2615 2245 is
2639 2192 2981 2259 quemjminze
3006 2204 3114 2257 pne
3145 2196 3291 2241 melu
3330 2186 3400 2239 ab
3424 2185 3491 2239 iis
3518 2199 3637 2252 qua:
3669 2180 3833 2248 cupio
3864 2194 4020 2230 aver-

2440 2296 2580 2339 tant.
2619 2284 2772 2349 Quod
2803 2284 2846 2336 si
2878 2282 3163 2334 videretur
3213 2279 3345 2330 miht
3405 2277 3480 2329 illi
3516 2274 3659 2343 quod
3707 2270 4019 2341 aggredior,

2440 2375 2593 2429 fraus
2628 2374 2830 2435 inesse,
2864 2386 2969 2423 non
3005 2370 3150 2422 alius
3206 2367 3339 2420 illud
3396 2365 3570 2433 magis
3603 2364 3821 2428 indigne
3855 2372 4022 2427 quam

2441 2469 2559 2538 ipse
2583 2483 2612 2520 a
2640 2480 2726 2519 me
2750 2480 2872 2533 ego,
2900 2462 3090 2514 ferret.
3147 2460 3257 2526 Ego
3298 2466 3479 2509 autem
3510 2454 3653 2507 haud
3688 2453 3809 2504 aliis
3839 2458 4024 2503 tecum

2442 2558 2850 2615 conditionibus
2874 2554 3049 2608 l'mdus
3069 2547 3417 2618 121-123
3438 2544 3680 2614 percussi
3707 2554 3867 2608 quam
3883 2551 4025 2605 quas

2446 2650 2642 2719 ipsein
2670 2656 2890 2716 pectore
2913 2643 3107 2697 celavi.
3132 2639 3208 2692 Ne
3237 2652 3366 2707 ergo
3389 2645 3440 2689 te
3466 2633 3699 2703 decipiat
3726 2632 3815 2683 illa
3851 2644 4020 2697 quam

2446 2743 2623 2812 primo
2651 2740 2717 2793 de
2740 2736 2899 2790 nobis
2921 2732 3246 2802 concepisti,
3272 2727 3569 2799 paucitatis
3601 2733 3655 2778 et
3686 2723 4027 2789 impotentia:

2447 2836 2634 2901 opinio
2667 2851 2682 2885 :
2713 2845 2901 2883 verum
2927 2828 3073 2881 scias
3106 2840 3190 2877 me
3243 2822 3664 2889 haudquaquam
3725 2827 3778 2868 te
3828 2813 4032 2865 dereli-

2453 2936 2702 2987 cturum,
2733 2923 2906 2975 donec
2937 2918 3068 2972 illud
3098 2916 3164 2969 de
3194 2924 3246 2967 te
3273 2914 3547 2966 obtineam
3576 2907 3720 2977 quod
3752 2916 3810 2958 tu
3841 2904 3911 2958 de
3946 2918 4031 2956 me

2451 3019 2800 3071 obtinueras.
2856 3012 3001 3065 Dixit
3068 3009 3477 3062 Aehshanvvar:
3536 3001 3613 3055 Ne
3667 3012 3717 3053 te
3767 2998 4025 3065 decipiat,

2450 3110 2587 3163 illud
2613 3123 2722 3177 quo
2773 3114 2827 3159 te
2885 3103 3063 3171 ipsum
3094 3099 3261 3161 fallis,
3294 3096 3422 3149 dum
3451 3108 3638 3147 coram
3681 3101 3733 3142 te
3793 3088 4027 3155 lapidem

2452 3200 2774 3270 gestandum
2832 3210 3016 3248 cures.
3056 3190 3221 3243 Pacta
3264 3186 3533 3255 siquidem
3563 3190 3616 3236 et
3664 3180 3903 3243 fcedcra,
3943 3194 4028 3230 se-

2448 3293 2686 3346 cundum
2726 3288 3017 3339 verborum
3072 3297 3271 3336 sonum
3325 3281 3604 3337 ineuntur,
3667 3290 3775 3328 non
3832 3288 4029 3327 secun-

2447 3383 2575 3436 dum
2635 3378 2769 3433 illud
2819 3375 2968 3445 quod
3018 3372 3297 3426 occultum
3367 3371 3679 3423 retinetur:
3735 3378 4032 3431 rerumque

2447 3474 2691 3526 omnium
2722 3468 3101 3538 turpissimum
3152 3471 3233 3517 est
3294 3463 3559 3515 foederum
3628 3472 3681 3515 et
3742 3471 4030 3528 pactorum

2447 3565 2688 3618 violatio.
2724 3563 2817 3615 llle
2879 3576 3008 3613 vero
3054 3558 3157 3625 ipsi
3230 3555 3545 3609 auscultare
3575 3554 3772 3607 noluit.
3834 3554 4032 3605 Statim

2445 3671 2575 3724 ergo
2628 3654 2834 3708 reversi
2875 3661 3027 3706 sunt.
3067 3649 3213 3701 Dixit
3265 3655 3446 3698 autem
3486 3644 3682 3697 Phiruz
3740 3646 4036 3696 comitibus

2450 3748 2571 3801 suis
2607 3764 2621 3798 :
2667 3746 2789 3797 Erat
2817 3745 3201 3797 Acltshanwar
3233 3752 3530 3807 congressu
3563 3739 3855 3803 egregius;
3895 3752 4036 3787 nun-

2447 3853 2608 3908 quam
2660 3848 2841 3890 autem
2907 3835 3014 3886 vidi
3054 3847 3219 3900 equo,
3272 3831 3365 3891 cui,
3410 3827 3707 3889 insidebat,
3758 3828 3907 3880 inter
3951 3827 4037 3891 ju-

2448 3938 2627 3983 menta
2657 3927 2913 3981 similem.
2951 3922 3122 3976 Pedes
3148 3920 3295 3975 enim
3340 3919 3484 3972 haud
3551 3918 3779 3971 omnino
3837 3918 4035 3973 movit.

2449 4034 2623 4087 neque
2668 4017 2901 4083 ungulas
2927 4015 3047 4068 loco
3082 4013 3330 4077 sustulit,
3362 4026 3538 4080 neque
3571 4010 3831 4071 hinnivit,
3858 4024 4038 4077 neque

2447 4111 2653 4164 excidit
2682 4109 2785 4179 ipsi
2843 4108 3046 4177 aliquid
3082 4105 3229 4175 quod
3281 4104 3613 4172 colloquium
3666 4103 4038 4168 interruupe-

2449 4212 2530 4255 ret
2566 4211 2681 4254 toto
2709 4216 2820 4270 quo
2878 4200 3042 4253 simul
3096 4198 3303 4272 fuimus
3336 4207 3603 4262 tempore.
3658 4192 4036 4245 Achshanvvar

2449 4308 2577 4346 vero
2615 4292 2779 4345 suis:
2821 4289 3088 4353 Conveni,
3142 4296 3306 4357 prout
3351 4285 3485 4339 mihi
3521 4282 3791 4350 vobisque
3851 4284 4033 4335 visum

2447 4394 2554 4445 est,
2588 4384 2883 4437 Phiruzum
2918 4382 3128 4451 integre
3180 4387 3473 4441 armatum,
3530 4390 3812 4442 nunquam
3848 4384 4035 4428 autem

2448 4491 2506 4530 se
2540 4477 2593 4529 in
2630 4488 2771 4543 equo
2794 4484 2895 4527 suo
2925 4473 3116 4534 movit,
3160 4486 3261 4525 nec
3308 4484 3549 4538 unquam
3590 4470 3780 4537 pedem
3817 4468 3885 4521 de
3915 4478 4035 4520 sta-

762 4559 964 4611 ῑίυηθιη
1035 4556 1301 4610 εΠοάεηη
1350 4555 1746 4621 Αοὶιδιιθυῖνθτν
1802 4570 1965 4623 super
2016 4556 2108 4609 ίηο
2148 4568 2337 4623 ιιοιιιοε
2372 4572 2414 4624 ι)
2446 4568 2579 4638 pede
2618 4565 2900 4625 subduxit,
2928 4578 3104 4631 neque
3152 4570 3363 4631 tergum
3399 4561 3625 4623 inflexit,
3662 4574 3759 4611 nec
3792 4575 3852 4612 se
3902 4559 4037 4610 det-

766 4647 1169 4716 exstruijussit
1197 4648 1427 4711 Phiruz,
1474 4650 1675 4715 quibus
1735 4649 2031 4703 transiret:
2070 4650 2343 4717 impositis

757 4739 921 4791 etiam
983 4741 1245 4807 pontibus
1313 4740 1523 4793 vexillis
1572 4755 1694 4808 qua:
1767 4738 2015 4794 redeunti
2074 4742 2127 4794 in
2190 4744 2347 4809 signa

755 4838 962 4883 essent.
992 4829 1127 4906 Cum
1159 4844 1288 4898 ergo
1314 4831 1427 4899 jam
1460 4831 1514 4882 in
1556 4831 1843 4899 procinctu
1868 4842 2049 4885 essent
2071 4833 2345 4885 exercitus

756 4919 982 4973 .‘nittens
1014 4920 1078 4971 ad
1120 4917 1413 4972 Phiruzum
1460 4919 1863 4985 Achsbanwar,
1916 4921 2125 4990 rogavit
2163 4930 2221 4974 ιιι
2279 4918 2345 4973 ad

761 5015 945 5083 ipsum
977 5013 1159 5067 medio
1186 5015 1324 5067 inter
1346 5014 1621 5067 exercitus
1650 5014 1827 5083 spatio
1888 5014 1955 5067 ad
2008 5015 2341 5084 colloquium

756 5106 1020 5175 prodiret.
1050 5106 1153 5171 Qui
1184 5122 1306 5159 cum
1335 5107 1646 5176 prodiisset.
1670 5108 1805 5162 dixit
1833 5108 1909 5161 illi
1930 5110 2301 5163 Achsbanwar
2330 5128 2343 5163 :

757 5196 935 5250 Credo
966 5198 1217 5265 equidem
1252 5212 1353 5265 ego
1398 5213 1503 5250 non
1550 5199 1695 5251 aliud
1732 5208 1785 5252 te
1838 5198 1903 5252 ad
1952 5200 2129 5253 locum
2178 5199 2342 5254 istum

757 5302 1050 5352 evocasse,
1082 5303 1246 5353 quam
1286 5288 1547 5356 pudorem
1582 5291 1653 5342 ob
1679 5290 1913 5342 reditum
1946 5297 2101 5344 tuum
2141 5305 2207 5345 eo
2237 5305 2347 5359 quo

770 5390 1026 5429 reversus
1058 5392 1117 5430 es
1146 5378 1325 5431 modo.
1352 5381 1429 5431 Ac
1468 5394 1562 5447 per
1594 5380 1758 5431 vitam
1798 5394 1973 5432 meam
2026 5380 2072 5433 si
2110 5396 2211 5435 nos
2250 5380 2345 5433 tibi

759 5465 863 5519 hoc
882 5468 1039 5521 modo
1059 5467 1303 5521 fraudem
1327 5468 1669 5532 fecissemus,
1697 5471 1875 5540 majus
1897 5472 2102 5539 aliquid
2133 5490 2160 5524 a
2187 5472 2345 5526 nobis

761 5562 1033 5631 petiisscs.
1063 5559 1307 5618 Ftedcris
1359 5563 1519 5633 120
1551 5578 1730 5617 autem
1771 5582 1799 5618 a
1848 5578 1899 5620 te
1942 5567 2085 5635 pacti
2129 5566 2349 5620 violatio

762 5669 848 5707 res
884 5664 969 5708 est
1007 5656 1165 5724 cujus
1195 5658 1367 5725 magis
1400 5661 1601 5724 pudere
1649 5659 1825 5723 debet,
1858 5672 2021 5727 quam
2058 5659 2344 5729 ejusquod

763 5747 859 5801 tibi
890 5749 1140 5818 contigit.
1173 5747 1287 5803 Hoc
1333 5766 1464 5820 ergo
1492 5751 1678 5803 animo
1709 5754 2001 5821 perpende,
2038 5766 2199 5823 atque
2236 5760 2348 5809 ha-c

758 5840 867 5894 duo
900 5839 1043 5897 inter
1074 5856 1133 5897 se
1172 5841 1365 5899 confer
1398 5855 1457 5898 ut
1501 5846 1709 5915 videas,
1776 5859 1957 5903 ttll‘uttl
2012 5849 2208 5920 majori
2251 5865 2347 5903 ou-

2451 4670 2693 4711 trorsum
2730 4654 2812 4706 vel
2854 4653 3240 4707 sinistrorsum
3290 4649 3583 4703 convertit.
3645 4647 3755 4714 Ego
3812 4648 4033 4699 interim

2448 4746 2649 4815 sa‘pias
2684 4743 2872 4796 femori
2913 4743 3135 4795 innixus
3160 4757 3278 4793 sum
3305 4754 3447 4807 equo
3478 4738 3757 4798 insistens,
3789 4752 3854 4790 ac
3890 4738 4026 4789 sub-

2462 4838 2589 4893 inde
2639 4836 2875 4904 respexi,
2932 4834 3055 4887 dein
3115 4834 3167 4885 in
3201 4848 3263 4886 ea
3298 4848 3420 4901 quae
3464 4842 3592 4885 ante
3640 4831 3817 4901 posita
3878 4839 4035 4882 erant

2466 4930 2657 4983 oculos
2686 4925 2917 4994 conjeci,
2961 4924 3079 4992 ipso
3110 4925 3215 4976 fixo
3243 4939 3305 4977 ac
3340 4924 3527 4992 quieto
3556 4933 3831 4974 manente.
3874 4920 4035 4992 124

2454 5022 2513 5075 Id
2556 5030 2737 5074 autem
2759 5019 3053 5072 voluerunt
3073 5015 3273 5069 Phiruz
3294 5014 3393 5086 [et]
3409 5016 3783 5069 Aebshanvvar
3801 5015 3888 5068 bis
3904 5031 4035 5067 nar-

2452 5111 2661 5173 randis,
2698 5118 3071 5162 utsermones
3105 5108 3197 5160 iSti
3238 5123 3332 5175 per
3386 5109 3662 5163 exercitus
3694 5123 3827 5163 suos
3878 5125 4037 5177 spar-

2449 5213 2733 5273 gerentur,
2763 5202 2954 5270 quoliis
2972 5200 3222 5269 occupati
3254 5202 3501 5255 homines
3532 5202 3671 5254 haud
3693 5202 4036 5269 inquirerent

2451 5301 2503 5348 in
2532 5310 2595 5349 ea
2628 5310 2747 5364 qua?
2776 5308 2972 5347 mutuo
3008 5294 3268 5348 collocuti
3316 5294 3553 5347 fuerant.
3588 5295 3742 5347 Mane
3771 5312 3905 5363 ergo
3924 5297 4037 5363 jam

2452 5389 2593 5442 facto
2642 5391 3011 5458 syngrapham
3072 5401 3236 5455 quam
3310 5387 3412 5457 ipsi
3474 5387 3778 5453 scripserat
3835 5386 4041 5440 Phiruz

2459 5479 2776 5547 productam
2820 5477 2990 5531 hasta:
3047 5478 3304 5546 imposuit
3356 5478 3751 5541 Achshanvvar,
3806 5496 3920 5547 quo
3975 5483 4042 5532 ab

2466 5574 2708 5625 exercitu
2766 5574 3204 5639 conspiceretur,
3259 5585 3322 5623 ac
3364 5571 3590 5623 vittoria
3632 5572 3685 5623 in
3741 5571 4040 5625 Phiruzum

2452 5665 2655 5733 potitus
2684 5674 2809 5728 est;
2846 5665 3080 5731 quienm
3131 5662 3183 5714 in
3243 5661 3425 5730 fugam
3494 5678 3793 5715 conversus
3846 5679 3875 5715 a
3922 5664 4043 5716 luco

2452 5758 2758 5823 signorum,
2792 5770 2913 5823 qua:
2942 5754 3007 5807 ad
3066 5762 3260 5823 pontes
3319 5768 3425 5823 qua
3478 5754 3716 5807 eundum
3774 5765 3895 5808 erat
3942 5756 4043 5823 ipsi

2457 5851 2672 5915 fixerat,
2698 5848 2987 5904 aberrans.
3017 5848 3081 5901 a-l
3121 5846 3333 5903 fossam
3378 5862 3437 5905 se
3472 5855 3697 5922 recepat,
3738 5848 3830 5902 ubi
3876 5850 4046 5903 conii-
