  <div class='ocr_page' id='page_1' title='image "/cluster/home/n/w/nwhite01/storage/ocr_20150623/111/nnc1.0046979743/536.png"; bbox 0 0 4200 6432; ppageno 0'>
   <div class='ocr_carea' id='block_1_1' title="bbox 231 420 362 490">
    <p class='ocr_par' dir='ltr' id='par_1_1' title="bbox 231 420 362 490">
     <span class='ocr_line' id='line_1_1' title="bbox 231 420 362 490; baseline -0.008 -8"><span class='ocrx_word' id='word_1_1' title='bbox 231 420 362 490; x_wconf 78' lang='grc'><strong>1061</strong></span> 
     </span>
    </p>
   </div>
   <div class='ocr_carea' id='block_1_2' title="bbox 1668 422 2028 481">
    <p class='ocr_par' dir='ltr' id='par_1_2' title="bbox 1668 422 2028 481">
     <span class='ocr_line' id='line_1_2' title="bbox 1668 422 2028 481; baseline 0.006 -2"><span class='ocrx_word' id='word_1_2' title='bbox 1668 422 2028 481; x_wconf 55' lang='lat' dir='ltr'><strong>;t\&#39;.‘{.\l.l~‘.:&gt;&#39;.</strong></span> 
     </span>
    </p>
   </div>
   <div class='ocr_carea' id='block_1_3' title="bbox 3335 438 3472 502">
    <p class='ocr_par' dir='ltr' id='par_1_3' title="bbox 3335 438 3472 502">
     <span class='ocr_line' id='line_1_3' title="bbox 3335 438 3472 502; baseline 0 -1"><span class='ocrx_word' id='word_1_3' title='bbox 3335 438 3472 502; x_wconf 71' lang='grc' dir='ltr'><strong>10(ἱέ</strong></span> 
     </span>
    </p>
   </div>
   <div class='ocr_carea' id='block_1_4' title="bbox 226 530 3472 611">
    <p class='ocr_par' dir='ltr' id='par_1_4' title="bbox 226 530 3472 611">
     <span class='ocr_line' id='line_1_4' title="bbox 226 530 3472 611; baseline 0.008 -33"><span class='ocrx_word' id='word_1_4' title='bbox 226 543 309 585; x_wconf 61' lang='lat' dir='ltr'><strong>trs</strong></span> <span class='ocrx_word' id='word_1_5' title='bbox 344 531 512 599; x_wconf 79' lang='lat' dir='ltr'><strong>ipsius</strong></span> <span class='ocrx_word' id='word_1_6' title='bbox 546 530 635 584; x_wconf 85' lang='lat' dir='ltr'><strong>alii</strong></span> <span class='ocrx_word' id='word_1_7' title='bbox 676 530 727 582; x_wconf 90' lang='lat' dir='ltr'><strong>in</strong></span> <span class='ocrx_word' id='word_1_8' title='bbox 758 530 891 582; x_wconf 75' lang='lat' dir='ltr'><strong>alios</strong></span> <span class='ocrx_word' id='word_1_9' title='bbox 938 532 1237 584; x_wconf 86' lang='lat' dir='ltr'><strong>irruerunt.</strong></span> <span class='ocrx_word' id='word_1_10' title='bbox 1272 531 1421 600; x_wconf 71' lang='lat' dir='ltr'><strong>Cepit</strong></span> <span class='ocrx_word' id='word_1_11' title='bbox 1472 547 1601 598; x_wconf 70' lang='lat' dir='ltr'><strong>ergo</strong></span> <span class='ocrx_word' id='word_1_12' title='bbox 1653 534 1802 584; x_wconf 76' lang='lat' dir='ltr'><strong>Acb-</strong></span> <span class='ocrx_word' id='word_1_13' title='bbox 1840 537 1880 587; x_wconf 71' lang='grc' dir='ltr'><strong>Α</strong></span> <span class='ocrx_word' id='word_1_14' title='bbox 1916 533 2122 585; x_wconf 78' lang='lat' dir='ltr'><strong>obitum</strong></span> <span class='ocrx_word' id='word_1_15' title='bbox 2154 536 2320 602; x_wconf 86' lang='lat' dir='ltr'><strong>patris</strong></span> <span class='ocrx_word' id='word_1_16' title='bbox 2352 538 2670 589; x_wconf 64' lang='lat' dir='ltr'><strong>adversatus</strong></span> <span class='ocrx_word' id='word_1_17' title='bbox 2708 540 2836 594; x_wconf 91' lang='lat' dir='ltr'><strong>mibi</strong></span> <span class='ocrx_word' id='word_1_18' title='bbox 2895 544 3063 595; x_wconf 75' lang='lat' dir='ltr'><strong>frater</strong></span> <span class='ocrx_word' id='word_1_19' title='bbox 3100 557 3321 611; x_wconf 80' lang='lat' dir='ltr'><strong>regnum</strong></span> <span class='ocrx_word' id='word_1_20' title='bbox 3378 566 3472 605; x_wconf 81' lang='lat' dir='ltr'><strong>oc-</strong></span> 
     </span>
    </p>
   </div>
   <div class='ocr_carea' id='block_1_5' title="bbox 226 621 1798 691">
    <p class='ocr_par' dir='ltr' id='par_1_5' title="bbox 226 621 1798 691">
     <span class='ocr_line' id='line_1_5' title="bbox 226 621 1798 691; baseline -0.001 -15"><span class='ocrx_word' id='word_1_21' title='bbox 226 628 488 677; x_wconf 79' lang='lat' dir='ltr'><strong>sh-onwar</strong></span> <span class='ocrx_word' id='word_1_22' title='bbox 518 621 779 691; x_wconf 78' lang='lat' dir='ltr'><strong>quidquid</strong></span> <span class='ocrx_word' id='word_1_23' title='bbox 812 623 1046 677; x_wconf 76' lang='lat' dir='ltr'><strong>l’biruzo</strong></span> <span class='ocrx_word' id='word_1_24' title='bbox 1083 624 1179 677; x_wconf 91' lang='lat' dir='ltr'><strong>luit</strong></span> <span class='ocrx_word' id='word_1_25' title='bbox 1206 639 1308 676; x_wconf 83' lang='lat' dir='ltr'><strong>una</strong></span> <span class='ocrx_word' id='word_1_26' title='bbox 1355 640 1475 676; x_wconf 83' lang='lat' dir='ltr'><strong>cum</strong></span> <span class='ocrx_word' id='word_1_27' title='bbox 1523 626 1692 691; x_wconf 82' lang='lat' dir='ltr'><strong>ipsius</strong></span> <span class='ocrx_word' id='word_1_28' title='bbox 1735 626 1798 674; x_wconf 89' lang='lat' dir='ltr'><strong>li-</strong></span> 
     </span>
    </p>
   </div>
   <div class='ocr_carea' id='block_1_6' title="bbox 228 716 1795 783">
    <p class='ocr_par' dir='ltr' id='par_1_6' title="bbox 228 716 1795 783">
     <span class='ocr_line' id='line_1_6' title="bbox 228 716 1795 783; baseline -0.004 -13"><span class='ocrx_word' id='word_1_29' title='bbox 228 720 396 780; x_wconf 84' lang='lat' dir='ltr'><strong>beris,</strong></span> <span class='ocrx_word' id='word_1_30' title='bbox 428 731 669 783; x_wconf 74' lang='lat' dir='ltr'><strong>cpesque</strong></span> <span class='ocrx_word' id='word_1_31' title='bbox 718 716 836 783; x_wconf 82' lang='lat' dir='ltr'><strong>ejus</strong></span> <span class='ocrx_word' id='word_1_32' title='bbox 890 719 1159 770; x_wconf 78' lang='lat' dir='ltr'><strong>exercitus</strong></span> <span class='ocrx_word' id='word_1_33' title='bbox 1215 718 1444 769; x_wconf 84' lang='lat' dir='ltr'><strong>ducibus</strong></span> <span class='ocrx_word' id='word_1_34' title='bbox 1498 717 1795 777; x_wconf 78' lang='lat' dir='ltr'><strong>distribuit,</strong></span> 
     </span>
    </p>
   </div>
   <div class='ocr_carea' id='block_1_7' title="bbox 231 805 1793 877">
    <p class='ocr_par' dir='ltr' id='par_1_7' title="bbox 231 805 1793 877">
     <span class='ocr_line' id='line_1_7' title="bbox 231 805 1793 877; baseline -0.002 -16"><span class='ocrx_word' id='word_1_35' title='bbox 231 810 411 872; x_wconf 74' lang='lat' dir='ltr'><strong>iisque</strong></span> <span class='ocrx_word' id='word_1_36' title='bbox 441 805 849 872; x_wconf 68' lang='lat' dir='ltr'><strong>quil’biruzum</strong></span> <span class='ocrx_word' id='word_1_37' title='bbox 883 808 1124 861; x_wconf 91' lang='lat' dir='ltr'><strong>comitati</strong></span> <span class='ocrx_word' id='word_1_38' title='bbox 1158 815 1323 871; x_wconf 84' lang='lat' dir='ltr'><strong>sunt,</strong></span> <span class='ocrx_word' id='word_1_39' title='bbox 1358 809 1534 873; x_wconf 83' lang='lat' dir='ltr'><strong>Quare</strong></span> <span class='ocrx_word' id='word_1_40' title='bbox 1577 810 1793 877; x_wconf 82' lang='lat' dir='ltr'><strong>(inquit)</strong></span> 
     </span>
    </p>
   </div>
   <div class='ocr_carea' id='block_1_8' title="bbox 224 895 1793 966">
    <p class='ocr_par' dir='ltr' id='par_1_8' title="bbox 224 895 1793 966">
     <span class='ocr_line' id='line_1_8' title="bbox 224 895 1793 966; baseline -0.001 -16"><span class='ocrx_word' id='word_1_41' title='bbox 224 913 333 950; x_wconf 84' lang='lat' dir='ltr'><strong>non</strong></span> <span class='ocrx_word' id='word_1_42' title='bbox 365 897 593 950; x_wconf 74' lang='lat' dir='ltr'><strong>dedistis</strong></span> <span class='ocrx_word' id='word_1_43' title='bbox 628 895 863 950; x_wconf 84' lang='lat' dir='ltr'><strong>Pltiruzo</strong></span> <span class='ocrx_word' id='word_1_44' title='bbox 896 897 1185 950; x_wconf 80' lang='lat' dir='ltr'><strong>consilium</strong></span> <span class='ocrx_word' id='word_1_45' title='bbox 1220 913 1454 966; x_wconf 89' lang='lat' dir='ltr'><strong>eumque</strong></span> <span class='ocrx_word' id='word_1_46' title='bbox 1506 900 1793 950; x_wconf 80' lang='lat' dir='ltr'><strong>admonui-</strong></span> 
     </span>
    </p>
   </div>
   <div class='ocr_carea' id='block_1_9' title="bbox 223 986 1793 1058">
    <p class='ocr_par' dir='ltr' id='par_1_9' title="bbox 223 986 1793 1058">
     <span class='ocr_line' id='line_1_9' title="bbox 223 986 1793 1058; baseline 0.003 -19"><span class='ocrx_word' id='word_1_47' title='bbox 223 989 360 1042; x_wconf 86' lang='lat' dir='ltr'><strong>stis?</strong></span> <span class='ocrx_word' id='word_1_48' title='bbox 385 988 466 1040; x_wconf 89' lang='lat' dir='ltr'><strong>Illi</strong></span> <span class='ocrx_word' id='word_1_49' title='bbox 498 1000 663 1040; x_wconf 82' lang='lat' dir='ltr'><strong>vero:</strong></span> <span class='ocrx_word' id='word_1_50' title='bbox 694 986 943 1041; x_wconf 85' lang='lat' dir='ltr'><strong>Fecimus</strong></span> <span class='ocrx_word' id='word_1_51' title='bbox 963 988 1203 1058; x_wconf 84' lang='lat' dir='ltr'><strong>(inquit),</strong></span> <span class='ocrx_word' id='word_1_52' title='bbox 1225 996 1278 1042; x_wconf 84' lang='lat' dir='ltr'><strong>at</strong></span> <span class='ocrx_word' id='word_1_53' title='bbox 1314 990 1471 1042; x_wconf 88' lang='lat' dir='ltr'><strong>nobis</strong></span> <span class='ocrx_word' id='word_1_54' title='bbox 1489 989 1793 1044; x_wconf 86' lang='lat' dir='ltr'><strong>auscultare</strong></span> 
     </span>
    </p>
   </div>
   <div class='ocr_carea' id='block_1_10' title="bbox 222 1082 423 1133">
    <p class='ocr_par' dir='ltr' id='par_1_10' title="bbox 222 1082 423 1133">
     <span class='ocr_line' id='line_1_10' title="bbox 222 1082 423 1133; baseline 0.005 -1"><span class='ocrx_word' id='word_1_55' title='bbox 222 1082 423 1133; x_wconf 88' lang='lat' dir='ltr'><strong>noluit.</strong></span> 
     </span>
    </p>
   </div>
   <div class='ocr_carea' id='block_1_11' title="bbox 294 1170 1788 1241">
    <p class='ocr_par' dir='ltr' id='par_1_11' title="bbox 294 1170 1788 1241">
     <span class='ocr_line' id='line_1_11' title="bbox 294 1170 1788 1241; baseline 0.002 -17"><span class='ocrx_word' id='word_1_56' title='bbox 294 1170 739 1225; x_wconf 56' lang='lat' dir='ltr'><strong>Prtecratautem</strong></span> <span class='ocrx_word' id='word_1_57' title='bbox 774 1173 1061 1241; x_wconf 81' lang='lat' dir='ltr'><strong>Sejestano</strong></span> <span class='ocrx_word' id='word_1_58' title='bbox 1090 1174 1174 1227; x_wconf 77' lang='lat' dir='ltr'><strong>vir</strong></span> <span class='ocrx_word' id='word_1_59' title='bbox 1214 1174 1433 1241; x_wconf 89' lang='lat' dir='ltr'><strong>quidam</strong></span> <span class='ocrx_word' id='word_1_60' title='bbox 1491 1189 1554 1227; x_wconf 76' lang='lat' dir='ltr'><strong>ex</strong></span> <span class='ocrx_word' id='word_1_61' title='bbox 1612 1176 1788 1228; x_wconf 81' lang='lat' dir='ltr'><strong>Azda-</strong></span> 
     </span>
    </p>
   </div>
   <div class='ocr_carea' id='block_1_12' title="bbox 220 1266 1792 1336">
    <p class='ocr_par' dir='ltr' id='par_1_12' title="bbox 220 1266 1792 1336">
     <span class='ocr_line' id='line_1_12' title="bbox 220 1266 1792 1336; baseline 0.001 -18"><span class='ocrx_word' id='word_1_62' title='bbox 220 1266 355 1319; x_wconf 83' lang='lat' dir='ltr'><strong>shiri</strong></span> <span class='ocrx_word' id='word_1_63' title='bbox 389 1266 601 1328; x_wconf 84' lang='lat' dir='ltr'><strong>amicis,</strong></span> <span class='ocrx_word' id='word_1_64' title='bbox 647 1268 868 1322; x_wconf 84' lang='lat' dir='ltr'><strong>nomine</strong></span> <span class='ocrx_word' id='word_1_65' title='bbox 923 1269 1195 1331; x_wconf 88' lang='lat' dir='ltr'><strong>Suchran,</strong></span> <span class='ocrx_word' id='word_1_66' title='bbox 1224 1282 1253 1319; x_wconf 91' lang='lat' dir='ltr'><strong>e</strong></span> <span class='ocrx_word' id='word_1_67' title='bbox 1300 1266 1498 1322; x_wconf 68' lang='lat' dir='ltr'><strong>Persia:</strong></span> <span class='ocrx_word' id='word_1_68' title='bbox 1547 1267 1792 1336; x_wconf 81' lang='lat' dir='ltr'><strong>proceri-</strong></span> 
     </span>
    </p>
   </div>
   <div class='ocr_carea' id='block_1_13' title="bbox 220 1356 1785 1428">
    <p class='ocr_par' dir='ltr' id='par_1_13' title="bbox 220 1356 1785 1428">
     <span class='ocr_line' id='line_1_13' title="bbox 220 1356 1785 1428; baseline 0.004 -21"><span class='ocrx_word' id='word_1_69' title='bbox 220 1356 348 1419; x_wconf 85' lang='lat' dir='ltr'><strong>bus,</strong></span> <span class='ocrx_word' id='word_1_70' title='bbox 389 1356 531 1420; x_wconf 90' lang='lat' dir='ltr'><strong>apud</strong></span> <span class='ocrx_word' id='word_1_71' title='bbox 560 1372 722 1425; x_wconf 86' lang='lat' dir='ltr'><strong>quem</strong></span> <span class='ocrx_word' id='word_1_72' title='bbox 748 1368 907 1411; x_wconf 84' lang='lat' dir='ltr'><strong>erant</strong></span> <span class='ocrx_word' id='word_1_73' title='bbox 940 1368 993 1410; x_wconf 89' lang='lat' dir='ltr'><strong>et</strong></span> <span class='ocrx_word' id='word_1_74' title='bbox 1027 1372 1058 1409; x_wconf 90' lang='lat' dir='ltr'><strong>e</strong></span> <span class='ocrx_word' id='word_1_75' title='bbox 1092 1359 1324 1413; x_wconf 87' lang='lat' dir='ltr'><strong>ducibus</strong></span> <span class='ocrx_word' id='word_1_76' title='bbox 1362 1360 1534 1428; x_wconf 90' lang='lat' dir='ltr'><strong>ipsius</strong></span> <span class='ocrx_word' id='word_1_77' title='bbox 1571 1360 1785 1422; x_wconf 85' lang='lat' dir='ltr'><strong>amicis,</strong></span> 
     </span>
    </p>
   </div>
   <div class='ocr_carea' id='block_1_14' title="bbox 219 1446 1787 1518">
    <p class='ocr_par' dir='ltr' id='par_1_14' title="bbox 219 1446 1787 1518">
     <span class='ocr_line' id='line_1_14' title="bbox 219 1446 1787 1518; baseline 0.006 -23"><span class='ocrx_word' id='word_1_78' title='bbox 219 1446 493 1498; x_wconf 77' lang='lat' dir='ltr'><strong>nonnulli.</strong></span> <span class='ocrx_word' id='word_1_79' title='bbox 524 1447 621 1500; x_wconf 91' lang='lat' dir='ltr'><strong>llic</strong></span> <span class='ocrx_word' id='word_1_80' title='bbox 655 1449 832 1500; x_wconf 89' lang='lat' dir='ltr'><strong>delata</strong></span> <span class='ocrx_word' id='word_1_81' title='bbox 866 1447 931 1500; x_wconf 88' lang='lat' dir='ltr'><strong>ad</strong></span> <span class='ocrx_word' id='word_1_82' title='bbox 966 1448 1146 1516; x_wconf 90' lang='lat' dir='ltr'><strong>ipsum</strong></span> <span class='ocrx_word' id='word_1_83' title='bbox 1176 1466 1360 1503; x_wconf 89' lang='lat' dir='ltr'><strong>eorum</strong></span> <span class='ocrx_word' id='word_1_84' title='bbox 1394 1464 1515 1518; x_wconf 68' lang='lat' dir='ltr'><strong>qua:</strong></span> <span class='ocrx_word' id='word_1_85' title='bbox 1554 1449 1787 1505; x_wconf 82' lang='lat' dir='ltr'><strong>Phirnzo</strong></span> 
     </span>
    </p>
   </div>
   <div class='ocr_carea' id='block_1_15' title="bbox 215 1537 1784 1599">
    <p class='ocr_par' dir='ltr' id='par_1_15' title="bbox 215 1537 1784 1599">
     <span class='ocr_line' id='line_1_15' title="bbox 215 1537 1784 1599; baseline 0.006 -12"><span class='ocrx_word' id='word_1_86' title='bbox 215 1537 535 1590; x_wconf 84' lang='lat' dir='ltr'><strong>acciderant</strong></span> <span class='ocrx_word' id='word_1_87' title='bbox 565 1537 731 1599; x_wconf 80' lang='lat' dir='ltr'><strong>fama,</strong></span> <span class='ocrx_word' id='word_1_88' title='bbox 762 1539 946 1592; x_wconf 82' lang='lat' dir='ltr'><strong>statim</strong></span> <span class='ocrx_word' id='word_1_89' title='bbox 988 1556 1093 1595; x_wconf 88' lang='lat' dir='ltr'><strong>una</strong></span> <span class='ocrx_word' id='word_1_90' title='bbox 1155 1556 1277 1596; x_wconf 90' lang='lat' dir='ltr'><strong>cum</strong></span> <span class='ocrx_word' id='word_1_91' title='bbox 1349 1541 1638 1595; x_wconf 84' lang='lat' dir='ltr'><strong>comitibus</strong></span> <span class='ocrx_word' id='word_1_92' title='bbox 1671 1544 1784 1597; x_wconf 84' lang='lat' dir='ltr'><strong>suis</strong></span> 
     </span>
    </p>
   </div>
   <div class='ocr_carea' id='block_1_16' title="bbox 221 1627 1783 1704">
    <p class='ocr_par' dir='ltr' id='par_1_16' title="bbox 221 1627 1783 1704">
     <span class='ocr_line' id='line_1_16' title="bbox 221 1627 1783 1704; baseline 0.007 -26"><span class='ocrx_word' id='word_1_93' title='bbox 221 1627 519 1696; x_wconf 78' lang='lat' dir='ltr'><strong>lliyatelam</strong></span> <span class='ocrx_word' id='word_1_94' title='bbox 546 1644 735 1684; x_wconf 78' lang='lat' dir='ltr'><strong>versus</strong></span> <span class='ocrx_word' id='word_1_95' title='bbox 768 1631 1042 1699; x_wconf 83' lang='lat' dir='ltr'><strong>profectus</strong></span> <span class='ocrx_word' id='word_1_96' title='bbox 1079 1633 1144 1686; x_wconf 90' lang='lat' dir='ltr'><strong>ad</strong></span> <span class='ocrx_word' id='word_1_97' title='bbox 1202 1648 1261 1685; x_wconf 89' lang='lat' dir='ltr'><strong>se</strong></span> <span class='ocrx_word' id='word_1_98' title='bbox 1315 1631 1533 1685; x_wconf 84' lang='lat' dir='ltr'><strong>l‘biruzi</strong></span> <span class='ocrx_word' id='word_1_99' title='bbox 1600 1635 1783 1704; x_wconf 87' lang='lat' dir='ltr'><strong>copias</strong></span> 
     </span>
    </p>
   </div>
   <div class='ocr_carea' id='block_1_17' title="bbox 217 1719 1776 1792">
    <p class='ocr_par' dir='ltr' id='par_1_17' title="bbox 217 1719 1776 1792">
     <span class='ocr_line' id='line_1_17' title="bbox 217 1719 1776 1792; baseline 0.009 -24"><span class='ocrx_word' id='word_1_100' title='bbox 217 1719 442 1789; x_wconf 77' lang='lat' dir='ltr'><strong>colligit,</strong></span> <span class='ocrx_word' id='word_1_101' title='bbox 477 1719 613 1774; x_wconf 86' lang='lat' dir='ltr'><strong>adeo</strong></span> <span class='ocrx_word' id='word_1_102' title='bbox 644 1730 701 1774; x_wconf 92' lang='lat' dir='ltr'><strong>ut</strong></span> <span class='ocrx_word' id='word_1_103' title='bbox 743 1724 809 1776; x_wconf 90' lang='lat' dir='ltr'><strong>ad</strong></span> <span class='ocrx_word' id='word_1_104' title='bbox 842 1739 1091 1791; x_wconf 77' lang='lat' dir='ltr'><strong>magnam</strong></span> <span class='ocrx_word' id='word_1_105' title='bbox 1152 1725 1448 1792; x_wconf 76' lang='lat' dir='ltr'><strong>po:entiam</strong></span> <span class='ocrx_word' id='word_1_106' title='bbox 1490 1739 1776 1782; x_wconf 77' lang='lat' dir='ltr'><strong>cresceret.</strong></span> 
     </span>
    </p>
   </div>
   <div class='ocr_carea' id='block_1_18' title="bbox 217 1809 1781 1882">
    <p class='ocr_par' dir='ltr' id='par_1_18' title="bbox 217 1809 1781 1882">
     <span class='ocr_line' id='line_1_18' title="bbox 217 1809 1781 1882; baseline 0.006 -19"><span class='ocrx_word' id='word_1_107' title='bbox 217 1809 361 1864; x_wconf 88' lang='lat' dir='ltr'><strong>Cum</strong></span> <span class='ocrx_word' id='word_1_108' title='bbox 423 1828 555 1882; x_wconf 82' lang='lat' dir='ltr'><strong>ergo</strong></span> <span class='ocrx_word' id='word_1_109' title='bbox 633 1829 799 1882; x_wconf 85' lang='lat' dir='ltr'><strong>prope</strong></span> <span class='ocrx_word' id='word_1_110' title='bbox 851 1814 964 1881; x_wconf 82' lang='lat' dir='ltr'><strong>jam</strong></span> <span class='ocrx_word' id='word_1_111' title='bbox 1029 1816 1098 1866; x_wconf 83' lang='lat' dir='ltr'><strong>ab</strong></span> <span class='ocrx_word' id='word_1_112' title='bbox 1155 1814 1529 1870; x_wconf 81' lang='lat' dir='ltr'><strong>Acbsbanwar</strong></span> <span class='ocrx_word' id='word_1_113' title='bbox 1587 1821 1781 1874; x_wconf 79' lang='lat' dir='ltr'><strong>castris</strong></span> 
     </span>
    </p>
   </div>
   <div class='ocr_carea' id='block_1_19' title="bbox 214 1904 1776 1979">
    <p class='ocr_par' dir='ltr' id='par_1_19' title="bbox 214 1904 1776 1979">
     <span class='ocr_line' id='line_1_19' title="bbox 214 1904 1776 1979; baseline 0.008 -26"><span class='ocrx_word' id='word_1_114' title='bbox 214 1907 451 1967; x_wconf 82' lang='lat' dir='ltr'><strong>abesset,</strong></span> <span class='ocrx_word' id='word_1_115' title='bbox 488 1906 637 1957; x_wconf 77' lang='lat' dir='ltr'><strong>misit</strong></span> <span class='ocrx_word' id='word_1_116' title='bbox 668 1905 759 1973; x_wconf 89' lang='lat' dir='ltr'><strong>qui</strong></span> <span class='ocrx_word' id='word_1_117' title='bbox 786 1905 885 1973; x_wconf 91' lang='lat' dir='ltr'><strong>ipsi</strong></span> <span class='ocrx_word' id='word_1_118' title='bbox 911 1904 1155 1960; x_wconf 86' lang='lat' dir='ltr'><strong>dicerent</strong></span> <span class='ocrx_word' id='word_1_119' title='bbox 1182 1925 1196 1960; x_wconf 90' lang='lat'><strong>:</strong></span> <span class='ocrx_word' id='word_1_120' title='bbox 1231 1906 1345 1962; x_wconf 85' lang='lat' dir='ltr'><strong>Non</strong></span> <span class='ocrx_word' id='word_1_121' title='bbox 1375 1911 1495 1965; x_wconf 90' lang='lat' dir='ltr'><strong>ideo</strong></span> <span class='ocrx_word' id='word_1_122' title='bbox 1527 1912 1648 1965; x_wconf 80' lang='lat' dir='ltr'><strong>veni</strong></span> <span class='ocrx_word' id='word_1_123' title='bbox 1676 1928 1776 1979; x_wconf 84' lang='lat' dir='ltr'><strong>ego</strong></span> 
     </span>
    </p>
   </div>
   <div class='ocr_carea' id='block_1_20' title="bbox 218 1996 1773 2061">
    <p class='ocr_par' dir='ltr' id='par_1_20' title="bbox 218 1996 1773 2061">
     <span class='ocr_line' id='line_1_20' title="bbox 218 1996 1773 2061; baseline 0.009 -16"><span class='ocrx_word' id='word_1_124' title='bbox 218 2007 271 2046; x_wconf 92' lang='grc' dir='ltr'><strong>ιιι</strong></span> <span class='ocrx_word' id='word_1_125' title='bbox 308 2006 359 2046; x_wconf 88' lang='lat' dir='ltr'><strong>te</strong></span> <span class='ocrx_word' id='word_1_126' title='bbox 386 1996 524 2047; x_wconf 87' lang='lat' dir='ltr'><strong>bello</strong></span> <span class='ocrx_word' id='word_1_127' title='bbox 552 1996 814 2051; x_wconf 82' lang='lat' dir='ltr'><strong>lacessam</strong></span> <span class='ocrx_word' id='word_1_128' title='bbox 838 2041 852 2061; x_wconf 92' lang='lat'><strong>,</strong></span> <span class='ocrx_word' id='word_1_129' title='bbox 895 2013 1082 2052; x_wconf 82' lang='lat' dir='ltr'><strong>verum</strong></span> <span class='ocrx_word' id='word_1_130' title='bbox 1109 2015 1229 2054; x_wconf 89' lang='lat' dir='ltr'><strong>eum</strong></span> <span class='ocrx_word' id='word_1_131' title='bbox 1263 2003 1315 2053; x_wconf 92' lang='lat' dir='ltr'><strong>in</strong></span> <span class='ocrx_word' id='word_1_132' title='bbox 1356 2006 1515 2057; x_wconf 82' lang='lat' dir='ltr'><strong>tinent</strong></span> <span class='ocrx_word' id='word_1_133' title='bbox 1550 2013 1608 2058; x_wconf 92' lang='lat' dir='ltr'><strong>ut</strong></span> <span class='ocrx_word' id='word_1_134' title='bbox 1640 2005 1773 2059; x_wconf 91' lang='lat' dir='ltr'><strong>illud</strong></span> 
     </span>
    </p>
   </div>
   <div class='ocr_carea' id='block_1_21' title="bbox 212 2084 1773 2156">
    <p class='ocr_par' dir='ltr' id='par_1_21' title="bbox 212 2084 1773 2156">
     <span class='ocr_line' id='line_1_21' title="bbox 212 2084 1773 2156; baseline 0.008 -22"><span class='ocrx_word' id='word_1_135' title='bbox 212 2085 354 2153; x_wconf 82' lang='lat' dir='ltr'><strong>quod</strong></span> <span class='ocrx_word' id='word_1_136' title='bbox 381 2084 447 2137; x_wconf 92' lang='lat' dir='ltr'><strong>de</strong></span> <span class='ocrx_word' id='word_1_137' title='bbox 474 2085 828 2156; x_wconf 77' lang='lat'><strong>125-127</strong></span> <span class='ocrx_word' id='word_1_138' title='bbox 859 2088 1076 2141; x_wconf 81' lang='lat' dir='ltr'><strong>Pliiruzi</strong></span> <span class='ocrx_word' id='word_1_139' title='bbox 1107 2087 1457 2142; x_wconf 75' lang='lat' dir='ltr'><strong>facultatibus</strong></span> <span class='ocrx_word' id='word_1_140' title='bbox 1490 2090 1545 2142; x_wconf 89' lang='lat' dir='ltr'><strong>in</strong></span> <span class='ocrx_word' id='word_1_141' title='bbox 1577 2106 1773 2147; x_wconf 88' lang='lat' dir='ltr'><strong>manus</strong></span> 
     </span>
    </p>
   </div>
   <div class='ocr_carea' id='block_1_22' title="bbox 210 2181 1772 2251">
    <p class='ocr_par' dir='ltr' id='par_1_22' title="bbox 210 2181 1772 2251">
     <span class='ocr_line' id='line_1_22' title="bbox 210 2181 1772 2251; baseline 0.004 -19"><span class='ocrx_word' id='word_1_142' title='bbox 210 2189 336 2232; x_wconf 83' lang='lat' dir='ltr'><strong>tuas</strong></span> <span class='ocrx_word' id='word_1_143' title='bbox 360 2181 623 2244; x_wconf 83' lang='lat' dir='ltr'><strong>penenit,</strong></span> <span class='ocrx_word' id='word_1_144' title='bbox 664 2181 883 2240; x_wconf 81' lang='lat' dir='ltr'><strong>reddas,</strong></span> <span class='ocrx_word' id='word_1_145' title='bbox 917 2188 970 2234; x_wconf 88' lang='lat' dir='ltr'><strong>et</strong></span> <span class='ocrx_word' id='word_1_146' title='bbox 1000 2182 1091 2249; x_wconf 86' lang='lat' dir='ltr'><strong>qui</strong></span> <span class='ocrx_word' id='word_1_147' title='bbox 1120 2183 1262 2249; x_wconf 88' lang='lat' dir='ltr'><strong>apud</strong></span> <span class='ocrx_word' id='word_1_148' title='bbox 1298 2191 1351 2235; x_wconf 89' lang='lat' dir='ltr'><strong>te</strong></span> <span class='ocrx_word' id='word_1_149' title='bbox 1382 2186 1772 2251; x_wconf 81' lang='lat' dir='ltr'><strong>suntcaptivos</strong></span> 
     </span>
    </p>
   </div>
   <div class='ocr_carea' id='block_1_23' title="bbox 212 2270 1772 2347">
    <p class='ocr_par' dir='ltr' id='par_1_23' title="bbox 212 2270 1772 2347">
     <span class='ocr_line' id='line_1_23' title="bbox 212 2270 1772 2347; baseline 0.006 -28"><span class='ocrx_word' id='word_1_150' title='bbox 212 2271 485 2329; x_wconf 70' lang='lat' dir='ltr'><strong>dnnittzs,</strong></span> <span class='ocrx_word' id='word_1_151' title='bbox 537 2281 596 2320; x_wconf 89' lang='lat' dir='ltr'><strong>ut</strong></span> <span class='ocrx_word' id='word_1_152' title='bbox 656 2272 727 2322; x_wconf 87' lang='lat' dir='ltr'><strong>sit</strong></span> <span class='ocrx_word' id='word_1_153' title='bbox 782 2271 884 2324; x_wconf 79' lang='lat' dir='ltr'><strong>hoc</strong></span> <span class='ocrx_word' id='word_1_154' title='bbox 928 2270 1068 2324; x_wconf 85' lang='lat' dir='ltr'><strong>inter</strong></span> <span class='ocrx_word' id='word_1_155' title='bbox 1136 2287 1235 2325; x_wconf 89' lang='lat' dir='ltr'><strong>nos</strong></span> <span class='ocrx_word' id='word_1_156' title='bbox 1285 2274 1434 2339; x_wconf 82' lang='lat' dir='ltr'><strong>pacis</strong></span> <span class='ocrx_word' id='word_1_157' title='bbox 1484 2273 1772 2347; x_wconf 80' lang='lat' dir='ltr'><strong>[conditio]</strong></span> 
     </span>
    </p>
   </div>
   <div class='ocr_carea' id='block_1_24' title="bbox 213 2360 1770 2434">
    <p class='ocr_par' dir='ltr' id='par_1_24' title="bbox 213 2360 1770 2434">
     <span class='ocr_line' id='line_1_24' title="bbox 213 2360 1770 2434; baseline 0.008 -25"><span class='ocrx_word' id='word_1_158' title='bbox 213 2374 426 2425; x_wconf 87' lang='lat' dir='ltr'><strong>nosque</strong></span> <span class='ocrx_word' id='word_1_159' title='bbox 450 2373 478 2411; x_wconf 85' lang='lat' dir='ltr'><strong>a</strong></span> <span class='ocrx_word' id='word_1_160' title='bbox 509 2368 561 2410; x_wconf 80' lang='lat' dir='ltr'><strong>te.</strong></span> <span class='ocrx_word' id='word_1_161' title='bbox 601 2360 858 2427; x_wconf 87' lang='lat' dir='ltr'><strong>impetum</strong></span> <span class='ocrx_word' id='word_1_162' title='bbox 893 2373 1142 2415; x_wconf 90' lang='lat' dir='ltr'><strong>nostrum</strong></span> <span class='ocrx_word' id='word_1_163' title='bbox 1176 2373 1515 2431; x_wconf 72' lang='lat' dir='ltr'><strong>arertamus,</strong></span> <span class='ocrx_word' id='word_1_164' title='bbox 1550 2366 1695 2434; x_wconf 87' lang='lat' dir='ltr'><strong>quod</strong></span> <span class='ocrx_word' id='word_1_165' title='bbox 1726 2367 1770 2420; x_wconf 92' lang='lat' dir='ltr'><strong>si</strong></span> 
     </span>
    </p>
   </div>
   <div class='ocr_carea' id='block_1_25' title="bbox 210 2451 1773 2523">
    <p class='ocr_par' dir='ltr' id='par_1_25' title="bbox 210 2451 1773 2523">
     <span class='ocr_line' id='line_1_25' title="bbox 210 2451 1773 2523; baseline 0.008 -23"><span class='ocrx_word' id='word_1_166' title='bbox 210 2451 473 2511; x_wconf 63' lang='lat' dir='ltr'><strong>volueris,</strong></span> <span class='ocrx_word' id='word_1_167' title='bbox 500 2453 593 2504; x_wconf 90' lang='lat' dir='ltr'><strong>illo</strong></span> <span class='ocrx_word' id='word_1_168' title='bbox 630 2468 657 2503; x_wconf 92' lang='lat' dir='ltr'><strong>a</strong></span> <span class='ocrx_word' id='word_1_169' title='bbox 698 2462 748 2504; x_wconf 91' lang='lat' dir='ltr'><strong>te</strong></span> <span class='ocrx_word' id='word_1_170' title='bbox 773 2462 996 2521; x_wconf 85' lang='lat' dir='ltr'><strong>accepto</strong></span> <span class='ocrx_word' id='word_1_171' title='bbox 1019 2462 1384 2518; x_wconf 77' lang='lat' dir='ltr'><strong>revertemur;</strong></span> <span class='ocrx_word' id='word_1_172' title='bbox 1412 2457 1496 2510; x_wconf 91' lang='lat' dir='ltr'><strong>sin</strong></span> <span class='ocrx_word' id='word_1_173' title='bbox 1517 2459 1773 2523; x_wconf 88' lang='lat' dir='ltr'><strong>nolueris,</strong></span> 
     </span>
    </p>
   </div>
   <div class='ocr_carea' id='block_1_26' title="bbox 220 2544 1775 2613">
    <p class='ocr_par' dir='ltr' id='par_1_26' title="bbox 220 2544 1775 2613">
     <span class='ocr_line' id='line_1_26' title="bbox 220 2544 1775 2613; baseline 0.008 -23"><span class='ocrx_word' id='word_1_174' title='bbox 220 2556 409 2592; x_wconf 58' lang='grc' dir='ltr'><strong>κει-θυι</strong></span> <span class='ocrx_word' id='word_1_175' title='bbox 429 2557 496 2595; x_wconf 82' lang='lat' dir='ltr'><strong>ne</strong></span> <span class='ocrx_word' id='word_1_176' title='bbox 534 2552 585 2593; x_wconf 87' lang='lat' dir='ltr'><strong>te</strong></span> <span class='ocrx_word' id='word_1_177' title='bbox 618 2544 893 2611; x_wconf 76' lang='lat' dir='ltr'><strong>pteniteat.</strong></span> <span class='ocrx_word' id='word_1_178' title='bbox 925 2546 1186 2599; x_wconf 81' lang='lat' dir='ltr'><strong>Annuens</strong></span> <span class='ocrx_word' id='word_1_179' title='bbox 1229 2562 1357 2613; x_wconf 83' lang='lat' dir='ltr'><strong>ergo</strong></span> <span class='ocrx_word' id='word_1_180' title='bbox 1402 2549 1775 2603; x_wconf 79' lang='lat' dir='ltr'><strong>Acbsbauwar</strong></span> 
     </span>
    </p>
   </div>
   <div class='ocr_carea' id='block_1_27' title="bbox 208 2628 1771 2707">
    <p class='ocr_par' dir='ltr' id='par_1_27' title="bbox 208 2628 1771 2707">
     <span class='ocr_line' id='line_1_27' title="bbox 208 2628 1771 2707; baseline 0.009 -28"><span class='ocrx_word' id='word_1_181' title='bbox 208 2628 490 2684; x_wconf 76' lang='lat' dir='ltr'><strong>Snehrano</strong></span> <span class='ocrx_word' id='word_1_182' title='bbox 512 2632 565 2683; x_wconf 89' lang='lat' dir='ltr'><strong>in</strong></span> <span class='ocrx_word' id='word_1_183' title='bbox 590 2647 652 2684; x_wconf 89' lang='lat' dir='ltr'><strong>eo</strong></span> <span class='ocrx_word' id='word_1_184' title='bbox 673 2634 813 2700; x_wconf 86' lang='lat' dir='ltr'><strong>quod</strong></span> <span class='ocrx_word' id='word_1_185' title='bbox 854 2636 1027 2705; x_wconf 86' lang='lat' dir='ltr'><strong>petiit,</strong></span> <span class='ocrx_word' id='word_1_186' title='bbox 1059 2637 1303 2704; x_wconf 88' lang='lat' dir='ltr'><strong>captivos</strong></span> <span class='ocrx_word' id='word_1_187' title='bbox 1327 2653 1514 2690; x_wconf 87' lang='lat' dir='ltr'><strong>eorum</strong></span> <span class='ocrx_word' id='word_1_188' title='bbox 1544 2640 1771 2707; x_wconf 83' lang='lat' dir='ltr'><strong>dimisit,</strong></span> 
     </span>
    </p>
   </div>
   <div class='ocr_carea' id='block_1_28' title="bbox 207 2719 1773 2797">
    <p class='ocr_par' dir='ltr' id='par_1_28' title="bbox 207 2719 1773 2797">
     <span class='ocr_line' id='line_1_28' title="bbox 207 2719 1773 2797; baseline 0.009 -26"><span class='ocrx_word' id='word_1_189' title='bbox 207 2719 494 2788; x_wconf 87' lang='lat' dir='ltr'><strong>spoliaque</strong></span> <span class='ocrx_word' id='word_1_190' title='bbox 522 2723 727 2776; x_wconf 86' lang='lat' dir='ltr'><strong>reddita</strong></span> <span class='ocrx_word' id='word_1_191' title='bbox 760 2727 993 2789; x_wconf 83' lang='lat' dir='ltr'><strong>remisit,</strong></span> <span class='ocrx_word' id='word_1_192' title='bbox 1020 2726 1156 2780; x_wconf 86' lang='lat' dir='ltr'><strong>adeo</strong></span> <span class='ocrx_word' id='word_1_193' title='bbox 1189 2736 1245 2778; x_wconf 92' lang='lat' dir='ltr'><strong>ut</strong></span> <span class='ocrx_word' id='word_1_194' title='bbox 1289 2729 1429 2780; x_wconf 90' lang='lat' dir='ltr'><strong>inter</strong></span> <span class='ocrx_word' id='word_1_195' title='bbox 1486 2733 1657 2797; x_wconf 88' lang='lat' dir='ltr'><strong>ipsum</strong></span> <span class='ocrx_word' id='word_1_196' title='bbox 1691 2744 1773 2785; x_wconf 84' lang='lat' dir='ltr'><strong>at-</strong></span> 
     </span>
    </p>
   </div>
   <div class='ocr_carea' id='block_1_29' title="bbox 205 2809 1775 2880">
    <p class='ocr_par' dir='ltr' id='par_1_29' title="bbox 205 2809 1775 2880">
     <span class='ocr_line' id='line_1_29' title="bbox 205 2809 1775 2880; baseline 0.009 -21"><span class='ocrx_word' id='word_1_197' title='bbox 205 2824 313 2876; x_wconf 85' lang='lat' dir='ltr'><strong>que</strong></span> <span class='ocrx_word' id='word_1_198' title='bbox 353 2809 481 2864; x_wconf 80' lang='lat' dir='ltr'><strong>illos</strong></span> <span class='ocrx_word' id='word_1_199' title='bbox 507 2824 962 2880; x_wconf 82' lang='lat' dir='ltr'><strong>cmnponerentur</strong></span> <span class='ocrx_word' id='word_1_200' title='bbox 1019 2830 1126 2869; x_wconf 92' lang='lat' dir='ltr'><strong>res.</strong></span> <span class='ocrx_word' id='word_1_201' title='bbox 1186 2813 1322 2868; x_wconf 83' lang='lat' dir='ltr'><strong>Tum</strong></span> <span class='ocrx_word' id='word_1_202' title='bbox 1384 2834 1635 2872; x_wconf 81' lang='lat' dir='ltr'><strong>reversus</strong></span> <span class='ocrx_word' id='word_1_203' title='bbox 1690 2830 1775 2873; x_wconf 86' lang='lat' dir='ltr'><strong>est</strong></span> 
     </span>
    </p>
   </div>
   <div class='ocr_carea' id='block_1_30' title="bbox 205 2900 1770 2975">
    <p class='ocr_par' dir='ltr' id='par_1_30' title="bbox 205 2900 1770 2975">
     <span class='ocr_line' id='line_1_30' title="bbox 205 2900 1770 2975; baseline 0.01 -27"><span class='ocrx_word' id='word_1_204' title='bbox 205 2900 456 2953; x_wconf 75' lang='lat' dir='ltr'><strong>Sucbran</strong></span> <span class='ocrx_word' id='word_1_205' title='bbox 538 2904 605 2955; x_wconf 88' lang='lat' dir='ltr'><strong>ad</strong></span> <span class='ocrx_word' id='word_1_206' title='bbox 681 2905 743 2956; x_wconf 92' lang='lat' dir='ltr'><strong>Al</strong></span> <span class='ocrx_word' id='word_1_207' title='bbox 817 2904 1082 2975; x_wconf 82' lang='lat' dir='ltr'><strong>Madycn,</strong></span> <span class='ocrx_word' id='word_1_208' title='bbox 1133 2907 1564 2963; x_wconf 73' lang='lat' dir='ltr'><strong>observantibus</strong></span> <span class='ocrx_word' id='word_1_209' title='bbox 1639 2910 1770 2964; x_wconf 81' lang='lat' dir='ltr'><strong>Per-</strong></span> 
     </span>
    </p>
   </div>
   <div class='ocr_carea' id='block_1_31' title="bbox 202 2988 1764 3067">
    <p class='ocr_par' dir='ltr' id='par_1_31' title="bbox 202 2988 1764 3067">
     <span class='ocr_line' id='line_1_31' title="bbox 202 2988 1764 3067; baseline 0.01 -29"><span class='ocrx_word' id='word_1_210' title='bbox 202 2988 283 3040; x_wconf 81' lang='lat' dir='ltr'><strong>sis</strong></span> <span class='ocrx_word' id='word_1_211' title='bbox 335 2990 594 3057; x_wconf 83' lang='lat' dir='ltr'><strong>quidquid</strong></span> <span class='ocrx_word' id='word_1_212' title='bbox 624 2992 792 3060; x_wconf 89' lang='lat' dir='ltr'><strong>petiit,</strong></span> <span class='ocrx_word' id='word_1_213' title='bbox 821 2995 1031 3062; x_wconf 81' lang='lat' dir='ltr'><strong>ipsique</strong></span> <span class='ocrx_word' id='word_1_214' title='bbox 1061 2996 1184 3049; x_wconf 85' lang='lat' dir='ltr'><strong>ideo</strong></span> <span class='ocrx_word' id='word_1_215' title='bbox 1209 2998 1411 3063; x_wconf 82' lang='lat' dir='ltr'><strong>gratias</strong></span> <span class='ocrx_word' id='word_1_216' title='bbox 1461 3002 1764 3067; x_wconf 72' lang='lat' dir='ltr'><strong>agentibus.</strong></span> 
     </span>
    </p>
   </div>
   <div class='ocr_carea' id='block_1_32' title="bbox 281 3079 1769 3156">
    <p class='ocr_par' dir='ltr' id='par_1_32' title="bbox 281 3079 1769 3156">
     <span class='ocr_line' id='line_1_32' title="bbox 281 3079 1769 3156; baseline 0.013 -27"><span class='ocrx_word' id='word_1_217' title='bbox 281 3079 529 3135; x_wconf 75' lang='lat' dir='ltr'><strong>Mortuus</strong></span> <span class='ocrx_word' id='word_1_218' title='bbox 564 3091 646 3136; x_wconf 89' lang='lat' dir='ltr'><strong>est</strong></span> <span class='ocrx_word' id='word_1_219' title='bbox 679 3100 808 3151; x_wconf 80' lang='lat' dir='ltr'><strong>ergo</strong></span> <span class='ocrx_word' id='word_1_220' title='bbox 864 3085 1062 3139; x_wconf 83' lang='lat' dir='ltr'><strong>Phiruz</strong></span> <span class='ocrx_word' id='word_1_221' title='bbox 1109 3102 1231 3141; x_wconf 90' lang='lat' dir='ltr'><strong>cum</strong></span> <span class='ocrx_word' id='word_1_222' title='bbox 1266 3099 1541 3156; x_wconf 79' lang='lat' dir='ltr'><strong>regnasset</strong></span> <span class='ocrx_word' id='word_1_223' title='bbox 1598 3108 1769 3147; x_wconf 82' lang='lat' dir='ltr'><strong>annos</strong></span> 
     </span>
    </p>
   </div>
   <div class='ocr_carea' id='block_1_33' title="bbox 202 3168 1770 3250">
    <p class='ocr_par' dir='ltr' id='par_1_33' title="bbox 202 3168 1770 3250">
     <span class='ocr_line' id='line_1_33' title="bbox 202 3168 1770 3250; baseline 0.015 -36"><span class='ocrx_word' id='word_1_224' title='bbox 202 3168 397 3231; x_wconf 69' lang='lat' dir='ltr'><strong>viginti</strong></span> <span class='ocrx_word' id='word_1_225' title='bbox 432 3180 662 3236; x_wconf 79' lang='lat' dir='ltr'><strong>septem.</strong></span> <span class='ocrx_word' id='word_1_226' title='bbox 700 3173 1218 3243; x_wconf 73' lang='lat' dir='ltr'><strong>(iutttemleruntque</strong></span> <span class='ocrx_word' id='word_1_227' title='bbox 1251 3178 1391 3230; x_wconf 89' lang='lat' dir='ltr'><strong>inter</strong></span> <span class='ocrx_word' id='word_1_228' title='bbox 1420 3194 1477 3231; x_wconf 91' lang='lat' dir='ltr'><strong>se</strong></span> <span class='ocrx_word' id='word_1_229' title='bbox 1506 3180 1571 3232; x_wconf 90' lang='lat' dir='ltr'><strong>de</strong></span> <span class='ocrx_word' id='word_1_230' title='bbox 1604 3198 1770 3250; x_wconf 79' lang='lat' dir='ltr'><strong>regno</strong></span> 
     </span>
    </p>
   </div>
   <div class='ocr_carea' id='block_1_34' title="bbox 202 3257 1766 3328">
    <p class='ocr_par' dir='ltr' id='par_1_34' title="bbox 202 3257 1766 3328">
     <span class='ocr_line' id='line_1_34' title="bbox 202 3257 1766 3328; baseline 0.01 -21"><span class='ocrx_word' id='word_1_231' title='bbox 202 3258 296 3310; x_wconf 76' lang='lat' dir='ltr'><strong>lilii</strong></span> <span class='ocrx_word' id='word_1_232' title='bbox 325 3257 499 3324; x_wconf 81' lang='lat' dir='ltr'><strong>ipsius</strong></span> <span class='ocrx_word' id='word_1_233' title='bbox 547 3261 737 3313; x_wconf 80' lang='lat' dir='ltr'><strong>Kobad</strong></span> <span class='ocrx_word' id='word_1_234' title='bbox 796 3272 847 3313; x_wconf 89' lang='lat' dir='ltr'><strong>et</strong></span> <span class='ocrx_word' id='word_1_235' title='bbox 908 3261 1153 3328; x_wconf 79' lang='lat' dir='ltr'><strong>Balahes,</strong></span> <span class='ocrx_word' id='word_1_236' title='bbox 1206 3266 1380 3318; x_wconf 79' lang='lat' dir='ltr'><strong>donec</strong></span> <span class='ocrx_word' id='word_1_237' title='bbox 1428 3266 1650 3323; x_wconf 75' lang='lat' dir='ltr'><strong>Balabes</strong></span> <span class='ocrx_word' id='word_1_238' title='bbox 1693 3273 1766 3323; x_wconf 73' lang='lat' dir='ltr'><strong>vi-</strong></span> 
     </span>
    </p>
   </div>
   <div class='ocr_carea' id='block_1_35' title="bbox 203 3347 1768 3423">
    <p class='ocr_par' dir='ltr' id='par_1_35' title="bbox 203 3347 1768 3423">
     <span class='ocr_line' id='line_1_35' title="bbox 203 3347 1768 3423; baseline 0.011 -25"><span class='ocrx_word' id='word_1_239' title='bbox 203 3356 349 3400; x_wconf 84' lang='lat' dir='ltr'><strong>ctum</strong></span> <span class='ocrx_word' id='word_1_240' title='bbox 414 3347 693 3401; x_wconf 74' lang='lat' dir='ltr'><strong>liobaduzn</strong></span> <span class='ocrx_word' id='word_1_241' title='bbox 752 3365 817 3403; x_wconf 88' lang='lat' dir='ltr'><strong>eo</strong></span> <span class='ocrx_word' id='word_1_242' title='bbox 880 3352 1177 3417; x_wconf 75' lang='lat' dir='ltr'><strong>abdicaret,</strong></span> <span class='ocrx_word' id='word_1_243' title='bbox 1241 3357 1334 3423; x_wconf 85' lang='lat' dir='ltr'><strong>qui</strong></span> <span class='ocrx_word' id='word_1_244' title='bbox 1394 3358 1768 3415; x_wconf 77' lang='lat' dir='ltr'><strong>Citorasanum</strong></span> 
     </span>
    </p>
   </div>
   <div class='ocr_carea' id='block_1_36' title="bbox 201 3439 1769 3520">
    <p class='ocr_par' dir='ltr' id='par_1_36' title="bbox 201 3439 1769 3520">
     <span class='ocr_line' id='line_1_36' title="bbox 201 3439 1769 3520; baseline 0.013 -33"><span class='ocrx_word' id='word_1_245' title='bbox 201 3455 332 3501; x_wconf 65' lang='lat' dir='ltr'><strong>ergo</strong></span> <span class='ocrx_word' id='word_1_246' title='bbox 370 3439 521 3503; x_wconf 81' lang='lat' dir='ltr'><strong>petiit</strong></span> <span class='ocrx_word' id='word_1_247' title='bbox 553 3440 814 3491; x_wconf 75' lang='lat' dir='ltr'><strong>auxilium</strong></span> <span class='ocrx_word' id='word_1_248' title='bbox 864 3456 892 3495; x_wconf 89' lang='lat' dir='ltr'><strong>a</strong></span> <span class='ocrx_word' id='word_1_249' title='bbox 945 3443 1200 3497; x_wconf 71' lang='lat' dir='ltr'><strong>(lltakano</strong></span> <span class='ocrx_word' id='word_1_250' title='bbox 1239 3446 1537 3502; x_wconf 83' lang='lat' dir='ltr'><strong>Turcarum</strong></span> <span class='ocrx_word' id='word_1_251' title='bbox 1599 3451 1769 3520; x_wconf 87' lang='lat' dir='ltr'><strong>impc-</strong></span> 
     </span>
    </p>
   </div>
   <div class='ocr_carea' id='block_1_37' title="bbox 203 3527 1767 3606">
    <p class='ocr_par' dir='ltr' id='par_1_37' title="bbox 203 3527 1767 3606">
     <span class='ocr_line' id='line_1_37' title="bbox 203 3527 1767 3606; baseline 0.011 -31"><span class='ocrx_word' id='word_1_252' title='bbox 203 3538 386 3577; x_wconf 75' lang='lat' dir='ltr'><strong>nime</strong></span> <span class='ocrx_word' id='word_1_253' title='bbox 426 3538 618 3578; x_wconf 84' lang='lat' dir='ltr'><strong>contra</strong></span> <span class='ocrx_word' id='word_1_254' title='bbox 650 3527 872 3582; x_wconf 80' lang='lat' dir='ltr'><strong>fratrem</strong></span> <span class='ocrx_word' id='word_1_255' title='bbox 904 3546 1063 3582; x_wconf 91' lang='lat' dir='ltr'><strong>suum</strong></span> <span class='ocrx_word' id='word_1_256' title='bbox 1115 3533 1364 3594; x_wconf 90' lang='lat' dir='ltr'><strong>petitum.</strong></span> <span class='ocrx_word' id='word_1_257' title='bbox 1400 3533 1767 3606; x_wconf 79' lang='lat' dir='ltr'><strong>Regnavitque</strong></span> 
     </span>
    </p>
   </div>
   <div class='ocr_carea' id='block_1_38' title="bbox 198 3616 1768 3698">
    <p class='ocr_par' dir='ltr' id='par_1_38' title="bbox 198 3616 1768 3698">
     <span class='ocr_line' id='line_1_38' title="bbox 198 3616 1768 3698; baseline 0.01 -30"><span class='ocrx_word' id='word_1_258' title='bbox 198 3616 427 3669; x_wconf 72' lang='lat' dir='ltr'><strong>Balabes</strong></span> <span class='ocrx_word' id='word_1_259' title='bbox 468 3617 604 3671; x_wconf 90' lang='lat' dir='ltr'><strong>bene</strong></span> <span class='ocrx_word' id='word_1_260' title='bbox 659 3633 716 3669; x_wconf 87' lang='lat' dir='ltr'><strong>se</strong></span> <span class='ocrx_word' id='word_1_261' title='bbox 753 3620 805 3671; x_wconf 86' lang='lat' dir='ltr'><strong>in</strong></span> <span class='ocrx_word' id='word_1_262' title='bbox 864 3622 1119 3676; x_wconf 90' lang='lat' dir='ltr'><strong>omnibus</strong></span> <span class='ocrx_word' id='word_1_263' title='bbox 1164 3640 1381 3693; x_wconf 87' lang='lat' dir='ltr'><strong>gerens.</strong></span> <span class='ocrx_word' id='word_1_264' title='bbox 1441 3630 1768 3698; x_wconf 86' lang='lat' dir='ltr'><strong>conditaque</strong></span> 
     </span>
    </p>
   </div>
   <div class='ocr_carea' id='block_1_39' title="bbox 200 3707 1769 3788">
    <p class='ocr_par' dir='ltr' id='par_1_39' title="bbox 200 3707 1769 3788">
     <span class='ocr_line' id='line_1_39' title="bbox 200 3707 1769 3788; baseline 0.01 -29"><span class='ocrx_word' id='word_1_265' title='bbox 200 3709 330 3760; x_wconf 84' lang='lat' dir='ltr'><strong>urbe</strong></span> <span class='ocrx_word' id='word_1_266' title='bbox 364 3709 535 3774; x_wconf 52' lang='lat' dir='ltr'><strong>ipsam</strong></span> <span class='ocrx_word' id='word_1_267' title='bbox 594 3707 819 3762; x_wconf 81' lang='lat' dir='ltr'><strong>Balasur</strong></span> <span class='ocrx_word' id='word_1_268' title='bbox 872 3712 1181 3779; x_wconf 79' lang='lat' dir='ltr'><strong>appellavit.</strong></span> <span class='ocrx_word' id='word_1_269' title='bbox 1240 3718 1307 3767; x_wconf 85' lang='lat' dir='ltr'><strong>At</strong></span> <span class='ocrx_word' id='word_1_270' title='bbox 1359 3732 1481 3769; x_wconf 90' lang='lat' dir='ltr'><strong>cum</strong></span> <span class='ocrx_word' id='word_1_271' title='bbox 1535 3732 1769 3788; x_wconf 83' lang='lat' dir='ltr'><strong>quatuor</strong></span> 
     </span>
    </p>
   </div>
   <div class='ocr_carea' id='block_1_40' title="bbox 197 3799 1769 3874">
    <p class='ocr_par' dir='ltr' id='par_1_40' title="bbox 197 3799 1769 3874">
     <span class='ocr_line' id='line_1_40' title="bbox 197 3799 1769 3874; baseline 0.009 -26"><span class='ocrx_word' id='word_1_272' title='bbox 197 3814 370 3851; x_wconf 80' lang='lat' dir='ltr'><strong>annos</strong></span> <span class='ocrx_word' id='word_1_273' title='bbox 402 3807 678 3867; x_wconf 84' lang='lat' dir='ltr'><strong>regnasset</strong></span> <span class='ocrx_word' id='word_1_274' title='bbox 717 3800 826 3853; x_wconf 83' lang='lat' dir='ltr'><strong>lato</strong></span> <span class='ocrx_word' id='word_1_275' title='bbox 868 3799 1086 3855; x_wconf 81' lang='lat' dir='ltr'><strong>functus</strong></span> <span class='ocrx_word' id='word_1_276' title='bbox 1117 3813 1222 3869; x_wconf 89' lang='lat' dir='ltr'><strong>est,</strong></span> <span class='ocrx_word' id='word_1_277' title='bbox 1274 3805 1608 3874; x_wconf 77' lang='lat' dir='ltr'><strong>idqueann‘o</strong></span> <span class='ocrx_word' id='word_1_278' title='bbox 1666 3811 1769 3862; x_wconf 88' lang='lat' dir='ltr'><strong>im-</strong></span> 
     </span>
    </p>
   </div>
   <div class='ocr_carea' id='block_1_41' title="bbox 197 3887 1764 3963">
    <p class='ocr_par' dir='ltr' id='par_1_41' title="bbox 197 3887 1764 3963">
     <span class='ocr_line' id='line_1_41' title="bbox 197 3887 1764 3963; baseline 0.009 -23"><span class='ocrx_word' id='word_1_279' title='bbox 197 3891 332 3957; x_wconf 85' lang='lat' dir='ltr'><strong>perii</strong></span> <span class='ocrx_word' id='word_1_280' title='bbox 400 3888 639 3941; x_wconf 83' lang='lat' dir='ltr'><strong>Zenonis</strong></span> <span class='ocrx_word' id='word_1_281' title='bbox 695 3887 1064 3943; x_wconf 76' lang='lat' dir='ltr'><strong>Romanorum</strong></span> <span class='ocrx_word' id='word_1_282' title='bbox 1128 3894 1471 3963; x_wconf 82' lang='lat' dir='ltr'><strong>imperatoris</strong></span> <span class='ocrx_word' id='word_1_283' title='bbox 1532 3900 1764 3954; x_wconf 83' lang='lat' dir='ltr'><strong>decimo.</strong></span> 
     </span>
    </p>
   </div>
   <div class='ocr_carea' id='block_1_42' title="bbox 194 3980 1759 4047">
    <p class='ocr_par' dir='ltr' id='par_1_42' title="bbox 194 3980 1759 4047">
     <span class='ocr_line' id='line_1_42' title="bbox 194 3980 1759 4047; baseline 0.007 -15"><span class='ocrx_word' id='word_1_284' title='bbox 194 3981 331 4032; x_wconf 79' lang='lat' dir='ltr'><strong>Cum</strong></span> <span class='ocrx_word' id='word_1_285' title='bbox 381 3991 563 4032; x_wconf 86' lang='lat' dir='ltr'><strong>autem</strong></span> <span class='ocrx_word' id='word_1_286' title='bbox 629 3980 1066 4047; x_wconf 77' lang='lat' dir='ltr'><strong>proﬁcisceretur</strong></span> <span class='ocrx_word' id='word_1_287' title='bbox 1135 3983 1318 4038; x_wconf 80' lang='lat' dir='ltr'><strong>Kobad</strong></span> <span class='ocrx_word' id='word_1_288' title='bbox 1385 3988 1759 4046; x_wconf 74' lang='lat' dir='ltr'><strong>Chorasanum</strong></span> 
     </span>
    </p>
   </div>
   <div class='ocr_carea' id='block_1_43' title="bbox 202 4069 1763 4143">
    <p class='ocr_par' dir='ltr' id='par_1_43' title="bbox 202 4069 1763 4143">
     <span class='ocr_line' id='line_1_43' title="bbox 202 4069 1763 4143; baseline 0.012 -24"><span class='ocrx_word' id='word_1_289' title='bbox 202 4073 378 4136; x_wconf 73' lang='lat' dir='ltr'><strong>ipsum</strong></span> <span class='ocrx_word' id='word_1_290' title='bbox 406 4069 697 4124; x_wconf 84' lang='lat' dir='ltr'><strong>comitatus</strong></span> <span class='ocrx_word' id='word_1_291' title='bbox 720 4079 803 4123; x_wconf 87' lang='lat' dir='ltr'><strong>est</strong></span> <span class='ocrx_word' id='word_1_292' title='bbox 842 4071 1139 4127; x_wconf 87' lang='lat' dir='ltr'><strong>Zormahar</strong></span> <span class='ocrx_word' id='word_1_293' title='bbox 1176 4076 1443 4131; x_wconf 86' lang='lat' dir='ltr'><strong>Suchrani</strong></span> <span class='ocrx_word' id='word_1_294' title='bbox 1485 4080 1659 4143; x_wconf 89' lang='lat' dir='ltr'><strong>tilius;</strong></span> <span class='ocrx_word' id='word_1_295' title='bbox 1699 4098 1763 4136; x_wconf 87' lang='lat' dir='ltr'><strong>co</strong></span> 
     </span>
    </p>
   </div>
   <div class='ocr_carea' id='block_1_44' title="bbox 197 4162 1762 4235">
    <p class='ocr_par' dir='ltr' id='par_1_44' title="bbox 197 4162 1762 4235">
     <span class='ocr_line' id='line_1_44' title="bbox 197 4162 1762 4235; baseline 0.007 -24"><span class='ocrx_word' id='word_1_296' title='bbox 197 4163 367 4227; x_wconf 85' lang='lat' dir='ltr'><strong>igitur</strong></span> <span class='ocrx_word' id='word_1_297' title='bbox 398 4175 521 4213; x_wconf 87' lang='lat' dir='ltr'><strong>cum</strong></span> <span class='ocrx_word' id='word_1_298' title='bbox 553 4162 931 4227; x_wconf 75' lang='lat' dir='ltr'><strong>pervenissent</strong></span> <span class='ocrx_word' id='word_1_299' title='bbox 959 4162 1215 4216; x_wconf 73' lang='lat' dir='ltr'><strong>diversati</strong></span> <span class='ocrx_word' id='word_1_300' title='bbox 1249 4174 1372 4217; x_wconf 90' lang='lat' dir='ltr'><strong>sunt</strong></span> <span class='ocrx_word' id='word_1_301' title='bbox 1396 4169 1538 4235; x_wconf 90' lang='lat' dir='ltr'><strong>apud</strong></span> <span class='ocrx_word' id='word_1_302' title='bbox 1564 4185 1762 4235; x_wconf 89' lang='lat' dir='ltr'><strong>quem-</strong></span> 
     </span>
    </p>
   </div>
   <div class='ocr_carea' id='block_1_45' title="bbox 199 4249 1759 4322">
    <p class='ocr_par' dir='ltr' id='par_1_45' title="bbox 199 4249 1759 4322">
     <span class='ocr_line' id='line_1_45' title="bbox 199 4249 1759 4322; baseline 0.006 -21"><span class='ocrx_word' id='word_1_303' title='bbox 199 4249 624 4304; x_wconf 85' lang='lat' dir='ltr'><strong>datneducibus</strong></span> <span class='ocrx_word' id='word_1_304' title='bbox 656 4251 898 4317; x_wconf 75' lang='lat' dir='ltr'><strong>ipsorum</strong></span> <span class='ocrx_word' id='word_1_305' title='bbox 918 4251 1270 4319; x_wconf 88' lang='lat' dir='ltr'><strong>primoribus,</strong></span> <span class='ocrx_word' id='word_1_306' title='bbox 1298 4269 1455 4321; x_wconf 86' lang='lat' dir='ltr'><strong>quem</strong></span> <span class='ocrx_word' id='word_1_307' title='bbox 1488 4260 1759 4322; x_wconf 73' lang='lat' dir='ltr'><strong>negotium</strong></span> 
     </span>
    </p>
   </div>
   <div class='ocr_carea' id='block_1_46' title="bbox 197 4339 1759 4403">
    <p class='ocr_par' dir='ltr' id='par_1_46' title="bbox 197 4339 1759 4403">
     <span class='ocr_line' id='line_1_46' title="bbox 197 4339 1759 4403; baseline 0.007 -11"><span class='ocrx_word' id='word_1_308' title='bbox 197 4356 357 4393; x_wconf 86' lang='lat' dir='ltr'><strong>suum</strong></span> <span class='ocrx_word' id='word_1_309' title='bbox 418 4339 685 4392; x_wconf 84' lang='lat' dir='ltr'><strong>celarunt.</strong></span> <span class='ocrx_word' id='word_1_310' title='bbox 713 4339 858 4392; x_wconf 75' lang='lat' dir='ltr'><strong>Dixit</strong></span> <span class='ocrx_word' id='word_1_311' title='bbox 908 4353 1089 4394; x_wconf 88' lang='lat' dir='ltr'><strong>autem</strong></span> <span class='ocrx_word' id='word_1_312' title='bbox 1140 4342 1470 4399; x_wconf 77' lang='lat' dir='ltr'><strong>Zormaha‘ro</strong></span> <span class='ocrx_word' id='word_1_313' title='bbox 1529 4346 1759 4403; x_wconf 69' lang='lat' dir='ltr'><strong>lio&#39;uad:</strong></span> 
     </span>
    </p>
   </div>
   <div class='ocr_carea' id='block_1_47' title="bbox 198 4430 1757 4498">
    <p class='ocr_par' dir='ltr' id='par_1_47' title="bbox 198 4430 1757 4498">
     <span class='ocr_line' id='line_1_47' title="bbox 198 4430 1757 4498; baseline 0.01 -18"><span class='ocrx_word' id='word_1_314' title='bbox 198 4430 390 4495; x_wconf 69' lang='lat' dir='ltr'><strong>Qumre</strong></span> <span class='ocrx_word' id='word_1_315' title='bbox 419 4430 579 4498; x_wconf 80' lang='lat'><strong>128</strong></span> <span class='ocrx_word' id='word_1_316' title='bbox 598 4430 727 4482; x_wconf 89' lang='lat' dir='ltr'><strong>mihi</strong></span> <span class='ocrx_word' id='word_1_317' title='bbox 752 4431 982 4498; x_wconf 84' lang='lat' dir='ltr'><strong>aliquam</strong></span> <span class='ocrx_word' id='word_1_318' title='bbox 1015 4430 1253 4487; x_wconf 86' lang='lat' dir='ltr'><strong>melioris</strong></span> <span class='ocrx_word' id='word_1_319' title='bbox 1271 4437 1435 4488; x_wconf 87' lang='lat' dir='ltr'><strong>sortis</strong></span> <span class='ocrx_word' id='word_1_320' title='bbox 1454 4439 1757 4496; x_wconf 83' lang='lat' dir='ltr'><strong>mulierem.</strong></span> 
     </span>
    </p>
   </div>
   <div class='ocr_carea' id='block_1_48' title="bbox 1906 625 3467 702">
    <p class='ocr_par' dir='ltr' id='par_1_48' title="bbox 1906 625 3467 702">
     <span class='ocr_line' id='line_1_48' title="bbox 1906 625 3467 702; baseline 0.017 -36"><span class='ocrx_word' id='word_1_321' title='bbox 1906 628 2166 690; x_wconf 74' lang='lat' dir='ltr'><strong>mparit:</strong></span> <span class='ocrx_word' id='word_1_322' title='bbox 2225 642 2287 678; x_wconf 87' lang='lat' dir='ltr'><strong>ae</strong></span> <span class='ocrx_word' id='word_1_323' title='bbox 2331 625 2604 694; x_wconf 81' lang='lat' dir='ltr'><strong>pollicitus</strong></span> <span class='ocrx_word' id='word_1_324' title='bbox 2642 629 2718 682; x_wconf 68' lang='lat' dir='ltr'><strong>ilEi</strong></span> <span class='ocrx_word' id='word_1_325' title='bbox 2781 647 2837 683; x_wconf 85' lang='lat' dir='ltr'><strong>se</strong></span> <span class='ocrx_word' id='word_1_326' title='bbox 2877 647 3031 700; x_wconf 76' lang='grc' dir='ltr'>οριιιιιι</span> <span class='ocrx_word' id='word_1_327' title='bbox 3086 637 3184 702; x_wconf 87' lang='lat' dir='ltr'><strong>ipsi</strong></span> <span class='ocrx_word' id='word_1_328' title='bbox 3238 638 3467 693; x_wconf 82' lang='lat' dir='ltr'><strong>laturum</strong></span> 
     </span>
    </p>
   </div>
   <div class='ocr_carea' id='block_1_49' title="bbox 1907 727 3472 797">
    <p class='ocr_par' dir='ltr' id='par_1_49' title="bbox 1907 727 3472 797">
     <span class='ocr_line' id='line_1_49' title="bbox 1907 727 3472 797; baseline 0.014 -36"><span class='ocrx_word' id='word_1_329' title='bbox 1907 728 2245 783; x_wconf 56' lang='lat' dir='ltr'><strong>regnumque</strong></span> <span class='ocrx_word' id='word_1_330' title='bbox 2318 727 2791 784; x_wconf 75' lang='lat' dir='ltr'><strong>recuperaturum,</strong></span> <span class='ocrx_word' id='word_1_331' title='bbox 2845 737 3076 789; x_wconf 74' lang='lat' dir='ltr'><strong>quatuor</strong></span> <span class='ocrx_word' id='word_1_332' title='bbox 3117 727 3275 779; x_wconf 85' lang='lat' dir='ltr'><strong>anuis</strong></span> <span class='ocrx_word' id='word_1_333' title='bbox 3332 733 3472 797; x_wconf 86' lang='lat' dir='ltr'><strong>apud</strong></span> 
     </span>
    </p>
   </div>
   <div class='ocr_carea' id='block_1_50' title="bbox 1900 802 3470 877">
    <p class='ocr_par' dir='ltr' id='par_1_50' title="bbox 1900 802 3470 877">
     <span class='ocr_line' id='line_1_50' title="bbox 1900 802 3470 877; baseline 0.013 -26"><span class='ocrx_word' id='word_1_334' title='bbox 1900 802 2050 853; x_wconf 82' lang='lat' dir='ltr'><strong>illum</strong></span> <span class='ocrx_word' id='word_1_335' title='bbox 2088 806 2349 867; x_wconf 80' lang='lat' dir='ltr'><strong>substitit,</strong></span> <span class='ocrx_word' id='word_1_336' title='bbox 2389 809 2589 875; x_wconf 83' lang='lat' dir='ltr'><strong>quibus</strong></span> <span class='ocrx_word' id='word_1_337' title='bbox 2626 810 2802 877; x_wconf 85' lang='lat' dir='ltr'><strong>ipsum</strong></span> <span class='ocrx_word' id='word_1_338' title='bbox 2828 811 3059 867; x_wconf 74' lang='lat' dir='ltr'><strong>distulit.</strong></span> <span class='ocrx_word' id='word_1_339' title='bbox 3089 817 3280 870; x_wconf 80' lang='lat' dir='ltr'><strong>Postea</strong></span> <span class='ocrx_word' id='word_1_340' title='bbox 3305 834 3470 873; x_wconf 77' lang='lat' dir='ltr'><strong>excr-</strong></span> 
     </span>
    </p>
   </div>
   <div class='ocr_carea' id='block_1_51' title="bbox 1898 894 3469 969">
    <p class='ocr_par' dir='ltr' id='par_1_51' title="bbox 1898 894 3469 969">
     <span class='ocr_line' id='line_1_51' title="bbox 1898 894 3469 969; baseline 0.01 -25"><span class='ocrx_word' id='word_1_341' title='bbox 1898 894 2008 946; x_wconf 78' lang='lat' dir='ltr'><strong>(&#39;iitl</strong></span> <span class='ocrx_word' id='word_1_342' title='bbox 2055 894 2179 946; x_wconf 78' lang='lat' dir='ltr'><strong>forti</strong></span> <span class='ocrx_word' id='word_1_343' title='bbox 2208 898 2383 951; x_wconf 64' lang='lat' dir='ltr'><strong>abillo</strong></span> <span class='ocrx_word' id='word_1_344' title='bbox 2416 900 2716 953; x_wconf 77' lang='lat' dir='ltr'><strong>instructus</strong></span> <span class='ocrx_word' id='word_1_345' title='bbox 2752 904 3028 969; x_wconf 75' lang='lat' dir='ltr'><strong>prolectus</strong></span> <span class='ocrx_word' id='word_1_346' title='bbox 3086 906 3268 959; x_wconf 66' lang='lat' dir='ltr'><strong>liobad</strong></span> <span class='ocrx_word' id='word_1_347' title='bbox 3296 909 3469 961; x_wconf 69' lang='lat' dir='ltr'><strong>donec</strong></span> 
     </span>
    </p>
   </div>
   <div class='ocr_carea' id='block_1_52' title="bbox 1896 987 3467 1069">
    <p class='ocr_par' dir='ltr' id='par_1_52' title="bbox 1896 987 3467 1069">
     <span class='ocr_line' id='line_1_52' title="bbox 1896 987 3467 1069; baseline 0.009 -31"><span class='ocrx_word' id='word_1_348' title='bbox 1896 987 2341 1041; x_wconf 85' lang='lat' dir='ltr'><strong>Aluabasahrum</strong></span> <span class='ocrx_word' id='word_1_349' title='bbox 2409 994 2737 1058; x_wconf 72' lang='lat' dir='ltr'><strong>perveniret,</strong></span> <span class='ocrx_word' id='word_1_350' title='bbox 2800 1010 2860 1047; x_wconf 83' lang='lat' dir='ltr'><strong>ac</strong></span> <span class='ocrx_word' id='word_1_351' title='bbox 2916 996 3107 1049; x_wconf 64' lang='lat' dir='ltr'><strong>eodem</strong></span> <span class='ocrx_word' id='word_1_352' title='bbox 3162 998 3279 1051; x_wconf 82' lang='lat' dir='ltr'><strong>loco</strong></span> <span class='ocrx_word' id='word_1_353' title='bbox 3337 999 3467 1069; x_wconf 82' lang='lat' dir='ltr'><strong>[quo</strong></span> 
     </span>
    </p>
   </div>
   <div class='ocr_carea' id='block_1_53' title="bbox 1894 1079 3464 1158">
    <p class='ocr_par' dir='ltr' id='par_1_53' title="bbox 1894 1079 3464 1158">
     <span class='ocr_line' id='line_1_53' title="bbox 1894 1079 3464 1158; baseline 0.008 -27"><span class='ocrx_word' id='word_1_354' title='bbox 1894 1079 2080 1149; x_wconf 83' lang='lat' dir='ltr'><strong>antea]</strong></span> <span class='ocrx_word' id='word_1_355' title='bbox 2130 1080 2441 1137; x_wconf 77' lang='lat' dir='ltr'><strong>diversatus</strong></span> <span class='ocrx_word' id='word_1_356' title='bbox 2484 1083 2549 1135; x_wconf 89' lang='lat' dir='ltr'><strong>de</strong></span> <span class='ocrx_word' id='word_1_357' title='bbox 2583 1088 2812 1140; x_wconf 89' lang='lat' dir='ltr'><strong>muliere</strong></span> <span class='ocrx_word' id='word_1_358' title='bbox 2856 1089 2957 1141; x_wconf 90' lang='lat' dir='ltr'><strong>ista</strong></span> <span class='ocrx_word' id='word_1_359' title='bbox 3003 1090 3314 1145; x_wconf 84' lang='lat' dir='ltr'><strong>sciscitatus</strong></span> <span class='ocrx_word' id='word_1_360' title='bbox 3360 1104 3464 1158; x_wconf 72' lang='lat' dir='ltr'><strong>est,</strong></span> 
     </span>
    </p>
   </div>
   <div class='ocr_carea' id='block_1_54' title="bbox 1893 1171 3467 1252">
    <p class='ocr_par' dir='ltr' id='par_1_54' title="bbox 1893 1171 3467 1252">
     <span class='ocr_line' id='line_1_54' title="bbox 1893 1171 3467 1252; baseline 0.011 -31"><span class='ocrx_word' id='word_1_361' title='bbox 1893 1183 2013 1235; x_wconf 70' lang='lat' dir='ltr'><strong>quae</strong></span> <span class='ocrx_word' id='word_1_362' title='bbox 2041 1171 2107 1224; x_wconf 92' lang='lat' dir='ltr'><strong>ad</strong></span> <span class='ocrx_word' id='word_1_363' title='bbox 2142 1172 2293 1226; x_wconf 88' lang='lat' dir='ltr'><strong>illunt</strong></span> <span class='ocrx_word' id='word_1_364' title='bbox 2329 1176 2564 1229; x_wconf 87' lang='lat' dir='ltr'><strong>accessit</strong></span> <span class='ocrx_word' id='word_1_365' title='bbox 2612 1192 2715 1228; x_wconf 87' lang='lat' dir='ltr'><strong>una</strong></span> <span class='ocrx_word' id='word_1_366' title='bbox 2749 1194 2871 1231; x_wconf 89' lang='lat' dir='ltr'><strong>cum</strong></span> <span class='ocrx_word' id='word_1_367' title='bbox 2931 1181 3043 1233; x_wconf 87' lang='lat' dir='ltr'><strong>lilio</strong></span> <span class='ocrx_word' id='word_1_368' title='bbox 3094 1197 3252 1248; x_wconf 87' lang='lat' dir='ltr'><strong>quem</strong></span> <span class='ocrx_word' id='word_1_369' title='bbox 3302 1200 3467 1252; x_wconf 72' lang='lat' dir='ltr'><strong>pepe~</strong></span> 
     </span>
    </p>
   </div>
   <div class='ocr_carea' id='block_1_55' title="bbox 1897 1260 3465 1344">
    <p class='ocr_par' dir='ltr' id='par_1_55' title="bbox 1897 1260 3465 1344">
     <span class='ocr_line' id='line_1_55' title="bbox 1897 1260 3465 1344; baseline 0.013 -35"><span class='ocrx_word' id='word_1_370' title='bbox 1897 1260 2172 1327; x_wconf 88' lang='lat' dir='ltr'><strong>reratjam</strong></span> <span class='ocrx_word' id='word_1_371' title='bbox 2206 1264 2409 1318; x_wconf 89' lang='lat' dir='ltr'><strong>trienni</strong></span> <span class='ocrx_word' id='word_1_372' title='bbox 2442 1267 2617 1334; x_wconf 89' lang='lat' dir='ltr'><strong>ipsum</strong></span> <span class='ocrx_word' id='word_1_373' title='bbox 2668 1284 2829 1320; x_wconf 82' lang='lat' dir='ltr'><strong>manu</strong></span> <span class='ocrx_word' id='word_1_374' title='bbox 2864 1278 3072 1326; x_wconf 86' lang='lat' dir='ltr'><strong>tenens.</strong></span> <span class='ocrx_word' id='word_1_375' title='bbox 3109 1273 3465 1344; x_wconf 68' lang='lat' dir='ltr'><strong>Roganteque</strong></span> 
     </span>
    </p>
   </div>
   <div class='ocr_carea' id='block_1_56' title="bbox 1890 1347 3463 1433">
    <p class='ocr_par' dir='ltr' id='par_1_56' title="bbox 1890 1347 3463 1433">
     <span class='ocr_line' id='line_1_56' title="bbox 1890 1347 3463 1433; baseline 0.015 -32"><span class='ocrx_word' id='word_1_376' title='bbox 1890 1347 2115 1404; x_wconf 83' lang='lat' dir='ltr'><strong>Kobado</strong></span> <span class='ocrx_word' id='word_1_377' title='bbox 2136 1369 2148 1405; x_wconf 92' lang='lat'><strong>:</strong></span> <span class='ocrx_word' id='word_1_378' title='bbox 2173 1353 2434 1418; x_wconf 80' lang='lat' dir='ltr'><strong>Quisnam</strong></span> <span class='ocrx_word' id='word_1_379' title='bbox 2468 1368 2551 1411; x_wconf 82' lang='lat' dir='ltr'><strong>est</strong></span> <span class='ocrx_word' id='word_1_380' title='bbox 2582 1359 2665 1411; x_wconf 90' lang='lat' dir='ltr'><strong>hic</strong></span> <span class='ocrx_word' id='word_1_381' title='bbox 2690 1363 2859 1429; x_wconf 86' lang='lat' dir='ltr'><strong>puer?</strong></span> <span class='ocrx_word' id='word_1_382' title='bbox 2888 1363 3036 1418; x_wconf 85' lang='lat' dir='ltr'><strong>Tuus</strong></span> <span class='ocrx_word' id='word_1_383' title='bbox 3068 1368 3283 1433; x_wconf 81' lang='lat' dir='ltr'><strong>(inquit)</strong></span> <span class='ocrx_word' id='word_1_384' title='bbox 3319 1370 3463 1425; x_wconf 77' lang='lat' dir='ltr'><strong>films</strong></span> 
     </span>
    </p>
   </div>
   <div class='ocr_carea' id='block_1_57' title="bbox 1888 1442 3462 1521">
    <p class='ocr_par' dir='ltr' id='par_1_57' title="bbox 1888 1442 3462 1521">
     <span class='ocr_line' id='line_1_57' title="bbox 1888 1442 3462 1521; baseline 0.014 -27"><span class='ocrx_word' id='word_1_385' title='bbox 1888 1452 1991 1495; x_wconf 87' lang='lat' dir='ltr'><strong>est.</strong></span> <span class='ocrx_word' id='word_1_386' title='bbox 2014 1442 2227 1499; x_wconf 86' lang='lat' dir='ltr'><strong>Certior</strong></span> <span class='ocrx_word' id='word_1_387' title='bbox 2250 1446 2592 1519; x_wconf 79' lang='lat'><strong>129-131</strong></span> <span class='ocrx_word' id='word_1_388' title='bbox 2608 1467 2735 1521; x_wconf 78' lang='lat' dir='ltr'><strong>ergo</strong></span> <span class='ocrx_word' id='word_1_389' title='bbox 2751 1469 2779 1506; x_wconf 88' lang='lat' dir='ltr'><strong>a</strong></span> <span class='ocrx_word' id='word_1_390' title='bbox 2802 1454 3131 1511; x_wconf 80' lang='lat' dir='ltr'><strong>Zormabaro</strong></span> <span class='ocrx_word' id='word_1_391' title='bbox 3155 1459 3462 1516; x_wconf 78' lang='lat' dir='ltr'><strong>factnsesse</strong></span> 
     </span>
    </p>
   </div>
   <div class='ocr_carea' id='block_1_58' title="bbox 1890 1531 3463 1619">
    <p class='ocr_par' dir='ltr' id='par_1_58' title="bbox 1890 1531 3463 1619">
     <span class='ocr_line' id='line_1_58' title="bbox 1890 1531 3463 1619; baseline 0.015 -38"><span class='ocrx_word' id='word_1_392' title='bbox 1890 1531 2038 1586; x_wconf 85' lang='lat' dir='ltr'><strong>illam</strong></span> <span class='ocrx_word' id='word_1_393' title='bbox 2075 1537 2247 1603; x_wconf 86' lang='lat' dir='ltr'><strong>patris</strong></span> <span class='ocrx_word' id='word_1_394' title='bbox 2283 1537 2505 1593; x_wconf 58' lang='lat' dir='ltr'><strong>(anulla;</strong></span> <span class='ocrx_word' id='word_1_395' title='bbox 2547 1543 2735 1604; x_wconf 81' lang='lat' dir='ltr'><strong>tiliam,</strong></span> <span class='ocrx_word' id='word_1_396' title='bbox 2773 1544 2987 1601; x_wconf 67' lang='lat' dir='ltr'><strong>laetatus</strong></span> <span class='ocrx_word' id='word_1_397' title='bbox 3014 1558 3119 1613; x_wconf 91' lang='lat' dir='ltr'><strong>est,</strong></span> <span class='ocrx_word' id='word_1_398' title='bbox 3177 1550 3463 1619; x_wconf 87' lang='lat' dir='ltr'><strong>ipsamque</strong></span> 
     </span>
    </p>
   </div>
   <div class='ocr_carea' id='block_1_59' title="bbox 1888 1627 3457 1697">
    <p class='ocr_par' dir='ltr' id='par_1_59' title="bbox 1888 1627 3457 1697">
     <span class='ocr_line' id='line_1_59' title="bbox 1888 1627 3457 1697; baseline 0.011 -20"><span class='ocrx_word' id='word_1_399' title='bbox 1888 1638 1994 1677; x_wconf 87' lang='lat' dir='ltr'><strong>una</strong></span> <span class='ocrx_word' id='word_1_400' title='bbox 2027 1640 2150 1679; x_wconf 90' lang='lat' dir='ltr'><strong>cum</strong></span> <span class='ocrx_word' id='word_1_401' title='bbox 2189 1627 2320 1693; x_wconf 82' lang='lat' dir='ltr'><strong>(ilio,</strong></span> <span class='ocrx_word' id='word_1_402' title='bbox 2364 1630 2455 1683; x_wconf 90' lang='lat' dir='ltr'><strong>cui</strong></span> <span class='ocrx_word' id='word_1_403' title='bbox 2488 1646 2686 1686; x_wconf 82' lang='lat' dir='ltr'><strong>nomen</strong></span> <span class='ocrx_word' id='word_1_404' title='bbox 2747 1645 2862 1687; x_wconf 89' lang='lat' dir='ltr'><strong>erat</strong></span> <span class='ocrx_word' id='word_1_405' title='bbox 2912 1637 3229 1694; x_wconf 82' lang='lat' dir='ltr'><strong>Babudacbt</strong></span> <span class='ocrx_word' id='word_1_406' title='bbox 3273 1657 3457 1697; x_wconf 81' lang='lat' dir='ltr'><strong>secum</strong></span> 
     </span>
    </p>
   </div>
   <div class='ocr_carea' id='block_1_60' title="bbox 1887 1717 3456 1798">
    <p class='ocr_par' dir='ltr' id='par_1_60' title="bbox 1887 1717 3456 1798">
     <span class='ocr_line' id='line_1_60' title="bbox 1887 1717 3456 1798; baseline 0.015 -34"><span class='ocrx_word' id='word_1_407' title='bbox 1887 1717 2203 1783; x_wconf 84' lang='lat' dir='ltr'><strong>assumpsit.</strong></span> <span class='ocrx_word' id='word_1_408' title='bbox 2239 1718 2372 1773; x_wconf 89' lang='lat' dir='ltr'><strong>Cum</strong></span> <span class='ocrx_word' id='word_1_409' title='bbox 2401 1730 2583 1775; x_wconf 84' lang='lat' dir='ltr'><strong>autem</strong></span> <span class='ocrx_word' id='word_1_410' title='bbox 2637 1724 2701 1776; x_wconf 91' lang='lat' dir='ltr'><strong>Al</strong></span> <span class='ocrx_word' id='word_1_411' title='bbox 2779 1724 3041 1797; x_wconf 82' lang='lat' dir='ltr'><strong>Madaycu</strong></span> <span class='ocrx_word' id='word_1_412' title='bbox 3101 1736 3456 1798; x_wconf 72' lang='lat' dir='ltr'><strong>pervenisset,</strong></span> 
     </span>
    </p>
   </div>
   <div class='ocr_carea' id='block_1_61' title="bbox 1888 1806 3458 1892">
    <p class='ocr_par' dir='ltr' id='par_1_61' title="bbox 1888 1806 3458 1892">
     <span class='ocr_line' id='line_1_61' title="bbox 1888 1806 3458 1892; baseline 0.016 -35"><span class='ocrx_word' id='word_1_413' title='bbox 1888 1806 2111 1860; x_wconf 87' lang='lat' dir='ltr'><strong>lratrem</strong></span> <span class='ocrx_word' id='word_1_414' title='bbox 2148 1823 2305 1862; x_wconf 89' lang='lat' dir='ltr'><strong>suum</strong></span> <span class='ocrx_word' id='word_1_415' title='bbox 2330 1811 2607 1867; x_wconf 89' lang='lat' dir='ltr'><strong>interiisse</strong></span> <span class='ocrx_word' id='word_1_416' title='bbox 2662 1818 2888 1883; x_wconf 67' lang='lat' dir='ltr'><strong>reperit,</strong></span> <span class='ocrx_word' id='word_1_417' title='bbox 2942 1836 3217 1891; x_wconf 73' lang='lat' dir='ltr'><strong>regnoque</strong></span> <span class='ocrx_word' id='word_1_418' title='bbox 3252 1827 3458 1892; x_wconf 86' lang='lat' dir='ltr'><strong>potitus</strong></span> 
     </span>
    </p>
   </div>
   <div class='ocr_carea' id='block_1_62' title="bbox 1887 1900 3451 1986">
    <p class='ocr_par' dir='ltr' id='par_1_62' title="bbox 1887 1900 3451 1986">
     <span class='ocr_line' id='line_1_62' title="bbox 1887 1900 3451 1986; baseline 0.013 -33"><span class='ocrx_word' id='word_1_419' title='bbox 1887 1908 1988 1953; x_wconf 84' lang='lat' dir='ltr'><strong>est.</strong></span> <span class='ocrx_word' id='word_1_420' title='bbox 2016 1900 2281 1969; x_wconf 75' lang='lat' dir='ltr'><strong>Regnavit</strong></span> <span class='ocrx_word' id='word_1_421' title='bbox 2307 1919 2436 1971; x_wconf 88' lang='lat' dir='ltr'><strong>ergo</strong></span> <span class='ocrx_word' id='word_1_422' title='bbox 2460 1904 2647 1959; x_wconf 79' lang='lat' dir='ltr'><strong>Kobad</strong></span> <span class='ocrx_word' id='word_1_423' title='bbox 2687 1907 2902 1964; x_wconf 76' lang='lat' dir='ltr'><strong>l’biruzi</strong></span> <span class='ocrx_word' id='word_1_424' title='bbox 2944 1914 3089 1967; x_wconf 82' lang='lat' dir='ltr'><strong>ﬁlius</strong></span> <span class='ocrx_word' id='word_1_425' title='bbox 3122 1932 3451 1986; x_wconf 68' lang='lat' dir='ltr'><strong>anuos—qna-</strong></span> 
     </span>
    </p>
   </div>
   <div class='ocr_carea' id='block_1_63' title="bbox 1886 1991 3458 2070">
    <p class='ocr_par' dir='ltr' id='par_1_63' title="bbox 1886 1991 3458 2070">
     <span class='ocr_line' id='line_1_63' title="bbox 1886 1991 3458 2070; baseline 0.013 -27"><span class='ocrx_word' id='word_1_426' title='bbox 1886 1991 2138 2059; x_wconf 82' lang='lat' dir='ltr'><strong>(lraginta</strong></span> <span class='ocrx_word' id='word_1_427' title='bbox 2175 2003 2309 2059; x_wconf 87' lang='lat' dir='ltr'><strong>tres,</strong></span> <span class='ocrx_word' id='word_1_428' title='bbox 2349 1997 2510 2066; x_wconf 82' lang='lat' dir='ltr'><strong>idque</strong></span> <span class='ocrx_word' id='word_1_429' title='bbox 2543 2013 2689 2053; x_wconf 91' lang='lat' dir='ltr'><strong>anno</strong></span> <span class='ocrx_word' id='word_1_430' title='bbox 2731 2001 2941 2070; x_wconf 73' lang='lat' dir='ltr'><strong>imperii</strong></span> <span class='ocrx_word' id='word_1_431' title='bbox 2972 2006 3207 2061; x_wconf 84' lang='lat' dir='ltr'><strong>Zenonis</strong></span> <span class='ocrx_word' id='word_1_432' title='bbox 3252 2008 3458 2062; x_wconf 81' lang='lat' dir='ltr'><strong>Roma-</strong></span> 
     </span>
    </p>
   </div>
   <div class='ocr_carea' id='block_1_64' title="bbox 1883 2087 3447 2164">
    <p class='ocr_par' dir='ltr' id='par_1_64' title="bbox 1883 2087 3447 2164">
     <span class='ocr_line' id='line_1_64' title="bbox 1883 2087 3447 2164; baseline 0.015 -30"><span class='ocrx_word' id='word_1_433' title='bbox 1883 2099 2077 2137; x_wconf 91' lang='lat' dir='ltr'><strong>norum</strong></span> <span class='ocrx_word' id='word_1_434' title='bbox 2113 2087 2456 2154; x_wconf 83' lang='lat' dir='ltr'><strong>imperatoris</strong></span> <span class='ocrx_word' id='word_1_435' title='bbox 2486 2089 2698 2144; x_wconf 86' lang='lat' dir='ltr'><strong>decimo</strong></span> <span class='ocrx_word' id='word_1_436' title='bbox 2723 2106 2943 2159; x_wconf 85' lang='lat' dir='ltr'><strong>quarto.</strong></span> <span class='ocrx_word' id='word_1_437' title='bbox 2978 2095 3223 2164; x_wconf 75' lang='lat' dir='ltr'><strong>Regnum</strong></span> <span class='ocrx_word' id='word_1_438' title='bbox 3266 2113 3447 2157; x_wconf 84' lang='lat' dir='ltr'><strong>autem</strong></span> 
     </span>
    </p>
   </div>
   <div class='ocr_carea' id='block_1_65' title="bbox 1887 2173 3453 2248">
    <p class='ocr_par' dir='ltr' id='par_1_65' title="bbox 1887 2173 3453 2248">
     <span class='ocr_line' id='line_1_65' title="bbox 1887 2173 3453 2248; baseline 0.013 -20"><span class='ocrx_word' id='word_1_439' title='bbox 1887 2173 2181 2228; x_wconf 81' lang='lat' dir='ltr'><strong>Sueltrano</strong></span> <span class='ocrx_word' id='word_1_440' title='bbox 2241 2178 2463 2246; x_wconf 81' lang='lat' dir='ltr'><strong>ﬁlioque</strong></span> <span class='ocrx_word' id='word_1_441' title='bbox 2492 2182 2663 2248; x_wconf 88' lang='lat' dir='ltr'><strong>ipsius</strong></span> <span class='ocrx_word' id='word_1_442' title='bbox 2699 2182 3032 2239; x_wconf 80' lang='lat' dir='ltr'><strong>Zormabaro</strong></span> <span class='ocrx_word' id='word_1_443' title='bbox 3064 2188 3453 2247; x_wconf 81' lang='lat' dir='ltr'><strong>administran-</strong></span> 
     </span>
    </p>
   </div>
   <div class='ocr_carea' id='block_1_66' title="bbox 1882 2264 3452 2340">
    <p class='ocr_par' dir='ltr' id='par_1_66' title="bbox 1882 2264 3452 2340">
     <span class='ocr_line' id='line_1_66' title="bbox 1882 2264 3452 2340; baseline 0.012 -22"><span class='ocrx_word' id='word_1_444' title='bbox 1882 2264 2009 2318; x_wconf 90' lang='lat' dir='ltr'><strong>dtnu</strong></span> <span class='ocrx_word' id='word_1_445' title='bbox 2046 2268 2339 2331; x_wconf 88' lang='lat' dir='ltr'><strong>commisit,</strong></span> <span class='ocrx_word' id='word_1_446' title='bbox 2386 2271 2685 2340; x_wconf 87' lang='lat' dir='ltr'><strong>urbemque</strong></span> <span class='ocrx_word' id='word_1_447' title='bbox 2742 2275 2883 2330; x_wconf 89' lang='lat' dir='ltr'><strong>inter</strong></span> <span class='ocrx_word' id='word_1_448' title='bbox 2928 2279 3127 2333; x_wconf 81' lang='lat' dir='ltr'><strong>Ahwaz</strong></span> <span class='ocrx_word' id='word_1_449' title='bbox 3176 2292 3229 2336; x_wconf 90' lang='lat' dir='ltr'><strong>et</strong></span> <span class='ocrx_word' id='word_1_450' title='bbox 3271 2283 3452 2340; x_wconf 76' lang='lat' dir='ltr'><strong>Persi-</strong></span> 
     </span>
    </p>
   </div>
   <div class='ocr_carea' id='block_1_67' title="bbox 1883 2356 3451 2444">
    <p class='ocr_par' dir='ltr' id='par_1_67' title="bbox 1883 2356 3451 2444">
     <span class='ocr_line' id='line_1_67' title="bbox 1883 2356 3451 2444; baseline 0.015 -36"><span class='ocrx_word' id='word_1_451' title='bbox 1883 2356 2005 2409; x_wconf 89' lang='lat' dir='ltr'><strong>dcm</strong></span> <span class='ocrx_word' id='word_1_452' title='bbox 2027 2358 2292 2421; x_wconf 81' lang='lat' dir='ltr'><strong>condidit,</strong></span> <span class='ocrx_word' id='word_1_453' title='bbox 2324 2376 2485 2428; x_wconf 88' lang='lat' dir='ltr'><strong>quam</strong></span> <span class='ocrx_word' id='word_1_454' title='bbox 2520 2361 2706 2418; x_wconf 82' lang='lat' dir='ltr'><strong>Kohad</strong></span> <span class='ocrx_word' id='word_1_455' title='bbox 2738 2366 2953 2421; x_wconf 85' lang='lat' dir='ltr'><strong>Cborah</strong></span> <span class='ocrx_word' id='word_1_456' title='bbox 2998 2374 3304 2438; x_wconf 56' lang='lat' dir='ltr'><strong>appellat‘it,</strong></span> <span class='ocrx_word' id='word_1_457' title='bbox 3330 2393 3451 2444; x_wconf 77' lang='lat' dir='ltr'><strong>qutc</strong></span> 
     </span>
    </p>
   </div>
   <div class='ocr_carea' id='block_1_68' title="bbox 1882 2446 3448 2527">
    <p class='ocr_par' dir='ltr' id='par_1_68' title="bbox 1882 2446 3448 2527">
     <span class='ocr_line' id='line_1_68' title="bbox 1882 2446 3448 2527; baseline 0.013 -28"><span class='ocrx_word' id='word_1_458' title='bbox 1882 2446 2199 2513; x_wconf 72' lang='lat' dir='ltr'><strong>ctAlllajan</strong></span> <span class='ocrx_word' id='word_1_459' title='bbox 2265 2459 2347 2502; x_wconf 83' lang='lat' dir='ltr'><strong>est</strong></span> <span class='ocrx_word' id='word_1_460' title='bbox 2392 2491 2406 2514; x_wconf 93' lang='lat'><strong>,</strong></span> <span class='ocrx_word' id='word_1_461' title='bbox 2463 2453 2517 2506; x_wconf 92' lang='lat' dir='ltr'><strong>in</strong></span> <span class='ocrx_word' id='word_1_462' title='bbox 2579 2471 2685 2524; x_wconf 88' lang='lat' dir='ltr'><strong>qua</strong></span> <span class='ocrx_word' id='word_1_463' title='bbox 2744 2459 2986 2527; x_wconf 73' lang='lat' dir='ltr'><strong>captivos</strong></span> <span class='ocrx_word' id='word_1_464' title='bbox 3046 2460 3448 2521; x_wconf 79' lang='lat' dir='ltr'><strong>llatndancnses</strong></span> 
     </span>
    </p>
   </div>
   <div class='ocr_carea' id='block_1_69' title="bbox 1881 2538 3451 2621">
    <p class='ocr_par' dir='ltr' id='par_1_69' title="bbox 1881 2538 3451 2621">
     <span class='ocr_line' id='line_1_69' title="bbox 1881 2538 3451 2621; baseline 0.013 -30"><span class='ocrx_word' id='word_1_465' title='bbox 1881 2538 2187 2604; x_wconf 74' lang='lat' dir='ltr'><strong>collocavit,</strong></span> <span class='ocrx_word' id='word_1_466' title='bbox 2221 2542 2408 2594; x_wconf 87' lang='lat' dir='ltr'><strong>urbem</strong></span> <span class='ocrx_word' id='word_1_467' title='bbox 2441 2544 2605 2597; x_wconf 88' lang='lat' dir='ltr'><strong>etiam</strong></span> <span class='ocrx_word' id='word_1_468' title='bbox 2642 2562 2810 2615; x_wconf 81' lang='lat' dir='ltr'><strong>prope</strong></span> <span class='ocrx_word' id='word_1_469' title='bbox 2855 2550 3129 2615; x_wconf 54' lang='lat' dir='ltr'><strong>Algilabat,</strong></span> <span class='ocrx_word' id='word_1_470' title='bbox 3195 2571 3313 2621; x_wconf 77' lang='lat' dir='ltr'><strong>qua:</strong></span> <span class='ocrx_word' id='word_1_471' title='bbox 3346 2557 3451 2610; x_wconf 87' lang='lat' dir='ltr'><strong>lla-</strong></span> 
     </span>
    </p>
   </div>
   <div class='ocr_carea' id='block_1_70' title="bbox 1880 2636 3449 2702">
    <p class='ocr_par' dir='ltr' id='par_1_70' title="bbox 1880 2636 3449 2702">
     <span class='ocr_line' id='line_1_70' title="bbox 1880 2636 3449 2702; baseline 0.011 -18"><span class='ocrx_word' id='word_1_472' title='bbox 1880 2648 2063 2686; x_wconf 79' lang='lat' dir='ltr'><strong>rawan</strong></span> <span class='ocrx_word' id='word_1_473' title='bbox 2088 2636 2415 2702; x_wconf 73' lang='lat' dir='ltr'><strong>appellatur,</strong></span> <span class='ocrx_word' id='word_1_474' title='bbox 2450 2652 2549 2691; x_wconf 91' lang='lat' dir='ltr'><strong>nec</strong></span> <span class='ocrx_word' id='word_1_475' title='bbox 2590 2656 2697 2693; x_wconf 90' lang='lat' dir='ltr'><strong>non</strong></span> <span class='ocrx_word' id='word_1_476' title='bbox 2740 2641 2898 2694; x_wconf 85' lang='lat' dir='ltr'><strong>aliam</strong></span> <span class='ocrx_word' id='word_1_477' title='bbox 2943 2645 2995 2697; x_wconf 91' lang='lat' dir='ltr'><strong>in</strong></span> <span class='ocrx_word' id='word_1_478' title='bbox 3040 2647 3272 2700; x_wconf 76' lang='lat' dir='ltr'><strong>Aldshir</strong></span> <span class='ocrx_word' id='word_1_479' title='bbox 3306 2649 3449 2702; x_wconf 73' lang='lat' dir='ltr'><strong>(Ibo-</strong></span> 
     </span>
    </p>
   </div>
   <div class='ocr_carea' id='block_1_71' title="bbox 1880 2724 3450 2807">
    <p class='ocr_par' dir='ltr' id='par_1_71' title="bbox 1880 2724 3450 2807">
     <span class='ocr_line' id='line_1_71' title="bbox 1880 2724 3450 2807; baseline 0.014 -33"><span class='ocrx_word' id='word_1_480' title='bbox 1880 2724 2001 2784; x_wconf 86' lang='lat' dir='ltr'><strong>rab,</strong></span> <span class='ocrx_word' id='word_1_481' title='bbox 2037 2740 2157 2790; x_wconf 68' lang='lat' dir='ltr'><strong>qum</strong></span> <span class='ocrx_word' id='word_1_482' title='bbox 2188 2726 2383 2779; x_wconf 81' lang='lat' dir='ltr'><strong>Kobad</strong></span> <span class='ocrx_word' id='word_1_483' title='bbox 2438 2729 2657 2784; x_wconf 83' lang='lat' dir='ltr'><strong>Cltorab</strong></span> <span class='ocrx_word' id='word_1_484' title='bbox 2719 2732 2909 2800; x_wconf 88' lang='lat' dir='ltr'><strong>audit;</strong></span> <span class='ocrx_word' id='word_1_485' title='bbox 2972 2738 3279 2806; x_wconf 85' lang='lat' dir='ltr'><strong>multasque</strong></span> <span class='ocrx_word' id='word_1_486' title='bbox 3317 2756 3450 2807; x_wconf 79' lang='lat' dir='ltr'><strong>pra:-</strong></span> 
     </span>
    </p>
   </div>
   <div class='ocr_carea' id='block_1_72' title="bbox 1882 2817 3446 2901">
    <p class='ocr_par' dir='ltr' id='par_1_72' title="bbox 1882 2817 3446 2901">
     <span class='ocr_line' id='line_1_72' title="bbox 1882 2817 3446 2901; baseline 0.012 -35"><span class='ocrx_word' id='word_1_487' title='bbox 1882 2824 2028 2867; x_wconf 87' lang='lat' dir='ltr'><strong>terea</strong></span> <span class='ocrx_word' id='word_1_488' title='bbox 2066 2817 2226 2871; x_wconf 88' lang='lat' dir='ltr'><strong>urbes</strong></span> <span class='ocrx_word' id='word_1_489' title='bbox 2274 2820 2530 2889; x_wconf 70' lang='lat' dir='ltr'><strong>vicosque</strong></span> <span class='ocrx_word' id='word_1_490' title='bbox 2578 2824 2847 2890; x_wconf 81' lang='lat' dir='ltr'><strong>condidit,</strong></span> <span class='ocrx_word' id='word_1_491' title='bbox 2901 2841 3201 2899; x_wconf 85' lang='lat' dir='ltr'><strong>amnesque</strong></span> <span class='ocrx_word' id='word_1_492' title='bbox 3238 2832 3446 2901; x_wconf 77' lang='lat' dir='ltr'><strong>eli‘odit,</strong></span> 
     </span>
    </p>
   </div>
   <div class='ocr_carea' id='block_1_73' title="bbox 1879 2918 2766 2978">
    <p class='ocr_par' dir='ltr' id='par_1_73' title="bbox 1879 2918 2766 2978">
     <span class='ocr_line' id='line_1_73' title="bbox 1879 2918 2766 2978; baseline 0.015 -19"><span class='ocrx_word' id='word_1_493' title='bbox 1879 2921 2153 2975; x_wconf 88' lang='lat' dir='ltr'><strong>arcusque</strong></span> <span class='ocrx_word' id='word_1_494' title='bbox 2181 2918 2234 2963; x_wconf 88' lang='lat' dir='ltr'><strong>et</strong></span> <span class='ocrx_word' id='word_1_495' title='bbox 2259 2921 2449 2978; x_wconf 89' lang='lat' dir='ltr'><strong>pontes</strong></span> <span class='ocrx_word' id='word_1_496' title='bbox 2475 2920 2766 2972; x_wconf 70' lang='lat' dir='ltr'><strong>exstruxit.</strong></span> 
     </span>
    </p>
   </div>
   <div class='ocr_carea' id='block_1_74' title="bbox 1950 2998 3442 3085">
    <p class='ocr_par' dir='ltr' id='par_1_74' title="bbox 1950 2998 3442 3085">
     <span class='ocr_line' id='line_1_74' title="bbox 1950 2998 3442 3085; baseline 0.012 -32"><span class='ocrx_word' id='word_1_497' title='bbox 1950 2998 2096 3054; x_wconf 89' lang='lat' dir='ltr'><strong>Obiit</strong></span> <span class='ocrx_word' id='word_1_498' title='bbox 2128 3013 2309 3055; x_wconf 88' lang='lat' dir='ltr'><strong>autem</strong></span> <span class='ocrx_word' id='word_1_499' title='bbox 2343 3003 2526 3058; x_wconf 87' lang='lat' dir='ltr'><strong>Zenon</strong></span> <span class='ocrx_word' id='word_1_500' title='bbox 2559 3006 2928 3062; x_wconf 78' lang='lat' dir='ltr'><strong>Romanorum</strong></span> <span class='ocrx_word' id='word_1_501' title='bbox 2968 3013 3263 3082; x_wconf 85' lang='lat' dir='ltr'><strong>imperator</strong></span> <span class='ocrx_word' id='word_1_502' title='bbox 3297 3028 3442 3085; x_wconf 80' lang='lat' dir='ltr'><strong>post-</strong></span> 
     </span>
    </p>
   </div>
   <div class='ocr_carea' id='block_1_75' title="bbox 1877 3094 3444 3173">
    <p class='ocr_par' dir='ltr' id='par_1_75' title="bbox 1877 3094 3444 3173">
     <span class='ocr_line' id='line_1_75' title="bbox 1877 3094 3444 3173; baseline 0.013 -33"><span class='ocrx_word' id='word_1_503' title='bbox 1877 3108 2037 3152; x_wconf 82' lang='lat' dir='ltr'><strong>quam</strong></span> <span class='ocrx_word' id='word_1_504' title='bbox 2077 3106 2250 3146; x_wconf 87' lang='lat' dir='ltr'><strong>annos</strong></span> <span class='ocrx_word' id='word_1_505' title='bbox 2291 3094 2682 3159; x_wconf 84' lang='lat' dir='ltr'><strong>septemdecim</strong></span> <span class='ocrx_word' id='word_1_506' title='bbox 2711 3098 3056 3166; x_wconf 86' lang='lat' dir='ltr'><strong>imperasset,</strong></span> <span class='ocrx_word' id='word_1_507' title='bbox 3090 3105 3252 3173; x_wconf 91' lang='lat' dir='ltr'><strong>idque</strong></span> <span class='ocrx_word' id='word_1_508' title='bbox 3301 3122 3444 3160; x_wconf 89' lang='lat' dir='ltr'><strong>anno</strong></span> 
     </span>
    </p>
   </div>
   <div class='ocr_carea' id='block_1_76' title="bbox 1798 3182 3439 3276">
    <p class='ocr_par' dir='ltr' id='par_1_76' title="bbox 1798 3182 3439 3276">
     <span class='ocr_line' id='line_1_76' title="bbox 1798 3182 3439 3276; baseline 0.013 -44"><span class='ocrx_word' id='word_1_509' title='bbox 1798 3213 1843 3276; x_wconf 65' lang='grc' dir='ltr'>ρ</span> <span class='ocrx_word' id='word_1_510' title='bbox 1879 3184 2022 3249; x_wconf 75' lang='lat' dir='ltr'><strong>regni</strong></span> <span class='ocrx_word' id='word_1_511' title='bbox 2058 3182 2296 3238; x_wconf 69' lang='lat' dir='ltr'><strong>liobadis</strong></span> <span class='ocrx_word' id='word_1_512' title='bbox 2326 3186 2416 3239; x_wconf 88' lang='lat' dir='ltr'><strong>lilii</strong></span> <span class='ocrx_word' id='word_1_513' title='bbox 2460 3187 2679 3241; x_wconf 83' lang='lat' dir='ltr'><strong>Pbiruzi</strong></span> <span class='ocrx_word' id='word_1_514' title='bbox 2721 3192 2861 3256; x_wconf 80' lang='lat' dir='ltr'><strong>regis</strong></span> <span class='ocrx_word' id='word_1_515' title='bbox 2915 3191 3204 3249; x_wconf 75' lang='lat' dir='ltr'><strong>Persarum</strong></span> <span class='ocrx_word' id='word_1_516' title='bbox 3229 3199 3439 3265; x_wconf 85' lang='lat' dir='ltr'><strong>quinto,</strong></span> 
     </span>
    </p>
   </div>
   <div class='ocr_carea' id='block_1_77' title="bbox 1877 3273 3437 3343">
    <p class='ocr_par' dir='ltr' id='par_1_77' title="bbox 1877 3273 3437 3343">
     <span class='ocr_line' id='line_1_77' title="bbox 1877 3273 3437 3343; baseline 0.01 -19"><span class='ocrx_word' id='word_1_517' title='bbox 1877 3273 2178 3337; x_wconf 79' lang='lat' dir='ltr'><strong>imperante</strong></span> <span class='ocrx_word' id='word_1_518' title='bbox 2227 3283 2347 3338; x_wconf 88' lang='lat' dir='ltr'><strong>post</strong></span> <span class='ocrx_word' id='word_1_519' title='bbox 2400 3276 2575 3343; x_wconf 89' lang='lat' dir='ltr'><strong>ipsum</strong></span> <span class='ocrx_word' id='word_1_520' title='bbox 2618 3278 2878 3333; x_wconf 68' lang='lat' dir='ltr'><strong>Romanis</strong></span> <span class='ocrx_word' id='word_1_521' title='bbox 2926 3282 3217 3337; x_wconf 83' lang='lat' dir='ltr'><strong>Anastasio</strong></span> <span class='ocrx_word' id='word_1_522' title='bbox 3265 3302 3437 3339; x_wconf 78' lang='lat' dir='ltr'><strong>annos</strong></span> 
     </span>
    </p>
   </div>
   <div class='ocr_carea' id='block_1_78' title="bbox 1872 3365 3433 3433">
    <p class='ocr_par' dir='ltr' id='par_1_78' title="bbox 1872 3365 3433 3433">
     <span class='ocr_line' id='line_1_78' title="bbox 1872 3365 3433 3433; baseline 0.01 -17"><span class='ocrx_word' id='word_1_523' title='bbox 1872 3365 2061 3432; x_wconf 78' lang='lat' dir='ltr'><strong>viginti</strong></span> <span class='ocrx_word' id='word_1_524' title='bbox 2128 3376 2362 3433; x_wconf 84' lang='lat' dir='ltr'><strong>septem.</strong></span> <span class='ocrx_word' id='word_1_525' title='bbox 2424 3365 2550 3419; x_wconf 82' lang='lat' dir='ltr'><strong>Fuit</strong></span> <span class='ocrx_word' id='word_1_526' title='bbox 2602 3368 2689 3423; x_wconf 77' lang='lat' dir='ltr'><strong>hic</strong></span> <span class='ocrx_word' id='word_1_527' title='bbox 2737 3371 3006 3433; x_wconf 81' lang='lat' dir='ltr'><strong>Jacobita,</strong></span> <span class='ocrx_word' id='word_1_528' title='bbox 3062 3375 3433 3432; x_wconf 84' lang='lat' dir='ltr'><strong>lllelchitartnn</strong></span> 
     </span>
    </p>
   </div>
   <div class='ocr_carea' id='block_1_79' title="bbox 1870 3455 3431 3537">
    <p class='ocr_par' dir='ltr' id='par_1_79' title="bbox 1870 3455 3431 3537">
     <span class='ocr_line' id='line_1_79' title="bbox 1870 3455 3431 3537; baseline 0.012 -32"><span class='ocrx_word' id='word_1_529' title='bbox 1870 3455 2136 3508; x_wconf 75' lang='lat' dir='ltr'><strong>doctrina:</strong></span> <span class='ocrx_word' id='word_1_530' title='bbox 2185 3457 2488 3521; x_wconf 76' lang='lat' dir='ltr'><strong>adversus;</strong></span> <span class='ocrx_word' id='word_1_531' title='bbox 2546 3470 2709 3514; x_wconf 85' lang='lat' dir='ltr'><strong>natus</strong></span> <span class='ocrx_word' id='word_1_532' title='bbox 2752 3463 2802 3515; x_wconf 93' lang='lat' dir='ltr'><strong>in</strong></span> <span class='ocrx_word' id='word_1_533' title='bbox 2846 3466 2979 3518; x_wconf 74' lang='lat' dir='ltr'><strong>urbe</strong></span> <span class='ocrx_word' id='word_1_534' title='bbox 3032 3465 3222 3533; x_wconf 82' lang='lat' dir='ltr'><strong>llama,</strong></span> <span class='ocrx_word' id='word_1_535' title='bbox 3274 3486 3431 3537; x_wconf 86' lang='lat' dir='ltr'><strong>quam</strong></span> 
     </span>
    </p>
   </div>
   <div class='ocr_carea' id='block_1_80' title="bbox 1869 3547 3433 3628">
    <p class='ocr_par' dir='ltr' id='par_1_80' title="bbox 1869 3547 3433 3628">
     <span class='ocr_line' id='line_1_80' title="bbox 1869 3547 3433 3628; baseline 0.01 -28"><span class='ocrx_word' id='word_1_536' title='bbox 1869 3547 2127 3600; x_wconf 66' lang='lat' dir='ltr'><strong>subiit-ari</strong></span> <span class='ocrx_word' id='word_1_537' title='bbox 2191 3564 2253 3602; x_wconf 89' lang='lat' dir='ltr'><strong>ac</strong></span> <span class='ocrx_word' id='word_1_538' title='bbox 2309 3550 2512 3604; x_wconf 91' lang='lat' dir='ltr'><strong>muniri</strong></span> <span class='ocrx_word' id='word_1_539' title='bbox 2565 3552 2754 3619; x_wconf 85' lang='lat' dir='ltr'><strong>jussit,</strong></span> <span class='ocrx_word' id='word_1_540' title='bbox 2813 3570 2936 3608; x_wconf 83' lang='lat' dir='ltr'><strong>arce</strong></span> <span class='ocrx_word' id='word_1_541' title='bbox 2993 3556 3195 3612; x_wconf 86' lang='lat' dir='ltr'><strong>biennii</strong></span> <span class='ocrx_word' id='word_1_542' title='bbox 3257 3563 3433 3628; x_wconf 80' lang='lat' dir='ltr'><strong>Spatio</strong></span> 
     </span>
    </p>
   </div>
   <div class='ocr_carea' id='block_1_81' title="bbox 1869 3638 3427 3720">
    <p class='ocr_par' dir='ltr' id='par_1_81' title="bbox 1869 3638 3427 3720">
     <span class='ocr_line' id='line_1_81' title="bbox 1869 3638 3427 3720; baseline 0.01 -29"><span class='ocrx_word' id='word_1_543' title='bbox 1869 3639 2112 3693; x_wconf 83' lang='lat' dir='ltr'><strong>condita.</strong></span> <span class='ocrx_word' id='word_1_544' title='bbox 2147 3638 2441 3708; x_wconf 85' lang='lat' dir='ltr'><strong>Postquam</strong></span> <span class='ocrx_word' id='word_1_545' title='bbox 2486 3658 2617 3696; x_wconf 81' lang='lat' dir='ltr'><strong>vero</strong></span> <span class='ocrx_word' id='word_1_546' title='bbox 2659 3643 2844 3698; x_wconf 80' lang='lat' dir='ltr'><strong>decem</strong></span> <span class='ocrx_word' id='word_1_547' title='bbox 2884 3646 2992 3714; x_wconf 91' lang='lat' dir='ltr'><strong>jam</strong></span> <span class='ocrx_word' id='word_1_548' title='bbox 3047 3650 3201 3703; x_wconf 89' lang='lat' dir='ltr'><strong>annis</strong></span> <span class='ocrx_word' id='word_1_549' title='bbox 3256 3652 3427 3720; x_wconf 75' lang='lat' dir='ltr'><strong>impe-</strong></span> 
     </span>
    </p>
   </div>
   <div class='ocr_carea' id='block_1_82' title="bbox 1868 3732 3427 3810">
    <p class='ocr_par' dir='ltr' id='par_1_82' title="bbox 1868 3732 3427 3810">
     <span class='ocr_line' id='line_1_82' title="bbox 1868 3732 3427 3810; baseline 0.009 -27"><span class='ocrx_word' id='word_1_550' title='bbox 1868 3741 2069 3795; x_wconf 85' lang='lat' dir='ltr'><strong>rasset,</strong></span> <span class='ocrx_word' id='word_1_551' title='bbox 2104 3732 2333 3800; x_wconf 80' lang='lat' dir='ltr'><strong>contigit</strong></span> <span class='ocrx_word' id='word_1_552' title='bbox 2363 3733 2675 3789; x_wconf 90' lang='lat' dir='ltr'><strong>hominibus</strong></span> <span class='ocrx_word' id='word_1_553' title='bbox 2701 3736 2753 3789; x_wconf 92' lang='lat' dir='ltr'><strong>in</strong></span> <span class='ocrx_word' id='word_1_554' title='bbox 2778 3739 2997 3792; x_wconf 89' lang='lat' dir='ltr'><strong>Oriente</strong></span> <span class='ocrx_word' id='word_1_555' title='bbox 3031 3738 3199 3796; x_wconf 84' lang='lat' dir='ltr'><strong>latnes</strong></span> <span class='ocrx_word' id='word_1_556' title='bbox 3228 3744 3427 3810; x_wconf 70' lang='lat' dir='ltr'><strong>gravis,</strong></span> 
     </span>
    </p>
   </div>
   <div class='ocr_carea' id='block_1_83' title="bbox 1868 3811 3429 3900">
    <p class='ocr_par' dir='ltr' id='par_1_83' title="bbox 1868 3811 3429 3900">
     <span class='ocr_line' id='line_1_83' title="bbox 1868 3811 3429 3900; baseline 0.01 -27"><span class='ocrx_word' id='word_1_557' title='bbox 1868 3811 2170 3891; x_wconf 75' lang='lat' dir='ltr'><strong>magnaque</strong></span> <span class='ocrx_word' id='word_1_558' title='bbox 2202 3823 2544 3877; x_wconf 86' lang='lat' dir='ltr'><strong>locustarum</strong></span> <span class='ocrx_word' id='word_1_559' title='bbox 2579 3829 2754 3892; x_wconf 86' lang='lat' dir='ltr'><strong>c0pia.</strong></span> <span class='ocrx_word' id='word_1_560' title='bbox 2790 3828 2955 3882; x_wconf 77' lang='lat' dir='ltr'><strong>l’orro</strong></span> <span class='ocrx_word' id='word_1_561' title='bbox 2983 3831 3137 3900; x_wconf 82' lang='lat'><strong>132</strong></span> <span class='ocrx_word' id='word_1_562' title='bbox 3175 3832 3429 3889; x_wconf 77' lang='lat' dir='ltr'><strong>Kobatles</strong></span> 
     </span>
    </p>
   </div>
   <div class='ocr_carea' id='block_1_84' title="bbox 1866 3910 3424 3994">
    <p class='ocr_par' dir='ltr' id='par_1_84' title="bbox 1866 3910 3424 3994">
     <span class='ocr_line' id='line_1_84' title="bbox 1866 3910 3424 3994; baseline 0.009 -31"><span class='ocrx_word' id='word_1_563' title='bbox 1866 3910 2154 3965; x_wconf 83' lang='lat' dir='ltr'><strong>Persarum</strong></span> <span class='ocrx_word' id='word_1_564' title='bbox 2191 3930 2283 3967; x_wconf 77' lang='lat' dir='ltr'><strong>rex</strong></span> <span class='ocrx_word' id='word_1_565' title='bbox 2322 3913 2581 3985; x_wconf 79' lang='lat' dir='ltr'><strong>[urbem]</strong></span> <span class='ocrx_word' id='word_1_566' title='bbox 2619 3919 2881 3972; x_wconf 80' lang='lat' dir='ltr'><strong>Amedum</strong></span> <span class='ocrx_word' id='word_1_567' title='bbox 2923 3935 3212 3991; x_wconf 81' lang='lat' dir='ltr'><strong>aggressus</strong></span> <span class='ocrx_word' id='word_1_568' title='bbox 3250 3927 3424 3994; x_wconf 85' lang='lat' dir='ltr'><strong>ipsam</strong></span> 
     </span>
    </p>
   </div>
   <div class='ocr_carea' id='block_1_85' title="bbox 1865 4005 3428 4086">
    <p class='ocr_par' dir='ltr' id='par_1_85' title="bbox 1865 4005 3428 4086">
     <span class='ocr_line' id='line_1_85' title="bbox 1865 4005 3428 4086; baseline 0.01 -31"><span class='ocrx_word' id='word_1_569' title='bbox 1865 4005 2127 4064; x_wconf 70' lang='lat' dir='ltr'><strong>vastavit,</strong></span> <span class='ocrx_word' id='word_1_570' title='bbox 2183 4007 2460 4075; x_wconf 89' lang='lat' dir='ltr'><strong>missoque</strong></span> <span class='ocrx_word' id='word_1_571' title='bbox 2509 4008 2893 4063; x_wconf 78' lang='lat' dir='ltr'><strong>Alexandriam</strong></span> <span class='ocrx_word' id='word_1_572' title='bbox 2949 4016 3189 4068; x_wconf 77' lang='lat' dir='ltr'><strong>exercitu</strong></span> <span class='ocrx_word' id='word_1_573' title='bbox 3235 4033 3428 4086; x_wconf 81' lang='lat' dir='ltr'><strong>magno</strong></span> 
     </span>
    </p>
   </div>
   <div class='ocr_carea' id='block_1_86' title="bbox 1863 4095 3430 4176">
    <p class='ocr_par' dir='ltr' id='par_1_86' title="bbox 1863 4095 3430 4176">
     <span class='ocr_line' id='line_1_86' title="bbox 1863 4095 3430 4176; baseline 0.015 -35"><span class='ocrx_word' id='word_1_574' title='bbox 1863 4095 2124 4162; x_wconf 86' lang='lat' dir='ltr'><strong>quidquid</strong></span> <span class='ocrx_word' id='word_1_575' title='bbox 2155 4106 2307 4150; x_wconf 76' lang='lat' dir='ltr'><strong>extra</strong></span> <span class='ocrx_word' id='word_1_576' title='bbox 2344 4098 2533 4153; x_wconf 87' lang='lat' dir='ltr'><strong>urbem</strong></span> <span class='ocrx_word' id='word_1_577' title='bbox 2580 4098 2686 4154; x_wconf 84' lang='lat' dir='ltr'><strong>fuit</strong></span> <span class='ocrx_word' id='word_1_578' title='bbox 2721 4102 2985 4159; x_wconf 89' lang='lat' dir='ltr'><strong>incendit.</strong></span> <span class='ocrx_word' id='word_1_579' title='bbox 3046 4104 3323 4176; x_wconf 85' lang='lat' dir='ltr'><strong>Multaque</strong></span> <span class='ocrx_word' id='word_1_580' title='bbox 3375 4123 3430 4165; x_wconf 92' lang='lat' dir='ltr'><strong>et</strong></span> 
     </span>
    </p>
   </div>
   <div class='ocr_carea' id='block_1_87' title="bbox 1864 4183 3431 4255">
    <p class='ocr_par' dir='ltr' id='par_1_87' title="bbox 1864 4183 3431 4255">
     <span class='ocr_line' id='line_1_87' title="bbox 1864 4183 3431 4255; baseline 0.009 -20"><span class='ocrx_word' id='word_1_581' title='bbox 1864 4183 2047 4250; x_wconf 75' lang='lat' dir='ltr'><strong>gravia</strong></span> <span class='ocrx_word' id='word_1_582' title='bbox 2079 4185 2281 4251; x_wconf 67' lang='lat' dir='ltr'><strong>praelia,</strong></span> <span class='ocrx_word' id='word_1_583' title='bbox 2310 4201 2612 4255; x_wconf 77' lang='lat' dir='ltr'><strong>pugnaeque</strong></span> <span class='ocrx_word' id='word_1_584' title='bbox 2646 4186 2987 4254; x_wconf 80' lang='lat' dir='ltr'><strong>frequentes,</strong></span> <span class='ocrx_word' id='word_1_585' title='bbox 3017 4191 3159 4245; x_wconf 87' lang='lat' dir='ltr'><strong>inter</strong></span> <span class='ocrx_word' id='word_1_586' title='bbox 3190 4191 3431 4249; x_wconf 81' lang='lat' dir='ltr'><strong>Kobadis</strong></span> 
     </span>
    </p>
   </div>
   <div class='ocr_carea' id='block_1_88' title="bbox 1866 4272 3430 4355">
    <p class='ocr_par' dir='ltr' id='par_1_88' title="bbox 1866 4272 3430 4355">
     <span class='ocr_line' id='line_1_88' title="bbox 1866 4272 3430 4355; baseline 0.011 -31"><span class='ocrx_word' id='word_1_587' title='bbox 1866 4273 2015 4339; x_wconf 83' lang='lat' dir='ltr'><strong>regis</strong></span> <span class='ocrx_word' id='word_1_588' title='bbox 2049 4272 2338 4330; x_wconf 85' lang='lat' dir='ltr'><strong>Persarum</strong></span> <span class='ocrx_word' id='word_1_589' title='bbox 2364 4286 2418 4330; x_wconf 89' lang='lat' dir='ltr'><strong>et</strong></span> <span class='ocrx_word' id='word_1_590' title='bbox 2458 4279 2734 4335; x_wconf 83' lang='lat' dir='ltr'><strong>Anastasii</strong></span> <span class='ocrx_word' id='word_1_591' title='bbox 2773 4278 3143 4336; x_wconf 81' lang='lat' dir='ltr'><strong>Romanorum</strong></span> <span class='ocrx_word' id='word_1_592' title='bbox 3196 4284 3430 4355; x_wconf 86' lang='lat' dir='ltr'><strong>impera-</strong></span> 
     </span>
    </p>
   </div>
   <div class='ocr_carea' id='block_1_89' title="bbox 1865 4364 3429 4433">
    <p class='ocr_par' dir='ltr' id='par_1_89' title="bbox 1865 4364 3429 4433">
     <span class='ocr_line' id='line_1_89' title="bbox 1865 4364 3429 4433; baseline 0.011 -17"><span class='ocrx_word' id='word_1_593' title='bbox 1865 4364 1999 4417; x_wconf 84' lang='lat' dir='ltr'><strong>toris</strong></span> <span class='ocrx_word' id='word_1_594' title='bbox 2030 4368 2259 4421; x_wconf 89' lang='lat' dir='ltr'><strong>comites</strong></span> <span class='ocrx_word' id='word_1_595' title='bbox 2294 4369 2637 4423; x_wconf 84' lang='lat' dir='ltr'><strong>aeciderunt.</strong></span> <span class='ocrx_word' id='word_1_596' title='bbox 2700 4369 2824 4423; x_wconf 90' lang='lat' dir='ltr'><strong>Fuit</strong></span> <span class='ocrx_word' id='word_1_597' title='bbox 2870 4380 3053 4426; x_wconf 89' lang='lat' dir='ltr'><strong>autem</strong></span> <span class='ocrx_word' id='word_1_598' title='bbox 3090 4375 3429 4433; x_wconf 77' lang='lat' dir='ltr'><strong>Alexandria:</strong></span> 
     </span>
    </p>
   </div>
   <div class='ocr_carea' id='block_1_90' title="bbox 1861 4454 3424 4528">
    <p class='ocr_par' dir='ltr' id='par_1_90' title="bbox 1861 4454 3424 4528">
     <span class='ocr_line' id='line_1_90' title="bbox 1861 4454 3424 4528; baseline 0.01 -21"><span class='ocrx_word' id='word_1_599' title='bbox 1861 4454 2147 4521; x_wconf 61' lang='lat' dir='ltr'><strong>pratlectus</strong></span> <span class='ocrx_word' id='word_1_600' title='bbox 2169 4471 2232 4510; x_wconf 82' lang='lat' dir='ltr'><strong>ex</strong></span> <span class='ocrx_word' id='word_1_601' title='bbox 2259 4466 2413 4525; x_wconf 87' lang='lat' dir='ltr'><strong>parte</strong></span> <span class='ocrx_word' id='word_1_602' title='bbox 2437 4460 2720 4513; x_wconf 80' lang='lat' dir='ltr'><strong>Anastasn</strong></span> <span class='ocrx_word' id='word_1_603' title='bbox 2747 4461 3097 4528; x_wconf 73' lang='lat' dir='ltr'><strong>imperatoris</strong></span> <span class='ocrx_word' id='word_1_604' title='bbox 3127 4463 3424 4522; x_wconf 83' lang='lat' dir='ltr'><strong>Enstatius.</strong></span> 
     </span>
    </p>
   </div>
   <div class='ocr_carea' id='block_1_91' title="bbox 198 4519 1857 4628">
    <p class='ocr_par' dir='ltr' id='par_1_91' title="bbox 198 4519 1834 4601">
     <span class='ocr_line' id='line_1_91' title="bbox 198 4519 1834 4601; baseline 0.008 -30"><span class='ocrx_word' id='word_1_605' title='bbox 198 4520 439 4573; x_wconf 80' lang='lat' dir='ltr'><strong>Femina:</strong></span> <span class='ocrx_word' id='word_1_606' title='bbox 491 4522 634 4571; x_wconf 88' lang='lat' dir='ltr'><strong>enim</strong></span> <span class='ocrx_word' id='word_1_607' title='bbox 669 4519 942 4574; x_wconf 68' lang='lat' dir='ltr'><strong>desiderio</strong></span> <span class='ocrx_word' id='word_1_608' title='bbox 980 4532 1184 4586; x_wconf 88' lang='lat' dir='ltr'><strong>teneor,</strong></span> <span class='ocrx_word' id='word_1_609' title='bbox 1236 4534 1416 4577; x_wconf 89' lang='lat' dir='ltr'><strong>metuo</strong></span> <span class='ocrx_word' id='word_1_610' title='bbox 1446 4535 1627 4582; x_wconf 89' lang='lat' dir='ltr'><strong>autem</strong></span> <span class='ocrx_word' id='word_1_611' title='bbox 1659 4544 1756 4599; x_wconf 62' lang='lat' dir='ltr'><strong>jne</strong></span> <span class='ocrx_word' id='word_1_612' title='bbox 1784 4542 1834 4601; x_wconf 79' lang='grc' dir='ltr'><strong>Ι)</strong></span> 
     </span>
    </p>
   </div>
   <div class='ocr_carea' id='block_1_92' title="bbox 1767 4519 3426 4628">
    <p class='ocr_par' dir='ltr' id='par_1_92' title="bbox 1784 4519 3426 4628">
     <span class='ocr_line' id='line_1_92' title="bbox 1784 4519 3426 4628; baseline 0.007 -27"><span class='ocrx_word' id='word_1_613' title='bbox 1784 4542 1834 4601; x_wconf 90' lang='lat' dir='ltr'><strong>D</strong></span> <span class='ocrx_word' id='word_1_614' title='bbox 1862 4519 2071 4601; x_wconf 65' lang='lat' dir='ltr'><strong>Accidit</strong></span> <span class='ocrx_word' id='word_1_615' title='bbox 2103 4519 2273 4602; x_wconf 44' lang='lat' dir='ltr'><strong>etiam-</strong></span> <span class='ocrx_word' id='word_1_616' title='bbox 2301 4561 2421 4617; x_wconf 90' lang='lat' dir='ltr'><strong>post</strong></span> <span class='ocrx_word' id='word_1_617' title='bbox 2461 4551 2595 4605; x_wconf 84' lang='lat' dir='ltr'><strong>illud</strong></span> <span class='ocrx_word' id='word_1_618' title='bbox 2639 4555 2692 4606; x_wconf 89' lang='lat' dir='ltr'><strong>in</strong></span> <span class='ocrx_word' id='word_1_619' title='bbox 2727 4519 3054 4611; x_wconf 61' lang='lat' dir='ltr'><strong>Alexandria</strong></span> <span class='ocrx_word' id='word_1_620' title='bbox 3100 4567 3151 4611; x_wconf 83' lang='lat' dir='ltr'><strong>et</strong></span> <span class='ocrx_word' id='word_1_621' title='bbox 3194 4557 3426 4628; x_wconf 66' lang='lat' dir='ltr'><strong>Aigypto</strong></span> 
     </span>
    </p>
   </div>
   <div class='ocr_carea' id='block_1_93' title="bbox 196 4609 1759 4700">
    <p class='ocr_par' dir='ltr' id='par_1_93' title="bbox 196 4609 1759 4700">
     <span class='ocr_line' id='line_1_93' title="bbox 196 4609 1759 4700; baseline 0.009 -40"><span class='ocrx_word' id='word_1_622' title='bbox 196 4612 249 4663; x_wconf 91' lang='lat' dir='ltr'><strong>in</strong></span> <span class='ocrx_word' id='word_1_623' title='bbox 301 4609 607 4677; x_wconf 64' lang='lat' dir='ltr'><strong>ignobilem,</strong></span> <span class='ocrx_word' id='word_1_624' title='bbox 644 4610 879 4678; x_wconf 86' lang='lat' dir='ltr'><strong>aliquam</strong></span> <span class='ocrx_word' id='word_1_625' title='bbox 935 4626 980 4663; x_wconf 85' lang='lat' dir='ltr'><strong>SI</strong></span> <span class='ocrx_word' id='word_1_626' title='bbox 1029 4613 1265 4666; x_wconf 84' lang='lat' dir='ltr'><strong>int-uiam</strong></span> <span class='ocrx_word' id='word_1_627' title='bbox 1319 4632 1436 4700; x_wconf 73' lang='lat' dir='ltr'><strong>qua:</strong></span> <span class='ocrx_word' id='word_1_628' title='bbox 1488 4623 1759 4687; x_wconf 84' lang='lat' dir='ltr'><strong>pepererit</strong></span> 
     </span>
    </p>
   </div>
   <div class='ocr_carea' id='block_1_94' title="bbox 200 4695 1755 4771">
    <p class='ocr_par' dir='ltr' id='par_1_94' title="bbox 200 4695 1755 4771">
     <span class='ocr_line' id='line_1_94' title="bbox 200 4695 1755 4771; baseline 0.013 -27"><span class='ocrx_word' id='word_1_629' title='bbox 200 4695 440 4749; x_wconf 89' lang='lat' dir='ltr'><strong>nobisin</strong></span> <span class='ocrx_word' id='word_1_630' title='bbox 482 4696 831 4764; x_wconf 79' lang='lat' dir='ltr'><strong>ignominiam</strong></span> <span class='ocrx_word' id='word_1_631' title='bbox 866 4697 1039 4751; x_wconf 88' lang='lat' dir='ltr'><strong>cedet.</strong></span> <span class='ocrx_word' id='word_1_632' title='bbox 1100 4699 1223 4753; x_wconf 76' lang='lat' dir='ltr'><strong>Fuit</strong></span> <span class='ocrx_word' id='word_1_633' title='bbox 1271 4695 1400 4771; x_wconf 68' lang='lat' dir='ltr'><strong>ergo</strong></span> <span class='ocrx_word' id='word_1_634' title='bbox 1464 4709 1655 4761; x_wconf 81' lang='lat' dir='ltr'><strong>donius</strong></span> <span class='ocrx_word' id='word_1_635' title='bbox 1702 4713 1755 4764; x_wconf 93' lang='lat' dir='ltr'><strong>in</strong></span> 
     </span>
    </p>
   </div>
   <div class='ocr_carea' id='block_1_95' title="bbox 194 4787 1759 4868">
    <p class='ocr_par' dir='ltr' id='par_1_95' title="bbox 194 4787 1759 4868">
     <span class='ocr_line' id='line_1_95' title="bbox 194 4787 1759 4868; baseline 0.011 -31"><span class='ocrx_word' id='word_1_636' title='bbox 194 4802 303 4855; x_wconf 91' lang='lat' dir='ltr'><strong>qua</strong></span> <span class='ocrx_word' id='word_1_637' title='bbox 334 4787 595 4839; x_wconf 79' lang='lat' dir='ltr'><strong>dircrsati</strong></span> <span class='ocrx_word' id='word_1_638' title='bbox 631 4798 759 4841; x_wconf 82' lang='lat' dir='ltr'><strong>sunt</strong></span> <span class='ocrx_word' id='word_1_639' title='bbox 790 4790 1009 4844; x_wconf 84' lang='lat' dir='ltr'><strong>domino</strong></span> <span class='ocrx_word' id='word_1_640' title='bbox 1052 4794 1157 4845; x_wconf 70' lang='lat' dir='ltr'><strong>lilia</strong></span> <span class='ocrx_word' id='word_1_641' title='bbox 1215 4796 1387 4865; x_wconf 64' lang='lat' dir='ltr'><strong>Virgo,</strong></span> <span class='ocrx_word' id='word_1_642' title='bbox 1440 4800 1596 4868; x_wconf 87' lang='lat' dir='ltr'><strong>cujus</strong></span> <span class='ocrx_word' id='word_1_643' title='bbox 1640 4817 1759 4854; x_wconf 83' lang='lat' dir='ltr'><strong>ma-</strong></span> 
     </span>
    </p>
   </div>
   <div class='ocr_carea' id='block_1_96' title="bbox 193 4873 1756 4952">
    <p class='ocr_par' dir='ltr' id='par_1_96' title="bbox 193 4873 1756 4952">
     <span class='ocr_line' id='line_1_96' title="bbox 193 4873 1756 4952; baseline 0.007 -24"><span class='ocrx_word' id='word_1_644' title='bbox 193 4884 332 4928; x_wconf 89' lang='lat' dir='ltr'><strong>trem</strong></span> <span class='ocrx_word' id='word_1_645' title='bbox 356 4876 552 4928; x_wconf 85' lang='lat' dir='ltr'><strong>adiens</strong></span> <span class='ocrx_word' id='word_1_646' title='bbox 582 4873 881 4952; x_wconf 80' lang='lat' dir='ltr'><strong>Zurtnahar</strong></span> <span class='ocrx_word' id='word_1_647' title='bbox 938 4877 1111 4945; x_wconf 84' lang='lat' dir='ltr'><strong>ipsam</strong></span> <span class='ocrx_word' id='word_1_648' title='bbox 1157 4892 1210 4931; x_wconf 92' lang='lat' dir='ltr'><strong>ut</strong></span> <span class='ocrx_word' id='word_1_649' title='bbox 1258 4893 1306 4933; x_wconf 55' lang='grc' dir='ltr'><strong>νς</strong></span> <span class='ocrx_word' id='word_1_650' title='bbox 1365 4894 1569 4949; x_wconf 88' lang='lat' dir='ltr'><strong>patrem</strong></span> <span class='ocrx_word' id='word_1_651' title='bbox 1622 4886 1756 4939; x_wconf 87' lang='lat' dir='ltr'><strong>allo-</strong></span> 
     </span>
    </p>
   </div>
   <div class='ocr_carea' id='block_1_97' title="bbox 192 4967 1757 5044">
    <p class='ocr_par' dir='ltr' id='par_1_97' title="bbox 192 4967 1757 5044">
     <span class='ocr_line' id='line_1_97' title="bbox 192 4967 1757 5044; baseline 0.007 -25"><span class='ocrx_word' id='word_1_652' title='bbox 192 4980 353 5019; x_wconf 76' lang='lat' dir='ltr'><strong>cutus</strong></span> <span class='ocrx_word' id='word_1_653' title='bbox 375 4977 479 5029; x_wconf 86' lang='lat' dir='ltr'><strong>est,</strong></span> <span class='ocrx_word' id='word_1_654' title='bbox 517 4967 717 5036; x_wconf 90' lang='lat' dir='ltr'><strong>quibus</strong></span> <span class='ocrx_word' id='word_1_655' title='bbox 746 4984 869 5041; x_wconf 71' lang='lat' dir='ltr'><strong>cum</strong></span> <span class='ocrx_word' id='word_1_656' title='bbox 905 4980 1143 5038; x_wconf 71' lang='lat' dir='ltr'><strong>plac-cret</strong></span> <span class='ocrx_word' id='word_1_657' title='bbox 1169 4973 1295 5024; x_wconf 73' lang='lat' dir='ltr'><strong>illud</strong></span> <span class='ocrx_word' id='word_1_658' title='bbox 1343 4977 1483 5042; x_wconf 84' lang='lat' dir='ltr'><strong>quod</strong></span> <span class='ocrx_word' id='word_1_659' title='bbox 1527 4977 1592 5028; x_wconf 85' lang='lat' dir='ltr'><strong>ab</strong></span> <span class='ocrx_word' id='word_1_660' title='bbox 1625 4977 1757 5044; x_wconf 87' lang='lat' dir='ltr'><strong>ipsis</strong></span> 
     </span>
    </p>
   </div>
   <div class='ocr_carea' id='block_1_98' title="bbox 194 5059 1757 5133">
    <p class='ocr_par' dir='ltr' id='par_1_98' title="bbox 194 5059 1757 5133">
     <span class='ocr_line' id='line_1_98' title="bbox 194 5059 1757 5133; baseline 0.006 -23"><span class='ocrx_word' id='word_1_661' title='bbox 194 5059 373 5122; x_wconf 70' lang='lat' dir='ltr'><strong>petiit,</strong></span> <span class='ocrx_word' id='word_1_662' title='bbox 399 5060 500 5124; x_wconf 90' lang='lat' dir='ltr'><strong>ipsi</strong></span> <span class='ocrx_word' id='word_1_663' title='bbox 522 5069 854 5113; x_wconf 75' lang='lat' dir='ltr'><strong>auuaerunt.</strong></span> <span class='ocrx_word' id='word_1_664' title='bbox 902 5062 1243 5115; x_wconf 74' lang='lat' dir='ltr'><strong>Pernoctavit</strong></span> <span class='ocrx_word' id='word_1_665' title='bbox 1287 5081 1416 5132; x_wconf 83' lang='lat' dir='ltr'><strong>ergo</strong></span> <span class='ocrx_word' id='word_1_666' title='bbox 1463 5076 1642 5133; x_wconf 79' lang='lat' dir='ltr'><strong>postea</strong></span> <span class='ocrx_word' id='word_1_667' title='bbox 1685 5072 1757 5120; x_wconf 85' lang='lat' dir='ltr'><strong>t&#39;e-</strong></span> 
     </span>
    </p>
   </div>
   <div class='ocr_carea' id='block_1_99' title="bbox 194 5145 1753 5222">
    <p class='ocr_par' dir='ltr' id='par_1_99' title="bbox 194 5145 1753 5222">
     <span class='ocr_line' id='line_1_99' title="bbox 194 5145 1753 5222; baseline 0.008 -21"><span class='ocrx_word' id='word_1_668' title='bbox 194 5152 339 5201; x_wconf 74' lang='lat' dir='ltr'><strong>mina</strong></span> <span class='ocrx_word' id='word_1_669' title='bbox 375 5150 479 5201; x_wconf 84' lang='lat' dir='ltr'><strong>ista</strong></span> <span class='ocrx_word' id='word_1_670' title='bbox 507 5164 628 5201; x_wconf 85' lang='lat' dir='ltr'><strong>cum</strong></span> <span class='ocrx_word' id='word_1_671' title='bbox 663 5152 913 5216; x_wconf 79' lang='lat' dir='ltr'><strong>Kobade,</strong></span> <span class='ocrx_word' id='word_1_672' title='bbox 938 5162 1099 5220; x_wconf 79' lang='lat' dir='ltr'><strong>atque</strong></span> <span class='ocrx_word' id='word_1_673' title='bbox 1140 5169 1204 5206; x_wconf 78' lang='lat' dir='ltr'><strong>ex</strong></span> <span class='ocrx_word' id='word_1_674' title='bbox 1234 5172 1297 5207; x_wconf 64' lang='grc' dir='ltr'><strong>(ξιξ</strong></span> <span class='ocrx_word' id='word_1_675' title='bbox 1346 5145 1565 5222; x_wconf 63' lang='lat' dir='ltr'><strong>gravida</strong></span> <span class='ocrx_word' id='word_1_676' title='bbox 1616 5160 1753 5213; x_wconf 80' lang='lat' dir='ltr'><strong>facta</strong></span> 
     </span>
    </p>
   </div>
   <div class='ocr_carea' id='block_1_100' title="bbox 192 5235 1754 5318">
    <p class='ocr_par' dir='ltr' id='par_1_100' title="bbox 192 5235 1754 5318">
     <span class='ocr_line' id='line_1_100' title="bbox 192 5235 1754 5318; baseline 0.008 -26"><span class='ocrx_word' id='word_1_677' title='bbox 192 5249 295 5293; x_wconf 80' lang='lat' dir='ltr'><strong>cst.</strong></span> <span class='ocrx_word' id='word_1_678' title='bbox 328 5240 557 5303; x_wconf 84' lang='lat' dir='ltr'><strong>Quoties</strong></span> <span class='ocrx_word' id='word_1_679' title='bbox 582 5249 760 5294; x_wconf 91' lang='lat' dir='ltr'><strong>autem</strong></span> <span class='ocrx_word' id='word_1_680' title='bbox 786 5243 850 5294; x_wconf 88' lang='lat' dir='ltr'><strong>ad</strong></span> <span class='ocrx_word' id='word_1_681' title='bbox 907 5244 1070 5312; x_wconf 74' lang='lat' dir='ltr'><strong>ipsan.</strong></span> <span class='ocrx_word' id='word_1_682' title='bbox 1110 5235 1563 5303; x_wconf 25' lang='lat' dir='ltr'><strong>accedereirellct</strong></span> <span class='ocrx_word' id='word_1_683' title='bbox 1586 5250 1754 5318; x_wconf 76' lang='lat' dir='ltr'><strong>jttSsit</strong></span> 
     </span>
    </p>
   </div>
   <div class='ocr_carea' id='block_1_101' title="bbox 192 5335 1754 5403">
    <p class='ocr_par' dir='ltr' id='par_1_101' title="bbox 192 5335 1754 5403">
     <span class='ocr_line' id='line_1_101' title="bbox 192 5335 1754 5403; baseline 0.008 -20"><span class='ocrx_word' id='word_1_684' title='bbox 192 5344 310 5383; x_wconf 63' lang='lat' dir='ltr'><strong>Citll&#39;.</strong></span> <span class='ocrx_word' id='word_1_685' title='bbox 369 5340 630 5383; x_wconf 85' lang='lat' dir='ltr'><strong>retectam</strong></span> <span class='ocrx_word' id='word_1_686' title='bbox 683 5346 824 5386; x_wconf 81' lang='lat' dir='ltr'><strong>esse.</strong></span> <span class='ocrx_word' id='word_1_687' title='bbox 907 5335 1275 5403; x_wconf 81' lang='lat' dir='ltr'><strong>interrogante</strong></span> <span class='ocrx_word' id='word_1_688' title='bbox 1348 5350 1526 5395; x_wconf 89' lang='lat' dir='ltr'><strong>autetn</strong></span> <span class='ocrx_word' id='word_1_689' title='bbox 1581 5351 1754 5395; x_wconf 85' lang='lat' dir='ltr'><strong>matte</strong></span> 
     </span>
    </p>
   </div>
   <div class='ocr_carea' id='block_1_102' title="bbox 192 5419 1731 5485">
    <p class='ocr_par' dir='ltr' id='par_1_102' title="bbox 192 5419 1731 5485">
     <span class='ocr_line' id='line_1_102' title="bbox 192 5419 1731 5485; baseline 0.009 -16"><span class='ocrx_word' id='word_1_690' title='bbox 192 5420 366 5478; x_wconf 77' lang='lat' dir='ltr'><strong>ipsius</strong></span> <span class='ocrx_word' id='word_1_691' title='bbox 400 5419 468 5471; x_wconf 88' lang='lat' dir='ltr'><strong>de</strong></span> <span class='ocrx_word' id='word_1_692' title='bbox 494 5430 635 5472; x_wconf 84' lang='lat' dir='ltr'><strong>statu</strong></span> <span class='ocrx_word' id='word_1_693' title='bbox 671 5420 901 5483; x_wconf 77' lang='lat' dir='ltr'><strong>Kubadi,</strong></span> <span class='ocrx_word' id='word_1_694' title='bbox 938 5440 1060 5477; x_wconf 59' lang='lat' dir='ltr'><strong>eum</strong></span> <span class='ocrx_word' id='word_1_695' title='bbox 1092 5427 1165 5478; x_wconf 76' lang='lat' dir='ltr'><strong>illi</strong></span> <span class='ocrx_word' id='word_1_696' title='bbox 1216 5423 1487 5485; x_wconf 73' lang='lat' dir='ltr'><strong>indicaret</strong></span> <span class='ocrx_word' id='word_1_697' title='bbox 1550 5433 1731 5484; x_wconf 63' lang='lat' dir='ltr'><strong>Vl&#39;liSs:</strong></span> 
     </span>
    </p>
   </div>
   <div class='ocr_carea' id='block_1_103' title="bbox 192 5511 1723 5581">
    <p class='ocr_par' dir='ltr' id='par_1_103' title="bbox 192 5511 1723 5581">
     <span class='ocr_line' id='line_1_103' title="bbox 192 5511 1723 5581; baseline 0.01 -19"><span class='ocrx_word' id='word_1_698' title='bbox 192 5525 249 5563; x_wconf 88' lang='lat' dir='ltr'><strong>se</strong></span> <span class='ocrx_word' id='word_1_699' title='bbox 306 5511 583 5563; x_wconf 81' lang='lat' dir='ltr'><strong>remoralia</strong></span> <span class='ocrx_word' id='word_1_700' title='bbox 647 5514 815 5581; x_wconf 86' lang='lat' dir='ltr'><strong>ipsius</strong></span> <span class='ocrx_word' id='word_1_701' title='bbox 879 5516 1177 5571; x_wconf 85' lang='lat' dir='ltr'><strong>holosertca</strong></span> <span class='ocrx_word' id='word_1_702' title='bbox 1248 5536 1383 5575; x_wconf 67' lang='grc' dir='ltr'><strong>ειμι-ο</strong></span> <span class='ocrx_word' id='word_1_703' title='bbox 1442 5524 1723 5579; x_wconf 63' lang='lat' dir='ltr'><strong>intertexta</strong></span> 
     </span>
    </p>
   </div>
   <div class='ocr_carea' id='block_1_104' title="bbox 189 5598 1743 5681">
    <p class='ocr_par' dir='ltr' id='par_1_104' title="bbox 189 5598 1743 5681">
     <span class='ocr_line' id='line_1_104' title="bbox 189 5598 1743 5681; baseline 0.012 -28"><span class='ocrx_word' id='word_1_704' title='bbox 189 5602 442 5668; x_wconf 77' lang='lat' dir='ltr'><strong>cognmit</strong></span> <span class='ocrx_word' id='word_1_705' title='bbox 476 5614 655 5657; x_wconf 68' lang='lat' dir='ltr'><strong>mater</strong></span> <span class='ocrx_word' id='word_1_706' title='bbox 688 5606 867 5674; x_wconf 89' lang='lat' dir='ltr'><strong>ipsum</strong></span> <span class='ocrx_word' id='word_1_707' title='bbox 900 5622 931 5662; x_wconf 75' lang='grc' dir='ltr'>θ</span> <span class='ocrx_word' id='word_1_708' title='bbox 967 5609 1168 5665; x_wconf 76' lang='lat' dir='ltr'><strong>fatni&#39;ia</strong></span> <span class='ocrx_word' id='word_1_709' title='bbox 1199 5598 1339 5681; x_wconf 60' lang='lat' dir='ltr'><strong>regia</strong></span> <span class='ocrx_word' id='word_1_710' title='bbox 1361 5632 1499 5677; x_wconf 62' lang='lat' dir='ltr'><strong>mnf,</strong></span> <span class='ocrx_word' id='word_1_711' title='bbox 1536 5633 1597 5670; x_wconf 84' lang='lat' dir='ltr'><strong>ac</strong></span> <span class='ocrx_word' id='word_1_712' title='bbox 1657 5620 1743 5671; x_wconf 72' lang='lat' dir='ltr'><strong>lte-</strong></span> 
     </span>
    </p>
   </div>
   <div class='ocr_carea' id='block_1_105' title="bbox 189 5696 1743 5765">
    <p class='ocr_par' dir='ltr' id='par_1_105' title="bbox 189 5696 1743 5765">
     <span class='ocr_line' id='line_1_105' title="bbox 189 5696 1743 5765; baseline 0.015 -23"><span class='ocrx_word' id='word_1_713' title='bbox 189 5705 295 5747; x_wconf 64' lang='grc' dir='ltr'>[λιιι</span> <span class='ocrx_word' id='word_1_714' title='bbox 335 5704 440 5749; x_wconf 80' lang='lat' dir='ltr'><strong>est.</strong></span> <span class='ocrx_word' id='word_1_715' title='bbox 478 5696 756 5753; x_wconf 79' lang='lat' dir='ltr'><strong>Accedens</strong></span> <span class='ocrx_word' id='word_1_716' title='bbox 788 5717 965 5755; x_wconf 32' lang='lat' dir='ltr'><strong>:‘utem</strong></span> <span class='ocrx_word' id='word_1_717' title='bbox 1000 5702 1183 5759; x_wconf 82' lang='lat' dir='ltr'><strong>Kohad</strong></span> <span class='ocrx_word' id='word_1_718' title='bbox 1225 5709 1289 5760; x_wconf 88' lang='lat' dir='ltr'><strong>ad</strong></span> <span class='ocrx_word' id='word_1_719' title='bbox 1351 5711 1692 5764; x_wconf 60' lang='lat' dir='ltr'><strong>&#39;1&#39;acunnutu</strong></span> <span class='ocrx_word' id='word_1_720' title='bbox 1731 5731 1743 5765; x_wconf 90' lang='lat'><strong>:</strong></span> 
     </span>
    </p>
   </div>
   <div class='ocr_carea' id='block_1_106' title="bbox 191 5787 1745 5873">
    <p class='ocr_par' dir='ltr' id='par_1_106' title="bbox 191 5787 1745 5873">
     <span class='ocr_line' id='line_1_106' title="bbox 191 5787 1745 5873; baseline 0.015 -37"><span class='ocrx_word' id='word_1_721' title='bbox 191 5787 546 5857; x_wconf 61' lang='lat' dir='ltr'><strong>l-Lgotintptit)</strong></span> <span class='ocrx_word' id='word_1_722' title='bbox 584 5788 726 5846; x_wconf 82' lang='lat' dir='ltr'><strong>ﬁlius</strong></span> <span class='ocrx_word' id='word_1_723' title='bbox 782 5809 903 5848; x_wconf 80' lang='lat' dir='ltr'><strong>srm</strong></span> <span class='ocrx_word' id='word_1_724' title='bbox 952 5799 1095 5867; x_wconf 74' lang='lat' dir='ltr'><strong>regis</strong></span> <span class='ocrx_word' id='word_1_725' title='bbox 1157 5798 1460 5867; x_wconf 61' lang='lat' dir='ltr'><strong>“et‘sa‘ttut,</strong></span> <span class='ocrx_word' id='word_1_726' title='bbox 1515 5828 1563 5857; x_wconf 76' lang='grc' dir='ltr'>,ιι</span> <span class='ocrx_word' id='word_1_727' title='bbox 1629 5816 1745 5873; x_wconf 76' lang='lat' dir='ltr'><strong>post</strong></span> 
     </span>
    </p>
   </div>
   <div class='ocr_carea' id='block_1_107' title="bbox 1861 4637 3421 4717">
    <p class='ocr_par' dir='ltr' id='par_1_107' title="bbox 1861 4637 3421 4717">
     <span class='ocr_line' id='line_1_107' title="bbox 1861 4637 3421 4717; baseline 0.01 -28"><span class='ocrx_word' id='word_1_728' title='bbox 1861 4637 2033 4692; x_wconf 74' lang='lat' dir='ltr'><strong>tantes</strong></span> <span class='ocrx_word' id='word_1_729' title='bbox 2067 4642 2271 4709; x_wconf 83' lang='lat' dir='ltr'><strong>gravis,</strong></span> <span class='ocrx_word' id='word_1_730' title='bbox 2309 4642 2447 4697; x_wconf 88' lang='lat' dir='ltr'><strong>adeo</strong></span> <span class='ocrx_word' id='word_1_731' title='bbox 2476 4653 2535 4696; x_wconf 92' lang='lat' dir='ltr'><strong>ut</strong></span> <span class='ocrx_word' id='word_1_732' title='bbox 2561 4644 2741 4698; x_wconf 89' lang='lat' dir='ltr'><strong>inedia</strong></span> <span class='ocrx_word' id='word_1_733' title='bbox 2777 4658 3122 4701; x_wconf 83' lang='lat' dir='ltr'><strong>morerentur</strong></span> <span class='ocrx_word' id='word_1_734' title='bbox 3150 4650 3421 4717; x_wconf 83' lang='lat' dir='ltr'><strong>hamines,</strong></span> 
     </span>
    </p>
   </div>
   <div class='ocr_carea' id='block_1_108' title="bbox 1860 4727 3425 4805">
    <p class='ocr_par' dir='ltr' id='par_1_108' title="bbox 1860 4727 3425 4805">
     <span class='ocr_line' id='line_1_108' title="bbox 1860 4727 3425 4805; baseline 0.008 -27"><span class='ocrx_word' id='word_1_735' title='bbox 1860 4727 2228 4798; x_wconf 55' lang='lat' dir='ltr'><strong>desolataeque</strong></span> <span class='ocrx_word' id='word_1_736' title='bbox 2283 4740 2468 4786; x_wconf 86' lang='lat' dir='ltr'><strong>essent</strong></span> <span class='ocrx_word' id='word_1_737' title='bbox 2518 4733 2845 4786; x_wconf 79' lang='lat' dir='ltr'><strong>Alexandria</strong></span> <span class='ocrx_word' id='word_1_738' title='bbox 2900 4743 2953 4788; x_wconf 89' lang='lat' dir='ltr'><strong>et</strong></span> <span class='ocrx_word' id='word_1_739' title='bbox 2996 4735 3261 4804; x_wconf 64' lang='lat' dir='ltr'><strong>{Egyptus</strong></span> <span class='ocrx_word' id='word_1_740' title='bbox 3317 4754 3425 4805; x_wconf 71' lang='lat' dir='ltr'><strong>pra:</strong></span> 
     </span>
    </p>
   </div>
   <div class='ocr_carea' id='block_1_109' title="bbox 1865 4821 3421 4889">
    <p class='ocr_par' dir='ltr' id='par_1_109' title="bbox 1865 4821 3421 4889">
     <span class='ocr_line' id='line_1_109' title="bbox 1865 4821 3421 4889; baseline 0.008 -21"><span class='ocrx_word' id='word_1_741' title='bbox 1865 4826 2017 4884; x_wconf 72' lang='lat' dir='ltr'><strong>peste</strong></span> <span class='ocrx_word' id='word_1_742' title='bbox 2065 4827 2119 4873; x_wconf 92' lang='lat' dir='ltr'><strong>et</strong></span> <span class='ocrx_word' id='word_1_743' title='bbox 2161 4828 2336 4874; x_wconf 87' lang='lat' dir='ltr'><strong>morte</strong></span> <span class='ocrx_word' id='word_1_744' title='bbox 2367 4837 2487 4889; x_wconf 65' lang='lat' dir='ltr'><strong>quae</strong></span> <span class='ocrx_word' id='word_1_745' title='bbox 2520 4821 2767 4876; x_wconf 89' lang='lat' dir='ltr'><strong>homines</strong></span> <span class='ocrx_word' id='word_1_746' title='bbox 2816 4825 3033 4878; x_wconf 88' lang='lat' dir='ltr'><strong>invasit.</strong></span> <span class='ocrx_word' id='word_1_747' title='bbox 3082 4825 3204 4880; x_wconf 85' lang='lat' dir='ltr'><strong>Erat</strong></span> <span class='ocrx_word' id='word_1_748' title='bbox 3244 4838 3421 4881; x_wconf 84' lang='lat' dir='ltr'><strong>autem</strong></span> 
     </span>
    </p>
   </div>
   <div class='ocr_carea' id='block_1_110' title="bbox 1859 4907 3420 4983">
    <p class='ocr_par' dir='ltr' id='par_1_110' title="bbox 1859 4907 3420 4983">
     <span class='ocr_line' id='line_1_110' title="bbox 1859 4907 3420 4983; baseline 0.01 -25"><span class='ocrx_word' id='word_1_749' title='bbox 1859 4907 2207 4962; x_wconf 65' lang='lat' dir='ltr'><strong>Alexandria:</strong></span> <span class='ocrx_word' id='word_1_750' title='bbox 2269 4908 2490 4964; x_wconf 72' lang='lat' dir='ltr'><strong>Judaeus</strong></span> <span class='ocrx_word' id='word_1_751' title='bbox 2557 4913 2782 4980; x_wconf 86' lang='lat' dir='ltr'><strong>quidam</strong></span> <span class='ocrx_word' id='word_1_752' title='bbox 2852 4917 3136 4983; x_wconf 88' lang='lat' dir='ltr'><strong>opulentus</strong></span> <span class='ocrx_word' id='word_1_753' title='bbox 3202 4921 3420 4976; x_wconf 89' lang='lat' dir='ltr'><strong>nomine</strong></span> 
     </span>
    </p>
   </div>
   <div class='ocr_carea' id='block_1_111' title="bbox 1861 5000 3415 5081">
    <p class='ocr_par' dir='ltr' id='par_1_111' title="bbox 1861 5000 3415 5081">
     <span class='ocr_line' id='line_1_111' title="bbox 1861 5000 3415 5081; baseline 0.006 -26"><span class='ocrx_word' id='word_1_754' title='bbox 1861 5000 2033 5055; x_wconf 85' lang='lat' dir='ltr'><strong>Urhih</strong></span> <span class='ocrx_word' id='word_1_755' title='bbox 2077 5000 2192 5069; x_wconf 89' lang='lat' dir='ltr'><strong>(qui</strong></span> <span class='ocrx_word' id='word_1_756' title='bbox 2228 5010 2413 5069; x_wconf 90' lang='lat' dir='ltr'><strong>postea</strong></span> <span class='ocrx_word' id='word_1_757' title='bbox 2469 5004 2936 5060; x_wconf 89' lang='lat' dir='ltr'><strong>christianismum</strong></span> <span class='ocrx_word' id='word_1_758' title='bbox 2980 5010 3260 5077; x_wconf 80' lang='lat' dir='ltr'><strong>amplexus</strong></span> <span class='ocrx_word' id='word_1_759' title='bbox 3289 5012 3415 5081; x_wconf 88' lang='lat' dir='ltr'><strong>est),</strong></span> 
     </span>
    </p>
   </div>
   <div class='ocr_carea' id='block_1_112' title="bbox 1861 5090 3415 5167">
    <p class='ocr_par' dir='ltr' id='par_1_112' title="bbox 1861 5090 3415 5167">
     <span class='ocr_line' id='line_1_112' title="bbox 1861 5090 3415 5167; baseline 0.01 -28"><span class='ocrx_word' id='word_1_760' title='bbox 1861 5090 1950 5159; x_wconf 89' lang='lat' dir='ltr'><strong>qui</strong></span> <span class='ocrx_word' id='word_1_761' title='bbox 1984 5091 2314 5158; x_wconf 88' lang='lat' dir='ltr'><strong>pauperibus</strong></span> <span class='ocrx_word' id='word_1_762' title='bbox 2357 5094 2588 5148; x_wconf 91' lang='lat' dir='ltr'><strong>mortuis</strong></span> <span class='ocrx_word' id='word_1_763' title='bbox 2638 5094 2917 5151; x_wconf 70' lang='lat' dir='ltr'><strong>involucra</strong></span> <span class='ocrx_word' id='word_1_764' title='bbox 2964 5101 3229 5167; x_wconf 71' lang='lat' dir='ltr'><strong>prarstitit.</strong></span> <span class='ocrx_word' id='word_1_765' title='bbox 3273 5100 3415 5156; x_wconf 88' lang='lat' dir='ltr'><strong>Idem</strong></span> 
     </span>
    </p>
   </div>
   <div class='ocr_carea' id='block_1_113' title="bbox 1857 5179 3414 5255">
    <p class='ocr_par' dir='ltr' id='par_1_113' title="bbox 1857 5179 3414 5255">
     <span class='ocr_line' id='line_1_113' title="bbox 1857 5179 3414 5255; baseline 0.007 -21"><span class='ocrx_word' id='word_1_766' title='bbox 1857 5180 1943 5234; x_wconf 89' lang='lat' dir='ltr'><strong>die</strong></span> <span class='ocrx_word' id='word_1_767' title='bbox 1974 5179 2255 5235; x_wconf 86' lang='lat' dir='ltr'><strong>Paschatis</strong></span> <span class='ocrx_word' id='word_1_768' title='bbox 2287 5182 2568 5239; x_wconf 85' lang='lat' dir='ltr'><strong>Dominieo</strong></span> <span class='ocrx_word' id='word_1_769' title='bbox 2615 5202 2841 5255; x_wconf 87' lang='lat' dir='ltr'><strong>magnas</strong></span> <span class='ocrx_word' id='word_1_770' title='bbox 2874 5189 3169 5243; x_wconf 61' lang='lat' dir='ltr'><strong>distribuit:</strong></span> <span class='ocrx_word' id='word_1_771' title='bbox 3187 5192 3414 5245; x_wconf 87' lang='lat' dir='ltr'><strong>eleemo-</strong></span> 
     </span>
    </p>
   </div>
   <div class='ocr_carea' id='block_1_114' title="bbox 1860 5271 3416 5352">
    <p class='ocr_par' dir='ltr' id='par_1_114' title="bbox 1860 5271 3416 5352">
     <span class='ocr_line' id='line_1_114' title="bbox 1860 5271 3416 5352; baseline 0.009 -31"><span class='ocrx_word' id='word_1_772' title='bbox 1860 5286 2025 5339; x_wconf 79' lang='lat' dir='ltr'><strong>syuas</strong></span> <span class='ocrx_word' id='word_1_773' title='bbox 2087 5271 2140 5324; x_wconf 91' lang='lat' dir='ltr'><strong>in</strong></span> <span class='ocrx_word' id='word_1_774' title='bbox 2198 5271 2441 5338; x_wconf 77' lang='lat' dir='ltr'><strong>Ecclesia</strong></span> <span class='ocrx_word' id='word_1_775' title='bbox 2494 5275 2711 5330; x_wconf 84' lang='lat' dir='ltr'><strong>Arcadii</strong></span> <span class='ocrx_word' id='word_1_776' title='bbox 2749 5276 2893 5347; x_wconf 72' lang='lat' dir='ltr'><strong>[quo</strong></span> <span class='ocrx_word' id='word_1_777' title='bbox 2946 5280 3223 5352; x_wconf 86' lang='lat' dir='ltr'><strong>tempore]</strong></span> <span class='ocrx_word' id='word_1_778' title='bbox 3261 5284 3416 5335; x_wconf 91' lang='lat' dir='ltr'><strong>turba</strong></span> 
     </span>
    </p>
   </div>
   <div class='ocr_carea' id='block_1_115' title="bbox 1857 5363 3416 5431">
    <p class='ocr_par' dir='ltr' id='par_1_115' title="bbox 1857 5363 3416 5431">
     <span class='ocr_line' id='line_1_115' title="bbox 1857 5363 3416 5431; baseline 0.008 -20"><span class='ocrx_word' id='word_1_779' title='bbox 1857 5363 2156 5428; x_wconf 76' lang='lat' dir='ltr'><strong>tempressi</strong></span> <span class='ocrx_word' id='word_1_780' title='bbox 2199 5366 2399 5431; x_wconf 68' lang='lat' dir='ltr'><strong>mortui</strong></span> <span class='ocrx_word' id='word_1_781' title='bbox 2449 5374 2576 5417; x_wconf 90' lang='lat' dir='ltr'><strong>sunt</strong></span> <span class='ocrx_word' id='word_1_782' title='bbox 2610 5366 2715 5419; x_wconf 78' lang='lat' dir='ltr'><strong>viri</strong></span> <span class='ocrx_word' id='word_1_783' title='bbox 2764 5371 3016 5422; x_wconf 88' lang='lat' dir='ltr'><strong>trecenti.</strong></span> <span class='ocrx_word' id='word_1_784' title='bbox 3065 5369 3235 5424; x_wconf 89' lang='lat' dir='ltr'><strong>Porro</strong></span> <span class='ocrx_word' id='word_1_785' title='bbox 3272 5386 3416 5424; x_wconf 88' lang='lat' dir='ltr'><strong>anno</strong></span> 
     </span>
    </p>
   </div>
   <div class='ocr_carea' id='block_1_116' title="bbox 1858 5451 3414 5528">
    <p class='ocr_par' dir='ltr' id='par_1_116' title="bbox 1858 5451 3414 5528">
     <span class='ocr_line' id='line_1_116' title="bbox 1858 5451 3414 5528; baseline 0.011 -28"><span class='ocrx_word' id='word_1_786' title='bbox 1858 5451 2067 5516; x_wconf 69' lang='lat' dir='ltr'><strong>imperii</strong></span> <span class='ocrx_word' id='word_1_787' title='bbox 2102 5454 2378 5506; x_wconf 78' lang='lat' dir='ltr'><strong>Anastasii</strong></span> <span class='ocrx_word' id='word_1_788' title='bbox 2434 5453 2807 5511; x_wconf 85' lang='lat' dir='ltr'><strong>Romanorum</strong></span> <span class='ocrx_word' id='word_1_789' title='bbox 2859 5460 3207 5528; x_wconf 85' lang='lat' dir='ltr'><strong>imperatoris</strong></span> <span class='ocrx_word' id='word_1_790' title='bbox 3259 5476 3414 5517; x_wconf 82' lang='lat' dir='ltr'><strong>sexto</strong></span> 
     </span>
    </p>
   </div>
   <div class='ocr_carea' id='block_1_117' title="bbox 1858 5539 3412 5622">
    <p class='ocr_par' dir='ltr' id='par_1_117' title="bbox 1858 5539 3412 5622">
     <span class='ocr_line' id='line_1_117' title="bbox 1858 5539 3412 5622; baseline 0.014 -32"><span class='ocrx_word' id='word_1_791' title='bbox 1858 5550 2190 5596; x_wconf 76' lang='lat' dir='ltr'><strong>constitutus</strong></span> <span class='ocrx_word' id='word_1_792' title='bbox 2252 5554 2335 5622; x_wconf 78' lang='lat' dir='ltr'><strong>est</strong></span> <span class='ocrx_word' id='word_1_793' title='bbox 2398 5539 2644 5601; x_wconf 59' lang='lat' dir='ltr'><strong>&#39;Joannes</strong></span> <span class='ocrx_word' id='word_1_794' title='bbox 2716 5552 3016 5605; x_wconf 86' lang='lat' dir='ltr'><strong>monachus</strong></span> <span class='ocrx_word' id='word_1_795' title='bbox 3101 5559 3412 5622; x_wconf 88' lang='lat' dir='ltr'><strong>patriarcha</strong></span> 
     </span>
    </p>
   </div>
   <div class='ocr_carea' id='block_1_118' title="bbox 1855 5615 3414 5700">
    <p class='ocr_par' dir='ltr' id='par_1_118' title="bbox 1855 5615 3414 5700">
     <span class='ocr_line' id='line_1_118' title="bbox 1855 5615 3414 5700; baseline 0.014 -23"><span class='ocrx_word' id='word_1_796' title='bbox 1855 5615 2274 5694; x_wconf 61' lang='lat' dir='ltr'><strong>Alexandrinus,</strong></span> <span class='ocrx_word' id='word_1_797' title='bbox 2306 5635 2395 5700; x_wconf 93' lang='lat' dir='ltr'><strong>qui</strong></span> <span class='ocrx_word' id='word_1_798' title='bbox 2423 5634 2668 5689; x_wconf 80' lang='lat' dir='ltr'><strong>.lacobita</strong></span> <span class='ocrx_word' id='word_1_799' title='bbox 2727 5638 2827 5692; x_wconf 79' lang='lat' dir='ltr'><strong>fuit</strong></span> <span class='ocrx_word' id='word_1_800' title='bbox 2859 5656 2874 5693; x_wconf 91' lang='lat'><strong>:</strong></span> <span class='ocrx_word' id='word_1_801' title='bbox 2908 5643 3048 5695; x_wconf 90' lang='lat' dir='ltr'><strong>sedit</strong></span> <span class='ocrx_word' id='word_1_802' title='bbox 3094 5615 3267 5699; x_wconf 78' lang='lat' dir='ltr'><strong>annos</strong></span> <span class='ocrx_word' id='word_1_803' title='bbox 3319 5662 3414 5699; x_wconf 91' lang='lat' dir='ltr'><strong>no-</strong></span> 
     </span>
    </p>
   </div>
   <div class='ocr_carea' id='block_1_119' title="bbox 1852 5721 3409 5804">
    <p class='ocr_par' dir='ltr' id='par_1_119' title="bbox 1852 5721 3409 5804">
     <span class='ocr_line' id='line_1_119' title="bbox 1852 5721 3409 5804; baseline 0.015 -35"><span class='ocrx_word' id='word_1_804' title='bbox 1852 5733 1992 5781; x_wconf 80' lang='lat' dir='ltr'><strong>vem,</strong></span> <span class='ocrx_word' id='word_1_805' title='bbox 2029 5721 2154 5774; x_wconf 90' lang='lat' dir='ltr'><strong>dein</strong></span> <span class='ocrx_word' id='word_1_806' title='bbox 2190 5734 2439 5779; x_wconf 88' lang='lat' dir='ltr'><strong>mortuus</strong></span> <span class='ocrx_word' id='word_1_807' title='bbox 2464 5736 2569 5781; x_wconf 87' lang='lat' dir='ltr'><strong>est.</strong></span> <span class='ocrx_word' id='word_1_808' title='bbox 2602 5730 2993 5800; x_wconf 82' lang='lat' dir='ltr'><strong>Annoimperii</strong></span> <span class='ocrx_word' id='word_1_809' title='bbox 3035 5735 3275 5804; x_wconf 77' lang='lat' dir='ltr'><strong>ejusdem</strong></span> <span class='ocrx_word' id='word_1_810' title='bbox 3312 5738 3409 5792; x_wconf 87' lang='lat' dir='ltr'><strong>de-</strong></span> 
     </span>
    </p>
   </div>
   <div class='ocr_carea' id='block_1_120' title="bbox 1851 5810 3405 5897">
    <p class='ocr_par' dir='ltr' id='par_1_120' title="bbox 1851 5810 3405 5897">
     <span class='ocr_line' id='line_1_120' title="bbox 1851 5810 3405 5897; baseline 0.012 -33"><span class='ocrx_word' id='word_1_811' title='bbox 1851 5810 1989 5864; x_wconf 84' lang='lat' dir='ltr'><strong>cimo</strong></span> <span class='ocrx_word' id='word_1_812' title='bbox 2020 5813 2214 5881; x_wconf 90' lang='lat' dir='ltr'><strong>quinto</strong></span> <span class='ocrx_word' id='word_1_813' title='bbox 2281 5815 2458 5873; x_wconf 76' lang='lat' dir='ltr'><strong>laetus</strong></span> <span class='ocrx_word' id='word_1_814' title='bbox 2512 5828 2594 5875; x_wconf 87' lang='lat' dir='ltr'><strong>est</strong></span> <span class='ocrx_word' id='word_1_815' title='bbox 2635 5820 2874 5881; x_wconf 84' lang='lat' dir='ltr'><strong>Joannes</strong></span> <span class='ocrx_word' id='word_1_816' title='bbox 2908 5825 3043 5881; x_wconf 85' lang='lat' dir='ltr'><strong>alter</strong></span> <span class='ocrx_word' id='word_1_817' title='bbox 3097 5829 3405 5897; x_wconf 85' lang='lat' dir='ltr'><strong>patriarcha</strong></span> 
     </span>
    </p>
   </div>
  </div>
