4210 6428
736 436 878 499 10113

1748 434 2119 496 EUTYClIl'l
2160 435 2463 493 A1.E.\'AN
2480 435 2701 495 DIilNl
2736 438 2952 496 PATR.

3847 435 3984 494 106i

735 542 1163 605 Alexandrinus,
1199 540 1288 609 qui
1345 538 1507 593 etiam
1546 538 1815 605 Jacobila,
1865 552 1919 595 et
1974 556 2095 594 cum
2130 555 2300 592 annos
2330 544 2376 601 Α
2413 556 2553 604 rum,
2591 542 2773 610 ibique
2823 540 3134 612 degentium
3192 549 3358 595 statu.
3426 543 3523 597 ille
3566 555 3696 612 ergo
3748 540 3876 609 ipsi,
3940 552 3991 593 et

739 634 990 689 undecim
1024 633 1255 687 sedisset
1287 638 1539 685 mortuus
1566 641 1669 685 est.
1703 632 1858 685 Anno
1884 632 2124 700 ejusdem
2156 631 2301 683 vice-

734 729 875 780 simo
912 733 1066 779 sexto
1123 723 1299 777 lactus
1342 732 1427 777 cst
1490 722 1786 777 Dioscorus
1820 723 2128 790 patriarcha
2181 723 2303 775 ΑΙ‹·-

736 818 1055 879 xandrinus,
1090 812 1337 868 Jacobila
1388 815 1573 877 etiam,
1629 812 1980 883 133-135
2034 813 2126 883 qui
2176 828 2297 866 cum

734 922 935 959 annum
979 922 1147 959 unum
1186 907 1420 959 sedisset
1456 917 1704 959 mortuus
1736 914 1839 961 est.
1874 907 2032 959 Anno
2056 904 2297 973 ejusdem

730 998 995 1049 vicesimo
1024 996 1256 1064 septimo
1291 997 1629 1049 constitutus
1662 1006 1743 1049 est
1764 996 2080 1048 Timotheus
2102 992 2299 1045 ibidem

729 1090 1087 1154 patriarcha:
1132 1089 1216 1142 hic
1272 1088 1435 1140 etiam
1496 1087 1743 1142 Jacobita
1796 1088 1915 1151 fuit,
1962 1088 2096 1140 duos
2130 1100 2304 1139 annos

731 1180 892 1241 sedit,
925 1180 1047 1231 dein
1077 1178 1195 1230 loco
1228 1175 1513 1231 abdicatus
1540 1188 1649 1232 est.
1687 1177 1840 1230 Anno
1884 1177 2094 1244 imperii
2127 1176 2301 1246 ipsius

728 1282 927 1339 quarto
972 1270 1303 1322 constitutus
1338 1278 1419 1322 est
1506 1270 1820 1325 Timotheus
1864 1270 1967 1339 (vel
1998 1270 2297 1321 secundum

730 1361 875 1413 aliud
908 1358 1190 1427 exemplar
1225 1358 1629 1429 Macedonius),
1660 1361 1967 1429 patriarcha
1989 1358 2304 1413 Constanti-

730 1453 1087 1520 nopolitanus
1125 1467 1262 1505 :sex
1296 1466 1468 1503 annos
1524 1454 1686 1516 sedit,
1714 1452 1835 1503 dein
1892 1461 2139 1504 mortuus
2192 1459 2295 1503 est.

726 1546 886 1595 Anno
916 1542 1157 1610 ejusdem
1192 1554 1333 1591 nono
1362 1541 1695 1592 constitutus
1730 1549 1815 1593 est
1854 1538 2176 1592 Timotheus
2208 1554 2301 1606 pa-

730 1635 970 1686 triarcha
1036 1632 1730 1698 Constantinopolitatius,
1791 1632 1881 1700 qui
1956 1647 2048 1685 sex
2128 1646 2300 1686 annos

728 1726 889 1786 sedit,
918 1724 1043 1776 dein
1104 1733 1349 1775 mortuus
1401 1734 1521 1777 est.
1581 1724 1740 1775 Anno
1787 1723 2029 1789 ejusdem
2090 1721 2303 1774 dvcimo

728 1815 921 1881 quinto
977 1812 1153 1866 factus
1206 1824 1290 1867 est
1345 1800 1591 1867 Joannes
1638 1813 1933 1881 Cappadox
1991 1812 2298 1878 patriarcha

729 1906 957 1967 ibidem,
1000 1906 1092 1974 qui
1122 1920 1313 1959 novem
1348 1921 1522 1959 annos
1560 1905 1717 1965 sedit,
1750 1903 1874 1956 dein
1909 1912 2160 1956 mortuus
2194 1912 2298 1955 est.
2337 1891 2377 1945 Β

728 2003 885 2050 Anno
913 1998 1162 2065 ejusdem
1203 1998 1466 2051 vicesimo
1506 2007 1703 2064 quarto
1759 1995 1935 2049 factus
1970 2005 2052 2048 est
2097 1996 2303 2065 Anthy-

732 2108 851 2145 inus
882 2091 1188 2160 patriarcha
1252 2089 1475 2151 ibidem,
1534 2090 1629 2157 qui
1663 2087 1909 2143 Jacobita
1952 2087 2076 2151 fuit,
2130 2105 2303 2142 annos

727 2188 971 2254 quinque
1003 2185 1163 2244 Sedit,
1196 2183 1320 2236 tleiu
1389 2183 1663 2251 relegatus
1721 2190 1824 2232 est.
1882 2183 2039 2232 Anno
2092 2177 2304 2247 imperii

730 2280 898 2347 ipsius
928 2285 1123 2346 quarto
1157 2276 1486 2328 constitutus
1523 2285 1605 2326 est
1674 2271 1929 2337 Pelagius
1994 2268 2303 2339 patriarcha

728 2367 1404 2435 Romanus,quiquatuor
1457 2380 1631 2417 annos
1684 2365 1846 2424 sedit,
1896 2364 2019 2416 dein
2055 2372 2305 2416 mortuus

725 2472 833 2517 est.
871 2464 1025 2513 Anno
1060 2459 1302 2528 ejusdem
1336 2466 1531 2510 octavo
1572 2459 1907 2511 constitutus
1948 2467 2030 2509 cst
2061 2457 2305 2509 Anasta-

731 2556 843 2605 sius
873 2551 1183 2619 patriarcha
1212 2549 1517 2611 Romanus,
1550 2550 1640 2617 qui
1675 2566 1798 2601 cuiu
1835 2566 2036 2600 annum
2073 2549 2306 2603 sedisset

730 2654 977 2697 mortuus
1006 2652 1110 2696 est.
1156 2643 1313 2694 Anno
1350 2640 1592 2708 ejusdem
1626 2656 1770 2693 nono
1817 2640 1992 2693 lactus
2019 2648 2100 2693 est
2145 2643 2302 2711 Sym-

729 2732 954 2783 machus
985 2728 1184 2782 ibidem
1222 2730 1534 2795 patriarcha
1562 2730 1654 2796 qui
1691 2744 1865 2781 annos
1892 2730 2305 2796 quatuordecim

728 2823 888 2883 Sedit,
945 2821 1073 2875 dein
1130 2830 1382 2874 mortuus
1423 2829 1542 2872 .est.
1598 2821 1755 2873 Anno
1810 2822 2022 2888 itnperii
2063 2822 2305 2888 ejusdem

728 2923 925 2981 quarto
957 2914 1291 2967 constitutus
1318 2922 1400 2965 est
1433 2911 1727 2965 Flavianus
1762 2913 2076 2979 patriarcha
2115 2914 2307 2969 Aulim

728 3006 937 3058 rhenus
992 3006 1083 3072 qui
1146 3020 1321 3058 annos
1375 3003 1794 3072 quattuordecim
1848 3004 2012 3065 sedit.
2066 3005 2190 3056 dein
2252 3004 2305 3056 in

728 3097 983 3150 exsilium
1027 3097 1218 3165 pulsus
1259 3105 1363 3150 est.
1408 3094 1536 3147 Fuit
1596 3106 1776 3148 autem
1829 3096 2150 3147 Anastasius
2206 3096 2306 3146 im-

731 3196 949 3256 perator
1004 3190 1286 3241 sententia:
1338 3186 1722 3241 Melchilarum
1783 3187 2069 3250 adversus,
2118 3195 2305 3255 utpote

735 3279 896 3349 136
942 3278 1215 3333 Jacolnita.
1269 3279 1451 3343 Quare
1487 3279 1708 3345 scriptis
1758 3279 1823 3331 ad
1877 3279 2054 3347 ipsum
2107 3279 2303 3332 litteris

734 3368 878 3419 Elias
909 3369 1218 3435 patriarcha
1252 3368 1783 3437 llierosolymitantts
1842 3368 2127 3420 veritatem
2178 3382 2308 3420 scn-

734 3462 917 3513 tentia:
955 3458 1329 3513 Melcliitarutn
1388 3459 1490 3529 ipsi
1549 3458 1824 3528 exposuit,
1873 3468 1927 3512 et
1994 3458 2308 3527 quicunque

734 3554 1070 3604 contrarium
1128 3552 1262 3619 ipsis
1307 3560 1579 3604 assereret
1633 3550 1979 3603 maledictum
2028 3564 2170 3603 esse.
2207 3548 2308 3601 Mi-

734 3642 916 3710 sitque
972 3640 1041 3693 ad
1095 3640 1273 3707 ipsum
1334 3640 1712 3693 ctenobiorum
1769 3638 2117 3707 pra-positos,
2171 3639 2311 3691 inter

735 3745 876 3799 quos
920 3738 1076 3783 erant
1108 3729 1454 3784 Theodosius
1508 3731 1804 3797 prmfectus
1841 3731 2168 3783 monasterii
2224 3730 2314 3781 Al-

740 3820 1036 3885 dawakcsi,
1067 3820 1401 3874 Charitanus
1424 3820 1722 3889 praefectus
1759 3821 1975 3875 AlSailii
2009 3824 2230 3885 veteris,
2261 3831 2316 3875 ct

743 3914 885 3968 Salia
918 3912 1209 3983 praefectus
1240 3913 1304 3966 Al
1340 3912 1493 3968 Saiki
1539 3914 1686 3979 novi,
1722 3916 1814 3984 qui
1839 3915 2095 3970 omnibus
2132 3915 2311 3984 (locisl

741 4007 844 4059 hoc
870 4005 1092 4059 nomine
1121 4008 1411 4075 appellatis
1448 4016 1703 4076 praeerat,
1742 4016 1793 4060 et
1826 4006 1988 4060 Saiko
2045 4009 2237 4073 veteri,
2265 4009 2313 4060 ei

740 4098 952 4151 scilicet
981 4097 1073 4166 qui
1101 4096 1546 4163 Charitanierat,
1580 4114 1701 4152 cum
1736 4100 1924 4153 multis
1956 4114 1986 4153 e
2017 4099 2317 4152 monacho-

743 4206 863 4245 rum
881 4188 1177 4258 praefectis,
1210 4189 1356 4243 inter
1378 4204 1518 4259 quos
1550 4200 1603 4245 et
1631 4191 1962 4245 sacerdotes.
1992 4190 2115 4244 llzec
2134 4199 2313 4244 autem

748 4279 966 4347 scripsit
996 4297 1008 4331 :
1033 4276 1155 4332 Misi
1182 4279 1244 4330 ad
1266 4286 1320 4332 te
1339 4279 1543 4332 multos
1563 4294 1593 4333 e
1612 4279 1701 4332 Dei
1731 4279 1923 4340 servis,
1948 4289 2003 4333 et
2022 4280 2319 4332 monacho-

745 4385 863 4422 rnin
887 4369 1087 4423 deserti
1105 4369 1277 4423 nostri
1297 4369 1604 4438 praefectos,
1634 4371 1933 4439 interjquos
1958 4378 2013 4423 et
2037 4370 2180 4424 Saba
2204 4371 2320 4424 exi-

748 4467 891 4517 mius
914 4464 1003 4517 ille
1032 4464 1122 4531 qui
1150 4466 1425 4517 desertum
1457 4475 1706 4517 nostrum
1737 4465 1789 4517 in
1824 4466 1987 4517 urbes
2020 4462 2314 4528 convertit,

2420 632 2608 684 urbem
2642 643 2693 684 et
2730 636 2819 701 qui
2854 648 2971 687 eam
3011 632 3316 689 incolerent
3344 634 3481 687 bene
3506 649 3565 688 se
3602 633 3799 687 habere.
3825 635 3985 686 dixit.

2418 724 2793 777 Melchitaruni
2846 727 3011 779 etiam
3075 723 3379 778 doctrinam
3426 723 3654 793 ejusque
3697 724 3983 779 veritatem

2415 818 2516 886 ipsi
2548 818 2843 887 exposuit;
2878 828 2931 872 et
2956 818 3271 887 quicunque
3307 826 3497 872 contra
3557 818 3789 872 sentiret
3828 833 3982 871 esse-

2415 908 2675 962 crabilem
2733 922 2877 961 esse.
2941 907 3087 962 Dixit
3144 910 3307 963 etiam
3372 910 3521 977 ipsi:
3586 907 3866 977 Rogamus
3935 917 3982 960 te

2417 996 2714 1053 Erclesiam
2751 1014 2817 1053 ne
2852 1000 3075 1062 turbes;
3132 1001 3372 1069 quandiu
3402 1000 3548 1052 enim
3596 1001 3651 1053 in
3697 1012 3827 1067 pace
3872 1013 3981 1046 nia.

2414 1096 2505 1141 net
2550 1089 2820 1154 Ecclesia,
2871 1106 2970 1143 nos
3009 1090 3174 1144 etiam
3241 1090 3639 1160 tranquillitate
3689 1089 3923 1142 fruimur
3972 1101 3984 1136 ε

2416 1196 2479 1232 ne
2514 1188 2695 1233 autem
2738 1180 3197 1234 heterodoxorum
3231 1184 3555 1235 sententiam
3609 1179 3983 1246 amplectar-is.

2414 1272 2621 1324 Annuit
2646 1284 2773 1336 ergo
2799 1286 2890 1323 rex
2924 1272 3027 1339 ipsi
3059 1274 3110 1325 in
3138 1272 3204 1325 iis
3226 1286 3344 1339 quae
3368 1274 3521 1338 petiit
3549 1270 3980 1333 monachosque,

2418 1363 2640 1416 collatis
2670 1362 2724 1415 in
2753 1361 2903 1429 ipsos
2933 1364 3276 1428 muneribus,
3324 1362 3700 1429 Hierosolyma
3789 1360 3982 1413 reverti

2406 1452 2597 1521 jussit,
2628 1454 2848 1522 scriptis
2878 1454 2941 1505 ad
2972 1454 3139 1505 Eliam
3180 1456 3545 1522 patriarcham
3588 1451 3985 1519 llieros-ilymi-

2414 1552 2600 1596 tanum
2650 1545 2847 1598 litteris
2878 1546 3079 1614 quibus
3149 1546 3322 1614 ipsius
3380 1546 3626 1613 epistolae
3678 1545 3983 1611 respondit.

2417 1636 2614 1688 Sabatn
2678 1644 2858 1689 autem
2918 1637 3061 1705 apud
3112 1652 3169 1690 se
3219 1652 3443 1690 manere
3481 1636 3800 1703 jnssit.-Qui
3831 1652 3983 1701 ergo,

2415 1728 2648 1781 reversis
2683 1726 2964 1781 monachis
2995 1727 3387 1797 Hierosolyma.
3415 1728 3487 1783 ibi
3520 1729 3785 1789 substitit,
3810 1729 3986 1779 donec

2414 1826 2537 1883 post
2564 1833 2766 1870 annum
2799 1818 3033 1871 abeundi
3062 1822 3275 1886 copiam
3306 1820 3845 1884 petens,_obtineret,
3873 1828 3984 1870 tra-

2408 1910 2670 1977 deretque
2727 1910 2832 1980 ipsi
2890 1911 3186 1979 imperator
3223 1912 3306 1965 bis
3359 1914 3503 1964 inille
3553 1928 3771 1975 aureos,
3821 1909 3988 1964 Utere.

2408 1999 2689 2069 (loquens)
2720 2006 2961 2057 nutumis
2996 2003 3117 2056 istis
3146 2004 3209 2055 ad
3246 2004 3579 2057 tnouaSteria
3613 2003 3977 2056 exstruenda.

2409 2090 2551 2145 Saba
2583 2108 2711 2161 ergo
2746 2091 3130 2164 Hierosolyma
3160 2095 3341 2149 rediit.

2479 2185 2650 2237 Porro
2682 2185 2781 2237 fuit
2814 2185 3297 2255 Constantinopoli
3356 2188 3437 2240 vir
3480 2187 3701 2255 quidam
3758 2187 3985 2240 nomine

2409 2272 2669 2334 Severus,
2731 2276 2823 2342 qui
2863 2276 3106 2329 Dioscuri
3134 2286 3186 2328 et
3215 2277 3463 2346 Eutychii
3508 2279 3834 2331 sententiam
3868 2290 3986 2328 an-

2409 2366 2603 2433 111οΧ115
2657 2377 2762 2425 881..
2820 2384 2981 2420 unum
3043 2382 3297 2423 asserens
3361 2377 3638 2431 naturam,
3695 2382 3985 2435 personam

2409 2471 2592 2516 unam,
2622 2458 2954 2510 voluntatem
2992 2475 3176 2512 uuam.
3212 2458 3308 2513 llic
3340 2460 3402 2511 ad
3435 2459 3787 2512 Anastasium
3815 2460 3992 2525 impe~

2408 2558 2645 2601 ratorem
2683 2550 2975 2612 accedens,
3014 2551 3153 2603 dixit
3205 2552 3308 2618 ipsi
3340 2552 3629 2619 episcopos
3678 2553 3815 2605 istos
3862 2568 3987 2605 sex-

2408 2647 2599 2692 ct-ntos
2629 2648 2681 2692 et
2712 2642 2933 2706 triginta
2970 2643 3060 2710 qui
3096 2643 3150 2695 in
3210 2643 3347 2695 urbe
3388 2642 3739 2694 Chalcedone.
3778 2658 3986 2696 convc-

2409 2730 2623 2782 tiientes
2681 2730 2734 2781 in
2799 2730 3123 2783 Dioscorutu
3175 2744 3228 2786 et
3294 2731 3624 2799 Eutychiuui
3690 2736 3989 2783 anathema

2416 2822 2574 2892 ιιιθ
2614 2823 2894 2883 dixerunt,
2920 2823 3062 2874 male
3113 2824 3166 2875 in
3202 2825 3302 2876 hoc
3336 2824 3567 2875 fecisse:
3610 2838 3795 2875 veram
3838 2839 3877 2873 si
3902 2823 3989 2873 ili-

2410 2924 2494 2964 cet
2530 2914 2690 2966 fidem
2747 2929 2870 2967 esse
2909 2930 3071 2981 quam
3124 2912 3361 2982 professi
3414 2925 3545 2967 sunt
3600 2914 3906 2983 Eutychius
3936 2924 3993 2968 et

2413 3003 2725 3058 Dioscorus.
2761 3005 2880 3059 Noli
2915 3020 3044 3074 ergo
3076 3004 3297 3073 (inquit)
3343 3005 3740 3058 monachorum
3767 3004 3863 3071 qui
3922 3005 3989 3055 ad

2411 3102 2462 3147 te
2523 3096 2921 3181 Hierosolymis
2973 3104 3244 3148 venerunt
3298 3096 3632 3147 sententiam
3692 3096 3989 3162 amplecti,

2415 3195 2601 3253 utpote
2627 3203 2748 3253 ιιιιιη
2777 3187 2910 3240 falsa
2944 3188 3017 3238 sit
3055 3203 3069 3240 :
3115 3200 3305 3238 verum
3350 3185 3670 3254 perscriptis
3702 3185 3768 3237 ad
3796 3200 3994 3238 omnes

2413 3272 2652 3325 ditiones
2704 3286 2825 3326 tuas
2863 3274 3060 3327 litteris
3088 3274 3284 3339 jubeas
3341 3278 3617 3328 sexcentis
3663 3284 3718 3326 et
3757 3274 3991 3341 triginta

2410 3367 2679 3437 episcopis
2720 3366 2815 3434 qui
2861 3365 3195 3420 Chalcedoni
3248 3375 3627 3420 convenerunt
3684 3368 3987 3419 anathema

2412 3456 2749 3521 denuntiari,
2772 3458 3132 3523 hominesque
3157 3458 3405 3527 impellas
3427 3458 3490 3509 ad
3522 3472 3683 3510 unam
3708 3468 3995 3520 naturam,

2414 3549 2748 3602 voluntatem
2776 3563 2962 3609 unam,
2996 3564 3269 3618 unamque
3297 3564 3585 3618 personam
3606 3549 3995 3618 profitendam.

2415 3638 2471 3692 In
2507 3655 2617 3708 quo
2647 3640 2840 3692 annuit
2900 3641 3001 3710 ipsi
3056 3642 3377 3710 imperator.
3434 3642 3634 3701 Audito
3688 3655 3823 3709 ergo
3859 3639 3993 3708 quid

2420 3734 2600 3785 facere
2628 3734 2906 3784 statuisset
2942 3734 3267 3785 Anastasius
3291 3734 3612 3799 imperator,
3652 3733 3877 3799 scripsit
3929 3734 3995 3783 ad

2419 3827 2595 3894 ipsum
2640 3821 2935 3877 Flavianus
2970 3824 3284 3891 patriarcha
3319 3824 3723 3885 Autiochenus,
3754 3824 4000 3875 suadens

2417 3933 2486 3972 ne
2546 3918 2673 3970 illud
2736 3917 2881 3985 quod
2938 3916 3149 3970 diceret
3210 3908 3447 3969 Severus
3498 3916 3727 3969 faceret.
3790 3914 3999 3969 Verum

2418 4013 2560 4065 enim
2604 4012 2883 4079 amplexos
2920 4025 3045 4064 esse
3103 4010 3393 4078 episcopos
3433 4018 3729 4062 sexcentos
3774 4010 3999 4075 triginta

2418 4104 2511 4172 qui
2545 4101 2879 4156 Chalcedoni
2924 4110 3322 4162 convenerunt,
3364 4108 3418 4152 et
3451 4099 3542 4167 qui
3588 4101 3879 4151 sententi:e
3916 4101 4003 4166 ip-

2421 4208 2609 4247 sorum
2643 4192 3048 4246 contradiceret
3089 4191 3481 4245 exsecrabilem
3517 4206 3661 4243 esse.
3694 4190 3775 4241 lra
3811 4198 3996 4243 autem

2423 4299 2688 4338 accensus
2750 4285 3051 4351 imperator
3109 4281 3293 4334 missis
3353 4279 3605 4352 [nuntiis]
3674 4278 3998 4332 Flavianum

2425 4374 2796 4443 patriareham
2828 4371 3232 4425 Antiochenum
3265 4369 3518 4424 exsulare
3550 4370 3735 4437 jussit,
3768 4369 3999 4422 suﬂecto

2424 4464 2543 4519 vice
2572 4465 2747 4534 ipsius
2781 4464 2833 4517 in
2863 4463 3293 4531 patriarchatum
3347 4462 3548 4515 ibidem
3601 4461 3830 4515 Severo.
3863 4462 4001 4514 Cum

751 4569 1041 4623 ipsumque
1079 4554 1311 4606 habitari
1367 4553 1514 4614 fecit,
1556 4556 1649 4622 qui
1695 4564 1748 4607 et
1803 4554 2108 4608 Palaestinae
2158 4552 2315 4607 stella
2352 4571 2394 4624 ι)
2425 4570 2557 4621 ergo
2605 4554 2871 4609 audiisset
2925 4549 3042 4603 Elia
3074 4551 3407 4620 {patriarcha
3462 4550 4000 4620 llierosolyniitanus

747 4657 856 4700 est.
921 4646 1057 4699 Cum
1107 4654 1290 4697 autem
1350 4644 1880 4713 Constantinopolim
1948 4645 2323 4713 pervenissent

752 4734 1008 4790 monachi
1044 4734 1261 4802 eopiam
1301 4735 1644 4805 (accedendi)
1690 4737 1757 4788 ab
1811 4735 2105 4789 Anastasio
2155 4732 2325 4801 petie-

755 4840 904 4889 runt,
947 4829 1039 4898 qui
1092 4828 1229 4895 ipsis
1284 4828 1599 4882 introeundi
1646 4829 1861 4882 veniam
1915 4828 2210 4883 concessit.
2242 4826 2323 4879 Ad

755 4935 937 4988 regem
971 4933 1101 4987 ergo
1130 4919 1367 4987 ingressi
1404 4928 1553 4975 sunt.
1590 4918 1714 4973 Fuit
1764 4930 1945 4975 autem
1991 4918 2133 4973 Saba
2163 4918 2327 4972 vesti-

758 5012 863 5067 bus
894 5011 1037 5064 tritis
1062 5011 1301 5075 indutus,
1334 5026 1503 5080 quare
1523 5026 1647 5063 cum
1680 5027 1818 5080 pone
1843 5023 2071 5067 caeteros
2088 5026 2145 5065 se
2162 5012 2329 5065 conti-

758 5108 931 5163 neret,
980 5100 1379 5168 prohibuerunt
1428 5102 1604 5169 ipsum
1635 5103 1845 5155 ostiarii
1906 5103 1973 5155 ab
2039 5103 2325 5170 ingressu.

755 5192 894 5245 Cum
945 5207 1075 5259 ergo
1134 5192 1359 5261 legisset
1424 5193 1752 5247 Anastasius
1828 5193 2127 5263 imperator
2200 5194 2329 5248 Elia:

764 5284 1083 5353 patriarchae
1142 5283 1630 5356 llicrosolymitani
1688 5286 2003 5354 epistolam,
2062 5285 2326 5350 Quisnam

765 5377 965 5444 (inquit
1001 5377 1309 5447 monachis)
1366 5393 1396 5431 c
1455 5377 1611 5429 vobis
1659 5388 1743 5431 est
1799 5376 1936 5430 Saba
2002 5379 2105 5431 iste
2154 5378 2205 5431 in
2246 5380 2331 5433 his

764 5468 963 5522 litteris
988 5467 1283 5523 laudatus?
1317 5469 1394 5522 Illi
1442 5470 1948 5538 circumspicientes
2004 5486 2129 5525 cum
2185 5471 2329 5527 haud

766 5560 961 5616 adesse
1022 5560 1199 5629 ipsum
1255 5561 1527 5626 viderent,
1591 5562 1773 5630 ipsum
1840 5578 2143 5619 accersere.
2194 5564 2331 5618 Cum

769 5659 947 5703 autem
1006 5648 1073 5704 ad
1151 5649 1529 5719 imperatorem
1594 5652 1959 5723 137-139
2054 5655 2335 5724 ingressus

768 5748 939 5805 esset,
974 5741 1063 5797 ille
1090 5744 1153 5797 ad
1195 5758 1254 5797 se
1283 5746 1507 5815 propius
1558 5748 1819 5802 accedere
1868 5746 2109 5815 jussum,
2145 5748 2331 5816 juxta-

770 5847 877 5902 que
909 5847 969 5889 se
997 5834 1341 5902 collocatum,
1399 5838 1752 5907 interrogavit
1804 5837 1871 5895 de
1928 5836 2335 5910 Hierosolymo-

2426 4644 2745 4699 Flavianum
2781 4644 2835 4696 in
2874 4642 3128 4696 exsilium
3160 4642 3375 4709 pulsum
3428 4656 3574 4705 esse,
3631 4655 3694 4693 ac
3734 4642 4001 4694 Severum

2427 4740 2478 4792 in
2510 4739 2687 4789 locum
2722 4738 2896 4803 ipsius
2946 4733 3256 4798 suffectum,
3304 4733 3627 4787 convocavit
3673 4748 3861 4785 coram
3913 4732 4000 4783 Sv-

2429 4827 2616 4895 pulcro
2647 4833 2699 4878 et
2730 4824 3003 4891 Golgotha
3037 4823 3360 4885 monachos,
3403 4826 3495 4890 qui
3535 4822 3589 4875 in
3644 4822 4003 4875 Anastasium

2430 4919 2814 4986 imperatorem
2846 4924 2899 4968 et
2919 4916 3179 4969 Severum
3213 4915 3614 4983 patriarcham,
3647 4923 3701 4965 et
3732 4921 4002 4981 quotquot

2431 5009 2604 5078 ipsius
2642 5010 2973 5061 sententiam
3012 5006 3500 5075 amplecterentur,
3558 5006 3855 5058 anathema
3909 5008 4009 5058 de-

2438 5100 2784 5153 nuntiarunt.
2814 5100 3142 5153 Anastasius
3173 5113 3303 5165 ergo
3335 5098 3632 5165 imperator
3657 5098 3846 5150 audito
3874 5097 4005 5163 quid

2434 5191 2649 5245 fecisset
2682 5191 2796 5244 Elia
2850 5178 3163 5261 patriarcha
3199 5189 3553 5261 141-153
3611 5187 4005 5255 Hierosolymi-

2433 5293 2617 5349 tanus,
2653 5285 2896 5348 mittens,
2928 5282 3107 5352 ipsum
3147 5282 3279 5335 llam
3328 5281 3591 5350 relegavit
3622 5281 3812 5351 (idque
3864 5293 4007 5331 anno

2436 5375 2649 5445 imperii
2714 5374 2993 5429 Anastasii
3051 5373 3321 5428 vicesimo
3381 5372 3592 5439 tertio),
3652 5371 4011 5441 praefecitqut'

2434 5448 2827 5537 Hierosolymis
2852 5467 3221 5537 patriarcham
3258 5465 3550 5534 quemdam
3575 5468 3799 5519 nomine
3844 5463 4011 5517 Joan-

2438 5576 2583 5624 nem,
2642 5566 2831 5629 utpote
2883 5557 2975 5626 qui
3034 5556 3138 5626 ipsi
3169 5556 3500 5626 promiserat
3540 5572 3597 5611 se
3629 5557 3683 5610 iii
3723 5557 4013 5625 episcopos

2439 5662 2734 5708 sexcentos
2763 5651 2987 5720 triginta
3014 5649 3450 5719 quiCbalcedoni
3482 5648 3857 5704 interfuerunt
3885 5662 4013 5701 ana.

2439 5745 2622 5798 thema
2652 5743 2951 5797 dicturum.
2981 5741 3084 5798 Ubi
3110 5756 3239 5811 ergo
3264 5740 3642 5811 Hierosolyma
3664 5742 4014 5803 accessisset,

2440 5837 2859 5895 convenientes.
2905 5836 3084 5895 iosum
3118 5834 3373 5915 monachi
3411 5842 3464 5891 ct
3500 5834 3679 5895 Saba'
3727 5833 3849 5891 Noli
3909 5835 4013 5899 (iu-
