4210 6428
223 409 359 469 1055

1650 395 2013 454 AXNMJCS.

3307 387 3440 449 1066

220 520 436 586 quium)
468 513 652 567 Seven
685 511 1005 566 sententiain
1037 509 1307 577 amplecti,
1355 508 1448 560 sed
1483 505 1772 560 conrilium
1811 525 1852 570 Α
1883 503 2149 557 .I.n_-obitis
2187 503 2540 572 respondere,
2570 512 2618 554 et.
2650 500 2911 553 doctrin;e
2945 502 3190 570 ipsorum
3235 499 3445 555 lalsita-

219 607 976 674 Chalcedoaensepropngna:
998 599 1163 673 [quod
1181 600 1222 652 si
1245 597 1782 669 l'eceris],nosomnes

219 719 246 756 a
286 699 534 771 partibus
563 698 670 751 tuis
712 694 1000 748 stabimus.
1037 691 1192 756 Quod
1222 691 1309 744 ille
1334 691 1462 758 ipsis
1490 687 1780 756 pollicitus,

222 792 556 849 contrarium
593 790 640 841 ei
709 786 851 854 quod
926 785 1027 853 ipsi
1082 783 1430 835 mandaverat
1490 779 1785 846 imperator

222 884 370 937 fecit.
443 879 610 947 Cujus
699 877 776 930 rei
843 876 1043 928 certior
1111 872 1282 926 factus
1367 870 1678 938 imperator,
1756 883 1786 921 e

223 974 461 1028 ducibus
510 972 622 1023 suis
675 967 966 1038 quemdam
1017 966 1189 1026 misit,
1232 963 1321 1030 qui
1370 960 1631 1017 Joannem
1689 980 1785 1034 pa-

223 1064 517 1116 triarcham
582 1057 1162 1127 Hierosolymitanum,
1219 1054 1348 1106 illud
1407 1055 1582 1108 facere
1639 1060 1784 1123 quod

225 1155 551 1223 promiserat
613 1159 879 1211 itionerct,
952 1156 1126 1214 utque
1213 1146 1426 1200 concilii
1483 1146 1786 1198 Chalcedo-

227 1248 412 1299 nensis
464 1243 791 1297 mentionem
841 1239 1024 1293 facere
1078 1237 1388 1296 desisteret,
1443 1236 1526 1287 sin
1583 1236 1786 1299 minus,

225 1334 488 1392 cathedra
531 1331 832 1386 abdiCaret.
872 1326 1154 1382 Accedens
1178 1341 1309 1394 ergo
1342 1326 1451 1378 dux
1484 1327 1580 1378 iste
1621 1326 1788 1380 Joan-

228 1442 348 1480 nem
377 1423 746 1496 patriarchaiu
776 1418 1103 1487 prehensum
1137 1417 1188 1468 in
1219 1429 1494 1467 carcerem
1525 1417 1787 1484 conjec-it.

225 1517 398 1580 Quem
433 1513 504 1566 ibi
537 1513 800 1564 adeuntes
843 1507 1090 1560 monachi
1140 1505 1188 1556 ei
1226 1515 1511 1558 suaserunt
1545 1516 1602 1556 nt
1651 1507 1790 1558 idem

224 1605 352 1660 duci
411 1620 470 1658 se
526 1603 796 1655 facturum
848 1599 1218 1668 polliceretur,
1263 1596 1404 1664 quod
1477 1595 1790 1662 imperatori

229 1696 509 1764 pollicitus
542 1691 884 1753 l'uerat,cum
921 1695 1099 1740 autem
1147 1687 1359 1739 adesset
1420 1699 1610 1736 omnes
1670 1685 1792 1737 illos

225 1783 573 1838 anathemate
614 1780 796 1831 feriret
840 1792 976 1845 quos
1019 1774 1615 1828 anathematizaierant
1680 1792 1793 1829 mo-

227 1875 413 1929 nachi.
443 1872 598 1938 Quod
635 1885 760 1923 cum
801 1869 1038 1931 fecisset,
1075 1866 1460 1920 convenientes
1517 1869 1788 1931 nzonachi,

231 1982 462 2022 numero
483 1964 702 2017 circiter
754 1961 936 2014 decies
984 1958 1132 2010 inille
1179 1958 1320 2010 inter
1371 1972 1510 2025 quos
1539 1956 1792 2009 Theodo-

231 2062 373 2121 sius,
403 2057 686 2115 llharitan,
719 2062 772 2106 et
799 2053 939 2104 Saba
971 2051 1349 2103 etenobiorum
1404 2051 1702 2118 prmposdi,
1742 2052 1793 2102 in

233 2151 579 2209 lliuseorutn,
643 2142 994 2212 Eutychium,
1050 2141 1310 2193 Severum
1367 2151 1417 2191 et
1484 2142 1795 2209 quicunque

229 2242 526 2295 Concilium
586 2236 1030 2290 Chalcedoncnse
1086 2231 1246 2302 ιᾷἶι.
1310 2247 1418 2284 non
1498 2234 1794 2300 reciperent

236 2332 529 2382 anathema
597 2328 877 2380 dixerunt.
948 2323 1136 2375 Metuit
1212 2331 1391 2374 autem
1456 2323 1799 2389 imperatoris

231 2423 506 2487 lvgalttsa
541 2417 845 2472 monachis.
891 2416 1095 2468 Aderat
1156 2414 1316 2464 ctiam
1385 2427 1489 2464 una
1566 2412 1799 2480 imper-1-

231 2523 372 2565 turis
406 2518 696 2577 cognatus,
734 2507 821 2560 cui
873 2521 999 2558 eum
1057 2506 1109 2556 id
1147 2520 1310 2570 grave
1352 2513 1517 2564 esset,
1556 2506 1804 2572 promisit

231 2607 352 2670 ipse
388 2601 673 2654 monachis
702 2611 1052 2652 reversurum
1089 2599 1471 2662 imperatorem
1517 2594 1585 2645 ab
1634 2593 1803 2644 altera

232 2696 341 2747 ista
398 2693 462 2744 ad
501 2691 747 2760 ipsorum
797 2689 1119 2742 sententiam
1151 2698 1199 2738 et
1244 2685 1310 2738 ad
1344 2688 1642 2737 veritatem.
1676 2687 1803 2737 llum

232 2799 367 2852 ergo
449 2780 983 2847 ConstantinOpolim
1039 2777 1386 2845 pervenisset
1462 2775 1806 2842 imperatoris

231 2883 504 2941 citgtiatus
551 2874 671 2933 iste,
710 2871 840 2938 quid
900 2871 1099 2919 tactum
1152 2879 1292 2918 esset
1357 2867 1453 2932 ipsi
1513 2865 1804 2917 nuntiavit.

229 2968 478 3033 Cumque
513 2965 565 3016 in
597 2967 782 3014 animo
819 2961 1042 3012 habt-iet
1102 2960 1392 3026 imperator
1435 2957 1598 3009 etiam
1646 2953 1808 3005 Joanc

235 3072 359 3110 Leni
395 3057 762 3123 patriarcham
829 3051 1389 3118 llierosolymitanum
1451 3049 1502 3098 in
1555 3048 1807 3100 exsilium

1886 606 1991 649 tem
2014 606 2062 648 et
2091 595 2476 649 absurditatcm
2500 593 2807 646 ostendere.
2845 591 3062 644 Dicatur
3095 592 3198 647 illis
3233 607 3246 644 :
3281 589 3448 646 Dicite

1888 686 2041 741 nobis
2073 684 2224 755 [quid
2255 682 2525 753 sentiatis]
2559 685 2624 737 de
2674 696 2904 748 persona
2937 681 3097 736 Verbi
3153 682 3268 745 Dei,
3328 697 3449 752 qua:

1891 777 2003 831 lieri
2039 794 2145 830 non
2175 785 2369 844 potest,
2400 777 2528 845 quin
2563 776 2643 830 vel
2694 773 2990 841 sumpserit
3034 774 3161 841 quid
3208 775 3274 829 de
3319 761 3453 829 sub.-

1891 873 2089 924 stantia
2143 869 2500 924 humanitatis
2555 870 2713 938 eique
2773 867 2925 921 unita
2980 865 3161 927 fuerit,
3208 867 3288 922 vel
3343 881 3449 920 non

1890 961 2200 1031 sumpserit.
2246 961 2302 1015 Si
2332 959 2587 1013 dixeritis
2622 960 2755 1012 nihil
2791 959 3092 1028 accepisse,
3133 956 3328 1010 falsum
3369 966 3453 1011 est

1894 1067 2176 1119 personam
2202 1066 2363 1120 quam
2385 1049 2604 1102 Christo
2632 1047 2926 1101 attribuitis
2950 1047 3306 1115 compositam
3333 1061 3454 1101 esse

1893 1160 1955 1196 ex
1990 1145 2272 1196 divinitate
2307 1151 2361 1194 et
2402 1139 2761 1194 humanitate.
2796 1138 2950 1203 Quod
2976 1138 3021 1192 si
3055 1138 3182 1208 quid
3212 1152 3460 1206 sumpse-

1896 1236 1985 1301 rit,
2016 1249 2240 1288 necesse
2286 1242 2364 1285 est
2393 1242 2470 1294 ut,
2503 1230 2644 1299 quod
2678 1238 2952 1297 sumptum
3000 1230 3160 1282 fuerit
3193 1244 3259 1283 ex
3291 1229 3460 1284 Maria

1899 1324 2138 1394 Virgine,
2169 1325 2239 1376 sit
2291 1324 2597 1377 substantia
2637 1325 2719 1375 vel
2763 1321 3074 1375 communis
3101 1321 3183 1373 vel
3219 1323 3454 1387 particu-

1897 1419 2066 1480 laris;
2100 1417 2142 1467 si
2180 1416 2487 1468 communis
2522 1413 2706 1478 fuerit,
2741 1414 2863 1466 inde
2896 1419 3156 1480 sequetur
3180 1426 3302 1466 esse
3334 1414 3461 1463 sub-

1898 1508 2155 1560 stantiam
2195 1507 2430 1559 dit-inani
2467 1515 2520 1559 et
2545 1505 2883 1558 substantias
2925 1505 3210 1566 humanas,
3238 1517 3462 1570 eouipo~

1898 1601 2067 1663 sitas,
2127 1598 2362 1656 inuitas;
2434 1594 2577 1664 quod
2645 1594 2982 1663 impossibile
3043 1605 3147 1646 est.
3214 1591 3366 1659 Quod
3416 1593 3459 1644 si

1899 1689 2203 1743 substantia
2244 1685 2591 1756 particularis
2614 1699 2735 1753 qua:
2775 1684 3005 1737 indicari
3059 1695 3260 1751 potest.
3305 1682 3467 1754 148

1903 1792 2013 1834 tum
2045 1789 2171 1834 sunt
2207 1778 2426 1832 (Ihristo
2458 1777 2786 1832 substantia:
2841 1776 2982 1839 date,
3035 1775 3217 1829 divina
3271 1790 3466 1842 ltempu

1894 1881 1948 1923 et
1977 1873 2236 1932 humana,
2268 1880 2321 1922 at
2351 1870 2706 1924 subsistantia
2744 1884 2871 1929 una,
2905 1877 2958 1922 et
2985 1867 3279 1935 unicuique
3341 1868 3470 1921 sub-

1898 1964 2107 2016 stantia:
2149 1969 2341 2014 natura
2397 1976 2493 2014 sua
2551 1978 2563 2012 :
2615 1972 2774 2028 atque
2824 1961 2906 2013 hae
2954 1959 3074 2012 duae
3128 1959 3467 2016 substantiaa

1900 2063 2104 2106 natura!
2133 2054 2275 2115 dine,
2321 2051 2678 2106 subsistentia
2717 2066 2842 2109 una,
2893 2061 2944 2104 et
3002 2066 3227 2105 necesse
3277 2051 3378 2104 erit
3414 2063 3472 2103 nt

1897 2148 2023 2195 dum
2052 2146 2218 2196 unita:
2248 2143 2447 2194 fuerint
2468 2142 2585 2194 dure
2618 2142 2958 2205 substantias,
2985 2152 3205 2196 mutarat
3227 2141 3424 2195 fuerint
3455 2164 3467 2195 :

1902 2238 2040 2303 qiio-l
2075 2237 2118 2286 si
2161 2250 2188 2286 a
2227 2234 2534 2287 substantia
2572 2249 2668 2285 sua
2708 2244 2925 2287 muta'a:
2958 2235 3175 2299 fuerint,
3216 2234 3330 2288 ﬁeri
3365 2251 3470 2286 non

1905 2336 2083 2392 potest
2118 2325 2248 2393 quiti
2285 2333 2342 2376 ut
2383 2324 2462 2376 vel
2520 2332 2724 2377 mutata
2760 2325 2918 2377 fuerit
2952 2325 3261 2379 substantia
3290 2326 3471 2380 divina

1907 2419 1957 2469 in
2010 2415 2367 2468 substantiam
2419 2415 2732 2479 humanam,
2766 2424 2818 2468 et
2865 2414 3002 2468 facta
3025 2416 3095 2469 sit
3129 2416 3331 2472 homo:
3393 2417 3476 2470 \el

1909 2506 2211 2559 substantia
2251 2508 2482 2558 humana
2525 2507 2578 2558 in
2606 2505 2869 2567 divinam,
2902 2505 3150 2574 factaque
3190 2507 3260 2561 sit
3289 2507 3428 2561 Deus
3457 2526 3470 2564 :

1910 2607 2000 2651 aut
2045 2610 2098 2650 ut
2133 2607 2373 2666 utrmque
2402 2599 2470 2649 ab
2500 2597 2738 2650 essentia
2780 2611 2876 2648 sua
2935 2595 2988 2648 in
3043 2598 3202 2649 aliam
3255 2609 3477 2651 mutam

1907 2690 2017 2742 sint
2046 2687 2368 2750 essentiam,
2405 2695 2463 2738 ut
2507 2691 2576 2738 ita
2617 2705 2675 2739 ev
2734 2688 2798 2738 iis
2856 2687 2992 2740 [εαξη
3059 2689 3128 2742 sit
3175 2690 3476 2746 subsmntia

1909 2779 2032 2843 alia,
2068 2787 2120 2830 et
2147 2788 2338 2830 natura
2373 2779 2495 2830 alia.
2533 2778 2682 2841 Quod
2719 2779 2761 2831 si
2791 2780 2863 2832 ita
2906 2795 2962 2832 se
2991 2778 3242 2832 habuerit
3276 2795 3384 2847 res,
3418 2791 3473 2836 et

1910 2884 2166 2924 conversa
2199 2867 2360 2921 fuerit
2384 2869 2639 2922 divinitas
2672 2873 2722 2921 in
2756 2870 3166 2934 humanitatem,
3200 2881 3312 2925 tum
3375 2887 3476 2928 uc-

1912 2973 2028 3014 tnra
2065 2961 2264 3015 (lhristi
2305 2962 2468 3014 homo
2501 2973 2609 3026 ρει,
2657 2978 2763 3014 non
2815 2959 2998 3024 Deus;
3053 2973 3106 3016 et
3166 2966 3476 3018 necessario

1911 3054 2237 3106 attribuetur
2274 3069 2432 3123 pmiia
2473 3053 2787 3107 substantiae
2816 3054 3134 3119 dvinitatis,
3177 3065 3226 3110 et
3259 3057 3475 3112 invadet

235 3149 476 3210 mittere,
511 3144 824 3214 congregati
874 3141 1127 3195 monachi
1171 3149 1223 3191 ct
1255 3140 1494 3206 cpiScopi
1525 3139 1588 3190 ad
1631 3141 1804 3206 ipsnnt
1835 3171 1877 3228 ε
1914 3145 2084 3213 ipsam
2115 3149 2433 3213 corruptio;
2491 3147 2593 3196 hoc
2623 3153 2801 3198 autem
2836 3145 3252 3213 impossibilium
3283 3149 3476 3203 absur-

233 3241 606 3308 scripserunt,
638 3253 696 3290 se
730 3235 914 3288 Severi
966 3233 1045 3284 vel
1083 3231 1388 3284 heterodoxi
1423 3231 1653 3296 alicujus
1687 3247 1815 3282 sen-

235 3329 934 3395 tentiamhaudquaquam
991 3324 1362 3391 amplexuros,
1418 3323 1631 3374 etiamsi
1687 3335 1812 3373 san-

236 3423 454 3490 guinem
481 3422 719 3487 ipsorum
792 3416 1069 3477 funderet;
1131 3422 1384 3480 rogantes
1411 3433 1421 3461 l
1445 3413 1574 3464 tiam
1604 3413 1804 3480 ipsum,

239 3524 356 3565 uta
393 3513 536 3564 malo
579 3511 712 3578 ipsis
765 3508 1046 3562 inferendo
1098 3505 1406 3560 desisteret.
1460 3504 1591 3557 Cum
1647 3506 1806 3558 t'tiaut

239 3604 510 3655 audiisSct
557 3600 918 3668 Syriimatqbus
974 3596 1278 3664 patriarcha
1346 3593 1620 3646 Romanus
1682 3593 1812 3660 quid

245 3696 464 3746 fecisset
494 3691 815 3745 Anastasius
842 3729 855 3750 ,
886 3689 1103 3755 scriptis
1141 3689 1206 3737 ad
1242 3686 1417 3754 ipsum
1483 3686 1677 3736 iillCI‘lS
1725 3684 1806 3734 fa-

237 3795 388 3841 ctum
409 3784 526 3850 ejus
543 3782 885 3850 vituperavit,
917 3780 1126 3847 ipsique
1145 3777 1431 3828 anathema
1451 3776 1820 3827 dentmtiavit.

311 3877 669 3940 )ltiriuusque
701 3881 784 3926 est.
821 3869 1186 3939 Symmachus
1220 3867 1530 3935 patriarcha
1560 3881 1680 3918 cuin
1716 3881 1813 3916 an-

243 3985 346 4023 nos
370 3965 788 4036 quatuordeeim
830 3961 1088 4015 sedisset.
1122 3956 1249 4009 Post
1280 3971 1441 4024 quem
1478 3964 1816 4007 constitutus

240 4074 323 4115 est
359 4059 560 4112 ibidem
617 4056 929 4125 patriarcha
981 4051 1292 4114 Hormisda,
1327 4049 1418 4116 qui
1467 4047 1667 4100 Sevi-ro
1726 4061 1818 4114 pa-

244 4153 503 4205 triarchze
533 4150 876 4201 Antiocheno
910 4155 962 4197 et
1009 4149 1282 4210 quotquot
1335 4141 1477 4193 idem
1523 4155 1644 4190 cum
1698 4140 1817 4204 ipso

244 4251 556 4297 assererent
589 4238 889 4300 maledixit,
925 4236 1088 4303 idque
1118 4249 1264 4286 anno
1297 4231 1508 4300 imperii
1546 4229 1814 4282 Anastasii

246 4335 615 4388 Itomanorum
653 4329 999 4397 imperatoris
1033 4326 1292 4379 vicesimo
1320 4324 1498 4374 tertio.
1535 4318 1684 4372 Sedit
1715 4335 1812 4370 au—

247 4437 352 4479 tem
390 4420 677 4475 llormisda
709 4419 1015 4486 patriarcha
1056 4416 1332 4467 llomanns
1372 4425 1545 4463 annos
1575 4418 1809 4476 Septem.

1914 3235 2198 3288 dissimum
2231 3244 2332 3287 est.
2361 3236 2455 3288 Sin
2486 3250 2748 3289 conversa
2773 3235 2931 3289 fuerit
2953 3237 3255 3292 substantia
3287 3241 3478 3293 huma-

1917 3328 2104 3378 nitatis
2155 3329 2206 3378 in
2262 3326 2621 3380 substantiam
2691 3327 3007 3389 divinitatis,
3068 3331 3170 3381 erit
3222 3329 3474 3385 Christus

1917 3416 2080 3479 Deus,
2149 3433 2250 3470 non
2307 3418 2492 3479 homo,
2541 3425 2595 3469 et
2653 3420 2900 3486 sequitur
2969 3419 3135 3474 fuisse
3192 3421 3364 3488 ipsum
3410 3423 3476 3475 do

1914 3523 2051 3561 novo
2083 3520 2284 3567 ortum,
2321 3519 2372 3560 rt
2409 3507 2609 3561 factum
2646 3523 2766 3562 esse
2798 3521 3081 3574 internum,
3123 3513 3268 3580 quod
3298 3521 3352 3567 et
3396 3517 3480 3567 in.

1914 3610 1995 3652 ter
2021 3601 2386 3668 impossibilia
2440 3616 2653 3655 summe
2707 3603 3000 3655 absurdum
3057 3612 3161 3657 est.
3225 3603 3378 3670 Quod
3432 3609 3477 3660 si

1919 3701 2160 3760 utrmque.
2201 3692 2360 3744 simul
2393 3706 2420 3742 a
2448 3692 2752 3744 substantia
2789 3709 2888 3745 sua
2919 3703 3139 3748 mutata:
3171 3695 3393 3752 fuerint.
3427 3709 3480 3751 et

1913 3797 1939 3831 τι
1978 3791 2169 3833 natura
2200 3796 2262 3833 ac
2295 3782 2534 3834 essentia
2587 3797 2683 3835 sua
2718 3797 2996 3837 conversa:
3029 3785 3081 3836 in
3117 3786 3477 3840 substantiam

1920 3873 2072 3926 aliam
2115 3886 2178 3923 ac.
2221 3881 2470 3924 naturain
2509 3873 2690 3933 aliam.
2731 3872 2840 3940 jam
2898 3873 3153 3931 Christus
3202 3892 3300 3931 nec
3339 3877 3481 3931 Deus

1917 3965 2043 4025 erit,
2078 3979 2176 4017 nee
2207 3966 2390 4027 homo,
2422 3977 2478 4017 ut
2505 3965 2838 4018 orichalcum
2867 3967 3008 4034 quod
3045 3983 3141 4021 nec
3164 3983 3236 4023 aes
3267 3977 3352 4023 est
3385 3987 3484 4022 nec

1918 4055 2222 4123 plumbum,
2254 4063 2346 4106 aut
2375 4065 2567 4108 natura
2599 4057 2728 4108 muli
2761 4072 2882 4125 qua:
2923 4073 3020 4112 nec
3045 4058 3184 4112 asini
3231 4075 3327 4113 nec
3359 4064 3480 4130 equi

1920 4153 2113 4198 natura
2153 4143 2498 4215 149-151
2551 4154 2653 4199 est.
2715 4146 2869 4212 Quod
2927 4147 2973 4200 si
3020 4157 3224 4203 natura:
3271 4150 3409 4205 bime
3456 4172 3482 4202 :i

1918 4236 2221 4288 substantia
2255 4251 2353 4289 sua
2385 4252 2506 4305 pOSt
2537 4239 2791 4290 unionem
2817 4220 3090 4294 convertite
3123 4255 3231 4295 non
3262 4241 3482 4301 fuerint.

1921 4342 2020 4380 nec
2055 4327 2120 4380 ab
2156 4329 2394 4380 essentia
2429 4343 2526 4381 sua
2564 4338 2802 4392 inutatte,
2831 4329 2923 4382 sed
2950 4339 3176 4399 utraque
3209 4332 3263 4385 in
3289 4341 3482 4393 natura

1923 4435 1986 4472 ac
2017 4421 2318 4474 substantia
2372 4435 2469 4472 sua
2506 4419 2719 4473 stabilis
2776 4430 3091 4488 permaneat
3139 4435 3262 4476 cum
3309 4425 3486 4478 subsi-

245 4516 373 4568 dein
411 4519 660 4564 mortuus
682 4517 785 4562 est.
831 4505 1019 4568 Porro,
1087 4504 1188 4557 luit
1251 4502 1456 4556 Severo
1515 4499 1816 4568 discipulus
1850 4478 1893 4532 D
1926 4515 2118 4568 ειεηιίτι
2160 4527 2288 4575 una.
2322 4528 2442 4580 (ιυκ
2493 4520 2578 4564 ρει
2622 4513 2983 4566 subsistentia
3019 4512 3202 4578 Verbi,
3231 4514 3343 4583 jam
3377 4532 3489 4569 ma-

248 4606 474 4659 nomine.
503 4601 760 4663 Jacohus,
816 4598 902 4650 cui
966 4599 1198 4648 amictus
1248 4601 1364 4646 crat
1413 4607 1444 4646 e
1491 4591 1818 4654 srgminibus

248 4692 543 4748 Albaradei
569 4706 663 4744 seu
690 4687 1024 4742 dorsualium
1077 4678 1425 4754 145-157
1463 4695 1581 4748 quin
1610 4680 1820 4748 jumen-

248 4789 319 4840 Iis
349 4783 576 4838 insterni
606 4781 781 4834 solent
811 4775 1078 4842 consutis,
1114 4777 1256 4828 unde
1283 4785 1582 4840 cognomen
1637 4767 1821 4822 Jacobi

252 4876 677 4934 Albatadicnsis
734 4871 966 4939 accepit,
1029 4870 1184 4938 cujus
1243 4870 1488 4920 doctrina
1542 4871 1659 4917 erat
1702 4876 1825 4915 esse

249 4973 476 5027 Christo
510 4978 765 5021 naturam
818 4979 978 5016 unam
1018 4977 1048 5015 e
1078 4961 1290 5013 duabus
1326 4957 1534 5011 naturis
1582 4956 1823 5025 [compo-

250 5060 464 5132 sitam,|
499 5057 857 5114 substantiam
883 5072 912 5107 e
937 5051 1258 5108 substantiis
1287 5050 1516 5113 duabus,
1548 5059 1601 5102 et
1630 5046 1823 5098 volun-

253 5167 418 5209 tatem
454 5167 640 5216 unam,
667 5147 962 5204 secundum
998 5143 1322 5200 sententiain
1347 5141 1555 5203 Severi,
1582 5137 1823 5191 Dioscori

250 5257 306 5301 et
353 5241 608 5313 Eutychii
672 5237 1105 5290 maledictorum.
1159 5231 1444 5286 Profectus
1497 5231 1583 5284 hic
1637 5243 1825 5282 versus

255 5330 724 5400 Mesopotamiam,
790 5323 1014 5387 Gizam,
1072 5322 1387 5383 Tacritum,
1446 5319 1720 5373 llaranum
1772 5329 1825 5373 et

255 5421 572 5477 Armeniam
603 5419 762 5472 tidem
796 5414 1074 5468 hominum
1109 5415 1374 5480 corrupit,
1405 5425 1670 5480 suamque
1703 5411 1824 5463 illos

255 5516 562 5568 doctrinam
616 5511 868 5579 amplecti
925 5507 1072 5562 fecit.
1124 5506 1254 5559 lude
1320 5505 1409 5571 qui
1465 5502 1650 5557 Jacobi
1705 5504 1823 5554 lidei

255 5610 677 5663 consenserunt,
704 5601 955 5666 idemque
971 5612 1096 5650 cum
1125 5597 1244 5664 ipso
1269 5608 1552 5648 asseruere
1569 5593 1826 5647 Jaeohita:

258 5698 517 5769 appellati
553 5702 702 5756 sunt,
741 5692 810 5744 ab
859 5690 1031 5758 ipsius
1085 5687 1305 5743 homine
1361 5686 1588 5740 Jacobo.
1648 5685 1825 5753 Inquit

257 5793 386 5848 Said
411 5790 528 5847 Elin
553 5786 734 5841 Batrik
767 5785 1049 5839 medicus:
1079 5781 1268 5838 Visum
1304 5793 1382 5840 est
1417 5784 1548 5836 mihi
1581 5784 1679 5836 hoc
1707 5785 1823 5836 loco

577 5886 842 5946 ΡΑτιιοι..
875 5887 990 5946 (in.
1029 5881 1180 5945 CXI.

1929 4603 2179 4658 nifestum
2205 4611 2289 4657 est
2320 4618 2382 4656 ac
2429 4615 2637 4656 certum
2684 4603 2958 4656 Chiistum
3013 4617 3134 4658 esse
3198 4619 3485 4672 persona-ii

1927 4710 2110 4759 unam,
2160 4695 2298 4748 duas
2348 4693 2655 4764 [habentem
2689 4692 2963 4765 naturas].
3005 4694 3140 4748 duas
3160 4694 3486 4758 voluntates.

1925 4785 2171 4851 duasque
2203 4784 2465 4848 actiones,
2498 4797 2621 4837 cum
2659 4785 2864 4837 unitate
2913 4783 3274 4836 subsistentia:
3305 4785 3486 4844 unius,

1928 4872 2177 4926 videlicet
2229 4871 2598 4927 subsistentize
2643 4869 2804 4924 Verbi
2832 4873 2973 4939 quod
3006 4881 3089 4933 est
3122 4871 3288 4926 Filius
3335 4883 3492 4926 :eter.

1932 4979 2052 5027 nus,
2086 4972 2248 5030 atque
2290 4962 2392 5014 hoc
2435 4962 2594 5014 modo
2644 4961 2907 5015 evertitur
2952 4961 3083 5013 lides
3122 4959 3493 5014 Jacobitarum

1929 5052 2267 5127 [dicentium]
2299 5069 2416 5109 esse
2445 5053 2719 5107 Christum
2750 5055 3110 5107 subsmntiam
3141 5069 3299 5106 unam
3322 5065 3375 5108 et
3400 5071 3493 5106 na.

1931 5159 2104 5200 ιιιτξιιιι
2143 5161 2325 5198 uuam.
2808 5158 2813 5163 ’

2005 5236 2218 5292 Dicetur
2248 5237 2409 5290 etiam
2442 5237 2548 5290 illis
2575 5253 2587 5289 :
2619 5237 2789 5292 Dicite
2818 5237 2997 5300 nobis,
3026 5236 3138 5292 haec
3167 5246 3361 5292 natura
3389 5255 3491 5292 nua

1931 5344 2094 5399 quam
2119 5328 2341 5382 Christo
2374 5327 2637 5392 tribuitis,
2664 5336 2822 5383 estne
2839 5342 2902 5381 ea
2925 5328 3104 5381 dirina
3133 5343 3199 5382 an
3223 5329 3496 5382 humana?

1932 5433 2026 5475 aut
2061 5419 2241 5472 divina
2272 5417 2432 5472 simul
2467 5425 2522 5471 et
2550 5417 2822 5470 humana?
2861 5423 2956 5468 aut
3012 5430 3112 5469 nec
3161 5417 3346 5471 divina
3398 5434 3494 5474 nec

1949 5513 2185 5563 humana
2213 5510 2235 5561 ?
2270 5508 2327 5562 Si
2361 5509 2602 5563 dixerint
2634 5522 2731 5560 nec
2763 5506 3002 5561 divinam
3037 5522 3160 5562 esse
3189 5523 3284 5561 nec
3315 5510 3495 5560 huma-

1933 5619 2079 5665 nam,
2113 5603 2222 5670 jain
2261 5603 2326 5655 ad
2360 5599 2734 5655 inﬁdelitatem
2784 5598 2991 5668 delapsi
3041 5598 3317 5652 Christum
3359 5585 3494 5653 ista~

1933 5703 2144 5747 luerunt
2183 5707 2279 5745 nee
2307 5690 2473 5744 Deum
2501 5703 2625 5746 esse
2649 5703 2750 5744 nec
2777 5689 3072 5752 hominem,
3111 5690 3256 5758 quod
3288 5691 3492 5757 impos-

1927 5787 2086 5842 sibile
2118 5795 2202 5838 est
2238 5804 2250 5838 :
2288 5783 2433 5856 quod
2483 5785 2528 5838 si
2559 5781 2796 5839 divinam
2849 5793 2969 5837 esse
3013 5796 3120 5834 non
3182 5782 3502 5839 humanam.

3108 5874 3180 5933 3’.
