4210 6428
234 420 252 480 1
265 418 368 480 060

1618 408 1977 468 ANNALES.

3308 406 3441 466 1070

233 539 473 595 mittens,
508 529 869 583 Theodosium
910 526 1084 596 152'
1123 525 1483 594 patriarcham
1514 524 1780 576 tionstan-
1814 534 1856 586 Α
1890 532 2071 574 serant
2117 520 2393 580 Jacobita‘,
2446 526 2703 585 ceperunt
2755 527 2916 587 atque
2957 530 3308 584 occuparunt.
3340 519 3441 570 Ita-

230 624 511 693 tinopolim
540 620 863 675 accersitum
893 616 1061 685 jussit
1102 615 1470 667 Jacobitarnm
1505 613 1785 665 sententia:

230 714 561 777 renuntiare,
584 718 635 765 et
660 710 725 762 ad
757 709 1034 760 veritatem
1067 704 1274 767 redire;
1302 704 1442 772 quod
1465 717 1586 753 cum
1614 702 1787 754 lacere

230 812 533 865 recusaret,
576 798 843 860 inanimo
876 797 1060 849 habuit
1096 795 1270 863 ipsum
1317 802 1486 845 morte
1534 792 1784 851 multare,

230 908 278 948 at
333 910 454 949 eum
496 893 562 944 ab
594 894 707 959 ipso
744 890 1108 957 impetratum,
1157 900 1288 937 uxor
1331 884 1515 951 ipsius,
1578 881 1788 934 nomine

238 988 537 1048 l‘heodora,
587 984 827 1041 dimisit;
881 980 1123 1046 quiergo
1184 976 1473 1044 (Egyptuttt
1535 988 1785 1025 reversus

230 1086 351 1131 loco
382 1076 614 1146 quodam
653 1068 801 1129 diclo
837 1071 986 1125 Masil
1026 1081 1073 1123 ct
1130 1069 1391 1128 Lamidis,
1422 1083 1450 1119 e
1493 1066 1787 1135 provinciis

231 1171 443 1241 I‘Egypti
484 1166 939 1227 occidentalibus,
1002 1162 1252 1223 delituit;
1296 1160 1576 1219 doctrinm,
1625 1170 1785 1223 quant

230 1266 509 1331 amplexus
534 1260 704 1312 fuerat
734 1256 1098 1310 Jacobitarum
1130 1255 1437 1305 adinerens:
1464 1264 1694 1314 cutuqate
1723 1246 1787 1297 ad

229 1370 403 1422 ipsum
440 1362 904 1419 congregarentur
940 1347 1186 1400 heminas
1218 1347 1449 1411 ejusque
1514 1341 1587 1391 rei
1645 1338 1785 1391 lanna

229 1444 291 1495 ad
326 1445 702 1511 imperatorem
740 1441 1094 1510 pervenisset,
1124 1439 1339 1489 mittens
1371 1435 1458 1486 ille
1495 1435 1665 1501 ipstttn
1697 1449 1788 1483 cx-

230 1538 410 1588 sulare
455 1536 622 1603 jussit
663 1536 913 1602 prtelecto
951 1529 1288 1584 Alexandriae
1349 1527 1655 1596 patriarcha
1702 1525 1785 1575 cui

229 1645 422 1681 nomen
456 1628 676 1687 Paulus,
706 1628 796 1693 qui
828 1624 1083 1677 Melchita
1118 1623 1237 1682 luit,
1279 1635 1511 1686 cumque
1572 1616 1788 1667 biennio

229 1719 461 1771 sedisset
495 1717 768 1768 irruentes
801 1713 851 1765 in
902 1714 1072 1780 ipsum
1112 1710 1369 1763 JaCobita:
1398 1716 1568 1758 morte
1614 1705 1786 1771 ipsum

230 1809 529 1861 aﬂ'ecerunt
564 1824 574 1859 :
615 1808 666 1857 in
699 1806 854 1872 cujus
883 1804 1057 1856 locum
1095 1800 1421 1852 substitutus
1450 1807 1529 1849 est
1563 1795 1789 1863 patriar-

228 1901 352 1958 rba,
389 1899 607 1950 nomine
638 1897 899 1955 Dalmius,
924 1894 1015 1962 qui
1040 1903 1088 1943 et
1122 1890 1370 1943 Melchita
1398 1890 1515 1949 l'uit,
1543 1888 1787 1951 seditque
1822 1877 1859 1931 li

232 2003 404 2041 aunOs
436 1988 694 2055 quinque,
728 1997 949 2052 magnas
1001 1981 1277 2033 molestias
1311 1987 1363 2030 et
1398 1979 1536 2027 mala
1595 1986 1786 2043 passus

229 2100 257 2132 a
290 2080 579 2138 Jacobitis,
616 2077 707 2144 qui
738 2087 792 2128 et
826 2078 1000 2145 ipsum
1026 2090 1055 2127 c
1100 2074 1278 2125 medio
1318 2071 1504 2123 tollere
1563 2065 1783 2118 studue-

227 2182 385 2233 runt;
428 2172 521 2240 qui
544 2185 671 2239 ergo
708 2170 938 2236 fugiens,
964 2182 1084 2218 cum
1118 2165 1357 2233 quinque
1386 2177 1555 2213 annos
1582 2161 1633 2211 in
1661 2159 1782 2224 luga

225 2264 549 2331 perstitisset
570 2268 811 2312 mortuus
826 2258 1116 2311 est.Delato
1133 2272 1259 2320 ergo
1279 2251 1542 2305 nuntioad
1564 2252 1782 2315 impeta-

225 2364 394 2404 torem
417 2346 1100 2411 Justinianum,Jacobitas
1121 2340 1502 2397 Alexandriam
1544 2347 1597 2392 et
1626 2338 1785 2407 Aigy—

225 2455 370 2509 ptum
400 2454 719 2507 occurrasse,
741 2448 795 2491 et
814 2439 1149 2504 patriarchas
1176 2442 1441 2503 quotquot
1466 2431 1592 2496 ipsis
1616 2427 1788 2496 pradi-

224 2543 481 2586 Ccrentur
521 2532 793 2582 trucidare
835 2545 850 2585 :
898 2528 1009 2595 ipse
1038 2527 1111 2578 ira
1144 2525 1379 2594 percitus
1410 2524 1600 2575 ducem
1624 2535 1652 2571 e
1675 2518 1788 2570 suis

224 2623 512 2693 quemdam
535 2621 892 2691 patriarcham
916 2617 1254 2670 Alexandriae
1275 2612 1577 2671 constituit,
1598 2609 1787 2675 adjun-

224 2728 422 2784 ctoque
452 2715 552 2780 ipsi
582 2711 823 2764 exercitu
849 2721 1164 2768 numeroso,
1193 2722 1255 2759 eo
1277 2706 1451 2773 ipsum
1480 2703 1621 2754 misit
1652 2717 1664 2752 :
1693 2716 1787 2750 uo-

224 2825 346 2860 men
373 2806 472 2875 ipsi
514 2802 879 2872 Apollinarius
924 2800 1044 2853 fuit.
1094 2797 1207 2849 Dux
1243 2810 1367 2863 ergo
1413 2796 1512 2846 iste
1555 2793 1786 2844 Alexan-

222 2898 397 2950 driam
430 2895 752 2966 perveniens
771 2907 888 2945 eam
918 2892 1197 2956 ingressus
1232 2896 1333 2944 est,
1361 2885 1544 2936 habitu
1567 2879 1786 2932 militari

234 2984 585 3056 153-155
615 2985 856 3043 indutus,
902 2989 1085 3046 utpote
1105 2978 1228 3029 eiex
1265 2984 1415 3043 parte.
1447 2972 1787 3039 imperatoris

228 3080 546 3149 pra'fectus.
581 3075 659 3126 Ad
697 3073 983 3125 ecclesiam
1022 3078 1200 3121 autern
1239 3068 1325 3117 ubi
1401 3071 1653 3124 venisset,
1691 3076 1787 3113 ex—

227 3177 336 3223 Ulis
372 3170 613 3221 vestibus
670 3167 787 3217 istis
838 3164 1190 3227 habitumque
1242 3155 1653 3226 patriarchalctn
1706 3152 1787 3203 in-

225 3265 422 3323 ducns,
478 3262 743 3311 a(cedeus
786 3271 939 3308 sacra
972 3253 1280 3305 celebravit.
1336 3252 1625 3316 Cmperunt
1659 3257 1787 3311 ergo

222 3353 575 3404 Alexandrini
615 3366 677 3402 ex
727 3348 874 3399 omni
913 3344 1111 3411 angulo
1148 3358 1209 3393 at:
1246 3352 1397 3407 parte
1430 3340 1608 3406 ipsum
1642 3336 1786 3388 saxis

225 3456 281 3495 ct
336 3442 607 3511 lapidibus
660 3448 860 3506 petere,
911 3438 1045 3488 adeo
1100 3445 1156 3484 ut
1191 3435 1299 3483 lare
1332 3433 1397 3482 ab
1425 3431 1553 3497 ipsis
1587 3428 1789 3479 interli-

231 3543 471 3587 ceretur.
525 3529 716 3581 Statim
754 3543 883 3595 ergo
913 3525 980 3577 ab
1020 3526 1151 3592 ipsis
1189 3540 1244 3575 se
1278 3522 1628 3583 subtrahens,
1667 3525 1788 3586 post

231 3627 471 3677 triduum
505 3620 752 3673 obtendit
779 3620 1013 3684 perlatas
1046 3630 1165 3667 esse
1191 3614 1253 3664 ad
1287 3628 1343 3664 se
1372 3613 1436 3661 ab
1464 3612 1787 3678 imperatore

226 3719 438 3766 litteras
489 3728 606 3779 quae
642 3724 821 3762 coram
873 3709 1071 3774 populo
1108 3706 1357 3784 legendae
1389 3712 1591 3755 essent.
1625 3700 1784 3753 (Jam-

226 3816 364 3868 paua
412 3814 542 3867 ergo
577 3800 785 3865 pulsata
832 3795 1089 3862 populum
1139 3794 1345 3844 utouuit
1388 3804 1441 3843 ut
1476 3792 1562 3843 die
1614 3790 1791 3841 Domi-

228 3894 353 3943 nico
414 3891 467 3941 in
525 3889 813 3941 ecclesiam
880 3886 1238 3938 convenirent
1285 3900 1393 3953 quo
1446 3882 1789 3951 imperatoris

224 3983 436 4034 litteras
473 3980 746 4032 audirent.
802 3979 932 4030 Cum
969 3991 1099 4043 ergo
1148 3977 1364 4028 adesset
1398 3975 1515 4026 diis
1551 3974 1790 4025 Domini-

223 4090 345 4133 cns,
392 4089 497 4125 non
544 4074 765 4124 relictus
799 4082 879 4124 cst
907 4072 1176 4138 quispiam
1214 4069 1303 4137 qui
1346 4084 1450 4119 nou
1483 4068 1785 4120 accederet.

234 4164 308 4215 De
345 4165 446 4214 hoc
490 4171 667 4213 autem
724 4163 864 4213 inter
901 4160 1288 4226 Apollinarium
1328 4159 1688 4225 patriarcbam
1738 4166 1789 4208 ct

230 4260 460 4309 countes
506 4269 637 4305 suos
689 4262 1043 4314 convenerat,
1081 4259 1135 4303 ut
1167 4267 1287 4302 cum
1327 4251 1540 4319 signum
1574 4250 1672 4301 sibi
1708 4250 1789 4315 ip-

231 4351 419 4414 sisque
452 4356 633 4398 notum
667 4345 839 4405 daret,
874 4346 1049 4411 gladio
1080 4343 1351 4401 otuuesin
1384 4343 1610 4395 ecclesia
1657 4358 1791 4410 pra:-

224 4447 409 4490 scntes
447 4437 693 4488 ferirent.
731 4435 843 4502 Ipse
877 4450 1005 4501 ergo
1037 4448 1266 4484 ascenso
1330 4442 1608 4500 suagcsto.
1645 4432 1789 4485 lleus

1891 628 1995 677 quc
2040 612 2338 678 coioposita
2380 622 2461 663 est
2506 610 2655 663 urbs.

1962 700 2084 752 Fuit
2130 709 2304 751 autem
2340 700 2438 751 hoc
2470 716 2613 751 anno
2644 699 2855 765 imperii
2884 698 3175 751 Justiniani
3214 698 3443 765 impera-

1892 796 2025 848 toris
2077 793 2290 845 decimo
2336 795 2544 860 quinto.
2592 795 2771 859 Atque
2802 807 2862 841 ex
2910 793 3011 842 isto
3051 802 3287 857 tempore
3346 792 3443 844 fuit

1886 885 2255 939 Jacobitarum
2294 883 2554 937 cathedra
2602 884 2652 935 in
2700 882 3035 936 monasterio
3068 884 3182 935 Abu
3216 884 3436 936 Makarii

1890 978 1953 1028 ad
2003 976 2145 1029 diem
2199 989 2368 1042 usque
2417 972 2757 1026 hodiernum.
2816 974 2933 1027 Jam
2982 988 3009 1024 a
3047 984 3284 1036 tempore
3333 991 3439 1044 quo

1895 1066 2217 1119 interfectus
2270 1077 2350 1119 est
2402 1063 2688 1118 l’rotcrius
2737 1066 3077 1119 Alexandrim
3140 1066 3441 1133 patriarcha

1891 1169 2054 1225 atque
2083 1157 2205 1225 igne
2233 1165 2532 1217 crematus,
2564 1156 2626 1207 ad
2658 1156 2756 1206 hoc
2784 1170 2889 1221 quo
2908 1154 3165 1209 Jacobitte
3190 1156 3257 1208 ab
3286 1155 3447 1223 Apol-

1894 1250 2086 1302 liuario
2139 1249 2311 1301 occisi
2386 1256 2514 1300 sunt
2570 1255 2622 1299 et
2681 1246 2947 1323 sententia
3016 1246 3443 1300 orthodoxornm

1892 1342 2106 1409 publice
2161 1339 2415 1403 obtinuit,
2468 1338 2593 1391 anni
2633 1346 2758 1391 sunt
2812 1336 3033 1401 triginta
3068 1336 3327 1404 quinque,
3360 1339 3443 1388 vel

1890 1433 2188 1485 s‘ccundtttu
2224 1432 2368 1484 aliud
2399 1431 2694 1496 exemplar,
2726 1430 2851 1481 anui
2880 1428 3153 1494 octoginta
3181 1428 3442 1496 quinque.

1891 1525 2193 1577 Iuv-aluerat
2228 1518 2495 1591 siquidem
2527 1523 2579 1574 iu
2613 1522 2938 1573 Alexandria
2971 1530 3187 1587 totaque
3213 1517 3448 1587 Egypto

1889 1614 2265 1666 Jicibitaruni
2338 1612 2658 1674 sententia;
2733 1612 3055 1678 l'uerantque
3125 1610 3447 1678 patriarcha:

1890 1703 2240 1757 Alexandrini
2285 1701 2560 1764 Jacohitaa,
2607 1710 2664 1753 ut
2695 1710 2748 1754 et
2782 1716 2845 1753 ex
2897 1701 3316 1767 imperatoribus
3345 1698 3451 1750 Ro-

1891 1797 2068 1850 manis
2126 1798 2264 1853 inter
2299 1810 2544 1863 cretei-0s,
2586 1792 2694 1852 Leo
2730 1794 2961 1853 Parvus,
3018 1789 3183 1853 Zeno,
3223 1789 3451 1843 Anasta—

1890 1889 2025 1951 sius,
2078 1890 2276 1958 aliique
2306 1905 2442 1957 qttos
2482 1891 2533 1942 iu
2575 1891 3001 1958 przeccdeutihus
3046 1881 3424 1941 recensuillll'i'

1895 1983 2061 2034 l’orro
2120 2000 2264 2035 anno
2321 1982 2535 2049 imperii
2592 1982 2889 2034 Justiniani
2954 1983 3213 2034 vicesimo
3274 1982 3447 2048 prium

1892 2076 2223 2128 Samaritani
2279 2076 2332 2127 in
2389 2074 2675 2128 Palaestina
2733 2074 2935 2141 impetu
2989 2072 3132 2125 {acto
3187 2072 3445 2126 ecclesias

1890 2183 2078 2239 omnes
2142 2166 2449 2231 diruerunt,
2504 2175 2557 2219 ct
2622 2167 2673 2218 in
2726 2180 2819 2219 eas
2886 2167 3059 2232 ignem
3124 2164 3446 2231 injeccruut.

1891 2257 2233 2311 Christianos
2268 2257 2429 2309 etiam
2464 2272 2568 2308 nou
2615 2272 2814 2323 paucos
2862 2257 3273 2317 interfecerunt,
3322 2272 3448 2322 gra-

1894 2349 2156 2415 vibusque
2188 2347 2526 2400 cruciatibus
2553 2346 2868 2407 alit-Cernat,
2896 2357 2945 2399 et
2971 2348 3280 2414 episcopum
3309 2344 3449 2398 Neo-

1894 2441 2186 2504 poiitanum
2207 2438 2563 2491 trucidarunt.
2589 2438 2705 2501 Quo
2727 2438 2909 2489 audito
2929 2435 3267 2489 Justiuiauus
3283 2437 3450 2503 impet-

1893 2542 2037 2581 rat-ir
2071 2531 2238 2581 misso
2265 2526 2505 2582 exercitu
2544 2530 2735 2596 grandi
2792 2543 3039 2597 magnam
3076 2529 3448 2580 Samaritano-

1892 2638 2008 2673 rum
2052 2620 2449 2673 multitudinem
2472 2622 2693 2673 occidit.
2726 2619 3081 2688 157-159
3111 2620 3185 2672 Eo
3206 2631 3448 2688 tempore

1893 2713 2101 2772 rogavit
2149 2710 2342 2764 Petrus
2396 2711 2703 2778 patriarcha
2757 2709 3288 2778 llicrosolvmitanus
3338 2710 3448 2763 Mar

1892 2802 2085 2853 Sabam
2131 2814 2187 2854 ut
2216 2803 2739 2870 Constantinopolim
2784 2802 3081 2872 prolectus,
3119 2805 3184 2855 ab
3216 2804 3445 2871 impera-

1893 2902 2006 2945 tore
2064 2902 2270 2960 peteret
2329 2895 2528 2947 remitti
2587 2896 2653 2947 de
2705 2896 2907 2947 tributo
2951 2896 3094 2963 quod
3153 2897 3449 2963 penderent

1893 2981 2194 3035 Palaestina)
2226 2984 2414 3037 incolae
2460 2984 2688 3051 aliquid,
2739 2992 2985 3051 respectu
3030 2984 3145 3050 ejus
3194 2999 3356 3055 quam
3395 2986 3446 3036 in

1893 3091 1952 3127 ea
1990 3074 2228 3127 fecerant
2261 3074 2585 3128 Samaritani
2616 3076 3027 3129 desolationem.
3058 3075 3338 3129 Profectus
3366 3087 3449 3129 est

1892 3181 2019 3232 ergo
2052 3164 2161 3216 Mar
2192 3166 2332 3218 Saba
2364 3166 2913 3234 Constantinopolim,
2947 3183 3103 3234 quem
3153 3170 3302 3222 laetus
3351 3184 3447 3222 ex-

1890 3258 2032 3323 cepit
2086 3258 2400 3324 imperator,
2456 3272 2687 3325 eumque
2733 3258 2798 3310 ab
2828 3259 2946 3325 ipso
2973 3259 3177 3312 litteras
3218 3261 3446 3328 patriar-

1890 3349 2005 3399 chte
2038 3347 2512 3416 llieroso'ymitaui
2560 3350 2882 3415 accepisset,
2917 3350 3148 3411 rogavit,
3187 3349 3444 3418 quidnam

1891 3438 1992 3505 ipsi
2030 3439 2232 3505 negotii
2275 3449 2440 3492 esset.
2475 3441 2572 3491 (λιιι
2605 3439 2715 3490 Mar
2747 3438 2884 3491 Sala
2918 3454 2932 3490 :
2969 3438 3098 3491 l'cto
3132 3442 3363 3508 (inquit)
3392 3452 3447 3493 ut

1890 3530 1955 3581 de
1991 3531 2190 3583 tributo
2222 3529 2519 3582 Pald‘slilttl!
2568 3531 2828 3601 remittas.
2884 3529 3160 3597 Siquidem
3212 3530 3450 3583 Samari-

1892 3623 2002 3674 tani
2049 3623 2167 3687 ejus
2220 3623 2414 3675 incolis
2449 3621 2751 3674 interfectis
2792 3623 2959 3689 ipsam
3011 3630 3292 3674 vastarunt
3325 3622 3450 3690 :ju-

1893 3713 2123 3779 beatquc
2152 3714 2441 3780 imperator
2466 3712 2669 3764 exstrui
2696 3712 2955 3765 ecclesias
2980 3727 3113 3780 quas
3138 3724 3449 3765 cremaruut

1894 3803 2246 3866 Simaritani,
2302 3817 2404 3855 nec
2452 3817 2556 3855 non
2608 3802 2863 3854 fabricari
2916 3802 3304 3871 Hierosolymis
3354 3820 3449 3872 pro

1892 3896 2201 3967 peregrinis
2230 3895 2636 3951 nosocomium;
2688 3904 2851 3962 utque
2897 3895 3207 3963 perﬁciatur
3240 3895 3450 3950 l-lelenac

1893 3986 2158 4052 templum
2195 3984 2339 4051 quod
2385 3995 2673 4038 exstruere
2705 3994 2947 4054 cmpcrat
2980 3984 3089 4038 Elia
3137 3988 3447 4055 patriarcha

1889 4075 2434 4144 llierosolymitanus.
2485 4077 2540 4128 In
2589 4078 2790 4144 quibus
2822 4080 3076 4133 omnibus
3125 4079 3317 4131 annuit
3349 4082 3448 4148 ipsi

1894 4168 2222 4232 llllpcl‘alttl‘;
2268 4180 2367 4218 nec
2399 4181 2506 4217 non
2542 4167 2592 4217 in
2630 4168 2840 4219 cmtcris
2872 4184 3209 4237 quaecunque
3242 4171 3306 4223 ab
3337 4172 3452 4238 ipso

1891 4266 2095 4324 peteret
2140 4270 2203 4309 ac
2239 4266 2472 4323 regaret.
2527 4256 2778 4325 Misitque
2825 4275 2946 4309 cum
2984 4262 3033 4311 iu
3072 4261 3228 4313 liucm
3282 4266 3449 4327 impc-

1892 4356 2039 4399 rator
2090 4362 2193 4399 una
2235 4363 2358 4399 cum
2404 4349 2521 4415 ipso
2569 4349 2832 4416 legatum,
2878 4350 3060 4404 multis
3116 4350 3446 4405 instructum

1891 4437 2108 4505 opibus,
2162 4437 2491 4506 scripsitque
2548 4440 2611 4490 ad
2656 4428 2959 4493 Paliestinte
3001 4441 3339 4509 prteleetum,
3393 4452 3450 4495 ut

223 4528 476 4594 (inquit)
528 4527 870 4577 Alexandriae
929 4524 1199 4591 inquilini,
1275 4525 1319 4575 si
1377 4516 1471 4575 ad‘
1500 4524 1783 4577 veritatem
1821 4541 1862 4594 ι)
1889 4528 2187 4581 Pahestiure
2218 4530 2479 4580 tributum
2515 4530 2691 4597 legato
2723 4530 2962 4583 traderet
2997 4531 3061 4583 ad
3100 4546 3160 4583 ea
3194 4545 3315 4599 qua:
3347 4533 3446 4595 ipsi

230 4618 605 4676 rerertamini,
657 4626 711 4669 et
759 4632 787 4668 a
836 4617 1108 4668 sententia
1156 4614 1452 4667 Jacohitica
1501 4616 1787 4678 recedatis,

222 4710 386 4780 [bene
437 4708 567 4779 est,]
620 4709 703 4762 sia
749 4710 951 4784 minus,
986 4708 1147 4761 timeo
1193 4708 1368 4767 vobis.
1403 4724 1468 4761 ne
1516 4708 1693 4759 mittat
1724 4707 1791 4760 ad

221 4820 317 4856 vos
388 4803 685 4868 imperator
747 4802 839 4869 qui
898 4803 1216 4869 sanguinem
1283 4811 1522 4853 vestrum
1584 4799 1787 4854 ell'undi

225 4897 525 4963 permittat,
588 4910 788 4946 uxores
848 4895 1100 4960 prostitui
1158 4903 1209 4945 ct
1259 4893 1457 4946 liberos
1512 4894 1789 4960 orphauos

224 4990 365 5041 ﬁeri.
437 4989 533 5039 llis
581 4988 705 5037 dum
746 4987 868 5039 illos
917 4986 1305 5053 alloqueretur,
1361 4984 1458 5052 ipsi
1513 4986 1785 5054 lapidibus

223 5096 348 5130 cum
386 5087 591 5146 petere,
626 5078 761 5130 adeo
798 5086 855 5129 ut
895 5079 1017 5128 vitte
1061 5093 1173 5129 sua:
1214 5078 1428 5130 timeret
1471 5085 1485 5127 ξ
1518 5091 1685 5143 quare
1713 5079 1787 5129 si-

223 5185 391 5239 gnum
431 5168 558 5219 illud
606 5167 773 5220 sociis
811 5169 926 5219 suis
974 5166 1139 5230 dedit,
1172 5168 1263 5233 qui
1312 5166 1491 5231 gladio
1521 5174 1787 5232 quotquot

223 5265 276 5315 iu
336 5262 569 5314 ecclesia
625 5258 841 5313 fuerant
894 5262 1129 5327 aggressi
1189 5268 1360 5311 sunt:
1406 5256 1786 5325 interfectique

223 5365 355 5408 sunt
406 5354 545 5405 intra
579 5361 631 5405 et
673 5362 827 5405 extra
876 5352 1162 5404 ecclesiam
1196 5351 1443 5404 homines
1491 5350 1780 5410 iuuutucri,

222 5450 360 5499 adeo
400 5455 457 5498 ut
493 5448 799 5499 occisorum
826 5445 1047 5511 sanguis
1075 5442 1231 5513 156
1264 5458 1432 5509 usque
1459 5444 1521 5493 ad
1556 5443 1780 5501 militum

222 5556 397 5609 genua
430 5540 775 5607 pertingeret.
806 5536 993 5604 Magna
1028 5552 1155 5588 vero
1185 5538 1459 5587 hominum
1495 5532 1783 5585 multitudo

223 5635 290 5684 ab
342 5633 474 5697 ipsis
525 5628 645 5697 luga
694 5629 925 5697 prolapsi
978 5635 1104 5679 sunt
1153 5627 1204 5678 in
1252 5627 1442 5676 vallem
1500 5623 1671 5676 llabib
1715 5622 1780 5675 ad

223 5724 615 5776 tmuiastcrium
666 5721 777 5772 Abu
820 5718 1065 5772 Makarii.
1105 5717 1306 5770 I'inude
1342 5718 1515 5784 palam
1548 5716 1781 5767 obtinuit

220 5815 605 5872 Melchitarum
641 5813 932 5877 sententia,
970 5811 1179 5880 ipsique
1213 5809 1432 5877 templa,
1466 5824 1584 5878 quae
1622 5808 1775 5860 inva-

1846 4619 1859 4637 ’
1893 4620 1944 4670 in
2004 4619 2273 4672 mandatis
2311 4618 2864 4687 dederat'imperator
2892 4622 3238 4674 exatruenda.
3285 4622 3449 4675 Jussit

1892 4709 2054 4760 etiam
2090 4707 2385 4775 imperator
2411 4709 2643 4775 legatum
2676 4709 2962 4783 ecclesiam
2991 4709 3447 4763 Bethleemiticam

1892 4815 2007 4867 qua:
2056 4813 2218 4867 parva
2272 4800 2372 4851 l'nit
2425 4798 2666 4865 diruere,
2708 4800 2981 4871 aliamque
3032 4801 3288 4867 amplam,
3341 4816 3450 4851 ma-

1894 4907 2049 4962 guatn
2090 4899 2140 4945 et
2180 4891 2460 4961 pulchram
2513 4892 2820 4958 fabricare;
2873 4895 3007 4949 adeo
3061 4901 3116 4949 ut
3172 4909 3272 4949 non
3310 4905 3450 4950 CS‘sL‘i.

1895 4985 2285 5052 Hierosolymis
2319 4983 2577 5051 templum
2620 4984 2736 5052 ipsa
2788 4986 3068 5052 pulchrius
3124 4984 3449 5039 Pcrveuiens

1889 5090 2016 5143 ergo
2057 5076 2266 5143 legatus
2312 5073 2710 5145 Hierosolyma,
2760 5079 3132 5129 uosocouiium
3173 5078 3329 5147 160
3356 5094 3447 5145 pc-

1890 5165 2119 5232 regriuis
2174 5165 2434 5227 condidit,
2489 5176 2543 5218 et
2603 5166 2891 5219 ecclesiam
2936 5166 3149 5219 Helena:
3202 5171 3444 5235 perfecit,

1892 5258 2194 5325 templaque
2245 5274 2364 5326 qu;c
2417 5258 2772 5311 incenderant
2804 5258 3129 5312 Samaritani
3178 5259 3443 5313 instaura-

1887 5352 1984 5412 vit,
2034 5366 2268 5417 necnon
2323 5352 2653 5404 monasteria
2706 5352 3102 5421 quamplurima
3161 5356 3445 5411 exstruxit,

1886 5443 2171 5507 dirutaque
2223 5441 2455 5495 ecclesia
2512 5442 2913 5496 Bethleemitica
2948 5442 3190 5496 eamdem
3227 5457 3291 5496 eo
3343 5460 3447 5511 quo

1881 5534 1990 5602 jam
2041 5548 2097 5586 se
2126 5534 2283 5585 habet
2332 5535 2490 5585 modo
2519 5535 2830 5588 aediﬁcavit.
2881 5535 3123 5604 Cumque
3155 5537 3239 5587 his
3271 5537 3445 5587 omni-

1886 5627 1986 5678 bus
2017 5624 2275 5677 absolutis
2307 5627 2372 5677 ad
2411 5627 2795 5692 imperatorem
2844 5642 3098 5680 reversus
3128 5636 3297 5689 esset,
3332 5629 3445 5690 ille,

1878 5715 2147 5769 'Dcsct'ibe
2202 5716 2332 5767 mihi
2387 5716 2645 5785 (inquit)
2695 5719 2967 5785 quoinntlo
3002 5719 3294 5772 ecclesiam
3353 5720 3447 5771 Br:-

1891 5807 2278 5861 thleeuiittcam
2318 5809 2655 5889 csstruxisti.
2718 5810 2895 5892 Quam
2924 5826 3047 5864 cum
3106 5812 3204 5880 ipsi
3242 5813 3450 5865 descri-
