4210 6428
753 392 878 455 1071

1761 404 2119 462 EUTYL'HH
2165 404 2458 463 ALEXAN
2474 403 2687 463 DRlNl
2730 405 2942 464 PATR.

3834 408 3971 472 tot?

751 509 968 574 psissct,
1030 509 1170 561 haml
1222 510 1504 576 proliavi—
1538 511 1831 579 imperator
1889 512 2310 577 descriptionem
2345 529 2382 579 Α
2417 512 2646 564 illustria
2677 526 2739 565 ac
2764 527 2931 580 aquas
2957 512 3237 565 aediﬁcavit
3267 530 3279 575 ;
3313 522 3365 565 at
3401 514 3659 579 templum
3692 514 3742 567 in
3773 518 3974 570 montis

757 600 939 659 istam,
976 614 1072 652 nec
1103 601 1372 655 ullatentts
1416 601 1513 670 ipsi
1547 602 1782 670 placuit;
1814 619 1980 668 quare
2012 602 2162 654 valde
2196 602 2295 669 ipsi

752 689 917 741 iratus
957 690 1290 756 :Aeceptos,
1352 692 1551 759 inquit,
1604 708 1854 746 nummos
1899 693 1994 744 tibi
2040 691 2139 759 ipsi
2170 707 2300 744 con-

746 780 987 845 gessisti,
1039 781 1325 833 :ediﬁcinm
1356 791 1534 835 autem
1564 784 1879 837 exstruxisti
1913 774 2051 835 male
2078 798 2300 847 compa-

745 877 914 927 ctum,
957 877 1009 919 et
1040 869 1327 921 ecclesiam
1367 871 1712 923 tenebrosam
1766 869 2074 930 confecisti,
2127 870 2301 922 nulla-

744 967 904 1010 tenus
952 973 1017 1011 ex
1065 968 1245 1012 mente
1296 974 1413 1013 mea
1470 959 1810 1024 fabricatam,
1860 975 1960 1013 nec
2007 961 2297 1014 consilium

747 1064 924 1102 meum
976 1059 1196 1102 secutus
1238 1065 1317 1103 es.
1367 1051 1665 1120 Capiteque
1696 1054 1873 1120 ipsum
1927 1053 2083 1121 plecti
2114 1053 2297 1119 jussit.

746 1140 960 1191 Struxit
997 1138 1158 1191 etiam
1194 1138 1539 1196 .lustinianus
1592 1145 1882 1211 imperator
1915 1144 2304 1196 Constantino-

746 1228 851 1295 poli
921 1229 1176 1297 templum
1220 1229 1433 1283 Sanctae
1481 1230 1719 1300 Sophim,
1768 1231 1971 1286 fabrica
2010 1233 2302 1284 admodum

743 1319 998 1383 eleganti.

814 1409 982 1463 Porro
1034 1420 1285 1466 mortuus
1308 1420 1390 1466 est
1416 1411 1531 1465 Mar
1555 1409 1695 1465 Saba
1732 1426 1903 1465 annos
1937 1422 2097 1465 natus
2128 1430 2303 1466 nona-

744 1503 892 1567 ginta
947 1512 1199 1570 quatuor.
1269 1503 1402 1557 Cum
1465 1512 1643 1557 autem
1695 1504 1995 1558 audiissent
2052 1507 2302 1559 monachi

745 1594 943 1645 montis
980 1591 1122 1647 Sinze
1157 1594 1224 1648 de
1265 1594 1405 1648 bona
1439 1594 2090 1663 imperatorisJustiniani
2128 1599 2306 1649 inten-

745 1685 911 1745 tione,
955 1699 1226 1753 quamque
1248 1686 1543 1738 condendis
1573 1685 1821 1739 coelesiis
1864 1695 1916 1738 et
1962 1688 2306 1739 monasteriis

745 1779 1023 1829 struendis
1052 1778 1437 1840 delectaretur,
1469 1777 1537 1829 ad
1565 1776 1739 1845 ipsum
1766 1776 2018 1845 profecti,
2060 1794 2304 1847 conque—

2400 605 2604 658 vertice
2636 618 2800 672 supra
2832 607 3009 659 locum
3041 605 3094 656 in
3126 618 3236 671 quo
3264 602 3443 659 Moses
3505 605 3676 672 legem
3717 610 3925 675 acoepit
3956 627 3968 660 :

2398 710 2598 747 nomen
2627 694 2883 763 praefecto
2919 695 3234 749 monasterii
3264 705 3381 747 erat
3432 696 3621 751 Doula.
3696 696 3973 756 lteversus

2399 795 2578 839 autem
2609 786 2670 837 ad
2695 784 3061 839 Justinianum
3116 787 3493 854 imperatorem
3525 788 3732 855 legatus
3784 806 3973 844 narra-

2400 875 2475 926 vit
2519 875 2621 941 ipsi
2654 891 2915 942 quasnam
2961 876 3221 949 ecclesias
3244 885 3301 930 'et
3341 891 3460 943 quae
3507 880 3835 933 monasteria
3868 897 3967 933 ex-

2399 975 2675 1018 strurerat
2707 983 2720 1030 ;
2764 967 3053 1033 descripsit
3101 970 3265 1020 etiam
3309 968 3407 1035 ipsi
3441 984 3550 1036 quo
3588 973 3747 1024 modo
3778 987 3966 1025 mona-

2400 1056 2623 1109 sterinm
2658 1061 2858 1110 montis
2892 1056 3036 1110 Sina:
3063 1056 3444 1112 adiﬁcaverat.
3478 1058 3579 1113 Cui
3635 1060 3967 1127 inperator:

2403 1147 2636 1210 Errasti,
2695 1146 2889 1215 inquit,
2921 1159 2974 1200 et
3006 1152 3289 1202 monachis
3323 1150 3579 1215 injuriam
3612 1151 3809 1212 fecisti.
3832 1171 3971 1221 quos

2403 1241 2456 1293 in
2494 1241 2843 1293 inimicorum
2879 1256 3071 1295 manus
3107 1242 3401 1295 tradidisti.
3432 1241 3611 1306 Quare
3646 1257 3825 1298 autem
3861 1259 3969 1296 non

2404 1328 2458 1380 in
2499 1332 2701 1384 montis
2739 1332 2952 1383 vertice
2989 1336 3377 1385 monasterium
3438 1334 3799 1387 exstruit-isti?
3837 1333 3978 1388 Res-

2403 1417 2592 1487 pondit
2622 1420 2828 1487 legatus
2874 1440 2885 1473 :
2934 1420 3109 1488 Ipsum
3136 1421 3285 1488 juxta
3312 1422 3506 1474 rubum
3531 1433 3582 1475 et
3614 1437 3779 1489 pt0pe
3805 1438 3977 1492 aquas

2406 1511 2556 1580 posui
2583 1526 2596 1575 ;
2628 1512 2771 1579 quod
2800 1512 2843 1564 si
2878 1514 2927 1563 itt
2961 1515 3162 1566 montis
3199 1512 3411 1579 fastigio
3438 1523 3775 1566 exstructum
3847 1517 3979 1568 fuis-

2404 1612 2508 1665 set,
2534 1602 2840 1655 caruissent
2892 1603 3144 1654 monachi
3182 1618 3341 1672 aqua,
3376 1606 3509 1657 adeo
3559 1616 3619 1658 ttt
3650 1607 3694 1657 si
3724 1609 3977 1659 obseSsis

2405 1694 2694 1761 aliquando
2723 1693 2856 1762 ipsis
2884 1693 3177 1747 interclusa
3233 1705 3381 1747 esset
3413 1712 3575 1763 aqua.
3610 1676 3718 1765 pne
3746 1698 3838 1750 siti
3862 1712 3978 1746 tuo-

2408 1792 2659 1834 l't'l'Cllllll’
2690 1800 2703 1845 ;
2741 1784 2954 1851 longius
2988 1782 3333 1852 165-167
3362 1784 3582 1851 insuper
3612 1786 3679 1836 ab
3716 1787 3846 1852 ipsis
3882 1788 3981 1838 ab-

760 1871 829 1921 sti
862 1877 986 1922 sunt
1040 1867 1560 1922 Arabcslsmaelitas
1614 1870 1745 1938 ipsis
1776 1871 2032 1923 damnum
2085 1870 2306 1935 inferre,
2342 1860 2379 1912 Β
2410 1872 2603 1926 [ιιδςρι
2674 1876 2862 1927 rubus.
2902 1875 3045 1927 Dixit
3102 1878 3433 1943 imperator:
3493 1873 3813 1943 Equandus
3852 1892 3981 1941 ergo

750 1974 942 2027 penum
970 1960 1209 2026 ipsorum
1265 1961 1575 2014 deierando
1606 1962 1829 2030 locaque
1857 1962 2145 2027 diruendo,
2202 1964 2308 2015 cel-

747 2054 930 2119 lasque
967 2053 1331 2121 ingredientes
1360 2051 1628 2119 quidquid
1658 2052 1729 2125 ibi
1778 2060 1921 2104 esset
1964 2052 2227 2115 diripere,
2256 2062 2310 2105 ct

748 2147 799 2196 in
837 2144 1096 2197 ecclesias
1131 2143 1403 2195 irruentes
1440 2142 1839 2194 Eucharistiam
1868 2142 2158 2209 deglutire.
2190 2143 2299 2195 llo-

744 2242 903 2300 gante
929 2247 1056 2301 ergo
1089 2232 1433 2298 imperatore,
1486 2231 1613 2300 quid
1648 2232 1863 2293 vellent,
1903 2232 2254 2301 161-133
2292 2248 2305 2282 :

746 2324 1039 2394 Rogamus,
1094 2324 1372 2392 inquiunt,
1422 2339 1455 2378 ο
1486 2338 1601 2388 rex,
1638 2331 1693 2375 ut
1728 2324 1884 2375 nobis
1918 2327 2308 2376 monasterium

742 2428 996 2471 exstruas
1027 2418 1079 2469 in
1111 2432 1219 2485 quo
1245 2417 1571 2468 munianntr.
1619 2414 1825 2484 (Neque
1858 2416 2001 2468 enim
2064 2424 2187 2467 ante
2245 2416 2311 2467 il-

749 2509 838 2561 lud
870 2518 1080 2577 tempus
1129 2510 1297 2561 ullum
1355 2507 1457 2561 fttit
1518 2509 1569 2559 in
1606 2515 1785 2561 monte
1844 2507 1972 2560 Sina
2003 2508 2310 2562 ctenobium

748 2600 801 2652 itt
852 2616 958 2667 quo
1015 2599 1370 2652 convenirent
1432 2597 1707 2656 monachi,
1772 2599 1865 2649 sed
1916 2597 1969 2647 in
2041 2595 2313 2647 montilms

749 2704 810 2741 ac
840 2690 1065 2742 vallibus
1109 2689 1252 2741 circa
1293 2688 1487 2741 rubum
1523 2704 1690 2754 equo
1728 2687 1869 2739 Deus
1900 2685 2085 2740 Mosen
2110 2689 2314 2739 allocu-

748 2791 835 2834 tus
856 2788 960 2840 est.
1000 2780 1231 2847 sparsim
1262 2778 1552 2848 deserunt.
1580 2776 1703 2829 Fuit
1736 2785 1947 2829 tantum
1985 2778 2117 2844 ipsis
2147 2792 2310 2844 supra

747 2874 943 2926 rubum
986 2873 1151 2925 turris
1186 2886 1398 2940 magna,
1424 2885 1544 2939 quae
1577 2880 1630 2923 et
1662 2870 1818 2923 hodie
1850 2882 2122 2938 superest,
2154 2881 2315 2936 atque

748 2966 800 3017 iu
834 2979 894 3019 ea
937 2964 1200 3033 templum
1234 2963 1446 3017 Sanctae
1480 2962 1683 3026 Marim,
1720 2961 1785 3012 ad
1826 2976 1987 3029 quam
2037 2961 2311 3023 monachi,

749 3058 1042 3111 act-edente
1071 3057 1322 3125 quopiam
1357 3071 1386 3108 a
1414 3070 1524 3123 quo
1586 3055 1859 3113 timerent,
1913 3051 2311 3122 Confugientrs.

753 3151 808 3202 in
838 3149 1026 3202 cadem
1089 3147 1303 3200 munire
1350 3161 1409 3199 se
1453 3146 1715 3200 solebant.
1754 3144 1897 3198 Misit
1929 3159 2056 3212 ergo
2082 3145 2313 3211 impera-

753 3253 836 3294 tor
868 3256 975 3292 una
1015 3253 1139 3293 cum
1188 3238 1321 3306 ipsis
1366 3237 1603 3303 legatum
1655 3236 1848 3302 opibus
1872 3236 2057 3287 multis
2105 3237 2313 3287 instru-

749 3340 918 3391 ctum,
944 3328 1162 3395 scriptis
1190 3327 1353 3379 etiam
1384 3327 1450 3378 ad
1483 3324 1702 3394 Egypti
1736 3324 2047 3393 prtefectum
2085 3325 2306 3387 litteris,

750 3431 807 3472 nt
855 3422 1025 3474 eidem
1059 3430 1324 3488 quantum
1357 3416 1519 3470 vellet
1553 3432 1902 3469 nummorum
1960 3417 2218 3480 traderet,
2252 3433 2314 3469 ac

750 3514 896 3565 viros
953 3512 1114 3564 etiam
1194 3508 1587 3577 suppeditaret,
1645 3507 1856 3575 ipsique
1913 3522 2184 3560 annonam
2250 3523 2313 3558 ex

751 3603 984 3670 .‘Egyplo
1014 3600 1358 3654 deferendam
1390 3606 1654 3663 curaret;
1712 3598 1887 3666 legato
1944 3598 1997 3649 in
2045 3596 2313 3650 mandatis

749 3695 876 3744 dato
914 3703 971 3744 ut
1002 3691 1290 3744 ecclesiam
1352 3689 1404 3742 in
1437 3687 1655 3743 Kalzem
1723 3697 2049 3747 exstrueret.
2107 3703 2315 3743 necnon

750 3782 1135 3833 monasterium
1171 3780 1348 3848 Rayre,
1394 3788 1559 3847 utque
1594 3778 1646 3830 in
1692 3787 1876 3831 monte
1942 3777 2073 3831 Sina
2133 3792 2318 3830 monac

751 3875 975 3925 SiCl'illlIl
1012 3869 1330 3930 aediﬁcaret,
1396 3869 1647 3937 idemque
1692 3870 2045 3937 pcrtnuniret,
2096 3870 2230 3922 adeo
2261 3876 2319 3920 ut

753 3980 859 4015 non
886 3962 1010 4014 al.bi
1046 3962 1096 4012 in
1142 3969 1253 4013 toto
1282 3958 1484 4012 mundo
1517 3960 1691 4028 magis
1723 3959 1994 4012 munitum
2050 3959 2321 4026 reperire-

752 4066 836 4104 tnr
863 4053 1105 4117 adeoque
1146 4049 1414 4101 ﬁrmatmn
1456 4048 1634 4111 daret,
1666 4058 1855 4101 utnon
1907 4048 2101 4103 alicubi
2171 4050 2321 4099 Ι‹›‹·ιις›

753 4144 949 4212 aliquis
1002 4148 1145 4193 esset
1200 4142 1342 4193 unde
1397 4139 1476 4192 vel
1533 4141 1866 4192 monasterio
1896 4140 1976 4191 vel
2036 4137 2320 4191 monachis

752 4236 1011 4287 damnum
1048 4231 1385 4284 inferendum
1426 4238 1778 4283 metueretur.
1840 4232 1973 4283 Cum
2032 4245 2161 4296 ergo
2194 4228 2323 4281 Kal-

755 4342 964 4378 zemum
1000 4323 1333 4392 pervenisset
1363 4322 1570 4391 legatus
1606 4322 1705 4376 iste
1745 4322 1987 4376 condidit
2018 4322 2086 4374 ibi
2148 4323 2321 4375 eccle-

754 4417 887 4468 siam
911 4417 968 4467 5.
994 4414 1274 4467 Athanasii
1301 4414 1719 4481 ;exstruxitque
1740 4414 2131 4466 monasterimn
2162 4412 2323 4482 [lavas

2429 1964 2525 2016 tibi
2559 1978 2681 2014 cum
2725 1972 2866 2015 terra
2911 1961 3007 2014 fuit
3046 1978 3200 2017 mons
3241 1966 3342 2018 iste
3374 1964 3467 2033 qui
3529 1980 3557 2015 a
3609 1965 3983 2032 septentrione

2414 2055 2743 2105 monasterio
2769 2053 3034 2107 imminet.
3079 2051 3178 2104 Cui
3220 2052 3425 2120 legatus
3471 2070 3482 2103 :
3522 2052 3577 2106 Si
3636 2065 3777 2106 totas
3826 2065 3983 2105 terra:

2414 2142 2806 2207 ltotnauortun,
2857 2142 3095 2213 Egypti,
3130 2154 3183 2196 et
3233 2143 3400 2212 Syria!
3460 2160 3591 2212 opes
3621 2144 3983 2210 impendisse-

2415 2249 2553 2293 mus,
2613 2232 2752 2284 haud
2816 2248 3100 2300 possemus
3145 2244 3385 2286 montem
3440 2233 3604 2286 istum
3671 2234 3982 2287 abstinere.

2414 2324 2586 2377 Iratus
2620 2339 2749 2392 ergo
2784 2325 3080 2392 imperator
3108 2334 3269 2393 caput
3304 2326 3405 2392 ipsi
3469 2325 3741 2393 amputari
3791 2324 3983 2391 ju5sit.

2416 2416 2611 2469 Deinde
2641 2418 2801 2469 alittnt
2838 2415 2984 2469 misit
3038 2415 3296 2484 legatum,
3332 2432 3552 2483 unaque
3607 2431 3729 2467 cum
3781 2416 3924 2482 ijso,
3954 2431 3985 2466 ο

2414 2509 2596 2561 vernis
2626 2508 2993 2562 Romanorum
3030 2523 3136 2560 uua
3195 2522 3319 2560 cum
3362 2507 3547 2560 liberis
3597 2516 3652 2559 et
3719 2508 3986 2558 uxoribus

2414 2601 2654 2667 ipsorum
2705 2611 2919 2651 centum
2952 2600 3117 2659 viros,
3148 2598 3347 2666 jubens
3382 2599 3538 2649 etiam
3570 2610 3625 2649 ttt
3655 2615 3717 2651 ex
3743 2596 3988 2666 {Egyle

2412 2689 2549 2741 alios
2578 2698 2797 2741 centum
2838 2702 2941 2739 una
2994 2703 3116 2739 eum
3150 2689 3392 2754 ipsorum
3457 2689 3719 2740 uxoribus
3757 2699 3810 2740 et
3850 2689 3985 2739 lihe~

2413 2782 2489 2833 ris
2518 2782 2807 2847 acciperet,
2830 2778 3028 2846 quibus
3069 2790 3224 2830 extra
3259 2788 3501 2829 montem
3539 2778 3729 2830 Sinam
3794 2780 3988 2832 domos

2413 2878 2719 2924 exstrueret
2756 2871 2808 2922 itt
2842 2869 3043 2937 quibus
3071 2869 3144 2921 ibi
3194 2871 3475 2937 degerent,
3535 2883 3644 2936 quo
3703 2877 3985 2921 nionastc-

2420 2964 2561 3014 rium
2597 2973 2649 3014 et
2704 2964 3007 3014 monachos
3060 2962 3392 3015 custodirent
3430 2978 3442 3025 ;
3479 2971 3532 3014 et
3591 2965 3789 3013 vietum
3856 2960 3989 3028 ipsis

2416 3052 2866 3120 Suppeditaudum
2896 3061 3138 3113 curaret,
3172 3052 3414 3119 ipsisque
3437 3061 3489 3103 et
3523 3053 3857 3103 monasterio
3922 3066 3987 3100 ex

2419 3142 2652 3212 Aigypto
2687 3157 2917 3194 annonae
2955 3152 3218 3209 quantum
3254 3139 3549 3201 sufﬁceret.
3606 3139 3989 3194 deferendum.

2373 3224 2385 3246 ³
2416 3233 2549 3285 Cum
2591 3246 2720 3300 ergo
2753 3231 2819 3285 ad
2849 3242 3086 3284 montem
3148 3230 3333 3283 Sinam
3392 3232 3726 3299 pervenisset
3783 3231 3990 3299 legatus

2414 3335 2567 3377 extra
2605 3323 2998 3375 monasterium
3028 3319 3305 3374 Orientem
3328 3337 3522 3374 versus
3563 3323 3732 3374 multa
3766 3332 3989 3374 exstin-

2416 3415 2494 3467 xit
2532 3413 2832 3475 domicilia,
2870 3411 3165 3480 eademque
3200 3426 3329 3465 arce
3357 3412 3739 3469 communivit,
3783 3413 3838 3464 itt
3866 3414 3990 3478 qni-

2418 3507 2518 3559 bus
2543 3520 2729 3560 servos
2756 3505 2893 3557 istos
2921 3504 3205 3557 collocavit
3238 3520 3347 3571 quo
3378 3506 3769 3557 monasterium
3804 3519 3904 3556 cus
3935 3519 3989 3551 o-

2415 3598 2614 3658 direttt,
2647 3597 2900 3663 itletnjtte
2934 3608 3217 3648 tuerentur
3244 3610 3259 3659 ;
3289 3596 3379 3662 qui
3403 3596 3555 3647 locus
3575 3596 3639 3646 ad
3676 3595 3781 3647 hoc
3816 3611 3989 3658 uSqm:

2418 3697 2635 3757 tempus
2672 3689 2761 3739 υἱι-
2788 3691 2837 3739 ol
2868 3686 3028 3746 Abi;l,
3096 3702 3214 3747 seu,
3255 3686 3647 3737 tuonasterium
3702 3700 3994 3737 servorum

2419 3776 2744 3843 appellatur.
2799 3774 2933 3825 Cum
2970 3789 3096 3826 vero
3128 3774 3329 3841 genitis
3381 3773 3567 3826 liberis
3616 3775 3992 3841 multiplicati.

2419 3863 2507 3914 diu
2548 3863 2619 3914 ibi
2651 3862 3050 3924 substitissent,
3084 3877 3144 3915 ac
3201 3862 3795 3917 Moltannurdanisnnts
3852 3866 3991 3916 OiJll-

2419 3963 2570 4007 neret
2596 3954 2759 4022 (quod
2797 3954 2899 4007 sub
2953 3952 3162 4006 Cltalifa
3198 3954 3352 4006 Abdil
3389 3952 3559 4006 Maleo
3611 3956 3724 4007 Ebn
3757 3954 3991 4007 .‘deiwat

2420 4047 2639 4115 accidit)
2673 4047 2761 4098 alii
2798 4048 2850 4098 in
2892 4048 3031 4101 alios
3068 4047 3338 4099 irruentes
3372 4047 3576 4099 mutuis
3613 4063 3671 4100 se
3738 4049 3991 4101 cwdxhos

2420 4139 2787 4199 sustulerunt,
2821 4139 2980 4190 cmsis
3003 4139 3145 4200 aliis,
3174 4138 3298 4190 aliis
3326 4138 3685 4205 fugientibus,
3716 4139 3842 4192 aliis
3880 4139 3988 4191 Μεε.

2426 4228 2953 4282 hammedanismum
2982 4229 3267 4297 att-plexis,
3289 4244 3519 4297 quorum
3558 4230 3714 4283 liberi
3741 4230 3807 4282 ad
3836 4232 3990 4300 163

2424 4322 2571 4373 hunc
2623 4334 2796 4387 usque
2827 4320 2967 4372 diem
3002 4320 3052 4371 in
3084 4322 3452 4380 monasteriis.
3495 4321 3643 4373 illan)
3679 4323 3989 4389 religionem

2425 4410 2737 4478 proﬁtentes
2770 4410 2920 4462 Banu
2969 4409 3170 4474 Salehi,
3200 4412 3562 4479 appellantur,
3594 4423 3647 4466 et
3689 4415 3844 4480 pueri
3874 4412 3987 4484 [set-

755 4518 866 4556 tum
900 4505 963 4557 ad
1002 4512 1237 4557 montem
1281 4503 1468 4556 Sinam
1528 4502 1805 4571 profectus
1837 4503 1907 4554 ibi
1946 4509 2141 4554 rubum
2170 4504 2317 4555 inve-
2354 4521 2397 4574 ῃ
2425 4502 2565 4553 servi
2598 4498 2617 4570 ]
2678 4500 2994 4553 monasterii
3035 4501 3265 4553 audiunt
3299 4517 3312 4563 ;
3341 4514 3577 4566 suntque
3603 4518 3668 4555 ex
3718 4504 3857 4571 ipsis
3890 4501 3989 4555 La-

756 4597 835 4648 nit
894 4596 946 4648 in
988 4594 1108 4647 loco
1136 4596 1279 4646 inter
1305 4594 1439 4648 duos
1463 4604 1677 4647 montes
1708 4601 1962 4663 angusto,
2000 4593 2315 4662 ibidemque

758 4687 954 4738 turrim
979 4702 1144 4755 prope
1164 4688 1356 4738 rubum
1379 4693 1732 4749 exstructam,
1756 4701 1965 4739 necnon
1988 4685 2147 4756 164
2166 4702 2317 4759 aqua;

756 4779 933 4829 fomes
965 4790 1129 4843 prope
1158 4776 1406 4828 eumdem
1467 4774 1852 4837 scaturientes,
1908 4782 1962 4826 at
2022 4777 2319 4827 monachos

758 4884 849 4936 per
885 4868 1051 4920 valles
1083 4867 1380 4933 dispersos.
1437 4865 1492 4917 In
1518 4867 1702 4918 animo
1736 4881 1865 4933 ergo
1899 4865 2085 4917 balnnt
2126 4880 2320 4919 mona-

755 4958 981 5012 sterium
1008 4971 1171 5024 supra
1207 4964 1444 5009 montem
1514 4966 1796 5009 exstruere
1856 4957 2043 5008 relicto
2091 4959 2209 5009 rubi
2267 4967 2321 5008 et

759 5048 925 5101 turris
960 5047 1098 5100 loco.
1119 5046 1272 5111 Quod
1304 5055 1481 5099 tamen
1523 5061 1708 5098 rursus
1736 5061 1890 5114 aquae
1912 5045 2080 5115 gratia
2119 5047 2320 5113 impro-

759 5138 925 5199 liavit,
954 5135 1073 5188 ideo
1105 5136 1248 5203 quod
1283 5136 1426 5187 nulla
1468 5147 1614 5188 esset
1645 5152 1806 5203 supra
1852 5149 2087 5189 montem
2157 5150 2319 5204 aqua.

762 5231 1036 5285 l-Lxstrtixit
1091 5244 1219 5298 ergo
1281 5230 1669 5281 monasterium
1729 5230 1883 5296 juxta
1951 5229 2143 5280 rubum
2198 5229 2321 5282 loco

759 5322 947 5387 turris,
981 5324 1111 5374 turri
1150 5324 1202 5373 iu
1230 5320 1561 5373 monasterio
1595 5320 1826 5373 inclusa.
1866 5316 2097 5385 Fuitquc
2128 5333 2319 5372 mona-

759 5415 980 5467 sterium
1011 5413 1147 5465 inter
1176 5412 1314 5465 duos
1367 5420 1578 5463 montes
1631 5411 1753 5463 loco
1789 5419 2041 5477 angusto,
2072 5409 2205 5465 adeo
2264 5418 2320 5460 ut

760 5507 801 5554 si
834 5495 975 5571 'quis
1007 5504 1207 5557 montis
1239 5501 1513 5583 gstigium
1562 5500 1991 5570 septentrionale
2043 5514 2318 5557 conscen-

762 5606 891 5649 dens
920 5594 1394 5665 lapidemjaccrct,
1430 5593 1483 5645 in
1544 5592 1783 5646 medium
1818 5591 2083 5645 decidens
2132 5605 2321 5655 monv-

761 5690 986 5740 stcrium
1013 5685 1288 5740 monachis
1320 5692 1556 5737 noceret.
1594 5681 1655 5735 Et
1692 5684 2082 5739 monasterium
2104 5683 2318 5749 quidem

763 5791 815 5827 tu
854 5774 972 5827 loco
1014 5776 1116 5826 isto
1148 5783 1375 5843 augusto
1404 5770 1555 5839 juxta
1608 5773 1799 5823 rul‘um
1860 5781 1912 5825 ct
1970 5783 2319 5825 monumenta

2422 4592 2758 4643 clnnieuses.
2811 4588 3104 4643 Dirucruut
3168 4599 3351 4642 autem
3411 4590 3665 4643 monachi
3719 4592 3991 4644 domicilia

2399 4683 2697 4733 servorum
2727 4690 3015 4751 postquam
3075 4679 3466 4734 Moltammedis
3502 4681 3825 4749 religionem
3885 4698 3993 4733 am-

2421 4774 2561 4842 plexi
2590 4783 2717 4826 sunt
2744 4790 2809 4824 ne
2836 4776 2961 4842 quis
2989 4788 3052 4827 ea
3091 4774 3375 4838 incoleret,
3399 4788 3520 4841 qua:
3549 4788 3685 4841 ergo
3714 4785 3772 4825 et
3831 4774 3995 4825 hodie

2420 4863 2658 4917 desolata
2697 4875 2934 4918 manent.

2493 4955 2662 5009 Porro
2688 4972 2831 5012 anno
2882 4958 3091 5024 imperii
3140 4956 3437 5011 Justiniani
3481 4959 3723 5011 secundo
3791 4960 3999 5011 Consti-

2422 5056 2569 5100 tutus
2608 5058 2695 5101 est
2737 5046 3048 5101 Bonifacius
3105 5050 3416 5116 patriarcha
3446 5046 3780 5114 Romanus;
3843 5066 3996 5102 cum-

2421 5155 2525 5207 que
2556 5139 2695 5193 duos
2725 5153 2899 5193 annos
2932 5139 3161 5193 sedisset
3189 5150 3435 5197 mortuus
3464 5153 3567 5195 est.
3616 5143 3777 5195 Anno
3818 5142 3999 5209 impe-

2426 5231 2487 5282 rii
2519 5231 2758 5298 ejusdem
2798 5240 2993 5298 quarto
3028 5232 3363 5285 constitutus
3396 5242 3480 5285 cst
3520 5232 3721 5285 ibidem
3749 5233 3995 5300 patriar-

2423 5323 2525 5374 cha
2566 5319 2826 5383 Joannes,
2858 5324 2949 5390 qui
2980 5330 3033 5375 et
3067 5321 3203 5374 duos
3248 5336 3422 5376 annos
3451 5324 3614 5386 sedit,
3643 5324 3773 5376 dein
3844 5339 3989 5374 mor-

2424 5423 2550 5466 tuus
2580 5423 2685 5465 εει.
2744 5414 2903 5465 Anno
2931 5412 3171 5481 ejusdem
3203 5423 3379 5473 sexto,
3425 5415 3601 5467 factus
3644 5423 3725 5466 est
3791 5414 3997 5467 ibidem

2427 5506 2727 5573 patriarcha
2756 5505 3048 5573 Agapctus,
3084 5506 3174 5573 qui
3212 5521 3335 5556 cum
3370 5522 3534 5557 unum
3563 5521 3767 5558 annum
3808 5507 3995 5559 sedis-

2424 5607 2506 5650 set
2564 5605 2813 5651 mortuus
2842 5606 2944 5650 est.
2983 5599 3140 5651 Anno
3172 5597 3289 5666 ejus
3313 5600 3413 5649 h-m
3448 5598 3683 5666 septimo
3708 5599 3986 5649 constitu-

2425 5669 2513 5737 fffs
2559 5696 2637 5739 est
2666 5687 2734 5739 ibi
2794 5687 3103 5755 patriarcha
3140 5687 3457 5756 Sylvcrius;
3521 5705 3725 5755 annos“
3754 5686 3995 5755 quitnpn-

2426 5778 2582 5843 sedit,
2616 5778 2739 5832 dein
2768 5789 3013 5831 mortuus
3045 5792 3145 5833 cst.
3184 5784 3337 5833 Anno
3365 5780 3605 5843 ejusdem
3647 5780 3861 5833 decimo
3894 5792 3994 5833 ter-
