4210 6428
255 440 388 501 1073

1666 440 2053 503 ANNALES.

3360 441 3489 504 i074

250 554 327 603 tio
380 552 713 605 constitutus
737 562 819 606 est
850 552 1050 606 ibidcut
1085 549 1393 619 patriarcha
1426 549 1654 619 Vigilius
1683 567 1695 611 ;
1731 550 1822 618 qtti
1852 549 1904 608 Α
1930 548 2002 601 lio
2025 547 2323 619 Eutychius
2361 549 2665 618 patriarcha
2690 547 3353 616 Constantiuopolitauus.
3394 548 3513 601 Non

248 644 552 696 octodecim
589 659 763 699 annos
816 645 979 707 sedit,
1021 643 1145 697 dein
1205 652 1456 697 mortuus
1511 651 1625 706 est;
1668 642 1825 709 ittjus

248 734 582 801 pra-lectum
646 752 787 791 anno
854 736 1068 791 decimo
1120 735 1311 802 quinto
1384 734 1484 786 fuit
1537 734 1827 786 concilium

246 826 524 893 quintum.
586 830 741 880 Anno
772 827 981 895 imperii
1015 825 1257 894 ejusdem
1312 823 1625 885 (JuSIiuiani
1679 825 1829 877 seili-

247 920 379 979 cet.)
413 918 647 982 decimo,
676 921 1010 973 constitutus
1047 926 1129 972 est
1160 917 1492 985 Epiphanius
1524 916 1743 985 patr-ian
1765 917 1831 968 ha

245 1010 905 1077 Constantinopolitanus,
944 1011 1035 1081 qui
1059 1009 1306 1064 Jacobita
1340 1008 1478 1060 fuit:
1516 1008 1656 1060 sedit
1712 1026 1813 1059 an-

248 1116 350 1155 nos
383 1118 497 1161 sex.
530 1102 654 1156 dein
689 1112 938 1155 mortuus
985 1109 1089 1156 est.
1143 1098 1375 1166 Scripsit
1430 1108 1610 1152 autem
1661 1096 1834 1151 Justi-

247 1193 445 1247 nianns
492 1196 791 1263 imperator
857 1193 1148 1262 epistolam
1203 1206 1453 1260 magnam
1530 1206 1649 1258 qua:
1706 1191 1829 1257 jura

248 1286 423 1339 multa
456 1296 509 1339 et
544 1288 689 1355 leges
732 1286 1062 1339 contineret.
1107 1285 1265 1338 Auno
1322 1282 1531 1351 imperii
1589 1284 1830 1352 ejusdem

245 1376 464 1430 decimo
525 1377 759 1445 septimo
812 1376 990 1431 factus
1038 1384 1123 1429 est
1165 1373 1467 1442 Eutychius
1528 1376 1832 1441 patriarcha

244 1470 891 1538 Constantiuepolitaoiu
926 1485 941 1532 ;
973 1469 1061 1534 qui
1102 1475 1389 1533 postquam
1428 1466 1712 1521 duodecim
1738 1482 1836 1519 an-

250 1577 352 1616 nos
410 1560 642 1614 sedisset
703 1560 757 1614 in
796 1559 1145 1630 169-171
1182 1557 1434 1612 exsilium
1474 1558 1673 1610 missus
1728 1566 1830 1612 est.

247 1655 409 1707 Anno
474 1655 812 1721 praelectum
862 1654 980 1718 ejus
1040 1653 1326 1707 undecimo
1381 1652 1484 1704 fuit
1531 1650 1827 1705 concilium

249 1744 531 1809 quintum.
570 1743 727 1796 Anno
761 1743 972 1809 imperii
1036 1741 1330 1796 Justiuiaui
1364 1743 1577 1795 decimo
1637 1751 1831 1807 quarto

248 1838 583 1889 constitutus
629 1844 713 1888 est
766 1833 1039 1888 Macarius
1078 1835 1387 1904 patriarcha
1440 1833 1827 1903 Hierosolqu-

1943 641 2115 695 adl‘uit
2164 644 2380 709 quidem
2423 643 2735 713 patriarcha
2802 640 3354 711 llierosolymitamis,
3422 647 3516 694 sed

1943 734 2232 802 deputatas
2270 752 2397 790 suos
2427 737 2595 791 misit.
2631 737 2708 790 Ita
2746 751 2844 789 nec
2899 734 3148 789 interluit
3212 732 3520 801 patriarcha

1943 826 2242 889 Romanus,
2274 843 2368 879 uec
2400 826 2500 879 fuit
2532 828 2634 895 ipsi
2662 828 2958 896 deputatus
2991 844 3006 891 ;
3040 841 3164 880 cum
3232 825 3367 893 ipsis
3437 836 3516 877 ta-

1943 930 2063 969 men
2115 917 2416 976 consensit,
2490 933 2788 987 eorumque
2844 918 3170 972 sententiam
3223 915 3503 984 amplexus

1940 1018 2044 1060 est.
2094 1007 2438 1078 173-175
2470 1008 2699 1074 Fuitqne
2732 1024 2997 1064 numerus
3023 1008 3406 1077 episcoporum
3428 1024 3497 1076 (με

1943 1098 1995 1150 itt
2033 1097 2134 1150 hoc
2191 1099 2423 1151 concilio
2454 1100 2648 1166 quinto
2682 1107 3058 1153 convenerunt
3108 1106 3328 1154 centum
3364 1113 3493 1152 sexa

1942 1188 2089 1257 ginta
2126 1199 2383 1257 quatuor,
2412 1206 2518 1258 quo
2559 1190 2611 1243 in
2634 1192 2923 1259 episcopus
2960 1191 3095 1247 istos
3123 1203 3177 1246 et
3206 1208 3399 1246 omnes
3425 1192 3518 1259 qui

1951 1279 2092 1333 idem
2151 1296 2273 1333 cum
2321 1283 2452 1346 ipsis
2486 1296 2806 1338 assererent
2868 1283 3153 1338 anathema
3212 1285 3516 1339 dixerunt:

1938 1371 2173 1433 (scilicet
2234 1372 2284 1425 io
2344 1372 2631 1441 Origcnein
2693 1377 3037 1444 episcopum,
3080 1374 3517 1448 Manhagensew,

1943 1462 2273 1517 Thaddaemn
2299 1465 2618 1535 episcopum
2670 1465 3096 1528 Massisiensem,
3124 1467 3269 1522 Ibam
3306 1471 3515 1538 episcu.

1944 1570 2068 1623 punt
2106 1554 2410 1610 lioheusem
2445 1556 2910 1612 etTheodoritum
2958 1560 3277 1629 episc0pnm
3339 1561 3514 1631 Ancy-

1940 1648 2177 1700 ritanum
2210 1665 2223 1700 :
2264 1655 2571 1703 astruentes
2616 1664 2814 1717 corpus
2854 1651 3054 1706 Clu-isti
3092 1651 3307 1705 Domini
3335 1654 3512 1707 nostri

1944 1753 2129 1790 verum
2168 1739 2360 1802 fuisse,
2393 1756 2500 1795 nou
2540 1743 2946 1810 phantasﬁcum
2986 1760 2999 1807 ;
3048 1759 3276 1811 esseque
3345 1745 3521 1813 ipsmu

1945 1828 2109 1882 Deum
2159 1832 2483 1898 perlectum,
2516 1843 2568 1886 et
2615 1833 2884 1886 hominem
2944 1832 3518 1903 perfectum,'naturis

248 1938 418 1981 tantis
449 1944 463 1990 ;
496 1929 588 1995 qui
625 1928 762 1980 duos
797 1942 971 1980 annos
1037 1927 1199 1985 sedit.
1231 1927 1355 1979 dein
1416 1938 1665 1979 mo:tnns
1734 1936 1837 1977 est.
1873 1906 1913 1960 Β
1944 1921 2181 1984 duabus,
2250 1922 2627 1976 voluntatibus
2680 1923 2913 1984 duabus,
2970 1924 3202 1977 duorunt
3261 1938 3520 1991 generum

252 2022 414 2073 Anno
454 2020 667 2082 imperii
717 2018 964 2085 ejusdem
1003 2018 1214 2071 decimo
1257 2020 1491 2088 Septimo
1533 2018 1713 2070 laetus
1744 2026 1829 2071 est.

253 2112 558 2182 Entychins
598 2110 905 2179 patriarcha
952 2112 1504 2181 llierosolymitanus,
1565 2111 1654 2177 qui
1690 2110 1833 2163 dno~

250 2204 431 2257 decim
468 2216 642 2255 annos
671 2201 833 2261 sedit,
861 2201 985 2253 dein
1022 2210 1270 2253 mortuus
1319 2211 1402 2255 est
1438 2218 1453 2252 τ
1494 2201 1652 2268 cujus
1700 2215 1840 2266 prae-

253 2295 479 2349 fecturae
507 2308 651 2346 anno
687 2293 978 2347 undecimo
1027 2294 1131 2345 fuit
1202 2293 1494 2347 concilium
1559 2295 1836 2358 quintum.

252 2386 413 2441 Anno
445 2386 658 2452 imperii
718 2384 967 2452 ejusdem
1024 2385 1237 2437 decimo
1286 2385 1478 2454 quinto
1531 2385 1709 2437 l'aitus
1760 2392 1842 2436 est

256 2478 502 2531 Domnus
560 2478 864 2544 patriarcha
901 2478 1313 2541 Antiochenus,
1352 2479 1443 2544 qui
1504 2477 1838 2542 quatunrdc-

253 2569 363 2622 ritu
396 2585 571 2624 annos
636 2571 799 2632 sedit,
853 2570 975 2622 dein
1016 2578 1267 2622 mortuus
1300 2578 1400 2621 est.

253 2672 424 2715 ctura:
452 2677 597 2716 anno
638 2664 851 2716 dociqu
893 2663 1053 2714 tt-I‘lio
1087 2661 1185 2715 luit
1226 2662 1520 2714 concilium
1562 2660 1836 2727 quintum.

1470 2568 1598 2636 thts
1660 2567 1844 2635 pratic-

256 2756 429 2811 Porro
462 2767 705 2826 tempore
751 2758 1042 2812 Iustiniani
1077 2760 1422 2827 imperatoris
1465 2761 1717 2826 apparuit
1786 2759 1837 2807 in

255 2852 399 2904 caelo
423 2852 577 2904 stella
608 2864 801 2921 magna
829 2868 949 2919 qua:
980 2852 1393 2915 quatuor-decim
1428 2852 1547 2902 dies
1584 2851 1797 2902 duravit
1826 2864 1836 2900 :

255 2959 320 2996 ac
352 2951 539 3012 postea
573 2945 822 3011 apparuit
858 2944 910 2995 in
948 2945 1085 2997 CtBiO
1141 2947 1292 2997 hacta
1330 2946 1485 3011 ignea
1542 2959 1660 3009 qua:
1720 2942 1838 2995 di~'s

257 3034 465 3101 aliquot
524 3035 746 3088 mansit.
800 3033 923 3087 Fuit.
992 3037 1154 3088 etiam
1219 3046 1461 3103 tempore
1543 3035 1836 3088 1Ιιιειιιιτιιιιὶ

256 3125 518 3191 Origenes
548 3130 837 3194 episcopus
879 3126 1258 3195 Manbageusis
1287 3128 1375 3196 qui
1407 3128 1844 3198 tnctrtupsyrltu-

1942 2014 2272 2077 actionibus,
2307 2025 2360 2067 at
2395 2031 2625 2083 persona
2667 2030 2771 2068 una
2807 2016 3071 2084 agnitum.
3108 2016 3522 2069 Conlirmarunt

1943 2108 2109 2160 etiam
2163 2109 2486 2161 sententiam
2537 2118 2772 2177 quatuor
2815 2108 3175 2162 conciliorum
3206 2108 3523 2178 praeceden.

1942 2197 2099 2257 tium,
2153 2213 2384 2266 esseque
2433 2200 2692 2251 munlum
2727 2200 2871 2252 hunc
2921 2201 3209 2263 caducum,
3256 2211 3310 2255 et
3338 2218 3522 2255 resur-

1942 2290 2238 2343 rectionem
2283 2291 2592 2343 necessario
2652 2290 2913 2353 futuram,
2967 2302 3369 2362 venturumque
3424 2293 3525 2345 Dn-

1944 2382 2153 2435 tninnm
2190 2391 2434 2435 nostrum
2484 2383 2764 2436 Christum
2824 2400 2948 2437 cum
2983 2384 3152 2451 gloria
3192 2402 3407 2455 magna,
3471 2393 3525 2438 et.

1942 2475 2312 2539 juilicaiurum
2335 2474 2488 2526 vivos
2518 2482 2570 2527 et
2599 2486 2845 2527 mortuos
2877 2476 3336 2542 quemadmodum
3375 2478 3521 2530 alTir-

1948 2575 2163 2618 marunt
2194 2565 2423 2617 trecenti
2458 2564 2760 2618 octodecim
2818 2565 3082 2633 [PatresL
3111 2568 3241 2621 Dein
3272 2570 3522 2624 honorati

1949 2664 2161 2715 rediero
2174 2680 2201 2715 ιι
2215 2673 2224 2712 l
2238 2701 2249 2714 .

2012 2754 2127 2807 Jain
2165 2770 2192 2806 a
2227 2756 2463 2809 concilio
2503 2764 2698 2823 quarto
2731 2764 3115 2809 sescentorum
3156 2756 3373 2823 triginta
3420 2770 3517 2808 eo-

1948 2865 2066 2898 rum
2105 2848 2195 2912 qui
2240 2848 2575 2901 (‘ltalccdoni
2609 2856 3004 2908 convenerunt,
3042 2863 3103 2899 ac.
3144 2849 3431 2900 anathema
3473 2848 3524 2901 iu

1943 2937 2222 2993 Jacebitas
2271 2940 2686 3000 denuntiarunt,
2733 2939 2796 2990 ad
2846 2938 3139 2993 concilium
3188 2938 3332 2992 istud
3369 2939 3525 3008 quin»

1946 3042 2058 3085 tum
2111 3041 2329 3085 centum
2378 3031 2654 3099 sexaginta
2704 3041 2941 3100 quatuor
2979 3031 3383 3099 episcoporum.
3433 3032 3523 3095 qui

1944 3123 2421 3191 Constantinopoli
2449 3132 2844 3185 convmtet'uttl,
2877 3122 3001 3175 anni
3044 3133 3174 3176 sunt
3206 3132 3424 3176 centum
3464 3137 3517 3176 et

257 3217 346 3270 sin
370 3219 627 3280 asseruit,
653 3220 1109 3273 resurrectionem
1136 3236 1357 3290 negans.
1397 3219 1639 3272 Fuerunt
1666 3222 1834 3273 etiam
1872 3251 1912 3308 Ο
1949 3223 2097 3275 tres;
2142 3215 2350 3282 fuitque
2391 3213 2499 3267 hoc
2528 3229 2671 3267 anno
2707 3216 2915 3282 imperii
2952 3214 3249 3268 Justiniani
3290 3217 3523 3283 impera-

259 3305 384 3361 lLas
418 3308 709 3374 episcopus
738 3307 1031 3374 Roheusis,
1061 3310 1668 3379 Thaddamsepiseopus
1708 3311 1843 3364 Mas-

258 3399 511 3464 sisensis,
570 3409 624 3453 et
678 3399 1045 3456 Theudoritus
1119 3405 1413 3471 episeopns
1490 3404 1841 3472 Ant‘yrensis,

259 3491 356 3558 qui
418 3501 775 3545 asserucrunt
829 3508 1032 3562 corpus
1088 3495 1299 3546 ltoinini
1375 3496 1545 3545 nostri
1609 3492 1838 3556 Christi,

260 3584 670 3648 phantasticum
724 3585 913 3646 fuisse.
950 3586 1081 3638 nihil
1130 3588 1181 3637 in
1214 3602 1271 3639 se
1302 3586 1413 3637 veri
1454 3585 1685 3639 habens:
1714 3601 1845 3653 quo-

260 3691 383 3727 rum
456 3678 730 3731 sententia
796 3679 1003 3735 audita,
1064 3678 1281 3730 trittens
1358 3678 1651 3745 impera'or
1697 3678 1843 3746 ipsos

260 3764 799 3832 Consulttinopolim
830 3767 1137 3830 accersivit,
1181 3767 1315 3835 ipsis
1345 3782 1409 3819 ac
1447 3766 1709 3835 Entychio
1749 3785 1843 3835 pa-

262 3855 500 3907 triarrha
518 3854 1117 3923 Constantinopolitano
1133 3857 1421 3910 convenire
1440 3856 1623 3923 iussis.
1641 3856 1780 3921 Qnib
1802 3874 1844 3910 ιε

266 3947 426 4016 172
455 3946 782 4015 patriarcha,
815 3947 868 4001 Si
924 3945 1088 4001 fuerit
1127 3947 1346 4015 (inquit)
1396 3962 1596 4015 corpus
1638 3947 1841 4001 Christi

265 4040 576 4108 phantasia,
604 4041 698 4105 (nti
732 4042 1035 4094 autumatis
1075 4041 1215 4107 vos.)
1253 4049 1415 4093 erunt
1453 4043 1616 4093 etiam
1654 4043 1829 4094 actin-

267 4146 367 4184 ncs
396 4140 451 4184 et
476 4146 656 4185 sermo
688 4131 862 4198 ipsius
906 4131 1214 4199 phantasia,
1260 4145 1322 4184 ac
1355 4132 1583 4199 proinde
1613 4134 1843 4199 quodvis

267 4235 470 4290 corpus
486 4222 627 4289 quod
648 4221 809 4274 alicui
841 4221 1122 4276 hominum
1147 4221 1458 4286 tribuimus,
1496 4230 1587 4274 aut
1614 4221 1840 4286 farttnu,

268 4320 362 4364 aut
396 4312 627 4375 dictum,
658 4312 854 4366 eodem
893 4310 1055 4366 modo
1089 4326 1148 4366 se
1187 4312 1429 4366 habebit.
1504 4311 1646 4365 Dixit
1682 4314 1786 4365 ctia
1815 4332 1843 4365 ιι

269 4404 528 4471 episcopo
567 4401 963 4472 Manbagensi:
1026 4402 1276 4456 Surrexit
1347 4401 1610 4455 Dom‘nus
1662 4413 1845 4457 noster

269 4492 526 4547 Christus
582 4510 610 4545 a
659 4495 913 4556 mortuis,
968 4494 1266 4561 colemque
1317 4494 1479 4545 modo
1512 4495 1721 4545 scimus
1752 4495 1839 4546 die

1951 3307 2083 3359 toris
2121 3306 2495 3360 Romanorum
2528 3307 2790 3360 vicesimo
2834 3307 3089 3375 septimo.
3122 3306 3277 3372 Quod
3321 3306 3520 3360 ad‘Ko-

1949 3399 2140 3452 badetu
2199 3398 2422 3452 l’hit'ttzi
2492 3399 2660 3451 lilium
2726 3398 3014 3453 Persarum
3074 3416 3293 3469 regem,
3347 3400 3520 3468 ipsum

1949 3492 2182 3542 aversati
2223 3491 2469 3543 homines
2497 3506 2526 3542 c
2559 3490 2735 3543 medio
2765 3491 2952 3544 tollere
2987 3492 3333 3553 studuerunt,
3370 3491 3528 3560 176

1948 3580 2053 3634 nisi
2090 3582 2234 3649 quod
2268 3597 2296 3633 a
2340 3582 2546 3633 vicario
2577 3581 2748 3648 ipsius
2779 3580 3060 3635 Soachero
3100 3582 3375 3635 timerent.
3408 3580 3524 3634 Non

1946 3672 2273 3724 destiterunt
2305 3687 2434 3739 ergo
2468 3672 2643 3739 ipsurn
2673 3685 2864 3724 contra
2898 3671 3164 3725 vicarium
3207 3686 3363 3724 suum
3397 3671 3528 3725 502-

1947 3764 2176 3815 cherum
2233 3764 2358 3817 dolo
2420 3764 2649 3818 incitare
2704 3765 2877 3818 donec
2924 3764 3104 3834 ipsum
3160 3763 3529 3829 interﬁceret;

1947 3870 2105 3921 quem
2137 3855 2224 3907 nhi
2258 3855 2645 3921 interfecisset,
2671 3872 2958 3926 aggressus
2990 3857 3165 3925 ipsum
3191 3857 3409 3926 quidam
3436 3871 3532 3910 no-

1950 3943 2094 3996 mine
2139 3943 2357 3998 Maz'lck
2389 3962 2512 3998 enin
2553 3948 2721 4001 sociis
2768 3949 2909 4009 suis,
2956 3946 3094 4000 dixit
3128 3947 3227 4015 ipsi
3273 3945 3532 4001 :Cousti-

1949 4035 2051 4087 tttit
2108 4035 2247 4089 lleus
2296 4036 2629 4108 [hominum]
2674 4038 2922 4095 dimensa
2964 4038 3017 4092 itt
3060 4048 3204 4093 terra
3258 4049 3318 4094 nt
3364 4048 3419 4093 tu
3469 4055 3531 4093 ca

1946 4126 2228 4193 a-qnaliter
2283 4127 2419 4195 ipsis
2480 4129 2817 4192 d:stribnas,
2873 4145 2941 4184 ne
2999 4130 3069 4183 sit
3121 4131 3357 4200 cuipiam
3411 4132 3532 4199 plus

1947 4233 2110 4285 quam
2172 4218 2377 4284 alteri;
2439 4236 2628 4274 verum
2693 4222 2943 4275 licinines
3013 4221 3212 4291 injuria
3275 4224 3415 4277 inter
3474 4239 3534 4277 se

1950 4318 2139 4379 agunt,
2194 4325 2522 4380 unoquoque
2569 4328 2626 4364 se
2678 4314 2832 4366 fratri
2884 4328 2984 4367 suo
3017 4314 3391 4382 pr-el'ercnlc:
3435 4332 3532 4371 nos

1950 4413 2081 4466 ergo
2108 4400 2210 4454 hac
2254 4402 2320 4455 de
2367 4417 2424 4455 re
2459 4402 2836 4469 dispicientes,
2872 4406 3205 4474 pauperibus
3243 4405 3470 4479 [debita]
3503 4426 3533 4461 a

1951 4491 2213 4545 divitibus
2267 4495 2630 4562 accipiemus,
2666 4506 2718 4549 ct
2769 4497 2837 4550 ab
2889 4497 2953 4551 iis
3005 4499 3203 4566 quibus
3239 4500 3361 4568 plus
3400 4502 3532 4554 satis

270 4582 457 4648 iudcii
494 4581 740 4637 homines
797 4592 1233 4636 resurrecturus.
1273 4582 1421 4636 Dixit
1476 4585 1621 4658 enim
1682 4585 1843 4637 nobis
1873 4593 2032 4651 Dcst
2076 4581 2396 4657 [detracta]
2447 4587 2816 4656 in-Jigentilms
2869 4590 3199 4657 reddemus;
3252 4603 3306 4646 et
3356 4593 3403 4646 si
3442 4594 3529 4647 cui

270 4679 323 4730 in
387 4675 678 4743 Evangelio
752 4690 853 4730 suo
898 4686 1135 4729 saneto:
1201 4675 1390 4729 Veniet
1450 4677 1579 4729 liora
1625 4678 1845 4744 quaqu

270 4784 463 4822 oumes
492 4768 587 4836 qui
620 4776 747 4821 sunt
791 4769 843 4820 in
893 4768 1158 4834 Sepulcris
1216 4767 1499 4823 audientes
1532 4786 1720 4823 vocem
1757 4769 1847 4822 Fi-

270 4861 335 4913 lii‘
371 4857 464 4911 Dei
504 4858 698 4912 victuri
732 4859 860 4911 sint.
885 4855 1172 4923 Quomodo
1212 4874 1340 4924 ergo
1373 4859 1559 4913 dicitis
1591 4876 1695 4911 nou
1760 4861 1846 4912 l'u-

272 4965 450 5005 turam
504 4948 1005 5004 resurrectionem?
1054 4948 1235 5014 Quare
1267 4951 1414 5014 ipsos
1467 4954 1845 5004 excommuni-

270 5043 415 5098 eavit
461 5051 513 5095 et
544 5042 895 5096 anathemate
930 5042 1169 5099 devovit.
1211 5042 1388 5097 Jussit
1417 5044 1578 5097 etiam
1617 5045 1852 5113 impera-

266 5151 351 5189 tut'
420 5135 585 5188 indici
635 5136 768 5199 ipsis
820 5135 1142 5195 concilium,
1212 5135 1264 5188 iit
1333 5151 1444 5204 quo
1499 5137 1852 5192 anathemate

267 5226 588 5281 l’i-rirentnr.
652 5223 885 5296 Scriptis
941 5241 1073 5297 ergo
1099 5226 1164 5279 ad
1218 5235 1456 5295 quatuor
1512 5228 1853 5295 patriarchas

270 5314 473 5370 litteris
512 5329 606 5370 eos
638 5315 931 5370 convenire
959 5316 1157 5383 jussit;
1214 5316 1467 5369 videlicet
1514 5317 1579 5369 ad
1650 5319 1854 5385 Apolli-

275 5408 489 5460 narium
523 5406 886 5477 patriarcham
936 5408 1391 5469 Alexandrinum,
1434 5407 1698 5461 Uozunum
1755 5427 1849 5476 pa-

276 5500 576 5553 triarcham
608 5499 1040 5558 Antiochenam,
1083 5496 1413 5568 Entycltitun
1477 5502 1846 5566 patriarcham

278 5590 856 5659 llierosolytnitanutn,
905 5598 958 5642 et
1024 5590 1277 5658 Vigilium
1324 5590 1692 5659 patriarcham
1745 5592 1852 5647 lio-

278 5700 499 5737 manum
530 5699 544 5747 ;
573 5691 629 5735 ut
674 5681 1211 5751 Constantinopolim
1244 5682 1592 5744 accedi-rent,
1628 5684 1717 5751 qui
1763 5685 1841 5738 is.

280 5784 458 5828 torum
513 5774 899 5843 episcoporum
955 5773 1504 5827 anathematizationl
1572 5776 1848 5831 adessent.

280 5868 379 5931 Qui
430 5884 561 5936 ergo
614 5874 984 5922 accc~scruut.
1023 5864 1273 5920 Interfuit
1300 5868 1463 5921 etiam
1495 5867 1618 5922 huic
1656 5869 1849 5923 conci-

1956 4676 2077 4743 plus
2106 4692 2270 4745 quam
2321 4694 2415 4747 par
2450 4690 2534 4733 est
2581 4681 2745 4734 fuerit
2780 4698 2965 4751 Opuut,
3006 4685 3314 4749 tnnliernttt,
3349 4701 3534 4740 servo-

1955 4783 2100 4830 rum,
2156 4780 2209 4822 ct
2259 4771 2639 4837 supellectilis,
2699 4774 2827 4827 illud
2897 4776 2997 4841 ipsi
3044 4776 3362 4843 cripiemus,
3423 4794 3532 4846 quo

1958 4858 2133 4927 ipsum
2182 4870 2235 4914 et
2286 4863 2421 4915 alios
2474 4862 2616 4916 inter
2648 4879 2706 4919 sc
2741 4880 2900 4933 pares
2946 4866 3233 4931 faciamus,
3266 4884 3367 4922 nec
3408 4870 3531 4936 quis

1959 4967 2068 5019 prae
2114 4953 2237 5007 aliis
2283 4956 2348 5005 ad
2402 4969 2515 5007 rem
2562 4956 2800 5024 aliquam
2834 4958 2925 5025 jus
2974 4957 3191 5012 haheat.
3239 4958 3533 5029 Coeperunt

1958 5046 2124 5115 igitur
2163 5046 2441 5099 Imminqu
2481 5047 2694 5113 domos,
2724 5050 2976 5104 tnulieres
3007 5060 3059 5103 et
3091 5066 3219 5118 opes
3252 5051 3529 5107 invadere.

1957 5136 2203 5204 Cumque
2257 5138 2638 5204 invaluissent,
2668 5122 2922 5193 Kobadcn
2964 5139 3183 5195 Pltiruzi
3222 5141 3388 5195 lilium
3413 5145 3531 5197 loco

1959 5227 2193 5295 quodam
2234 5228 2575 5283 includentcs
2612 5232 2699 5282 tibi
2748 5214 2948 5284 nemini
3002 5232 3178 5301 ipsum
3227 5234 3376 5288 adire
3408 5251 3532 5302 pcr-

1961 5318 2211 5378 missutn,
2241 5320 2527 5387 quemdam
2573 5322 2791 5375 nomine
2820 5321 3099 5390 Ramasph
3148 5324 3322 5392 ipsius
3367 5341 3536 5381 avun-

1960 5409 2141 5460 culum
2186 5409 2237 5461 in
2288 5412 2462 5463 locum
2516 5410 2634 5475 ejus
2670 5411 3023 5466 sull'eccrunt.
3074 5410 3193 5478 Quo
3238 5426 3535 5483 conspecto

1962 5501 2107 5567 ipsos
2152 5502 2375 5555 adortus
2425 5502 2756 5557 Bazarmahr
2806 5519 2925 5557 cum
2977 5506 3184 5573 aliquot
3239 5507 3527 5561 Persarum

1962 5593 2261 5655 nobilibus,
2308 5595 2489 5647 utultis
2529 5610 2558 5647 e
2591 5595 2830 5649 Maz-lcki
2866 5597 3157 5651 comitibus
3210 5598 3531 5663 interfectis,

1962 5684 2211 5738 liobadi-n
2250 5684 2469 5738 Phiruzi
2526 5686 2694 5738 lilium
2734 5688 2853 5740 loco
2910 5703 3190 5757 regnaque
3238 5703 3340 5742 suo
3373 5692 3534 5743 resti-

1963 5778 2086 5830 tuit.
2122 5777 2296 5845 cjcclo
2327 5778 2649 5845 lianeasplto.
2687 5779 2747 5829 At
2786 5792 2888 5831 non
2942 5780 3266 5834 destiterunt
3314 5783 3405 5849 qni
3443 5801 3535 5836 su-

1966 5880 2213 5936 pvtrrant
2258 5884 2284 5922 c
2327 5868 2689 5923 .‘iazdckiattis
2738 5869 2989 5923 Knhaden
3035 5872 3306 5936 prlliCctc,
3352 5872 3529 5925 donec
