4210 6428
769 429 907 493 1075

1788 436 2153 502 ΕΗἸὙΟΗΙΙ
2190 440 2719 505 ΑιΕΧΑΝῡΗιΝι
2758 445 2973 509 ΡΛΤΒ.

3865 443 4001 512 1076

762 539 938 599 Bazar
981 540 1225 598 Maurum
1259 556 1432 600 morte
1474 547 1778 607 multasset.
1818 550 1963 610 Inde.
1991 566 2325 613 commotum
2359 570 2399 624 Α
2434 557 2689 614 tiochiatn
2722 558 3086 628 discrepantia
3117 567 3257 615 esset
3291 575 3415 633 qua)
3442 561 3601 619 oculo
3629 562 3834 633 percipi
3872 578 3997 635 pos-

759 641 841 685 est
880 640 1072 701 contra
1124 632 1483 707 177-179
1520 638 1700 711 ipsum
1755 656 1982 715 regnum
2032 646 2225 716 ipsius.
2273 658 2328 705 et

760 720 1081 787 prodierunt
1110 722 1201 793 qtti
1240 724 1590 784 rebellionem
1628 732 1992 815 concitarent.
2033 735 2168 792 Cum
2197 754 2328 811 ergo

758 810 1105 880 videretque
1156 817 1526 882 pervenissent
1566 836 1654 876 res
1697 838 1831 888 suae,
1884 810 2205 895 poenitentia
2256 810 2328 887 ob

755 896 1089 956 Soachereut
1129 905 1337 975 liliique
1372 908 1542 976 ipsius
1582 914 1782 968 caedent
1820 918 2018 973 ductus
2050 932 2156 975 est.
2193 921 2325 978 Dein

756 1004 1006 1048 mortuus
1028 1008 1108 1049 cst
1134 997 1402 1062 Kobades,
1428 1018 1551 1057 cum
1576 998 1720 1061 cssei
1746 1017 1920 1064 totum
1946 1027 2057 1080 quo
2083 1016 2325 1081 regnavit

754 1086 1016 1153 spatium,
1052 1104 1158 1142 una
1192 1106 1314 1144 cunt
1347 1095 1509 1150 annis
1540 1097 1739 1164 quibus
1782 1116 2009 1170 regnum
2038 1109 2325 1176 occupavit

757 1171 1053 1244 liatnasph,
1099 1194 1367 1239 annorum
1420 1187 1776 1257 quadraginta
1814 1193 2002 1248 trium.
2048 1171 2323 1253 Successit

755 1264 855 1359 ipsi
888 1267 1029 1322 illius
1066 1270 1239 1337 ipsius
1275 1275 1439 1329 Cesra
1470 1277 1708 1335 Kobadis
1750 1282 1893 1339 illius
1923 1286 2065 1341 idem
2097 1290 2189 1357 qui
2228 1306 2323 1359 ap-

753 1355 984 1423 pellatus
1032 1371 1118 1414 est
1155 1365 1319 1418 etiam
1366 1368 1745 1425 Anushcrwan
1780 1390 1794 1436 ;
1833 1376 1928 1444 qui
1977 1355 2154 1433 annos
2187 1355 2322 1450 qua-

752 1447 1002 1516 draginta
1045 1466 1251 1524 septem
1300 1469 1355 1513 ct
1398 1476 1494 1516 sex
1553 1480 1769 1520 menses
1820 1471 2105 1538 regnavit;
2161 1473 2323 1541 idque

752 1556 895 1599 anno
942 1546 1151 1615 imperii
1198 1549 1490 1610 Iustiniani
1552 1555 1920 1615 Romanorum
1970 1563 2319 1631 imperatorii

752 1644 967 1700 quarto.
1008 1636 1177 1695 Cesra
1228 1654 1410 1698 autem
1459 1646 1936 1707 Mazdekianorum
1981 1653 2320 1723 principibus

751 1739 919 1795 regno
949 1743 1049 1783 suo
1101 1733 1293 1800 pulsis,
1337 1751 1469 1802 Opes
1514 1753 1654 1806 quas
1694 1741 1743 1794 vi
1788 1741 2130 1810 eripuerant,
2174 1746 2320 1799 acci~

749 1818 903 1885 piens
940 1819 1179 1876 dominis
1213 1826 1447 1880 reddidit
1478 1844 1493 1892 ;
1535 1838 1591 1883 et
1634 1830 1681 1883 si
1712 1831 1951 1901 cuipiam
1993 1848 2098 1887 non
2126 1849 2318 1901 super-

2428 661 2513 705 sct
2559 665 2572 703 :
2630 649 2808 719 qualis
2854 650 2946 706 ubi
3005 657 3284 715 esstructa
3330 662 3474 707 esset
3524 650 3693 721 ipsam
3744 653 3993 709 nomlam

2429 739 2744 809 appellavit,
2777 755 2951 810 eoque
2993 741 3299 797 Antiochiae
3338 740 3546 798 incolas
3588 743 3891 809 transtulit,
3929 744 3993 798 ad

2426 845 2545 905 eam
2594 831 2955 886 incoleudatn.
3001 832 3103 897 Qui
3139 832 3229 886 tibi
3278 833 3344 887 ad
3396 834 3569 901 ipsam
3614 836 4003 904 perveniente»;

2429 923 2577 975 urbis
2612 932 2825 990 portant
2860 922 3090 989 ingressi
3123 933 3331 987 essent,
3361 925 3614 977 abierunt
3647 926 3877 991 singula:
3914 927 3993 977 [a-

2428 1010 2589 1063 milite
2628 1012 2684 1065 itt
2718 1013 2861 1065 ardes
2892 1012 3007 1065 suis
3034 1012 3258 1076 similes,
3295 1028 3360 1067 ac
3397 1014 3441 1068 si
3472 1014 3757 1068 Antiochia
3786 1016 3994 1085 egressi

2427 1100 2480 1153 in
2513 1102 2759 1155 eamdem
2796 1103 2996 1157 reversi
3025 1113 3232 1158 essent.

2498 1192 2668 1246 Porro
2694 1208 2839 1245 anno
2878 1192 3087 1262 imperii
3129 1190 3425 1248 Justiniani
3478 1193 3852 1247 Romanorum
3890 1194 3997 1247 ἰηι-

2424 1299 2538 1353 per.
2573 1283 2846 1338 tricesimo
2877 1285 3052 1352 primo
3072 1286 3404 1340 constitutus
3450 1296 3536 1339 est
3586 1285 3842 1355 Pelagius
3899 1300 3997 1350 pa-

2424 1374 2659 1428 triarcba
2703 1373 3003 1435 Romanus.
3036 1378 3129 1444 qui
3179 1392 3302 1430 cum
3336 1386 3570 1445 quatuor
3609 1392 3785 1431 annos
3823 1378 3996 1430 sedic-

2422 1471 2504 1518 set
2544 1475 2793 1518 mortuus
2820 1476 2924 1521 est.
2965 1468 3123 1521 Anno
3163 1468 3381 1537 imperii
3424 1469 3671 1537 ejusdem
3716 1470 3997 1522 tricesimo

2421 1542 2611 1624 quinto
2630 1558 2964 1610 constitutus
2978 1568 3063 1611 est
3088 1557 3325 1613 Joannes
3352 1559 3663 1628 patriarcha
3688 1560 3993 1616 Romanus.

2419 1646 2705 1702 duodecim
2727 1664 2899 1701 annos
2928 1651 3088 1712 sedit,
3124 1652 3248 1705 dein
3279 1663 3531 1705 mortuus
3562 1658 3665 1707 est.
3693 1654 3855 1705 Anno
3883 1653 3976 1702 iiii-

2419 1739 2554 1806 pcrii
2609 1738 2783 1806 ipsius
2833 1739 3110 1794 tricesimo
3154 1743 3488 1797 constitutus
3522 1751 3610 1797 est
3665 1742 3994 1796 Anastasius

2420 1845 2648 1898 magnus
2685 1832 2992 1899 patriarcha
3026 1832 3423 1897 Autiochenus,
3461 1834 3555 1905 qui
3592 1850 3715 1889 cum
3749 1849 3844 1888 sex
3894 1848 3992 1886 an-

750 1918 891 1963 ssset
930 1911 1101 1967 hzercs
1148 1914 1255 1985 [cui
1283 1918 1662 1994 redderentur]
1700 1937 1794 1977 eas
1820 1927 1960 1992 apud
1992 1943 2051 1981 se
2080 1927 2313 1981 detinuit
2348 1930 2388 1987 Β
2419 1937 2515 1974 nos
2548 1923 2779 1976 sedisset
2822 1924 2891 1976 ab
2926 1924 3280 1979 Antiochcnis
3312 1927 3485 1995 stupri
3546 1936 3837 1980 accusatus
3878 1938 3985 1979 est.

748 2000 809 2052 ad
860 2005 1217 2070 reparandum
1263 2012 1409 2075 quod
1461 2023 1806 2081 corruptum,
1839 2025 1893 2069 et
1938 2019 2318 2074 aediﬁcandum

748 2094 885 2157 quod
940 2094 1180 2151 dirutum
1235 2100 1431 2158 fuerat.
1486 2104 1549 2157 Et
1601 2108 1647 2160 si
1684 2109 1771 2162 cui
1814 2110 1862 2161 vi
1917 2111 2094 2163 ablata
2144 2112 2320 2166 fuerat

747 2184 963 2246 domus.
998 2190 1079 2242 vel
1119 2206 1266 2260 ager,
1322 2209 1383 2249 re
1436 2209 1724 2267 perspecta
1769 2216 1832 2255 ea
1888 2203 1989 2273 ipsi
2038 2205 2318 2271 restituit;

745 2287 805 2327 ac
849 2277 897 2329 si
926 2279 1051 2347 quis
1083 2283 1370 2338 mulierem
1404 2286 1508 2341 sibi
1552 2291 1602 2342 v-i
1635 2303 1882 2359 ceperat.
1930 2294 2186 2349 eamdem‘
2214 2297 2317 2365 ipsi

747 2367 1001 2425 auferens
1039 2372 1222 2429 dotem
1270 2393 1398 2442 una,
1441 2381 1609 2449 duplo
1653 2383 1782 2439 dote
1826 2386 1998 2455 ipsius
2031 2388 2317 2456 majorem,

746 2461 995 2529 sumpsit.
1035 2464 1138 2519 nisi
1165 2481 1288 2522 cum
1327 2469 1375 2524 ei
1408 2486 1505 2539 par
1540 2484 1710 2539 esset,
1740 2494 1973 2547 eamque
2014 2481 2082 2533 ab
2113 2481 2231 2549 ipso
2265 2483 2316 2534 in

738 2566 965 2607 uxorem
992 2557 1263 2615 obtineret
1289 2579 1303 2615 :
1331 2565 1480 2631 quod
1511 2566 1555 2621 si
1583 2569 1629 2622 ei
1669 2576 1900 2626 maritus
1923 2580 2090 2637 esset,
2124 2574 2319 2626 marito

744 2640 886 2697 dotis
934 2654 1165 2713 tantum,
1210 2662 1502 2720 quantum,
1541 2672 1664 2711 cum
1711 2675 1830 2713 eam
1885 2664 2060 2730 primo
2093 2664 2319 2719 duceret

743 2747 1049 2804 acceperat.
1083 2740 1233 2794 dedit
1263 2759 1279 2807 ;
1311 2759 1546 2816 eamque
1583 2751 1837 2813 maritus,
1872 2753 1915 2806 si
1958 2768 2020 2806 ea
2052 2755 2151 2823 ipsi
2178 2771 2320 2822 opus

742 2838 906 2891 esset,
947 2829 1049 2884 sibi
1099 2832 1308 2890 habuit.
1347 2836 1477 2901 lllud
1528 2851 1709 2896 autem
1746 2846 1889 2913 quod
1936 2846 2111 2914 ipsum
2152 2849 2320 2902 movit

748 2923 1044 2987 quominus
1078 2926 1404 2994 supplicium
1454 2932 1520 2985 iis
1566 2934 1657 3002 qui
1691 2937 1896 2989 nefaria
1930 2940 2319 2994 commiserant

740 3008 986 3075 inferret,
1030 3013 1153 3080 fuit,
1197 3019 1339 3086 quod
1384 3023 1569 3092 populi
1621 3025 1783 3094 180
1830 3042 2018 3080 curant
2074 3030 2315 3093 haberet,

741 3116 895 3170 quem
918 3105 1134 3173 penitus
1163 3111 1388 3175 perdere
1424 3115 1620 3169 noluit.
1653 3114 1824 3171 Jussit
1847 3118 2014 3172 etiam
2040 3122 2312 3174 numerari

739 3194 935 3250 liberos
957 3200 1412 3264 patrumfamilias
1450 3217 1500 3258 et
1527 3208 1787 3265 nobilium
1820 3212 1932 3277 qui,
1964 3226 2088 3265 cum
2122 3216 2315 3279 periis-

740 3288 961 3354 sentqui
983 3304 1172 3344 eorum
1203 3306 1390 3347 curam
1427 3312 1616 3365 gerere
1652 3298 1936 3364 deberent,
1968 3304 2033 3354 ad
2069 3301 2305 3371 in0piam

739 3373 943 3430 redacti
975 3389 1126 3443 sunt,
1163 3391 1217 3436 et
1250 3383 1301 3436 in
1340 3385 1579 3456 ipsorum
1612 3391 1891 3457 orphanos
1924 3393 2015 3459 qui
2054 3408 2309 3462 superes-

738 3478 859 3525 sent
888 3480 941 3523 ct
992 3472 1184 3528 viduas
1234 3474 1509 3549 [inquiri].
1551 3480 1798 3550 ipsisque
1848 3488 1992 3552 quod
2037 3485 2303 3539 sulliceret

737 3562 1093 3630 suppeditari,
1146 3582 1243 3620 nec
1288 3583 1398 3623 non
1434 3571 1654 3625 edoceri
1698 3573 1843 3628 ﬁlios
1882 3576 2122 3643 ipsorum
2158 3588 2308 3630 artes

736 3651 932 3719 quibus
973 3652 1150 3707 idonei
1188 3668 1393 3721 essent,
1431 3657 1568 3712 illius
1615 3668 1798 3714 autem
1846 3664 2077 3726 paribus
2128 3664 2244 3719 suis
2277 3679 2307 3717 e

736 3741 1027 3797 ditioribus
1058 3757 1285 3811 nuptum
1311 3748 1449 3802 dari.
1475 3748 1647 3805 Jussit
1670 3752 1836 3806 etiam
1874 3754 2076 3822 inquiri
2107 3754 2160 3808 itt
2187 3755 2305 3808 loca

735 3845 784 3889 et
828 3836 1025 3905 praedia
1087 3855 1322 3908 quorum
1374 3839 1589 3897 Domini
1643 3858 1767 3897 cum
1817 3846 2084 3900 tenuioris
2142 3847 2306 3901 sortis

734 3940 912 3985 essent
949 3931 1014 3986 iis
1046 3931 1289 3993 colendis
1339 3949 1448 3989 non
1487 3947 1663 4000 erant,
1703 3947 1761 3991 ut
1808 3937 2027 3993 eﬂossis
2057 3939 2227 3992 alveis
2254 3948 2306 3993 et

734 4021 1015 4077 canalibus
1065 4024 1452 4081 derivarentur
1498 4029 1565 4083 ad
1613 4044 1675 4084 ea
1731 4030 1903 4097 lluvii,
1952 4032 2304 4099 ipsorumque

733 4114 971 4170 dominis
999 4118 1334 4186 suppeditari
1366 4119 1510 4187 quod
1543 4130 1833 4190 erogareut
1865 4122 1919 4176 in
1949 4124 2094 4189 agris
2122 4139 2308 4177 seren-

733 4205 813 4259 dis
838 4222 899 4258 ae
933 4223 1129 4275 pecore
1154 4210 1422 4271 curando.
1450 4213 1717 4266 rationem
1749 4215 1913 4267 etiam
1945 4215 2128 4269 haberi
2163 4216 2308 4269 vicu—

733 4313 848 4349 runt
896 4300 988 4365 qui
1030 4298 1258 4353 desolali
1302 4299 1554 4369 fuerant;
1593 4319 1657 4357 ac
1703 4306 1911 4360 exstrui
1960 4322 2113 4359 arces
2162 4308 2306 4359 unde

734 4396 911 4442 metus
942 4404 1062 4443 csse
1102 4401 1308 4459 posset.
1337 4393 1471 4446 Tum
1502 4396 1872 4460 consiliarios,
1907 4398 2194 4466 praefectos
2252 4408 2305 4449 rt

733 4479 943 4545 iudices
975 4482 1177 4537 clccms
1208 4483 1259 4534 in
1300 4488 1597 4551 provinciis
1627 4489 1937 4543 collocavit.
1977 4490 2029 4542 In
2068 4491 2301 4544 medium

2340 3270 2383 3324 C

2423 2012 2572 2082 Fuga
2628 2029 2758 2085 ergo
2808 2030 2867 2069 se
2912 2015 2982 2070 ab
3026 2017 3149 2071 illis.
3185 2017 3496 2086 subripiens
3557 2028 3735 2071 vestes
3790 2018 3994 2085 quibus

2420 2118 2576 2157 sacra
2615 2121 2873 2174 peragere
2916 2108 3111 2161 solitus
3164 2109 3361 2169 fuerat.
3401 2108 3672 2177 sepelivit,
3725 2123 3791 2161 ac
3832 2108 3994 2161 dissi-

2420 2195 2629 2250 mulato
2669 2196 2857 2250 habitu
2898 2197 3274 2270 Hierosolyma
3312 2199 3589 2269 prolectus
3635 2208 3762 2262 cst;
3804 2199 3897 2249 tibi
3940 2197 3995 2248 ia

2422 2288 2622 2355 templo
2664 2285 3109 2343 Resurrcctionis
3144 2291 3466 2359 candelapta
3504 2292 3702 2353 factus,
3735 2290 3995 2343 lucernas

2422 2379 2719 2443 accendit;
2770 2395 2947 2449 eoque
3008 2397 3238 2436 munere
3295 2382 3487 2452 viginti
3539 2390 3776 2451 quatuor
3832 2382 3995 2435 annis

2422 2469 2640 2526 iunctus
2670 2479 2775 2539 est,
2807 2472 3065 2528 Ecclesia:
3106 2475 3193 2527 isti
3234 2474 3395 2545 135I
3430 2476 3757 2535 inserviens,
3813 2475 3994 2526 luCer-

2422 2579 2517 2617 nas
2583 2564 2636 2617 in
2690 2565 2805 2633 ipsa
2860 2566 3231 2627 accendendo,
3277 2568 3496 2620 nemine
3544 2567 3760 2620 interim
3813 2568 3994 2635 ipsum

2423 2659 2795 2726 patriarchatu
2836 2658 3079 2713 functum
3118 2677 3242 2715 esse
3286 2661 3689 2729 dignoscente:
3727 2662 3780 2714 in
3813 2661 3994 2713 locum

2420 2760 2600 2803 autem
2652 2751 2825 2820 ipsius
2860 2750 3193 2805 substitutus
3229 2761 3314 2805 est
3343 2751 3641 2820 Gregorius
3681 2753 3993 2818 patriarcha

2420 2842 2819 2905 Antiocbenus,
2845 2844 2940 2912 qui
2975 2843 3166 2912 viginti
3197 2854 3435 2911 quatuor
3468 2860 3643 2899 annos
3668 2844 3834 2905 sedit,
3866 2844 3995 2896 dein

2421 2942 2669 2988 mortuus
2710 2941 2814 2987 est.
2850 2934 3011 2987 Anno
3040 2944 3223 2989 autem
3263 2935 3478 3003 imperii
3521 2932 3815 2990 Justiniani
3850 2935 3992 2987 vice-

2418 3028 2558 3081 simo
2595 3043 2739 3082 nono
2777 3029 3111 3106 cpnstitutus
3156 3038 3242 3084 est
3276 3029 3548 3085 Macarius
3589 3029 3866 3083 secundus
3906 3043 3993 3095 pa-

2420 3121 2656 3173 triarcha
2696 3118 3245 3189 llicrosolymitanus,
3276 3123 3366 3190 qui
3414 3130 3652 3188 quatuor
3685 3134 3863 3173 annos
3911 3135 3992 3173 se-

2419 3206 2521 3271 dit,
2557 3207 2681 3262 dein
2710 3218 2960 3263 mortuus
2983 3220 3085 3262 est.
3120 3210 3278 3263 Anno
3313 3210 3522 3278 imperii
3553 3208 3799 3277 ejusdem
3829 3208 3992 3261 trice-

2415 3303 2555 3357 simo
2625 3305 2788 3357 tcrtio
2851 3306 3187 3362 constitutus
3250 3316 3333 3360 est
3405 3307 3607 3359 ibidem
3679 3304 3993 3372 patriarcha

2408 3394 2670 3459 Joannes,
2726 3399 2817 3465 qui
2878 3401 3064 3452 decem
3119 3414 3295 3453 annos
3346 3398 3507 3459 sedit,
3561 3398 3686 3470 dein
3739 3405 3992 3448 mortuus

2409 3496 2514 3541 est.
2546 3489 2704 3541 Anno
2729 3506 2860 3542 vero
2903 3490 3121 3560 imperii
3153 3492 3238 3546 sui
3269 3492 3534 3544 vicesimo
3562 3498 3761 3543 octavo
3788 3490 3990 3544 certior

2411 3578 2590 3633 factus
2623 3578 2953 3649 Eutycliiutn
3006 3583 3372 3651 patriarcbam
3421 3581 3990 3649 ConstantinOpolita-

2410 3689 2538 3726 nutn
2564 3673 2779 3727 veritati
2796 3675 3177 3729 contradicere
3198 3691 3262 3729 ac
3280 3674 3582 3730 Jacobitatn
3612 3674 3817 3728 factum
3843 3689 3990 3738 esse,

2411 3765 2587 3834 ipsqu
2622 3766 2676 3818 in
2724 3766 2976 3820 exsilium
3003 3766 3185 3834 ejecit,
3219 3766 3379 3836 cujus
3426 3767 3479 3820 itt
3514 3767 3691 3821 locum
3725 3766 3990 3822 suﬂ‘ectus

2408 3865 2493 3910 est
2523 3856 2595 3910 ibi
2643 3855 2885 3913 Joannes
2932 3869 2992 3912 ut
3040 3860 3447 3929 patriarchatus
3478 3858 3991 3926 Constantinopoli-

2412 3948 2522 4002 tani
2580 3964 2808 4003 munere
2843 3949 3197 4021 fungeretur,
3236 3951 3328 4018 qui
3374 3959 3582 4021 septeni
3631 3966 3809 4004 annos
3848 3952 3987 4007 sedit

2408 4043 2531 4096 dein
2576 4053 2830 4098 mortuus
2858 4056 2961 4099 est.
2998 4043 3137 4097 Tum
3171 4044 3471 4115 Eutychius
3501 4045 3813 4115 patriarcha
3850 4044 3987 4100 re'o—

2408 4142 2565 4198 gntus
2598 4133 2987 4198 imperatorem
3029 4150 3324 4203 aggressus
3368 4144 3450 4189 est
3496 4150 3600 4205 ope
3632 4137 3988 4191 consiliario-

2412 4239 2528 4274 ruttt
2556 4231 2608 4275 et
2632 4224 2857 4284 ducunt,
2899 4226 2990 4293 qui
3024 4226 3201 4291 ipsum
3245 4236 3511 4294 rogarunt
3545 4238 3602 4278 ut
3636 4242 3757 4279 eum
3794 4228 3987 4281 cathe-

2407 4314 2518 4368 diac
2546 4316 2879 4378 restitueret,
2910 4315 3175 4384 siquidem
3212 4317 3404 4369 falsum
3445 4317 3615 4370 fuisse
3641 4316 3785 4384 quod
3822 4317 3890 4369 de
3922 4332 3986 4371 eo

2408 4408 2613 4459 dictum
2659 4408 2859 4461 fuerat.
2894 4405 3179 4461 Cathedra:
3205 4423 3336 4475 ergo
3364 4410 3431 4461 ab
3464 4408 3794 4476 imperatore
3827 4410 3984 4461 resti-

2409 4506 2559 4551 ttttus
2612 4506 2736 4561 est;
2792 4514 2950 4565 quam
3015 4513 3139 4550 cuin
3200 4499 3562 4567 quadriennio
3615 4509 3984 4564 occupaverat

732 4572 900 4625 etiam
944 4573 1169 4640 prolatis
1217 4575 1469 4628 Azdsliii-i
1513 4578 1668 4633 libris
1700 4582 1790 4647 qui
1842 4581 2013 4650 ipsius
2054 4584 2299 4636 instituta
2336 4608 2377 4660 ι)
2408 4598 2656 4643 mortuus
2686 4597 2791 4643 cs'.
2842 4589 3000 4642 Anno
3032 4590 3278 4658 ejusdem
3308 4590 3593 4642 tricesimo
3642 4605 3813 4650 nono,
3853 4607 3982 4643 con-

732 4678 851 4731 qua!
884 4664 1177 4718 observare
1219 4666 1427 4719 solebat
1465 4670 1833 4734 continerent,
1885 4674 1951 4725 ad
2000 4688 2060 4726 ca
2109 4675 2300 4729 obser-

734 4752 909 4807 vanda
962 4754 1215 4807 homines
1265 4756 1466 4822 adegit.
1524 4758 1687 4827 idque
1745 4763 1954 4830 scripIo
2003 4764 2301 4831 provinciis

732 4844 1074 4914 signiﬁcavit.
1100 4844 1302 4901 Deinde
1334 4858 1620 4916 postquam
1648 4868 1841 4906 novem
1874 4869 2045 4908 annos
2079 4870 2298 4924 regnas-

732 4946 828 4998 set,
861 4952 1114 5006 ananuc
1158 4938 1373 5005 imperii
1425 4939 1725 4997 Justiniaui
1782 4943 2156 5000 Romanorum
2192 4948 2297 5000 itu-

731 5032 992 5095 peratoris
1025 5030 1373 5094 duodecimo,
1407 5036 1594 5103 copias
1624 5051 1754 5091 suas
1788 5039 2140 5092 Antiochiam
2180 5055 2297 5093 ver-

732 5138 819 5175 sus
880 5122 1103 5183 eduxit,
1175 5124 1264 5175 tthi
1329 5123 1622 5177 Justiniani
1696 5128 1998 5181 exercitum
2071 5128 2294 5181 obvium

730 5213 958 5277 habens,
1019 5215 1206 5283 praelia
1258 5232 1382 5270 cuin
1438 5218 1568 5285 ipsis
1623 5220 1942 5284 decertavit,
1994 5204 2295 5290 iubentque

730 5305 867 5373 repit
917 5322 929 5357 :
972 5305 1281 5376 jubcnsque
1333 5308 1545 5379 depingi
1600 5312 1701 5363 sibi
1757 5313 1947 5365 urbem
1989 5316 2290 5367 secundum

729 5412 1033 5449 mensuram
1062 5414 1215 5451 suam
1249 5413 1310 5451 ac
1337 5400 1731 5455 domiciliorum
1768 5420 2077 5469 numerum,
2105 5407 2293 5477 181-

729 5488 887 5559 183
917 5499 1025 5542 tant
1063 5492 1313 5559 superius
1354 5508 1517 5560 quam
1557 5495 1807 5563 inferius,
1850 5498 2137 5568 ipsiusque
2178 5503 2294 5555 vias

728 5597 787 5635 ac
814 5583 995 5636 omnia
1024 5600 1145 5651 qua:
1172 5585 1224 5637 in
1258 5586 1373 5655 ipsa
1406 5596 1611 5650 essent,
1654 5588 1878 5658 ﬁguram
1912 5591 2068 5644 istam
2103 5594 2169 5646 ad
2200 5593 2293 5648 de-

729 5680 973 5741 putatum
1016 5691 1175 5729 suum
1205 5678 1260 5731 itt
1294 5678 1359 5731 Al
1393 5677 1656 5748 Madayen
1690 5682 1933 5746 mittens,
1966 5682 2133 5751 jussit
2162 5699 2289 5738 eum

728 5763 910 5818 urbem
956 5766 1061 5820 sibi
1113 5768 1180 5820 ad
1211 5782 1335 5823 eam
1372 5784 1597 5839 prorsus
1640 5770 1868 5826 formam
1919 5782 1974 5828 et
2016 5776 2285 5829 rationem

728 5856 974 5927 :onderc,
1025 5859 1160 5915 adeo
1215 5869 1279 5915 ut
1330 5861 1475 5917 nulla
1505 5865 1730 5920 omnino
1762 5865 1902 5922 inter
1939 5883 2055 5923 cam
2088 5878 2142 5923 et
2170 5870 2280 5921 An-

2406 4683 2631 4736 stitutus
2680 4693 2765 4736 est
2807 4684 3053 4737 Joannes
3106 4685 3414 4752 patriarcha
3467 4684 3982 4751 Constantinopoli-

2405 4783 2565 4825 tutius
2619 4788 2631 4821 :
2686 4787 2863 4824 annos
2900 4772 3157 4824 tredecim
3209 4772 3367 4828 sedit.
3402 4772 3528 4824 dein
3572 4783 3825 4824 mortuus
3877 4780 3980 4822 est.

2402 4860 2549 4914 Obiit
2599 4872 2776 4914 autent
2828 4861 3201 4928 Apollinarius
3257 4859 3613 4929 185-187
3667 4857 3979 4927 patriarcha

2402 4953 2809 5006 Alexandrinus
2840 4968 2965 5006 cum
3000 4951 3375 5005 novcmdecitn
3410 4965 3585 5005 annos
3621 4965 3852 5002 munere
3890 4950 3980 5000 illo

2403 5046 2622 5099 funt-tus
2678 5045 2895 5109 fuerat,
2954 5047 3112 5112 cujus
3171 5042 3505 5113 prtel’ecturte
3559 5056 3707 5094 anno
3762 5041 3979 5091 deciu-o

2401 5138 2562 5191 tertio
2601 5137 2938 5191 celebratum
2987 5148 3069 5191 est
3118 5136 3410 5189 concilium
3461 5134 3737 5200 quintum.
3770 5132 3875 5185 Cui
3926 5134 3978 5183 in

2403 5227 2777 5293 patriarebatu
2826 5225 3197 5279 Alexandrino
3243 5224 3515 5277 successit
3559 5222 3827 5281 Joannes,
3880 5223 3975 5289 qui

2404 5316 2734 5371 Manichacus
2768 5316 2889 5380 fuit,
2922 5332 3207 5384 annosque
3243 5324 3359 5368 tres
3389 5315 3532 5370 sedit
3563 5316 3688 5367 dein
3722 5324 3975 5366 mortuus

2398 5418 2501 5463 est.
2530 5412 2691 5463 Anno
2722 5410 2932 5477 imperii
2965 5409 3210 5478 ejusdem
3239 5409 3536 5463 Justiniani
3573 5408 3854 5460 tricesimo
3881 5422 3972 5460 se-

2398 5503 2568 5569 ptimo
2618 5500 2954 5555 constitutus
3000 5512 3084 5555 cst
3131 5499 3330 5553 Petrus
3380 5500 3686 5567 patriarcha
3742 5498 3971 5559 ibidcnt,

2395 5593 2489 5659 qui
2537 5593 2784 5647 Jacobita
2835 5594 2955 5648 fuit.
3007 5597 3193 5647 Annos
3243 5594 3381 5646 duos
3434 5590 3594 5650 sedit.
3646 5590 3773 5641 dein
3811 5589 3969 5639 obiit.

2396 5685 2518 5739 Fuit
2550 5696 2726 5738 autem
2763 5685 3101 5740 Justiniantts
3147 5686 3440 5752 imperator
3470 5683 3572 5735 (ide
3603 5681 3968 5741 orthodoxus,

2394 5778 2521 5837 boni
2552 5794 2766 5836 amans.
2814 5778 3185 5832 Jacobitartttn
3219 5776 3483 5829 doctrinm
3533 5775 3787 5829 infestus.
3846 5789 3966 5825 sen-

2395 5871 2577 5925 tcntiae
2603 5870 2723 5925 Meh
2743 5872 2978 5926 hilaruni
3014 5878 3402 5931 propugnator.
3434 5867 3677 5920 Mortuus
3708 5876 3790 5919 cst
3820 5874 3964 5929 [\051-
