4210 6428
716 438 851 503 1079

1742 442 2101 502 EUTYCUH
2149 443 2445 502 ALEXAN
2460 445 2643 502 [)1th
2660 447 2670 501 Ι
2720 446 2857 503 I'A'l‘
2873 446 2917 502 li
2932 490 2944 503 .

3814 442 3949 506 1080

713 555 1053 618 xaudrintts;
1108 558 1197 623 qui
1237 571 1410 609 annos
1438 554 1622 625 viginti
1656 553 1819 615 sedit,
1864 556 1988 608 dein
2024 566 2273 608 mortuus
2307 559 2349 609 Α
2383 555 2560 621 ipsum
2596 567 2869 607 mortuum
2906 554 3136 617 invenit,
3194 556 3417 608 sudario
3450 554 3625 607 oculis
3663 554 3948 621 imposito;

710 653 794 697 est
824 646 1142 713 (secumlum
1174 648 1317 699 aliud
1352 648 1651 714 exemplar,
1685 662 1861 700 annos
1895 648 2081 706 duos).

784 737 950 790 Porro
984 747 1230 801 tempore
1269 737 1515 791 Mauricii
1576 737 1927 803 imperatoris
1980 739 2117 790 latro
2151 741 2275 806 qui-

709 828 830 880 dam
863 826 964 878 fttit
997 826 1051 879 itt
1087 829 1222 881 urbe
1255 828 1533 897 (quadam)
1567 828 1782 889 Africze,
1822 828 2075 896 princeps
2113 830 2278 883 latro-

709 935 861 980 umu,
914 919 1006 987 qui
1062 921 1262 973 nemini
1317 922 1557 974 occurrit
1621 937 1780 988 quem
1835 937 1941 973 non
1994 930 2043 973 et
2078 922 2184 973 vita
2221 931 2273 974 et

711 1009 869 1063 bouis
906 1010 1187 1077 spoliaret.
1220 1011 1357 1063 adeo
1390 1019 1448 1063 ιιι
1481 1011 1691 1065 deserta
1732 1010 1892 1062 fuerit
1923 1011 2027 1074 via,
2060 1012 2277 1065 nemine

711 1118 805 1170 per
852 1120 969 1156 eam
1032 1103 1135 1156 iter
1192 1102 1440 1167 faciente,
1495 1114 1587 1155 aut
1656 1112 1991 1167 transeunte,
2064 1120 2168 1173 qua
2224 1105 2277 1157 itt

707 1193 947 1248 Africam
985 1194 1225 1260 duceret,
1282 1205 1421 1247 metu
1465 1196 1695 1249 latronis
1734 1196 1912 1250 istius.
1946 1196 2119 1261 Quem
2150 1197 2277 1251 licet

712 1285 859 1338 omni
897 1285 1181 1355 diligentia
1218 1287 1478 1354 oumique
1512 1298 1627 1341 arte
1656 1302 1719 1341 ac
1753 1296 2065 1343 commento
2098 1300 2277 1343 utere-

710 1384 799 1429 tur
828 1376 1026 1431 Africze
1058 1378 1325 1446 patricius
1366 1394 1475 1447 quo
1527 1379 1703 1447 ipsum
1761 1380 2145 1449 prehenderet,
2183 1396 2275 1433 ca-

709 1482 842 1535 pere
882 1478 1060 1522 tameu
1096 1483 1204 1521 non
1246 1471 1443 1535 potuit.
1480 1469 1589 1523 lloc
1624 1486 1745 1523 cum
1784 1470 1945 1541 196
1980 1471 2045 1524 ad
2078 1471 2279 1524 Mauri-

709 1556 779 1607 cii
813 1557 1157 1625 imperatoris
1212 1560 1461 1612 notitiam
1517 1562 1876 1628 pervenisset,
1910 1563 2026 1630 ipse
2053 1562 2221 1615 misso
2249 1581 2279 1613 e

708 1646 931 1703 famulis
964 1649 1080 1703 suis
1132 1652 1366 1720 quodam
1404 1651 1753 1704 securitatem
1811 1652 2007 1705 latroni
2060 1652 2147 1705 isti
2182 1652 2279 1703 ob

706 1737 830 1791 tulit
858 1754 873 1803 ;
911 1755 1076 1807 quam
1104 1755 1234 1795 eum
1266 1741 1353 1795 ille
1388 1749 1755 1811 acceptasset,
1792 1741 1859 1795 ad
1892 1744 2274 1812 imperatorem

710 1830 990 1897 profectus
1032 1832 1259 1901 benigne
1313 1843 1477 1900 atque
1537 1834 1835 1889 honorifice
1881 1836 1949 1888 ab
1995 1835 2115 1904 ipso
2171 1844 2279 1889 tra-

708 1926 886 1973 ctatus
914 1930 996 1973 est
1025 1929 1078 1973 et
1110 1923 1175 1973 ad
1205 1922 1526 1989 dignitatem
1562 1933 1804 1978 evectus.
1847 1922 2035 1976 Morbo
2067 1933 2272 1988 autem,

706 2012 989 2078 aliquanto
1019 2023 1137 2080 post
1187 2022 1453 2079 tempore,
1482 2024 1769 2082 correptus
1803 2016 1853 2068 in
1893 2019 2271 2068 uosocomium

706 2101 849 2169 quod
879 2104 931 2156 in
969 2105 1104 2157 urbe
1136 2105 1745 2173 Constantinopolitana
1779 2105 1902 2167 fuit,
1928 2108 2141 2158 delatus
2169 2121 2272 2162 cst.

705 2196 954 2263 Cumque
1010 2204 1166 2248 nocte
1200 2196 1433 2265 quadam
1469 2196 1546 2267 [in
1596 2197 1819 2267 lectum]
1867 2198 2140 2265 projecltts
2179 2215 2274 2266 op-

708 2284 867 2353 primi
902 2300 962 2339 se
1012 2285 1222 2349 dolore,
1257 2303 1417 2355 quem
1454 2288 1785 2354 patiebatur,
1848 2288 2078 2350 videret,
2138 2296 2274 2344 adeo

709 2385 768 2430 ut
797 2387 980 2431 certus
1012 2387 1154 2432 esset
1192 2379 1482 2442 moriendi,
1523 2380 1588 2431 ad
1624 2379 1910 2432 Dominum
1970 2398 2130 2434 suum
2166 2384 2277 2437 cle-

707 2476 943 2522 mentem
978 2476 1031 2521 et
1082 2484 1208 2537 erga
1251 2485 1438 2523 servos
1479 2485 1609 2525 suos
1647 2471 2084 2531 misericordem.
2125 2488 2276 2526 rece-

706 2559 802 2625 pit,
842 2559 1095 2630 lacrymis
1128 2571 1181 2615 et
1234 2562 1734 2631 supplicationibus
1795 2564 1985 2619 effusis
2038 2565 2272 2617 dic-ens:

708 2649 854 2719 Rogo
905 2661 977 2713 te,
1036 2652 1283 2715 Domine,
1340 2655 1483 2707 sicut
1533 2654 1675 2707 l’czri
1732 2656 1986 2725 lacrymis
2038 2661 2278 2726 aCtBI-lis

707 2744 808 2810 ipsi
864 2761 996 2812 prop
1022 2746 1129 2798 tius
1168 2746 1336 2809 fuisti,
1372 2754 1536 2816 utque
1569 2746 1775 2800 Εῑιειιίερ
1813 2749 2081 2817 lacrymas
2116 2768 2275 2801 arce—

708 2844 826 2901 ptas
870 2837 1129 2898 habuisti,
1167 2853 1265 2891 uec
1323 2854 1430 2901 non
1486 2839 1714 2891 latronis
1770 2841 1861 2907 qui
1926 2851 2103 2893 tecum
2169 2859 2269 2893 una

706 2928 1006 2980 eruciflitus
1062 2939 1147 2981 est
1205 2932 1494 3000 Iaenymas,
1550 2931 1623 2983 ita
1681 2940 1734 2984 et
1792 2933 2062 3001 lacrymas
2126 2951 2274 2988 tueas

710 3018 981 3087 respicere
1034 3019 1191 3083 velis,
1229 3021 1406 3089 iisque
1443 3030 1665 3088 peccata
1703 3037 1821 3076 mea
1874 3025 2192 3092 abstergere
2222 3036 2276 3079 et

709 3125 807 3175 pro
863 3110 1207 3164 multitudine
1269 3113 1659 3168 misericordiae
1717 3128 1821 3169 tua:
1882 3132 2071 3185 preces
2127 3135 2273 3172 meas

2381 657 2779 715 narrartmtque
2835 646 2909 699 illi
2959 646 3048 712 qui
3098 647 3255 714 juxta
3318 648 3587 699 latronem
3646 646 3952 699 dormirent

2378 753 2517 806 quos
2552 737 2724 806 ipsius
2754 736 2913 791 fletus
2943 747 2995 791 et
3029 736 3462 806 Supplicationes
3491 736 3800 789 audierant.
3842 736 3949 787 lle.-

2379 828 2536 883 dicus
2569 843 2698 894 ergo
2733 839 2956 896 accepto
3006 829 3231 882 sudario
3284 828 3351 881 ad
3404 826 3728 880 Mauricium
3784 826 3952 891 imre-

2380 927 2617 971 ratorem
2652 920 2931 987 ingressus
2968 918 3097 972 illud
3137 919 3239 987 ipsi
3277 919 3517 971 ostendit
3567 926 3622 971 et
3677 926 3789 969 tum
3820 917 3952 983 quid

2387 1009 2440 1062 iu
2472 1009 2687 1063 somnio
2720 1023 2823 1063 suo
2851 1009 3079 1073 viderat,
3132 1019 3243 1063 tum
3280 1008 3409 1079 quid
3447 1012 3514 1063 ab
3548 1010 3652 1064 illis
3683 1008 3774 1077 qui
3798 1008 3953 1076 just:-

2382 1099 2645 1154 latronem
2694 1101 2857 1169 200
2929 1102 3237 1154 dormirent
3292 1102 3598 1164 audiverat,
3670 1102 3953 1166 narravit;

2382 1190 2623 1259 dixitque
2659 1192 2977 1260 imperatori
3011 1211 3025 1245 :
3062 1193 3172 1246 Deo
3206 1192 3323 1247 laus
3355 1192 3450 1260 qui
3484 1207 3587 1261 ope
3638 1197 3729 1245 tua
3783 1192 3956 1244 latro-

2381 1296 2503 1332 nem
2548 1283 2771 1347 recepit,
2808 1268 3418 1350 ipsique'condouavit,
3472 1290 3529 1335 ut
3582 1292 3637 1336 ct
3680 1283 3954 1336 latronem

2383 1370 2618 1435 priorem
2656 1372 2708 1423 in
2747 1388 2911 1425 cruce
2951 1374 3211 1426 admisit:
3267 1372 3367 1426 fuit
3424 1374 3513 1426 ille
3568 1374 3802 1442 primus,
3864 1375 3955 1427 hic

2381 1462 2674 1515 secundus.
2712 1461 2880 1516 Porro
2913 1464 3146 1518 llormoz
3182 1464 3262 1516 fil.
3298 1463 3720 1526 Auusherwani,
3750 1464 3955 1518 Persa-

2383 1568 2500 1603 rum
2535 1569 2624 1605 rex
2664 1553 2733 1607 ob
2773 1554 3065 1617 ferociam.
3099 1556 3352 1607 duritiem
3398 1562 3456 1607 et
3490 1555 3835 1624 tyrannidem
3869 1557 3956 1607 in-

2382 1642 2541 1694 famis
2575 1642 2696 1704 fuit,
2748 1645 2888 1697 male
2924 1646 3172 1699 homines
3204 1653 3464 1703 tractans.
3525 1658 3731 1713 eosque
3768 1645 3820 1696 in
3852 1661 3955 1695 an-

2381 1735 2589 1801 gustias
2651 1734 2947 1801 redigens;
3003 1737 3187 1789 multis
3238 1734 3583 1790 subditorum
3640 1751 3864 1789 suorum
3900 1738 3953 1789 in

2382 1840 2661 1879 carcerem
2700 1826 2967 1893 conjectis
3018 1837 3072 1879 et
3105 1826 3173 1878 de
3227 1828 3395 1895 gradu
3452 1827 3784 1880 deturbatis.
3841 1827 3957 1881 Ilac

2382 1924 2563 1969 autem
2622 1917 2782 1970 modo
2818 1918 2947 1971 dum
2996 1934 3055 1971 se
3112 1927 3345 1985 gereret,
3404 1933 3531 1971 ecce
3582 1930 3774 1971 contra
3825 1936 3953 1972 eum

2380 2009 2663 2077 profectus
2694 2019 2777 2063 est
2810 2009 3033 2064 Chakan
3071 2025 3196 2062 cmn
3226 2011 3560 2065 exercitibus
3601 2014 3912 2065 numerosis
3940 2032 3953 2075 ;

2375 2102 2576 2169 quibus
2608 2104 2823 2155 obviam
2860 2102 3005 2155 misit
3035 2101 3269 2155 l‘lormoz
3305 2103 3479 2155 virum
3514 2102 3806 2169 quemdam
3844 2120 3947 2155 uo-

2379 2196 2523 2247 minc
2548 2195 2897 2255 Bahramum,
2949 2193 3198 2247 Balu-ami
3236 2194 3400 2247 filium
3439 2194 3741 2262 (quietiam
3791 2197 3959 2251 Sunir

2383 2284 2584 2353 dictus)
2610 2329 2621 2345 ,
2648 2302 2770 2339 cum
2800 2286 3087 2339 duodecim
3121 2287 3353 2339 militum
3385 2286 3650 2339 millibus.
3677 2287 3959 2353 luterfecit

2378 2394 2505 2445 ergo
2543 2377 2775 2430 Bahram
2836 2378 3001 2431 Sunir
3034 2376 3375 2441 Chakanum,
3432 2379 3730 2445 cupiasque
3782 2379 3956 2446 ipsius

2377 2468 2697 2535 Spoliandas
2728 2470 2895 2527 dedit.
2936 2472 3003 2521 At
3036 2485 3157 2522 cum
3198 2470 3473 2538 negotium
3510 2471 3610 2522 hoc
3650 2486 3774 2523 cum
3806 2470 3951 2523 Cba-

2378 2563 2518 2616 kauo
2553 2563 2941 2629 cxpedivisset,
3001 2563 3054 2615 in
3107 2573 3342 2614 tuentem
3399 2578 3658 2615 revocans
3697 2562 3954 2616 llormozi

2379 2655 2635 2708 ferociam
2694 2666 2747 2708 et
2807 2655 3171 2725 tyrannidem,
3227 2668 3474 2723 quasque
3530 2654 3597 2705 de
3637 2655 3872 2707 ducibus
3904 2665 3958 2707 et

2380 2752 2711 2805 exercitibus
2750 2752 2862 2805 suis
2916 2750 3263 2818 suspiciones
3305 2750 3476 2801 tnalas
3513 2748 3737 2811 foveret,
3775 2750 3957 2801 timuit

2381 2843 2445 2895 ad
2477 2844 2651 2910 ipsum
2684 2842 2879 2901 redire.
2919 2842 3147 2907 ideoque
3172 2839 3299 2891 dum
3330 2840 3509 2891 adhuc
3548 2840 3598 2892 iu
3630 2838 3955 2893 Charasano

2379 2948 2519 2988 esset
2576 2934 2630 2987 in
2683 2938 2860 3003 ipsum
2897 2934 3195 2996 rebellavit,
3232 2947 3557 3000 manumque
3586 2934 3651 2984 ab
3681 2932 3956 2998 obsequio

2381 3029 2481 3093 ipsi
2523 3025 2827 3093 pra-stando
2882 3024 3181 3077 subtraxit.
3238 3023 3511 3075 lrrueutes
3543 3023 3704 3075 etiam
3742 3038 3865 3089 qur
3900 3024 3955 3075 in

2385 3116 2560 3169 Eraco
2592 3127 2747 3171 erant
2782 3118 2950 3185 copim
3000 3117 3051 3167 in
3086 3116 3436 3174 llormoznut,
3472 3113 3541 3165 ob
3576 3113 3775 3165 malum
3811 3113 3956 3180 quod

708 3210 956 3268 acceptas
988 3204 1219 3262 habere;
1246 3204 1432 3258 oculos
1467 3206 1684 3259 interim
1720 3224 1850 3262 suos
1884 3209 2112 3260 sudario
2131 3211 2271 3277 quod
2305 3223 2348 3278 ο
2386 3210 2645 3263 viderunt
2679 3209 2851 3277 ipsius
2888 3208 3149 3275 rcgimcu,
3183 3206 3362 3274 ipsutu
3399 3219 3564 3273 regno
3590 3205 3956 3269 abdicarunt,

708 3306 873 3358 super
906 3290 1042 3345 facie
1072 3292 1241 3361 ipsius
1281 3293 1455 3348 fuerat
1490 3296 1795 3365 detergens.
1851 3299 2103 3369 Cumque
2175 3302 2276 3355 huc

710 3382 871 3436 modo
902 3384 1092 3437 multis
1140 3384 1288 3439 horis
1323 3386 1657 3455 perstitisset
1689 3388 1983 3443 Dominum
2023 3390 2276 3457 precibus

711 3476 1058 3529 lnelamaudo
1086 3487 1138 3531 et
1171 3488 1397 3546 peccata
1434 3495 1531 3534 sua
1568 3481 1900 3542 confitendo.
1938 3483 2058 3535 dein
2115 3484 2278 3549 spiri-

714 3578 825 3619 tum
863 3583 1020 3621 suum
1055 3570 1257 3625 emisit.
1297 3569 1419 3625 Fuit
1454 3581 1633 3625 autem
1687 3572 2163 3641 Constantiiwpoli
2200 3575 2279 3626 vir

714 3662 938 3727 quidam
977 3677 1005 3715 c
1063 3662 1404 3731 principibus
1441 3664 1795 3727 medicorum,
1852 3663 2085 3718 eximius
2119 3675 2279 3733 atque

713 3754 984 3819 egregius,
1020 3756 1109 3822 qui
1140 3753 1385 3820 quotidie
1415 3765 1649 3824 a'grotos
1700 3754 1791 3823 qui
1848 3756 1900 3807 iu
1960 3758 2280 3809 nosoeomio

715 3844 958 3908 fuerunt,
991 3845 1216 3899 visitare
1267 3845 1496 3899 solebat.
1554 3845 1650 3899 llic
1708 3846 1850 3899 inter
1901 3845 2278 3901 dormiendum

711 3935 858 3989 dumi
892 3951 1003 3991 sua:
1058 3936 1109 3988 in
1169 3936 1382 3990 somnio
1432 3936 1618 3989 eadem
1681 3934 1812 3989 hora
1871 3952 1975 4003 qua
2032 3946 2281 3988 mortuus

718 4026 1076 4097 197-199
1101 4038 1185 4082 est
1218 4028 1361 4080 latro
1392 4027 1526 4080 vidit
1556 4027 1890 4096 Nigritarum
1923 4028 2161 4091 turbam,
2187 4027 2279 4095 qui

715 4118 781 4171 ad
816 4121 1042 4172 latronis
1081 4119 1277 4173 let-tum
1336 4119 1658 4171 accedentes
1709 4118 1928 4172 chartas
1961 4134 2143 4172 secum
2185 4120 2273 4170 ba-

714 4217 904 4264 berent
929 4212 1127 4279 quibus
1160 4212 1421 4281 inscripta
1454 4221 1608 4263 erant
1635 4212 1754 4278 ejus
1786 4222 2005 4280 peccata
2040 4229 2054 4274 ;
2090 4212 2281 4266 deinde

713 4313 768 4358 et
815 4304 957 4357 viros
1003 4304 1138 4356 duos
1172 4319 1400 4368 quorum
1437 4304 1618 4356 vultus
1651 4303 2123 4370 Spleudcscebaut,
2155 4320 2283 4355 cau-

713 4394 846 4448 dore
884 4395 1018 4459 nivi,
1062 4393 1466 4463 pulchritudine
1519 4394 1618 4445 soli
1659 4393 1887 4452 similes.
1952 4395 2143 4446 libram
2203 4402 2283 4446 te—

715 4499 953 4541 nentes:
1024 4487 1451 4554 acccdeutesque
1520 4484 1756 4553 Nigritas
1841 4485 2062 4537 chartas
2148 4486 2281 4540 istas

2384 3302 2697 3355 interimere
2732 3310 2910 3353 tamen
2956 3301 3134 3367 ipstun
3174 3297 3454 3350 timentes.

2451 3393 2573 3447 Fuit
2610 3404 2790 3447 autem
2817 3391 3085 3444 llormozo
3105 3390 3246 3442 filius
3278 3388 3363 3442 cui
3392 3402 3591 3440 nomen
3622 3387 3813 3449 Cesra,
3848 3390 3938 3454 qui

2384 3485 2453 3539 ab
2481 3486 2599 3554 ipso
2630 3486 2682 3536 iu
2727 3483 3059 3551 Aderbijauo
3093 3482 3289 3535 abfuit.
3328 3479 3427 3532 llic
3461 3480 3647 3531 auditu
3686 3481 3822 3548 quid
3853 3480 3956 3531 ι»..-

2383 3580 2453 3631 tri
2505 3594 2606 3630 suo
2648 3576 2940 3630 accidisset
2970 3591 3074 3628 una
3118 3591 3243 3627 cum
3290 3571 3594 3624 comitibus
3633 3574 3751 3627 suis
3797 3588 3956 3639 Opem

2382 3667 2738 3737 201-203
2772 3666 2875 3733 ipsi
2909 3668 3079 3720 latum
3122 3669 3357 3721 accessit
3386 3686 3399 3721 :
3446 3678 3500 3720 at
3531 3683 3651 3717 t'ttttt
3689 3666 3782 3717 illo
3816 3680 3958 3732 pne-

2382 3759 2571 3814 stando
2617 3775 2722 3812 non
2760 3767 2938 3818 essu,
2986 3758 3200 3824 fugiens
3252 3758 3527 3812 Romanos
3583 3772 3779 3810 versus
3839 3773 3959 3822 pcr—

2384 3853 2559 3909 t-cxit,
2610 3852 2870 3902 auxilium
2911 3866 2939 3903 a
2990 3849 3253 3902 Mauricio
3309 3852 3635 3920 imperatore
3692 3850 3959 3916 implora-

2384 3954 2520 4006 tutu,
2564 3942 2852 4009 ipsumque
2887 3953 2944 3993 ut
2976 3958 3097 3993 eum
3136 3944 3186 3993 in
3235 3941 3395 3993 finem
3428 3942 3732 3993 exercitum
3764 3956 3955 3993 secum

2384 4036 2623 4088 mitteret
2678 4045 2967 4100 rogatum,
3024 4043 3147 4085 oeto
3203 4048 3388 4085 secum
3432 4048 3655 4085 sitorum
3724 4032 3957 4090 habens.

2385 4143 2598 4195 ttnaquc
2627 4127 2926 4179 avunculos
2963 4140 3096 4178 suos
3120 4123 3359 4177 Nabdam
3384 4136 3437 4177 et
3474 4123 3778 4180 Nustauum
3808 4141 3822 4187 ;
3867 4125 3958 4191 qui

2384 4217 2510 4270 dum
2548 4215 2690 4269 inter
2722 4215 2963 4269 cundum
2996 4215 3144 4266 inter
3175 4229 3233 4266 se
3265 4215 3553 4266 consiliqu
3604 4224 3864 4281 caperent
3893 4214 3959 4265 de

2386 4307 2604 4377 negotio
2645 4320 2766 4366 suo,
2817 4304 2979 4373 idque
3016 4305 3321 4372 perciperet
3343 4303 3511 4357 Cesra
3558 4320 3571 4356 :
3612 4304 3780 4357 Dicite
3828 4305 3959 4356 mihi

2386 4396 2594 4465 inquit,
2652 4395 2781 4464 quid
2827 4405 2911 4449 est
2988 4395 3131 4458 quod
3181 4394 3469 4448 statuitis?
3515 4395 3959 4465 Responderunt,

2385 4486 2500 4543 Non
2524 4499 2602 4543 est
2633 4488 2903 4542 sententia
2928 4497 3116 4540 nostra
3146 4495 3197 4538 ut
3237 4503 3299 4539 ex
3328 4487 3427 4540 bac
3464 4488 3682 4557 regione
3709 4488 3960 4541 discedas

720 4594 911 4632 omnes
936 4579 989 4631 iu
1028 4579 1219 4631 libram
1254 4578 1525 4645 conjicere
1564 4576 1699 4630 adeo
1732 4584 1787 4626 ιιι
1812 4576 2044 4630 lanciunt
2090 4578 2277 4641 altera,
2308 4579 2359 4636 D
2388 4592 2677 4650 antequam
2754 4579 3085 4631 Itormozam
3159 4577 3615 4631 inter-fecerimus.
3689 4576 3960 4632 Nolumus

718 4671 888 4723 altera
922 4668 1178 4738 depressa
1231 4670 1593 4733 ascenderet;
1632 4669 1837 4722 dixisse
1884 4685 2014 4737 ergo
2050 4670 2280 4722 alterttut

719 4762 957 4814 virorum
994 4760 1353 4815 candidorum
1386 4760 1539 4814 socio
1572 4774 1671 4814 suo
1703 4776 1716 4813 :
1754 4760 1870 4813 Non
1905 4769 1989 4815 est
2018 4761 2174 4814 nobis
2198 4761 2284 4814 hic

716 4852 970 4921 aliquid?
1012 4851 1399 4920 Respondente
1455 4860 1637 4904 autem
1671 4852 1886 4904 altero:
1938 4852 2077 4915 Quid
2128 4852 2283 4904 nobis

720 4942 808 4995 hic
839 4952 1005 5005 esset,
1058 4958 1180 4995 cum
1212 4941 1453 4996 nondum
1488 4942 1674 4997 decem
1715 4943 1832 4996 dies
1866 4943 1976 4995 sint
2006 4958 2067 4995 ex
2110 4960 2217 5010 quo
2254 4960 2281 4995 a

716 5034 1001 5088 latrocinio
1054 5035 1357 5089 exercendo
1406 5050 1706 5090 conversus
1740 5035 1854 5089 sit?
1912 5051 2031 5088 cum
2087 5036 2281 5088 lectum

717 5125 1052 5194 perscrutari
1081 5130 1320 5196 aggressi
1352 5135 1553 5191 essent,
1591 5127 1661 5181 ibi
1699 5127 1977 5182 sudarium
2014 5142 2122 5195 quo
2154 5144 2284 5181 ocu-

718 5220 801 5272 los
834 5233 963 5273 suos
996 5219 1330 5274 absterserat
1373 5219 1666 5283 invenisse,
1723 5220 1865 5287 quod
1916 5236 2039 5272 cum
2079 5219 2131 5271 in
2171 5219 2285 5271 lan-

716 5310 859 5362 cium
914 5310 1135 5363 alteram
1210 5308 1505 5377 misissent,
1564 5308 1917 5364 descendisse
1970 5309 2113 5360 illam
2166 5324 2285 5376 qua:

722 5403 872 5470 prius
903 5402 1086 5455 minus
1120 5402 1405 5466 habuerat,
1458 5403 1670 5455 sublata
1728 5401 1897 5455 altera
1935 5400 1986 5453 in
2030 5416 2135 5469 qua
2170 5400 2284 5455 fue-

723 5504 846 5547 rant
882 5496 1107 5558 charta},
1142 5495 1374 5564 illasque
1408 5509 1599 5547 omnes
1643 5493 1917 5562 dispersas
1952 5492 2138 5547 fuiSSc.
2176 5490 2283 5543 Es-

717 5583 1022 5639 clamautes
1074 5601 1204 5655 ergo
1255 5586 1499 5639 dixisse:
1560 5582 1697 5636 Vicit
1730 5584 1820 5637 Dei
1880 5582 2280 5645 misericordia,

717 5684 1053 5746 acceptaque
1080 5679 1255 5731 anima
1298 5692 1483 5732 secum
1515 5675 1687 5745 ipsam
1722 5676 2031 5735 abStulisse.
2067 5675 2279 5742 fugien-

720 5769 867 5825 tibus
894 5768 1117 5839 Nigritis
1150 5770 1355 5837 pudore
1402 5780 1453 5823 et
1490 5768 1717 5823 tristitia
1757 5767 1983 5821 affectis.
2014 5767 2280 5839 Experie-

722 5868 843 5917 ειυς
875 5878 1002 5933 ergo
1064 5862 1306 5919 medicus
1361 5863 1546 5920 statim
1592 5862 1656 5916 ad
1714 5861 1973 5916 latronem
2030 5861 2278 5925 tendens,

2385 4677 2525 4729 enim
2562 4672 2744 4745 [alias]
2774 4672 3093 4726 Mauricium
3134 4670 3367 4725 Roman.
3418 4670 3802 4739 imperatorem
3846 4674 3957 4722 adi-

2387 4782 2466 4829 re,
2509 4783 2595 4831 ne,
2631 4768 2676 4820 si
2722 4766 3005 4833 profectus
3040 4763 3274 4816 llormo:
3310 4762 3372 4815 ad
3406 4762 3583 4831 ipsum
3616 4764 3823 4815 scribat
3860 4780 3959 4817 nos

2385 4873 2411 4907 a
2451 4873 2509 4909 se
2544 4856 2765 4923 fugisse,
2800 4855 2959 4908 nobis
2990 4855 3135 4923 quod
3175 4852 3399 4906 minime
3422 4853 3682 4906 vellemus
3721 4856 3958 4909 acvidat.

2387 4948 2611 5001 ltevetsi
2646 4963 2776 5016 ergo
2821 4948 2887 5000 ad
2920 4945 3252 5000 Hormozutn
3296 4945 3475 5012 ipsum
3523 4944 3958 5001 interfeCeruut.

2385 5043 2506 5093 dein
2550 5041 2614 5093 ad
2664 5040 2886 5093 Cesram
2920 5039 3215 5091 redeuntes
3251 5052 3359 5089 una
3395 5052 3519 5090 cum
3560 5038 3678 5105 ipso
3722 5039 3959 5103 profecti

2388 5141 2517 5185 sunt
2552 5131 2725 5184 donec
2763 5130 2831 5181 ad
2874 5128 3266 5181 monasterium
3307 5126 3581 5194 quoddam
3616 5126 3670 5177 iu
3707 5129 3789 5177 via
3830 5144 3958 5194 per-

2388 5224 2703 5286 venientes,
2736 5221 2805 5273 ibi
2837 5220 3193 5274 divertcreut.
3242 5216 3397 5271 Mane.
3436 5228 3614 5270 autem
3680 5216 3825 5271 facto
3868 5236 3958 5270 su-

2387 5326 2753 5388 pervenerunt
2806 5315 2939 5384 ipsis
2986 5314 3198 5382 equites
3229 5328 3368 5381 quos
3411 5311 3475 5363 ad
3512 5312 3660 5379 ipsos
3706 5328 3957 5379 qua-rea-

2385 5412 2485 5464 dos
2549 5412 2768 5463 miserat
2839 5405 3066 5459 Bahram
3131 5404 3319 5467 Sunir,
3384 5403 3584 5469 quibus
3647 5406 3958 5467 conspectis

2387 5503 2726 5557 moriendum
2775 5499 2875 5553 sibi
2932 5498 3156 5550 tuinime
3198 5494 3540 5548 dubitarunt.
3595 5493 3740 5545 Dixit
3794 5497 3955 5563 igitur

2387 5597 2493 5648 iilis
2542 5593 2725 5646 Nahda
2766 5609 2779 5645 :

2386 5703 2486 5757 ego
2517 5702 2613 5740 vos
2641 5686 2922 5737 indemnes
2949 5681 3238 5751 praestabo.
3280 5679 3613 5731 Conscensis
3643 5694 3775 5745 ergo
3796 5680 3957 5742 equis

2388 5779 2460 5832 illi
2506 5781 2557 5831 in
2600 5776 2791 5830 itinere
2828 5780 3216 5841 perrexerunt,
3240 5770 3509 5837 iussitque
3534 5768 3722 5822 Nabda
3759 5771 3956 5836 ianito-

2388 5881 2495 5918 rem
2540 5864 2857 5917 monasterii
2902 5870 3106 5931 portam
3151 5858 3423 5914 claudere.
3460 5857 3795 5913 Acccdcntcs
3845 5872 3955 5912 au-

2835 5587 3251 5644 Pt'oficiscimiui
3289 5602 3407 5648 vos,
3444 5603 3528 5638 me
3556 5603 3692 5653 pone
3728 5586 3956 5646 relicto;
