4210 6428
215 452 344 515 108i

1648 460 2007 524 ANNALES.

3308 451 3445 517 1082

209 578 316 621 ιϊιιι
353 568 567 635 equites
592 571 984 623 monasterium
1018 571 1520 637 circumdederunt,
1546 574 1611 626 ad
1637 592 1775 642 quos
1812 575 1847 629 Δ
1881 574 2121 642 impellat
2152 574 2312 641 hujus
2348 574 2593 641 mulieris
2623 571 2878 626 ducendae
2913 584 3064 623 :unor
3090 609 3102 633 ,
3140 578 3195 621 ut
3225 568 3443 621 deseras

206 663 518 716 ascendens
561 661 769 726 Nahda,
816 665 955 716 Dicit
1004 666 1157 718 vobis
1184 667 1404 734 (inquit)
1436 667 1624 724 αρετῇ,
1675 667 1776 718 Su-

209 768 331 805 tnns
364 769 463 805 nos
502 755 554 805 iit
595 756 848 809 manibus
880 758 1077 811 vestris
1115 758 1276 828 204
1319 760 1458 827 quod
1489 760 1531 811 si
1569 762 1777 825 placeat

206 844 367 898 vo'sis
429 846 588 899 nobis
633 850 949 912 permittere
1016 856 1073 901 ut
1138 852 1399 918 reliquam
1453 851 1617 916 hujus
1671 851 1773 902 diei

208 946 416 1003 partem
462 938 547 990 hic
589 939 979 1007 transigantus.
1020 940 1219 994 facite:
1275 942 1379 994 illis
1431 945 1531 993 hoc
1576 958 1775 995 conre-

207 1028 490 1089 dt-ntihus,
533 1029 855 1083 adveniente
906 1041 1060 1085 nocte
1090 1048 1308 1085 rursum
1366 1032 1669 1085 ascendens
1694 1042 1774 1084 at-

206 1130 317 1181 que
380 1116 512 1182 ipsis
565 1119 1054 1186 appropinquans,
1128 1119 1270 1173 Dicit
1347 1120 1569 1188 (inquit)
1622 1121 1775 1173 vobis

206 1207 415 1260 Cesra:
469 1207 688 1277 Magnas
722 1210 877 1263 vobis
910 1212 1112 1279 gratias
1158 1227 1295 1281 ago,
1327 1213 1469 1280 quod
1515 1213 1562 1267 si
1599 1213 1774 1265 visum

206 1299 369 1350 Vobis
430 1298 589 1351 fuerit
630 1310 684 1352 et
725 1302 1073 1355 tenebrarum
1129 1312 1521 1357 nocturnarum
1569 1318 1772 1355 moram

207 1392 372 1443 nobis
400 1391 700 1445 concedere
730 1409 903 1461 usque
929 1396 994 1447 ad
1023 1410 1301 1460 auroram,
1336 1404 1449 1447 tum
1476 1395 1675 1463 egressi
1709 1395 1774 1447 ad

208 1496 308 1533 vos
349 1497 456 1535 una
493 1482 790 1549 profecturi
829 1502 1058 1540 sumus:
1104 1487 1247 1554 quod
1285 1488 1447 1540 etiam
1473 1486 1775 1539 concedeu-s

208 1572 354 1625 tibus
399 1574 568 1640 ipsis,
607 1590 711 1627 noti
760 1576 963 1629 destitit
1012 1576 1194 1630 Nabda
1226 1579 1412 1632 eodem
1445 1579 1606 1631 modo
1651 1592 1773 1629 eum

208 1665 316 1717 illis
360 1681 518 1734 agere
546 1668 721 1721 donec
777 1669 939 1721 sciret
971 1670 1192 1722 Cesram
1226 1672 1509 1738 ipsiusque
1548 1669 1774 1722 comites

211 1761 445 1810 multmn
498 1760 551 1811 in
602 1761 797 1813 itinere
828 1763 1200 1828 promovisse,
1251 1770 1304 1815 et
1332 1762 1396 1813 ad
1437 1769 1631 1813 terram
1677 1762 1776 1813 ali-

205 1863 373 1915 quam
423 1848 769 1916 longinquam
824 1851 1133 1917 pertigisse.
1166 1850 1304 1903 Tum
1357 1865 1483 1901 vero
1519 1847 1770 1902 Bahrami

205 1940 406 1993 milites
502 1940 778 2006 quomodo
812 1957 933 1994 cum
973 1941 1106 2008 ipsis
1164 1955 1253 1993 res
1296 1941 1517 1993 haberet
1568 1939 1771 1991 certiu-

206 2047 293 2084 res
325 2029 473 2083 fecit.
504 2030 604 2095 Qui
638 2048 768 2099 ergo
812 2033 988 2100 ipsum
1051 2034 1290 2085 vinctum
1338 2033 1401 2085 ad
1447 2031 1769 2084 Bahramum

204 2121 535 2186 defereutcs,
572 2123 701 2189 quid
754 2123 887 2190 ipsis
917 2123 1235 2192 contigisset
1278 2131 1595 2175 narrarunt.
1650 2121 1772 2189 Ipse

206 2229 335 2265 vero
369 2213 525 2265 valde
579 2213 729 2266 illtttn
764 2217 996 2267 miratus
1026 2216 1078 2267 in
1110 2229 1332 2267 carcere
1372 2213 1602 2266 detineri
1658 2214 1772 2275 jus-

202 2308 267 2355 sit
312 2304 453 2373 apud
483 2319 738 2369 generum
778 2307 1067 2371 quemdam
1107 2322 1262 2359 suum
1295 2307 1509 2359 nomine
1539 2305 1767 2357 Bahram

201 2395 320 2449 Elin
378 2396 665 2459 Siachnsi;
712 2397 799 2449 ille
830 2413 958 2448 vero
996 2398 1312 2465 pertrahere
1344 2398 1507 2463 rmpit
1563 2396 1768 2448 Bibra-

202 2502 350 2537 mum
382 2486 697 2551 praedictum
741 2487 806 2538 ad
838 2487 1158 2553 obsequium
1189 2488 1388 2545 Castae.
1417 2489 1484 2537 ab
1532 2486 1769 2537 amicitia

201 2591 331 2629 vero
360 2576 546 2628 Suuiri
567 2578 907 2638 abstrahere,
942 2577 1128 2629 dicens
1166 2576 1268 2644 ipsi
1301 2594 1313 2627 :
1362 2574 1639 2627 Snascri-n
1667 2590 1769 2640 ego

202 2667 298 2720 tibi
354 2677 415 2720 ιιι
448 2683 542 2735 per
580 2666 805 2721 insidias
851 2667 1115 2720 Sunirum
1145 2682 1174 2720 e
1208 2666 1387 2718 medio
1436 2665 1618 2727 tollas,
1659 2680 1767 2732 quo

201 2771 363 2827 pacto
403 2772 652 2827 magnam
693 2759 833 2826 apud
871 2757 1093 2812 Cesram
1128 2758 1354 2826 gratiam
1397 2758 1633 2811 initurus
1662 2774 1763 2811 rs:

199 2864 301 2903 nec
334 2848 547 2901 destitit
588 2849 689 2901 hac
715 2849 780 2901 de
835 2864 892 2901 re
927 2850 1176 2902 nuntium
1203 2858 1321 2917 post
1359 2849 1611 2901 nuntium
1640 2848 1765 2902 mit-

199 2950 315 2991 tere
347 2941 521 2991 donec
564 2954 659 2991 eor
701 2938 872 3005 ipsius
922 2937 1182 3001 ﬂexisset,
1227 2939 1363 2990 adeo
1417 2949 1472 2991 ut
1507 2938 1762 2989 Snnirum

200 3031 509 3083 interticere
540 3041 867 3093 conaretur;
897 3030 1037 3097 quod
1070 3046 1188 3079 rtttzt
1218 3028 1561 3095 percepisset
1595 3026 1758 3080 Suni~

199 3139 293 3176 rus
326 3122 501 3174 orcidi
546 3122 719 3189 ipsum
759 3122 944 3189 jussit.
981 3120 1137 3189 Fugit
1169 3130 1347 3174 autem
1394 3121 1579 3174 Nahda
1623 3120 1760 3173 adeo

202 3224 260 3266 ut
288 3217 466 3281 ipsunt
498 3215 716 3278 assequi
755 3230 859 3265 non
894 3223 1097 3278 posset.
1124 3213 1255 3265 Cum
1290 3229 1415 3266 vero
1437 3215 1758 3267 accessissc't
1789 3228 1829 3284 ρ

582 3305 748 3357 Cesra
774 3306 835 3356 ad
873 3305 1192 3357 Manricium
1229 3307 1632 3371 imperatorem,
1671 3305 1760 3356 ille

196 3396 373 3462 ipsum
407 3395 644 3460 excepit,
679 3394 934 3459 misitque
959 3411 1080 3448 cum
1106 3395 1221 3462 ipso
1242 3395 1540 3447 exercitum
1569 3395 1757 3462 iugen-

197 3494 304 3538 tem
356 3488 449 3547 qui
486 3486 751 3537 auxilium
804 3484 903 3553 ipsi
949 3483 1138 3538 ferret.
1178 3485 1466 3539 Profectus
1507 3495 1590 3539 est
1632 3502 1760 3553 ergo

194 3577 360 3630 Cesra
394 3592 502 3629 una
534 3592 655 3629 cum
688 3576 859 3640 copiis
888 3593 1024 3644 quas
1053 3593 1174 3629 cum
1204 3578 1323 3643 ipso
1358 3580 1579 3631 miserat
1605 3578 1754 3631 Mau—

197 3670 371 3722 ricius
428 3684 522 3735 per
569 3669 709 3719 viam
759 3668 1030 3721 Arntcnim
1081 3685 1251 3737 usque
1283 3674 1406 3722 dum
1443 3672 1492 3723 iu
1529 3672 1758 3724 Aderbi-

190 3762 282 3827 jan
336 3768 516 3813 castra
566 3769 869 3827 ponerent,
917 3760 1131 3812 obviam
1174 3762 1333 3813 etiam
1368 3764 1613 3815 veniente
1660 3763 1758 3831 ipsi

196 3852 463 3905 Bahramo
515 3851 681 3905 Sunir
730 3851 904 3905 donec
938 3852 1041 3920 ipsi
1075 3853 1219 3905 eoin
1260 3854 1380 3907 loco
1420 3866 1760 3917 occurreret,

196 3943 296 3997 Ubi
328 3944 514 4009 pra-lio
544 3946 688 3997 inter
720 3944 867 4012 ipsos
901 3946 1049 4013 gravi
1098 3948 1421 4009 commisso,
1475 3948 1526 4000 in
1579 3948 1759 4014 fugam

194 4050 498 4088 conversus
552 4034 719 4087 Snnir
752 4052 926 4104 usque
967 4037 1031 4089 ad
1082 4036 1290 4093 Turcas
1332 4039 1591 4107 perrexit.
1642 4040 1758 4095 Non

192 4126 403 4179 destitit
435 4135 615 4178 autem
653 4126 822 4179 Cesra
877 4144 970 4197 per
1007 4129 1240 4183 insidias
1286 4145 1446 4198 agerc
1480 4133 1655 4187 donec
1688 4134 1757 4188 ibi

194 4217 639 4270 interficiendum
674 4229 946 4273 curasset.

261 4310 506 4378 Regnum
552 4326 681 4380 ergo
732 4314 1019 4381 occupavit
1060 4316 1225 4369 Cesra
1278 4316 1422 4370 filius
1472 4315 1757 4378 IIormozi,

190 4401 286 4468 qui
322 4400 573 4467 Aperwiz
602 4406 1022 4469 cognominatus
1059 4416 1166 4468 est,
1201 4422 1374 4459 annos
1402 4408 1622 4475 triginta
1666 4426 1761 4461 nn-

190 4509 352 4557 vem',
412 4492 572 4561 idque
606 4508 750 4546 anno
795 4494 1001 4560 imperii
1056 4495 1337 4561 Mauricii,
1389 4498 1754 4550 Romanorum

1882 666 2012 719 illud
2041 665 2186 733 quod
2218 665 2445 732 professi
2484 674 2607 718 sunt
2645 674 2827 731 patres
2862 663 2937 715 tui
2969 703 2983 726 ,
3019 676 3142 712 cum
3184 670 3442 727 praeterea

1881 773 1978 812 nec
2005 758 2078 810 sit
2113 756 2304 823 religio
2332 755 2638 809 Christiana
2670 769 2731 805 ea
2767 768 2923 819 quam
2978 762 3036 803 ut
3090 753 3440 815 amplectaris

1881 845 2115 911 probare
2146 858 2441 911 possumus
2471 863 2482 896 :
2516 860 2636 895 rum
2666 841 2964 896 Christiani
3006 842 3270 905 foulifragi
3308 819 3458 899 sint;

1880 952 1980 989 uec
2025 936 2187 988 vet-ho
2236 937 2475 1003 ipsorum
2527 937 2657 990 fides
2696 934 2939 987 adhiberi
2978 935 3165 1000 possit.
3200 933 3288 985 Ille
3315 949 3441 985 vero

1885 1029 1976 1080 ubi
2009 1027 2357 1082 Christianus
2385 1026 2562 1081 factus
2586 1037 2690 1085 est.
2726 1027 2943 1093 scriptis
2972 1025 3174 1078 litteris
3197 1024 3261 1077 ad
3296 1024 3441 1076 Matt-

1886 1119 2079 1172 ricium
2118 1118 2292 1184 ipsum
2326 1116 2443 1183 ejus
2478 1116 2554 1169 rei
2584 1115 2874 1167 certiorem
2911 1114 3058 1175 fecit,
3095 1114 3189 1180 qui
3222 1127 3351 1179 ergo
3382 1111 3443 1161 ft-

1880 1212 2005 1264 liam
2037 1225 2188 1264 suam
2214 1210 2277 1259 ad
2314 1208 2485 1276 ipsum
2523 1207 2670 1261 misit
2693 1221 2812 1258 cum
2844 1205 2960 1256 auri
2988 1204 3262 1270 etargenti
3289 1203 3441 1267 copia

1876 1318 1997 1369 quae
2026 1301 2129 1355 dici
2179 1314 2285 1352 non
2322 1307 2539 1367 potest,
2577 1313 2791 1365 unaque
2839 1311 2963 1349 cum
3015 1294 3361 1363 supellectilis
3390 1302 3444 1344 ιιι

1878 1392 2203 1446 famulorum
2255 1406 2317 1441 ac
2352 1390 2670 1443 ancillarum
2692 1388 2951 1442 comitatu
2979 1385 3190 1453 qualem
3216 1400 3244 1435 a
3266 1383 3353 1437 tali
3375 1382 3441 1435 ad

1876 1484 2036 1536 talem
2061 1481 2196 1535 mitti
2223 1480 2456 1533 deceret.
2500 1479 2746 1547 Aperwiz
2783 1478 2945 1531 Cesra
2975 1484 3156 1529 autem
3194 1474 3315 1528 illos
3348 1473 3439 1541 qui

1876 1584 2078 1643 patrem
2154 1588 2311 1625 sutnn
2372 1571 2756 1623 interfecerant
2808 1570 3191 1636 prehendens,
3244 1566 3443 1633 ipsose

1879 1666 2054 1718 medio
2100 1665 2341 1718 sustulit.
2388 1662 2662 1715 Interfecit
2729 1659 2968 1713 Nabdam
3032 1669 3085 1713 et
3121 1656 3439 1711 Nastamum

1876 1755 2173 1807 avunculus
2194 1771 2347 1815 suos,
2368 1764 2480 1805 tum
2505 1762 2555 1806 et
2591 1752 2838 1805 subditos
2862 1765 2990 1804 suos
3041 1748 3326 1817 tyranuice
3347 1762 3434 1796 rc-

1877 1860 2000 1914 gere
2028 1846 2272 1912 maleque
2299 1852 2532 1897 tractare
2581 1843 2781 1909 ineepit
2813 1858 2827 1905 ;
2862 1838 3242 1909 congessitque
3276 1853 3437 1905 opum

1879 1937 2001 2005 plus
2018 1952 2177 2005 quant
2202 1944 2413 2003 patrum
2434 1934 2605 2001 ipsius
2623 1933 2890 2000 quispiam
2915 1939 3444 2006 congesseransum:

1879 2030 2173 2098 ptibusquc
2190 2029 2453 2094 pepercit,
2478 2025 2742 2093 depositis
2772 2025 3064 2081 nobilibus.
3089 2037 3152 2075 ac.
3177 2007 3437 2088 principi-

1876 2124 1976 2175 hus
1999 2122 2061 2175 ad
2091 2121 2439 2189 ignominiam
2475 2119 2730 2173 redactis.
2772 2116 2937 2168 Porro
2971 2114 3112 2181 qttod
3137 2113 3200 2165 ad
3237 2107 3436 2165 Mauri-

1874 2216 2015 2267 citun
2048 2212 2421 2266 Romanorum
2461 2213 2867 2278 imperatorem,
2908 2208 3008 2261 fuit
3039 2208 3139 2275 ipsi
3170 2206 3428 2267 famulus.

1873 2321 2029 2371 quem
2055 2307 2254 2359 amavit
2275 2313 2327 2356 et
2347 2306 2410 2355 ari
2435 2303 2750 2372 dignitatem
2776 2302 2972 2365 erexit,
3010 2300 3229 2353 nomine
3262 2298 3436 2350 Thro-

1871 2399 2056 2460 dorus,
2087 2398 2378 2465 aliquando
2400 2405 2577 2449 tamen
2604 2396 2703 2462 ipsi
2737 2395 2909 2448 iratus
2931 2396 3169 2459 graviter
3206 2406 3436 2459 percus-

1871 2494 1964 2557 sit,
1990 2493 2131 2544 unde
2172 2492 2224 2543 in
2261 2491 2410 2543 illum
2447 2491 2581 2541 iram
2603 2489 2790 2542 animo
2813 2487 3081 2554 concepit.
3110 2484 3427 2539 Fuiteideu:

1871 2584 2236 2655 [imperatori]
2287 2585 2428 2636 inter
2469 2584 2636 2637 duces
2701 2582 2870 2649 ipsius
2939 2580 3156 2648 quidam
3212 2578 3435 2630 nomine

1869 2677 2100 2739 Phocas,
2151 2678 2237 2728 cui
2274 2677 2446 2728 iratus
2487 2674 2604 2727 f-iit.
2642 2674 2781 2727 Dixit
2832 2688 2961 2741 ergo
3007 2672 3214 2723 Pboras
3263 2685 3432 2738 puero

1867 2765 2184 2826 Theodoro,
2221 2775 2505 2833 postquam
2544 2779 2793 2831 magnam
2851 2762 2951 2825 ipsi
3013 2760 3254 2828 pecunia:
3283 2775 3432 2811 sumo

1868 2872 2009 2909 mam
2047 2854 2325 2908 dedisset:
2364 2854 2493 2905 Arte
2533 2853 2710 2918 aliqua
2758 2851 2928 2903 utaris
2968 2864 3071 2916 qua
3111 2847 3429 2900 Mauricium

1867 2948 2173 3001 interficere
2218 2946 2418 3015 possis.
2452 2944 2805 3013 209-211
2848 2940 2986 2994 I‘uer
3017 2956 3170 3001 ergo.
3214 2955 3321 3006 pne
3353 2943 3429 2990 ira

1865 3054 2026 3104 quam
2073 3039 2124 3091 iu
2170 3038 2349 3105 ipsum
2393 3036 2558 3089 corde
2598 3036 2920 3092 retinuerat,
2961 3042 3116 3085 noctu
3155 3032 3431 3097 ingressis

1867 3132 2042 3199 ipsum
2096 3130 2395 3183 interfecit.
2422 3128 2707 3196 Imperium
2746 3136 2923 3179 autent
2960 3126 3246 3191 occupavit
3290 3124 3431 3176 Pho-

1865 3238 1976 3277 (‘35.

1934 3312 2219 3378 Imperavit
2266 3328 2394 3381 ergo
2464 3312 2673 3365 I‘hocas
2725 3311 2983 3363 Rotnanis
3030 3317 3154 3363 octo
3207 3323 3419 3366 annos,

1862 3406 2023 3471 idque
2063 3421 2208 3458 anno
2266 3406 2416 3473 regni
2482 3404 2661 3457 Crsrm
2704 3403 2988 3456 Persarum
3044 3402 3185 3469 regis
3219 3396 3427 3453 decimo

1861 3499 2075 3567 quinto.
2117 3496 2175 3550 In
2208 3497 2451 3551 Mauricii
2492 3497 2651 3547 etiam
2680 3495 2880 3547 liberos
2916 3508 3035 3547 cum
3071 3507 3265 3546 mattus
3299 3491 3425 3553 inii-

1863 3590 2016 3642 ciens
2049 3588 2259 3641 Phocas
2294 3602 2387 3640 eos
2422 3586 2743 3646 trucidaret,
2778 3587 2961 3638 nutrix
2989 3584 3232 3651 ipsorum
3260 3598 3424 3633 omna

1865 3695 2052 3733 eorum
2083 3681 2414 3749 prehensum
2446 3677 2814 3737 abscondens.
2845 3675 3009 3728 filium
3035 3675 3153 3741 ejus
3189 3674 3303 3725 vice
3332 3687 3426 3722 oe-

1864 3768 2158 3823 cidendunt
2191 3768 2436 3822 tradidit.
2473 3767 2610 3820 I’uer
2643 3768 2745 3820 iste
2768 3782 2890 3819 cum
2930 3764 3278 3827 adolevisset,
3314 3778 3426 3814 mo-

1866 3866 2074 3919 nachus
2126 3863 2299 3915 factus
2348 3862 2404 3914 in
2457 3868 2638 3913 monte
2681 3856 2847 3919 Sina,
2902 3867 3149 3911 mortuus
3204 3865 3307 3909 est.
3359 3857 3427 3906 At

1862 3954 2052 4015 Cesra.
2086 3952 2344 4006 IIornt'ozi
2375 3951 2540 4013 filius,
2585 3949 2775 4002 audito
2810 3946 3128 4000 Mauricium
3159 3961 3279 3999 cum
3313 3960 3426 3997 om-

1864 4045 2022 4099 nibus
2050 4044 2223 4112 ipsius
2250 4042 2376 4096 filiis
2417 4040 2762 4094 interfectum
2799 4054 2940 4099 esse.
2976 4036 3289 4090 convocatis
3327 4051 3419 4089 eo-

1864 4137 2082 4190 mitilms
2128 4134 2243 4188 suis
2273 4135 2408 4186 dixit
2443 4133 2575 4201 ipsis
2603 4149 2615 4182 :
2664 4129 2896 4183 Necesse
2926 4129 3052 4181 mihi
3096 4139 3179 4181 est
3208 4137 3263 4180 ut
3297 4143 3425 4179 san-

1861 4227 2078 4295 guinem
2129 4224 2302 4277 soceri
2359 4223 2462 4275 mei
2513 4224 2806 4287 requiram,
2858 4221 3145 4287 ipsmnque
3194 4218 3425 4271 ulciscar

1863 4315 2178 4384 (instigante
2238 4316 2303 4365 ad
2360 4315 2460 4368 hoc
2510 4314 2686 4382 ipsum
2730 4312 2961 4380 conjuge
3002 4312 3174 4378 ipsius
3224 4310 3421 4371 Maria,

1866 4406 2109 4458 Mauricii
2146 4404 2298 4470 filia).
2340 4404 2435 4457 Cui
2470 4403 3183 4471 rcSponderuntconsiliarii
3217 4406 3419 4470 ipsius:

1864 4495 1974 4549 Nos
2024 4504 2169 4549 certe
2222 4496 2314 4549 tibi
2373 4497 2606 4549 diximus
2673 4494 3001 4549 ChriStianis
3051 4512 3149 4548 nec
3206 4506 3420 4563 partum

191 4584 562 4651 imperatoris,
611 4586 860 4652 septimo.
908 4584 1162 4639 Stabilito
1195 4596 1375 4640 autem
1427 4589 1539 4655 jam
1592 4605 1755 4657 penes
1792 4565 1831 4619 Β
1858 4602 1979 4641 esse
2016 4604 2112 4639 nec
2146 4587 2326 4649 fidem,
2382 4603 2478 4639 nec
2520 4588 2736 4641 fmdus:
2788 4598 2842 4639 tu
2883 4602 3009 4641 vero
3046 4588 3202 4639 nobis
3235 4602 3419 4639 aurem

188 4676 408 4729 Cesram
459 4691 662 4743 regno.
702 4678 911 4730 remisit
967 4678 1053 4730 ille
1124 4678 1389 4730 Mauricio
1442 4680 1755 4747 itttpcrttloti

188 4768 376 4832 copias
414 4783 564 4828 snas,
607 4784 699 4820 eas
733 4768 890 4820 donis
915 4778 980 4836 ct,
1010 4771 1327 4823 muneribus
1356 4811 1371 4830 ,
1430 4787 1459 4823 e
1497 4781 1756 4838 prmstan-

189 4855 419 4909 tissimis
442 4871 632 4910 eorum
666 4872 785 4923 qua:
821 4872 848 4908 a
889 4858 981 4909 tali
1016 4858 1068 4910 in
1108 4857 1240 4911 tales
1277 4858 1517 4911 conferri
1554 4860 1754 4921 solent,

189 4945 489 4997 instructas
549 4944 748 4999 dimitti
797 4943 1021 5009 jubens.
1088 4945 1323 5012 Scripsit
1387 4948 1609 5013 insuper
1688 4948 1751 4999 ad

184 5030 507 5085 Mam-ieiuni
536 5032 917 5099 imperatorem
954 5034 1116 5086 tiliam
1165 5034 1359 5102 ipsius,
1401 5037 1615 5088 nomine
1641 5034 1753 5087 Ma-

190 5125 349 5185 liam,
397 5126 466 5175 ab
521 5124 639 5192 ipso
688 5126 740 5176 in
793 5140 1012 5177 uxorem
1044 5134 1274 5192 petens:
1327 5126 1413 5178 cui
1475 5128 1753 5194 rescripsit

190 5214 487 5276 Mauricius
535 5232 549 5268 :
588 5215 700 5269 Non
766 5217 893 5270 licet
945 5217 1075 5269 inihi
1134 5218 1299 5270 filiam
1347 5234 1518 5270 nteant
1567 5219 1661 5270 tibi
1699 5219 1750 5271 in

191 5322 414 5359 uxorem
474 5308 626 5368 dare,
690 5308 791 5361 nisi
845 5308 1157 5377 refigionem
1215 5308 1583 5362 Christianam
1634 5325 1752 5362 am-

191 5398 443 5466 plectaris
474 5416 487 5450 :
519 5399 604 5452 cui
634 5415 884 5452 annuens
909 5399 1075 5455 Cesra
1120 5400 1598 5455 Christianismum
1634 5417 1751 5453 ant--

191 5492 382 5557 plexos
415 5500 518 5550 est,
552 5494 899 5560 culpantibus
922 5495 1099 5562 ipsum
1136 5495 1446 5555 comitibus,
1485 5498 1749 5550 consilia-

189 5581 303 5643 riis,
341 5598 404 5634 ac
435 5581 666 5635 ducibus
698 5585 835 5647 suis,
868 5596 919 5636 et
945 5586 1289 5639 dicentibus:
1341 5584 1455 5640 Hoc
1490 5598 1544 5641 et
1593 5589 1750 5643 nobis

189 5671 396 5740 tibique
438 5689 540 5723 una
613 5673 663 5725 in
705 5676 1057 5741 opprobrium
1094 5678 1289 5740 cedet;
1345 5694 1446 5732 nec
1506 5680 1575 5732 ita
1621 5679 1749 5734 fecit

187 5772 312 5818 ante
349 5778 400 5818 te
422 5767 693 5833 qttispFatu
725 5783 753 5820 c
785 5769 1069 5822 I’ersarutn
1105 5770 1323 5838 regibus
1348 5773 1417 5824 ab
1447 5772 1747 5826 Azdashiro

192 5857 291 5908 hoc
338 5872 509 5924 usque
558 5867 770 5927 tempus
813 5878 824 5909 :
883 5860 1044 5929 208
1106 5878 1168 5915 ne
1219 5876 1398 5916 autent
1438 5874 1486 5915 te
1519 5863 1582 5914 ad
1632 5864 1742 5919 Im-

1859 4681 2099 4748 przebere
2136 4680 2355 4732 noluisti
2403 4696 2415 4730 :
2462 4680 2603 4746 quod
2652 4679 2694 4732 si
2733 4679 2839 4731 ulla
2873 4678 3005 4745 ipsis
3035 4677 3258 4732 hederis
3290 4694 3418 4731 Cura

1858 4773 1936 4825 vel
1964 4773 2094 4825 fides
2119 4772 2327 4835 fuisset,
2393 4786 2571 4838 regem
2596 4788 2752 4824 suum
2790 4786 2893 4824 non
2927 4772 3276 4824 occidissi'nt.
3302 4769 3417 4822 iam

1860 4880 1983 4919 vero
2034 4865 2145 4931 regi
2185 4864 2315 4916 illud
2348 4864 2733 4924 indicabimus,
2765 4863 2905 4930 quod
2945 4863 2989 4916 si
3027 4860 3418 4922 fecerit,corda

1857 4957 1990 5025 ipsis
2042 4954 2731 5015 inflectet,fumlatnentnm
2761 4955 3077 5016 concutiet,
3118 4958 3179 5007 'et
3210 4954 3420 5020 religio-

1857 5066 1975 5103 nem
2015 5050 2257 5114 ipsorum
2303 5047 2367 5100 ad
2419 5047 2647 5100 nihilmn
2681 5046 2926 5114 rediget;
2980 5047 3121 5113 quod
3159 5047 3263 5099 hoc
3297 5056 3418 5102 est:

1856 5151 1913 5193 ιιι
1952 5154 2072 5189 cum
2108 5140 2177 5191 sit
2206 5137 2337 5205 ipsis
2368 5137 2562 5189 domus
2608 5135 2999 5204 Hierosolymis
3030 5154 3191 5205 quam
3239 5139 3415 5203 magni

1856 5227 2087 5292 faciunt,
2135 5228 2360 5279 mittens
2410 5229 2583 5292 ipsam
2630 5226 3052 5294 diruas,utpote
3093 5243 3193 5293 qua
3238 5227 3418 5279 diruta

1854 5318 2269 5371 inlirmabuntur
2299 5317 2536 5385 ipsorum
2569 5316 2730 5375 vires.
2762 5324 2814 5368 ct
2842 5317 2893 5366 in
2942 5325 3306 5382 contemptum
3336 5332 3416 5367 re-

1851 5410 2064 5478 digetur
2113 5408 2419 5475 imperium.
2488 5408 2648 5477 212
2712 5407 2853 5459 Misit
2905 5422 3033 5475 ergo
3089 5423 3119 5460 e
3182 5407 3415 5460 ducibus

1852 5500 1966 5554 suis
1987 5500 2278 5569 quemdam
2313 5500 2529 5553 nomine
2574 5499 3066 5551 Chorawazaihuoi
3101 5497 3410 5566 Hierosoly-

1855 5607 1939 5644 tna
1963 5631 1976 5652 ,
2010 5592 2103 5659 qui
2139 5592 2255 5657 ipsa
2282 5598 2524 5644 vastaret
2567 5605 2579 5641 :
2628 5590 2792 5642 alium
2826 5590 2988 5642 etiam
3030 5589 3082 5640 in
3125 5585 3411 5657 [Egyptum

1850 5692 1903 5734 et
1934 5682 2311 5736 Alexandriam
2340 5682 2427 5749 qui
2462 5680 2732 5734 Romanos
2765 5680 2835 5733 ibi
2874 5680 3211 5746 conquisitos
3242 5680 3411 5731 inter-

1852 5775 2056 5827 lieerct.
2134 5773 2247 5841 Ipse
2312 5772 2475 5826 Cesra
2551 5772 3071 5840 Constantinopolim
3132 5770 3401 5837 profectus

1848 5881 1965 5919 eam
2003 5864 2409 5933 qua'nordecim
2458 5864 2614 5917 anuis
2660 5864 2887 5917 obsidet.
2935 5862 3048 5916 Jatn
3088 5878 3210 5916 vero
3256 5861 3399 5915 Chu-
