4210 6428
750 415 883 477 1083

1724 419 2093 479 EU'I‘YtlillI
2149 420 2687 484 ALEXANDRINI
2733 427 2954 487 PATR.

3841 437 3974 500 1tt8£

741 549 852 583 raw
875 532 1082 584 :zaihus
1120 531 1438 584 Damascum
1462 530 1743 600 prolectus
1777 535 1948 602 ipsam
1982 537 2212 587 vastavit
2246 552 2306 587 ac
2335 535 2381 593 Α
2412 546 2515 589 lem
2541 538 2603 590 ad
2634 541 2920 593 erclesiam
2953 542 3272 611 perligeram
3299 558 3419 596 eum
3450 557 3732 602 assecutus
3758 565 3840 602 me
3862 556 3977 617 qui-

742 624 1042 675 iueolarum
1094 624 1233 675 bona
1276 623 1505 691 diripuit
1553 640 1567 676 :
1618 625 1813 676 deinde
1868 641 1991 677 cum
2054 627 2309 681 "ieroso-

745 716 884 783 lytna
940 715 1185 766 tenderet
1233 717 1547 783 congregati
1605 725 1732 768 sunt
1793 719 1856 769 azl
1911 720 2085 785 ipsum
2136 717 2306 774 Judagi

740 809 1035 874 (quotquot
1090 806 1142 859 in
1196 807 1518 873 Tiberiade,
1570 819 1755 863 monte
1784 810 2040 871 Calibwe,
2082 813 2313 867 Nazare-

744 902 856 963 tha,
906 902 1262 968 partibusque
1288 902 1667 965 adjacentihus
1698 904 1901 972 erant),
1958 922 2022 959 ac
2055 905 2311 960 "ieroso-

743 991 885 1057 lytna
918 992 1142 1058 profecti
1184 993 1365 1045 Persia
1394 994 1445 1045 in
1469 996 1686 1059 templis
1720 996 2005 1051 diruendis
2040 1000 2308 1053 Christia-

743 1080 940 1145 nisque
989 1082 1328 1134 trucidandis
1370 1098 1525 1150 opem
1594 1086 1856 1137 tulerunt.
1929 1086 2306 1157 Hierosolyma

741 1174 908 1236 igitur
958 1174 1048 1226 ubi
1100 1178 1460 1241 pervenisset,
1511 1178 1688 1245 primo
1736 1180 1980 1231 omnium
2017 1183 2307 1234 ecclesiam

739 1265 1168 1319 Gesutanitieatu
1212 1268 1401 1326 diruit.
1453 1284 1552 1323 nec
1586 1286 1692 1323 nou
1742 1270 2037 1325 Beclesiam
2073 1272 2309 1338 "eli-nte,

738 1371 972 1422 quarum
1001 1370 1236 1424 utraque
1278 1358 1330 1411 in
1373 1360 1520 1413 hunc
1547 1375 1721 1427 usque
1748 1360 1891 1415 diem
1931 1364 2171 1416 desolata
2204 1380 2309 1415 ma-

741 1457 851 1498 ttet.
890 1447 1062 1499 Diruit
1090 1449 1249 1499 etia-u
1284 1450 1546 1504 ecclesias
1586 1451 1957 1519 Constantini,
1986 1455 2190 1512 Cranii.
2257 1465 2309 1508 et

742 1538 1023 1605 S-‘ptlicri;
1077 1540 1127 1591 iu
1172 1541 1429 1596 Cranittm
1461 1554 1514 1597 et
1544 1545 1864 1611 Sepulcrum
1897 1548 2095 1613 injecto
2143 1550 2266 1617 igne
2290 1588 2305 1612 ,

740 1629 1031 1681 maximam
1075 1632 1239 1685 etiam
1274 1636 1426 1687 urbis
1460 1648 1665 1704 partem
1696 1637 1863 1689 diruit
1889 1677 1903 1697 .
1954 1637 2163 1693 Jud:eis
2202 1658 2306 1695 una

739 1734 860 1771 Cum
912 1720 1093 1774 Persis
1128 1723 1476 1780 Christianos
1527 1728 1845 1782 innumeros
1882 1732 2304 1787 occidentibus:

2416 628 2563 693 dam,
2602 634 2687 684 cui
2726 643 2901 685 vestes
2932 634 3170 687 candore
3197 636 3354 690 niveo
3380 647 3555 701 erant,
3592 641 3718 692 mihi
3760 656 3975 696 centum

2413 734 2606 775 aureos
2636 724 2870 776 traderet
2898 726 2975 793 (in
3006 726 3185 795 aliquo
3213 730 3509 796 exemplari
3538 730 3760 794 dicitur,
3788 736 3976 795 mitte),

2412 814 2599 867 dicens
2631 832 2645 865 :
2675 816 2771 869 His
2798 820 2977 872 aureis
3004 821 3265 887 acceptis,
3315 826 3588 888 quomodo
3629 825 3723 877 til.i
3761 826 3977 879 libuerit

2417 912 2585 958 utere.
2633 907 2878 975 Cumque
2911 925 3210 965 conversus
3239 929 3413 967 essem
3449 926 3505 967 ut
3536 931 3630 970 eos
3662 918 3763 984 ipsi
3803 920 3969 971 redde

2415 1010 2549 1055 rem,
2574 999 2844 1051 neminem
2879 1002 3008 1054 vidi.
3051 1002 3166 1055 Dixi
3203 1019 3367 1072 ergo:
3401 1005 3606 1060 Revera
3636 1025 3740 1061 non
3772 1021 3855 1063 est
3885 1013 3975 1063 hot

2416 1085 2638 1141 falsum.
2701 1088 2941 1144 Joannes
3014 1103 3191 1146 autem
3255 1096 3568 1151 Misericors
3623 1100 3980 1166 qundeunqur.

2414 1181 2653 1244 possedit
2680 1182 2731 1234 in
2770 1183 3168 1255 eleemosynam
3217 1203 3447 1256 erogare
3474 1191 3667 1245 solitus
3698 1203 3782 1247 est
3808 1233 3822 1249 .
3852 1194 3982 1245 alter

2414 1278 2464 1319 ut
2497 1280 2693 1336 vestes,
2719 1275 2917 1341 quibus
2950 1276 3170 1332 indutus
3204 1292 3353 1341 erat.
3403 1298 3610 1337 exuens
3654 1288 3982 1353 pauperibus

2413 1362 2783 1427 distribueret,
2808 1368 2915 1420 imo
2936 1379 2985 1422 et
3002 1372 3292 1439 aliquando
3310 1386 3487 1430 vestes
3506 1393 3690 1430 sacras
3714 1380 3764 1429 in
3787 1381 3984 1445 quibus

2416 1469 2571 1506 saera
2602 1457 2921 1523 celebraret,
2945 1478 3057 1530 ιιι-ει⁸
3088 1480 3297 1517 summa
3330 1484 3435 1534 qua
3464 1479 3581 1523 erat
3613 1472 3985 1524 misericordia

2414 1545 2545 1612 ipsis
2575 1550 2767 1611 daret;
2804 1553 3220 1623 appellatusque
3254 1566 3335 1609 est
3370 1556 3611 1613 Joannes
3656 1563 3986 1617 M'serieors.

2484 1637 2653 1691 Porro
2685 1656 2827 1693 anno
2866 1643 3076 1710 imperii
3118 1648 3315 1701 Pltoere
3351 1662 3504 1703 sexto
3536 1655 3874 1706 (stetistitutus
3911 1668 3986 1705 est

2413 1728 2731 1787 Theodorus
2783 1737 3090 1802 patriarcha
3143 1737 3459 1801 Romanus;
3510 1744 3601 1810 qui
3647 1754 3755 1795 tres
3814 1762 3986 1799 annos

739 1821 869 1889 sunt
900 1811 975 1864 illi
1012 1815 1178 1865 occisi
1213 1816 1301 1882 qui
1331 1816 1719 1887 Hierosolymis
1747 1820 1929 1886 jacent
1961 1822 2012 1875 in
2045 1824 2159 1875 tom
2193 1824 2302 1877 Ma-
2342 1862 2383 1919 B
2413 1822 2570 1884 sedit,
2623 1824 2745 1877 dein
2803 1838 3051 1880 mortuus
3105 1840 3207 1882 est.
3250 1831 3386 1883 Cum
3440 1846 3620 1886 autem
3680 1846 3988 1890 vastassent

743 1904 876 1955 mela
929 1907 1217 1970 appellato.
1253 1907 1426 1962 Persze
1473 1920 1653 1964 autem
1688 1922 1976 1981 postquam
2033 1915 2305 1969 int-endis—

740 2000 882 2055 sent,
916 2003 1218 2048 vastassent
1258 2008 1311 2051 ct
1370 2000 1722 2066 occidissent,
1763 2005 1963 2056 reversi
1989 2003 2306 2058 Zachariam

741 2085 1104 2151 patriarcham
1156 2088 1703 2161 Hierosolymitauum
1732 2112 1838 2150 una
1864 2111 1987 2150 cum
2026 2098 2150 2152 aliis
2175 2100 2309 2151 mul—

742 2177 810 2230 tis
860 2179 1133 2245 captivum
1178 2181 1546 2245 abduxerunt.
1607 2185 1832 2254 Lignum
1890 2191 2051 2241 etiam
2104 2191 2307 2254 crucis,

742 2270 885 2336 quod
926 2271 1043 2322 loco
1077 2272 1166 2324 illo
1193 2274 1481 2339 reliquerat
1510 2275 1709 2330 Helena
1747 2280 2089 2346 impcratrix,
2118 2283 2301 2337 alistu~

746 2359 920 2412 lerunt
962 2360 1087 2429 (fuit
1132 2372 1310 2416 autem
1344 2367 1445 2433 pali
1480 2369 1660 2422 crucis
1701 2371 1884 2438 pars);
1928 2372 2071 2439 quod
2105 2382 2157 2427 et
2204 2390 2307 2427 una

744 2469 869 2507 cum
900 2455 1244 2525 213-215
1280 2461 1509 2527 captivis
1551 2462 1895 2528 deportatum
1954 2477 2036 2519 est
2083 2469 2135 2520 in
2187 2468 2314 2522 Per.-

742 2549 899 2600 siam.
955 2548 1104 2602 Dono
1140 2551 1305 2617 igitur
1358 2553 1475 2605 dari
1522 2554 1627 2607 sibi
1665 2570 1692 2607 a
1737 2555 1902 2611 Cesra
1958 2567 2150 2627 petens
2202 2548 2313 2616 Ma-

746 2639 846 2701 ria,
880 2640 1121 2694 Mauricii
1157 2644 1260 2696 tilia
1288 2687 1301 2706 ,
1339 2645 1543 2715 lignum
1574 2652 1754 2702 erucis
1786 2661 1834 2703 et
1868 2650 2187 2709 Zachariam
2217 2674 2310 2724 pa-

744 2738 1078 2799 triarchatu,
1134 2740 1442 2808 multosque
1480 2756 1541 2793 ex
1591 2743 1656 2795 iis
1711 2744 1801 2810 qui
1845 2747 2040 2812 captivi
2092 2750 2311 2804 abducti

744 2840 894 2890 sunt,
935 2830 1080 2897 ipsos
1106 2832 1169 2882 ad
1210 2849 1267 2885 se
1307 2834 1528 2909 domum
1574 2852 1727 2891 suam
1768 2840 1999 2905 recepit,
2036 2842 2126 2893 ubi
2163 2860 2310 2897 tuan-

743 2932 950 2975 serunt.
1001 2923 1354 2993 Mortuusque
1394 2935 1477 2981 est
1509 2928 1803 2984 Zacharias
1832 2972 1847 2996 ,
1895 2934 2205 2999 patriarcha
2262 2937 2312 2986 in

744 3024 844 3078 etp
872 3012 1079 3066 ivitate.
1105 3013 1394 3083 Postquam
1437 3029 1616 3073 autem
1654 3026 1901 3087 captivus
1928 3025 2192 3079 ahdue'us
2231 3038 2308 3081 est

744 3101 1040 3156 Zacharias
1096 3107 1352 3160 cathedra
1404 3107 1891 3181 Hierosttlymitana
1943 3115 2151 3184 alisque
2218 3136 2313 3183 pa-

746 3198 978 3249 triarcha
1026 3201 1225 3251 mans't
1259 3217 1432 3255 annos
1470 3203 1796 3271 quindecim.

811 3288 986 3340 Porro
1017 3306 1159 3343 anno
1184 3294 1395 3359 imperii
1428 3294 1625 3348 Phorm
1651 3306 1843 3363 quarto
1873 3297 2046 3351 factus
2075 3311 2157 3353 est
2193 3301 2315 3351 Ser-

750 3379 870 3445 gius
912 3381 1219 3437 patriarcha
1238 3384 1905 3453 Constantinopolitantts.
1937 3392 2025 3456 qui
2056 3390 2101 3442 Μ
2124 3394 2314 3444 n-miita

750 3472 869 3526 fuit.
908 3474 1060 3527 Sedit
1090 3491 1263 3531 annos
1312 3480 1501 3547 viginti
1550 3482 1704 3535 duos.
1735 3483 1889 3535 Anno
1926 3484 2137 3550 imperii
2168 3487 2318 3553 ejus-

749 3567 868 3617 deat
903 3567 1150 3621 secundo
1184 3573 1519 3626 constitutus
1552 3583 1632 3626 cst
1663 3573 1981 3631 Theodorus
2008 3577 2315 3645 patriarcha

750 3658 1170 3724 Alexandrinus;
1204 3662 1295 3729 qtti
1330 3679 1452 3716 cum
1487 3665 1629 3720 duos
1663 3681 1835 3721 annos
1881 3668 2131 3726 sedisset.
2170 3685 2317 3733 mor-

750 3762 879 3805 tuus
914 3762 1018 3805 est.
1051 3755 1207 3808 Auno
1236 3755 1444 3822 imperii
1489 3758 1729 3824 ejusdem
1762 3770 1956 3827 quarto
1984 3762 2319 3815 constitutus

748 3854 830 3897 est
860 3843 1099 3899 Joannes
1148 3845 1453 3902 Miserictirs
1508 3850 1814 3916 patriarcha
1872 3851 2312 3915 Alexandrinus;

750 3953 921 3989 annos
948 3938 1131 3992 decem
1165 3938 1324 4000 sedit,
1353 3940 1475 3993 dein
1513 3949 1762 3995 mortuus
1809 3952 1914 3996 est.
1944 3944 2312 4007 Cognotnina-

753 4039 840 4081 tus
868 4038 950 4082 est
984 4038 1164 4083 autem
1201 4030 1504 4086 Misericors
1564 4033 1683 4087 ideo
1725 4034 1867 4101 quod
1897 4035 1978 4101 (ut
2024 4035 2320 4099 narratur),

751 4139 872 4172 cum
908 4138 1108 4189 genere
1143 4123 1399 4192 Cypriota
1450 4133 1634 4189 esset,
1684 4125 1879 4177 viderit
1934 4126 1985 4176 ιιι
2029 4126 2316 4187 insomnio,

752 4231 926 4267 annos
972 4225 1083 4267 tum
1133 4227 1292 4269 natus
1333 4216 1669 4283 quindecim,
1723 4217 2004 4269 mulierem
2048 4234 2169 4285 quze
2200 4218 2315 4284 pul-

752 4308 1062 4360 chritudine
1088 4308 1253 4360 solem
1289 4308 1536 4373 referret,
1571 4318 1860 4362 astantem.
1924 4307 2055 4372 Qum
2096 4310 2321 4377 (inquit)

757 4402 893 4453 latus
932 4401 1059 4452 mihi
1105 4402 1373 4469 pupugit;
1420 4417 1583 4470 quam
1622 4418 1743 4453 cmn
1775 4400 2189 4468 expergefactus
2237 4402 2323 4453 in-

758 4506 959 4557 tuerer,
990 4492 1097 4544 dixi
1130 4512 1143 4545 :
1170 4491 1274 4559 Tu,
1308 4508 1555 4559 quaenam
1585 4479 1681 4547 es?
1710 4503 1762 4545 et
1791 4494 2068 4561 quomodo
2096 4509 2228 4548 ausa
2266 4509 2323 4547 es

756 4587 820 4637 ad
852 4601 935 4638 me
1026 4583 1128 4636 hoc
1223 4591 1463 4650 tempore
1506 4572 1947 4636 accedereTl‘uit
1981 4592 2159 4636 autem
2214 4584 2314 4651 ipsi

758 4677 810 4729 in
842 4677 1015 4743 capite
1046 4691 1246 4729 corona
1280 4676 1528 4744 oleagina
1552 4717 1565 4736 ,
1606 4674 1851 4743 Dixitque
1880 4690 1891 4725 :
1926 4674 2055 4727 Sum
2098 4691 2196 4741 ego
2242 4691 2321 4728 re-

759 4767 840 4833 gis
874 4767 1004 4829 tilia,
1035 4765 1176 4834 qunti
1215 4765 1258 4817 si
1290 4780 1373 4817 me
1412 4765 1508 4818 tibi
1553 4764 1781 4816 amicam
1819 4762 2012 4817 feceris
2046 4763 2109 4816 ad
2144 4779 2322 4829 regem

761 4870 811 4910 te
854 4858 1220 4921 introducam;
1273 4872 1442 4923 neque
1493 4856 1638 4909 enim
1696 4855 1981 4924 quisquam
2030 4855 2095 4906 ad
2150 4855 2327 4923 ipsum

760 4951 901 5002 viam
957 4965 1108 5018 aeque
1156 4957 1458 5002 monstrare
1505 4957 1682 5012 potest
1714 4963 1776 5000 ac
1819 4963 1954 5011 ego;
2009 4946 2173 5016 216
2208 4946 2328 4998 ideo

760 5043 971 5095 scilicet
996 5043 1123 5108 quia
1156 5057 1255 5109 ego
1290 5042 1466 5107 ipsum
1521 5041 1572 5093 in
1625 5049 1824 5094 terram
1864 5039 2045 5100 traxi;
2104 5053 2198 5104 per
2245 5053 2330 5090 me

760 5135 903 5186 enim
936 5134 1161 5186 veniens
1196 5134 1512 5186 incarnatus
1550 5141 1653 5186 est.
1684 5146 1748 5184 ac
1777 5129 2027 5182 homines
2056 5127 2324 5179 liberavit.

761 5225 897 5278 Tum
935 5240 963 5277 a
1001 5242 1085 5279 me
1115 5225 1390 5279 discessit.
1433 5223 1537 5293 Ego
1568 5238 1716 5286 vero,
1773 5223 1849 5275 ne
1884 5236 2011 5273 vera
2048 5219 2316 5287 (inquam)

761 5326 843 5370 est
886 5318 999 5370 haec
1034 5315 1423 5371 Misericordia.
1446 5315 1750 5384 Statimque
1784 5327 2013 5381 surgens
2046 5309 2328 5364 ecclesiam

768 5409 933 5478 petii;
988 5424 1094 5476 quo
1131 5409 1256 5463 dum
1300 5408 1612 5467 tenderem,
1664 5420 1791 5459 ecce
1846 5405 1897 5457 in
1955 5404 2040 5455 via
2093 5400 2332 5453 occurrit

769 5501 901 5552 mihi
934 5500 1251 5571 perrgrinus
1286 5500 1504 5567 quidam
1536 5498 1715 5551 nudus
1760 5514 1773 5549 :
1809 5495 1910 5547 fuit
1938 5503 2115 5547 autem
2162 5492 2332 5561 frigus

768 5597 1079 5658 vehemens,
1123 5605 1439 5663 tempusque
1470 5593 1789 5650 hibernum;
1845 5604 2013 5659 quare
2041 5586 2331 5639 amiculum

768 5701 876 5751 ,μω
914 5684 1133 5740 indutus
1163 5701 1311 5739 cram
1374 5700 1582 5739 exuens
1626 5684 1729 5752 ipsi
1765 5682 1885 5735 dedi
1919 5698 1932 5744 ;
1967 5689 2078 5732 tum
2120 5694 2331 5731 mecum

714 5822 723 5829 ,
772 5778 951 5831 animo
985 5778 1093 5829 dixi
1131 5792 1142 5826 :
1174 5777 1288 5829 Jam
1336 5778 1500 5830 Sciam
1546 5786 1724 5828 tttrtnn
1776 5789 1963 5827 verum
2017 5772 2176 5822 fuerit
2230 5771 2335 5823 hoc

769 5868 914 5936 quod
948 5868 1051 5922 \‘idi
1093 5884 1287 5933 Vtsllttl,
1327 5884 1393 5919 an
1434 5886 1459 5919 ει
1488 5866 1703 5920 diabolo
1736 5866 1915 5919 tuerit.
1961 5863 2203 5915 Nondttu‘.
2241 5878 2335 5915 au-

2411 1910 2588 1967 Persa!
2603 1918 2862 1972 ecclesias
2883 1920 3428 1991 llierosolytnitauas,
3454 1928 3625 1993 iisque
3640 1928 3987 2000 217-219

2415 2004 2537 2072 igne
2571 2011 2855 2063 succensis
2886 2011 3178 2066 rediissent
3203 2055 3217 2077 ,
3258 2018 3560 2072 monachus
3594 2021 3813 2088 quidam
3846 2065 3859 2083 ,
3893 2028 3989 2085 qui

2414 2094 2464 2146 in
2504 2100 2836 2153 mooastcrio
2884 2100 3174 2157 Duwakesi
3208 2105 3369 2173 (quod
3414 2108 3554 2161 idem
3585 2121 3667 2162 est
3713 2123 3988 2165 monaste-

2414 2185 2552 2238 rium
2577 2186 2896 2259 Theodosii)
2923 2192 3045 2256 t'uit,
3077 2198 3293 2250 nomine
3318 2197 3614 2261 Modestus,
3635 2204 3991 2272 ejusdemque

2413 2278 2721 2345 praefectus,
2754 2284 2984 2337 reversis
3023 2286 3152 2349 illis,
3184 2287 3453 2352 Ratnlam,
3492 2290 3859 2359 Tiheriadem,
3888 2296 3992 2366 Tv-

2416 2386 2558 2431 rutn,
2585 2382 2636 2423 et
2666 2372 2987 2426 Damascum
3022 2377 3298 2441 profectus
3321 2379 3665 2436 Christianos
3703 2393 3757 2436 nt
3785 2386 3992 2454 aliquid

2416 2461 2684 2516 donantes
2717 2480 2872 2532 opem
2912 2466 3013 2534 ipsi
3054 2467 3255 2523 ferrent
3283 2485 3391 2539 quo
3436 2474 3698 2528 ecclesias
3727 2475 3987 2532 Hieroso-

2417 2553 2701 2621 lymitanas
2734 2570 2871 2621 quas
2901 2557 3180 2612 diruerant
3232 2558 3414 2614 Persa:
3449 2563 3800 2626 instauraret,
3836 2584 3995 2631 νυκτι-

2414 2648 2531 2698 vit:
2575 2649 2770 2713 quibus
2815 2650 3151 2704 donantibus
3185 2668 3485 2720 magnaque
3522 2670 3682 2722 opum
3728 2661 3774 2707 vi
3824 2662 3993 2711 colle.-

2416 2748 2499 2789 cta
2529 2738 2900 2806 Hierosolyma
2930 2755 3205 2806 reversus,
3232 2746 3494 2798 ecclesias
3522 2746 3995 2815 Resurreetiouis,

2420 2829 2664 2897 Sepulcri
2694 2873 2709 2894 ,
2743 2833 2924 2885 Cranii
2962 2844 3011 2885 et
3051 2836 3238 2889 Sancti
3277 2836 3621 2891 Constantini
3677 2845 3949 2895 exstruxit
3983 2887 3996 2901 .

2418 2936 2477 2974 ca
2514 2937 2634 2989 qua:
2662 2922 2770 2989 jam
2802 2934 2976 2977 exstat
3010 2924 3234 2980 fabrica.
3262 2927 3509 2995 Cumque
3536 2933 3799 2985 audiisset
3826 2933 3995 2986 ιυτιης

2417 3029 2514 3066 nes
2568 3012 2882 3068 Misericors
2952 3018 3295 3072 Alexandrize
3338 3022 3641 3086 patriarcha
3687 3023 3996 3079 Mo'estum

2418 3106 2675 3157 ec-lesias
2725 3120 2754 3157 a
2811 3106 2991 3160 Persis
3058 3108 3267 3161 dirutas
3326 3111 3661 3175 instaurare,
3701 3116 3851 3167 misit
3892 3118 3996 3182 ipsi

2349 3203 2389 3257 ε
2424 3200 2664 3264 jntneuta
2702 3199 2869 3261 mille,
2897 3213 3086 3251 saccos
3134 3199 3387 3253 frumenti
3429 3203 3608 3265 mille,
3656 3206 3991 3272 leguminum

2420 3289 2589 3352 mille,
2635 3290 2826 3342 muria:
2856 3292 3146 3358 amphoras
3179 3293 3355 3355 mille,
3394 3294 3501 3346 vini
3555 3296 3720 3357 mille,
3761 3295 3891 3349 ferri
3928 3301 3999 3348 li-

2421 3382 2546 3436 bras
2581 3383 2746 3445 mille,
2776 3399 2895 3436 cum
2935 3385 3201 3451 operariis
3236 3386 3401 3438 mille.
3449 3385 3841 3441 (Iharawazaib
3883 3405 3985 3439 au-

2421 3483 2548 3532 tem,
2579 3474 2668 3526 tibi
2709 3472 3080 3541 Hierosolyma
3113 3484 3397 3535 vastasset,
3429 3475 3717 3544 :Egyptum
3758 3487 3812 3529 et
3863 3480 3988 3531 Ale-

2421 3566 2699 3618 xandriam
2744 3566 2917 3633 petiit.
2973 3566 3211 3619 Joannes
3247 3582 3373 3634 ergo
3434 3566 3741 3621 Misericors
3792 3571 3988 3619 aulim

2422 3657 2617 3708 Persas
2650 3655 3032 3707 Alexandriam
3073 3657 3316 3717 tendere,
3353 3670 3460 3722 prre
3508 3665 3653 3707 metu
3711 3672 3817 3708 una
3872 3674 4001 3710 cum

2421 3747 2671 3814 patricio,
2719 3747 2808 3812 qtti
2862 3746 3201 3800 Alexandria
3238 3747 3472 3815 pra-fuit.
3511 3751 3733 3800 nomine
3755 3748 3986 3813 Niccfa,

2421 3839 2655 3908 Cyprum
2691 3838 2845 3907 fugit.
2890 3840 3137 3908 Cumque
3169 3840 3405 3909 Cyprum
3441 3841 3863 3907 pervenissent,
3917 3860 4007 3894 ro-

2423 3932 2570 3997 gavit
2607 3933 2785 3997 ipsum
2822 3929 3041 3984 Nicetas
3079 3940 3136 3984 ut
3182 3947 3287 3984 una
3328 3949 3513 3986 secum
3541 3934 4008 4006 Constantinopo-

2424 4022 2513 4073 lim
2560 4021 2624 4075 ad
2655 4022 2889 4075 Pbocam
2928 4023 3315 4090 imperatorem
3358 4026 3641 4093 profectus
3682 4028 3862 4094 ipsum
3914 4044 4007 4081 sa-

2423 4120 2638 4175 lutaret,
2703 4126 3023 4183 rogaretque
3106 4113 3329 4185 [Deum]
3380 4126 3438 4168 ιιι
3486 4118 3772 4171 t-l-sidione
3807 4135 3914 4188 qua
3976 4137 4003 4169 a

2424 4210 2604 4263 Persis
2654 4212 2955 4271 urgebatur
2990 4209 3165 4275 ipsum
3202 4210 3489 4263 liberaret.
3538 4209 3673 4262 Dum
3715 4222 3897 4263 autem
3952 4214 4005 4263 in

2427 4301 2559 4351 mari
2612 4300 2952 4367 navigarent,
2993 4300 3125 4351 vidit
3174 4298 3413 4352 Joannes
3448 4298 3758 4353 Misericors
3807 4301 3859 4351 in
3916 4302 4005 4352 iu-

2438 4393 2652 4447 somnio
2700 4402 2967 4446 astantem
3030 4393 3130 4446 sibi
3158 4392 3322 4461 220
3356 4407 3572 4445 servum
3601 4391 3790 4445 dicere
3828 4410 3844 4445 :
3890 4393 4004 4445 Rex

2428 4485 2665 4539 caelestis
2696 4485 2807 4537 tibi.
2835 4484 3055 4551 propior
3084 4494 3166 4537 est
3194 4499 3355 4550 quam
3387 4499 3477 4535 rex
3511 4484 3811 4537 terrestris.
3838 4483 4009 4537 Joan-

2435 4593 2529 4630 nes
2551 4590 2677 4644 ergo
2694 4585 3045 4643 experrectus
3102 4574 3235 4627 dixit
3266 4572 3467 4626 Nicette
3502 4591 3513 4624 :
3549 4573 3763 4627 Redeas
3791 4590 4005 4627 mecum

2434 4669 2484 4719 in
2514 4667 2775 4735 Cyprum,
2819 4679 2919 4731 ego
2950 4664 3093 4716 enim
3130 4664 3431 4715 moriturus
3462 4678 3605 4717 sum.
3636 4664 3885 4727 Cumque
3918 4679 4009 4717 re-

2430 4758 2570 4811 versi
2605 4767 2785 4811 essent
2815 4757 3053 4825 Cyprum
3096 4753 3239 4807 diem
3284 4754 3456 4813 obiit,
3493 4764 3781 4822 postquam
3816 4756 4009 4807 cathe-

2429 4852 2582 4903 dram
2616 4850 2800 4903 decem
2853 4849 3011 4901 annis
3042 4856 3404 4915 occupasset;
3446 4847 3800 4916 sepultusque
3837 4856 3919 4899 est
3956 4849 4009 4899 in

2430 4946 2549 4997 vico
2584 4944 2816 5010 quodam
2847 4941 3009 5010 Cypri
3055 4941 3200 4993 dicto
3230 4944 3544 4993 Asataneta.
3592 4939 3718 4992 Post
3775 4950 4006 4993 mortem

2432 5032 2860 5088 autem'Joanuis
2890 5031 3255 5085 Misericordis
3306 5031 3852 5083 mansitAlexanrlria
3887 5032 4011 5085 sine

2437 5125 2771 5194 patriarcha,
2813 5139 2984 5177 annos
3015 5132 3245 5191 Septem.
3287 5121 3384 5175 Ubi
3420 5137 3547 5173 vero
3572 5121 3877 5174 obsedisset
3908 5121 4014 5174 Ce-

2434 5234 2523 5270 sra
2551 5216 3108 5283 ConstantinOpolim,
3141 5230 3310 5268 vacua
3344 5215 3543 5265 mansit
3576 5213 3730 5281 Syria
3758 5214 4012 5266 exercitu

2436 5307 2827 5361 Romanorum.
2871 5306 3113 5358 Fuerunt
3147 5315 3328 5358 autem
3359 5304 3488 5373 Tyri
3530 5316 3767 5373 quatuor
3796 5303 4013 5359 Judmo-

2435 5414 2551 5451 rum
2590 5396 2778 5449 millia.
2820 5395 2882 5448 lli
2916 5396 2981 5449 ad
3013 5395 3226 5449 Judaeos
3265 5397 3352 5461 qui
3386 5395 3795 5464 Hierosolymis,
3824 5395 4013 5464 Cypri,

2436 5490 2712 5550 Damasci,
2747 5498 2799 5540 et
2842 5490 2893 5540 in
2934 5498 3114 5541 monte
3158 5486 3388 5539 Galilacm
3419 5498 3467 5539 et
3514 5486 3803 5540 Tiber-iade
3832 5499 4014 5541 erant.

2436 5581 2798 5648 srripserunt,
2826 5588 2883 5629 ttt
2921 5592 3112 5631 omnes
3150 5587 3307 5629 nocte.
3361 5575 3644 5627 l'ascltatis
3669 5574 4016 5628 Christiano-

2441 5686 2557 5723 rum
2597 5667 2933 5738 congregati.
2961 5667 3307 5721 Christianos
3335 5669 3423 5732 qui
3467 5665 3590 5733 Tyri
3633 5673 3821 5717 essent
3864 5667 3985 5717 neci

2442 5764 2657 5820 det‘cnt.
2697 5760 2892 5814 deinde
2925 5759 3293 5826 Hierosolyma
3331 5757 3555 5826 profecti
3586 5772 3780 5810 omnes
3814 5758 3903 5824 qui
3944 5757 4015 5809 ibi

2441 5866 2621 5913 essent
2667 5874 2693 5907 ιτ
2746 5854 2922 5907 medio
2973 5852 3242 5911 tollerent,
3296 5855 3590 5918 ttt'l‘t'tltqltc
3652 5860 4014 5917 occuparent.
