4210 6428
230 473 366 543 1085

1650 484 2017 549 ΛΝΝΑῙΕΒ.

3317 489 3452 556 1086

226 586 339 642 iloc
375 597 552 645 autem
587 604 712 647 eum
744 592 975 664 patricio
1009 594 1103 665 qui
1142 593 1269 668 Tyri
1302 594 1563 661 substitit,
1602 595 1783 652 urbis-
1814 593 1859 652 Α
1892 599 2109 665 ratoris,
2143 600 2244 656 fuit
2277 599 2398 670 fuga
2431 600 2869 674 [Multammedin
2900 614 3059 669 quem
3092 599 3193 657 sibi
3223 603 3453 672 prophe-

222 694 330 747 que
364 680 508 741 illius
545 681 744 739 incolis
798 685 1144 753 innotulsset,
1178 687 1278 757 ipsi
1328 684 1543 744 Iudaeos
1571 688 1663 759 qui
1715 688 1790 744 ibi

221 779 383 825 erant
406 781 616 842 captos,
654 783 707 830 et
730 776 1166 833 catenisl‘erreis
1193 781 1403 836 vinctos
1428 782 1479 835 in
1514 795 1788 834 carcerem

221 863 596 930 conjecerunt,
637 867 950 935 clausisque
988 870 1138 922 urbis
1174 872 1343 937 portis
1370 872 1644 925 machinas
1672 871 1791 923 bel-

222 954 358 1006 licas
385 962 437 1006 et
466 955 705 1009 ballistas
738 959 889 1025 juxta
919 959 1065 1028 ipsas
1094 961 1454 1015 collocarunt.
1490 964 1621 1013 tium
1658 978 1786 1029 ergo

221 1042 530 1097 advenisset
560 1060 663 1097 nox
693 1045 970 1101 Paschatis
998 1047 1436 1102 Christianorum
1464 1091 1480 1114 ,
1506 1050 1674 1105 Judaei
1723 1068 1788 1106 ex
1821 1066 1827 1070 '

221 1132 483 1186 omnibus
519 1135 853 1203 regionibus,
882 1140 1192 1207 congregati
1226 1152 1351 1195 sunt
1376 1140 1599 1212 Tyrum,
1632 1152 1786 1212 prout

221 1220 292 1274 ad
345 1222 494 1289 ipsos
529 1226 865 1290 scripserant
903 1228 1069 1282 Judaei
1129 1239 1293 1301 atque
1349 1234 1481 1303 ipsis
1536 1236 1677 1290 inter
1730 1252 1790 1292 se

219 1325 549 1368 convenerat
575 1334 590 1371 :
620 1319 948 1387 fueruntque
977 1338 1203 1376 numero
1238 1324 1372 1377 ultra
1406 1326 1573 1379 vicies
1598 1328 1790 1396 221-

221 1403 387 1473 223
422 1408 599 1460 sexies
626 1408 777 1461 mille
812 1411 981 1476 viros,
1018 1429 1153 1479 quos
1190 1423 1408 1467 strenue
1434 1416 1502 1470 ab
1530 1417 1670 1469 arcis
1705 1414 1787 1469 la-

221 1495 384 1563 Stigio
416 1510 798 1567 oppugnarunt
830 1501 1053 1575 {Tyrii}.
1083 1506 1379 1560 ltiruerunt
1410 1518 1588 1561 autem
1614 1508 1784 1562 Judaei

221 1600 419 1639 omnes
448 1589 709 1644 ecclesias
741 1607 860 1660 ane
908 1604 1058 1646 extra
1114 1595 1237 1666 Tyri
1291 1612 1470 1651 arcem
1521 1608 1697 1663 erant,
1734 1611 1787 1653 at

220 1671 657 1747 quotiescunque
713 1684 1008 1737 ecclesiam
1042 1686 1275 1755 aliquam
1308 1690 1624 1751 diruerent,
1659 1692 1784 1763 Tyri

223 1769 419 1821 incolas
448 1786 479 1825 e
507 1770 712 1828 Iudaeis
749 1776 841 1845 qui
880 1778 1021 1845 apud
1071 1778 1218 1846 ipsos
1255 1781 1422 1835 vincti
1469 1792 1626 1835 erant
1656 1799 1785 1837 cen-

219 1868 334 1913 tum
367 1863 497 1918 viris
544 1866 825 1932 prehensis
856 1878 909 1923 ct
967 1870 1017 1922 in
1058 1872 1199 1925 arcis
1232 1860 1545 1927 summitate
1595 1877 1787 1943 positis

217 1955 398 2021 eapita
438 1957 812 2023 absciderunt,
838 1976 1008 2029 eaque
1030 1974 1182 2017 extra
1216 1966 1595 2034 projeccrunt;
1623 1979 1783 2038 atque

220 2047 323 2098 hoc
350 2047 511 2101 modo
542 2049 626 2102 his
661 2051 807 2105 mille
832 2055 977 2107 viros
1002 2056 1180 2122 capite
1204 2066 1547 2112 truncarunt.
1582 2059 1782 2115 Deinde

215 2135 386 2189 Judaei
416 2151 536 2192 orto
568 2142 709 2195 inter
744 2144 890 2209 ipsos
917 2146 1175 2212 clamore,
1206 2148 1257 2201 in
1284 2148 1462 2219 fugam
1492 2151 1600 2205 dati
1634 2142 1780 2217 sunt,

215 2244 249 2297 q
276 2245 355 2281 σος
379 2234 577 2293 egressi
607 2234 731 2306 Tyri
760 2237 951 2291 incolre
981 2250 1126 2308 terga
1154 2243 1344 2295 dantes
1375 2244 1601 2298 insecuti
1631 2256 1779 2309 sunt,

218 2338 580 2393 magnamque
624 2343 818 2381 eorum
854 2338 1087 2397 stragem
1127 2333 1451 2399 ediderunt;
1488 2337 1674 2404 reliqui
1713 2339 1776 2391 ad

215 2414 467 2475 regiones
518 2418 717 2486 quique
763 2434 891 2474 snas
928 2420 1140 2474 confusi
1191 2423 1463 2492 fugerunt.
1514 2426 1678 2483 Porro
1725 2431 1777 2481 in

215 2506 350 2558 tn'bc
379 2504 630 2562 Saloniea
652 2509 874 2578 juvenis
909 2511 1007 2565 fuit
1040 2516 1258 2568 nomine
1308 2515 1586 2571 lleraclius
1609 2558 1624 2582 ,
1655 2535 1777 2573 cum

212 2597 541 2660 quibusdam
599 2602 749 2653 urbis
804 2602 946 2655 illitts
1004 2599 1266 2673 patriciis.
1323 2606 1539 2662 Patr-icii
1598 2620 1776 2664 autem

214 2696 467 2755 sumptas
496 2705 658 2743 naves
703 2690 1035 2761 hordeoque,
1083 2695 1288 2762 tritico,
1325 2708 1377 2751 et
1413 2699 1780 2766 leguminibus

220 2778 470 2845 iit-pietas
499 2796 595 2845 per
627 2780 935 2838 lieraclium
965 2785 1491 2858 Constantinopolim
1515 2792 1778 2846 miserunt

215 2869 347 2936 ipsis
383 2871 435 2922 in
464 2872 768 2927 subsidium
800 2885 850 2928 et
883 2877 1224 2945 alimentum,
1256 2896 1378 2934 cum
1409 2882 1693 2940 obsidione
1725 2886 1778 2939 in

215 2963 494 3023 angustias
529 2964 734 3018 redacti
770 2978 974 3023 essent.
1000 2970 1137 3024 Cum
1170 2987 1297 3041 ergo
1318 2973 1779 3046 Constantinopo-

217 3053 309 3103 lim
353 3056 655 3122 appulisSet
699 3056 1002 3122 lleraelius,
1050 3062 1251 3130 gaudio
1298 3065 1368 3117 oh
1412 3065 1528 3133 ejus
1574 3067 1777 3120 adven-

218 3153 333 3197 tum
376 3146 554 3200 aﬂ‘eeti
591 3157 715 3205 sunt
750 3150 1017 3215 homines,
1077 3156 1259 3210 tritico
1298 3158 1425 3211 isto.
1480 3160 1681 3212 hordeo
1724 3170 1778 3213 et

1896 701 2004 744 tam
2047 701 2398 762 sumpserunt
2438 691 2668 752 Arabes.
2711 689 3009 764 Iledinatn]
3049 704 3235 747 mense
3272 689 3483 747 liuida

1893 781 2116 849 prioris,
2148 781 2198 834 in
2232 797 2335 851 qua
2370 783 2522 837 exsul
2552 783 2792 838 substitit
2842 797 3011 837 annos
3054 783 3235 838 decem
3265 821 3279 843 ,
3318 798 3453 850 quu-

1894 886 2013 923 rmn
2044 885 2186 924 anno
2211 882 2401 926 octavo
2431 882 2742 940 suggestum
2776 870 3062 926 exstruxit.
3088 870 3203 924 Jatn
3248 890 3274 923 a
3330 871 3454 924 Dio.

1892 963 2128 1014 cletiano
2154 964 2218 1015 ad
2248 961 2461 1016 lleiram
2503 962 2619 1032 [seu
2667 963 2843 1029 fugam
2886 963 3295 1030 Mohammedis‘,
3324 962 3450 1013 anni

1892 1061 2020 1105 sunt
2054 1054 2277 1108 trecenti
2315 1054 2533 1121 triginta
2586 1062 2729 1115 octo,
2774 1070 2802 1106 a
2848 1054 3075 1106 Domino
3111 1051 3331 1106 Christo
3383 1056 3447 1103 at

1891 1145 2133 1198 eamdem
2169 1148 2407 1199 sexcenti
2453 1144 2885 1209 quattuordecim.
2937 1144 3015 1197 Ab
3054 1143 3359 1195 Alexandro
3386 1142 3449 1194 ad

1892 1238 2130 1293 eamdem
2164 1239 2418 1306 nongenti
2445 1239 2661 1307 triginta
2697 1248 2827 1290 tres.
2864 1236 2903 1288 Α
2938 1237 3248 1303 captivitate
3281 1235 3450 1305 Baby-

1876 1320 2059 1385 ‘lonica
2102 1330 2166 1382 ad
2198 1332 2442 1384 eamdem
2475 1331 2622 1384 mille
2651 1342 2861 1383 centum
2917 1328 3208 1393 nonaginta
3259 1342 3374 1380 sex.
3407 1326 3448 1377 Α

1893 1424 2090 1477 Ιὶιιι·ἰι]θ
2119 1422 2184 1475 ad
2209 1422 2451 1477 eamdem
2480 1423 2625 1476 mille
2651 1436 2769 1475 sex:
2790 1421 2898 1474 enti
2941 1420 3282 1487 septuaginta
3316 1427 3446 1470 tres.

1891 1517 1983 1568 Ab.
2010 1515 2157 1569 exitu
2190 1514 2560 1569 lsraelitarum
2590 1531 2654 1568 ex
2705 1514 2937 1581 Egypto
2985 1513 3049 1565 ad
3086 1509 3330 1563 eamdem
3368 1510 3449 1562 bis

1890 1607 2033 1660 mille
2058 1607 2273 1660 ducenti
2317 1607 2655 1673 septuaginta
2686 1621 2893 1656 noVem.
2926 1604 3005 1655 Ab
3040 1602 3346 1655 Abrahamo
3385 1600 3449 1651 ad

1888 1696 2128 1746 eamdem
2186 1694 2267 1746 bis
2321 1693 2467 1746 mille
2521 1692 2846 1760 septingenti
2907 1692 3179 1759 octoginta
3236 1705 3355 1746 ses.
3404 1688 3445 1742 A

1889 1782 2122 1851 Phalego
2172 1782 2239 1835 ad
2284 1782 2525 1835 ean-dem
2572 1790 2655 1835 ter
2698 1782 2845 1835 mille
2884 1780 3108 1833 treeenti
3139 1778 3323 1844 viginti
3365 1792 3445 1830 se.

1888 1882 2053 1943 ptem.
2103 1877 2140 1927 A
2175 1872 2384 1928 diluvio
2419 1873 2484 1925 ad
2524 1875 2768 1925 eamdem
2821 1880 2904 1924 ter
2953 1869 3103 1923 mille
3153 1869 3446 1936 octingenti

1886 1946 2274 2038 quinquaginta
2303 1976 2442 2022 octo.
2496 1966 2576 2018 Ab
2629 1964 2832 2018 Adamo
2862 1964 2927 2016 ad
2980 1960 3230 2017 eamdem
3269 1960 3446 2029 sexies

1888 2058 2036 2111 mille
2087 2067 2300 2112 centum
2357 2069 2409 2110 et
2461 2056 2894 2125 quatuordecim.
2941 2053 3222 2105 lleraclius
3268 2060 3445 2103 autem

1890 2157 2172 2217 postquam
2227 2148 2457 2214 itnperio
2512 2145 3115 2213 Constantinopolitano
3163 2143 3444 2211 praefectus

1888 2249 1977 2293 est
2009 2254 2100 2293 sex
2128 2254 2302 2293 annos
2350 2238 2682 2291 obsidionem
2736 2252 2951 2306 gravent
3002 2250 3193 2303 passus
3240 2242 3343 2286 est.
3390 2232 3445 2285 In

1894 2330 2171 2397 angustias
2203 2346 2330 2398 ergo
2362 2345 2469 2397 prae
2500 2329 2786 2383 obsidione
2820 2328 3022 2381 redar-ti
3057 2325 3444 2379 Constantium

1890 2422 2131 2487 politani.
2160 2436 2281 2471 eum
2313 2420 2545 2471 maxima
2583 2421 2817 2488 ipsorum
2858 2432 2980 2485 pars
3011 2415 3150 2468 fame
3176 2414 3443 2482 periisset,

1888 2511 2159 2564 inanimo
2196 2510 2500 2564 habuerunt
2549 2510 2733 2562 urbem
2784 2507 2966 2561 Crsrm
3011 2504 3243 2574 aperire.
3294 2503 3442 2567 Quo!

1886 2615 2009 2654 cum
2070 2599 2318 2653 scivisset
2365 2596 2666 2660 lleraclius,
2723 2603 3095 2662 metueretqne
3145 2607 3215 2647 ne
3254 2591 3438 2644 urbem

1887 2698 2125 2757 apertam
2162 2688 2338 2744 Cesra:
2369 2687 2670 2750 traderent,
2720 2690 2834 2754 ipse
2860 2686 2919 2736 ad
2969 2685 3188 2738 Cesram
3224 2684 3441 2736 mittens

1887 2779 2024 2832 dixit
2055 2780 2151 2848 ipsi
2184 2780 2389 2851 :228
2430 2778 2808 2845 Quodcunque
2842 2776 2975 2829 mihi
3010 2776 3335 2843 imposueris
3364 2774 3441 2825 fa-

1888 2871 2164 2934 ciendum,
2192 2888 2293 2941 ego
2326 2872 2390 2925 ad
2420 2872 2546 2925 illud
2577 2868 2941 2939 pratstandum
2971 2884 3057 2919 me
3083 2866 3176 2919 tibi
3208 2866 3440 2920 obstrin-

1886 2980 2026 3033 gam,
2056 2964 2216 3017 modo
2247 2981 2273 3015 a
2305 2979 2388 3017 me
2418 2962 2755 3017 discesseris.
2784 2959 2884 3013 Cui
2917 2956 3224 3015 rescribens
3251 2959 3439 3013 Cesra:

1887 3056 1940 3108 Si
1974 3056 2053 3109 vis
2077 3056 2297 3124 (inquit)
2329 3064 2384 3107 ut
2424 3071 2452 3107 a
2486 3062 2538 3106 te
2563 3051 2861 3119 discedam,
2891 3051 3081 3106 :dl‘eras
3114 3050 3242 3103 mihi
3270 3050 3324 3103 in
3361 3065 3439 3101 rc-

1885 3145 2213 3213 dvmptionis
2258 3146 2486 3215 pretium
2532 3162 2627 3214 pro
2678 3156 2754 3205 te,
2795 3152 2846 3194 et
2891 3143 3108 3211 regione
3157 3149 3245 3192 tua
3298 3139 3439 3193 mille

216 3232 586 3299 leguminibus
621 3238 689 3290 ah
724 3238 839 3304 ipso
870 3241 1049 3295 allatis
1075 3245 1323 3297 recreati.
1358 3244 1479 3297 Fuit
1513 3262 1640 3300 vero
1678 3247 1847 3334 lle-(s
1893 3236 2008 3288 auri
2076 3237 2307 3297 talenta,
2368 3237 2572 3305 argtnti
2634 3234 2858 3308 totidem
2884 3273 2897 3292 .
2962 3233 3163 3301 puellas
3211 3231 3438 3294 virgines

219 3325 423 3378 melius
452 3324 667 3392 juvenis
704 3329 1039 3387 fortitudinis
1071 3335 1307 3395 eximiae,
1344 3337 1601 3403 prudens,
1647 3354 1778 3390 coit-

213 3433 239 3467 s
267 3416 320 3467 lii
358 3432 518 3484 sagax
550 3458 565 3481 ,
598 3436 868 3483 nequam;
901 3424 989 3488 qui
1029 3440 1160 3493 ergo
1188 3426 1512 3479 consiliariis
1543 3440 1589 3482 et
1624 3428 1778 3481 duci-

215 3508 317 3560 hus
345 3508 483 3561 dixit
513 3529 525 3562 :
551 3510 759 3566 Phoeas
795 3513 1086 3580 imperator
1116 3517 1391 3585 regiminis
1423 3521 1641 3586 pessimi
1672 3529 1775 3587 est,

213 3592 582 3667 Romanisque
617 3602 883 3656 universis
914 3604 1220 3670 infaustus;
1258 3623 1377 3659 nam
1434 3624 1497 3662 ex
1531 3626 1638 3679 quo
1674 3612 1776 3663 im-

213 3688 367 3752 perio
421 3690 704 3756 praefectus
738 3702 820 3747 est
872 3695 936 3747 ad
993 3696 1095 3749 hoc
1136 3714 1304 3764 usque
1356 3700 1518 3773 224
1562 3713 1775 3773 tempus

210 3785 338 3832 orto
389 3792 653 3833 annorum
694 3783 870 3850 spatio
902 3784 1184 3840 obsidione
1218 3788 1380 3841 cincti
1410 3791 1564 3854 estis,
1602 3793 1777 3863 regio-

208 3881 422 3935 nesque
458 3868 793 3937 Cra-corum,
825 3872 1069 3945 Egypti,
1114 3886 1166 3930 et
1200 3879 1367 3950 Syriae
1400 3883 1632 3950 pessime
1665 3893 1778 3937 tra-

210 3966 392 4012 ctata.
420 3957 596 4014 Persa.-
625 3962 768 4017 enim
822 3966 1073 4032 regiones
1107 3978 1160 4024 et
1194 3979 1366 4024 terras
1404 3983 1609 4028 vestras
1652 3976 1776 4031 uni-

220 4061 409 4102 versas
456 4060 831 4118 occuparunt;
885 4055 1171 4108 consilium
1209 4071 1337 4126 ergo
1376 4073 1551 4112 meum
1602 4069 1687 4114 est
1719 4070 1776 4115 ut

212 4140 502 4194 interfecto
535 4141 626 4193 illo
655 4142 817 4194 alium
872 4143 1027 4197 vobis
1074 4145 1401 4212 praeﬁciatis.
1434 4148 1643 4209 Quibus
1676 4166 1773 4203 an-

208 4231 524 4291 nuentibus,
554 4232 778 4286 adortus
802 4233 1080 4287 ﬂerat-lius
1113 4234 1363 4298 PIIOCam,
1404 4237 1575 4305 ipsum
1613 4240 1773 4291 inter-

208 4320 353 4374 fecit.
389 4320 962 4392 Convenientihusque
990 4328 1323 4393 consiliariis
1353 4339 1405 4381 et
1430 4330 1679 4394 ducibus,
1716 4343 1774 4385 ιιι

204 4430 234 4468 c
264 4415 436 4482 stirpe
466 4414 609 4483 regia
641 4416 877 4483 aliquem
905 4416 1164 4485 eligerent
1187 4434 1345 4485 quem
1377 4420 1477 4474 sibi
1534 4423 1691 4488 praedi.
1712 4440 1772 4478 e-

207 4511 325 4557 rent
365 4511 381 4557 :
415 4502 532 4557 Non
561 4504 800 4575 expedit,
830 4505 1027 4573 inquit,
1064 4506 1367 4572 lleraclius,
1400 4519 1455 4563 ut
1492 4513 1647 4567 vobis
1674 4514 1774 4565 im-

1828 3315 1848 3335 ³
1886 3328 2048 3391 mille,
2073 3342 2240 3395 equos
2277 3328 2437 3385 mille.
2482 3335 2657 3381 vestes
2695 3325 3021 3380 holosericas
3055 3324 3241 3387 mille;
3278 3332 3437 3391 atque

1884 3419 1982 3470 hoc
2016 3418 2109 3471 tibi
2139 3420 2401 3471 tributunt
2440 3418 2510 3472 sit
2541 3419 2831 3487 quotannis
2864 3415 3247 3488 pendendum;
3278 3414 3435 3481 hujus

1881 3520 2056 3563 autem
2094 3510 2219 3562 ιιιιιιί
2266 3510 2525 3563 tributum
2577 3512 2758 3563 statim
2825 3510 2954 3564 mihi
3008 3509 3224 3569 aderas,
3276 3508 3434 3576 idque

1880 3601 2059 3654 subito
2098 3602 2213 3655 sine
2265 3617 2413 3654 mora
2441 3642 2454 3664 ,
2497 3618 2603 3671 quo
2636 3619 2661 3653 a
2699 3612 2750 3656 te
2776 3603 3085 3656 discedam.
3139 3599 3432 3667 Rescripsit

1882 3692 2163 3747 lieraclius
2197 3709 2210 3744 :
2245 3693 2371 3761 liegi
2405 3693 2656 3745 clementi
2686 3693 2739 3745 in
2764 3706 2828 3745 eo
2848 3691 2992 3761 quod
3040 3690 3192 3758 petiit
3230 3702 3431 3748 annuo,

1880 3794 1933 3839 at
1963 3801 2068 3838 non
2100 3793 2182 3840 est
2228 3782 2696 3854 inpra‘sentiarum
2750 3796 2913 3853 penes
2969 3796 3053 3834 me
3080 3788 3252 3849 totum
3291 3779 3431 3845 quod

1879 3880 1931 3931 in
1964 3876 2351 3946 redemptionis
2386 3875 2616 3944 pretium
2655 3888 2683 3927 a
2714 3889 2798 3926 me
2828 3872 3012 3941 petiit;
3040 3886 3161 3926 cum
3202 3885 3292 3924 rex
3320 3867 3429 3923 cle-

1880 3985 2036 4026 mens
2082 3984 2168 4023 me
2195 3970 2263 4023 ab
2307 3967 2566 4022 omnibus
2592 3965 2887 4020 ditionihus
2924 3964 3057 4019 meis
3110 3963 3429 4045 cohibuerit.

1875 4061 2027 4129 Quod
2056 4061 2100 4115 si
2147 4074 2237 4114 rex
2273 4059 2508 4115 clemens
2542 4058 2670 4112 mihi
2710 4057 2759 4111 in
2806 4055 3052 4125 regiones
3095 4070 3243 4110 meas
3278 4063 3429 4124 pote-

1875 4156 2067 4201 statem
2103 4148 2457 4208 concesserit,
2484 4154 2541 4199 ιιι
2572 4161 2825 4215 egressus
2861 4160 2994 4213 opes
3024 4144 3270 4211 colligant
3297 4181 3315 4207 ,
3352 4150 3430 4197 to-

1876 4249 1986 4292 tunt
2019 4238 2164 4306 quod
2210 4251 2238 4290 a
2284 4254 2368 4291 nte
2399 4238 2548 4305 petiit
2589 4237 2692 4304 ipsi
2739 4236 2954 4289 aderam
3010 4243 3290 4304 postquam
3341 4248 3428 4287 sex

1876 4347 2091 4386 menses
2145 4348 2230 4383 tne
2290 4331 2716 4398 exspectavi-rit;
2781 4331 3020 4398 mihiq-te
3086 4328 3430 4382 securitatem

1876 4423 2185 4493 praestiterit
2214 4437 2320 4490 quo
2349 4420 2581 4474 ditiones
2614 4436 2762 4473 meas
2798 4435 3094 4489 peragrans
3139 4434 3269 4486 opes
3318 4419 3429 4471 col.

1877 4513 2059 4579 ligant,
2088 4512 2370 4565 sententia:
2418 4512 2585 4580 ipsius
2622 4511 3008 4578 obsequentem
3047 4510 3283 4563 habebit.
3320 4513 3430 4562 An-

206 4603 515 4661 pcratorent
555 4595 863 4663 prteilciatis
899 4597 1005 4650 nisi
1036 4598 1129 4665 qui
1169 4597 1252 4652 his
1279 4600 1533 4668 praeditus
1562 4603 1635 4656 sit
1674 4604 1769 4655 do-
1804 4603 1845 4656 D
1875 4604 1991 4656 nuit
2020 4618 2146 4671 ergo
2173 4602 2336 4656 Cesra
2374 4604 2513 4655 votis
2545 4602 2733 4670 ipsius.
2765 4600 2900 4654 Tmu
2934 4601 3209 4653 lieraclius
3235 4616 3428 4653 convo-

204 4685 373 4746 tibus,
404 4684 613 4739 scilicet
650 4694 707 4737 ut
742 4686 813 4738 sit
862 4686 1059 4739 eximie
1095 4696 1402 4756 temperans
1425 4731 1438 4753 ,
1489 4708 1667 4745 rerum
1703 4694 1767 4747 ad

205 4776 523 4844 religionem
559 4777 924 4843 spectantium
956 4777 1181 4844 peritus,
1215 4794 1375 4847 sagax
1403 4822 1417 4846 ,
1460 4783 1653 4853 lingua:
1685 4800 1771 4839 ve—

204 4864 368 4925 racis,
418 4874 697 4929 strenuus,
727 4867 1014 4935 eloquens,
1054 4867 1194 4923 inter
1226 4871 1628 4939 gubernandum
1661 4880 1770 4931 elc-

204 4972 379 5018 mens,
425 4955 749 5011 insidiarum
802 4958 1051 5014 hostibus
1102 4964 1490 5017 struendarum
1543 4968 1764 5023 callens.

203 5047 676 5117 Respondentibus
725 5051 837 5106 illis
888 5071 901 5106 :
955 5051 1091 5118 Quis
1142 5056 1300 5108 nobis
1354 5032 1768 5133 tali-rti'irristet?

203 5139 570 5205 Paciscimini,
598 5142 796 5211 inquit,
847 5158 1056 5196 mecum
1092 5146 1137 5198 si
1175 5147 1336 5199 talem
1371 5150 1518 5201 vobis
1556 5150 1765 5204 indica-

203 5244 352 5292 vero,
385 5244 483 5283 vos
517 5231 692 5299 ipsum
725 5233 879 5286 vobis
922 5233 1310 5301 prwl'ecturos;
1347 5254 1409 5289 ac
1445 5240 1764 5307 promitten-

202 5324 346 5376 tibus
377 5322 506 5384 illis,
553 5337 611 5377 se
649 5323 700 5375 id
738 5326 1079 5387 prarstituros
1130 5326 1263 5380 adeo
1320 5341 1374 5381 ut
1415 5331 1546 5398 ipsis
1606 5334 1759 5386 [idem

200 5408 462 5461 adhibere
496 5422 697 5471 posset.
732 5410 861 5479 Ego.
899 5414 1092 5480 inquit,
1131 5414 1173 5468 is
1204 5430 1345 5470 sum.
1373 5417 1552 5482 Quare
1585 5421 1758 5487 ipsum

199 5497 301 5550 sibi
338 5499 723 5566 prefecerunt.
756 5502 1043 5570 hnperavit
1088 5521 1218 5571 ergo
1252 5506 1530 5561 lleraelius
1561 5510 1760 5563 Roma-

202 5586 302 5649 nis,
334 5587 499 5655 idque
532 5604 675 5641 anno
706 5594 851 5658 regni
883 5590 935 5644 Cr
958 5608 1061 5647 ora:
1084 5594 1172 5647 lilii
1202 5594 1447 5651 Hormozi
1474 5599 1757 5669 Aperwizi,

201 5676 341 5743 regis
375 5675 681 5745 Persarum,
710 5681 965 5737 vicesimo
1003 5686 1183 5742 tertio.

463 5766 813 5839 225-227
856 5770 939 5823 ΙΝ
950 5771 1046 5825 IT!
1058 5769 1100 5825 ι]
1110 5774 1161 5828 Μ
1222 5774 1268 5826 ΙΙ
1280 5775 1351 5827 ΕΙ
1361 5776 1493 5831 RxE.

267 5857 424 5911 Auno
457 5859 629 5923 primo
662 5862 874 5927 imperii
913 5863 1141 5919 Heraclia
1180 5865 1538 5924 Romanorum
1589 5874 1751 5938 impe-

1870 4696 2001 4750 catis
2029 4695 2331 4749 (-onsiliaris
2361 4710 2421 4746 ac
2447 4694 2672 4748 ducibus
2701 4695 2834 4755 suis,
2874 4692 3004 4762 Ego,
3037 4694 3231 4760 inquit,
3254 4693 3428 4746 Cesra!

1873 4802 1957 4839 me
2009 4788 2234 4840 submisi
2281 4801 2389 4854 quo
2419 4786 2594 4853 ipsum
2626 4800 2688 4837 ae
2731 4787 2956 4837 comites
3000 4785 3169 4851 ipsius
3211 4798 3428 4836 securos

1870 4877 2171 4940 redderem,
2205 4878 2315 4945 jam
2350 4893 2477 4930 vero
2512 4877 2562 4929 in
2601 4877 2888 4930 Persarum
2934 4876 3206 4943 regionem
3249 4872 3426 4942 profe-

1868 4976 2053 5021 cturus
2087 4983 2228 5021 sum.
2259 4966 2486 5021 Conﬁdo
2521 4977 2701 5021 autem
2736 4969 2787 5020 in
2824 4967 3048 5021 Domino
3078 4976 3266 5021 nostro
3295 4966 3424 5020 Jesu

1868 5058 2102 5121 Christo,
2144 5059 2318 5125 ipsum
2372 5058 2499 5111 mihi
2544 5058 2594 5111 in
2634 5058 2825 5111 Persas
2871 5059 3126 5110 auxilium
3172 5060 3425 5127 prmbitu-

1870 5167 2005 5212 rmn,
2035 5167 2235 5217 nosque
2263 5167 2290 5203 a
2322 5152 2499 5204 Cesra:
2519 5150 2862 5219 229-231
2886 5166 2947 5205 ac
2972 5152 3230 5206 comitum
3253 5155 3424 5221 ipsius

1868 5258 2001 5309 nego
2035 5244 2084 5293 io
2118 5242 2383 5295 innnuues
2421 5242 2814 5311 prmstiturum.
2844 5241 2998 5306 Quod
3027 5245 3070 5296 si
3103 5259 3281 5297 moras
3310 5254 3422 5297 tra-

1865 5335 1999 5388 hens
2034 5335 2095 5385 ad
2132 5350 2225 5385 vos
2263 5336 2400 5387 intra
2442 5351 2532 5387 sex
2582 5348 2794 5385 menses
2827 5349 3077 5386 reversus
3110 5351 3212 5386 non
3247 5336 3421 5397 fuero,

1864 5426 2135 5477 blanditiis
2171 5426 2394 5477 (Iesratn
2428 5426 2750 5486 demulcete,
2788 5442 2845 5475 ac
2886 5440 3035 5491 Spem
3086 5428 3132 5477 ei
3182 5427 3421 5487 facilem

1862 5532 2061 5567 annum
2095 5531 2261 5581 usque
2318 5518 2580 5583 integrum
2609 5518 2779 5582 ipsum
2816 5515 3044 5571 deferte.
3069 5515 3205 5569 Tum
3247 5520 3293 5571 si
3322 5536 3421 5586 ego

1860 5611 1922 5658 :ul
1960 5625 2053 5659 vos
2084 5609 2295 5661 rediero
2329 5607 2559 5677 [bene];
2612 5609 2694 5661 sin
2734 5609 2933 5673 minus,
2987 5610 3112 5674 quid
3163 5612 3313 5665 Vobis
3342 5615 3423 5664 vi—

1859 5714 1975 5749 sunt
2012 5698 2168 5750 feCtit
2202 5698 2401 5755 facile:
2469 5699 2692 5752 fratrem
2725 5709 2907 5751 autem
2937 5717 2965 5749 ιι
2991 5716 3109 5751 cum
3146 5700 3417 5753 Constant»

1859 5792 2025 5842 tinum
2060 5791 2316 5843 vicarium
2352 5807 2527 5844 meum
2560 5791 2699 5860 apud
2748 5807 2841 5843 vos
2874 5800 3074 5855 statuo,
3106 5807 3304 5858 vosque
3349 5796 3415 5847 iis

1857 5896 1973 5941 que
2020 5880 2168 5933 vobis
2197 5880 2307 5933 dixi
2358 5880 2704 5948 :tt'qttiescite.
2757 5881 2860 5950 ipsi
2901 5895 3031 5950 ergo
3064 5920 3078 5939 ,
3126 5892 3407 5951 acceptum
