4210 6428
712 478 837 538 1087

1732 474 2099 531 EU'HCHII
2143 472 2673 533 ALEXANDRlNI
2705 472 2926 533 ΡΑἸἭ.

3843 471 3980 533 1088

715 586 842 638 illud
877 584 1161 651 habentes,
1189 599 1505 639 successum
1557 584 1657 655 ipsi
1704 584 1916 640 l'elicem
1959 587 2290 654 comprecati
2323 587 2365 639 A
2396 585 2666 655 asinoque
2725 586 2947 642 clitellis
3005 586 3242 640 instrato
3297 594 3511 640 vectum
3569 585 3971 652 conspexisset.

713 687 863 734 sunt,

788 769 1072 823 lleraclius
1108 786 1238 839 ergo
1276 772 1492 825 selectis
1524 788 1553 825 c
1588 772 1787 825 dueum
1826 772 2099 825 exercitus
2131 771 2282 825 Con-

716 862 1188 929 s’autinopolitaui
1234 863 1546 916 fortissimis
1580 879 1643 916 ac
1678 865 2168 931 pnestantissimis,
2209 864 2290 915 til-

718 966 801 1005 tra
838 954 1129 1021 quinquies
1174 954 1319 1006 mille
1348 954 1517 1014 viros.
1565 971 1705 1022 quos
1742 971 1925 1009 secum
1962 964 2290 1017 assumeret,

713 1048 1034 1115 paratisque
1088 1047 1320 1100 navibus
1378 1049 1581 1113 quibus
1645 1062 1751 1101 tam
1812 1049 2063 1103 homines
2127 1062 2291 1115 quani

716 1153 887 1206 equos
927 1138 1147 1191 veheret
1180 1137 1655 1206 Constantinopoli
1688 1138 2121 1208 Trapezuntium
2168 1154 2293 1207 pro-

718 1230 927 1290 lectus,
967 1229 1041 1283 ibi
1087 1231 1355 1284 substitit.
1412 1228 1775 1299 Collectisqne
1818 1230 1991 1300 copiis
2040 1244 2103 1283 ac
2153 1228 2295 1282 datis

718 1318 989 1374 mandatis
1021 1336 1179 1389 Opem
1217 1336 1244 1371 a
1294 1336 1415 1390 rege
1456 1321 1832 1375 Chozarorum
1869 1322 2059 1391 petiit,
2104 1329 2296 1390 pactus

718 1410 790 1463 illi
842 1410 1040 1465 solium
1076 1410 1162 1463 cui
1202 1410 1465 1465 insideret
1497 1427 1620 1465 cum
1659 1412 1942 1466 consessui
1982 1412 2172 1480 palatii
2215 1412 2297 1462 iu-

720 1512 982 1562 teresset;
1024 1519 1123 1555 nec
1163 1518 1271 1555 non
1306 1518 1332 1555 a
1368 1519 1493 1571 iege
1530 1505 1588 1555 AI
1624 1504 1817 1572 Aujaz,
1848 1505 2045 1558 collato
2078 1503 2151 1556 illi
2184 1504 2300 1557 dia-

720 1597 930 1650 demate
954 1611 1065 1663 quo
1096 1598 1313 1662 quoties
1348 1597 1412 1650 ad
1437 1612 1758 1651 consessum
1795 1597 2048 1649 eumdem
2075 1596 2300 1650 accede-

721 1697 797 1740 ret
839 1697 1167 1751 ornaretur;
1200 1699 1252 1739 et
1284 1704 1312 1741 a
1357 1704 1480 1761 rege
1511 1690 1572 1741 Al
1610 1688 1886 1749 Sanariaa,
1922 1688 2006 1739 cui
2055 1697 2107 1739 et
2139 1697 2297 1756 pacto

724 1782 917 1836 solium
965 1780 1235 1834 concessit
1267 1795 1377 1848 quo
1429 1781 1481 1832 iii
1513 1781 1704 1834 eodem
1742 1796 2001 1834 ronsessu
2048 1780 2296 1844 sederet;

724 1877 863 1929 unde
890 1890 954 1927 ex
989 1890 1054 1927 eo
1090 1883 1330 1939 tempore
1364 1874 1668 1941 appellatus
1700 1882 1781 1927 est
1820 1888 1909 1925 rex
1943 1874 2001 1925 AI
2034 1872 2297 1936 Sauarize,

2400 680 2565 744 Quid,
2612 680 2808 749 inquit,
2846 682 3019 734 nuntii
3054 679 3257 734 aﬂ‘ers?
3287 679 3382 733 Cui
3428 678 3536 744 ille,
3594 675 3859 742 Vastavit,
3895 678 3970 729 itt-

2400 772 2551 837 qnit,
2592 769 2873 825 Heraclitus
2908 787 3098 827 omnes
3135 771 3333 827 Persia:
3372 776 3567 837 urbes,
3606 773 3969 836 viris,’l't-mi-

2402 863 2486 915 nis
2540 864 2829 930 puerisque
2858 863 3159 926 trucidatis,
3213 864 3400 918 urbem
3435 880 3566 919 vero
3599 867 3799 933 regiam
3829 864 3971 916 diru-

2402 962 2509 1007 tam
2542 956 2808 1020 incendit,
2832 956 3090 1010 omnibus
3115 957 3205 1025 qui
3233 957 3284 1009 in
3314 973 3375 1010 ea
3406 956 3621 1011 luerunt
3650 958 3975 1015 ittlerfectis.

2402 1062 2675 1115 epumque
2698 1059 2751 1102 et
2777 1064 3115 1119 gemmarum
3147 1060 3414 1118 quantum
3451 1050 3593 1103 haud
3625 1051 3821 1119 poterit
3857 1053 3975 1118 quis

2404 1154 2687 1193 recensere
2746 1143 3066 1209 reportavit.
3119 1139 3243 1193 llaec
3296 1151 3476 1195 autem
3529 1141 3701 1211 ipsius
3752 1142 3977 1210 epistola

2403 1244 2509 1287 est.
2553 1234 2685 1287 Cum
2722 1247 2851 1301 ergo
2885 1231 3118 1287 lleraclii
3154 1233 3433 1301 epistolam
3470 1234 3787 1304 perlegisset
3812 1235 3977 1289 Cesra

2405 1342 2599 1395 magna
2633 1327 2847 1379 tristitia
2888 1324 3062 1379 aﬂ‘eCti
3091 1336 3219 1379 sunt
3254 1334 3368 1378 tum
3399 1326 3515 1394 ipse
3545 1337 3656 1378 tum
3685 1326 3861 1394 ipsius
3892 1342 3979 1378 eo.

2406 1419 2588 1481 mites,
2627 1418 2927 1484 multisque
2956 1416 3193 1471 laniilias
3232 1428 3285 1471 et
3324 1417 3532 1471 liberos
3566 1434 3695 1471 suos
3731 1420 3981 1487 Iacrymis

2406 1509 2694 1562 tleﬂeruut.
2754 1507 2917 1561 Cesra
2979 1522 3113 1576 ergo
3173 1508 3491 1561 convocatis
3548 1507 3882 1562 consiliariis
3936 1518 3983 1559 et

2406 1600 2637 1654 ducibus
2676 1599 2820 1660 suis,
2859 1598 2998 1663 Quid
3032 1599 3255 1666 (inquit)
3295 1598 3533 1661 sentitis,
3589 1600 3856 1667 siquidem
3904 1598 3983 1648 ἰιμ

2408 1690 2619 1745 terfecti
2665 1690 2828 1761 236
2876 1700 3005 1742 sunt
3055 1695 3315 1760 conjnges
3362 1700 3416 1742 ct
3465 1692 3619 1743 liberi
3679 1690 3892 1751 nostri,
3938 1702 3985 1741 et

2408 1790 2618 1836 vastata
2654 1780 2931 1835 domicilia
2966 1792 3018 1834 et
3062 1781 3370 1837 habitacula
3405 1782 3631 1835 nostra?
3670 1780 3986 1849 Responde-

2411 1884 2537 1927 runt.
2568 1874 2643 1927 illi
2678 1875 2845 1926 tluCt-s
2877 1882 2929 1926 et
2967 1874 3262 1928 consiliarii
3302 1874 3516 1941 ipsius:
3562 1872 3703 1926 Nihil
3748 1874 3986 1941 proderit

727 1983 819 2020 rex
851 1964 983 2018 Solii
1015 1962 1338 2033 [dominus].
1363 1965 1627 2032 Atqueila
1654 1974 1995 2031 cornparatus
2022 1964 2300 2031 prolectus
2335 1942 2372 1994 Β
2406 1967 2567 2021 nobis
2606 1968 2691 2019 hic
2720 1967 2930 2031 sedere,
2964 1982 3153 2019 verum
3190 1967 3455 2021 abeuntes
3490 1982 3607 2021 eam
3645 1967 3988 2035 iuquiramus

724 2071 800 2113 est
835 2059 887 2109 in
937 2060 1214 2125 regionem
1249 2066 1562 2110 tn0ntanam
1601 2055 1993 2124 Asphahauutn
2042 2073 2215 2122 usque
2249 2066 2302 2108 et

725 2151 869 2205 Mord
900 2161 953 2206 et
988 2152 1212 2220 Saporis
1248 2152 1462 2215 urbem,
1496 2166 1886 2219 quamcunque
1920 2150 2303 2219 ingrederetur

726 2244 911 2297 urbem
963 2244 1103 2297 datis
1156 2244 1462 2302 mandatis,
1513 2252 1567 2296 et
1622 2242 1867 2297 collectis
1916 2242 2111 2308 copiis.
2142 2239 2302 2308 232

730 2336 1047 2404 Ubicunque
1094 2344 1277 2388 autem
1314 2335 1367 2386 in
1413 2335 1497 2387 via
1548 2334 1771 2387 obvium
1817 2332 2037 2385 haberet
2083 2332 2302 2385 Persam

727 2430 963 2498 aliquem
1008 2428 1208 2490 virum,
1256 2425 1549 2487 feminam,
1585 2425 1667 2478 vel
1712 2440 1965 2493 puerum,
1999 2424 2138 2477 colla
2177 2422 2306 2491 ipsis

728 2520 990 2588 pra-cidit.
1025 2519 1191 2573 Urbis
1233 2535 1360 2572 vero
1409 2518 1631 2584 Saporis
1666 2517 1857 2570 incolae
1904 2516 2034 2569 visis
2075 2513 2305 2567 lleraclii

731 2615 919 2682 cepiis,
957 2630 1079 2667 cum
1115 2623 1263 2667 metu
1302 2627 1501 2679 magno
1536 2612 1807 2678 perterriti
1848 2623 2061 2667 essent.
2096 2625 2153 2663 se
2190 2624 2311 2660 mu-

730 2706 943 2759 nientes
975 2704 1039 2755 ad
1075 2711 1257 2771 portas
1289 2702 1575 2755 machinas
1603 2713 1652 2756 et
1686 2703 1933 2755 ballistas
1966 2709 2305 2755 statuerunt:

732 2812 868 2864 quos
895 2796 1112 2864 aliquot
1142 2795 1336 2848 diebus
1361 2794 1503 2846 bello
1536 2794 1812 2847 lacessivit
1844 2792 2307 2852 Ileracliusnlein

730 2904 907 2958 pugna
953 2888 1181 2941 adortus
1225 2902 1333 2939 non
1368 2895 1497 2939 ante
1538 2886 1741 2939 destitit
1776 2900 1940 2955 quam
1991 2885 2181 2937 urbem
2215 2900 2310 2937 cc-

732 2984 932 3053 pisset.
984 2981 1244 3035 omnibus
1288 2981 1380 3048 qui
1437 2980 1505 3032 in'
1544 2980 1661 3047 ipsa
1707 2978 1958 3039 fuerant,
2016 2988 2123 3030 tam
2175 2977 2309 3029 viris

735 3092 890 3144 quam
926 3073 1147 3128 feminis
1180 3073 1496 3142 puerisque,
1526 3071 1899 3124 internecione
1930 3069 2147 3132 deletis,
2182 3071 2310 3136 quin

735 3176 785 3221 et
816 3166 1164 3236 gravidarum
1199 3164 1372 3217 uteris
1414 3163 1667 3216 dissectis
1708 3170 1987 3215 extractos
2027 3160 2154 3213 inde
2202 3174 2313 3210 cm-

737 3261 969 3328 bryones
1037 3258 1184 3310 saxis
1249 3257 1547 3309 illisernnt.
1611 3251 1732 3318 Quo
1789 3261 2143 3320 conspecto:

736 3355 931 3423 (inquit
963 3352 1269 3418 lleraclius)
1300 3368 1418 3403 smn
1448 3351 1515 3402 de
1545 3365 1656 3417 quo
1682 3348 2013 3401 vaticinatus
2036 3355 2121 3399 est
2149 3344 2313 3397 David

738 3447 998 3517 propheta
1031 3446 1147 3509 ubi,
1184 3443 1396 3513 psalmo
1423 3457 1648 3506 cxxxvi,
1673 3442 1845 3496 dicit:
1881 3438 2070 3493 Beatus
2089 3441 2175 3507 qui
2195 3455 2321 3506 par—

740 3540 881 3592 vulos
928 3548 1046 3591 tuo:
1091 3536 1352 3600 accipiens
1406 3543 1570 3602 petra:
1611 3534 1752 3599 ipsa:
1807 3531 2058 3586 alliserit.
2116 3528 2320 3584 Deinde

741 3634 859 3698 igne
904 3629 1021 3683 urbi
1060 3628 1259 3697 injecto
1309 3640 1618 3694 magnaque
1668 3624 2019 3694 captivorum
2069 3622 2322 3676 multitu-

742 3720 864 3773 dine
893 3719 1152 3781 abducta,
1188 3733 1295 3770 una
1326 3731 1450 3769 cum
1490 3715 1744 3784 pecuniis
1778 3715 2129 3784 geminisque
2162 3713 2322 3766 innu-

744 3810 908 3864 meris
944 3816 1113 3863 tomn
1165 3808 1367 3861 Persia:
1420 3809 1702 3876 regionem
1746 3805 2073 3859 devastavit.
2122 3802 2325 3857 Deinde

746 3902 827 3955 tia
862 3917 957 3954 sua
995 3914 1245 3953 reverens
1278 3915 1373 3968 per
1410 3900 1662 3966 regiones
1704 3896 1952 3959 llalwan,
1995 3908 2047 3950 et
2088 3895 2319 3957 Sliaruz,

745 4003 795 4050 et
851 3995 895 4048 Λ
945 3993 1238 4061 Madayeu,
1299 3992 1580 4061 ingressus
1641 3997 1723 4043 est
1784 3987 2229 4058 Miyapharekin.
2275 3996 2327 4039 et

747 4084 1026 4158 [traiecto]
1080 4085 1228 4154 Tigri
1290 4084 1341 4137 in
1393 4083 1707 4135 Armeniam
1764 4079 1987 4131 transiit
2045 4094 2215 4146 usque
2262 4076 2324 4129 ad

748 4180 971 4233 ﬂuvium
1019 4181 1279 4232 Arsenas.
1322 4175 1520 4229 Secum
1570 4184 1750 4228 autem
1785 4172 1929 4225 inter
1961 4171 2204 4239 captivos
2237 4172 2330 4223 lia-

750 4272 862 4324 buit
887 4270 1052 4322 tilium
1079 4268 1261 4323 Cesra:
1283 4267 1505 4331 notnine
1532 4265 1811 4320 Kobatlem
1837 4263 1952 4332 (qui
1981 4272 2034 4316 et
2060 4263 2326 4315 Sirawaih

752 4364 1051 4433 appellatus
1076 4366 1202 4428 est),
1236 4371 1426 4415 natum
1461 4360 1628 4413 Maria
1672 4360 1778 4411 lilia
1810 4360 2155 4426 imperatoris
2186 4358 2333 4410 Mau-

752 4453 889 4515 I'lt‘ii,
918 4452 1074 4519 cujus
1112 4466 1279 4504 causa
1329 4460 1481 4519 gesta
1524 4458 1655 4503 sunt
1694 4454 1809 4501 haec
1838 4448 1996 4501 bella.
2026 4447 2163 4501 Cum
2198 4463 2331 4516 ergo

753 4543 1153 4615 Miyapharekin
1194 4542 1561 4611 pervenisset,
1584 4540 1857 4593 accersito
1892 4539 2116 4593 Kobatle
2153 4540 2332 4595 Crer

2206 3249 2315 3317 Ego
2342 3290 2386 3350 C

2406 2060 2546 2113 viam
2577 2076 2736 2128 quam
2775 2068 2919 2113 tenet
2951 2058 3235 2112 lleraclius
3264 2076 3373 2128 quo
3404 2060 3503 2127 ipsi
3533 2059 3749 2113 obviam
3777 2075 3989 2112 eamus.

2409 2149 2574 2203 Cesra
2609 2149 2773 2217 igitur
2804 2151 2969 2203 missa
3000 2147 3510 2218 Constantinopolis
3540 2150 3829 2204 obsidione
3864 2167 3993 2212 μευ.

2408 2242 2581 2295 fccms
2611 2250 2694 2295 est
2721 2241 2784 2294 ad
2815 2240 3124 2295 lleiaclium
3151 2243 3529 2308 qumrendum.
3561 2242 3695 2294 Dum
3722 2252 3905 2294 autem
3940 2244 3991 2292 iu

2409 2336 2493 2386 via
2534 2344 2801 2403 pergeret,
2856 2342 3129 2386 narratum
3178 2334 3252 2386 illi
3297 2342 3378 2387 est
3432 2333 3738 2387 lleraclium
3786 2335 3992 2402 Tigrim

2403 2427 2516 2496 jam
2556 2426 2839 2487 transisse,
2874 2441 2938 2478 ac
2980 2426 3290 2478 necessario
3328 2425 3431 2494 ipsi
3465 2425 3687 2478 ﬂuviutu
3723 2426 3993 2479 Arsanaut

2411 2520 2718 2574 vadendum
2747 2535 2889 2573 esse.
2922 2518 3300 2571 Acco-lerantrs
3328 2518 3515 2587 igitur,
3550 2519 3829 2587 inquiunt,
3857 2520 3993 2583 vada

2410 2622 2537 2666 ante
2589 2611 2766 2678 ipsum
2822 2624 3187 2677 occupemus,
3236 2627 3345 2677 quo
3398 2610 3580 2662 minus
3628 2610 3701 2661 illi
3759 2612 3995 2662 transite

2412 2705 2589 2758 liccat.
2622 2706 2915 2771 Speratnus
2948 2703 3093 2755 enim
3133 2702 3295 2753 Deum
3334 2702 3490 2754 nobis
3521 2701 3574 2753 in
3613 2705 3786 2766 ipsum
3818 2704 3995 2754 victo-

2414 2796 2545 2849 riam
2580 2807 2970 2847 concessurum
3004 2806 3110 2859 quo
3148 2792 3394 2859 captivos
3430 2793 3534 2860 ipsi
3573 2793 3873 2861 eripiamus
3897 2833 3910 2849 .
3944 2804 3997 2844 t-i

2414 2885 2594 2938 omnia
2631 2900 2749 2952 qua:
2778 2898 2960 2938 secum
2988 2883 3144 2936 duxit
3172 2884 3489 2951 capiamus;
3532 2884 3805 2952 siquidem
3842 2884 3997 2935 viros

2417 2978 2711 3031 Persarum
2763 2974 3033 3043 perdidit,
3086 2972 3425 3042 letninasque
3472 2989 3797 3028 communes
3840 2972 3992 3026 fecit.

2416 3067 2747 3121 Perveniens
2806 3080 2936 3133 ergo
2988 3064 3157 3117 Cesra
3212 3064 3277 3117 ad
3332 3064 3556 3116 ﬂuvium
3605 3064 3871 3117 Arsanam
3931 3064 4001 3115 ad

2418 3155 2615 3207 vadunt
2666 3160 3093 3207 castrainetatus
3136 3161 3255 3217 est,
3304 3150 3615 3206 lleracliutn
3653 3152 4000 3222 prtestolans.

2418 3245 2549 3300 Cutn
2578 3262 2706 3298 vero
2735 3244 3021 3298 lleraclius
3057 3246 3124 3297 ab
3152 3246 3359 3297 Arsana
3397 3244 3561 3297 ﬂuvio
3591 3246 3754 3299 unius
3785 3254 4003 3299 tantum

2420 3338 2525 3391 diei
2558 3338 2750 3389 itinere
2777 3337 2887 3403 jam
2923 3336 3162 3395 abesset,
3198 3336 3505 3388 nuntiatum
3538 3336 3640 3404 ipsi
3671 3346 3752 3389 est
3779 3338 4005 3387 Cesraai

2421 3431 2484 3483 ad
2522 3430 2712 3481 vadum
2757 3428 3032 3481 sedentem
3076 3428 3252 3494 ipsum
3298 3436 3661 3496 exspectare:
3708 3428 3803 3480 ille
3841 3443 4007 3495 ergo,

2425 3517 2617 3571 relicto
2652 3516 2898 3569 exercitu
2932 3531 3054 3580 suo,
3085 3531 3315 3583 quaeque
3353 3532 3538 3570 secum
3578 3515 3794 3580 habuit,
3832 3517 4012 3584 impe-

2424 3606 2705 3669 dimentis,
2732 3606 3144 3675 assutnptisque
3171 3608 3435 3662 comitum
3470 3622 3695 3661 suorum
3726 3610 4010 3661 nonnullis

2424 3710 2665 3755 stramen
2692 3714 2879 3754 secum
2906 3709 2958 3754 et
2984 3698 3358 3767 jumentorum
3386 3700 3569 3752 lituum
3604 3701 3836 3768 accepit,
3864 3717 4010 3768 qum,

2425 3808 2546 3847 cuni
2581 3793 2811 3845 adverso
2832 3791 3058 3845 ﬂumine
3090 3792 3249 3846 unius
3282 3791 3387 3845 dici
3419 3792 3615 3845 itinere
3643 3794 4011 3851 ascendisset,

2429 3884 2482 3936 in
2525 3883 2747 3961 ﬂuvium
2786 3883 3043 3949 conjecit.
3084 3885 3237 3951 Aqua
3270 3898 3401 3952 ergo
3440 3892 3681 3936 stramen
3724 3894 3777 3935 et
3821 3883 4013 3935 lituum

2427 3990 2616 4032 secum
2660 3977 2838 4030 delata
2874 3977 3030 4046 juxta
3073 3974 3296 4030 Ccsratn
3344 3987 3397 4029 ct
3440 3975 3801 4047 237—239
3839 3977 4014 4045 ipsius

2431 4073 2612 4150 socios
2642 4070 2964 4130 transvexit,
3002 4068 3201 4136 quibus
3244 4069 3295 4119 in
3331 4068 3497 4121 ﬂuvio
3532 4068 3867 4135 conspectis,
3912 4069 4015 4126 illi.

2432 4145 2745 4217 Ileraclium
2800 4159 2929 4213 alibi
2987 4160 3241 4227 superius
3288 4158 3512 4212 ﬂuvium
3556 4158 3837 4228 trajecisse
3887 4162 4014 4217 rati,

2433 4258 2626 4311 relicto
2660 4254 2798 4309 vado
2845 4252 3075 4323 profecti
3124 4262 3253 4307 sunt
3296 4252 3361 4306 ad
3400 4254 3578 4306 locum
3625 4252 3714 4304 tibi
3752 4255 4018 4304 transiret

2434 4347 2716 4401 lleraclius
2765 4345 3144 4412 quaerendum.
3205 4342 3411 4397 Deinde
3464 4341 3715 4396 Heraclio
3762 4341 3831 4395 ad
3886 4358 4017 4395 suos

2435 4419 2657 4493 reverso
2694 4438 3006 4491 nuntiatum
3053 4447 3137 4489 est
3181 4435 3404 4489 Cesram
3458 4435 3744 4504 ipsiusque
3784 4437 4019 4488 comites

2438 4531 2629 4583 relicto
2662 4529 2797 4582 vado
2828 4529 2944 4581 loca
2974 4528 3257 4595 superiora
3295 4528 3537 4595 petiisse.
3572 4525 3694 4594 Ipse
3728 4541 3862 4593 ergo
3894 4544 4018 4578 tum

755 4635 883 4701 lilio,
920 4643 1082 4701 caput
1113 4634 1211 4701 ipsi
1245 4641 1297 4684 et
1328 4631 1549 4685 barbam
1586 4631 1757 4694 rasit;
1795 4630 1991 4683 deinde
2046 4631 2259 4685 traditis
2291 4638 2336 4689 ri
2376 4632 2413 4684 D
2454 4623 2624 4676 sociis
2662 4621 2776 4673 suis
2815 4634 3043 4686 pergens
3078 4618 3301 4671 ﬂuvium
3340 4617 3586 4686 traiecit.
3622 4617 4023 4686 profectusque

756 4743 890 4796 quas
935 4726 1119 4790 ferret,
1167 4724 1391 4790 litteris,
1427 4725 1491 4776 ad
1529 4720 1883 4792 233-235
1915 4732 2119 4791 patrem
2169 4738 2326 4776 suum

758 4820 974 4873 Uesratn
1026 4818 1204 4879 misit,
1253 4815 1410 4869 asino
1455 4815 1676 4869 clitellis
1725 4814 1957 4868 instrato
1991 4814 2327 4883 imposilmn,

760 4927 857 4964 una
890 4923 1015 4962 cuin
1050 4918 1250 4965 turma.
1285 4904 1373 4959 cui
1408 4906 1463 4958 in
1498 4905 1767 4959 mandatis
1796 4904 2020 4958 dederat
2050 4905 2227 4973 ipsum
2264 4906 2330 4956 ad

759 5011 961 5068 patrem
993 5016 1152 5054 suum
1188 4999 1479 5053 deducere.
1512 4996 1768 5067 Epistulae
1795 5005 1977 5051 autem
2008 5012 2168 5065 quam
2200 4998 2335 5051 scri-

762 5098 861 5163 psit
906 5098 1006 5150 lioc
1048 5095 1328 5163 exemplar
1369 5103 1491 5148 est:
1540 5093 1585 5145 Α
1636 5108 1797 5149 servo
1827 5091 2034 5146 Christi
2082 5089 2335 5145 Heraclio

762 5204 910 5255 apem
940 5185 991 5258 [a
1020 5184 1152 5256 Deo]
1175 5194 1472 5239 consecuto
1498 5185 1563 5237 ad
1590 5184 1814 5237 Cesram
1844 5184 2335 5252 contemptibilem,

762 5280 1097 5345 perplexum,
1145 5293 1246 5346 ope
1281 5276 1623 5329 destitutum.
1665 5276 1757 5328 llis
1804 5277 2100 5342 praemissis
2142 5291 2157 5328 :
2211 5274 2337 5328 Col-

763 5370 863 5438 legi
899 5384 999 5437 ego
1032 5367 1129 5420 tibi
1165 5368 1217 5419 iu
1245 5364 1642 5433 redemptionis
1672 5362 1775 5416 mei
1807 5370 1861 5414 et
1890 5362 2157 5415 ditioouui
2187 5374 2336 5412 inea-

764 5477 881 5515 rum
928 5459 1161 5529 pretium
1191 5458 1335 5526 quod
1385 5455 1577 5524 potui,
1635 5463 1763 5507 sunt
1815 5461 1997 5505 autem
2050 5451 2339 5504 Persarum

767 5557 966 5625 capita,
994 5555 1199 5624 quibus
1232 5551 1424 5623 [datis]
1453 5549 1596 5621 quod
1628 5549 1724 5602 tibi
1756 5546 1980 5616 promisi
2010 5544 2340 5614 persolvant.

770 5648 962 5701 Statim
994 5663 1119 5715 ergo
1147 5646 1235 5697 ubi
1272 5644 1483 5697 litteras
1518 5658 1664 5695 ineas
1702 5639 2020 5709 perlegeris,
2046 5649 2339 5705 antequam

769 5757 863 5793 eas
901 5755 931 5793 e
964 5755 1125 5792 manu
1176 5748 1265 5792 tua
1310 5736 1637 5804 deposueris
1712 5731 1878 5785 uittas
1919 5730 2011 5800 qui
2063 5747 2125 5782 ea
2173 5730 2238 5783 ad
2292 5737 2343 5783 te

773 5830 1071 5898 petierant.
1106 5826 1253 5882 Vale.
1284 5826 1382 5882 Ubi
1410 5828 1571 5898 igitur
1594 5828 1655 5878 ad
1683 5837 1886 5894 patrem
1917 5839 2072 5877 suum
2108 5822 2328 5875 Cesram

776 5925 1107 5991 perveni~scl
1130 5922 1399 5984 Kobades,
1424 5936 1686 5989 euntque,
1713 5918 1888 5984 capite
1915 5925 1961 5968 ct
1997 5915 2159 5966 barba
2182 5914 2340 5973 rasis,

2434 4718 2518 4764 est
2551 4710 2725 4763 donec
2756 4708 3185 4778 Trapezuntium
3220 4709 3551 4775 perveniret.
3587 4705 3720 4761 Dein
3750 4724 4023 4763 conscen-

2435 4802 2510 4855 sis
2564 4801 2791 4853 navibus
2825 4798 3348 4867 Cnnstantinopolitn
3384 4798 3549 4860 adiit,
3598 4797 3755 4863 cujus
3831 4799 4023 4853 incolat

2439 4894 2540 4961 ipsi
2582 4909 2703 4947 eum
2756 4890 2955 4961 gaudio
2990 4899 3044 4942 et
3092 4889 3470 4943 exsultatione
3512 4904 3917 4949 occurrerunt.
3960 4908 4024 4943 ac

2438 4985 2793 5053 septentalies
2825 4982 3059 5043 edendo,
3096 4981 3353 5043 bibendo,
3388 4988 3441 5035 et
3474 4980 3673 5035 laetitia:
3714 4981 4025 5050 insumpse-

2438 5084 2586 5129 runt.
2626 5060 2945 5128 Nuntiatum
2998 5083 3177 5126 autetn
3226 5082 3309 5124 est
3359 5072 3540 5126 Ccsra:
3592 5069 3906 5125 Heraclium
3957 5073 4025 5125 ad

2438 5167 2635 5220 vadum
2689 5181 2969 5220 reversum
3039 5166 3366 5230 traiecisse,
3426 5173 3668 5218 stramen
3727 5175 3915 5217 autem
3973 5175 4028 5215 et

2440 5264 2625 5315 linum
2660 5260 2710 5313 iu
2749 5258 2973 5312 ﬂuvium
3011 5258 3149 5312 dolo'
3181 5274 3243 5311 ac
3275 5256 3467 5311 lrautle
3500 5257 3567 5311 ab
3604 5258 3723 5325 ipso
3760 5257 4025 5323 injectum

2440 5353 2630 5409 fuisse.
2667 5352 2759 5405 Ille
2804 5367 2936 5420 ergo
2971 5350 3035 5403 ad
3082 5350 3269 5403 urbem
3317 5365 3472 5403 suam
3517 5347 3799 5416 prolectus
3842 5349 4015 5417 ipsum

2444 5448 2739 5501 desolatam
2776 5446 3002 5507 invenit,
3039 5452 3096 5495 ut
3124 5458 3227 5496 nec
3260 5442 3312 5493 in
3344 5456 3405 5494 ea
3439 5457 3571 5510 puer
3601 5448 3769 5501 esset,
3804 5457 3905 5494 nec
3936 5444 4027 5509 qui

2441 5547 2681 5597 vocaret,
2716 5551 2815 5588 nec
2847 5534 2939 5603 qui
2972 5532 3349 5601 responderet.

2516 5630 2688 5698 Atque
2710 5645 2773 5681 ex
2796 5644 2861 5682 eo
2885 5637 3129 5693 tempore
3158 5625 3423 5678 infirmari
3452 5624 3743 5679 Persarum
3772 5640 4027 5691 regnum,

2446 5725 2608 5791 idque
2666 5738 2809 5775 anno
2860 5720 3072 5786 imperii
3127 5717 3359 5771 lleraclii
3408 5716 3676 5785 septimo,
3724 5719 4029 5783 eodemque.

2449 5817 2623 5869 llrira-
2652 5814 2905 5881 septimo.
2934 5816 3091 5867 Anno
3126 5810 3336 5879 imperii
3367 5808 3597 5863 lleratrlii
3629 5809 3873 5863 secundo
3899 5825 4030 5859 ron-

2449 5914 2674 5961 stitutus
2724 5915 2802 5958 est
2846 5900 3104 5956 Yusatius
3152 5898 3518 5959 [Bonifacittsl
3556 5899 3869 5956 ttatriairlta
3917 5899 4030 5950 llu-
