4210 6428
188 397 324 457 1039

1617 387 1985 447 ANNALES.

3262 382 3281 441 ι
3300 382 3403 443 0th

184 522 399 570 manus,
432 510 522 577 qui
556 524 727 563 annos
754 509 993 576 quinque
1034 508 1196 571 sedit,
1223 506 1346 559 deitt
1373 514 1615 558 mortuus
1667 514 1746 556 est
1775 515 1820 568 Α
1852 504 1893 555 si
1945 510 2155 568 pactum
2211 507 2261 550 et
2309 500 2680 566 jurameutom
2736 495 3047 549 violaverim
3106 495 3257 546 cedet
3305 496 3403 547 hoc

183 615 324 651 anno
370 614 510 651 nouo
569 597 778 665 imperii
815 597 1089 666 ejusdem,
1125 595 1215 663 qtti
1252 604 1304 649 et
1337 594 1510 648 lleirze
1545 609 1737 657 nonus,

185 687 658 754 Coristantiuopoli
718 702 971 753 egressus
1025 685 1312 739 lleraelius
1374 685 1744 753 Hierosolyma

184 768 432 829 tendebat
462 817 477 835 ,
532 792 639 842 quo
686 777 892 829 videret
943 775 1071 843 quid
1122 777 1172 828 in
1220 776 1331 843 ipsa
1378 776 1746 828 devastassent

184 871 381 924 Persa).
433 865 535 921 Ubi
565 876 743 920 autem
791 866 1047 920 llemsutn
1094 869 1429 936 pervenisset
1463 868 1748 918 noluerunt

182 962 294 1023 eius
341 959 532 1011 ineolze
578 959 754 1024 ipsum
802 957 1076 1025 recipere,
1120 958 1283 1028 240
1316 959 1561 1011 dicentes
1604 960 1742 1023 ipsi:

184 1052 445 1105 llarouita
478 1060 534 1102 tu
583 1065 641 1103 es
686 1064 747 1102 ac
790 1050 1039 1117 religioni
1084 1057 1281 1101 nostra:
1321 1048 1602 1101 adversus.
1637 1047 1747 1100 Illis

183 1160 308 1208 ergo
342 1141 552 1195 relictis
585 1140 648 1194 ad
686 1142 1074 1195 monasterium
1105 1140 1338 1194 Maronis
1373 1142 1524 1202 abiit,
1558 1140 1609 1192 in
1642 1156 1747 1208 quo

183 1236 268 1296 ~|ui
297 1243 451 1286 erant
483 1235 732 1287 monachi
756 1235 961 1301 egressi
986 1233 1197 1287 obviam
1228 1235 1326 1303 ipsi
1354 1232 1575 1299 profecti
1600 1245 1742 1287 sunt.

185 1323 301 1377 Fuit
342 1335 523 1377 autem
581 1322 864 1377 lleraelins
912 1322 1175 1377 Maronita
1203 1366 1218 1391 ,
1272 1323 1575 1391 multasque
1613 1323 1745 1391 ipsis

183 1432 311 1484 apes
343 1417 609 1480 contulit,
643 1416 785 1484 agris
812 1415 974 1468 etiam
1008 1418 1213 1469 donato
1249 1417 1581 1469 monasterio
1614 1415 1748 1467 adeo

186 1519 235 1558 ut
266 1522 526 1573 prospere
557 1522 613 1560 se
640 1507 902 1561 haberent
927 1523 1012 1561 res
1040 1523 1251 1560 eorum.
1276 1506 1401 1561 lude.
1428 1507 1745 1560 Damascum

185 1596 464 1664 prolectus
492 1607 595 1651 est.
628 1596 750 1649 Fuit
788 1607 964 1651 autem
1000 1597 1249 1651 Damasci
1281 1598 1362 1649 vir
1397 1599 1617 1664 quidam
1655 1612 1749 1647 no-

184 1686 324 1737 mine
359 1684 581 1737 Mausur
619 1683 833 1753 Scrjttni
873 1686 1047 1747 ﬁlius,
1085 1686 1306 1739 tributis
1335 1685 1614 1754 exigendis
1653 1702 1749 1739 ιιοο

184 1776 328 1827 mine
375 1775 621 1828 Mauricii
668 1777 1021 1844 imperatoris
1056 1777 1372 1845 prmfectus,
1412 1794 1439 1830 a
1484 1794 1589 1846 qtto
1625 1793 1746 1831 cum

184 1864 441 1925 pecunias
462 1876 664 1931 peteret
684 1864 964 1919 lleraclius
988 1875 1099 1919 toto
1122 1882 1389 1921 annorum
1416 1885 1520 1936 quo
1540 1869 1748 1923 obsessi

184 1963 340 2005 erant
393 1955 869 2025 Constantinopoli
933 1957 1159 2011 Romani
1211 1962 1387 2023 spatio
1438 1958 1747 2031 [debitas,]

184 2052 341 2111 atque
372 2045 459 2098 ille
486 2046 728 2101 Damasci
760 2048 1020 2100 tributum
1049 2064 1105 2103 se
1136 2050 1201 2103 ad
1229 2050 1449 2105 Cesram
1486 2050 1749 2103 detulisse

184 2136 555 2202 responderet,
594 2140 831 2208 graviter
869 2140 921 2193 in
954 2158 1073 2193 cum
1112 2144 1394 2211 inquisivit
1433 2143 1749 2197 verberibus

184 2231 227 2273 st
265 2223 696 2281 iucareeratiooe
719 2267 733 2291 ,
764 2229 939 2282 donec
974 2230 1042 2283 ab
1078 2232 1195 2297 ipso
1226 2235 1439 2285 centies
1471 2232 1613 2286 mille
1651 2249 1747 2286 au-

184 2327 307 2365 reos
361 2324 742 2381 extorqueret;
808 2318 931 2371 dein
993 2319 1094 2388 ipsi
1150 2320 1526 2388 prtcfectnram
1592 2324 1747 2375 istaut

183 2404 526 2458 :onlirmavit
575 2425 589 2459 :
639 2424 800 2476 quam
857 2411 928 2462 ob
987 2426 1208 2464 causam
1268 2413 1554 2468 Mansurus
1612 2420 1747 2467 iram

183 2504 405 2558 pectore
457 2511 557 2549 suo
610 2498 663 2551 in
724 2498 1032 2553 lleraelium
1092 2502 1242 2555 fovit.
1300 2503 1429 2557 lude
1479 2503 1751 2570 profectus

183 2586 463 2641 lleraclius
499 2586 874 2660 Hierosolyma
915 2594 1087 2659 petiit.
1122 2594 1369 2661 Cumque
1408 2592 1748 2649 'l'iberiadem

182 2676 561 2739 pervenisset,
610 2679 814 2745 egressi
872 2678 940 2730 ad
999 2680 1171 2747 ipsum
1222 2678 1391 2733 Jutlari
1444 2681 1748 2737 Tiberiadis

182 2765 394 2827 inculte,
430 2779 530 2817 nec
559 2780 668 2819 non
702 2769 941 2834 regionis
965 2770 1195 2822 Calilzca:
1218 2781 1488 2825 montana:
1508 2783 1559 2825 et
1583 2772 1747 2827 Naza-

182 2855 312 2906 rethi
345 2856 699 2923 omniumque
725 2859 882 2912 istius
916 2862 1087 2926 partis
1113 2864 1459 2929 Oppidorum,
1492 2864 1595 2930 ipsi
1627 2879 1747 2917 cum

182 2947 497 3000 muneribus
531 2962 917 3011 occurrerunt,
953 2952 1127 3002 fausta
1172 2966 1586 3020 comprecantes
1610 2994 1621 3015 ,
1657 2970 1747 3005 ro-

184 3046 476 3103 ;r-ntesque
520 3046 579 3088 ttt
628 3040 967 3091 securitatem
1017 3042 1153 3107 ipsis
1195 3048 1551 3107 concederet;
1584 3062 1744 3114 quam

182 3129 489 3189 roucessit,
530 3127 814 3197 fcedusqttc
847 3147 970 3183 cum
1021 3132 1152 3201 ipsis
1188 3133 1383 3188 litteris
1418 3137 1743 3203 obsignavit.

182 3215 277 3265 libi
332 3225 519 3270 autem
575 3218 943 3289 Hierosolyma
1002 3224 1336 3287 pervenisSt-t
1385 3225 1595 3277 obviam
1648 3228 1744 3294 ipsi

181 3303 243 3353 lat
266 3306 300 3355 ti
334 3313 465 3355 sunt
490 3304 854 3376 [monasterii]
879 3305 1036 3377 241
1264 3309 1323 3360 Al
1353 3308 1447 3361 Sik
1476 3312 1742 3373 monachi,

182 3395 443 3458 orbisque
476 3392 982 3465 llicrosolymitana:
1016 3402 1225 3460 inculte,
1269 3401 1565 3453 comitante
1598 3401 1745 3469 ipsos

168 3484 441 3558 .liiudesto,
470 3503 593 3538 cum
625 3488 915 3542 thuribulis
938 3499 990 3542 et
1015 3490 1216 3560 sumtu.
1240 3493 1373 3545 Cum
1404 3508 1530 3547 vero
1555 3493 1741 3547 urbem

181 3577 462 3642 ingressus
490 3592 550 3629 ea
587 3594 709 3645 qua:
738 3580 1018 3632 diruerant
1045 3595 1107 3633 ac
1135 3583 1535 3635 succenderant
1566 3585 1743 3637 Persae

179 3670 430 3730 vidisset,
463 3684 656 3738 magna
693 3667 921 3724 affectus
948 3682 1030 3724 est
1067 3673 1310 3727 tristitia.
1360 3672 1491 3727 Dein
1522 3690 1644 3729 cum
1680 3690 1742 3729 ea

179 3766 542 3825 conspexerat
580 3759 889 3821 Modestus,
950 3758 1197 3812 videlicet
1260 3762 1518 3829 templum
1550 3761 1749 3816 Resur-

178 3849 470 3907 reelionis,
525 3847 742 3909 Cranii,
793 3858 844 3901 et
898 3848 1009 3901 Mar
1060 3851 1447 3912 Constantini,
1503 3868 1741 3916 rursum,

178 3936 382 4004 gaudio
412 3934 639 3989 allectus
674 3935 917 3988 Modesto
950 3934 1020 3989 ob
1053 3952 1114 3989 ea
1155 3952 1275 4005 quae
1308 3937 1509 3989 fecerat
1540 3938 1744 4007 gratias

178 4034 307 4098 egit.
341 4027 639 4080 Narrarnot
680 4026 861 4081 autem
908 4028 1011 4097 ipsi
1053 4029 1302 4081 monachi
1346 4036 1400 4081 et
1438 4028 1743 4099 llierosoly-

178 4136 390 4171 morum
427 4120 616 4170 incola:
650 4115 864 4172 ιιιιιςυοδ
896 4119 985 4187 qui
1016 4119 1156 4171 (irea
1189 4119 1559 4189 Hierosolyma
1587 4123 1745 4190 dege-

177 4221 327 4271 rent,
362 4226 467 4261 una
501 4224 624 4261 cum
659 4210 725 4263 iis
756 4212 846 4277 qui
869 4210 1103 4264 Galil-an}:
1135 4220 1391 4264 montana
1427 4212 1740 4276 incolerent,

177 4318 284 4371 quo
318 4311 560 4370 tempore
593 4311 858 4355 venerunt
900 4302 1104 4364 Persae,
1144 4303 1279 4370 ipsis
1309 4317 1367 4355 se
1398 4301 1739 4370 adjuuxisse,

176 4408 445 4462 opemque
479 4393 670 4445 tulisse
691 4431 706 4454 ,
737 4394 995 4461 ipsosque
1024 4392 1362 4448 Christianos
1393 4395 1539 4447 caede
1568 4395 1741 4463 magis

1848 593 1978 645 mihi
2024 593 2072 643 in
2113 591 2495 657 opprobrium,
2534 589 2842 656 [amantque
2878 588 3007 640 mihi
3047 587 3240 637 tualam
3277 600 3407 638 con-

1847 682 2081 744 ciliabit;
2136 699 2231 734 nec
2284 690 2461 733 certus
2514 698 2633 734 sum
2686 682 2727 733 si
2781 680 2872 732 alii
2923 678 3158 747 cuipiam
3217 688 3406 745 pra‘ter

1845 770 2063 824 Judaeos
2103 782 2314 838 pactum
2352 772 2553 838 scripto
2582 770 3038 829 eonllrmaverim,
3068 769 3198 819 illud
3231 768 3406 834 ipsum

1849 876 1878 913 a
1928 877 2011 912 me
2061 871 2429 929 accepturum.
2496 860 2549 911 Si
2596 877 2724 929 ergo
2777 860 2877 911 hoc
2928 874 3035 909 non
3088 869 3408 924 prJ‘Sllll‘l'tt,

1850 954 2101 1014 mendax,
2142 955 2299 1006 l'allav
2345 964 2397 1006 et
2451 954 2672 1005 minime
2712 955 2812 1005 lide
2874 951 3094 1015 dignus,
3130 949 3266 1012 apud
3298 967 3382 999 om

1852 1061 1947 1097 nes
1979 1046 2179 1114 passim
2220 1046 2464 1096 homines
2498 1044 2765 1103 habebor,
2798 1044 2933 1093 ultra
2982 1050 3264 1107 peceatum
3305 1054 3410 1089 ma-

1852 1152 2015 1201 gnum
2053 1144 2103 1185 et
2135 1134 2312 1187 sci-lus
2340 1135 2495 1199 enjtts
2532 1148 2655 1185 reus
2697 1147 2789 1183 ero
2822 1132 2960 1195 apud
2998 1131 3281 1181 Dominum
3323 1144 3352 1177 ιι
3395 1155 3413 1166 -

1850 1238 2023 1279 strum
2061 1224 2369 1288 Christum,
2405 1241 2525 1277 cum
2561 1224 2815 1294 populum
2847 1224 2933 1275 cui
2969 1224 2997 1274 li
3023 1225 3121 1273 lem
3156 1222 3412 1282 fece'am,

1850 1332 2081 1384 eamque
2130 1324 2291 1383 pacto
2338 1316 2531 1368 litteris
2580 1316 2898 1384 consignato
2947 1314 3412 1379 (conﬁrmaverant

1854 1405 2273 1473 intetlecerim.)
2323 1404 2417 1460 Coi
2471 1408 2586 1459 illi:
2634 1406 2793 1459 Novit
2854 1406 3114 1458 Dominus
3169 1404 3416 1454 (Lhtistus

1852 1498 2053 1552 eadem
2092 1498 2333 1565 ipsorum
2374 1498 2464 1549 tibi
2500 1508 2849 1565 peccatorum
2888 1496 3250 1565 expiationem
3289 1509 3418 1542 eon-

1855 1592 2167 1644 ciliaturum
2199 1632 2212 1653 ,
2258 1598 2313 1641 et
2360 1589 2707 1649 iniquitatem
2749 1598 2959 1641 tuarum
3015 1586 3415 1645 remissionen',

1850 1692 2170 1735 excusatum
2218 1684 2377 1734 etiam
2417 1691 2466 1734 te
2502 1681 2777 1735 habebunt
2811 1682 3089 1742 homines,
3134 1680 3275 1748 quod
3313 1694 3417 1745 quo

1853 1783 2095 1840 tempore
2135 1772 2266 1840 ipsis
2292 1777 2635 1827 securitati-nt
2668 1773 3012 1836 concessisti,
3052 1788 3152 1823 non
3183 1771 3417 1829 novetis,

1784 1850 1821 1901 Β
1856 1878 1951 1915 nee.
2014 1874 2352 1931 perspectum
2412 1864 2710 1924 habueris,
2767 1880 2928 1930 quam
2985 1862 3418 1914 Chrisuanornm

1854 1964 2088 2022 stragem
2119 1955 2426 2014 ediderant.
2475 1970 2612 2022 quas
2660 1956 2921 2007 ecclesias
2965 1955 3251 2006 diruerant
3298 1966 3418 2004 cum

1853 2046 1946 2097 tibi
1981 2046 2193 2096 obviam
2220 2046 2424 2113 egressi
2460 2046 2777 2098 muneribus
2806 2055 2855 2099 te
2885 2047 3197 2114 exceperint
3225 2061 3239 2110 ;
3270 2029 3416 2109 quod

1852 2137 1979 2190 dolo
2015 2139 2082 2190 ab
2118 2137 2252 2205 ipsis
2292 2137 2517 2200 factum,
2554 2146 2607 2189 et
2642 2136 2707 2189 ad
2740 2139 2954 2205 culpam
2994 2153 3155 2205 quam
3190 2142 3421 2190 commi~

1851 2236 2034 2280 serant
2072 2229 2454 2280 mnolieutlaut.
2488 2225 2604 2279 Jam
2637 2242 2765 2281 vero
2796 2229 2970 2281 ctedes
3008 2243 3217 2285 eorum.
3248 2229 3421 2280 sat-ri-

1854 2317 2031 2370 licium
2056 2320 2159 2371 erit
2194 2335 2221 2371 a
2253 2330 2303 2373 te
2333 2318 2442 2372 Deo
2472 2318 2713 2372 oblatmn
2746 2336 2759 2371 :
2795 2335 2892 2372 nos
2926 2330 3106 2371 autem
3140 2329 3420 2387 pcccztlttnt

1857 2409 1957 2461 hoc
1989 2426 2018 2463 a
2054 2420 2101 2462 te
2140 2409 2216 2480 [in
2252 2408 2371 2481 nos]
2402 2409 2798 2463 transferemus
2821 2450 2837 2473 ,
2873 2411 3079 2477 tibique
3114 2409 3291 2478 ipsum
3330 2426 3417 2460 ex-

1854 2501 2142 2568 p’abimus.
2183 2509 2434 2568 rogantes
2466 2500 2746 2553 Dominum
2778 2509 3020 2553 nostrum
3052 2499 3235 2554 Jesum
3267 2502 3416 2552 Chri.

1853 2600 1994 2644 ειη-ιι
2034 2609 2097 2644 ne
2134 2593 2308 2660 ipsum
2362 2592 2452 2643 tibi
2505 2592 2770 2661 imputet,
2823 2606 2883 2644 ac
2917 2591 3274 2659 septimanam
3317 2608 3417 2660 qua

1850 2699 1948 2736 ova
2004 2692 2056 2736 et
2107 2698 2306 2736 caseus
2357 2683 2752 2747 comednotur,
2810 2683 2955 2735 illam
3010 2679 3249 2752 [nempe]
3301 2698 3418 2746 qutl'

1846 2772 2113 2839 jejunium
2160 2788 2419 2839 magnum
2472 2772 2749 2837 praecedit,
2795 2779 3103 2823 statuemus
3149 2769 3418 2837 jejunium

1851 2860 2216 2932 245—2A7
2253 2877 2443 2929 purutn
2477 2863 2619 2929 quod
2652 2862 2862 2930 jejunio
2899 2878 3093 2927 magno
3125 2877 3417 2913 .‘lCCL‘IlSt‘ll-

1851 2959 1960 3011 tur,
1992 2966 2099 3018 quo
2129 2954 2180 3001 in
2214 2949 2291 3001 ttti
2318 2951 2548 3018 gratiam
2574 2950 2910 3017 jejunetuus,
2942 2964 3170 3001 ovorum
3198 2960 3252 3002 et
3274 2950 3418 3002 casei

1849 3055 1943 3091 esu
2002 3041 2207 3092 omisso
2258 3040 2498 3107 quanditt
2549 3040 2767 3093 durabit
2821 3039 3007 3107 religio
3084 3040 3419 3093 Christiaza.

1853 3129 2118 3181 lli-lchitze
2146 3130 2287 3181 enim
2320 3128 2655 3183 hcbdomada
2683 3130 2783 3182 ista
2820 3130 2885 3183 ab
2917 3146 3013 3183 esu
3041 3132 3224 3183 carnis
3255 3130 3419 3183 absti-

1852 3223 2066 3284 nebant,
2096 3237 2192 3272 ora
2219 3230 2270 3273 et
2298 3236 2513 3272 caseum
2543 3230 2596 3273 et
2622 3222 2799 3288 pisces
2830 3222 2880 3273 in
2906 3223 3019 3288 ipsa
3049 3224 3415 3285 comedenti-5,

1855 3312 1928 3364 ttti
1983 3327 2011 3363 c
2062 3310 2265 3380 Typico
2314 3310 2487 3363 sancti
2530 3311 2639 3363 Mar
2693 3310 2848 3363 Sabzc
2918 3313 3106 3380 liquet.
3159 3313 3416 3365 Dixerunt

1848 3411 2026 3454 autem
2060 3402 2136 3453 illi
2176 3417 2189 3452 :
2234 3397 2345 3453 Nos
2375 3416 2435 3452 ea
2470 3400 2545 3453 tui
2601 3401 2772 3467 gratia
2808 3400 3205 3468 jejunabimus,
3241 3400 3415 3455 omnis

1849 3493 1922 3545 rei
1977 3494 2188 3561 pinguis
2233 3507 2384 3545 esum
2436 3494 2785 3552 omittentcs,
2828 3501 2990 3558 atque
3039 3491 3139 3543 hoc
3181 3505 3414 3553 canone,

1850 3581 2449 3642 excommunicationc,
2493 3588 2545 3633 et
2582 3580 2932 3632 anathemate
2965 3581 3272 3634 sanciemns
3296 3621 3310 3641 ,
3349 3595 3416 3635 ue

1850 3688 2088 3740 unquam
2143 3680 2417 3732 mutetur,
2480 3674 2544 3724 de
2593 3673 2781 3725 eodem
2838 3674 2887 3725 in
2935 3688 3123 3726 omnes
3165 3676 3414 3741 regiones

1850 3766 2059 3818 litteras
2106 3765 2403 3827 mittentes,
2456 3772 2512 3817 ut
2553 3765 2603 3816 in
2658 3764 3092 3831 propinationem
3130 3764 3330 3834 [cedat]
3362 3764 3411 3819 ei

1845 3840 1989 3925 quod
2025 3872 2052 3907 a
2093 3867 2141 3907 te
2188 3856 2621 3922 impetravimus.
2661 3858 2917 3907 Anuuens
2954 3871 3081 3923 ergo
3132 3860 3228 3907 hac
3264 3857 3409 3909 iure

1848 3948 1975 4015 ipsis
2015 3946 2320 4009 lleraclius,
2353 3962 2382 3999 e
2414 3946 2615 4001 Judacis
2647 3947 2735 4013 qui
2775 3947 2918 3999 circa
2955 3947 3324 4016 llicrOSolyma
3358 3956 3408 3999 et

1847 4048 2081 4091 mantetu
2133 4037 2364 4090 Galilzeze
2408 4048 2583 4099 erant,
2632 4052 2773 4105 quos
2822 4037 3161 4103 prehendere
3210 4038 3405 4105 potttit,

1847 4126 2160 4177 innumeros
2204 4124 2427 4179 occidit.
2510 4124 2582 4177 Ex
2633 4124 2763 4191 ipsis
2803 4127 2946 4177 enim
2983 4125 3070 4176 abi
3106 4125 3408 4189 latuerunt,

1847 4216 1935 4267 alii
1962 4215 2081 4282 luga
2108 4230 2163 4267 se
2183 4216 2237 4267 in
2264 4215 2497 4275 deserta,
2522 4224 2735 4269 montes
2762 4224 2813 4268 t-t
2835 4217 2999 4269 valles
3024 4226 3078 4269 et
3107 4215 3399 4287 Egyptum

1846 4306 2239 4357 subduxerunt.
2272 4301 2507 4356 Primam
2540 4317 2670 4372 ergo
2698 4304 2889 4371 jejunii
2928 4306 3306 4372 septimanam,
3348 4309 3400 4358 in

1844 4412 1948 4463 qua
1984 4394 2242 4447 Melehitte
2274 4410 2300 4446 a
2336 4395 2517 4447 carnis
2549 4403 2757 4446 tantum
2791 4409 2887 4447 esu
2922 4396 3224 4459 abstinent,
3264 4397 3405 4466 jeju-

176 4498 333 4551 quam
356 4481 533 4535 Persa:
559 4489 895 4550 persecutos,
920 4490 975 4535 et
997 4485 1256 4536 ecclesias
1282 4492 1542 4546 vastasse,
1570 4484 1741 4552 iisque
1776 4507 1818 4562 ι)
1848 4487 1993 4537 nium
2045 4484 2352 4537 absolutum
2403 4492 2746 4548 statuerunt,
2801 4485 2852 4537 in
2904 4500 3010 4553 qua
3066 4487 3406 4556 imperatoris

176 4575 425 4628 ﬂammas
450 4574 720 4644 injecissc,
743 4574 980 4628 ostensis
1006 4576 1108 4642 ipsi
1133 4575 1288 4628 caesis
1315 4576 1409 4643 qui
1437 4576 1489 4627 in
1515 4575 1738 4629 Hamela

175 4664 409 4732 conjecti
464 4663 701 4717 fuerant.
740 4666 1039 4718 Certiorem
1085 4666 1245 4717 etiam
1286 4666 1462 4734 ipsum
1503 4666 1741 4719 fecerunt

173 4771 359 4807 eorum
414 4770 536 4822 qua:
576 4754 743 4808 Judmi
791 4755 915 4825 Tyri
965 4764 1434 4823 perpetraverant,
1483 4757 1625 4826 quod
1673 4758 1737 4809 ad

174 4850 370 4900 cedem
424 4846 904 4911 Christianorum,
947 4856 999 4900 et
1038 4848 1390 4902 ecclesiarum
1442 4847 1739 4901 demolitio-

174 4956 315 4993 netu.
355 4938 565 5002 Quibus
600 4937 925 4992 lleraclius:
960 4940 1097 5003 Quid
1130 4954 1281 5010 ergo,
1321 4940 1513 5009 inquit,
1544 4940 1741 4993 vultis?

175 5022 588 5095 Responderunt
618 5044 631 5080 :
669 5028 735 5083 Ut
760 5040 971 5097 gratum
1008 5032 1167 5084 nobis
1198 5030 1407 5083 faciens
1433 5040 1621 5083 omnes
1646 5029 1735 5097 qui

174 5126 315 5174 rirca
348 5121 726 5190 Hierosolyma
752 5132 803 5174 et
827 5122 880 5174 itt
908 5134 1086 5175 monte
1109 5119 1342 5174 Galilierc
1368 5130 1495 5174 sunt
1520 5121 1736 5175 Judtcos

174 5227 195 5265 ε
226 5214 409 5265 taedio
460 5214 649 5275 tollas,
693 5228 814 5265 cum
860 5213 992 5264 certi
1044 5225 1150 5264 non
1194 5212 1365 5264 simus
1400 5212 1530 5279 (tuin
1570 5210 1733 5262 adve-

174 5305 351 5355 nicnte
387 5315 544 5370 gente
576 5305 758 5372 aliqua
792 5302 948 5357 nobis
978 5302 1194 5354 inimica
1228 5301 1299 5351 illi
1330 5316 1522 5353 rursus
1548 5308 1733 5353 contra

174 5410 263 5446 nos
302 5392 569 5444 auxilium
607 5393 742 5461 ipsis
780 5394 979 5455 ferant,
1020 5401 1077 5443 ut
1108 5392 1219 5458 jam
1258 5390 1437 5443 Persis
1474 5391 1731 5442 tulerunt.

174 5483 465 5551 Respondit
503 5483 818 5537 lleraelios:
855 5482 1138 5547 Quomodo
1173 5480 1402 5535 interliti
1444 5483 1586 5549 ipsos
1618 5497 1736 5550 per-

175 5576 412 5635 mittant,
456 5587 580 5625 cum
624 5574 733 5641 jam
780 5573 1132 5626 securitatem
1178 5573 1309 5642 ipsis
1346 5575 1734 5661 concesserim.

178 5681 334 5725 :oque
383 5663 488 5716 line
531 5676 747 5731 pactum
800 5662 997 5716 litteris
1040 5662 1518 5729 consignaverim?
1574 5663 1735 5734 2&4

177 5776 256 5812 tos
286 5768 465 5810 alitrnt
500 5757 651 5810 Scitis
684 5757 811 5819 quid
848 5755 1134 5821 luttltfrago
1166 5755 1409 5809 deltilttttt
1450 5758 1540 5811 sit.
1575 5760 1729 5821 Quod

1849 4575 2077 4628 "erat-lii
2129 4578 2301 4644 gratia
2346 4575 2688 4644 jejuuareut,
2739 4591 2846 4644 quo
2897 4578 3261 4629 remitteretur
3306 4580 3410 4647 ipsi

1850 4663 2064 4716 l'ederis
2090 4666 2173 4715 sui
2201 4665 2418 4716 violatio
2444 4674 2496 4716 et
2516 4662 2826 4716 Judaeorum
2856 4666 3048 4730 caedes,
3072 4668 3137 4718 ab
3160 4684 3407 4731 ovorum,

1847 4756 1986 4807 casei
2054 4765 2106 4807 et
2140 4754 2367 4823 piscium
2401 4770 2494 4806 esu
2529 4755 2580 4807 in
2611 4757 2800 4808 eadem
2836 4756 3194 4823 abstinentes,
3239 4775 3406 4826 eaque

1846 4846 1912 4897 de
1955 4860 2011 4897 re
2061 4845 2113 4897 iu
2160 4860 2348 4897 omnes
2392 4846 2645 4913 regiones
2688 4846 2899 4900 litteras
2937 4848 3309 4917 scripserunt:
3348 4866 3407 4906 ac

1846 4934 2058 5004 Algypti
2112 4934 2378 5003 C0pbtitte
2426 4936 2478 4987 in
2531 4936 2676 4989 hunc
2727 4953 2898 5007 usque
2947 4940 3085 4991 diem
3136 4941 3403 5009 jejunium

1848 5028 1974 5080 illtnl
2017 5027 2331 5080 observant.
2361 5026 2531 5096 Syria:
2576 5043 2702 5080 vero
2736 5030 3077 5083 Damascenze
3110 5031 3315 5095 incolae,
3355 5044 3406 5087 et

1864 5118 2032 5171 Crzeci
2065 5116 2327 5170 Melcliita:
2363 5129 2483 5187 post
2516 5128 2741 5172 mortem
2782 5119 3012 5174 lleraclii
3055 5123 3247 5177 iterum
3283 5126 3407 5177 lteb-

1845 5208 2071 5261 domada
2126 5209 2226 5263 ista
2258 5224 2381 5272 ova,
2426 5225 2674 5272 casettm,
2718 5224 2770 5265 et
2818 5214 2992 5281 pisces
3035 5213 3409 5273 comederunt.

1844 5298 2007 5369 248
2037 5298 2089 5351 In
2124 5300 2312 5353 eadem
2349 5303 2507 5353 etiam
2540 5302 2794 5370 jejuoant
2837 5306 3024 5359 diebus
3055 5305 3309 5361 Mercurii
3357 5323 3406 5362 et

1844 5390 2069 5445 Veneris
2097 5407 2270 5460 usque
2297 5394 2360 5444 ad
2385 5392 2613 5457 Nonum,
2642 5395 2763 5447 dein
2792 5397 2930 5459 ovis,
2959 5412 3139 5461 caseo,
3166 5409 3219 5453 et
3244 5401 3404 5469 pisci-

1846 5483 1969 5544 bus,
2003 5495 2301 5546 vescentes,
2340 5485 2639 5537 secundum
2673 5502 2939 5541 canoncm
2976 5504 3005 5541 a
3028 5503 3216 5544 sancto
3247 5492 3408 5545 ἐκείρα-

1786 5596 1796 5605 ο
1845 5575 2017 5642 pboro
2053 5577 2359 5642 patriarcha
2406 5573 3035 5647 Constantinopolitano,
3079 5577 3409 5651 martyrc’et

1848 5669 2189 5725 cottl'essore.
2224 5670 2457 5736 positum
2485 5685 2497 5733 ;
2530 5672 2986 5737 quemadmodum
3018 5683 3294 5727 ostensum
3322 5688 3404 5727 est

1845 5760 1896 5812 in
1940 5762 2119 5823 tvpiro
2152 5761 2427 5824 Ecclesiae,
2470 5763 2718 5816 videlicet
2747 5763 3077 5819 orthodoxos
3104 5767 3204 5820 ista
3242 5768 3404 5825 septi-
