4210 6428
820 419 948 482 1091

1855 424 2219 482 EU'I‘YCHII
2254 424 2778 486 ALEXANDRINI
2821 432 3028 491 l’ATll.

3926 444 4056 509 109?

824 550 983 589 mana
1015 536 1130 591 ovis
1159 546 1213 590 et
1238 552 1398 592 caseo
1430 540 1595 603 vesci,
1628 540 1790 591 etiam
1822 540 2014 594 diebus
2050 540 2297 595 Mercurii
2329 554 2381 595 et
2416 550 2455 601 Α
2486 547 2697 600 adversi
2757 556 2932 611 erant,
2992 548 3291 603 octodecim
3352 554 3639 622 interfecit,
3711 557 4050 626 fugientibus

821 625 1072 691 Veneris;
1106 628 1206 681 nisi
1238 630 1379 697 quod
1408 630 1598 682 diebus
1628 628 1771 689 istis,
1802 630 2051 685 Mercurii
2086 633 2295 685 scilicet
2319 642 2373 684 et

818 715 1081 782 Veneris,
1134 736 1307 788 usque
1353 721 1417 773 ad
1472 720 1676 772 Nonam
1721 721 1990 789 jejuncnt.
2044 722 2143 784 Qui
2196 736 2369 773 canon

812 809 1061 875 coarguit
1085 825 1181 863 eos
1213 811 1302 877 qui
1332 811 1580 876 jejunant
1614 815 1785 878 gratia
1818 811 2045 861 llerarlii
2082 812 2387 879 imperato—,

812 899 909 962 ris,
940 915 970 952 e
1011 908 1158 954 secta
1201 900 1622 963 Maronitarum,
1662 916 1691 953 a
1735 918 1964 970 quorum
2012 901 2171 955 laetis
2218 904 2372 956 malis

812 997 1018 1040 avertat
1049 1004 1148 1041 nos
1182 988 1345 1052 Deus,
1376 1004 1496 1041 cum
1532 1006 1639 1042 non
1671 990 1829 1043 liceat
1860 990 2096 1045 hominis
2129 993 2372 1045 mer-talis

810 1081 981 1148 gratia
1010 1081 1296 1149 jejunare;
1330 1097 1504 1151 eoque
1536 1084 1703 1149 magis
1734 1084 1876 1151 quod
1912 1084 2209 1151 imperator
2246 1085 2370 1146 iste,

809 1184 932 1221 eum
969 1169 1132 1237 hujus
1168 1171 1353 1224 mundi
1387 1172 1551 1222 vitam
1582 1171 1895 1240 deponeret,
1928 1170 2192 1225 Maronita
2226 1188 2369 1225 mer-

809 1272 938 1313 tuus
964 1262 1054 1313 sit.
1091 1261 1159 1313 Ut
1185 1270 1365 1313 autem
1392 1262 1457 1312 ad
1488 1260 1769 1314 historiam
1806 1272 2169 1325 revertamur,
2202 1263 2373 1316 Hera—

808 1346 947 1396 rlius
981 1343 1283 1398 Modestum
1322 1349 1684 1409 monachum,
1732 1348 2043 1400 monasterii
2078 1349 2138 1400 Al
2173 1348 2368 1404 Ducesi

809 1437 1149 1503 praefectum,
1184 1440 1546 1505 patriarcham
1576 1437 2124 1506 llierosolymitanum
2156 1442 2365 1494 consti-

807 1527 932 1585 tuit,
965 1541 1026 1578 ac
1061 1542 1117 1578 se
1164 1526 1485 1578 Damascum
1518 1528 1671 1595 sequi
1701 1528 1883 1594 jussit,
1916 1544 2024 1597 quo
2055 1544 2083 1582 e
2114 1529 2362 1585 Damasci

806 1618 1054 1685 vectigali
1096 1618 1196 1684 ipsi
1230 1618 1481 1681 deiraret,
1512 1628 1566 1672 et
1599 1621 1663 1673 de
1693 1620 1992 1673 Palzestina:
2025 1622 2226 1675 tributo
2261 1622 2363 1690 ipsi

806 1707 1143 1768 remitteret,
1178 1721 1286 1774 quo
1326 1722 1515 1761 onmes
1548 1709 1808 1762 ccelesias
1841 1708 2368 1781 llierosolymitanas

806 1808 944 1860 quas
975 1794 1255 1847 diruerant
1299 1793 1477 1847 Persae
1523 1798 1877 1850 instauraret.
1929 1798 2194 1854 Reversus
2240 1817 2368 1870 ergo

805 1881 1108 1936 lléeraclius
1140 1886 1208 1937 ab
1239 1884 1632 1956 Hierosolymis
1678 1886 2025 1954 Damascum,
2065 1892 2134 1944 ibi
2166 1894 2370 1945 substi-

805 1974 890 2036 tit,
917 1989 944 2027 a
969 1974 1225 2029 Mansuro
1254 1992 1506 2032 nummos
1531 1982 1773 2048 exigens.
1802 1980 1951 2033 Sedit
1978 1994 2157 2035 autem
2187 1983 2370 2038 Mode-

804 2074 920 2119 stus
948 2082 1136 2118 novem
1171 2082 1408 2129 menses,
1434 2068 1555 2120 dein
1587 2080 1835 2122 mortuus
1866 2082 1970 2136 est,
2004 2056 2064 2126 ac
2092 2084 2215 2141 post
2247 2075 2367 2143 ejus

805 2166 1032 2208 mortcnt
1063 2172 1154 2209 sex
1187 2158 1347 2212 annis
1380 2161 1496 2212 sine
1528 2162 1835 2227 patriarcha
1888 2169 2085 2217 mansit
2112 2169 2368 2221 cathedsa

804 2245 1316 2316 ilicrnsolymitana.
2249 2294 2255 2299 .

872 2338 1040 2390 Porro
1080 2354 1223 2391 anno
1268 2341 1476 2408 imperii
1528 2342 1875 2414 249-251
1913 2348 2149 2401 Ileraclii
2197 2351 2367 2403 unde-

802 2429 943 2482 cimo
978 2431 1112 2484 diem
1152 2433 1281 2485 obiit
1317 2433 1650 2489 Mohammed
1682 2438 1756 2491 fil.
1784 2440 2071 2493 Abdollahi
2098 2446 2357 2511 propheta

802 2518 1242 2576 Muslcminornm
1272 2526 1355 2578 die
1388 2525 1571 2593 Lunze,
1601 2530 1690 2597 qui
1717 2533 1991 2588 secundus
2020 2546 2135 2588 erat
2168 2539 2368 2591 mensis

804 2612 985 2667 llabize
1021 2617 1240 2685 prioris,
1291 2633 1434 2671 anno
1464 2618 1637 2673 lleira:
1670 2622 1982 2687 undecimo,
2016 2629 2366 2694 sepultusque

800 2712 882 2757 cst
907 2706 1048 2758 domi
1075 2722 1185 2761 sure
1207 2710 1259 2762 in
1280 2724 1380 2775 qua
1408 2720 1654 2764 mortuus
1672 2720 1773 2772 est,
1794 2713 1941 2767 dumi
1966 2716 2087 2769 scil.
2113 2718 2363 2787 Ayeshm;

799 2794 916 2849 dies
947 2796 1201 2850 tredecim
1235 2801 1424 2852 morbo
1452 2816 1553 2853 suo
1582 2800 2151 2861 lab6ravit..lllortnus
2180 2818 2362 2863 autem

803 2896 887 2939 est
926 2904 1101 2944 annos
1144 2902 1307 2943 natus
1360 2893 1638 2961 sexaginta
1690 2895 1855 2960 (tres;
1913 2896 2114 2950 liberos
2151 2894 2367 2980 j‘pra'tcr

800 2982 1114 3035 Phatemam
1154 2984 1334 3035 nullos
1381 2984 1602 3051 reliquit
1635 2985 1979 3054 superstites,
2035 2988 2128 3042 sed
2159 2999 2213 3042 et
2280 2990 2365 3043 illa

798 3073 1158 3139 quadraginta
1201 3084 1326 3141 post
1380 3075 1556 3141 ipsum
1594 3074 1787 3127 diebus
1842 3086 2056 3128 mortua
2105 3089 2207 3139 est,
2260 3078 2365 3149 [vel

796 3164 1098 3215 secundum
1148 3166 1285 3217 alios
1344 3162 1736 3232 Septuaginta,]
1802 3165 1963 3233 idque
2005 3168 2216 3220 Chalifa
2266 3169 2364 3222 Abi

2480 640 2903 693 domesticorum
2952 641 3125 710 ipsius
3177 644 3425 711 reliquis.
3467 647 3713 718 Divitqne
3751 668 3765 704 :
3807 650 3918 720 Ego
3956 656 4049 708 ho-

2479 730 2713 782 minibus
2755 729 3015 783 tributum
3073 734 3406 786 remissurus
3455 751 3614 797 sum,
3671 741 3803 793 adeo
3870 751 3926 793 ut
3983 746 4047 797 ad

2475 833 2667 873 omnes
2702 820 2997 873 nniversim
3026 824 3330 891 pertingant
3365 825 3574 892 justitia
3605 838 3657 881 et
3691 832 4047 887 benefit-entia

2477 926 2618 963 mea.
2658 911 2851 966 Parum
2883 924 3063 985 autem
3088 915 3241 968 ﬂuxit
3270 920 3529 987 temporis
3553 931 3841 991 antequam
3876 943 4048 995 gras-

2476 1014 2687 1056 saretur
2742 1006 2795 1056 in
2866 1006 3112 1060 subditos
3165 1010 3334 1075 ipsius
3387 1013 3591 1077 pestis,
3653 1029 3759 1082 qua
3806 1019 4049 1087 plerique

2473 1109 2662 1147 eorum
2705 1112 2733 1147 e
2766 1099 2945 1149 medio
2988 1098 3188 1151 sublati
3242 1110 3388 1159 sunt,
3440 1114 3702 1167 pereunte
3756 1119 3862 1157 una
3920 1122 4047 1175 rege

2473 1185 2811 1239 Shirawaiho
2861 1187 3039 1254 quiet
3082 1189 3329 1243 Kobades
3362 1193 3553 1258 amliit,
3601 1211 3698 1247 nec
3749 1212 3855 1248 non
3895 1208 4048 1265 patre

2472 1276 2645 1342 ipsius
2698 1277 2863 1331 Cesra
2916 1294 2927 1327 :
2980 1282 3215 1342 spatium
3271 1299 3379 1352 quo
3432 1288 3677 1353 regnavit
3725 1290 4047 1343 octimestre

2470 1376 2611 1420 erat.
2648 1369 2850 1423 Deinde
2882 1381 3002 1438 post
3054 1373 3230 1441 ipsum
3285 1378 3530 1443 regnavit
3565 1376 3797 1429 Azdsbir
3851 1381 4047 1433 Snira-

2472 1456 2632 1508 waihi
2668 1457 2831 1522 filius,
2879 1477 3039 1529 quem
3088 1466 3268 1517 statim
3313 1466 3537 1518 adortus
3588 1468 3877 1534 przefectus
3906 1470 4047 1522 iimi-

2474 1553 2585 1598 tum
2630 1548 3045 1605 occidentalium
3105 1554 3280 1622 ipsum
3330 1553 3564 1616 occidit,
3624 1574 3746 1609 cum
3802 1562 4047 1626 quinque

2476 1644 2685 1689 tantum
2738 1641 3018 1694 mensibus
3064 1655 3367 1707 regnasset.
3427 1643 3562 1696 Tum
3614 1661 3837 1713 regnum
3884 1664 4047 1700 oceu-

2472 1728 2617 1793 pavit
2641 1730 2856 1796 quidam
2889 1734 3105 1786 nomine
3130 1733 3360 1797 Jorhm,
3384 1736 3475 1804 qui
3503 1753 3531 1788 e
3556 1738 3723 1805 stirpe
3753 1739 3899 1805 regia
3936 1754 4044 1791 non

2470 1815 2592 1880 fuit,
2622 1829 2672 1872 et
2700 1836 2729 1873 e
2759 1822 2914 1889 cujus
2965 1825 3165 1877 familia
3200 1844 3301 1880 non
3350 1830 3489 1882 alius
3521 1832 3645 1895 quis
3705 1830 3770 1882 ad
3818 1847 4045 1899 regnum

2407 1919 2443 1971 Β
2475 1913 2759 1980 aspiravit.
2816 1914 2952 1968 Idem
3018 1926 3134 1969 erat
3178 1935 3339 1984 quem
3417 1922 3769 1991 253-255
3819 1926 4047 1979 miserat

2474 2004 2717 2070 Aperwiz
2779 2006 2845 2059 ad
2895 2007 3095 2060 bellum
3148 2006 3412 2064 Romanis
3466 2013 3833 2066 inferendum.
3892 2017 4043 2067 Illum

2474 2093 2686 2149 insidiis
2744 2099 2842 2165 ipsi
2902 2101 3124 2154 structis
3180 2103 3375 2154 mulier
3421 2105 3661 2169 qmedam
3710 2121 3737 2156 e
3790 2108 4043 2173 prosapia

2472 2191 2639 2254 regia.
2702 2190 2922 2243 nomine
2976 2191 3410 2254 Arzmandocht,
3473 2210 3502 2247 e
3563 2194 3739 2248 medio
3798 2199 4045 2260 sustulit,

2473 2286 2754 2342 postquam
2791 2279 2904 2329 dies
2938 2278 3124 2345 viginti
3152 2278 3287 2333 duos
3322 2294 3601 2349 regnasset
3633 2300 3644 2335 :
3684 2288 3904 2352 regibus
3934 2302 4039 2337 an-

2473 2372 2579 2415 tem
2625 2368 2761 2417 haud
2795 2380 3135 2423 accensetur.
3171 2370 3374 2424 Deinde
3401 2384 3521 2439 post
3565 2376 3738 2439 ipsum
3793 2390 4044 2442 regnth

2471 2456 2690 2521 qniﬂam
2724 2471 2752 2507 e
2782 2455 2905 2509 filiis
2937 2457 3211 2519 llormozi,
3244 2462 3334 2528 qui
3386 2462 3438 2512 in
3473 2444 3701 2530 regione.
3734 2462 4040 2517 Turcarmu

2474 2547 2593 2613 fuit,
2649 2555 2704 2599 et
2762 2550 2950 2602 audito
3005 2566 3250 2618 quienam
3308 2553 3625 2606 acciderant
3681 2554 4043 2619 diﬂ'erentiaz,

2472 2637 2739 2699 accessit;
2782 2622 2977 2691 nomen
3028 2640 3099 2691 illi
3147 2640 3247 2692 fuit
3276 2641 3467 2705 Cesra,
3521 2639 3636 2695 Ebu
3676 2644 3894 2709 Kobad,
3929 2646 4043 2697 Ebn

2472 2722 2726 2777 llurmoz.
2760 2729 2938 2795 lp~um
2975 2744 3101 2782 vero
3134 2731 3361 2785 adortus
3390 2733 3482 2801 qui
3517 2734 3768 2789 cenfiniis
3796 2737 4044 2789 Corasan

2474 2827 2723 2885 pra-erat,
2769 2820 3073 2883 interfecit,
3126 2838 3246 2874 cum
3295 2836 3403 2877 tres
3460 2840 3673 2878 menses
3728 2841 4041 2891 regnasset,

2472 2909 2605 2962 adeo
2646 2918 2702 2961 ut
2750 2927 2845 2963 nec
2896 2914 3011 2979 ipse
3059 2916 3277 2982 regibus
3324 2925 3711 2968 annumeratns
3766 2920 3859 2971 sit.
3908 2918 4046 2972 Tmu

2472 3010 2591 3063 post
2642 3017 2764 3052 eam
2821 3002 3009 3063 Murla,
3075 3002 3255 3056 Cesra:
3301 3006 3435 3063 ﬁlia,
3479 3021 3597 3072 que.
3654 3008 3834 3061 Cesrae
3890 3024 4043 3061 ειη-οι

2471 3090 2680 3141 uterina
2724 3092 2845 3153 fuit,
2891 3094 3280 3168 sesquiannqm
3322 3099 3612 3163 regnavit:
3668 3098 3781 3151 hinc
3835 3100 4046 3152 nullum

2470 3183 2647 3247 exegit
2672 3183 2959 3245 tributum,
2992 3200 3349 3250 nmnmusque
3392 3189 3654 3240 exercitui
3713 3192 4004 3243 distribuit
4036 3211 4047 3244 :

798 3253 985 3304 lic-cro.
1020 3251 1415 3306 Convenerunt
1460 3256 1605 3306 enim
1658 3253 1965 3308 Moslemini
2008 3258 2071 3309 ad
2115 3258 2232 3310 Abu
2270 3259 2337 3311 lle
2394 3254 2433 3306 C
2471 3286 2703 3339 cumque
2735 3274 2786 3325 ίη
2822 3289 2985 3341 ,αρεηο
3022 3278 3338 3326 comarum“,
3380 3280 3566 3342 rum-",1,
3611 3280 3725 3346 ipsa
3763 3282 3829 3331 al,
3858 3297 3926 3333 ej,
3956 3284 4046 3335 de-

794 3358 948 3395 crum
1007 3343 1466 3413 inaugurandum,
1519 3348 1605 3398 cui
1664 3364 1858 3401 nomen
1908 3350 2196 3411 Abdollah,
2250 3350 2362 3403 liba

793 3433 1027 3486 Otbman
1056 3436 1238 3498 Amer,
1284 3435 1397 3489 Ebn
1423 3436 1595 3501 Caab,
1632 3440 1742 3492 iibn
1796 3440 1959 3501 Saatl,
1998 3438 2111 3492 Ebn
2155 3439 2361 3510 Tiyem,

796 3524 909 3577 l'lbn
942 3524 1196 3589 Morrah;
1245 3527 1511 3596 cujusque
1542 3540 1713 3581 mater
1759 3528 1959 3592 Saluta,
2002 3529 2109 3582 lilia
2146 3530 2360 3593 Sochri,

793 3618 908 3670 Ebn
940 3618 1130 3681 Amur,
1170 3618 1282 3669 Ebn
1316 3617 1477 3681 Saab,
1507 3618 1618 3671 Ebn
1652 3620 1816 3681 Saad,
1855 3619 1973 3672 Ebn
2005 3620 2217 3689 Tiyem,
2247 3619 2361 3673 Ebn

794 3706 1046 3760 Morrah:
1080 3707 1291 3776 fuitque
1329 3709 1674 3777 inauguratio
1712 3711 1886 3777 ipsius
1916 3711 2104 3762 eodem
2134 3712 2222 3762 die
2248 3728 2357 3779 quo

792 3812 1040 3854 mortuus
1081 3810 1167 3855 est
1218 3800 1590 3855 Multamnted.
1647 3804 1871 3855 Czeteris
1925 3802 2000 3873 [in
2045 3804 2361 3871 jnramento

792 3888 895 3957 ipsi
946 3889 1278 3957 praestando]
1313 3890 1687 3958 pra-euntibus
1725 3893 1925 3943 Omaro
1963 3890 2073 3944 Ebn
2114 3891 2359 3954 Chetcbi,

792 3989 842 4034 et
868 3982 1139 4033 Utlnnano
1172 3980 1287 4033 Ebn
1323 3980 1507 4045 Afani,
1546 3980 1706 4049 idque
1744 3996 1891 4033 anno
1928 3982 2138 4048 imperii
2191 3981 2360 4035 llera-

791 4073 876 4128 01ἱὲ
914 4074 1282 4125 Ruinanorum
1319 4073 1663 4142 imperatoris
1694 4073 1985 4126 undetimo
2020 4090 2034 4125 :
2066 4085 2231 4143 atque
2261 4076 2362 4127 hoc

792 4178 937 4215 anno
968 4165 1300 4216 constitutus
1330 4174 1414 4215 est
1450 4160 1743 4215 Oborudus
1775 4161 2096 4233 [Honorius]
2128 4164 2361 4230 patriar-

792 4255 892 4308 cha
941 4253 1243 4316 Romanus,
1293 4253 1386 4322 qui
1438 4254 1741 4307 octodecim
1795 4270 1972 4307 annos
2020 4256 2183 4318 sedit,
2233 4255 2358 4307 dein

793 4358 1038 4400 mortuus
1076 4356 1180 4399 est.
1211 4346 1377 4400 Cesra
1416 4357 1595 4399 autem
1628 4344 1881 4398 llormozi
1926 4346 2091 4411 lilius,
2141 4362 2264 4399 cum
2294 4347 2360 4398 ad

792 4444 980 4489 urbem
1012 4452 1164 4489 suam
1198 4437 1557 4504 pervenisset,
1584 4446 1635 4489 et
1668 4452 1829 4504 quam
1865 4437 1937 4489 ibi
1968 4435 2167 4490 caulem
2200 4436 2361 4490 fecis-

791 4540 872 4583 set
898 4529 1199 4591 lleraclius,
1230 4531 1357 4595 quid
1378 4529 1565 4590 ruinae,
1593 4528 1836 4592 vidisset,
1860 4543 2055 4596 magno
2077 4538 2361 4595 correptus

790 4631 874 4675 est
904 4621 1112 4683 dolore,
1158 4621 1292 4672 nihil
1337 4632 1513 4672 tamen
1561 4621 1627 4673 de
1666 4635 1876 4672 mormn
1914 4620 2128 4673 feritate
2175 4620 2362 4674 remit-

794 4724 937 4775 tens,
968 4714 1101 4764 adeo
1133 4720 1190 4762 nt
1225 4712 1460 4778 graviter
1502 4710 1710 4763 ferrent
1742 4710 1993 4764 homines
2032 4712 2203 4776 ipsius
2258 4712 2357 4764 itn—

792 4802 1025 4869 pcrium,
1060 4800 1344 4852 deficiente
1370 4800 1504 4866 ipsis
1542 4800 1821 4866 patientia,
1864 4798 2024 4868 252
2073 4800 2360 4867 ipsumque

796 4892 1092 4944 infaustum
1129 4890 1394 4952 dicerent,
1427 4898 1613 4956 utpote
1647 4904 1753 4957 quo
1781 4901 2041 4956 regnante
2091 4890 2361 4956 perierint

793 4981 993 5037 Persia:
1039 4981 1251 5045 incolae,
1302 4990 1636 5049 vastatreqne
1691 4981 1801 5035 sint
1854 4982 2099 5048 ipsurtnn
2140 4981 2357 5034 domus.

795 5072 917 5141 Ipso
971 5088 1100 5141 ergo
1150 5082 1272 5141 post
1321 5088 1496 5125 annos
1544 5073 1768 5141 triginta
1815 5083 1938 5124 octo
1987 5071 2260 5135 abdicato,
2306 5074 2360 5124 in

797 5166 971 5218 Ineunt
1012 5166 1131 5234 ejus
1163 5168 1566 5219 substituerunt
1621 5167 1789 5218 lilium
1840 5168 2011 5232 ipsius
2055 5164 2361 5228 Kubatlem,

795 5256 980 5323 quiet
1035 5257 1341 5311 Shirawaih
1394 5257 1719 5323 appellatus,
1781 5256 1950 5309 filium
2009 5256 2189 5308 Mariae
2244 5256 2364 5309 filia:

796 5346 1042 5401 Mauricii
1093 5350 1462 5403 Romanorum
1520 5348 1891 5417 imperatoris,
1927 5348 2087 5416 cujus
2135 5348 2363 5415 abipsis

796 5439 964 5492 occisi
995 5439 1168 5493 Caedes
1203 5440 1469 5493 malorum
1512 5440 1741 5493 istorum
1768 5439 2008 5493 omnium
2038 5454 2201 5492 causa
2231 5440 2361 5505 fuit;

799 5544 919 5581 cum
950 5527 1180 5600 [Cesrm]
1207 5545 1358 5585 socer
1388 5540 1555 5596 esset,
1593 5538 1758 5599 atque
1791 5530 1880 5583 ille
1910 5543 2165 5583 socerum
2207 5544 2363 5582 suum

799 5618 991 5671 ulcisci
1028 5628 1272 5688 cuperet.
1301 5604 1311 5618 ’

878 5712 1131 5765 Kobades
1176 5722 1357 5767 autem
1413 5727 1577 5780 regno
1609 5709 1901 5781 prtefectus
1931 5712 2205 5780 justitiam
2258 5728 2367 5781 prae

800 5824 858 5863 se
890 5807 1032 5871 tulit,
1066 5812 1120 5859 et
1148 5804 1402 5874 injuriam
1436 5820 1542 5873 qua
1597 5820 1861 5875 oppressa
1918 5804 2093 5859 fuerat
2142 5807 2367 5861 amovit.

800 5898 843 5953 Ε
871 5899 992 5955 filiis
1030 5905 1211 5954 autem
1243 5898 1416 5967 patris
1450 5898 1557 5964 sui,
1587 5899 1677 5967 qui
1707 5898 1807 5967 ipsi
1840 5898 2029 5952 matris
2059 5914 2168 5953 sure
2200 5912 2365 5953 causa

2469 3364 2742 3415 nominata
2778 3373 2879 3416 est.
2915 3366 3118 3419 Deinde
3154 3375 3274 3433 post
3313 3370 3481 3433 ipsum
3538 3372 3785 3437 regnavit
3817 3373 4047 3438 quidam

2471 3452 2691 3506 nomine
2740 3451 3197 3520 lluslmastadah,
3249 3459 3393 3524 quie
3447 3462 3625 3527 palmi
3680 3461 3868 3514 Cesra:
3923 3463 4047 3514 filiis

2466 3557 2603 3611 erat,
2633 3548 2846 3601 duobus
2892 3551 3173 3605 mensibus
3224 3555 3489 3621 regnarit,
3535 3556 3660 3608 dein
3718 3556 4047 3610 interfectus

2464 3646 2567 3700 est,
2605 3654 2701 3691 nec
2752 3639 2896 3692 inter
2942 3657 3097 3705 reges
3151 3654 3485 3698 muneratur.
3541 3647 3668 3700 l‘ost
3729 3649 3910 3716 ipsum
3969 3667 4044 3702 ιη·-

2465 3732 2648 3797 guavit
2676 3732 3109 3793 Arunandoeht,
3155 3733 3333 3788 Cesrae
3388 3737 3514 3797 lilia,
3552 3756 3579 3805 q
3608 3755 3670 3788 ne.
3719 3749 3770 3790 et
3830 3743 4047 3795 modice

2465 3821 2789 3887 interposito
2821 3822 2997 3888 spitio
3026 3838 3233 3876 veneno
3283 3827 3497 3879 sublata
3533 3839 3747 3879 mortua
3784 3843 3891 3887 est.
3921 3848 4046 3885 cum

2468 3920 2742 3977 regnasset
2767 3925 2968 3963 annum
3005 3920 3058 3964 et
3088 3922 3325 3980 quatuor
3354 3930 3600 3981 menses;
3634 3928 3686 3968 et
3728 3918 3839 3971 lucc
3871 3920 3926 3972 in
3960 3937 4043 3974 rc-

2463 4014 2568 4067 gno
2597 3998 2913 4052 Confirmata
2944 4010 3047 4061 est,
3078 4012 3131 4053 et
3163 4004 3231 4054 ab
3260 4004 3449 4057 eodem
3496 4003 3869 4057 denmniuata.
3911 4009 4045 4059 Post

2464 4092 2633 4156 ipsam
2668 4092 2911 4158 regnarit
2947 4092 3167 4161 quidam
3210 4097 3431 4147 nomine
3467 4094 4046 4152 l‘aracberzulchoshr:

2468 4193 2654 4229 mense
2679 4194 2809 4237 uno,
2844 4180 2968 4230 dein
3009 4182 3228 4233 occisus
3258 4190 3362 4242 est,
3398 4197 3572 4250 neque
3606 4186 3828 4251 regibus
3863 4203 4044 4237 annn-

2471 4277 2732 4320 meratur.
2757 4266 2955 4320 Totum
2993 4278 3169 4321 autem
3212 4272 3444 4337 spatium
3480 4287 3588 4340 quo
3625 4277 3873 4339 regnavit
3921 4275 4040 4329 Shi-

2464 4359 2668 4411 rawaih
2699 4400 2712 4424 ,
2758 4369 2807 4412 et
2845 4360 2936 4428 qui
2986 4361 3088 4428 ipsi
3131 4375 3551 4426 successerunt,
3595 4365 3759 4433 256
3795 4377 3905 4418 tam
3952 4370 4043 4419 viri

2463 4464 2624 4515 quam
2672 4450 2907 4510 femina},
2956 4461 3066 4504 tum
3094 4453 3183 4519 qui
3224 4438 3491 4522 regnasse
3518 4458 3898 4521 perhibentur,
3938 4468 4044 4508 tum

2465 4541 2555 4606 qui
2580 4554 2763 4607 regum
2783 4557 3010 4593 nmncro
3036 4542 3178 4593 haud
3207 4555 3582 4602 accensentur,
3610 4561 3781 4611 usque
3806 4549 3871 4597 ad
3889 4547 4041 4598 Para-

2467 4630 3035 4693 (‘hnradcltosht'autn,
3071 4647 3176 4683 una
3211 4647 3331 4683 cntn
3375 4635 3663 4685 intervallo
3707 4640 3853 4702 quoi
3905 4640 4041 4691 inter

2462 4720 2598 4773 duos
2628 4719 2900 4787 quoslibet
2933 4736 3087 4788 reges
3136 4721 3473 4782 intercessit,
3505 4735 3739 4790 quatuor
3772 4741 4042 4781 annorum

2464 4814 2586 4878 fuit,
2628 4814 2788 4882 idque
2834 4824 3005 4866 letum
3045 4816 3220 4869 turbis
3254 4826 3306 4867 et
3351 4820 3587 4872 motibus
3623 4822 3869 4886 plenum.
3909 4822 4042 4874 Cum

2462 4920 2591 4973 ergo
2632 4906 2879 4958 viderent
2908 4906 3082 4958 l’ersze
3110 4923 3219 4975 quo
3255 4910 3601 4961 devertissent
3652 4912 4042 4975 seditionibus.

2462 5005 2509 5048 et
2545 4996 2964 5062 prmvalentihtts
2996 4997 3130 5065 ipsis
3181 4997 3460 5060 Ratnanis,
3487 5014 3605 5066 qua:
3629 5016 3716 5065 lue
3754 5002 3895 5051 mala
3937 5012 4041 5053 tam

2464 5085 2777 5153 religionem
2813 5086 3054 5153 ipsorum
3097 5101 3260 5152 quam
3298 5101 3641 5140 cennnunem
3683 5090 3854 5141 vitam
3890 5095 4040 5143 inva-

2464 5178 2685 5242 sissent,
2717 5178 3027 5245 conquisito
3045 5176 3229 5231 Cesraa
3265 5178 3396 5241 filio,
3425 5181 3650 5232 nomine
3681 5176 4041 5245 Yazdejerdn,
4078 5246 4083 5247 ν

2465 5268 2557 5335 qui
2581 5276 2617 5319 'a
2647 5267 3017 5329 Shirawaiho,
3050 5282 3173 5320 cum
3212 5266 3408 5320 fratres
3440 5270 3559 5337 ejus
3608 5270 3934 5331 trucidaret,
3972 5272 4040 5324 fu-

2466 5368 2637 5426 gerat,
2674 5360 2851 5425 ipsum
2899 5358 3003 5411 sibi
3056 5373 3234 5427 regem
3284 5361 3665 5426 prazl'ecernnt.
3717 5376 3891 5413 annos
3931 5373 4040 5413 tum

2472 5460 2659 5502 natum
2687 5448 3020 5516 quindecim.
3069 5448 3237 5501 Erant
3285 5460 3465 5501 autem
3516 5450 3743 5501 afl'eCtus
3794 5454 4040 5519 ips-trum

2467 5540 2685 5602 diversi,
2717 5552 2895 5594 coatus
2932 5539 3113 5595 divisi.
3152 5548 3204 5592 et
3248 5555 3312 5593 se
3357 5550 3545 5592 mntuo
3576 5542 3731 5595 bellis
3769 5543 4016 5596 LtCCSsCII

2470 5642 2570 5695 tcs,
2594 5631 3027 5700 uniuscujusque
3058 5644 3215 5685 terra:
3242 5642 3469 5695 tractus,
3502 5634 3671 5695 urbis,
3705 5644 3798 5685 aut
3835 5638 4041 5702 oppili,

2468 5741 2561 5794 per
2597 5733 2763 5777 totum
2802 5739 3029 5791 regnum
3058 5725 3278 5784 incolis,
3328 5727 3527 5778 vicinis
3558 5727 3676 5778 suis
3730 5728 3943 5778 bellum
3972 5747 4039 5778 ιιι-

2471 5816 2803 5882 ferentibns;
2853 5824 3283 5883 manseruntque
3330 5816 3428 5869 hoc
3456 5826 3600 5869 Statu
3656 5817 3856 5879 nrbes,
3896 5818 4037 5870 vide-

2472 5905 2596 5959 licet
2622 5905 2787 5960 rebus
2819 5905 3124 5969 dissolutis,
3171 5905 3370 5974 populu
3400 5905 3600 5969 diviso,
3656 5920 3824 5973 regno
3850 5919 4038 5959 corru-
