4210 6428
189 441 324 504 1093

1616 430 1980 493 ANNAIJES.

3286 430 3426 497 1094

188 563 297 623 pto,
338 547 761 617 hominibusque
819 542 957 597 inter
1010 555 1070 597 se
1113 537 1591 599 dissentientibtts,
1626 547 1747 591 octo
1781 548 1829 604 Α
1867 539 2128 609 adversus
2154 552 2211 592 se
2240 536 2570 606 prmltucrlnt
2606 537 2743 592 iure
2782 537 2962 609 aliqua
2993 554 3115 609 qua:
3150 540 3229 595 vel
3258 550 3426 599 terras

187 652 358 694 unitos
390 655 403 693 :
434 651 602 709 regno
633 641 811 689 autem
840 630 1131 706 praefectus
1162 637 1247 683 est
1285 641 1430 683 anno
1457 624 1753 682 clialit‘atus

190 728 287 781 Abi
343 726 495 782 Becrl
553 723 729 794 primo
781 738 795 777 :
851 721 1014 793 idque
1056 732 1205 773 anno
1252 716 1466 789 imperii
1518 713 1751 771 lleraclii

189 814 565 872 Romanorum
595 812 941 883 imperatoris
972 808 1281 865 undecimo.

254 911 378 961 Abu
425 905 628 959 Becrus
676 902 990 958 chalifatuin
1063 902 1319 955 obtinens
1368 898 1572 953 Arabes
1623 898 1756 952 «leti-

190 998 396 1050 cientes
456 994 599 1047 bello
657 992 990 1060 Oppugnavit
1039 990 1214 1043 donec
1263 987 1331 1042 ad
1387 987 1752 1042 lslamismum

190 1095 615 1142 reverterentur.
660 1083 789 1137 Dein
834 1081 1132 1137 Cbaledum
1187 1079 1300 1133 Elin
1333 1078 1511 1133 Walid
1561 1094 1758 1147 magno

190 1179 516 1233 instructum
538 1176 786 1228 exercitu
819 1173 1063 1226 Eracum
1097 1172 1264 1234 misit,
1289 1172 1380 1240 qui
1412 1186 1534 1223 cum
1566 1170 1617 1222 iu
1654 1172 1760 1223 Me—

191 1267 493 1338 sopotamia
528 1275 712 1317 castra
764 1266 1057 1333 posuisset,
1107 1275 1424 1332 progressos
1459 1262 1528 1312 ad
1578 1262 1754 1329 ipsum

191 1360 432 1429 regionis
480 1357 627 1411 illius
663 1357 931 1426 primores
979 1355 1032 1409 in
1088 1356 1247 1407 ﬁdem
1290 1354 1516 1421 recepit,
1564 1352 1756 1423 257-

190 1452 356 1521 359
378 1466 560 1517 pacem
587 1465 708 1503 cum
739 1448 843 1502 illis
864 1458 1051 1516 pactus
1076 1460 1287 1501 summa
1305 1460 1643 1499 nummorum
1672 1462 1759 1498 se-

192 1544 439 1609 ptuagies
474 1541 689 1605 millies,
722 1541 813 1608 qui
862 1542 1099 1608 primum
1146 1546 1302 1590 erant
1350 1538 1577 1604 vectigal
1610 1536 1757 1604 quod

194 1636 241 1684 in
280 1635 451 1684 liraco
487 1634 723 1683 solutum
756 1638 860 1690 est,
893 1644 957 1680 ac
994 1628 1149 1696 primi
1196 1630 1402 1680 numiui
1452 1630 1544 1694 qui
1596 1643 1659 1679 ex
1694 1640 1759 1679 ea

192 1723 477 1791 provincia
506 1722 571 1773 ad
600 1719 943 1772 Abubecrum
970 1727 1353 1784 pervenerunt.
1380 1718 1511 1770 Dein
1544 1718 1759 1784 scripsit

192 1815 512 1868 Abubecrus
543 1810 857 1871 Yatuauum,
908 1812 970 1863 Al
998 1810 1173 1880 Tayif,
1226 1810 1482 1871 Met-cam,
1516 1811 1757 1875 aliasque

1857 644 2085 689 venas.
2111 630 2190 682 vel
2219 630 2532 700 sanguines,
2560 627 2644 682 vel
2667 643 2822 698 opes,
2849 633 2929 686 vel
2958 632 3161 686 liberos
3192 645 3421 700 spectet.

1856 718 2217 791 [titulumque]
2290 719 2423 775 illttd
2470 734 2498 773 ιι
2569 718 2722 774 vobis
2777 723 3141 790 repellamus,
3190 724 3430 792 quandiu

1856 810 2214 863 confiederati
2259 812 2418 866 nobis
2470 810 2717 873 fueritis.
2770 810 2934 881 idque
2983 824 3140 882 pasto
3188 833 3215 867 a
3278 816 3430 868 nobis

1859 904 2236 954 coulirmatuin
2280 901 2601 957 habueritis.
2640 902 2797 969 Quod
2854 903 2900 957 si
2961 905 3284 968 abnueritis,
3324 923 3431 959 IltHl

1856 1003 1940 1046 est
1988 993 2131 1045 inter
2190 1006 2290 1046 nos
2349 991 2725 1064 261-263
2792 990 2845 1049 et
2896 1008 2995 1048 vos
3106 1004 3231 1051 Ner.
3268 1014 3433 1061 quam

1859 1082 2035 1149 gladio
2069 1096 2153 1133 res
2185 1081 2565 1148 diiudicanda.
2594 1082 2769 1135 donec
2812 1084 2894 1136 vel
2948 1098 3141 1135 omnes
3166 1084 3230 1135 ad
3262 1101 3429 1136 unum

1859 1176 2178 1235 moriamur,
2209 1182 2303 1225 aut
2325 1173 2471 1241 quod
2502 1173 2753 1226 volumus
2777 1187 2805 1226 a
2834 1176 2983 1229 vobis
3007 1190 3431 1244 consequamur.

1857 1264 2128 1317 Patricius
2172 1279 2305 1333 ergo
2341 1266 2427 1317 tibi
2463 1262 2651 1318 Outari
2704 1263 2877 1317 Ebnol
2933 1267 3024 1319 Asi
3059 1270 3221 1319 verba
3275 1268 3433 1319 anili-

1859 1355 2053 1415 visset,
2083 1362 2137 1407 et
2167 1355 2489 1423 quantillam
2524 1354 2695 1422 ipsius
2723 1356 2985 1409 rationem
3016 1357 3261 1418 haberet,
3294 1357 3433 1410 dixit

1859 1443 2152 1496 comitibus
2181 1444 2299 1498 suis
2328 1462 2343 1499 :
2373 1444 2635 1513 Suspicor
2679 1445 2825 1498 hunc
2859 1445 3043 1514 populi
3083 1447 3232 1499 illius
3262 1448 3434 1516 impe-

1862 1545 2100 1588 ratorem
2136 1552 2288 1599 esse,
2326 1538 2575 1604 ipsisque
2624 1536 2680 1588 in
2727 1538 3002 1591 mandatis
3037 1537 3208 1600 dedit,
3256 1546 3314 1590 ut
3346 1538 3434 1590 tibi

1860 1627 1927 1678 ad
1964 1633 2176 1694 portant
2220 1628 2375 1677 urbis
2405 1627 2656 1678 exiturus
2702 1629 3037 1694 perveniret,
3079 1629 3280 1682 collum
3333 1629 3435 1698 ipsi

1861 1717 2237 1785 prxcizlerent.
2273 1714 2395 1769 Fuit
2418 1726 2599 1770 autem
2627 1732 2749 1769 cum
2783 1716 2985 1771 Omaro
3016 1735 3166 1787 puer,
3215 1721 3435 1773 nomine

1865 1806 2125 1869 Wardan,
2157 1809 2248 1876 qtti
2277 1809 2515 1876 linguam
2547 1808 2866 1862 ltomaicaut
2899 1812 3152 1872 callebat,
3181 1826 3303 1865 cum
3343 1828 3435 1866 na-

192 1911 430 1961 Aratiutn
463 1904 659 1968 tribus,
692 1918 848 1972 opem
890 1904 957 1956 ab
987 1903 1119 1969 ipsis
1154 1911 1344 1968 petens
1379 1902 1444 1953 ad
1482 1900 1757 1954 Romanos
1790 1888 1829 1941 Β
1861 1901 2007 1952 tione
2038 1898 2259 1954 Graecus
2300 1909 2467 1953 esset.
2511 1901 2752 1954 Narrans
2801 1917 2933 1971 ergo
2967 1901 3170 1955 Ouiaro
3211 1902 3437 1956 Warm-

191 1996 605 2067 oppugnandos.
623 1995 869 2064 Cumque
895 1996 960 2045 ait
988 1995 1163 2062 ipsum
1186 1995 1581 2062 pervenissent,
1602 1992 1760 2047 Orna-

192 2106 310 2143 rum
364 2090 541 2143 Elmol
584 2090 699 2151 Asi,
748 2087 1115 2152 Sltarjabilutn
1168 2086 1285 2139 Ebn
1326 2085 1546 2140 llasnab
1579 2087 1760 2140 Abno-

191 2182 411 2235 baidum
445 2180 622 2234 Ebnol
658 2178 855 2242 larabi,
887 2176 1148 2231 Yazidum
1202 2178 1317 2231 Ebu
1370 2177 1472 2230 Abi
1517 2176 1718 2246 Sofyan
1744 2217 1760 2241 ,

190 2275 363 2343 copiis
428 2272 730 2326 instructos
804 2272 998 2332 misit,
1057 2272 1389 2338 imperatore
1455 2274 1760 2324 constituto

191 2368 391 2417 Uitiaro
438 2364 607 2417 Ebuol
656 2363 774 2427 Asi,
811 2360 1084 2431 jussitque
1121 2362 1173 2413 in
1227 2360 1435 2430 Syriam
1474 2376 1568 2429 per
1620 2362 1758 2414 viam

190 2456 297 2509 tlah
330 2455 578 2517 tendere,
612 2455 666 2507 in
693 2454 962 2507 mandatis
997 2455 1134 2505 dans
1181 2469 1246 2505 ne
1276 2454 1355 2505 vel
1390 2468 1575 2506 senem
1604 2462 1761 2507 aetate

190 2556 527 2614 provectum,
584 2549 664 2599 vel
718 2545 975 2597 infantem
1010 2544 1406 2606 minurcnuezn,
1438 2547 1520 2598 vel
1570 2546 1760 2597 mulie-

190 2653 302 2691 rem
348 2638 661 2706 quampiam
707 2636 1046 2697 occiderent,
1102 2636 1183 2687 vel
1232 2635 1483 2687 arborem
1534 2635 1760 2703 frugifeo

190 2745 305 2783 ram
341 2731 716 2798 praeciderent,
758 2728 839 2781 vel
888 2729 1063 2780 locum
1098 2729 1301 2779 cultum
1338 2737 1636 2790 vastarent,
1679 2728 1760 2780 vel

190 2820 424 2887 palmam
456 2820 851 2873 succcnderent
895 2832 989 2869 aut
1036 2819 1408 2881 succiderent,
1457 2823 1535 2873 vcl
1582 2836 1759 2881 orem,

190 2912 407 2973 bovem,
453 2918 547 2961 aut
593 2910 802 2962 lizedum
845 2908 1179 2977 jugulareut.
1238 2908 1312 2960 Illi
1354 2926 1483 2977 ergo
1533 2911 1757 2979 proiecti

187 3011 313 3056 sunt
352 3000 525 3053 donec
560 3008 738 3052 castra
770 3009 1035 3066 ponerent
1082 2999 1133 3050 iu
1178 3014 1314 3067 pago
1344 2997 1539 3052 Taduu
1574 3002 1748 3062 dicto,

188 3107 311 3159 quae
348 3106 379 3143 e
420 3092 570 3159 pagis
601 3089 762 3142 Gaza:
786 3099 891 3154 est,
928 3104 1031 3157 qua
1066 3087 1325 3156 llejazuiu
1372 3092 1628 3159 respicit;
1670 3093 1758 3146 ubi

1865 2007 1966 2044 nus
2011 1990 2139 2059 qttid
2172 1994 2456 2054 audierat;
2498 1992 2651 2053 Dolo,
2689 1993 2886 2061 inquit,
2946 2003 3097 2047 utere
3142 2011 3252 2064 quo
3278 2009 3438 2063 egre-

1861 2083 2050 2137 diaris.
2089 2082 2313 2137 Dicente
2362 2084 2528 2152 igitur
2568 2084 2798 2152 patricio
2831 2083 3032 2138 Omaro
3067 2086 3238 2141 Ebnol
3290 2088 3384 2140 Asi
3419 2102 3434 2138 :

1861 2175 2030 2229 Estne
2075 2176 2217 2228 inter
2258 2179 2436 2229 socios
2476 2184 2596 2229 tuos
2640 2176 2732 2245 qui
2786 2178 2881 2230 tibi
2944 2192 3039 2244 par
3087 2180 3159 2231 sit
3201 2179 3438 2247 aliquis?

1862 2266 2160 2335 Respondit
2181 2267 2346 2322 Omar
2379 2286 2393 2322 :
2429 2268 2559 2322 Sum
2586 2285 2686 2339 ego
2728 2285 2757 2323 e
2780 2269 3074 2324 comitibus
3098 2269 3232 2324 meis
3257 2270 3438 2340 lingua

1863 2358 2098 2410 tiiasiine
2131 2361 2304 2420 rudis,
2333 2367 2386 2412 et
2421 2360 2651 2412 consilio
2704 2360 2928 2415 minime
2981 2361 3213 2429 pollens,
3263 2363 3441 2431 siqni-

1860 2447 1981 2502 dem
2028 2450 2141 2516 ipse
2190 2464 2296 2502 non
2342 2450 2480 2503 alius
2518 2465 2638 2504 sunt
2693 2467 2857 2520 quain
2914 2454 3145 2522 legatus,
3181 2453 3273 2521 qui
3304 2454 3442 2522 quid

1862 2538 1940 2589 ilii
1994 2537 2122 2589 milii
2160 2539 2415 2593 dixerunt
2464 2541 2531 2593 ad
2586 2549 2638 2594 te
2678 2543 2994 2608 pertulerim
3030 2558 3045 2596 :
3079 2555 3208 2597 sunt
3255 2555 3437 2598 autem

1862 2626 2045 2678 decem
2080 2628 2177 2679 viri
2207 2643 2292 2682 me
2318 2631 2743 2697 priestantiores,
2773 2632 2864 2700 qui
2888 2634 3186 2687 exercitum
3217 2645 3435 2704 regunt,

1862 2732 1926 2771 ac
1958 2720 2247 2773 voluerunt
2272 2720 2490 2787 quidem
2534 2722 2646 2789 ipsa
2684 2738 2789 2775 una
2839 2738 3048 2775 meeum
3082 2724 3148 2776 ad
3195 2733 3246 2779 te
3276 2741 3437 2779 arce-

1860 2808 2010 2870 tlere,
2041 2809 2141 2862 nisi
2169 2810 2311 2876 quod
2356 2825 2439 2861 me
2490 2812 2761 2877 miserint,
2800 2814 3015 2880 utquid
3057 2814 3307 2869 dicturus
3358 2817 3437 2871 sis

1860 2897 2075 2949 audiam
2110 2915 2124 2951 :
2157 2897 2300 2965 quod
2334 2899 2377 2949 si
2412 2901 2506 2950 tibi
2556 2903 2730 2954 visunt
2779 2899 2940 2954 fuetit
2995 2911 3052 2954 ut
3087 2904 3235 2972 ipsos
3258 2906 3435 2959 addu-

1861 3003 2001 3049 cam,
2041 3005 2149 3056 quo
2178 3005 2368 3043 eorunt
2394 2990 2558 3044 verba
2589 2993 2805 3055 audias,
2845 2996 3099 3063 sciasque
3131 3012 3216 3050 tne
3249 3014 3436 3052 verum

1864 3069 1955 3132 tibi
1998 3077 2224 3145 dixisse,
2276 3082 2378 3135 hoc
2429 3083 2628 3137 iecero.
2688 3085 2785 3138 Cui
2851 3088 3111 3153 patricius
3156 3103 3173 3141 :
3224 3088 3437 3153 Facias,

189 3183 254 3236 ad
285 3183 437 3249 ipsos
462 3183 700 3233 delatum
745 3192 828 3233 est
878 3182 1123 3231 nuntium
1175 3180 1417 3231 lleraclii
1474 3186 1752 3237 exercitus
1787 3218 1827 3272 ε

1787 3218 1827 3272 c
1864 3172 2061 3241 inquit.
2105 3171 2300 3226 Seemn
2334 3175 2477 3227 enim
2530 3183 2718 3229 mente
2758 3178 3017 3245 cogitavit
3063 3179 3307 3249 dixitque
3345 3198 3438 3250 pa-

188 3274 244 3325 in
276 3274 410 3323 urbe
444 3270 625 3324 Gazah
662 3280 1023 3337 congregatos
1066 3270 1253 3322 fuisse.
1297 3269 1578 3324 Heraclius
1612 3278 1754 3325 enim

188 3366 240 3416 iil
305 3363 571 3429 temporis
620 3359 868 3412 Damasci
922 3360 1047 3411 fuit.
1115 3362 1349 3428 δυι·ιρ›ιι
1407 3380 1537 3429 ergo
1593 3364 1759 3418 Omar

191 3452 477 3506 LbnoIAsi
524 3451 590 3505 ad
628 3452 741 3503 Abit
782 3450 1011 3502 Derrutn
1049 3466 1206 3520 opem
1246 3458 1312 3503 ab
1350 3456 1468 3520 ipso
1503 3456 1754 3522 petituut,

189 3548 475 3614 ipsumque
516 3543 799 3595 certiorem
833 3543 982 3603 fecit,
1014 3542 1066 3594 iit
1100 3558 1267 3594 unum
1292 3547 1619 3599 csinvenisse
1653 3545 1757 3599 lle-

190 3636 342 3686 iaclii
400 3647 610 3701 copias.
642 3634 758 3683 Abu
788 3629 989 3684 Decrus
1022 3633 1186 3700 igitur
1217 3633 1281 3686 ad
1311 3632 1606 3689 Cbaledum
1641 3637 1756 3691 Ebu

190 3724 371 3776 Walid
424 3724 673 3793 scripsit,
706 3734 764 3775 ut
802 3724 915 3791 ipse
952 3738 1076 3773 cum
1110 3725 1283 3792 copiis
1334 3727 1450 3780 suis
1495 3729 1563 3781 ad
1595 3730 1761 3783 Oma-

189 3834 310 3871 rum
353 3814 527 3871 Ebnol
571 3814 664 3869 Asi
711 3814 1174 3884 prolieisceretur,
1210 3832 1320 3887 quo
1367 3818 1611 3876 subsidio
1657 3822 1757 3892 ipsi

188 3921 350 3965 esset.
403 3907 689 3963 Profectus
718 3908 880 3980 260
921 3925 1053 3981 ergo
1098 3911 1300 3966 tiltaled
1351 3912 1466 3967 Elin
1514 3912 1689 3968 Walid
1728 3932 1755 3968 a

188 4005 375 4057 lazrab
421 4017 514 4069 per
571 4002 712 4055 viam
757 4004 956 4056 deserti
1004 4003 1070 4056 ad
1124 4001 1381 4058 Omaruut
1424 4005 1615 4072 ,Εὺιιυι
1663 4009 1754 4062 Asi

188 4094 458 4162 pervenit.
510 4094 694 4164 Cepi'e
729 4102 907 4148 autem
948 4094 1178 4150 lleraclii
1229 4115 1288 4150 se
1318 4097 1475 4153 Gate
1510 4103 1759 4155 munive-

188 4196 332 4237 rant.
374 4184 507 4237 Cum
546 4200 677 4251 ergo
726 4183 927 4237 Gazam
973 4188 1338 4240 accessissent
1385 4190 1530 4242 misit
1584 4189 1756 4243 Patri-

187 4279 327 4340 cius,
363 4281 628 4329 exercitui
683 4277 915 4329 llerat-lii
956 4279 1268 4347 praefectus,
1307 4281 1374 4332 ad
1407 4281 1757 4336 Muslemino-

187 4383 305 4419 runt
344 4366 668 4425 exercitum,
705 4380 904 4433 rogans
936 4375 994 4416 ut
1037 4370 1100 4417 ad
1142 4369 1316 4433 ipsum
1359 4369 1550 4421 ducem
1588 4389 1616 4423 e
1644 4374 1757 4423 suis

186 4458 497 4524 quempiam
566 4458 848 4508 mitterent
908 4438 1046 4524 quo.
1091 4459 1429 4511 internuntio
1485 4472 1752 4515 uteretur.

1871 3263 2061 3313 tricies
2099 3279 2112 3314 :
2147 3261 2332 3316 Satius
2361 3274 2443 3316 cst
2476 3266 2607 3315 milii
2652 3273 2708 3316 ut
2738 3265 2922 3332 plures
2956 3284 3119 3334 quam
3166 3279 3225 3321 ut
3272 3288 3437 3326 unum

1868 3352 2208 3405 iuterliciam.
2252 3351 2394 3406 Misit
2424 3369 2552 3421 ergo
2574 3355 2637 3407 ad
2673 3355 2799 3409 illos
2828 3372 2966 3425 quos
3005 3359 3243 3426 jusserat
3270 3365 3441 3416 inter-

1869 3445 2029 3499 ﬁcere
2057 3442 2221 3514 264
2253 3443 2537 3508 Otnaruut,
2574 3460 2640 3499 ne
2666 3446 2844 3515 ipsum
2885 3459 3059 3503 morte
3084 3450 3263 3505 ullove
3297 3458 3442 3506 malo

1866 3539 2162 3603 adicerent,
2200 3555 2426 3608 sperans
2452 3554 2769 3596 aCCcssuros
2800 3546 2987 3597 decem
3010 3547 3182 3614 ipsius
3204 3550 3439 3601 comites

1867 3646 1977 3700 quo
2037 3632 2184 3699 ipsos
2235 3647 2267 3685 e
2335 3632 2514 3686 medio
2564 3634 2803 3688 tolleret.
2865 3634 3030 3690 Oniar
3083 3654 3216 3707 ergo
3288 3651 3446 3709 porta

1867 3740 2117 3794 egressus
2157 3725 2321 3777 sociis
2346 3726 2467 3777 suis
2499 3726 2774 3794 quomodo
2812 3741 2873 3780 se
2905 3743 2991 3781 res
3018 3728 3239 3784 haberet
3315 3748 3444 3784 nar-

1868 3813 2176 3886 rauszhlgo
2223 3815 2446 3887 (inquit)
2494 3831 2771 3885 nunquam
2833 3816 2898 3870 ad
2952 3818 3111 3872 talem
3176 3831 3448 3876 revertar.

1870 3906 2029 3970 Tum,
2063 3905 2205 3961 Deus
2232 3908 2500 3961 tnaximus
2532 3918 2636 3969 est,
2694 3909 3036 3975 exclamant,
3069 3925 3132 3963 ac
3173 3916 3444 3981 prodeun-

1868 4000 2011 4053 tibus
2041 4001 2297 4055 llotuanis
2327 4000 2567 4069 pratlium
2606 4000 2745 4055 inter
2779 4000 2923 4069 ipsos
2956 4007 3310 4061 commissum
3334 4016 3448 4071 est,

1868 4090 1920 4143 in
1952 4106 2057 4159 quo
2089 4091 2260 4144 versis
2312 4095 2367 4144 in
2421 4092 2603 4160 fugam
2658 4089 2919 4147 Romanis
2970 4110 3221 4164 magnam
3248 4112 3444 4153 coruus

1868 4195 2102 4247 stragem
2154 4181 2344 4242 edidit,
2392 4196 2627 4247 quorum
2687 4184 2915 4251 vestigia
2963 4184 3194 4238 insecuti
3248 4189 3443 4242 Moslc-

1869 4272 1998 4325 mini
2054 4274 2198 4340 ipsos
2246 4272 2530 4326 l’alatstina
2583 4283 2636 4325 et
2668 4273 2925 4329 Ordonno
2981 4276 3353 4348 Hierosolyma
3388 4293 3443 4335 et

1866 4366 2170 4417 Uzesaream
2202 4364 2492 4430 fugarunt;
2528 4366 2578 4419 in
2612 4369 2811 4435 quibus
2847 4384 2970 4421 cum
3002 4385 3059 4421 se
3085 4375 3443 4427 tnunivisscut

1867 4458 2115 4509 homines
2152 4457 2275 4509 illus
2330 4456 2690 4525 reliquerunt,
2723 4460 2775 4511 iu
2809 4470 2991 4527 partes
3038 4461 3279 4516 Batlinia:
3324 4476 3441 4529 ten-

188 4547 334 4599 υιιιι
387 4549 548 4615 igitur
602 4547 788 4599 Clialid
835 4544 1035 4599 Oiuaro
1091 4546 1260 4601 Ebnul
1315 4551 1406 4602 Asi
1445 4567 1458 4602 :
1489 4550 1667 4605 Adeas
1698 4564 1750 4605 tu
1788 4567 1831 4619 ι)
1864 4546 2075 4610 dentes,
2106 4561 2279 4615 eaque
2317 4547 2382 4601 de
2418 4562 2476 4601 re
2512 4548 2721 4603 litteras
2753 4550 2819 4602 ad
2868 4550 2985 4603 Abu
3016 4549 3245 4606 Becrum
3301 4556 3445 4609 scri-

187 4641 388 4706 ipsutn.
423 4637 709 4690 Profectus
755 4638 918 4704 igitur
966 4636 1201 4691 Outarus
1231 4652 1415 4708 aperta
1474 4645 1575 4710 ipsi
1603 4642 1757 4696 Galae

187 4738 341 4796 porta
376 4733 665 4795 ingressus
689 4734 794 4788 est,
823 4718 983 4795 quem
1018 4727 1316 4791 Patricius,
1349 4733 1439 4783 ubi
1473 4735 1538 4784 ad
1577 4736 1751 4801 ipsiitn

188 4819 550 4889 pchCIIiSSL‘t,
600 4818 883 4879 salutavit,
933 4818 1056 4869 dein
1110 4819 1248 4870 dixit
1296 4820 1397 4887 ipsi

186 4909 330 4973 quod
383 4922 478 4960 vos
508 4907 560 4958 iit
611 4911 887 4973 regionem
935 4920 1178 4960 nostrain
1231 4910 1489 4974 adduxit,
1537 4924 1591 4966 et
1629 4916 1759 4981 quid

189 4999 410 5051 tandem
442 4995 644 5049 vultis?
676 4995 975 5063 Restionilit
1017 4997 1185 5052 Omar
1218 4999 1387 5053 Elmol
1419 5004 1509 5056 Asi
1544 5020 1557 5057 :
1586 5002 1762 5058 Jussit

190 5104 289 5142 nos
334 5089 600 5140 Dominus
634 5097 822 5142 noster
851 5103 949 5141 vos
980 5104 1318 5157 oppugnare,
1368 5093 1471 5146 nisi
1519 5097 1598 5147 vel
1634 5098 1762 5148 reli-

190 5182 404 5248 gionem
448 5189 690 5231 nostrain
728 5180 1138 5247 amplcctamini
1172 5198 1284 5250 quo
1319 5184 1469 5237 vobis
1519 5188 1589 5238 sit
1614 5188 1760 5254 quod

191 5271 369 5328 nobis.
402 5278 456 5322 et
486 5278 677 5321 contra
705 5284 800 5321 vos
836 5271 981 5336 quod
1010 5278 1203 5322 contra
1240 5288 1359 5333 nos,
1388 5274 1617 5340 sitisque
1654 5276 1762 5328 ira-

191 5377 301 5416 tres
341 5364 537 5426 nostri,
568 5370 624 5413 ut
652 5376 749 5414 nec
786 5361 953 5414 liceat
985 5364 1144 5416 nobis
1176 5364 1333 5419 vobis
1378 5368 1635 5419 damntttn
1676 5370 1759 5421 iii-

191 5454 352 5517 ferre,
388 5462 483 5506 aut
518 5454 832 5507 contrarios
880 5468 1001 5506 esse
1028 5492 1042 5516 ,
1074 5456 1156 5507 vel
1194 5456 1237 5507 si
1276 5458 1379 5509 lioc
1414 5459 1619 5520 nolitis,
1659 5461 1759 5510 tri-

192 5547 407 5598 liuturn‘!
434 5548 500 5599 de
530 5560 637 5614 quo
679 5546 819 5598 inter
849 5559 950 5598 nos
979 5553 1032 5596 et
1080 5562 1175 5600 vos
1206 5550 1549 5613 convenerit,
1604 5553 1760 5603 nobis

190 5637 486 5707 quotannis
520 5640 571 5690 in
620 5646 939 5706 perpetuum
968 5639 1207 5706 quandiu
1260 5642 1586 5707 superstites
1624 5647 1760 5697 titti-

190 5745 293 5797 que
344 5729 637 5793 fuerimus,
685 5729 974 5798 peudatis;
1007 5744 1113 5799 quo
1155 5748 1536 5800 oppugnemus
1592 5737 1757 5789 vestri

190 5834 354 5874 causa
403 5836 595 5877 omnes
642 5820 735 5892 qui
770 5831 869 5874 vos
890 5820 1144 5889 aggressi
1190 5822 1415 5889 fuerint,
1460 5834 1556 5879 aut
1605 5826 1760 5881 vobis

1437 4838 1451 4873 :
1493 4824 1633 4886 Quid
1680 4838 1760 4877 est
1798 4890 1805 4894 _

1862 4649 2125 4705 pserunt:
2169 4648 2219 4690 at
2252 4653 2373 4690 cum
2413 4638 2478 4691 ad
2516 4640 2687 4707 ipsum
2726 4642 3003 4695 adveniret
3044 4648 3288 4711 nuntius,
3316 4648 3434 4715 ipse

1860 4730 1968 4779 vita
2001 4738 2332 4793 excesserat,
2369 4728 2572 4781 Ouiaro
2625 4731 2781 4783 Ebnil
2825 4734 3054 4786 Cltetabi
3111 4750 3440 4790 successore

1860 4821 2182 4883 c0ustituto,
2234 4819 2580 4874 Abuliecrus
2620 4823 2892 4889 siquidem
2947 4837 3216 4893 trgrotans
3270 4838 3440 4881 testa-

1862 4920 2040 4963 mento
2070 4908 2329 4963 Omarum
2360 4911 2517 4964 Ebnil
2546 4912 2770 4966 (Iltetabi
2804 4917 3127 4983 designavit.
3158 4918 3435 4987 Scriptum

1861 5012 2038 5054 autem
2064 5010 2181 5053 erat.
2206 5013 2588 5056 testamentum
2622 5021 2782 5057 manu
2811 5008 3061 5061 Otlnnani
3092 5009 3206 5063 Ebn
3230 5011 3436 5065 All'aui.

1862 5089 2134 5145 ObiitAbu
2160 5092 2290 5147 Becr
2320 5093 2405 5147 die
2433 5098 2735 5162 penultinto
2766 5099 2967 5150 mensis
2995 5099 3227 5155 loutadzc
3255 5114 3438 5165 voste-

1866 5184 2051 5245 rioris,
2080 5185 2210 5237 anni
2259 5184 2431 5238 lleira:
2461 5186 2657 5239 decimi
2715 5190 2859 5240 tertii
2898 5192 3121 5244 :oravit
3173 5209 3272 5260 pro
3320 5196 3441 5259 ipso

1865 5275 2030 5328 Oinar
2063 5275 2233 5328 Ebuol
2269 5278 2530 5343 Clietabi;
2584 5282 2831 5347 sepultus
2875 5291 2957 5333 est
2990 5282 3042 5333 in
3072 5285 3263 5337 iisdem
3307 5290 3436 5337 aeui-

1863 5369 1965 5421 bus
2003 5370 2202 5437 quibus
2240 5368 2602 5424 Molaantnted.
2638 5370 2769 5423 Fuit
2818 5374 3107 5427 eltalifatus
3132 5377 3310 5442 ipsius
3346 5396 3438 5428 an-

1864 5477 2057 5513 noruui
2106 5462 2363 5523 duorum,
2412 5464 2681 5515 mensium
2736 5466 2923 5527 trium,
2968 5465 3183 5519 dierum
3247 5472 3437 5537 viginti

1864 5554 2115 5606 duorum.
2178 5555 2250 5605 lto
2286 5568 2397 5622 quo
2451 5564 2697 5608 mortuus
2740 5565 2826 5610 est
2880 5557 2969 5609 die
3016 5572 3285 5611 annorum
3340 5560 3440 5611 fuit

1865 5646 2149 5711 sexaginta
2190 5644 2373 5695 trium.
2414 5643 2536 5695 Fuit.
2587 5656 2769 5697 autem
2810 5647 2928 5699 Abu
2988 5646 3191 5700 Becrus
3240 5664 3439 5716 procr-

1864 5751 1980 5800 rus,
2014 5736 2296 5799 candidus,
2333 5740 2569 5792 candore
2616 5748 2797 5792 tamen
2835 5742 2902 5792 ad
2952 5738 3271 5793 llavedinem
3310 5757 3434 5793 Ver-

1864 5837 2044 5897 gente,
2091 5829 2439 5897 macilentus,
2473 5830 2811 5901 nivstacibus
2858 5831 3021 5892 raris.
3057 5830 3198 5887 facie
3250 5846 3439 5886 macra
