4210 6428
793 416 929 474 1095

1809 429 1955 487 I-ZUT
1968 428 2168 485 YCil‘ll
2218 429 2628 491 ALEXAND}!
2643 434 2749 491 l.\'l
2796 437 3011 496 PATR.

3880 446 4011 505 les-ti

784 528 1137 600 265-267
1184 535 1358 587 oculis
1432 538 1871 601 subsidentilnts,
1923 543 2143 593 barbant
2192 559 2345 597 suam
2378 555 2419 608 Α
2453 550 2692 602 narravit
2736 550 2867 618 ipsis
2896 553 3027 620 quid
3074 554 3173 607 sibi
3210 558 3525 626 contigisset
3565 559 3790 628 ejusque
3838 566 4010 615 histo-

786 621 948 671 liiuna
978 630 1029 672 ct
1075 635 1285 675 cetamo
1332 628 1539 695 tingere
1587 632 1802 691 solitus,
1844 648 1968 684 raro
2014 643 2345 701 tcgtncntunt

780 705 881 757 sibi
953 710 1234 763 astrictum
1286 717 1549 769 retinens.
1595 720 1953 774 Consiliarius
2004 724 2176 788 ipsius
2224 734 2343 777 erat

781 793 894 845 Abu
938 794 1156 852 Kahala:
1202 802 1456 856 Ais-nidus
1497 804 1749 870 ianitoris
1804 826 2028 863 uulnere
2077 813 2176 880 ipsi
2223 815 2344 866 lun—

780 892 1003 951 gebatur
1027 905 1221 945 servus
1261 896 1429 957 ipsius
1460 893 1650 949 Sadid.

1065 982 1362 1047 Utalifatus
1412 984 1598 1038 Outari
1631 987 1785 1041 Ebnt'l
1818 990 2061 1046 Chetabi.

854 1067 1189 1122 Chalil'atum
1267 1075 1499 1128 obtitutit
1575 1079 1737 1132 Omar
1804 1082 2018 1149 (lilmo—l
2090 1085 2339 1149 Cbetabi,

779 1159 889 1213 l-Ibn
923 1162 1121 1225 Nolail,
1154 1163 1270 1217 Ebn
1303 1167 1457 1219 Abdil
1495 1172 1633 1232 azis,
1676 1171 1787 1223 Ehu
1840 1172 2029 1243 Riyab,
2056 1174 2167 1227 Elin
2203 1178 2337 1239 Atla,

780 1253 888 1302 l.hn
930 1252 1095 1317 Caab,
1130 1260 1214 1307 cui
1271 1268 1442 1310 mater
1473 1260 1571 1313 fuit
1616 1261 1861 1315 Cathima
1928 1266 2029 1316 lilia
2081 1264 2335 1318 llaszhami

776 1342 949 1395 iibni—l
983 1344 1306 1417 Mogayarae,
1340 1349 1452 1402 Ebn
1489 1352 1779 1416 Abtlillabi,
1835 1355 1947 1407 Ebn
1978 1355 2181 1412 Omari.
2221 1360 2334 1412 Elin

777 1434 1077 1503 Mat-haunt)
1106 1438 1192 1489 die
1224 1439 1409 1493 Martis
1456 1444 1645 1495 eodem
1694 1460 1803 1512 quo
1832 1457 2080 1501 mortuus
2111 1461 2192 1502 est
2217 1452 2333 1503 Abu

778 1525 927 1589 Becr,
998 1529 1157 1596 idque
1210 1545 1353 1584 anno
1409 1533 1618 1603 ituperii
1684 1537 1911 1590 ilcraclii
1993 1542 2335 1609 imperatoris

777 1618 1151 1673 Romanorum
1187 1624 1403 1675 decimo
1456 1628 1636 1688 tertio,
1683 1629 1836 1681 initio
1893 1632 2180 1685 ehalil'atus
2216 1638 2333 1699 ejus

774 1711 1098 1763 mustitutus
1126 1720 1209 1763 est
1245 1711 1512 1780 Georgius
1567 1716 1874 1781 patriarcha
1897 1717 2326 1775 Alexandrinus;

774 1794 858 1862 qui
897 1806 1128 1862 quatuor
1149 1814 1319 1850 annos
1356 1801 1517 1859 sedit,
1576 1802 1698 1854 dein
1755 1804 1937 1855 audito
1985 1804 2329 1859 Moslemiuos

774 1886 1001 1939 tleriCtis
1045 1886 1303 1940 llotnanis
1362 1889 1698 1943 l’alaaSIinam
1748 1911 2046 1961 occupasse
2083 1898 2331 1950 eosdem-
2364 1880 2402 1931 Β

776 1992 879 2042 que
907 1976 946 2027 Λ
975 1990 1196 2046 gyptum
1224 1980 1465 2041 tendere,
1520 1984 1654 2035 mari
1714 2000 1772 2036 se
1813 1986 2162 2040 committens
2214 1989 2338 2041 Ale-

776 2069 995 2120 xandria
1032 2069 1369 2125 i'ala-stinant
1432 2072 1925 2144 lugit,mansitquc
1982 2089 2103 2144 post
2161 2081 2335 2147 ipsum

775 2160 1032 2214 cathedra
1068 2160 1431 2216 Alexandrina
1494 2168 1700 2231 absque
1741 2170 2047 2234 patriarcha
2087 2169 2335 2224 Melchita

779 2266 942 2305 mnos
972 2254 1265 2321 nonaginta
1306 2266 1535 2323 septem.
1571 2255 1699 2310 Post
1754 2258 1928 2325 ipsius
1982 2274 2111 2312 vero
2155 2260 2332 2328 fugam

770 2344 1105 2397 constitutus
1155 2353 1240 2399 est
1302 2346 1477 2415 Cyrus
1551 2349 1855 2417 patriarcha
1901 2351 2323 2413 Alexandrinus,

768 2437 1149 2503 quiMaroiiita
1198 2439 1322 2503 fuit,
1355 2441 1597 2507 ejusdem
1640 2457 1764 2495 cum
1822 2440 2069 2496 Heraclio
2124 2446 2335 2513 religio-

772 2529 879 2583 nis.
911 2527 1037 2582 Fuit
1091 2542 1270 2584 autem
1333 2532 1675 2585 Alexandria:
1745 2536 2047 2588 monachus
2106 2539 2329 2604 quidam

770 2622 985 2673 nomine
1010 2620 1348 2688 SOphronius
1414 2624 1501 2691 qui
1546 2624 1670 2693 Cyri
1745 2626 2066 2693 patriarcha:
2127 2628 2334 2681 doctri-

768 2728 886 2764 nam
917 2714 1263 2781 improbavit.
1296 2715 1548 2769 Assetuit
1588 2718 1759 2785 Cyrus
1797 2734 1917 2771 css‘e
1965 2718 2190 2771 Domino
2239 2736 2335 2771 no-

769 2814 883 2857 stro
921 2806 1143 2858 Christo
1171 2816 1394 2859 naturas
1422 2809 1579 2869 duas,
1629 2810 1961 2862 voluntatem
1989 2826 2173 2875 unam,
2210 2828 2337 2879 epe-

768 2896 1030 2948 rationcm
1061 2910 1246 2958 unam,
1290 2908 1574 2961 personam
1606 2916 1795 2963 unam,
1842 2917 1961 2969 qua:
2011 2912 2091 2953 est
2131 2904 2331 2957 Maroni

767 2987 1055 3039 sententia.
1076 2987 1240 3057 268
1255 2989 1529 3044 Aeccdeus
1545 3006 1673 3059 ergo
1698 2991 2038 3059 Saphrouius
2055 2998 2115 3046 a.l
2131 2994 2328 3063 Cyrum

772 3082 1164 3145 patriarchatu,
1219 3097 1339 3134 cum
1408 3087 1530 3151 ipso
1587 3085 1957 3152 disputatione
1995 3088 2203 3147 habita,
2251 3087 2331 3149 Si,

768 3170 965 3237 inquit,
999 3170 1069 3223 ita
1101 3186 1185 3224 res
1220 3171 1442 3224 haberet
1469 3180 1741 3240 quomodo
1778 3184 1832 3226 ttt
1877 3177 2099 3240 asseris,
2161 3188 2332 3229 esset-

784 3273 889 3325 que
921 3260 1145 3313 Christo
1177 3261 1423 3313 voluptas
1455 3277 1504 3313 ιιι
1531 3277 1581 3325 a,
1641 3264 1884 3331 operatio
1918 3280 2043 3329 una,
2081 3280 2328 3319 necessa-

767 3353 846 3403 rio
874 3360 1017 3405 esset
1043 3351 1145 3419 ipsi
1181 3361 1371 3405 natura
1416 3368 1545 3415 una,
1602 3369 1707 3406 non
1764 3356 1881 3408 dua:
1919 3368 2140 3419 naturai,
2178 3360 2321 3426 quod

766 3450 1018 3492 asserunt
1075 3440 1358 3495 Jaeohittc.
1402 3442 1468 3496 At
1535 3458 1633 3495 nos
1700 3446 1746 3497 ci
1801 3447 1933 3498 duas
1997 3447 2324 3507 voluntates,

765 3530 1007 3597 duasque
1039 3533 1405 3599 operationes,
1446 3543 1606 3602 prout
1638 3543 1771 3587 sunt
1798 3535 1894 3603 ipsi
1934 3535 2053 3588 dum
2101 3546 2326 3597 natura},

765 3624 1133 3685 attribuitnus,
1162 3640 1285 3677 cum
1317 3626 1653 3693 itnpos~ibile
1706 3628 1797 3689 sit,
1859 3636 1918 3680 ut
1965 3630 2034 3681 sit
2076 3630 2325 3682 voluntas

765 3728 864 3765 una
898 3714 1036 3768 duas
1066 3716 1283 3769 habenti
1321 3727 1568 3770 naturas.
1610 3718 1663 3769 Si
1702 3718 1912 3771 unicam
1962 3720 2182 3773 haberet
2234 3736 2325 3773 ro-

764 3804 1048 3865 luntatcm,
1086 3813 1231 3857 certe
1256 3814 1308 3857 et
1356 3806 1568 3857 unicam
1624 3809 1845 3859 haberet
1877 3817 2146 3861 naturam.
2188 3809 2322 3863 Cum

766 3905 887 3957 ergo
922 3890 1059 3945 duas
1102 3892 1298 3945 habeat
1324 3903 1570 3957 naturas,
1626 3896 1759 3948 duas
1804 3898 1966 3949 etiam
2022 3899 2181 3951 hahrt
2230 3914 2325 3949 ro-

764 3992 1017 4035 tuntatcs.
1049 3983 1147 4035 Cui
1180 3983 1351 4053 Cyrus
1382 4003 1395 4036 :
1434 3983 1568 4037 Tatii
1619 3985 1939 4041 Theodorus
1968 3987 2067 4059 (al.
2103 3989 2322 4059 llorius]

766 4080 958 4139 inquit,
992 4073 1302 4140 patriarcha
1327 4070 1485 4125 Boni.
1521 4091 1681 4142 quam
1733 4074 1956 4144 Sergius
2012 4078 2315 4132 Constanti-

768 4163 1119 4228 n0politauus
1150 4165 1200 4214 in
1232 4164 1371 4215 hanc
1400 4167 1721 4216 sententiam
1762 4169 2161 4232 conspiratum.
2196 4169 2327 4222 l’ro-

766 4252 936 4309 feetus
968 4270 1097 4323 ergo
1157 4255 1499 4323 Sophronius
1545 4256 2096 4326 Constantinopolim,
2133 4275 2326 4314 occur-

764 4345 901 4398 renti
926 4345 998 4397 ibi
1034 4345 1136 4414 ipsi
1168 4345 1358 4415 Sergio
1412 4347 1735 4413 patriarcha:
1797 4352 2037 4401 narravit
2077 4352 2203 4418 quid
2244 4352 2325 4404 iu-

764 4446 842 4487 ter
872 4448 929 4487 se
949 4447 1012 4487 ac
1046 4435 1245 4502 Cyrum
1297 4435 1660 4501 patriarchatn
1696 4436 2126 4491 Alexandrinum
2159 4441 2327 4492 inter-

766 4525 1044 4577 :essisset.
1092 4524 1251 4588 Quod
1300 4526 1531 4577 miratus
1583 4533 1666 4579 est
1727 4524 1951 4596 Sergius
2018 4532 2323 4598 patriarcha
2357 4544 2399 4598 ι)

765 4613 1395 4683 ευηειιιηιίηοροιὶιαηυι
1450 4630 1465 4667 :
1538 4626 1592 4669 at
1653 4631 1777 4671 cum
1827 4630 1949 4685 post
2003 4622 2221 4675 hiduttm
2256 4626 2321 4678 ad

763 4708 938 4775 ipsum
967 4719 995 4757 a
1026 4705 1169 4776 Cyro
1200 4706 1377 4759 delata
1408 4716 1593 4761 essent
1637 4724 1885 4771 munera,
1934 4721 2138 4766 mutata
2198 4730 2321 4767 sen-

766 4798 928 4851 rentia
949 4812 1071 4862 sua,
1099 4798 1365 4853 adversus
1394 4798 1701 4867 Sophronio
1733 4800 1913 4855 lactus
1935 4803 1989 4855 in
2045 4806 2164 4873 Cyri
2199 4822 2323 4858 Sett-

766 4888 989 4941 tentiatn
1031 4888 1182 4941 abiit.
1244 4888 1565 4942 Theodorus
1625 4891 1788 4943 etiam
1859 4895 2163 4958 patriarcha
2218 4896 2324 4947 lio-

764 4994 953 5032 manus
977 4993 1231 5047 perverse
1259 4982 1523 5043 sentiens,
1556 4981 1691 5049 ipsis
1741 4997 2024 5037 assensum
2073 4989 2321 5054 praebuit,

764 5087 1012 5126 asserens
1070 5081 1322 5124 naturam
1391 5073 1561 5125 solam
1610 5072 1814 5127 Christi
1866 5076 2133 5145 duplicem
2177 5096 2319 5134 esse.

764 5166 911 5229 Quod
966 5163 1282 5229 improbans
1344 5165 1683 5231 Sophronius
1721 5164 1912 5221 :llaud
1974 5171 2068 5231 ita,
2125 5172 2320 5239 inquit,

763 5276 840 5309 res
872 5267 976 5311 est.
1008 5255 1289 5326 Siquidem
1326 5258 1581 5326 quaelibet
1639 5274 1743 5325 res,
1796 5259 1874 5331 [in
1917 5262 2059 5333 ipso]
2123 5266 2321 5332 duplex

764 5360 833 5403 tst
875 5349 975 5402 nisi
995 5350 1135 5417 quod
1160 5348 1225 5402 ad
1262 5364 1544 5417 personant
1578 5352 1826 5417 pertinet.
1857 5353 1982 5406 Dein
2017 5356 2272 5408 dixerunt
2306 5375 2318 5409 :

766 5439 861 5492 Vae.
894 5440 1027 5491 duas
1045 5440 1346 5492 voluntates
1366 5439 1618 5501 dicimus,
1641 5457 1737 5493 nec
1764 5442 2090 5496 voluntatem
2116 5462 2275 5498 unam
2303 5465 2315 5499 :

762 5529 1071 5596 mansitque
1102 5533 1371 5583 sententia
1404 5529 1660 5584 Ecclesia:
1690 5534 1847 5585 annis
1879 5534 2097 5588 circiter
2133 5535 2325 5606 269-

766 5622 915 5693 271
945 5621 1302 5691 quadraginta
1334 5635 1430 5675 sex
1467 5621 1731 5677 indecisa.
1787 5623 1916 5678 Dein
1980 5626 2323 5697 Sophronias

765 5714 1227 5782 CtntstantinOpoli
1245 5713 1611 5786 Hierosolyma
1629 5719 1968 5785 perveniens,
1990 5723 2203 5775 obvram
2222 5726 2321 5793 ipsi

764 5808 915 5863 lactis
947 5806 1232 5861 monachis
1263 5807 1520 5878 urbisque
1545 5806 2061 5884 llierosolymitanae
2098 5816 2319 5884 incolis,

2454 644 2588 692 riam
2654 643 2923 709 exposuit.
2988 643 3233 713 Cumque
3286 662 3391 699 non
3446 649 4009 722 essetllierosolymis

2451 734 2784 797 patriarcha,
2864 737 3076 799 muneri
3153 736 3498 805 patriarebali
3568 739 3859 807 praefecms
3926 752 4009 795 est

2450 820 2789 886 Sophronius
2822 824 2893 877 ob
2922 825 3040 878 ﬁdei
3071 843 3183 880 sua:
3222 829 3592 881 sinceritatem
3627 846 3647 885 :
3677 832 4004 896 scripsitque

2445 912 2511 963 de
2554 915 2657 967 lide
2689 917 2929 970 libellum
2958 933 3117 985 quem
3183 920 3235 972 in
3288 936 3475 973 omnes
3527 923 3773 988 regiones
3832 924 4002 986 misit,

2446 1018 2837 1073 acceptumque
2904 1010 3211 1064 habuerunt
3274 1012 3488 1083 [totius]
3544 1014 3730 1063 tuumli
3790 1016 4002 1074 incohe,

2446 1094 2627 1162 ibique
2681 1112 2823 1149 anno
2867 1100 3159 1156 cbali'l‘atus
3217 1103 3397 1157 Omari
3453 1105 3605 1156 lihnil
3647 1102 3870 1156 Chetabi
3917 1121 4006 1157 se-

2441 1190 2641 1243 cumlo.
2677 1190 2827 1243 Anno
2858 1194 3149 1247 chalifatus
3177 1196 3421 1265 ejusdem
3451 1197 3641 1261 quinto
3666 1196 4000 1249 constitutus

2439 1286 2521 1329 est
2570 1278 2917 1336 Macedonius
2972 1285 3279 1351 patriarcha
3335 1288 3704 1339 Autiochenus
3756 1287 3808 1338 in
3865 1285 4000 1337 urbe

2436 1365 3075 1439 Constantinopolitana,
3108 1377 3198 1443 qui
3233 1375 3493 1429 Maronita
3528 1374 3648 1427 fuit.
3685 1374 4000 1427 Constanti-

2439 1457 2617 1525 nopoli
2658 1474 2750 1512 sex
2800 1477 2973 1515 annos
3016 1465 3293 1524 substitit.
3336 1467 3460 1519 dein
3493 1483 3522 1519 e
3566 1466 3699 1518 vivis
3740 1467 3999 1529 excessit,

2438 1563 2726 1620 antequam
2776 1555 3120 1611 Antiochiam
3164 1565 3243 1611 vel
3294 1561 3573 1627 ingressus
3623 1570 3765 1612 esset
3795 1562 3877 1612 vel
3917 1559 3999 1611 \‘i-

2435 1645 2622 1696 tlisSt-t.

2507 1737 2661 1787 Anno
2698 1737 2985 1789 chalilatus
3018 1739 3200 1792 Otnari
3235 1740 3394 1793 Ebnil
3428 1742 3649 1795 Chctabi
3688 1752 3865 1805 sexto,
3901 1743 4003 1794 im-

2433 1825 2569 1893 perii
2606 1842 2732 1879 vero
2777 1827 3009 1881 Ilcraclii
3056 1829 3268 1882 decimo
3310 1842 3522 1892 octavo,
3558 1835 3886 1885 constitutus
3919 1840 4003 1883 cst

2442 1916 2612 1986 Syrus
2644 1920 2953 1985 patriarcha
2990 1921 3653 1989 Conszantinopolitanus,
3690 1926 3779 1991 qui
3810 1935 3860 1977 et
3894 1923 4004 1974 ila-

2440 2009 2615 2060 ronita
2664 2009 2785 2061 fuit.
2820 2012 3009 2063 Annos
3036 2021 3159 2065 octo
3206 2013 3346 2066 sedit
3375 2014 3477 2082 (vel
3512 2015 3812 2067 secundum
3852 2015 4003 2067 aliud

2438 2100 2734 2167 exemplar,
2769 2099 2951 2167 duos),
2991 2115 3173 2154 rerum
3203 2118 3232 2154 a
3267 2102 3495 2155 llartina
3537 2118 3706 2156 uxore
3744 2103 4005 2165 lleraclii,

2438 2206 2557 2258 qua:
2588 2192 2890 2243 orthodoxa
2929 2190 3051 2249 fuit,
3084 2193 3135 2243 in
3162 2194 3411 2246 exsiliunt
3448 2196 3637 2260 pulsus
3668 2207 3771 2257 est,
3801 2211 3920 2263 qua:
3952 2204 4006 2245 et

2438 2278 2558 2331 loco
2618 2280 2739 2345 ejus
2804 2280 3030 2333 Paulum
3096 2282 3461 2349 patriarcham
3516 2284 4002 2352 Constantinopoli

2439 2368 2715 2439 praefecit:
2752 2372 2837 2423 hic
2864 2374 3025 2425 etiam
3062 2372 3325 2426 Maronita
3356 2375 3475 2438 fuit,
3516 2391 3685 2430 annos
3716 2393 3807 2430 Sex
3842 2392 3903 2431 se
3943 2378 4006 2440 it,

2436 2464 2557 2514 dein
2591 2471 2841 2517 mortuus
2872 2474 2981 2517 est.
3012 2466 3139 2519 Post
3176 2466 3294 2535 ejus
3325 2470 3529 2521 obitum
3569 2468 3807 2520 restituit
3835 2467 4007 2519 llera-

2440 2555 2574 2608 clius
2602 2555 2817 2625 Syrum,
2845 2558 2936 2624 qui
2970 2573 2997 2610 a
3029 2560 3259 2630 conjuge
3294 2564 3461 2630 ipsius
3496 2564 3655 2631 releg:
3679 2573 3765 2615 tus
3802 2562 4006 2622 fuerat,

2439 2646 2731 2707 cathrdrm,
2789 2663 2951 2715 quam
3015 2659 3219 2715 septem
3284 2668 3457 2707 annos
3510 2656 3828 2721 oecupavit,
3877 2655 4004 2707 dein

2437 2754 2684 2796 mortuus
2712 2753 2814 2796 est.
2842 2744 3142 2801 Obsidione
3172 2757 3352 2800 autem
3384 2751 3667 2803 cinxerant
3698 2751 4005 2806 Moslcmitti

2439 2830 2783 2886 Damascum.
2847 2834 3093 2905 Cumque
3154 2840 3439 2892 chalilatni
3512 2845 3801 2909 prafectus
3855 2857 4008 2899 esset

2434 2922 2597 2977 Omar
2630 2925 2812 2979 Elmo'l
2852 2928 3057 2982 Chetab
3088 2933 3306 2999 scriptis
3337 2935 3535 2988 litteris
3557 2978 3570 2998 ,
3608 2937 3769 3007 272
3802 2941 4008 3006 quibus

2433 3014 2690 3069 Omarum
2718 3019 2886 3072 Ebnol
2918 3022 3009 3074 Asi
3039 3023 3356 3090 prtel'ectura
3384 3027 3679 3092 abdicavit,
3709 3047 3828 3084 eam
3854 3032 4008 3085 Cha-

2436 3108 2555 3159 lcdo
2588 3110 2744 3163 libnil
2784 3110 2979 3165 Walidi
3023 3117 3314 3169 commisit.
3352 3117 3634 3175 lleraelins
3674 3135 3854 3175 antem
3895 3123 4006 3175 Ro-

2358 3214 2397 3267 C
2438 3215 2725 3252 manorum
2762 3206 3076 3272 inperator,
3106 3209 3196 3274 qni
3238 3210 3497 3263 Damasm
3526 3209 3781 3265 lit-msum
3825 3230 4009 3267 rrecs-

2428 3301 2601 3350 serat,
2635 3293 2726 3344 ubi
2764 3292 3114 3350 Mosleminos
3144 3300 3314 3366 captis
3342 3301 3631 3355 l’alrestina
3661 3314 3711 3356 ct
3738 3306 4007 3358 Ordouno

2430 3378 2712 3433 Bathniam
2750 3386 3023 3450 profectos
3063 3404 3186 3440 esse
3224 3391 3542 3455 audivisset,
3581 3392 3776 3447 llemso
3809 3400 4007 3447 Amin-

2431 3471 2607 3521 ehiam
2639 3474 3010 3540 desecttdens,
3046 3478 3294 3531 translata
3333 3481 3494 3532 edixit
3518 3524 3530 3545 ,
3565 3492 3615 3533 et
3658 3488 4007 3555 congregatis

2430 3562 2565 3615 Most
2596 3564 2867 3619 Arabibus
2890 3583 2919 3619 e
2944 3568 3087 3621 tribu
3114 3569 3317 3633 Gasan,
3345 3572 3527 3628 ledan.
3552 3574 3700 3635 Calb,
3729 3574 3947 3630 Lachan
3972 3594 4008 3629 ο

2429 3652 2762 3722 reliquisque
2806 3656 2897 3723 qui
2948 3657 3050 3709 sub
3074 3660 3303 3713 arbitrio
3329 3664 3500 3729 ipsius
3524 3675 3677 3717 erant
3700 3665 4005 3727 Arabibus.

2429 3745 2619 3795 ducent
2675 3745 2808 3813 ipsis
2859 3752 3156 3817 praeposuit
3199 3768 3228 3805 e
3278 3755 3395 3808 suis
3441 3756 3731 3823 quemdam
3780 3763 4009 3813 nomine

2430 3833 2749 3898 Mahanum,
2799 3853 3005 3908 eosque
3056 3839 3380 3897 Damascunt
3431 3846 3619 3910 misit,
3673 3851 3900 3917 scriptis
3933 3854 4001 3904 ad

2432 3924 2747 3977 Mansurum
2793 3928 3108 3993 praefectum
3156 3946 3316 3985 suum
3354 3934 3549 3989 litteris
3588 3954 3697 4006 quo
3730 3940 3872 3994 datis
3909 3958 4006 4009 pe-

2427 4018 2605 4071 cuniis
2636 4020 2783 4072 viros
2814 4019 2997 4088 (istos)
3040 4023 3143 4075 sibi
3183 4026 3462 4079 retineret.
3503 4029 3635 4081 Cum
3676 4040 3858 4085 autem
3891 4034 4005 4085 Ma-

2429 4106 2539 4175 han
2585 4113 2637 4157 et
2683 4122 2804 4173 quae
2855 4124 2976 4160 cum
3029 4110 3147 4177 ipso
3188 4123 3375 4166 essent
3422 4118 3613 4185 copim,
3664 4118 3996 4175 Damasrnm

2430 4199 2840 4263 pervenissent,
2886 4200 3019 4252 dixit
3055 4204 3190 4271 ipsis
3240 4203 3500 4258 Mansnr:
3549 4208 3697 4261 "and
3736 4226 3877 4279 opus
3916 4225 4001 4265 est

2428 4287 2743 4354 imperatori
2778 4289 2977 4356 ingenti
3007 4290 3106 4343 hoc
3138 4296 3378 4345 exercitu
3410 4310 3424 4357 ;
3461 4297 3663 4348 Arabes
3692 4300 3838 4350 enim
3868 4316 4002 4368 gens

2428 4390 2557 4432 sunt
2594 4380 2885 4443 bellicosa,
2930 4388 2984 4433 et
3023 4382 3065 4432 si
3113 4383 3205 4449 qui
3257 4396 3446 4437 contra
3500 4386 3646 4453 ipsos
3690 4390 4001 4455 prodierint

2428 4484 2606 4538 pugna
2632 4471 3150 4539 ipSus_|ttCCSSil!tttl,
3174 4475 3506 4529 exercitibus
3533 4491 3723 4530 eorum
3757 4488 3998 4547 stragem

2430 4559 2632 4610 illaturi
2663 4566 2823 4623 sunt;
2859 4559 2987 4612 huic
3016 4569 3198 4613 autem
3230 4564 3493 4615 exercitui
3529 4568 3714 4618 multis
3743 4584 3885 4637 opus
3920 4582 4001 4621 est

2427 4648 2701 4716 pecuniis;
2732 4663 2795 4702 ac
2827 4649 3070 4703 Damasci
3100 4668 3203 4702 non
3232 4664 3352 4705 sunt
3382 4670 3519 4722 quas
3550 4656 3683 4724 ipsis
3710 4675 4002 4727 ert-gemes

2427 4736 2591 4804 (quod
2632 4736 2697 4790 ad
2734 4736 2883 4805 ipsos
2921 4737 3275 4803 diﬂcrenllos,
3314 4755 3395 4802 ac,
3434 4742 3559 4793 dolo
3595 4746 3739 4797 malo
3773 4749 3845 4797 ab
3883 4749 4000 4815 ipsi

2428 4822 2629 4876 factum
2658 4833 2942 4876 autumant
2971 4827 3242 4887 nonnttlli,
3270 4844 3378 4895 quo
3409 4828 3675 4893 homines,
3708 4836 4000 4889 audientes

2427 4928 2533 4966 non
2572 4928 2695 4966 esse
2730 4915 2974 4967 Damasci
3009 4931 3145 4984 quas
3178 4918 3309 4985 ipsis
3343 4920 3673 4989 elargiretur
3704 4932 3995 4991 pecunias,

2424 5004 2844 5072 dissiparentur,
2870 5019 2931 5059 ac
2962 5005 3257 5063 Damascus
3283 5008 3611 5064 .‘losleutinis
3637 5017 3997 5070 traderetur-.t

2424 5091 2523 5142 (Sui
2555 5090 2769 5155 Maban,
2797 5090 2974 5147 Trade
3024 5097 3181 5150 nobis
3212 5099 3433 5169 (inquit)
3456 5116 3574 5167 qua!
3597 5118 3761 5170 penes
3790 5116 3840 5157 te
3868 5120 3999 5160 Sttttl

2426 5185 2722 5248 pecunias,
2782 5201 2879 5237 nos
2926 5197 3101 5237 autem
3148 5190 3213 5241 ad
3264 5190 3638 5257 imperatorem
3691 5199 4002 5256 scribentes

2425 5276 2712 5326 certiorem
2758 5292 2879 5326 eum
2927 5276 3187 5331 faciemus
3231 5296 3334 5333 non
3383 5298 3502 5335 esse
3546 5284 3793 5341 Damasci
3838 5306 3995 5343 num-

2428 5377 2576 5423 mos,
2612 5371 2668 5413 ut
2700 5363 2746 5416 si
2781 5364 2879 5427 ipsi
2915 5364 3283 5439 2732275
3322 5372 3452 5425 viris
3485 5390 3624 5443 opus
3667 5376 3854 5444 fuerit,
3894 5386 3944 5433 al
3976 5413 3998 5423 ο

2426 5469 2588 5521 quam
2650 5456 2911 5522 pecunias
2977 5459 3293 5525 aeqniiendi
3360 5466 3624 5519 rationem
3695 5474 3997 5541 excogita,

2424 5561 2626 5614 easque
2675 5546 2740 5599 ad
2788 5548 2911 5600 illos
2952 5564 3287 5621 quocunque
3323 5558 3541 5612 tandem
3587 5564 3748 5615 modo
3790 5568 3995 5620 titillat.

2425 5639 2558 5691 Cum
2595 5649 2773 5691 autem
2819 5642 3118 5698 audivisset
3163 5644 3396 5713 Maban,
3443 5652 3651 5707 Arabes
3702 5652 3996 5710 Tiberiade

2426 5743 2677 5798 egressos
2715 5729 3035 5786 Datnaseum
3083 5738 3338 5802 tendere,
3378 5743 3618 5798 collectis
3660 5748 3834 5815 copiis
3874 5764 3996 5800 suis

2426 5822 2693 5875 Damasco
2731 5823 3013 5893 profectas
3058 5829 3206 5883 bidui
3263 5833 3365 5886 iter
3410 5848 3665 5891 emensus
3706 5846 3823 5897 est.
3866 5839 3994 5894 dein
