4210 6428
238 414 250 472 1
269 414 367 475 ΟἱΠ

1658 391 2022 451 ANNAIES.

3335 392 3468 457 1098

228 527 643 574 castrametatas
693 524 775 565 est
831 514 896 567 ad
956 511 1149 564 vadum
1201 507 1471 576 quoddam
1534 514 1788 571 magnum
1826 500 1866 557 Α
1902 500 2112 555 ritatcm
2157 503 2476 572 prmstiisse
2513 504 2655 572 quod
2694 504 2756 557 ad
2805 505 2938 559 vitas
2970 514 3202 569 vestras,
3249 506 3467 562 domas-

232 614 423 667 Wailil'
460 604 668 665 Ramad
711 604 955 669 dictum,
999 603 1118 657 loco
1164 600 1249 653 cui
1283 610 1482 650 nomen
1518 592 1798 662 Aljaulan;

228 722 289 761 ac
326 706 487 772 vulgo
520 699 804 765 Yakusab,
864 696 1075 762 fuitque
1133 692 1331 745 vadum
1369 690 1508 742 inter
1540 687 1717 755 ipsum
1748 689 1801 735 et

229 797 436 850 Arabes
471 793 645 847 instar
678 790 858 845 fossae.
897 785 975 839 lbi
1011 785 1176 855 igitur
1206 780 1401 836 diebus
1431 779 1638 847 aliquot
1669 772 1799 855 sub-_

232 889 510 948 stiterunt,
534 880 809 935 Arabibus
834 876 964 944 ipsis
992 852 1055 929 cii
1088 871 1315 925 adverso
1349 868 1563 938 positis.
1593 866 1659 919 At
1687 852 1807 933 pos‘

230 973 351 1025 dies
385 971 593 1040 aliquot
624 966 916 1021 Mansurus
960 958 1283 1029 praefectus,
1318 956 1586 1009 Damasco
1624 967 1807 1023 egres-

233 1082 356 1125 SIIS,
389 1061 602 1116 Mabani
630 1059 930 1115 exercitum
964 1054 1139 1123 petiit,
1178 1051 1434 1122 pecunias
1466 1062 1650 1102 secum
1679 1044 1808 1098 alIe-

234 1174 363 1211 rens
394 1168 531 1223 quas
573 1152 640 1206 ibi
686 1149 1016 1217 collegerat,
1063 1144 1406 1199 utmilitibus
1444 1137 1660 1193 easdem
1689 1136 1807 1190 dis-

236 1248 519 1300 tribueret.
599 1238 774 1293 Noctu
826 1245 1007 1291 autem
1078 1236 1146 1290 ad
1187 1234 1484 1288 exercitum
1544 1226 1810 1299 pervenit,

241 1338 429 1391 multis
460 1336 638 1403 ipsum
669 1346 699 1385 e
740 1329 991 1383 Damasci
1042 1326 1235 1381 incolis
1273 1323 1667 1378 comitantibus
1696 1306 1807 1388 iqui

242 1432 496 1482 lucernas
528 1432 828 1493 gestarent,
882 1432 1120 1487 cumque
1169 1416 1236 1470 ad
1265 1416 1561 1469 exercitum
1590 1412 1813 1481 propius

241 1517 634 1577 accessissent,
667 1526 918 1585 tympana
955 1509 1234 1579 pulsarent
1257 1547 1271 1572 ,
1304 1514 1359 1559 et
1391 1502 1637 1559 buecinis
1668 1501 1814 1555 clan-

241 1620 450 1675 gerent,
498 1623 561 1660 ac
589 1584 882 1661 clamorem
927 1599 1168 1655 ederent.
1213 1584 1368 1662 Quod
1412 1594 1573 1647 etiam
1603 1607 1632 1644 a
1664 1591 1816 1644 Man-

242 1718 375 1756 snro
403 1701 539 1754 mala
566 1697 757 1752 fraude
783 1694 1007 1749 factum.
1045 1690 1275 1745 Romani
1308 1698 1491 1740 autem
1518 1683 1651 1739 visis
1677 1698 1817 1753 pone

243 1808 303 1846 se
356 1790 619 1851 lucernis,
687 1785 980 1854 auditoque
1040 1792 1418 1850 tympanorum
1463 1783 1517 1829 et
1562 1776 1811 1827 tubarum

244 1883 497 1951 strepitu,
524 1877 784 1948 suspicati
811 1875 1020 1929 Arabes
1046 1886 1074 1923 a
1101 1879 1250 1939 tergo
1282 1867 1429 1937 ipsos
1454 1881 1807 1937 aggressuros

246 1989 310 2027 ac
360 1970 836 2031 circumdaturos,
885 1964 941 2017 in
996 1962 1177 2029 fugam
1226 1960 1473 2013 conversi
1520 1973 1711 2011 omnes
1754 1956 1809 2008 in

246 2072 544 2118 torrentem
576 2061 765 2121 istum,
794 2054 1001 2111 scilicet
1024 2051 1202 2105 Wadil
1229 2050 1455 2113 Remad,
1480 2050 1569 2118 qui
1597 2058 1812 2100 torrens

244 2164 328 2209 est
380 2152 536 2205 valde
572 2162 836 2219 magnus,
876 2144 1214 2209 incidentes,
1252 2140 1575 2210 perierunt;
1626 2137 1811 2205 paucis

244 2242 537 2295 atmodum
588 2254 652 2293 ex
696 2238 829 2307 ipsis
870 2235 1247 2296 evadentibus,
1294 2246 1524 2300 quorum
1560 2228 1726 2295 aliqui
1758 2227 1809 2279 in

246 2336 364 2386 loca
406 2333 616 2384 diversa
649 2328 775 2397 fuga
808 2343 865 2381 se
899 2325 1324 2395 proripuerunt;
1359 2319 1451 2373 alii
1492 2318 1810 2373 Damascum

244 2421 453 2475 reversi
499 2429 625 2474 sunt
652 2435 667 2480 ;
696 2417 786 2471 alii
819 2415 1216 2485 Hierosolyma,
1246 2414 1334 2467 alii
1372 2410 1672 2465 Caesaream
1707 2407 1812 2460 Pa-

249 2516 471 2569 laestinae
498 2510 662 2579 276
691 2509 966 2579 fugerunt.
996 2507 1095 2573 Qui
1120 2515 1296 2560 autem
1325 2503 1644 2556 Damascum
1669 2500 1813 2551 abie~

250 2616 380 2660 rant
410 2620 441 2659 e
485 2604 770 2665 Romanis,
814 2600 1065 2653 timentes
1108 2613 1175 2653 ne
1215 2612 1245 2649 a
1286 2592 1626 2649 Mosleminis
1666 2590 1814 2645 obsi-

250 2700 414 2751 ilione
482 2695 853 2764 cingerentur,
919 2691 1059 2745 cibis
1122 2697 1284 2756 atque
1336 2684 1612 2755 opsoniis,
1662 2689 1716 2735 ct
1762 2680 1811 2733 id

251 2805 424 2859 genus
466 2788 587 2840 aliis
625 2796 964 2856 quaecunque
1004 2787 1299 2850 potuerunt
1358 2776 1502 2830 intro
1555 2775 1810 2843 receptis,

251 2885 317 2936 ad
357 2888 544 2949 portas
590 2876 833 2930 ballistas
862 2882 915 2928 et
944 2871 1227 2926 machinas
1257 2876 1589 2932 statuerunt,
1617 2866 1816 2935 quibus

254 2976 456 3027 milites
494 2968 856 3039 prrefecerunt
885 2981 899 3028 ;
927 2964 1053 3018 dein
1089 2964 1152 3015 ad
1186 2961 1493 3015 lleracliam
1526 2959 1818 3027 imperato-

254 3082 366 3118 rem
404 3063 705 3117 scribentes
740 3073 896 3126 Opem
936 3056 1003 3109 ab
1040 3054 1158 3123 ipso
1194 3051 1490 3131 petierunt,
1532 3049 1817 3119 ipsumque

249 3158 543 3209 certiorem
573 3152 821 3205 fecerunt
854 3147 982 3215 quid
1018 3145 1149 3213 ipsis
1183 3144 1383 3197 fecerat
1411 3142 1719 3206 Mansurus,
1753 3154 1815 3193 ac

252 3248 453 3316 quibus
495 3257 623 3311 erga
672 3243 820 3309 ipsos
868 3235 1085 3291 insidiis
1128 3250 1258 3289 usas
1312 3233 1548 3287 virorum
1585 3243 1816 3300 stragem

252 3335 541 3387 edidisset.
584 3329 779 3383 Maban
816 3341 943 3381 vero
989 3324 1054 3378 ad
1093 3320 1401 3377 Heracliam
1438 3324 1816 3390 imperatorem

257 3427 440 3479 redire
475 3426 679 3478 veritus
702 3462 716 3487 ,
763 3437 833 3475 ne
864 3420 932 3473 ab
980 3419 1099 3487 ipso
1136 3418 1571 3478 interliceretur,
1606 3415 1729 3483 fuga
1761 3429 1819 3467 se

254 3519 309 3568 in
344 3522 583 3566 montem
615 3510 747 3565 Sina
783 3508 1076 3576 recipiens,
1114 3507 1280 3559 vitam
1316 3504 1667 3558 monasticam
1703 3520 1819 3555 am-

257 3606 449 3673 plexus
500 3610 611 3663 est,
658 3598 831 3651 ascito
866 3597 965 3650 sibi
1001 3595 1220 3648 nomine
1259 3592 1575 3647 Anastasio.
1617 3589 1821 3657 Estque

255 3697 373 3763 ipse
423 3700 617 3745 auctor
667 3687 935 3743 sermoais
986 3700 1092 3754 quo
1142 3683 1415 3738 Psalmum
1469 3697 1499 3735 e
1550 3678 1822 3733 Davidicis

257 3794 475 3838 sextum
536 3783 921 3848 interpretatus
970 3788 1072 3831 est.
1122 3774 1226 3829 Ubi
1278 3783 1455 3828 autem
1501 3771 1820 3824 Damascum

258 3873 640 3943 pervenissent
677 3868 1006 3930 Moslemini,
1042 3878 1219 3920 castra
1263 3864 1444 3934 posuit
1473 3861 1673 3916 Chaled
1714 3860 1819 3913 Eb-

257 3965 365 4017 nol‘
422 3961 631 4024 Walid,
670 3960 735 4013 ad
783 3969 990 4029 portam
1041 3956 1405 4016 Orientalem,
1454 3952 1571 4005 Abu
1619 3948 1821 4005 Obaida

254 4056 429 4109 Ebuol
455 4053 664 4117 Jarabi,
697 4055 761 4105 ad
796 4063 1001 4120 portam
1036 4047 1239 4111 Jabize;
1267 4048 1464 4099 Amrus
1500 4043 1670 4096 Ebnol
1704 4041 1820 4103 Asi,

257 4151 322 4198 :ul
377 4158 585 4213 portam
629 4144 880 4203 Thomae;
923 4139 1089 4194 Yazid
1141 4139 1253 4193 Ebn
1308 4138 1407 4190 Abi
1456 4134 1699 4205 Sofyan,
1755 4132 1820 4185 ad

258 4248 473 4309 portam
508 4249 749 4305 parvam,
795 4246 971 4301 usque
1021 4230 1086 4284 ad
1130 4240 1348 4299 portam
1391 4226 1576 4282 Cisan.
1624 4223 1820 4278 Urbem

256 4344 389 4396 ergo
421 4325 703 4378 obsidione
741 4322 1031 4377 cinxerunt
1063 4334 1157 4374 sex
1195 4317 1495 4376 mensibus,
1534 4316 1694 4367 unico
1726 4326 1823 4365 ex-

259 4427 418 4489 cepto
460 4417 546 4471 die
568 4456 582 4476 .
630 4412 1023 4484 prodeuntibus
1055 4409 1296 4479 quotidie
1334 4406 1539 4462 Grazcis
1568 4421 1599 4459 e
1631 4403 1821 4474 portis,

262 4521 554 4578 pugnaque
597 4519 693 4559 eos
739 4501 1155 4556 lacessentibus.
1207 4499 1321 4563 Qua
1365 4498 1430 4551 de
1477 4510 1696 4573 re'eum
1729 4508 1825 4562 per
1853 4505 1903 4562 υ

261 4602 473 4655 litteras
517 4596 777 4651 Omarum
826 4591 999 4646 Ebnol
1043 4589 1273 4645 Chetabi
1327 4589 1612 4642 certiorem
1664 4584 1828 4639 fecis-

259 4699 412 4753 sent,
447 4689 536 4741 ille
581 4684 862 4754 rescriptis
896 4682 1089 4736 litteris
1124 4680 1412 4735 Cbaledum
1450 4675 1618 4731 Ebnal
1649 4675 1827 4729 Walid

261 4781 500 4848 imperio
530 4777 827 4841 abdicavit,
876 4775 1042 4829 rebus
1094 4772 1212 4827 Abu
1261 4769 1521 4827 Obaidam
1556 4768 1669 4822 Ebn
1704 4767 1827 4823 Jar-

266 4874 384 4925 rabi
420 4868 748 4938 prwﬁciens.

334 4963 474 5016 Cum
539 4974 667 5014 vero
730 4957 1013 5012 obsidione
1071 4966 1419 5011 arctarentur
1484 4951 1826 5016 Damasceni,

264 5058 544 5123 ptoleetns
585 5051 807 5104 Mansur
851 5047 1099 5103 Damasci
1130 5046 1501 5117 277-279
1544 5046 1826 5115 praefectus

265 5147 331 5199 ad
366 5153 576 5211 portam
614 5139 955 5204 orientalem,
985 5140 1280 5192 Chaledum
1313 5136 1427 5190 Ebn
1461 5135 1636 5197 Walid
1664 5148 1825 5204 roga-

265 5236 367 5297 vit,
411 5240 471 5284 ut
494 5230 593 5283 sibi
639 5229 883 5297 suisque,
931 5234 985 5293 et
1026 5226 1116 5295 qui
1160 5242 1282 5281 cum
1339 5227 1456 5295 ipso
1480 5234 1687 5290 essent,
1733 5237 1831 5277 nec

268 5342 380 5380 non
420 5322 666 5377 Damasci
710 5320 925 5382 incolis,
962 5319 1200 5399 exceptis
1240 5317 1524 5382 Romanis,
1560 5316 1828 5370 securita-

268 5428 378 5470 tem
418 5414 758 5471 concederet.
789 5411 878 5479 qui
916 5410 1018 5478 ipsi
1046 5403 1314 5463 Damasci
1342 5418 1526 5477 portas
1574 5408 1855 5477 aperiret.

236 5507 368 5562 -Cui
425 5496 481 5556 in
529 5516 593 5557 eo
614 5502 783 5571 quod
813 5502 969 5570 petiit
1004 5514 1274 5554 annuens
1323 5497 1530 5553 Chaled
1559 5538 1573 5563 ,
1623 5498 1831 5552 litteras

270 5594 593 5653 securitatis
628 5592 729 5661 ipsi
762 5591 1101 5660 perscripsit,
1136 5605 1369 5658 quaram
1402 5589 1504 5643 hoc
1538 5596 1622 5643 est
1652 5602 1832 5641 exem-

274 5690 391 5758 plar
418 5680 430 5740 ἐ
458 5684 693 5738 Libellus
718 5682 817 5735 iste
841 5679 1047 5751 [datus]
1071 5688 1153 5735 est
1180 5695 1208 5733 a
1233 5678 1469 5734 Cbaledo
1494 5677 1605 5731 Ebn
1628 5675 1831 5737 Walid,

243 5781 433 5835 .urbis
460 5774 711 5829 Damasci
744 5772 971 5835 incolis;
1008 5771 1229 5842 [Notum
1263 5769 1355 5842 sit]
1387 5784 1471 5826 me
1502 5770 1652 5828 vobis
1684 5782 1837 5845 secus

390 5912 397 5915 «
492 5866 765 5928 Parnm.
809 5862 925 5921 Gtt.
962 5862 1111 5923 CXI.

1910 607 2034 661 que,
2065 607 2127 649 ac
2153 609 2303 663 opes,
2334 603 2387 649 et
2417 595 2678 650 ecclesias
2710 608 2937 664 vostras,
2967 612 3030 651 ne
3052 598 3361 661 diruantnr,
3386 602 3469 652 vel

1912 685 2299 753 inbabitentur,
2334 688 2424 741 sed
2454 690 2677 758 paciliee
2703 687 2855 742 vobis
2878 690 3266 743 concedantur.
3292 687 3467 753 Quarti

1911 792 2034 830 eam
2092 776 2345 831 Mansuro
2404 782 2644 835 chartam
2698 779 3010 834 tradidisset
3064 782 3176 848 ipse
3228 781 3470 834 Chaleilo

1912 881 2126 936 portam
2179 869 2494 925 orientalem
2548 872 2875 940 adaperuit,
2947 870 3039 939 qui
3097 886 3225 938 ergo
3271 874 3465 925 urbem

1913 960 2197 1028 ingressus
2230 962 2406 1015 socios
2438 979 2567 1018 suos
2615 964 2950 1030 inclamans,
2996 962 3219 1018 Gladios
3251 964 3476 1031 (inquit)

1917 1058 2126 1106 vestros
2177 1050 2474 1106 recontlite.
2560 1051 2793 1120 lngressi
2846 1062 3025 1106 autem
3079 1050 3302 1107 Chaledi
3358 1050 3471 1103 Ειιιι

1915 1140 2125 1196 Waledi
2166 1143 2367 1197 milites
2410 1143 2616 1209 urbem,
2661 1143 3129 1212 Deum;0ptimum
3174 1145 3471 1199 maximum

1917 1235 2071 1307 [voce
2100 1237 2231 1309 alta]
2263 1238 2628 1294 celebrarunt.
2658 1239 2854 1295 Milites
2888 1239 3053 1309 igitur
3087 1240 3257 1294 Grmci
3285 1240 3374 1309 qui
3404 1240 3474 1292 ad

1916 1338 2100 1399 portas
2133 1331 2413 1385 constituti
2448 1330 2683 1394 fuerant,
2716 1346 2863 1396 cum,
2898 1331 3080 1383 audita
3109 1330 3477 1385 celebratione

1916 1423 2054 1483 ista,
2099 1432 2317 1478 nossent
2372 1423 2685 1479 Mansuram
2731 1431 2914 1491 aperta
2968 1432 3123 1490 porta
3167 1421 3375 1476 Arabes
3422 1420 3476 1473 in

1918 1514 2103 1570 urbem
2154 1518 2539 1579 intromisisse,
2586 1516 2820 1570 desertis
2862 1515 3036 1583 portis
3078 1514 3350 1582 fugerunt.
3391 1510 3479 1565 ln-

1918 1622 2135 1675 gressus
2168 1619 2249 1662 est
2284 1622 2415 1677 ergo
2440 1609 2562 1679 ‘Abu
2596 1606 2837 1661 Obaidab
2868 1606 3042 1660 Ebnol
3076 1604 3253 1659 larahi
3288 1604 3477 1658 urbem

1918 1698 2095 1767 gladio
2141 1700 2332 1753 stricto
2378 1698 2443 1751 ad
2500 1708 2710 1766 portam
2761 1698 2955 1765 labias;
3015 1698 3157 1752 lazid
3210 1698 3322 1751 Ebn
3374 1696 3477 1749 Abi

1918 1791 2147 1859 Sofyan,’
2184 1791 2364 1858 gladio
2402 1792 2565 1845 etiam
2609 1793 2821 1857 stricto,
2867 1802 3019 1860 porta
3068 1807 3272 1862 parva;
3318 1788 3480 1843 Omat'

1919 1883 2092 1936 Ebnol
2136 1883 2260 1948 Asi,
2299 1884 2479 1953 gladio
2512 1885 2735 1946 stricto,
2782 1892 2935 1953 porta
2979 1884 3240 1937 Thomaa:
3284 1883 3379 1936 ubi
3412 1880 3480 1933 ad

1920 1984 2133 2045 tempus
2200 1977 2312 2030 acri
2359 1990 2532 2047 pugna
2581 1976 2895 2038 dimicavit,
2944 1989 3083 2029 caesa
3133 1991 3196 2028 ex
3250 1985 3482 2041 utroque

1919 2068 2158 2122 exercitu
2191 2067 2256 2122 ad
2291 2076 2500 2138 portam
2535 2068 2755 2123 Thomze
2785 2083 2973 2138 magna
3009 2069 3286 2122 hominum
3317 2069 3482 2137 280

1921 2159 2291 2223 multitudine,
2330 2175 2431 2213 nec
2460 2159 2740 2215 desierunt
2782 2158 3220 2214 Mobammcdani
3250 2161 3481 2226 caedere,

1919 2262 1974 2307 et
2023 2254 2263 2320 captivos
2330 2251 2527 2305 facere.
2596 2249 2969 2305 Occurrerunt
3036 2262 3214 2303 autem
3278 2251 3485 2306 Cbaled

1922 2344 2113 2399 Ebnol'
2156 2343 2356 2408 Wal'td,
2392 2343 2511 2397 Abu
2547 2342 2825 2405 Obaidab,
2871 2342 3038 2397 Ebuol
3069 2342 3279 2410 Jarabi,
3322 2343 3485 2398 Yazid

1924 2439 2034 2494 Ebn
2066 2439 2168 2492 Abi
2206 2436 2431 2507 Sofyan,
2462 2444 2513 2489 et
2542 2434 2742 2490 Amrus
2774 2433 2963 2490 Ebuol'
2995 2437 3109 2499 Asi,
3147 2436 3292 2508 [loco
3314 2437 3482 2509 dicto]

1923 2531 1987 2585 Al
2032 2530 2310 2601 Ziyanain.
2369 2528 2601 2597 Fuitque
2655 2528 2707 2581 in
2764 2543 2926 2581 manu
2982 2528 3219 2584 Mansuri
3270 2530 3486 2584 libellus

1922 2638 2219 2693 cxpansus.
2252 2620 2503 2675 Narravit
2534 2634 2663 2688 ergo
2698 2619 2806 2673 illis
2840 2619 3043 2674 Cbaled
3081 2620 3253 2674 Ebnol
3277 2618 3483 2687 Walid,

1934 2722 2094 2781 quam
2140 2709 2538 2783 {Damascenis}
2574 2712 2924 2765 securitatem
2966 2713 3354 2768 concessisset.
3397 2713 3487 2769 Di-

1913 2816 2190 2876 centeque
2224 2804 2431 2859 Yazido
2459 2805 2572 2859 Ebn
2612 2804 2712 2858 Abi
2744 2804 2947 2874 Sofyan
2982 2823 2994 2858 :
3029 2805 3143 2860 Hoc
3173 2808 3486 2862 securitatis

1925 2895 2190 2969 [pactum]
2228 2904 2405 2949 ratum
2452 2912 2558 2949 non
2606 2895 2900 2961 habemus;
2937 2897 3333 2963 responderunt
3365 2899 3483 2952 Abu

1924 2991 2166 3045 Obaidah
2216 3001 2269 3046 et
2312 2992 2475 3043 Omar
2518 2988 2703 3044 Ebnol‘
2743 2990 2881 3044 Asi:
2926 2989 3034 3044 Nos
3080 2992 3257 3058 ipsum
3307 3002 3487 3046 ratqu

1931 3079 2574 3143 habemushcomitibus
2621 3080 2737 3134 suis
2788 3080 3159 3135 exclamantes
3200 3100 3212 3135 :
3267 3082 3488 3137 Gladios

1845 3176 1886 3234 (ς
1924 3168 2237 3235 recondito;
2270 3168 2523 3223 Yazadus
2555 3184 2684 3224 vero
2721 3170 2882 3225 sociis
2917 3170 3033 3224 suis
3062 3187 3075 3223 :
3112 3170 3186 3225 Ne
3219 3172 3487 3227 reconda-

1924 3263 2014 3318 tis.
2057 3263 2199 3316 Dixit
2232 3263 2432 3316 Amrus
2468 3262 2637 3315 Ehaol
2685 3262 2823 3316 Asi:
2866 3262 3285 3318 Consentiamus
3326 3264 3485 3318 dedi-

1924 3356 2072 3409 tione
2121 3364 2335 3424 captam
2387 3369 2510 3407 esse
2572 3353 2794 3418 urbem;
2850 3354 2993 3422 quod
3047 3369 3169 3407 cum
3228 3356 3485 3409 omnibus

1923 3448 2195 3516 placeret,
2257 3447 2397 3501 dixit
2454 3446 2563 3500 illis
2620 3444 2883 3501 Mansur:
2943 3444 3058 3501 Hoc
3114 3447 3246 3501 mibi
3299 3448 3481 3501 statim

1927 3550 2183 3597 testatum
2234 3539 2439 3594 facite:
2483 3537 2775 3607 libelloque
2822 3552 2954 3605 ergo
2994 3539 3312 3607 inscriptum
3357 3547 3480 3595 est:

1924 3635 2130 3691 Testati
2178 3641 2338 3694 sunt,
2388 3632 2506 3684 Abu
2546 3629 2787 3685 Obaidab
2834 3629 3004 3684 Ehnol
3056 3632 3260 3696 larahi,
3316 3630 3485 3686 Yazid

1930 3730 2040 3782 Ebn
2072 3726 2173 3781 Abi
2197 3724 2428 3795 Sofyan,
2459 3724 2660 3776 Amrus
2689 3720 2863 3776 Ebnol
2889 3723 3002 3786 Asi,
3033 3731 3086 3777 et
3111 3721 3343 3789 Sariahil
3370 3724 3486 3778 Ebn

1926 3818 2207 3888 Hajanae:
2267 3815 2585 3885 accepitque
2654 3812 2872 3869 Mansur
2934 3814 3195 3869 libellum.
3254 3815 3484 3870 Militum

1926 3921 2104 3965 autem
2132 3907 2437 3963 Grteeorum
2462 3915 2730 3977 quotquot
2750 3914 3060 3969 evaserunt,
3085 3908 3149 3959 ad
3175 3905 3484 3962 Ileraelium

1928 4006 2338 4069 imperatorem,
2389 4001 2732 4056 Antiochiam
2782 4010 3151 4057 accesserunt.
3199 4001 3484 4057 Heraclius

1927 4105 2103 4148 autem
2148 4095 2443 4160 imperator
2486 4092 2671 4147 audito
2709 4102 2922 4160 captam
2969 4107 3089 4147 esse
3116 4093 3482 4148 Damascum:

1927 4182 2057 4239 Vale
2085 4182 2357 4252 (inquit)o
2391 4180 2569 4251 Syria,
2595 4182 2646 4235 id
2679 4191 2780 4248 est,
2822 4179 2971 4246 Vale,
3006 4180 3269 4236 Damasce
3298 4182 3486 4253 Syriae,

1927 4272 2454 4341 Constantinopolim
2494 4285 2662 4339 usque
2697 4270 2970 4339 profectus
3010 4281 3114 4333 est,
3150 4273 3310 4342 idque
3342 4288 3489 4327 anno

1929 4364 2220 4420 cbalifatus
2250 4361 2431 4418 Omari
2468 4361 2622 4416 Ehnil
2673 4363 2900 4417 Chetabi
2937 4365 3131 4429 tertio;
3174 4363 3487 4419 Mansuram

1928 4469 2109 4513 autem
2154 4455 2405 4510 Damasci
2448 4453 2761 4518 praefectum
2802 4455 2873 4508 ob
2918 4454 3057 4508 mala
3104 4456 3277 4524 ipsius
3325 4459 3489 4525 facta,

1931 4551 2187 4624 quodque
2222 4550 2423 4605 Graecis
2461 4548 2515 4602 in
2552 4561 2719 4602 causa
2755 4546 2853 4601 fuit
2896 4556 2957 4600 ut
2999 4548 3398 4613 occiderentur,
3442 4560 3498 4606 et

1931 4640 2282 4715 281-283
2346 4638 2813 4694 Mobammedanis
2875 4646 3062 4691 contra
3133 4640 3279 4707 ipsos
3334 4654 3491 4709 opem

1934 4742 2168 4801 tulisset,
2188 4735 2536 4789 anathemate
2559 4732 2945 4801 percusserunt
2965 4745 3155 4785 omnes
3173 4731 3493 4805 patriarchae

1931 4846 1984 4889 et
2022 4831 2261 4902 episcopi
2306 4841 2400 4896 per
2448 4824 2764 4879 universum
2807 4808 3074 4876 terrarum
3118 4822 3326 4875 orbem.
3365 4820 3492 4874 l‘ost

1844 4946 1849 4949 λ
1932 4900 2071 4988 dies
2108 4926 2544 4987 autem'septem
2605 4900 2853 4985 perv'énit
2901 4915 2966 4967 ad
3018 4911 3275 4985 Omarum
3333 4913 3491 4966 Ebnil

1934 5013 2161 5069 Chetabi
2194 5010 2417 5065 nuntius
2439 5050 2453 5075 ,
2498 5008 2785 5062 certiorem
2830 5006 3005 5073 ipsum
3043 4992 3245 5057 faciens
3277 5014 3490 5069 captam

1932 5123 2054 5163 esse
2084 5106 2432 5157 Damascum.
2458 5098 2688 5168 Scripsit
2714 5112 2843 5166 ergo
2876 5097 3039 5149 Omar
3068 5094 3239 5147 Ehnol
3268 5094 3492 5148 Chetabi

1934 5203 1999 5255 ad
2032 5201 2255 5253 Amrum
2296 5195 2468 5248 Ebnol
2496 5194 2608 5255 Asi,
2643 5200 2702 5245 ut
2735 5192 3032 5244 exercitum
3065 5202 3224 5243 suum
3253 5187 3493 5241 Palaesti-

1936 5286 2061 5348 nam
2113 5280 2437 5352 abduceret;
2464 5283 2797 5352 scripsitque
2838 5278 3096 5334 Yazidum
3123 5278 3236 5333 Ehn
3265 5280 3364 5333 Abi
3390 5279 3491 5333 So-

1937 5386 2062 5455 fyan
2104 5381 2367 5435 Damasco
2392 5373 2989 5445 praalici‘;.Serjabilum
3033 5372 3202 5424 lilium
3239 5372 3489 5434 Hasanze,

1935 5477 2226 5533 Oroddano
2268 5469 2499 5543 [regioni
2537 5463 2851 5536 Jordanis];
2888 5465 3010 5519 Abu
3077 5461 3297 5519 Ohaidaa
3322 5462 3489 5517 Ebnol

1939 5572 2137 5629 larahi,
2173 5567 2391 5620 llamso.
3105 5565 3113 5573 '

2010 5661 2290 5717 Profectus
2311 5664 2544 5724 estergo
2561 5644 2757 5706 Amrus
2782 5649 2950 5705 Ebnol
2973 5648 3089 5724 Asi,
3114 5648 3450 5702 Palaestinam
3475 5663 3491 5709 ;

1939 5754 2191 5827 Sarjabil.
2243 5747 2593 5807 Oroddanum
2624 5761 2638 5811 ;
2667 5743 2791 5799 Abu
2825 5738 3046 5798 Obaida‘.
3089 5738 3260 5793 Ebnol
3296 5737 3493 5799 larahi,

3062 5829 3136 5892 35
