4210 6428
714 484 723 515 ,ρ
742 459 809 521 [σᾳ
821 460 847 518 ς)

708 574 1027 625 ι.;ω11›οι·ιιιιι
1087 566 1263 632 iniquis
1318 560 1531 627 ili-uitri
1572 562 1671 625 ipsi
1699 555 1986 606 dixerunt:
2022 547 2130 601 Nos
2156 559 2274 598 ezts-
2306 575 2315 598 Α

2416 556 2486 591 itit
2547 544 2665 594 t'ﬂ‘il
2700 558 2712 601 ;

711 662 836 712 ιιιιιιι
865 656 1229 713 conditiones,
1256 667 1391 719 quas
1422 643 1774 701 Damascenis
1803 638 1947 710 pacti
1978 638 2130 698 estis,
2164 636 2281 689 sine

706 746 1139 804 contradictione
1197 742 1613 810 amplectimur;
1685 747 1861 804 quare
1924 730 2277 785 securitatem

708 845 839 906 ipsis
864 840 1070 905 scripto
1099 832 1393 888 concessit.
1419 830 1558 882 Tum
1592 825 1850 880 llamsum
1871 820 2147 892 prolectus
2178 827 2281 879 est,

706 931 866 999 cujus
929 932 1096 983 etiam
1154 925 1345 978 incolae
1398 920 1657 974 dixerunt
1716 934 1731 971 :
1795 915 1861 969 Et
1910 927 2009 965 nos
2064 910 2283 963 easdem

710 1023 910 1089 quibus
935 1014 1439 1073 cumbamascenis
1476 1023 1663 1082 pacem
1691 1006 1915 1069 fecistis,
1943 1001 2285 1057 conditiones

717 1114 1103 1183 atuplectittttu‘
1145 1106 1395 1176 :quibus
1437 1103 1601 1157 etiam
1650 1095 1940 1171 [libellum]
1974 1091 2285 1151 securitatis

710 1181 957 1261 scribens
988 1202 1177 1255 urbem
1207 1200 1493 1268 ingressus
1530 1203 1632 1249 est.
1686 1190 1854 1247 Urbis
1895 1188 2060 1242 etiam
2094 1181 2284 1238 Halebi

713 1298 902 1351 incolis
932 1292 1177 1348 libellum
1207 1288 1521 1346 securitatis
1544 1285 1805 1353 scripsit;
1833 1293 2133 1346 omnesque
2160 1289 2285 1345 pas-

712 1396 816 1442 sim
872 1387 1039 1441 urbes
1095 1391 1154 1438 ut
1219 1395 1278 1436 se
1331 1377 1612 1433 deditione
1668 1373 1939 1440 acciperet
1990 1368 2284 1435 petierunt.

717 1483 941 1544 Deinde,
980 1494 1100 1533 cum
1137 1475 1202 1528 ad
1239 1467 1715 1525 Mobammedanos
1749 1461 2086 1531 pervenisset
2120 1454 2289 1526 [nun-

715 1574 843 1643 tius]
877 1575 942 1626 de
974 1568 1159 1624 Omari
1200 1563 1356 1618 Ehnil
1390 1560 1599 1616 Chetab
1637 1556 1898 1615 adventu,
1930 1551 2046 1605 Abu
2070 1546 2289 1602 Obaidte

714 1639 902 1719 Ehnb‘l
952 1660 1126 1715 larahi
1178 1656 1473 1710 comitibus
1523 1651 1638 1705 suis
1686 1645 1859 1717 Aiyad
1910 1642 2025 1695 Ehn
2078 1639 2285 1693 Canam

715 1757 998 1826 praileeit;
1034 1750 1197 1803 Yazid
1229 1748 1343 1801 Elin
1385 1744 1485 1797 Abi
1520 1739 1723 1810 Sofyau
1762 1736 1878 1791 suis
1913 1733 2137 1785 Mawian
2172 1729 2289 1783 Ebn

715 1825 816 1903 Abi
867 1847 1106 1911 Sol‘ynn:
1159 1840 1355 1892 Anirtts
1405 1833 1575 1888 Ebnol
1623 1830 1715 1884 Αςὶ
1767 1829 1879 1883 suis
1911 1825 2081 1879 lilium
2128 1836 2287 1877 suum

720 1937 1079 1993 Abdnllahutn
1116 1950 1129 1983 :

716 2032 930 2085 obviam
958 2035 1151 2079 euntes
1195 2040 1206 2075 :
1250 2028 1362 2072 lum
1412 2030 1602 2070 omnes
1649 2010 2021 2078 Hierosolyma
2071 2001 2297 2074 profecti

717 2121 1007 2178 obsidione
1037 2118 1225 2170 urbent
1262 2112 1574 2166 cinxerunt.
1622 2103 1827 2156 Prodiit
1858 2114 1989 2169 ergo
2025 2098 2090 2151 ad
2129 2096 2296 2149 Orna-

719 2231 839 2267 rum
870 2211 1028 2266 Elinil
1057 2204 1279 2261 Cbctabi
1314 2199 1659 2268 Sophronius
1693 2195 1999 2264 patriarcha
2034 2190 2299 2243 llieroso-

721 2308 1036 2377 lymitanns,
1069 2300 1154 2352 cui
1181 2296 1533 2351 securitatem
1562 2286 1834 2341 concessit
1860 2284 2049 2345 Omar,
2085 2281 2299 2349 ipsique

723 2370 960 2449 libellam
1025 2391 1269 2458 scripsit,
1331 2383 1493 2452 cujus
1546 2381 1648 2434 hoc
1700 2376 1982 2445 exemplar
2046 2380 2130 2425 est
2178 2385 2193 2423 :
2242 2370 2299 2422 In

721 2502 943 2542 nomine
994 2484 1085 2536 Dei
1132 2476 1523 2538 misericordis,
1560 2470 1922 2526 miseratoris.
1974 2467 2055 2520 Ab
2101 2464 2303 2519 Omaro

720 2580 880 2635 anil
929 2575 1182 2634 Chetahi,
1236 2572 1387 2625 urbis
1433 2566 1592 2622 Elite
1633 2563 1855 2619 incolis.
1890 2561 2129 2614 Securos
2187 2554 2301 2609 fore

725 2685 876 2739 IPSHS
908 2664 1049 2733 quod
1084 2664 1150 2718 ad
1188 2663 1327 2716 vitas
1363 2672 1518 2721 suas,
1550 2665 1604 2711 et
1650 2654 1871 2714 liberos,
1907 2664 2061 2718 opes,
2110 2657 2164 2701 et
2210 2659 2304 2699 ec-

724 2764 923 2814 clesias
968 2770 1140 2818 suas;
1191 2752 1312 2805 illas
1362 2748 1573 2801 scilicet
1625 2756 1725 2796 nec
1776 2742 2016 2794 dirutum
2067 2736 2156 2802 iri,
2205 2748 2307 2788 nec

729 2853 1031 2907 habitatum
1084 2864 1099 2900 :
1148 2853 1428 2911 testesque
1474 2837 1749 2892 adhibuit.
1799 2834 1997 2902 Aperta
2034 2842 2167 2897 ergo
2202 2826 2306 2896 ipsi

731 2954 889 3015 porta
927 2943 1115 2994 urbem
1152 2937 1429 3005 ingressus
1474 2930 1640 2986 Omar
1668 2942 1794 2983 cum
1840 2921 2139 2980 comitibus
2170 2920 2308 2985 suis,

731 3013 878 3090 sedit
908 3035 963 3087 in
994 3027 1256 3102 penetrali
1289 3020 1527 3095 [templi]
1561 3016 2029 3075 Resurrectionis.
2062 3013 2311 3081 Cumque

731 3129 952 3183 adesset
1002 3134 1219 3191 tempus
1272 3116 1628 3188 precationis,
1672 3112 1818 3168 dixit
1852 3106 2167 3179 Sepbronio
2215 3119 2313 3174 pa-

1187 1930 1290 1998 ipsi
1572 1922 1775 1976 Omaro
1827 1875 2291 1975 Chetabi,
2324 1875 2364 1930 Β

1681 434 2048 499 EUTYCIHI
2083 428 2621 490 ALEXANDRIVI
2676 427 2891 484 P.\'i‘l’i.
3824 418 3954 475 illi’i

2768 540 3018 592 lsraelitm
3076 544 3252 586 autem
3304 533 3555 585 Sanctum
3612 540 3947 581 sanctorum.

2388 628 2591 697 Estque
2645 632 2756 698 ipsa
2811 629 2860 681 iu
2918 635 3080 679 terrm
3142 622 3338 686 medio,
3400 622 3607 689 fuitque
3658 620 3956 673 sacrarium

2385 717 2680 784 lsraelitis;
2716 720 2806 787 qui
2842 729 3034 783 magna
3069 715 3238 781 ipsam
3270 712 3323 764 in
3357 710 3701 763 veneratione
3736 707 3957 772 habent,

2387 820 2546 879 atque
2577 812 2881 876 ubicunque
2913 808 3133 870 fuerint,
3169 806 3305 859 inter
3339 802 3605 856 orandum
3642 800 3807 854 facies
3835 814 3962 851 suas

2386 904 2454 958 ad
2488 905 2656 971 ipsam
2698 901 3034 965 conversas),
3073 898 3173 951 hac
3204 894 3517 950 conditione
3562 902 3622 946 ut
3662 891 3793 947 mihi
3837 906 3962 960 syn-

2390 995 2655 1063 grapham
2688 992 2923 1055 scribas,
2968 1006 3034 1045 ne
3069 990 3209 1043 intra
3256 984 3627 1055 Hierosolyma
3656 990 3964 1038 exstruatur

2389 1094 2589 1152 praeter
2623 1084 2752 1138 illud
2801 1081 3164 1136 adoratorinm
3215 1072 3775 1150 [Mohammedicum].
3815 1073 3966 1126 Scri-

2392 1176 2500 1243 psit
2529 1188 2659 1245 ergo
2704 1174 2872 1229 Omar
2918 1170 3086 1225 Ebnol
3122 1167 3345 1222 Chetahi
3395 1166 3496 1219 hac
3524 1165 3590 1217 de
3636 1180 3694 1218 re
3738 1177 3967 1232 syngra-

2385 1268 2547 1337 pham
2578 1281 2737 1335 quatn
2790 1265 2888 1333 ipsi
2936 1260 3180 1317 tradidit.
3251 1256 3528 1325 Siquidem
3560 1268 3684 1308 eum
3740 1253 3969 1307 Rowaui

2390 1356 2701 1427 religionem
2757 1354 3119 1410 Christianam
3195 1348 3425 1419 amplexi
3483 1353 3685 1408 essent,
3734 1343 3972 1398 aediﬁca—

2397 1462 2589 1519 rctque
2624 1449 2824 1505 Helena
2854 1444 3192 1502 Constantini
3228 1452 3420 1503 mater,
3468 1437 3852 1508 Hierosolymis
3884 1451 3975 1490 ee-

2390 1550 2625 1614 clesias;
2692 1543 2913 1597 fuerunt
2966 1539 3139 1593 Petra:
3194 1536 3343 1590 locus
3398 1532 3609 1599 ipsique
3665 1528 3969 1597 adiacentia

2390 1650 2618 1704 vastata,
2646 1638 2868 1704 ideoque
2898 1630 3065 1699 288
3098 1629 3303 1683 relicta.
3342 1625 3512 1680 Petra:
3543 1632 3724 1675 autem
3776 1620 3970 1685 pulve-

2392 1748 2506 1788 rem
2552 1730 2851 1798 injecerant
2894 1723 3028 1776 adeo
3077 1729 3135 1772 ttt
3179 1733 3338 1785 super
3383 1717 3554 1783 ipsam
3588 1711 3790 1782 grande
3828 1721 3973 1762 esset

2394 1818 2817 1890 sterquilinium,
2865 1813 3095 1880 ideoque
3146 1809 3313 1877 ipsum
3350 1804 3613 1873 neglectui
3665 1802 3976 1854 habuerunt

2400 1911 2658 1973 Romani,
2704 1922 2877 1976 neque
2921 1905 3021 1973 ipsi
3061 1916 3184 1956 eum
3222 1912 3381 1968 quem
3431 1896 3678 1950 solebant
3724 1893 3979 1946 Israelita:

2399 2003 2657 2056 honorem
2689 1998 3028 2057 detulerunt,
3060 2008 3238 2061 neque
3269 2006 3431 2058 supra
3481 1988 3652 2054 ipsam
3690 1985 3977 2039 ecclesiam

2398 2099 2733 2152 struxerunt,
2785 2101 2849 2139 eo
2894 2085 3039 2153 quod
3086 2084 3293 2136 dictum
3338 2080 3408 2132 sit
3455 2094 3485 2131 a
3526 2075 3752 2129 Domino
3797 2083 3983 2123 nostin

2406 2181 2627 2236 Christo
2657 2179 2710 2232 in
2742 2174 3033 2238 Evangelio
3072 2180 3296 2225 saneto:
3332 2168 3460 2221 Ecce
3494 2168 3814 2231 relinquetur
3841 2161 3982 2215 vobis

2401 2273 2588 2325 domus
2639 2285 2812 2324 vestra
2859 2269 3066 2320 deserta
3096 2264 3115 2293 ⁶
3163 2280 3178 2329 ;
3222 2276 3318 2315 nec
3347 2276 3477 2317 non.
3512 2256 3625 2311 Non
3655 2257 3982 2318 relinquetur

2401 2367 2482 2418 hic
2505 2366 2638 2430 lapis
2658 2377 2815 2430 super
2834 2360 3063 2428 lapidem
3085 2356 3176 2426 qui
3202 2370 3303 2407 non
3328 2353 3572 2404 diruatur
3595 2367 3655 2400 uc
3682 2358 3913 2400 vastetur
3938 2345 3980 2395 ⁷.

2408 2456 2553 2509 lianc
2588 2454 2658 2508 ob
2703 2464 2925 2505 causam
2964 2448 3300 2515 reliquerunt
3332 2438 3624 2495 ChriStiani
3671 2436 3837 2500 ipsam
3887 2433 3986 2484 de-

2408 2555 2629 2611 sertam,
2665 2542 2811 2596 nulla
2859 2554 3021 2607 super
3073 2537 3243 2604 ipsam
3279 2538 3555 2585 exstructa
3596 2524 3843 2579 ceclesiai.
3886 2521 3990 2573 So-

2408 2640 2670 2710 phronius
2719 2648 2851 2703 ergo
2892 2627 3198 2700 patriarcha
3232 2624 3492 2679 Oniarum
3546 2618 3716 2672 Ebnol
3753 2616 3987 2668 Chvtalii

2408 2746 2569 2784 manu
2622 2729 2950 2797 prehensqu
3004 2721 3070 2775 ad
3116 2715 3517 2786 Sterquilinium
3549 2709 3793 2763 deduxit.
3822 2707 3993 2761 Omar

2411 2836 2587 2879 autem
2619 2822 2786 2876 vestis
2821 2832 2932 2873 sum
2975 2830 3069 2869 ora
3113 2812 3381 2881 prehensa
3418 2808 3591 2873 ipsam
3630 2800 3852 2869 pulvere
3886 2801 3991 2849 im-

2413 2916 2596 2989 plevit,
2628 2927 2791 2983 quem
2836 2909 2890 2962 in
2926 2907 3118 2958 vallem
3159 2893 3715 2963 Gebennte-projecit.
3748 2889 3996 2942 Mohzun-

2414 2976 2631 3063 incdani
2669 3015 2798 3071 ergo
2830 2996 3230 3065 conspicientes
3261 2990 3520 3043 Omarum
3562 2981 3729 3036 Elinol
3766 2976 3995 3032 Chetahi

2415 3098 2623 3170 gremio
2655 3108 2753 3148 suo
2802 3090 3076 3159 pulverem
3111 3094 3371 3153 gestasse,
3427 3078 3527 3144 ipsi
3564 3076 3794 3142 seposita
3848 3083 4001 3119 mora

731 3161 952 3183 ῦυςῦῠυι
1003 3161 1219 3191 ειη-γυ.)
1272 3161 1628 3188 iuva—"vnn",
1676 3161 1816 3168 ..-.__-
1853 3161 2022 3179 ~-l,_,
2048 3161 2059 3163 ἡ
2217 3161 2231 3174 Ι
2417 3161 2444 3170 ν

731 3220 989 3274 triarchze
1030 3232 1042 3268 :
1078 3218 1247 3266 Orare
1277 3210 1459 3277 cupio.
1494 3206 1595 3261 Cui
1648 3203 1960 3274 patriarcha
2005 3216 2020 3255 :
2056 3198 2101 3253 Ο
2140 3199 2315 3266 impe-
2340 3204 2386 3263 (ζ
2419 3206 2608 3249 omnes
2639 3185 2860 3259 gremiis
2892 3183 3055 3237 etiam
3094 3175 3523 3236 suis,-vestibtts,
3558 3166 3787 3234 clypcis,
3815 3161 4002 3215 corbi-

2920 3273 2929 3277 -
3345 3274 3355 3277 -
3442 3263 3452 3277 I
3578 3274 3592 3277 Α
3646 3276 3649 3277 ,
3698 3256 3902 3277 ---ηιμ-..χ
3939 3267 4001 3277 οη

732 3319 882 3365 rator
933 3303 1197 3365 ﬁdelium,
1238 3313 1304 3353 eo
1335 3313 1447 3367 quo
1479 3309 1538 3349 es
1586 3296 1708 3347 loco
1748 3304 1867 3346 ora.
1914 3289 2061 3344 Dixit
2098 3285 2265 3342 Omar
2298 3303 2311 3339 :

734 3403 875 3457 l\'olo
906 3399 995 3452 hie
1023 3409 1201 3450 orare.
1238 3392 1450 3445 Educto
1480 3401 1609 3458 ergo
1643 3385 1712 3439 ad
1761 3382 2021 3451 templum
2053 3381 2318 3435 Constan-

734 3495 833 3547 tini
868 3497 1097 3558 tegetem
1150 3483 1382 3555 proiecit
1420 3482 1472 3536 in
1524 3475 1711 3546 templi
1746 3476 1924 3529 medio
1956 3488 1971 3537 ;
2044 3482 2097 3524 at
2129 3468 2315 3535 Omar,

735 3583 845 3638 Nec
874 3583 986 3641 hic.
1022 3578 1221 3646 inquit,
1251 3586 1410 3626 orare
1440 3568 1581 3622 volo.
1612 3566 1991 3636 Egressusque
2020 3561 2085 3614 ad
2117 3559 2318 3630 gradus

735 3675 827 3745 qtti
883 3681 1013 3725 sunt
1059 3668 1126 3722 ad
1181 3671 1394 3735 portatu
1444 3658 1689 3713 ecclesia:
1741 3653 1921 3708 sancti
1970 3648 2320 3706 Constantini

737 3736 845 3828 qua
872 3757 1148 3812 Orientem
1186 3749 1434 3818 respicit,
1468 3744 1541 3799 ibi
1576 3742 1722 3798 solus
1756 3754 1922 3808 super
1956 3736 2155 3808 gradus
2194 3749 2319 3790 ora-

738 3854 816 3904 vit
868 3868 882 3904 :
915 3848 1040 3903 dein
1081 3841 1369 3899 considens
1413 3836 1551 3891 dixit
1598 3832 1905 3902 Sophronio
1940 3829 2265 3899 patriarchae
2303 3845 2315 3881 :

737 3941 974 4002 Nostin',
1016 3952 1049 3993 ο
1099 3931 1432 4005 patriarcha,
1488 3941 1661 3997 quare
1712 3928 1855 3978 intra
1904 3920 2163 3990 templum
2215 3933 2322 3972 non

738 4031 1009 4088 oraverim
1040 4028 1062 4081 ?
1096 4023 1397 4093 Respondit
1428 4020 1515 4073 ille
1544 4038 1557 4073 :
1599 4016 1754 4070 llaud
1808 4013 2058 4083 equidem
2107 4009 2255 4075 novi,
2292 4024 2326 4063 ο

739 4130 1039 4194 imperator
1076 4117 1338 4173 ﬁdelium.
1373 4113 1519 4166 Dixit
1553 4111 1627 4163 illi
1658 4107 1867 4163 Omar:
1908 4105 1964 4158 Si
2002 4107 2144 4157 intra
2185 4111 2327 4155 tem-

742 4192 892 4287 plum
932 4225 1212 4273 orassem,
1244 4206 1500 4277 periisset
1542 4203 1639 4255 tibi
1689 4199 1841 4261 illud,
1892 4212 1956 4250 ac
1999 4210 2029 4251 e
2074 4192 2326 4247 manibus

751 4310 862 4363 tuis
895 4306 1101 4368 exiret,
1134 4296 1597 4355 Mohammedauis
1644 4300 1768 4361 post
1803 4289 2108 4342 discessum
2145 4300 2323 4338 meum

747 4402 847 4456 tibi
890 4396 1021 4453 illud
1052 4391 1452 4464 eripientibus;
1490 4402 1553 4441 ac
1586 4386 1697 4454 jam
1734 4378 2094 4451 285-287
2126 4376 2325 4429 dicturi

746 4504 872 4549 sunt
900 4512 913 4546 :
939 4490 1039 4543 llic
1068 4488 1244 4543 oravit
1276 4483 1463 4539 Oniar.
1502 4480 1696 4533 Verum
1729 4477 1863 4528 aiIer
1893 4475 2025 4527 mihi
2056 4475 2323 4535 chartam,

747 4600 858 4654 quo
893 4581 988 4635 tibi
1020 4578 1391 4650 syngrapham
1428 4573 1688 4627 scribam.
1725 4566 1952 4634 Scripsit
1986 4578 2115 4632 ergo
2156 4561 2326 4617 Omar

747 4653 1112 4745 syngrapham
1158 4667 1288 4738 [qua
1343 4660 1531 4735 jussit]
1568 4675 1635 4713 ne
1683 4664 1866 4711 oraret
1921 4653 2327 4708 Mohammeda-

752 4744 944 4819 norum
979 4764 1173 4830 aliquis
1204 4772 1369 4827 super
1403 4755 1629 4823 gradus,
1662 4750 1767 4804 nisi
1801 4744 2112 4814 singulatim
2144 4758 2161 4805 ;
2195 4756 2331 4797 neve

754 4861 825 4912 ihi
862 4857 928 4910 ad
975 4868 1161 4925 preces
1207 4848 1606 4910 convenirent;
1657 4856 1837 4911 neque
1872 4852 2036 4907 super
2082 4836 2219 4907 ipsis
2264 4834 2330 4889 ad

753 4962 939 5016 preces
983 4942 1246 5012 praeconis
1293 4954 1423 4995 voce
1475 4940 1908 4991 convocarentur
1945 4946 1960 4983 :
1998 4929 2102 4982 hac
2152 4929 2217 4980 de
2272 4940 2331 4981 re

756 5039 1116 5104 conscriptam
1149 5031 1509 5104 syngrapham
1543 5024 1868 5095 patriarcha
1908 5018 2153 5074 tradidit.
2192 5016 2330 5070 Tum

759 5143 811 5187 et
832 5133 904 5186 illi
932 5131 1065 5183 dixit
1093 5126 1257 5182 Omar
1288 5140 1304 5178 :
1336 5124 1432 5177 Est
1459 5120 1601 5189 quod
1635 5118 1764 5171 mihi
1798 5130 1826 5168 a
1863 5122 1915 5169 te
1947 5111 2167 5166 imderis
2197 5110 2320 5178 jure

761 5226 1061 5285 debeatur;
1110 5222 1285 5272 locum
1337 5228 1466 5282 ergo
1517 5211 1646 5264 mihi
1685 5208 1918 5263 concede
1954 5205 2005 5257 in
2053 5216 2163 5271 quo
2193 5210 2339 5253 tem-

764 5316 909 5384 plum
932 5324 1225 5364 cxstruam.
1249 5306 1348 5360 Cui
1384 5301 1688 5373 patriarcha
1722 5316 1733 5351 :
1767 5298 1896 5366 Ego,
1926 5294 2125 5364 inquit,
2156 5291 2333 5344 locum

768 5400 1081 5470 imperatori
1142 5398 1376 5451 tidelium
1431 5391 1722 5446 concedam
1791 5388 1845 5439 in
1900 5398 2007 5453 quo
2073 5379 2333 5447 templum

770 5502 1013 5550 exstruat
1060 5493 1178 5561 (cui
1233 5486 1563 5545 exstruendo
1608 5482 1924 5538 Graecorum
1980 5478 2346 5544 imperatores

773 5600 1004 5653 impares
1041 5559 1279 5641 luerunt,
1312 5574 1562 5630 videlicet
1592 5579 1800 5642 petram
1838 5569 1889 5619 in
1935 5580 2042 5633 qua
2079 5564 2219 5618 Deus
2251 5559 2343 5614 Ja-

776 5680 963 5731 cobum
991 5674 1253 5728 allocutus
1289 5677 1392 5735 est,
1422 5680 1582 5735 quam
1612 5658 1899 5732 appellavit
1926 5656 2162 5712 Jacobus
2192 5654 2331 5710 Por-

892 5854 1123 5908 ‘iiiatth.
1162 5866 1316 5914 xxiii,
1354 5848 1442 5901 53.
1522 5842 1750 5895 il-latth.
1790 5851 1935 5900 uir,
1968 5835 2019 5889 '2.

2419 3285 2542 3344 bus,
2574 3256 2738 3349 atque
2786 3273 2966 3330 urceis
3010 3274 3384 3337 asportarunt,
3425 3263 3598 3314 donec
3643 3256 3905 3310 mundato
3938 3267 4004 3304 ac

2420 3347 2664 3449 purgato
2686 3373 2805 3424 loco
2833 3370 3114 3436 appareret
3148 3369 3322 3428 petra.
3355 3353 3490 3407 Tum
3521 3347 3827 3405 dicentibus
3870 3359 4007 3395 non-

2418 3433 2582 3523 nullis
2632 3476 2649 3522 :
2701 3433 3054 3515 Ediﬁcemus
3114 3448 3372 3518 templum
3437 3444 3509 3496 ita
3566 3451 3621 3493 ttt
3674 3449 3883 3505 petram
3940 3433 4007 3484 ad

2417 3558 2619 3615 Keblah
2650 3562 2994 3610 statuamus;
3020 3544 3153 3596 dixit
3181 3539 3346 3595 Omar
3376 3552 3391 3589 ε
3419 3533 3792 3601 Nequaquam,
3823 3539 4009 3577 verum

2424 3653 2493 3705 ita
2538 3645 2792 3714 templum
2837 3649 3112 3696 struemus
3145 3640 3203 3685 ut
3238 3640 3440 3699 petram
3479 3625 3543 3677 ad
3580 3634 3785 3691 partem
3830 3619 4008 3685 ipsius

2427 3708 2785 3808 posteriorem
2829 3726 3184 3780 collocemus.
3237 3714 3446 3770 Struxit
3499 3724 3627 3777 ergo
3664 3708 3832 3761 Omar
3870 3716 4010 3757 tent-

2430 3796 2580 3896 plum
2640 3824 2792 3887 cujus
2842 3820 2898 3871 in
2951 3821 3103 3882 parte
3159 3804 3461 3876 posteriore
3522 3807 3731 3869 petram
3789 3796 4014 3849 statuit.

2428 3888 2635 3977 beiude
2666 3910 2980 3967 Bethlehem
3016 3902 3085 3959 ad
3115 3914 3234 3955 eam
3258 3895 3535 3951 visendam
3561 3888 3860 3960 profectus,
3892 3902 4017 3938 cum

2430 4011 2647 4065 adesset
2696 3999 2959 4060 orationis
3013 4006 3248 4061 tempus,
3288 3989 3432 4041 intra
3483 3981 3769 4037 ecclesiam
3819 3977 4021 4046 239-

2432 4460 2694 4517 orandum
2748 4453 2819 4506 ibi
2858 4450 3106 4517 .coireut,
3158 4454 3336 4507 neque
3396 4438 3462 4489 ad
3519 4444 3711 4500 preces
3758 4426 4026 4495 pra-conis

2358 4533 2402 4587 θ
2437 4566 2567 4607 voce
2596 4551 3067 4602 convocarentur;
3106 4546 3282 4600 neque
3323 4532 3626 4579 mutaretur
3667 4521 3718 4571 in
3748 4533 3817 4571 eo
3867 4516 4027 4582 quil-

2436 4659 2621 4718 qnam.
2651 4641 2716 4693 At
2741 4645 2983 4702 tempore
3011 4630 3111 4682 hoc
3139 4634 3321 4676 nostro
3346 4627 3532 4671 centra
3564 4612 3743 4664 ierunt
3775 4608 4027 4659 Malloni-

3129 4714 3154 4718 _
3292 4708 3337 4718 ..
3462 4705 3470 4713 .
3522 4713 3562 4718 _
3900 4698 3979 4718 θη,

2438 4697 2651 4789 medani
2688 4697 2871 4782 Omari
2909 4718 3083 4774 Ehnol
3118 4708 3340 4767 Chetabi
3368 4705 3592 4771 scripto.
3622 4697 3758 4750 Nam
3808 4709 3863 4748 et
3898 4698 4027 4747 sub-

2440 4786 2553 4877 lato
2625 4831 2791 4886 opere
2870 4812 3144 4876 variegato
3202 4802 3269 4854 ab
3329 4810 3502 4857 areu,
3561 4787 3830 4860 quidquid
3903 4786 4032 4855 ipsis

2441 4918 2611 4969 visum
2663 4910 2762 4963 fuit
2800 4903 2998 4959 ibidem
3045 4895 3404 4963 scripserunt,
3438 4894 3492 4938 et
3539 4882 3606 4933 ad
3661 4894 3857 4946 preces
3892 4879 4033 4928 coice

2442 5016 2592 5069 runt,
2623 5000 2939 5057 hominibus
2963 4990 3229 5064 prmconis
3254 4998 3386 5037 voce
3412 4972 3745 5032 convocatis.
3775 4970 4033 5036 Idemque

2446 5101 2689 5154 fecerunt
2721 5096 2885 5147 etiam
2941 5091 2991 5141 in
3045 5080 3307 5153 gradibus
3354 5071 3446 5141 qui
3481 5070 3632 5139 juxta
3689 5073 3908 5131 portam
3945 5075 4034 5112 cc-

2446 5190 2622 5245 clesiae
2649 5179 2995 5240 Constantini
3025 5177 3265 5233 fuerant,
3292 5177 3456 5232 super
3487 5172 3626 5226 quos
3644 5154 3821 5208 oravit
3845 5153 4033 5207 Uinar,

2446 5282 2661 5349 sibique
2715 5283 2991 5328 sumentes
3039 5261 3327 5319 dimidium
3382 5250 3633 5306 vestibuli
3684 5239 3936 5297 ecclesia:
3985 5240 4034 5325 in

2453 5328 2897 5443 ipsojoratorium
2926 5356 3330 5413 exstruxerunt,
3351 5342 3496 5414 quod
3522 5335 3819 5393 oratorium
3848 5328 4036 5384 Omail

2454 5464 2784 5518 vocitarunt.

2522 5554 2691 5608 Porro
2724 5556 2968 5603 mortuus
3000 5549 3081 5595 est
3116 5531 3458 5607 Sophronius
3492 5518 3805 5595 patriarcha
3840 5513 4033 5568 Hiero-

2459 5645 2838 5719 solyniitanus,
2884 5644 3165 5707 postquam
3195 5604 3430 5683 munere
3464 5618 3553 5674 illo
3596 5622 3835 5685 quatuor
3880 5604 4039 5660 annis
