4210 6428
188 421 318 491 1101

1624 407 1985 469 ANNALES.

3300 410 3426 471 illi!

184 537 399 588 l'unctns
428 537 593 585 esset.
647 527 773 581 Post
814 534 1045 581 mortem
1097 531 1276 577 autem
1319 521 1490 591 ipsius
1537 534 1601 573 ex
1654 534 1761 587 quo
1792 524 1833 580 Λ
1866 532 1970 585 set,
2007 522 2077 575 ita
2122 522 2211 574 ille
2249 522 2348 590 ipsi
2394 522 2658 590 scripsit:
2702 524 2872 577 Sct'vn
2916 524 3035 575 nisi.
3089 524 3131 575 υ
3158 540 3288 576 nam
3319 527 3371 579 ιςέ
3399 547 3429 580 n

188 622 423 677 decessit
450 626 770 675 manserunt
792 614 1166 686 Hierosolyma
1195 614 1400 681 absque
1452 610 1760 679 patriarcha

184 729 356 767 annos
408 711 594 782 viginti
647 723 864 763 novem.
916 706 1086 761 Jussit
1143 715 1323 758 autem
1375 701 1539 757 Omar
1592 696 1764 755 Ebnoi

183 807 277 861 Asi
307 804 514 876 paratis
538 802 709 870 copiis
736 800 1027 871 [Egyptum
1056 797 1363 867 proﬁcisci;
1398 794 1762 863 praecepitque

185 901 232 953 ei
266 910 321 950 ut
355 897 398 949 si
430 912 552 949 cum
592 896 657 949 ad
699 895 874 964 ipsum
905 890 1255 961 pervenirent
1284 888 1478 943 litterae
1512 887 1679 956 ipsius
1712 886 1763 939 in

184 990 393 1043 ditione
422 988 591 1058 Syria:
620 996 788 1050 esset,
823 983 1143 1038 subsisteret
1177 997 1274 1037 nec
1319 979 1545 1035 ulterius
1574 991 1762 1046 perge-

187 1093 299 1146 ret;
335 1082 417 1133 sin
475 1081 541 1133 ad
574 1080 748 1147 ipsum
801 1076 1172 1145 perferrentur
1210 1084 1501 1145 postquam
1542 1070 1762 1142 Egypti

189 1176 324 1227 lines
354 1172 635 1241 ingressus
669 1178 835 1233 esset,
868 1167 1304 1239 progrederetur.
1338 1163 1476 1218 Tum
1510 1176 1765 1218 reversus

187 1274 273 1319 est
302 1266 471 1316 Omar
498 1260 668 1315 Ebnol
695 1261 919 1316 Chetabi
952 1261 1021 1315 ab
1056 1256 1445 1326 llierosolymis
1474 1255 1764 1309 Medinam.

190 1356 307 1409 Abu
343 1353 505 1423 292
547 1352 790 1408 Obaidah
823 1362 1001 1406 autem
1038 1349 1204 1404 Ebnol
1245 1348 1420 1403 larabi
1462 1348 1720 1402 llamsum
1750 1358 1764 1405 ;

189 1444 316 1498 dein
347 1443 548 1497 Hainso
574 1443 934 1497 Kenasrinum
972 1439 1249 1511 profectus
1284 1450 1389 1493 est.
1426 1435 1767 1505 Scripsitque

191 1534 257 1587 ad
295 1533 468 1601 ipsum
503 1530 791 1587 Kenasrini
834 1530 1116 1599 patricius,
1167 1530 1271 1583 sibi
1317 1528 1480 1581 unius
1515 1525 1638 1579 anni
1686 1525 1769 1577 in-

192 1628 387 1680 ducias
421 1635 630 1693 petens,
678 1638 785 1691 quo
813 1622 881 1675 ad
918 1620 1228 1677 lleraclium
1259 1621 1644 1689 imperatorem
1678 1631 1768 1669 ac-

192 1717 453 1772 cederent
483 1716 747 1780 homines,
772 1725 936 1785 ulque
967 1714 1060 1784 qui
1090 1713 1165 1767 ibi
1200 1718 1483 1765 manerent
1512 1710 1565 1763 in
1597 1708 1770 1763 foedus

192 1822 243 1863 et
294 1820 507 1879 pactum
555 1810 951 1879 reciperentur.
987 1806 1085 1862 Cui
1136 1819 1261 1857 cum
1317 1802 1600 1857 annuisset
1648 1802 1766 1856 Abu

1867 610 2115 671 Chetabi,
2152 612 2389 667 ﬁdelium
2436 611 2795 677 imperatori;
2839 613 2981 681 quod
3030 627 3169 682 aegre
3208 612 3433 685 [primo]

1869 703 1991 756 tulit
2037 702 2202 757 Omar
2252 705 2424 758 Ebnol
2480 704 2728 769 Chetabi,
2790 722 2964 774 neque
3010 706 3249 775 agnovit.
3304 709 3436 761 Dcitt

1867 798 2005 851 dixit
2039 812 2051 848 :
2091 795 2201 865 Ego
2232 811 2353 850 sum
2390 812 2580 851 servus
2616 797 2733 860 Dei,
2766 810 2865 866 ego
2899 794 3062 849 Omar
3099 798 3265 852 Ebnol
3300 799 3436 853 (Ihe-

1871 888 2002 952 tabi,
2031 904 2130 957 ego
2165 888 2395 941 ﬁdelium
2428 891 2763 958 imperator;
2790 904 2972 943 verum
3004 890 3137 942 dixit
3167 892 3230 945 Al
3265 892 3433 961 Mugi-

1869 981 1964 1034 rah
2000 980 2114 1035 Ebn
2163 978 2408 1034 Shaabae.
2450 981 2764 1049 Appﬁlatus
2786 992 2867 1038 est
2898 982 3061 1052 296
3104 998 3231 1052 ergo
3274 984 3440 1039 Omar

1871 1074 2042 1126 Ebnol
2095 1070 2320 1125 Chetabi
2370 1071 2578 1125 Atuirol
2626 1071 2937 1135 Mumeuin,
2991 1089 3086 1128 Seu
3149 1074 3441 1143 imperator

1874 1162 2108 1216 ﬁdelium
2150 1172 2354 1229 :atqne
2394 1176 2457 1214 ex
2495 1174 2561 1214 eo
2598 1168 2843 1229 tempore
2874 1160 3117 1230 insigniti
3155 1170 3283 1217 sunt
3313 1163 3442 1217 cba~

1873 1252 1979 1307 lifa‘:
2004 1252 2183 1316 titulo,
2218 1251 2424 1307 Amirol
2458 1251 2759 1307 Mumenin.

1945 1343 2232 1413 Yazdejird
2279 1353 2459 1400 autem
2510 1346 2799 1401 Persarum
2851 1360 2944 1399 rex
3008 1345 3197 1401 auditu
3244 1347 3446 1401 certior

1873 1436 2046 1491 factus
2095 1437 2161 1490 dc
2201 1436 2435 1488 adventu
2484 1435 2642 1489 Saadi
2690 1437 2800 1490 Ebn
2839 1437 2938 1491 Abi
2982 1437 3260 1501 Wakkasi,
3294 1438 3448 1491 fami-

1872 1528 1999 1582 liam
2032 1542 2189 1582 suam
2224 1541 2287 1579 ac
2317 1526 2605 1582 thesauros
2638 1525 2694 1580 in
2725 1526 2918 1581 Sinam’
2939 1528 3214 1598 deportari
3245 1528 3402 1595 jussit
3431 1548 3444 1593 ;

1874 1621 2048 1692 copiis
2078 1635 2306 1675 nun‘iero
2338 1620 2545 1689 paucis,
2595 1635 2658 1673 ac
2698 1619 3048 1676 facultatibus
3094 1622 3324 1677 modicis
3360 1639 3445 1677 re-

1876 1713 2061 1777 tentis;
2098 1714 2465 1781 prazl'ectoque
2495 1710 2558 1764 Al
2596 1708 2902 1781 Madayeno
2936 1710 3188 1766 Chorado
3218 1713 3282 1766 Al
3310 1712 3445 1768 L‘zdi

1874 1804 2043 1858 fratre
2072 1802 2336 1867 Rostatni,
2374 1802 2695 1857 Rostamum
2730 1803 2876 1857 misit
2911 1812 3282 1874 Oppugnatum
3315 1805 3449 1857 Sua-

193 1900 472 1966 Obaidab,
510 1901 721 1970 rogavit
752 1899 1009 1968 patricius
1046 1898 1159 1952 Abu
1193 1895 1454 1951 Obaidam
1486 1893 1771 1948 utcolum-
1808 1887 1847 1940 Β
1876 1900 2002 1953 dum
2039 1896 2155 1951 Ebn
2197 1898 2297 1952 Abi
2334 1897 2613 1952 Wakkasi.
2657 1897 2752 1951 llle
2796 1912 2927 1967 ergo
2968 1899 3214 1953 Kadesiae
3262 1899 3443 1953 sedem

194 2010 318 2047 nam
384 2001 652 2047 statueret
708 1992 852 2047 inter
908 1990 1127 2045 Graecos
1182 1999 1237 2044 et
1291 1987 1773 2042 Moliammedanos

191 2094 460 2148 erectam,
489 2098 653 2154 quam
707 2097 883 2154 neque
920 2083 1154 2137 transire
1197 2078 1661 2135 Mobammedauis
1708 2077 1775 2131 ad

192 2176 420 2230 Crmcos
482 2176 686 2239 liceret,
746 2190 849 2229 nec
895 2174 1100 2228 Graecis
1155 2174 1219 2225 ad
1272 2172 1773 2233 Mohammcdanos,

192 2282 298 2333 qua
374 2267 428 2319 in
498 2268 752 2321 columna
818 2266 1048 2335 eﬁigiem
1124 2264 1361 2319 lleraclii
1434 2262 1775 2332 imperatoris

196 2355 452 2427 [throno]
495 2360 643 2427 regio
672 2357 959 2413 insidentis
990 2357 1308 2426 pinxerant.
1345 2355 1496 2421 Quod
1530 2364 1584 2409 et
1616 2370 1777 2409 acce-

197 2461 350 2519 pturu
389 2450 580 2503 habuit
624 2450 738 2503 Abu
769 2447 1009 2505 Obaidaa.
1055 2448 1190 2501 Dum
1228 2456 1412 2500 autem
1446 2446 1601 2511 equis
1643 2460 1777 2498 con-

198 2543 419 2597 scensis
447 2558 476 2595 c
509 2540 971 2595 Mobauunedanis
1002 2539 1219 2607 quidam
1252 2536 1527 2607 equitandi
1574 2546 1690 2590 arte
1725 2549 1781 2589 se

195 2642 536 2693 exercerent,
567 2645 693 2684 ecce
730 2631 846 2683 Abu
885 2628 1115 2684 llaudali
1155 2627 1267 2680 Ebu
1303 2628 1453 2680 Amri
1490 2628 1647 2695 pleno
1684 2625 1782 2679 im-

199 2734 327 2791 petu
362 2736 504 2788 equo
534 2736 633 2774 suo
669 2732 875 2781 vectus.
909 2735 1073 2773 manu
1109 2720 1317 2772 hastam
1357 2724 1548 2771 tenens
1573 2716 1779 2771 colum-

201 2829 329 2866 nam
373 2813 531 2867 istatn
562 2821 723 2881 atque
757 2812 983 2881 elﬁgiem
1020 2810 1260 2873 transiit,
1297 2808 1611 2877 ferrumque
1635 2810 1780 2878 quod

202 2906 270 2959 ad
305 2903 619 2957 inferiorem
665 2904 835 2957 hastae
868 2918 979 2955 suae
1023 2912 1230 2969 partem
1273 2910 1443 2965 esset,
1477 2901 1637 2955 oculo
1667 2899 1783 2955 elﬁ-

202 2998 333 3066 giei,
370 2997 515 3050 haud
551 2996 677 3048 data
720 3008 905 3062 opera.
940 2992 1167 3063 inﬁgens
1199 2992 1303 3063 ipsi
1336 2994 1556 3047 oculum
1594 2996 1787 3044 conto-

206 3087 308 3140 dit.
357 3084 630 3139 Patricius
678 3098 807 3152 ergo
858 3081 1141 3136 Kenasrini
1190 3089 1457 3136 accedens
1509 3080 1645 3132 duit
1686 3077 1784 3133 Abi

206 3176 431 3231 Obaidae
478 3193 489 3228 :
527 3174 794 3228 Fraudem
829 3173 985 3227 nobis
1041 3172 1271 3236 fecistis,
1319 3186 1352 3225 ο
1384 3171 1540 3226 turba
1587 3171 1784 3225 Music-

208 3282 450 3335 niorum,
482 3267 684 3322 violata
722 3280 873 3335 pace,
902 3273 1067 3333 atque
1098 3263 1334 3317 induciis
1365 3279 1485 3334 quae
1515 3264 1655 3318 inter
1686 3280 1785 3320 nos

207 3367 369 3412 erant
412 3359 629 3412 solutis.
682 3357 905 3411 Dicente
952 3355 1067 3409 Abu
1101 3355 1342 3410 Obaidah
1374 3375 1388 3411 :
1423 3355 1487 3408 Et
1534 3357 1783 3424 quisnam

209 3450 390 3519 ipsum
421 3450 690 3504 violavit?
719 3447 1020 3519 Respondit
1053 3447 1321 3503 Patricius
1353 3467 1365 3502 :
1401 3446 1494 3501 ltle
1523 3447 1614 3517 qui
1642 3447 1786 3517 regis

210 3545 387 3597 nostri
415 3544 632 3597 oculqu
686 3542 934 3597 confixit.
969 3540 1113 3594 Dixit
1160 3541 1277 3593 Abu
1319 3538 1563 3593 Obaidah
1597 3557 1610 3591 :
1648 3538 1785 3603 Quid

208 3651 341 3705 ergo
375 3636 581 3690 vultis?
607 3634 1032 3704 Responderunt
1068 3653 1080 3687 :
1120 3632 1235 3687 Non
1266 3633 1425 3686 aliter
1458 3632 1790 3703 placabimur

210 3743 375 3795 quam
430 3728 476 3782 si
522 3728 668 3796 regis
722 3728 887 3782 vestri
942 3726 1133 3781 oculus
1176 3733 1420 3780 eruatur.
1474 3724 1618 3778 Dixit
1670 3725 1789 3779 Abtt

211 3822 457 3881 Obaidah
487 3838 501 3875 :
538 3822 789 3876 Statuam
822 3830 994 3871 meam
1020 3816 1203 3884 ponite
1228 3815 1349 3870 loco
1372 3816 1566 3883 istius;
1596 3815 1792 3871 deinde

214 3912 577 3985 293-295
629 3910 755 3976 quid
806 3906 963 3962 vobis
1009 3906 1232 3962 libuerit
1281 3922 1346 3961 ac
1405 3907 1579 3961 visum
1630 3906 1794 3962 fuerit

212 4009 403 4063 facile.
446 4002 863 4070 Responderunt
899 4017 912 4053 :
950 3996 1067 4053 Non
1108 3998 1215 4051 alia
1263 3998 1422 4052 nobis
1468 4000 1643 4067 imago
1682 3998 1795 4065 pla-

216 4102 366 4153 cebit
395 4111 558 4166 quam
604 4094 747 4162 regis
795 4091 962 4146 vestri
993 4088 1237 4153 maximi,
1270 4088 1324 4143 in
1370 4104 1480 4156 quo
1521 4097 1795 4142 annuente

219 4190 361 4258 ipsis
417 4188 532 4240 Abu
592 4183 799 4240 Obaida
851 4198 977 4237 cum
1029 4182 1289 4237 fecissent
1338 4179 1510 4235 Graeci
1557 4187 1793 4233 statuam

220 4280 409 4335 Omari
465 4277 624 4332 Ebnil
678 4276 902 4331 Chetabi
958 4274 1226 4328 accedens
1273 4288 1339 4327 ex
1386 4272 1521 4342 ipsis
1575 4271 1797 4341 quidam

221 4373 382 4425 basta
425 4370 639 4423 oculum
673 4369 777 4437 ipsi
814 4367 1061 4421 conﬁxit.
1099 4366 1237 4419 Tum
1271 4364 1543 4420 Patricius
1574 4381 1590 4419 :
1622 4363 1797 4429 Nunc,

224 4460 427 4528 inquit,
455 4460 604 4527 juste
644 4457 931 4512 nobiscum
963 4456 1177 4525 egistis.
1209 4453 1369 4509 Anno
1412 4454 1580 4523 igitur
1606 4462 1799 4511 exacto

1879 1991 2045 2062 ﬁgens
2078 1990 2149 2045 ibi
2194 1991 2514 2060 permansit,
2552 1992 2722 2046 donec
2759 1990 3117 2045 occideretur.
3156 1992 3308 2056 Quod
3357 1993 3448 2046 ul..i

1879 2080 2198 2149 Yazdejirdo
2238 2082 2547 2136 nuntiatum
2587 2092 2753 2144 esset,
2784 2082 3099 2151 videretque
3133 2097 3294 2152 quam
3323 2098 3448 2151 ergo

1879 2174 2056 2244 ipsum
2100 2175 2303 2244 obliqui
2344 2185 2528 2230 essent
2573 2182 2803 2245 populus
2852 2186 3012 2246 atque
3043 2178 3312 2233 exercitus
3341 2178 3450 2241 sui,

1880 2281 2151 2335 quamque
2182 2268 2538 2336 immorigeri,
2576 2283 2637 2320 ac
2669 2268 2895 2336 periisse
2927 2271 3200 2327 exercitus
3225 2273 3307 2325 sui
3346 2274 3451 2341 pri-

1883 2360 2106 2424 marios,
2159 2369 2325 2427 atque
2386 2358 2529 2412 inter
2576 2359 2727 2428 ipsos
2780 2360 3110 2414 discordiam
3164 2377 3303 2428 esse,
3357 2380 3453 2433 pro

1885 2460 2034 2505 certo
2088 2448 2279 2502 habuit
2325 2459 2469 2502 retro
2521 2449 2600 2501 ire
2650 2464 2876 2519 regnum
2927 2466 3111 2506 suum.
3174 2450 3352 2516 Quare
3400 2454 3452 2507 in

1887 2541 2123 2594 Peisiam
2159 2538 2435 2605 profectus
2466 2539 2588 2592 inde
2618 2538 2797 2593 Meran
2835 2556 3025 2595 versus
3060 2557 3153 2610 per
3182 2544 3322 2598 viam
3357 2543 3452 2598 Se-

1880 2627 2079 2697 jvstaui
2131 2630 2392 2698 perrexit,
2442 2630 2615 2683 donec.
2670 2630 2742 2683 ibi
2798 2631 3236 2697 interﬁceretur;
3282 2649 3456 2703 neque

1889 2734 2123 2789 unquam
2148 2720 2410 2773 bellorum
2440 2730 2493 2775 ct
2515 2722 2917 2775 dissensionum
2944 2738 3137 2805 expers
3163 2724 3263 2778 fuit
3288 2742 3458 2795 usque

1886 2811 2013 2865 dum
2071 2812 2433 2866 occideretur.
2482 2812 2745 2879 Regnavit
2795 2824 2975 2868 autem
3021 2831 3192 2871 annos
3248 2819 3456 2887 viginti.

1888 2903 2051 2953 Omar
2087 2910 2272 2955 autem
2302 2901 2529 2956 Chetabi
2562 2902 2701 2956 ﬁlius
2743 2903 2829 2956 ubi
2866 2902 3132 2958 Mediuam
3172 2910 3453 2974 pervenis-

1889 3001 1989 3053 set,
2026 2992 2243 3061 scriptis
2286 2992 2483 3048 litteris
2527 2992 2783 3047 Omarum
2816 2994 2987 3049 Ebnol
3025 2999 3115 3051 Asi
3159 2998 3458 3055 Palaestina:

1890 3084 2213 3153 pr:rfectura
2249 3085 2543 3149 abdicavit,
2571 3086 2783 3155 jussnm
2813 3089 3055 3143 collectis
3086 3092 3255 3159 copiis
3287 3092 3453 3163 A333“-

1890 3188 2039 3243 ptum
2106 3175 2352 3230 tendere.
2412 3175 2693 3230 Moawiam
2757 3192 2882 3231 vero
2936 3178 3048 3232 Ebn
3103 3181 3200 3234 Abi
3254 3183 3455 3252 Solyau

1889 3266 2181 3330 Askelano,
2244 3267 2519 3332 Cmsarcm,
2575 3277 2629 3322 et
2681 3269 2977 3324 l’almstiuaa
3030 3274 3305 3340 pt‘miecit,
3364 3278 3456 3344 qui

1887 3359 2190 3412 Caesaream
2232 3365 2284 3412 et
2313 3359 2641 3413 Askelanum
2682 3363 2860 3429 gladio
2902 3365 3068 3433 cepit,
3119 3366 3278 3434 idque
3316 3384 3460 3421 anno

1889 3449 2177 3504 cbalifatus
2218 3448 2402 3503 Omari
2452 3450 2609 3503 Ebnil
2646 3453 2871 3507 Chetabi
2913 3457 3162 3523 septimo.
3202 3460 3335 3513 Tum
3365 3477 3459 3514 ac-

1890 3539 2104 3594 cedenti
2140 3540 2408 3595 Utbmano
2442 3540 2593 3595 Ebnil
2624 3544 2850 3611 Aphano
2881 3547 2945 3598 ad
2979 3546 3233 3603 Ornat-um
3270 3553 3459 3621 297-

1892 3631 2057 3701 299
2095 3631 2246 3685 Ebnil
2285 3632 2532 3696 Chetabi,
2570 3648 2693 3687 cum
2740 3636 2967 3691 dixisset
3002 3638 3186 3704 Omar,
3237 3644 3461 3712 scriptis

1892 3724 1958 3777 ad
1994 3723 2219 3778 Amrum
2274 3723 2446 3778 Ebnol
2480 3724 2571 3777 Asi
2615 3725 2811 3781 litteris
2859 3728 3031 3796 ipsum
3084 3730 3364 3788 Palmstiua
3407 3748 3463 3789 et

1893 3816 2138 3871 Caesarea
2176 3816 2510 3880 abdicatum,
2541 3816 2833 3887 Egyptqu
2865 3820 3014 3874 adire
3041 3824 3201 3891 jussi,
3237 3826 3458 3881 Moawia

1895 3904 2014 3960 Ebn
2060 3906 2161 3961 Abi
2205 3905 2405 3977 Sofyan
2440 3907 2739 3963 Palaestime
2784 3918 2836 3964 et
2888 3912 3143 3969 Caesareae
3186 3920 3461 3985 praefecte.

1895 3996 2225 4061 Otlimanus,
2280 3997 2433 4053 Nosti
2490 4000 2734 4069 (inquit),
2779 4016 2812 4056 o
2863 4002 3162 4073 imperator
3205 4009 3461 4074 ﬁdelium,

1896 4087 2157 4141 Omarutn
2195 4088 2456 4143 audacem
2485 4105 2623 4155 esse,
2652 4104 2715 4144 ac
2751 4094 3105 4162 praecipitem,
3140 4098 3463 4170 imperiique

1898 4192 2193 4245 amantem,
2222 4190 2406 4235 metuo
2434 4196 2563 4251 ergo
2593 4196 2660 4237 ne
2688 4183 2969 4252 profectus
3003 4186 3123 4242 sine
3156 4188 3222 4244 iis
3264 4192 3466 4260 quibus

1899 4271 2171 4327 conﬁdere
2202 4273 2401 4342 possit,
2434 4273 2516 4328 vel
2563 4274 2683 4330 sine
2710 4277 2904 4345 copiis,
2940 4277 3253 4336 Moslemios
3288 4286 3470 4352 perdi-

1903 4362 2035 4417 tioni
2061 4371 2312 4431 exponat,
2336 4366 2799 4433 opportunitatem
2826 4382 3073 4435 sperans,
3094 4384 3213 4437 quae
3239 4375 3465 4433 nesciat.

1902 4467 2000 4520 pro
2042 4453 2160 4521 ipso
2208 4466 2277 4506 an
2318 4461 2508 4507 contra
2560 4454 2737 4522 ipsqu
2788 4454 2972 4511 faciat.
3030 4459 3291 4516 Poenituit
3340 4479 3470 4533 ergo

225 4566 418 4620 pacem
465 4557 515 4603 et
561 4547 740 4602 fmdus
785 4547 1165 4601 observarunt.
1204 4543 1358 4613 Cepit
1400 4552 1583 4599 autem
1629 4543 1798 4613 Aiyad
1836 4564 1877 4620 υ
1907 4543 2163 4599 Otuarum
2192 4541 2634 4611 EhnolChetabi,
2660 4547 2802 4616 quod
2831 4547 2899 4601 ad
2926 4551 3146 4605 Amrum
3176 4552 3345 4608 Ebuol
3375 4558 3467 4608 Asi

224 4643 339 4695 Ehe
388 4639 623 4704 Ganam,
664 4637 1135 4707 Mesopotamiam,
1186 4636 1427 4690 Rakkam
1478 4645 1530 4691 et
1568 4635 1798 4701 Roham,

225 4731 525 4785 securitate
575 4730 709 4798 ipsis
747 4739 800 4785 et
847 4744 981 4799 pace
1028 4737 1207 4797 pacta.
1257 4727 1568 4798 Almogirab
1620 4736 1799 4781 autem

228 4822 619 4889 Aderbijanum
649 4821 827 4890 gladio
853 4821 1204 4891 expugnavit.
1235 4819 1451 4876 Primus
1491 4828 1669 4875 autem
1697 4820 1801 4874 fuit

230 4913 549 4984 Almogirah
605 4912 698 4983 qui
749 4911 1009 4967 Omarum
1064 4911 1238 4966 Ebnil‘
1289 4911 1538 4976 Chetabi,
1591 4911 1800 4966 Amirol

234 5006 554 5069 Mumenin,
613 5019 709 5059 seu
775 5003 1158 5073 imperatorem
1209 5003 1449 5057 ﬁdelium
1490 5004 1800 5072 appellavit.

234 5097 498 5152 Homines
543 5094 809 5165 siquidem
861 5102 1071 5149 mortuo
1122 5094 1504 5148 Mahummede
1544 5095 1662 5147 Abu
1705 5093 1807 5148 Be-

235 5207 418 5258 crum,
461 5189 749 5253 Chalifam,
793 5202 891 5241 seu
929 5186 1189 5241 vicarium
1239 5186 1415 5240 nuntii
1458 5186 1550 5239 Dei
1601 5187 1806 5240 vocita—

237 5285 393 5338 bant.
425 5281 669 5350 Curaque
707 5279 774 5334 ad
807 5278 981 5349 ipsum
1020 5279 1321 5335 scriberent
1355 5278 1529 5349 ipsius
1568 5279 1802 5348 praefecti

235 5376 484 5431 scribere
530 5373 780 5430 solebant
824 5371 1091 5428 :Vicario
1138 5371 1316 5426 nuntii
1368 5370 1485 5436 Dei,
1534 5388 1563 5426 a
1592 5371 1656 5424 N.
1694 5384 1803 5425 etc.

234 5470 376 5522 Cum
407 5481 538 5537 ergo
565 5466 848 5535 imperium
886 5465 1215 5520 obtinuisset
1246 5462 1412 5519 Omar
1444 5463 1633 5518 Ebnot‘
1663 5463 1805 5517 Che-

239 5561 574 5628 tabi,ipsum
618 5558 880 5613 vicarium
924 5556 1114 5611 vicarii
1160 5555 1334 5610 nuntii
1378 5556 1473 5610 Dei
1519 5555 1808 5624 insignive-

242 5664 372 5709 runt
406 5668 421 5704 :
458 5660 512 5705 et
546 5666 670 5705 cum
703 5652 768 5703 ad
795 5651 970 5719 ipsum
1017 5651 1230 5705 litteras
1255 5650 1468 5713 darent,
1499 5650 1821 5704 scribebant.

240 5746 484 5818 pri-fecti
513 5745 681 5814 ipsius
709 5742 960 5799 :V'icario
991 5743 1179 5797 vicarii
1215 5744 1386 5796 nuntii
1420 5741 1513 5797 Dei
1548 5756 1575 5793 a
1608 5740 1808 5795 Μίδαις..

242 5845 310 5890 At
338 5852 462 5894 cum
492 5837 555 5891 Al
587 5834 845 5904 Magiram
877 5834 994 5891 Ebn
1027 5833 1255 5892 Sliaabae
1285 5833 1500 5891 Basorae
1534 5832 1810 5903 pra-fecis-

1910 4634 2245 4704 scripsisset,
2278 4635 2398 4704 ejus
2429 4636 2574 4703 quod
2615 4637 2828 4691 dixerat.
2863 4635 3165 4695 Othmanus
3202 4653 3472 4699 metuens.

1909 4725 2145 4780 Rursum
2191 4740 2321 4796 ergo
2360 4726 2425 4780 ad
2470 4727 2645 4795 ipsum
2691 4729 2938 4783 scribens
2975 4745 2990 4783 :
3035 4730 3091 4783 Si
3129 4736 3476 4799 pervenerint

1910 4818 2128 4889 (inquit)
2180 4819 2244 4873 ad
2293 4826 2345 4871 te
2382 4818 2573 4873 litterae
2603 4819 2719 4874 ista:
2749 4828 3040 4889 antequam
3069 4823 3285 4893 Aigypti
3315 4827 3411 4880 diti
3440 4852 3477 4870 τ-

1910 4925 2033 4964 nem
2083 4912 2363 4980 ingressus
2409 4911 2599 4973 fueris,
2650 4926 2714 4965 eo
2756 4912 2897 4966 unde
2932 4913 3210 4981 profectus
3256 4932 3337 4981 es,
3389 4934 3475 4971 rc-

1910 5005 2040 5058 dt-as
2068 5019 2082 5067 ;
2112 5003 2258 5071 quod
2292 5003 2335 5057 si
2376 5003 2658 5071 ingressus
2690 5001 2879 5069 fueris,
2906 5018 3068 5074 perge
3097 5022 3203 5074 qua
3232 5010 3473 5076 cmpisti.

1914 5095 2190 5150 Assccutis
2242 5102 2420 5147 autem
2479 5094 2674 5148 litteris
2718 5094 2969 5161 Amr-um,
3018 5112 3139 5150 cum
3194 5096 3477 5168 Raphachi

1914 5198 2081 5247 esset,
2110 5195 2359 5240 metuens
2401 5184 2490 5239 ille
2530 5201 2596 5239 ne
2639 5184 2686 5239 si
2716 5195 2966 5255 acceptas
2995 5200 3089 5240 eas
3121 5188 3360 5256 aperiret
3397 5194 3479 5242 in—

1914 5278 2123 5334 veniret
2165 5277 2219 5329 in
2269 5277 2401 5346 ipsis
2444 5274 2814 5348 [mandatum]
2859 5276 3147 5342 redeundi,
3197 5280 3402 5334 litteras
3448 5296 3475 5331 ει

1916 5371 2110 5425 nuntio
2158 5368 2407 5437 accipere
2450 5382 2710 5431 renuens,
2760 5366 3049 5435 ipsumque
3090 5371 3375 5437 repelli-us.
3413 5385 3477 5421 eo
3558 5432 3569 5439 _

1916 5476 2025 5530 quo
2046 5469 2161 5516 erat
2191 5468 2335 5515 statu
2370 5460 2630 5528 perrexit,
2657 5459 2827 5537 donec
2851 5460 2903 5514 in
2936 5462 3055 5515 vico
3075 5444 3313 5529 quodam'
3339 5464 3480 5517 inter

1918 5552 2315 5621 Raphacuniet
2348 5552 2600 5621 Aris’num
2633 5559 2813 5604 castra
2842 5540 3084 5619 poneret.
3114 5550 3185 5605 De
3219 5567 3327 5619 quo
3354 5567 3475 5605 cum

1899 5648 2257 5713 .interrogans
2305 5656 2625 5710 responsum
2668 5641 2884 5695 tulisset
2912 5658 2927 5695 ;
2956 5639 3046 5695 Est
3084 5642 3173 5697 hic
3208 5659 3237 5696 e
3274 5643 3481 5697 ditioue

1921 5736 2173 5807 A‘Zgypti;
2207 5735 2471 5789 accersito
2498 5735 2692 5786 nuntio
2722 5731 2932 5786 litteras
2961 5733 3028 5785 ab
3064 5735 3184 5801 ipso
3210 5744 3481 5802 acceptas,

1923 5846 2028 5887 una
2064 5845 2187 5886 cum
2226 5830 2287 5883 iis
2318 5827 2408 5889 qui
2443 5841 2628 5882 secum
2668 5826 2893 5880 aderant
2926 5822 3276 5880 Moslrtninis.
3315 5827 3483 5896 perle‘
