4210 6428
763 423 900 492 liOii

1721 416 2079 481 EUTYCliii
2126 412 2664 476 ALEXANDRINI
2704 413 2923 477 PATR.

3876 413 4011 479 HM

768 542 863 612 git,
897 535 1149 605 dixitque
1188 531 1253 587 iis
1286 546 1298 586 :
1332 529 1413 584 Au
1459 542 1563 582 non
1597 528 1770 584 nostis
1799 526 1976 582 vicum
2017 524 2161 578 lumc
2196 537 2225 576 e.
2251 521 2331 577 di-
2361 526 2400 582 Α
2432 522 2567 578 dixit
2602 521 2733 593 ipsis
2769 540 2783 578 :
2816 521 3068 578 Pervenit
3104 522 3168 576 ad
3203 522 3408 579 Arabes
3437 523 3727 591 auxilium,
3779 542 4014 597 cinoque

765 611 912 684 tione
961 622 1175 695 Egypti
1217 620 1383 678 esse?
1424 628 1479 674 et
1522 616 1977 690 respondentibus
2010 631 2023 669 :
2060 612 2197 678 lmo,
2232 611 2336 665 lm-

765 727 982 789 perator
1016 714 1241 787 (inquit)
1289 712 1526 769 fidelium
1570 710 1754 781 jussit,
1786 706 2151 779 praecepitque
2179 703 2342 776 300

767 821 823 865 ut
857 810 900 865 si
933 814 1355 876 sssequerentur
1382 818 1468 859 me
1502 802 1698 857 litterze
1740 800 1914 870 ipsius
1953 798 2192 853 nondum
2230 809 2338 851 ter-

768 916 880 953 ruut
910 895 1288 967 Egyptiacam
1340 895 1673 965 ingressum,
1724 899 2060 954 rcverterer;
2110 885 2257 958 quod
2295 886 2339 941 si

768 1004 888 1041 eam
919 987 1031 1055 jam
1084 989 1412 1055 ingressum,
1458 996 1736 1052 pergerem
1767 998 1783 1035 :
1823 980 2028 1050 pergite
2056 993 2184 1046 ergo
2217 993 2340 1033 cum

771 1078 1150 1133 benedictione
1200 1075 1290 1128 Dei
1351 1082 1406 1127 et
1473 1072 1679 1126 auxilio
1745 1071 1941 1141 ipsius.
2002 1068 2217 1145 Ferunt
2253 1068 2341 1121 alii

771 1175 1014 1231 Amrum,
1045 1183 1167 1222 cum
1220 1166 1273 1220 in
1318 1164 1609 1221 Palaestina
1653 1170 1822 1228 esset,
1869 1160 2162 1232 Egyptutn
2219 1175 2343 1214 cum

771 1261 1063 1316 cemitibns
1085 1258 1200 1313 suis
1227 1256 1533 1327 proiectum
1569 1269 1689 1307 esse
1711 1268 1818 1305 non
1848 1254 2133 1320 impetrata
2164 1248 2346 1313 venia,

787 1351 1186 1422 scripsisseque
1235 1349 1302 1403 ad
1354 1349 1529 1414 ipsum
1584 1343 1843 1399 Omarum
1900 1342 2069 1397 Ebnol
2117 1343 2343 1395 Chetabi

771 1460 893 1498 eum
928 1443 1104 1497 adhuc
1134 1442 1268 1495 citra
1307 1440 1565 1493 Arishum
1598 1445 1785 1495 esset:
1826 1438 2003 1505 ipsum
2037 1449 2163 1488 vero
2195 1435 2343 1488 litte-

776 1550 862 1589 ras
896 1534 1037 1602 apud
1078 1545 1136 1584 se
1186 1540 1428 1584 retentas
1473 1542 1581 1581 non
1624 1527 1819 1595 legisse
1862 1525 2037 1579 donec
2090 1524 2347 1580 Arishum

779 1621 1114 1692 perveniret;
1168 1634 1232 1672 ac
1274 1626 1388 1671 tum
1437 1630 1529 1670 eas
1574 1615 1813 1683 legisse;
1861 1611 1916 1667 itt
1968 1613 2168 1682 quibus
2216 1614 2351 1666 scri-

779 1722 924 1782 ptum
961 1712 1061 1765 l'uit
1099 1726 1114 1764 :
1148 1711 1231 1765 Ab
1281 1707 1482 1763 Omaro
1518 1705 1685 1759 Ebuol
1734 1705 1961 1759 Chelabi
2013 1705 2079 1758 ad
2122 1705 2348 1757 Amrutn

780 1806 946 1859 t-Lbnol
982 1804 1097 1858 Asi.
1143 1800 1238 1857 llis
1270 1799 1610 1872 praemissis:
1654 1798 1939 1853 Proiectus
1982 1812 2041 1851 es
2094 1806 2148 1850 tu
2187 1796 2349 1865 IEgy-

2446 614 2584 668 hnud
2624 614 2794 669 simus
2826 615 2893 668 iis
2923 614 3327 686 oppugnandis,
3380 616 3558 671 securi
3592 630 3713 672 esse
3745 634 3853 673 non
3889 638 4015 692 pos-

2444 718 2657 770 sumus,
2685 718 2751 759 ne
2777 717 2958 758 arcem
2980 704 3264 775 capientes
3288 717 3388 760 nos
3420 706 3721 772 trucident;
3754 715 4016 777 quocirca

2449 796 2747 852 obstructis
2782 795 2926 851 arcis
2976 798 3171 865 portis,
3219 812 3400 868 pugna
3450 797 3599 866 ipsos
3634 799 3970 855 lacessamus
4006 817 4019 863 ;

2447 896 2613 954 atque
2648 902 2714 943 ex
2744 902 2870 943 arce
2923 887 2976 941 in
3012 887 3248 942 insulam
3288 889 3493 959 egressi
3522 889 3595 944 ibi
3628 890 4019 957 subsistatnus,

2447 978 2609 1031 ﬂuvio
2645 993 2743 1033 nos
2776 981 3109 1034 munientes.
3144 978 3363 1050 Egressi
3394 996 3525 1050 ergo
3557 980 3729 1036 Graeci
3762 999 3868 1036 una
3896 1000 4018 1039 cum

2449 1070 2780 1125 Multaukaso
2834 1083 2887 1125 et
2941 1082 3084 1127 centu
3168 1073 3471 1141 primorum
3519 1073 3898 1144 (.‘ophtitarum
3959 1092 4021 1129 ex

2448 1176 2601 1233 porta
2638 1165 2899 1227 australi,
2927 1166 3227 1219 comitante
3258 1165 3541 1219 hominum
3581 1168 3743 1222 turba
3772 1168 3863 1235 qui
3895 1182 4021 1221 cum

2448 1257 2725 1311 Arabibus
2760 1258 3416 1326 pugnarent,coosccnsis
3451 1258 3683 1311 navibus
3705 1260 3758 1312 in
3786 1260 4024 1314 insulani

2452 1357 2713 1402 venerunt
2743 1349 2962 1418 eogloco
2997 1349 3086 1403 ubi
3130 1358 3216 1403 est
3251 1348 3410 1403 hodie
3447 1337 3853 1413 ExcluSorium,
3886 1358 4018 1420 ‘pon-

2449 1449 2669 1508 temque
2722 1440 3199 1495 rescideruutzeo
3241 1452 3420 1495 autem
3479 1450 3723 1509 tempore
3759 1442 3865 1497 fuit
3916 1460 4027 1512 quo

2452 1531 2658 1583 auctior
2691 1529 2805 1583 [luit
2834 1527 3009 1584 Nilus.
3029 1531 3165 1583 Tum
3189 1531 3481 1585 linkaukas
3511 1532 3576 1585 ad
3600 1532 3827 1585 Amrum
3856 1534 4027 1588 Ebnol

2455 1622 2570 1685 Asi,
2602 1635 2665 1677 ac
2699 1622 2871 1690 ipsius
2908 1622 3138 1677 comites
3170 1624 3390 1678 mittens
3426 1641 3441 1678 :
3497 1622 3605 1678 Vos
3638 1625 3862 1694 (inquit)
3896 1642 4027 1692 gens

2453 1714 2589 1768 estis
2608 1715 2699 1783 qui
2736 1715 3006 1784 regionem
3033 1724 3275 1769 nostram
3305 1717 3562 1783 ingressi,
3597 1733 3773 1787 pugna
3804 1732 3904 1771 nos
3937 1733 4029 1770 ur-

2455 1803 2606 1856 sistis
2632 1803 2834 1871 diuque
2856 1806 2909 1858 in
2945 1813 3088 1860 terra
3114 1815 3301 1859 nostra
3327 1806 3676 1862 substitistis.
3696 1808 3816 1862 Jum
3845 1820 4027 1861 autem

780 1909 927 1968 ptutn
960 1913 1081 1952 cum
1131 1897 1200 1951 iis
1237 1896 1328 1966 qui
1359 1903 1537 1949 tecum
1584 1901 1710 1947 sunt
1743 1910 1757 1946 :
1791 1894 1844 1946 in
1879 1908 1985 1961 qua
2036 1906 2227 1957 magna
2269 1902 2353 1943 est
2390 1884 2427 1936 Β
2463 1893 2633 1944 cinxit
2661 1906 2759 1945 vos
2791 1893 2948 1948 Nilus
2991 1895 3116 1957 istc,
3164 1894 3400 1961 factique
3436 1896 3571 1949 estis
3625 1898 3876 1965 protinus
3902 1912 4031 1965 cap—

776 2010 806 2047 e
855 1991 1222 2044 Romanorum
1263 1988 1436 2056 cupiis
1485 1986 1795 2047 utnltitudo,
1858 1998 1982 2038 cum
2025 1991 2201 2035 tet-um
2254 1982 2348 2033 ho-

781 2084 955 2137 mines
986 2084 1095 2136 sint
1141 2095 1369 2133 nurnero
1416 2076 1592 2146 pauci.
1634 2076 1687 2129 Si
1735 2090 1864 2143 ergo
1915 2074 2153 2127 nomium
2186 2071 2353 2141 Aigy-

783 2184 929 2243 ptutn
956 2172 1222 2240 attigeris,
1263 2167 1349 2223 i'ac
1382 2170 1597 2222 redeas.
1644 2166 1853 2219 Dixisse
1885 2179 2013 2235 ergo
2053 2164 2303 2219 Ornarum
2336 2182 2350 2217 :

783 2270 1041 2327 Qumnam
1096 2271 1180 2315 est
1238 2261 1353 2314 haec
1404 2257 1590 2312 terra?
1636 2257 1882 2325 Cumque
1916 2257 2349 2323 responderent:

779 2355 1045 2427 Egyptus
1084 2371 1098 2408 :
1150 2350 1451 2422 profecturi:
1492 2348 1819 2417 porrexisse.
1864 2345 1966 2399 Alii
2002 2354 2181 2399 autem
2227 2346 2353 2397 Am-

786 2463 901 2501 rum
932 2461 1054 2500 cum
1082 2445 1321 2498 exercitu
1355 2440 1631 2507 suojuxta
1669 2437 1978 2493 Caesaream
2012 2438 2203 2499 fuisse,
2248 2451 2351 2488 una

783 2555 901 2592 eum
928 2536 1139 2590 caeteris
1176 2547 1297 2604 quae
1330 2532 1405 2587 ibi
1440 2537 1624 2585 essent
1654 2530 1829 2597 ccpiis
1864 2528 2034 2597 ipsam
2070 2526 2357 2581 obsidione

783 2633 1090 2699 eiiigcntes;
1155 2635 1320 2695 atque
1376 2620 1638 2678 Omarum
1700 2619 1872 2675 Ebnol
1931 2618 2202 2678 Chctabi,
2264 2618 2357 2687 qui

782 2723 952 2777 .labiw
988 2731 1104 2773 tum
1158 2718 1278 2781 fuit,
1330 2714 1472 2768 clam
1508 2713 1574 2767 ad
1630 2712 1806 2780 ipsum
1859 2708 2069 2763 litteras
2120 2707 2362 2763 misisse.

788 2816 967 2883 ipsum
1009 2823 1140 2875 ergo
1188 2806 1479 2876 {Egyptum
1529 2799 1896 2861 contendisse,
1952 2811 2086 2851 eove
2132 2796 2357 2865 jubente

788 2906 1016 2959 comites
1057 2904 1229 2973 ipsius
1280 2893 1556 2970 profectos
1590 2909 1711 2950 esse
1756 2892 1934 2946 instar
1974 2906 2164 2945 eorum
2210 2889 2299 2959 qui
2333 2906 2361 2942 a

790 3001 906 3051 loco
955 2996 1018 3049 ad
1076 2996 1253 3048 locum
1302 2988 1669 3060 propinquum
1723 2983 2185 3055 proﬁciscuntur,
2240 2980 2362 3033 dein

790 3096 951 3140 noctu
1006 3084 1110 3136 iter
1155 3080 1372 3135 iecisse.
1417 3078 1664 3144 Cumque
1701 3073 1813 3142 jatu
1871 3071 2085 3139 longius
2138 3067 2306 3139 prol‘ei
2329 3069 2365 3119 ti

790 3187 993 3238 t'SSCDl,
1027 3187 1165 3240 (egre.
1196 3170 1385 3223 tulisse
1412 3166 1707 3237 prmieetos
1734 3164 2015 3217 exercitus
2050 3161 2181 3214 illud
2220 3158 2363 3228 quod

2458 1979 2574 2032 tivi.
2601 1978 2797 2032 Mittite
2827 1995 2957 2048 ergo
2987 1982 3053 2034 ad
3086 1996 3187 2035 nos
3235 1981 3458 2036 noxiiinc
3509 1990 3693 2037 vestro
3727 1985 3967 2053 aliquem
4002 2000 4032 2038 a

2460 2082 2568 2135 quo
2618 2068 2744 2134 quid
2799 2069 2994 2123 dicatis
3050 2069 3369 2134 audiamus;
3415 2070 3596 2126 iorsan
3665 2087 3731 2127 eo
3788 2074 4034 2128 recident

2460 2161 2601 2213 inter
2636 2175 2734 2214 nos
2767 2173 2819 2214 et
2867 2176 2967 2214 \os
3017 2177 3102 2216 res
3142 2178 3253 2232 quo
3294 2164 3511 2231 utrique
3548 2166 3814 2227 velimus;
3869 2177 4034 2235 atque

2462 2251 2549 2304 isti
2580 2253 2719 2304 inter
2759 2267 2856 2305 nos
2898 2253 3189 2306 certamini
3225 2254 3348 2306 linis
3383 2255 3716 2323 imponetur.
3739 2255 3875 2308 Cum
3904 2272 4037 2325 ergo

2463 2343 2525 2393 ad
2554 2344 2775 2394 Atnrum
2815 2343 2986 2396 Ebnol
3023 2343 3115 2398 Asi
3149 2347 3522 2412 pervenissmit
3552 2345 3863 2400 Mulctukosi
3892 2364 4037 2401 nuu-

2462 2429 2541 2493 tii,
2601 2430 2747 2484 misit
2804 2430 2891 2484 ille
2939 2446 3059 2484 cum
3117 2432 3252 2500 ipsis
3309 2433 3533 2486 Aliud-ah
3583 2435 3749 2486 anol
3807 2435 4037 2495 δηιιιριί,

2465 2517 2605 2582 (erat
2634 2531 2813 2573 autem
2846 2519 3065 2572 Abadah
3092 2520 3276 2591 Niger)
3300 2524 3391 2591 qui
3425 2522 3512 2575 ubi
3548 2524 3613 2575 ad
3648 2523 4040 2577 Multaultasum

2466 2609 2747 2676 ingressus
2770 2620 2935 2671 esset,
2987 2612 3078 2664 illo
3115 2627 3278 2681 orape
3311 2615 3411 2667 sibi
3447 2614 3637 2668 sedere
3672 2615 3828 2682 jusso
3853 2632 3867 2669 :
3896 2617 4041 2680 Quid

2468 2707 2573 2762 est,
2598 2700 2795 2767 inquit,
2824 2699 2967 2778 quod
2999 2716 3026 2763 a
3063 2703 3221 2758 nobis
3255 2706 3457 2759 vultis?
3489 2706 3666 2760 iudica
3699 2708 3881 2761 nobis.
3939 2708 4043 2762 Cui

2469 2791 2693 2844 Abadah
2741 2809 2756 2845 :
2804 2790 2921 2845 Non
2980 2801 3065 2847 est
3118 2795 3343 2864 (inquit)
3398 2796 3540 2850 inter
3598 2813 3698 2852 nos
3753 2813 3816 2852 ac
3856 2800 4044 2869 305-

2468 2880 2626 2948 307
2662 2895 2754 2934 vos
2780 2883 2883 2935 nisi
2921 2897 2951 2936 e
2988 2884 3164 2938 tribus
3205 2886 3366 2940 rebus
3409 2903 3538 2951 una,
3598 2904 3831 2957 quarum
3868 2906 4044 2944 utram

2472 2972 2644 3025 maris
2668 2973 2842 3042 elige;
2898 2976 2970 3028 ita
3007 2977 3152 3029 enim
3180 2977 3312 3031 mihi
3345 2979 3397 3031 in
3432 2980 3701 3035 mandatis
3729 2981 3882 3035 dedit
3912 2982 4045 3041 dux,

2474 3071 2635 3127 atque
2664 3062 2806 3117 idem
2838 3064 2953 3133 ipse
2986 3066 3054 3121 ab
3086 3066 3418 3137 imperatore
3452 3072 3692 3125 ﬁdelium
3726 3073 4049 3125 mandatum

2476 3155 2716 3223 accepit;
2764 3171 2977 3224 nempe,
3024 3168 3082 3212 ut
3131 3162 3214 3214 vel
3272 3160 3585 3232 religionem
3621 3173 3861 3216 nostram
3925 3166 4055 3218 isle-

792 3236 1024 3326 l’ecisset,
1068 3236 1125 3318 se
1166 3265 1233 3315 ab
1274 3262 1391 3329 ipso
1416 3236 1775 3329 7301-303
1807 3256 2065 3322 deceptos
2100 3252 2366 3305 videntes.
2398 3236 2444 3297 ϐ
2480 3245 2720 3299 miticam
2758 3249 3185 3318 amplectamini,
3216 3262 3379 3321 atque
3411 3254 3480 3307 ita
3516 3256 3709 3309 fratres
3735 3256 3896 3310 nobis
3927 3273 4055 3310 eva-

793 3358 973 3425 l-Zuque
1023 3353 1241 3423 cognito
1282 3350 1345 3402 ad
1398 3350 1657 3401 Omaruzn
1700 3343 1872 3396 Ebooi
1918 3342 2141 3396 (Zhetahi
2192 3340 2368 3409 ipsum

792 3447 1072 3501 dctttiisst'.
1102 3442 1201 3508 Qui
1242 3441 1308 3494 ad
1344 3441 1521 3509 ipsum
1562 3435 1787 3504 scripsit
1823 3435 1988 3486 Amm
2044 3430 2219 3485 Ebnoi
2251 3430 2368 3493 Asi,

797 3543 880 3593 his
924 3536 1262 3606 pl'illiltiSSiS'.
1316 3530 1580 3598 llecepisti
1618 3542 1713 3581 cos
1759 3527 1850 3595 qui
1894 3534 2070 3578 tecum
2117 3531 2290 3587 sunt;
2326 3522 2370 3575 si

790 3644 920 3697 ergo
964 3625 1309 3696 pervenerint
1358 3621 1423 3674 ad
1475 3629 1531 3673 te
1582 3620 2021 3679 littcrmnostrw,
2080 3624 2371 3683 antequam

795 3720 1085 3790 .‘Egyplum
1136 3718 1416 3784 ingressus
1467 3710 1659 3771 fueris,
1705 3715 1982 3761 revertere
2026 3722 2041 3761 :
2093 3706 2177 3759 sin
2228 3714 2374 3774 post-

793 3826 953 3881 quam
990 3824 1108 3864 eam
1154 3809 1441 3875 ingressus
1490 3802 1660 3856 fueris
1692 3800 1757 3854 ad
1794 3809 1847 3853 te
1884 3798 2105 3868 perlatae
2151 3795 2372 3857 iuerint.

797 3916 1007 3971 pergas,
1042 3899 1293 3964 sciasque
1332 3911 1415 3946 me
1445 3908 1598 3962 opem
1634 3890 1729 3944 tibi
1757 3891 2019 3943 laturum.

870 3992 1150 4045 Proiectis
1197 3998 1328 4055 ergo
1377 3983 1669 4037 Phartnam
1723 3992 1917 4047 usque,
1979 3991 2221 4032 mensem
2278 3975 2375 4030 tibi

795 4079 1061 4144 substitit,
1108 4076 1286 4131 donec
1322 4074 1499 4144 ipsam
1532 4068 1816 4125 obsidione
1848 4069 2087 4122 cinctam
2130 4073 2374 4135 caperet.

801 4173 932 4227 Dein
966 4172 1200 4224 Mesrum
1235 4166 1537 4237 prolectus,
1569 4162 1660 4217 tibi
1693 4159 1923 4213 Romani
1958 4172 2084 4213 arce
2114 4172 2172 4211 se
2200 4156 2378 4210 muni-

801 4271 1009 4321 veraut,
1054 4272 1215 4328 quam
1258 4255 1419 4309 etiam
1465 4251 1609 4306 vallo
1656 4249 1901 4317 umlique
1953 4250 2260 4309 cinxerant,
2322 4244 2379 4298 in

801 4351 947 4423 quod
1001 4352 1187 4404 clavos
1254 4345 1465 4401 ferreos
1524 4342 1908 4411 coniecerant;
1966 4352 2147 4392 arcem
2211 4338 2375 4391 istam

808 4454 1016 4516 septem
1065 4439 1352 4495 mensibus
1398 4434 1734 4497 obsidentes,
1798 4431 2036 4500 graviter
2086 4430 2237 4498 ipsos
2279 4441 2377 4496 op-

2474 3338 2640 3399 datis,
2671 3339 2923 3409 idemque
2948 3358 3044 3411 pro
3072 3344 3228 3398 vobis
3260 3353 3313 3398 et
3344 3360 3439 3415 pro
3481 3347 3659 3410 nobis,
3694 3347 3833 3400 idem
3860 3357 4055 3401 contra

2477 3442 2575 3481 vos
2604 3443 2667 3482 ac
2695 3440 2885 3485 contra
2919 3448 3019 3487 nos
3048 3433 3236 3496 faciat;
3266 3434 3393 3507 [hoc
3419 3435 3600 3507 pacto]
3629 3454 3657 3490 a
3686 3453 3868 3507 pugna
3898 3439 4058 3494 vobis

2476 3518 2759 3574 inferenda
2808 3523 3154 3587 desistemus,
3216 3541 3393 3594 neque
3446 3527 3705 3580 damnum
3750 3528 3914 3581 vobis
3971 3532 4057 3581 in-

2477 3610 2628 3677 ferri,
2666 3614 2745 3666 vel
2787 3624 2843 3667 nt
2867 3617 2990 3683 quis
3015 3614 3067 3669 in
3111 3631 3207 3671 vos
3242 3618 3527 3671 intUI‘Sillli
3564 3618 3729 3672 faciat
3765 3621 4057 3688 permitte-

2479 3715 2622 3753 mus.
2656 3698 2810 3765 Quod
2835 3704 2880 3756 si
2914 3702 3193 3767 abuuatis,
3243 3704 3512 3757 tributum
3553 3707 3729 3769 nobis,
3773 3709 3921 3774 quod
3956 3723 4059 3762 no-

2479 3785 2561 3840 bis
2608 3787 2785 3841 visum
2826 3786 3011 3855 fuerit,
3062 3791 3358 3858 quotannis
3403 3791 3652 3860 pendatis
3707 3805 4061 3860 perpetuum.

2479 3878 2739 3945 quamdiu
2794 3880 3009 3950 utrique
3058 3881 3399 3949 superfuturi
3453 3896 3666 3945 sumus,
3730 3894 3898 3952 atque
3957 3884 4061 3938 hoc

2481 3982 2639 4038 paeto
2671 3984 2766 4024 vos
2791 3974 2859 4025 ab
2883 3972 3139 4027 omnibus
3175 3972 3271 4042 qui
3310 3986 3406 4026 vos
3444 3972 3689 4043 aggressi
3724 3973 3957 4035 fuerint,
3979 3977 4061 4029 vel

2480 4062 2571 4129 qui
2609 4063 2753 4131 quod
2788 4063 3109 4134 inaliquam
3150 4064 3391 4135 regionis
3448 4074 3643 4119 vestra:
3677 4073 3916 4133 partem,
3983 4068 4063 4119 vel

2481 4152 2620 4205 vitas
2651 4154 2733 4205 vel
2775 4151 3064 4208 facultates
3108 4165 3317 4209 vestras
3360 4154 3619 4207 damnum
3663 4155 3933 4216 intulerit,
3965 4158 4062 4210 de-

2484 4240 2800 4310 fendemus,
2832 4256 2994 4315 atqu‘e
3027 4246 3129 4301 hoc
3153 4246 3305 4301 vobis
3334 4247 3634 4315 praestituri
3666 4261 3885 4310 sumus,
3933 4264 4063 4300 cum

2486 4336 2540 4389 itt
2577 4335 2752 4391 foedus
2783 4351 2812 4390 a
2849 4337 3008 4390 nobis
3042 4338 3246 4409 recepti
3301 4336 3537 4400 fueritis.
3582 4348 3744 4407 atque
3796 4340 3861 4391 ad
3919 4340 4063 4393 idem

2486 4435 2642 4497 pacto
2668 4429 2823 4484 vobis
2855 4429 3100 4485 obsu‘icti
3130 4430 3360 4485 erimus.
3414 4428 3473 4483 Si
3504 4430 3608 4485 hoc
3638 4430 3917 4495 abnuatis,
3954 4446 4066 4485 non

811 4504 1146 4606 pugnarunt.
1199 4530 1267 4583 At
1320 4540 1443 4582 cum
1490 4522 1802 4578 dili'erretur
1855 4520 1975 4589 ejus
2026 4517 2379 4588 expugnatio,
2414 4563 2457 4619 υ
2486 4527 2734 4589 superest
2767 4504 2908 4574 inter
2960 4535 3059 4574 nos
3108 4527 3162 4573 ct
3204 4535 3299 4574 vos
3335 4527 3533 4590 prater
3560 4521 3726 4589 gladii
3768 4522 4067 4589 judicium,

815 4625 1039 4694 scriptis
1074 4620 1270 4674 litteris
1302 4618 1370 4672 ab
1409 4616 1609 4670 Omaru
1640 4626 1795 4682 opem
1833 4612 2025 4681 petiit,
2070 4611 2160 4679 qui
2191 4617 2245 4663 et
2280 4607 2384 4677 ipsi

827 4721 881 4772 in
941 4716 1199 4767 auxilium
1246 4719 1438 4777 quater
1475 4706 1620 4760 mille
1670 4706 1819 4759 viros
1863 4704 2030 4769 misit,
2086 4710 2139 4755 ct
2188 4700 2388 4771 quibus

810 4818 961 4862 erant
1015 4803 1284 4859 AlZobair
1324 4798 1495 4853 Ebnol
1528 4798 1735 4860 Arami,
1789 4795 2013 4851 Abadah
2066 4793 2238 4847 Ebnoi
2286 4791 2388 4846 Sa-

810 4901 964 4963 tucti,
1026 4908 1076 4952 ct
1135 4896 1446 4949 Mosaileuta
1495 4894 1615 4946 Ebn
1673 4887 2007 4953 Mukalladi;
2057 4885 2391 4952 fueruntque

810 4993 976 5043 Amro
1012 5000 1170 5041 antea
1204 4996 1443 5056 quatuor
1481 4985 1726 5038 virorum
1777 4978 1981 5041 millia,
2030 4975 2167 5029 adeo
2199 4983 2256 5027 ut
2278 4974 2389 5041 jam

808 5097 976 5134 netues
1015 5082 1162 5133 mille
1214 5076 1513 5132 evaserint.
1566 5072 1865 5128 Praefectus
1906 5078 2089 5123 autem
2137 5066 2389 5136 vectigali

811 5172 1053 5242 zEgypti.
1104 5171 1322 5224 nomine
1378 5167 1610 5222 llet'aciii
1649 5163 2019 5233 imperatoris,
2067 5159 2169 5213 fuit
2207 5160 2389 5211 Almo-

812 5265 1038 5329 kaokas,
1084 5265 1175 5333 qui
1210 5274 1263 5317 et
1290 5260 1539 5316 Jacobita
1574 5258 1697 5321 l‘uit,
1748 5255 1970 5309 Graecos
2000 5252 2126 5307 odio
2157 5252 2388 5311 habens.

814 5358 915 5410 nisi
949 5356 1091 5425 quod
1137 5354 1462 5408 sententiam
1512 5364 1666 5405 suam
1707 5345 2066 5401 Jacobiticam
2106 5343 2283 5413 palam
2313 5341 2390 5394 fa-

813 5464 934 5502 cere
966 5448 1068 5516 ipsi
1103 5446 1280 5499 visum
1314 5460 1419 5498 noti
1450 5449 1621 5505 esset,
1653 5455 1722 5493 ne
1754 5439 1823 5493 ab
1855 5438 1987 5507 ipsis
2016 5435 2386 5491 occideretur.

818 5539 960 5603 Quin
991 5548 1045 5591 et
1092 5535 1312 5607 Aigypti
1348 5534 1587 5589 redditus
1617 5531 1922 5587 detinuerat
1951 5544 2013 5583 ex
2044 5542 2150 5597 quo
2184 5525 2393 5580 obsedit

816 5630 980 5685 Cesra
1010 5628 1564 5698 ConstantinOpolim,
1613 5624 1750 5679 adeo
1792 5629 1849 5677 ut
1884 5624 2100 5676 timeret
2132 5622 2183 5673 in
2216 5617 2389 5673 liera-

819 5719 905 5775 clii
932 5721 1279 5791 imperatoris
1320 5734 1515 5773 manus
1571 5715 1813 5771 incidere
1864 5728 1934 5767 ne
1992 5712 2168 5781 ipsum
2217 5716 2392 5764 morte

820 5812 1092 5871 multaret.
1151 5814 1281 5869 Dolo
1320 5810 1484 5884 304
1531 5810 1697 5881 igitur
1744 5822 1874 5880 erga
1912 5806 2193 5862 Romanos
2232 5816 2386 5869 usus,

2493 4609 2665 4663 donec
2720 4610 2801 4663 vel
2857 4610 2921 4662 ad
2978 4623 3143 4663 unum
3200 4622 3391 4661 omnes
3432 4609 3752 4670 moriamur,
3795 4610 3880 4661 vel
3937 4609 4070 4664 illud

2492 4696 2635 4766 quod
2671 4696 2923 4750 volumus
2944 4708 3369 4764 consequantur.
3401 4694 3502 4748 Cui
3544 4693 3916 4749 Alntokaukas
3957 4712 3972 4748 :
4003 4694 4070 4749 Ut

2496 4787 2808 4856 religionem
2843 4794 3080 4839 vestram
3108 4784 3527 4853 amplectamur,
3580 4784 3680 4837 hoc
3714 4799 3799 4838 res
3827 4793 3919 4839 est
3949 4802 4071 4854 quae

2494 4875 2609 4928 lieri
2642 4874 2848 4943 nequit.
2878 4871 3030 4937 Quod
3058 4874 3123 4927 ad
3172 4872 3350 4927 foedus
3383 4883 3587 4935 autem,
3626 4872 3760 4926 illud
3818 4875 3966 4938 quod
4003 4877 4070 4927 ad

2496 4981 2579 5019 mc
2610 4974 2662 5018 et
2688 4966 2916 5019 comites
2953 4978 3103 5018 meos
3145 4962 3431 5031 Cephtitas
3460 5004 3474 5029 ,
3523 4975 3811 5032 acceptum
3844 4965 4021 5017 habeo
4054 4983 4068 5018 :

2495 5060 2796 5110 abnuerunt
2829 5064 3009 5108 autem
3041 5054 3213 5108 Graeci
3264 5054 3455 5108 foederi
3500 5055 3741 5108 ineundo
3775 5069 4068 5108 assensum

2496 5149 2751 5217 praebere,
2771 5148 3035 5201 dicentes:
3058 5144 3339 5215 Nunquam
3368 5146 3470 5199 boc
3504 5145 3790 5199 faciemus.
3823 5145 3937 5199 iloc
3968 5160 4070 5198 au-

2496 5251 2601 5294 tem
2627 5240 2753 5294 fecit
2783 5241 2846 5292 ΛΙ
2868 5238 3159 5293 Mokaukas
3179 5237 3367 5292 fraude
3400 5254 3463 5291 ae
3486 5238 3633 5301 dolo,
3659 5247 3714 5291 ut
3746 5239 3820 5290 ita
3847 5237 4070 5291 Gratus

2494 5348 2557 5384 ex
2592 5348 2714 5386 arce
2737 5332 2993 5385 educeret
3020 5346 3034 5383 :
3063 5329 3228 5400 308
3275 5331 3399 5384 dein
3434 5343 3620 5397 pacem
3655 5328 3942 5396 amplexus
3966 5338 4070 5388 est,

2496 5440 2601 5492 quo
2645 5439 2778 5495 opes
2813 5438 2948 5492 quas
2997 5432 3357 5490 occupaverat
3410 5421 3512 5473 sibi
3564 5419 3746 5475 salvas
3778 5421 4067 5472 retineret.

2495 5516 2765 5573 Reversus
2797 5529 2927 5584 ergo
2958 5513 3183 5568 Ahadah
3216 5511 3387 5567 Ebnol
3426 5511 3632 5565 Sameti
3666 5512 3833 5563 Amro
3860 5508 4070 5563 indica-

2498 5612 2571 5661 vit
2606 5606 2736 5678 quid
2779 5607 2981 5660 factum
3025 5617 3193 5659 esset.
3245 5603 3379 5657 Dein
3432 5601 3872 5657 Mobammedani
3917 5609 4070 5653 certo

2493 5703 2602 5771 jam
2661 5699 2899 5754 scientes
2953 5710 3158 5765 paucos
3215 5705 3425 5748 tantum
3483 5696 3537 5747 in
3593 5708 3721 5747 arce
3750 5706 4066 5759 superesse,

2497 5794 2667 5864 ipsam
2697 5804 2875 5864 pugna
2912 5789 3152 5861 aggressi
3191 5802 3252 5844 ea
3279 5797 3428 5857 parte
3456 5801 3563 5857 qua
3600 5800 3744 5842 nunc
3786 5795 3871 5842 est
3900 5783 4070 5842 Sukoi
