4210 6428
240 413 368 475 l105

219 629 268 667 rt
298 623 374 667 'at.
432 613 569 667 Tum
599 613 870 667 AlZabair
907 614 1051 668 scala
1089 614 1242 667 lateri
1265 615 1415 696 ‘areis
1445 615 1686 680 admota,
1739 631 1799 670 ea

223 722 348 774 qu.e
375 706 553 758 forum
588 705 732 759 istud
766 705 984 772 respicit
1027 714 1201 775 parte,
1250 709 1515 771 ascendit,
1556 723 1659 761 non
1691 710 1803 761 ani-

223 796 698 850 mae-tenentibus
735 797 867 863 ipsis
905 796 1080 849 donec
1106 777 1376 864 occupato
1408 799 1552 851 arcis
1587 796 1802 868 fastigio

221 887 558 941 exclamaret
589 906 600 940 :
633 870 789 941 Allah
823 887 1021 948 Achar,
1053 903 1172 950 seu,
1202 888 1341 942 Deus
1373 873 1640 943 maximus
1667 900 1750 944 est
1785 911 1797 945 :

221 993 349 1031 cum
428 981 632 1032 scalam
690 980 946 1034 certatim
1000 979 1393 1033 scaudentibus
1463 980 1799 1042 hominibus,

223 1069 399 1124 Graeci
426 1086 454 1124 a
484 1085 662 1138 pugna
695 1069 1054 1133 desistentes.
1119 1069 1443 1125 conscensis
1488 1070 1718 1137 navigiis
1748 1070 1800 1123 in

224 1160 463 1212 insulam
491 1159 559 1214 ad
594 1159 778 1214 socios
825 1151 956 1215 suos
1017 1175 1074 1213 se
1131 1167 1498 1229 receperunt:
1530 1169 1695 1240 atque
1729 1159 1802 1212 ita

226 1256 687 1317 Mahommedani,
723 1271 850 1310 arce
878 1264 1059 1324 capta,
1105 1255 1340 1319 cmdere,
1388 1255 1614 1319 vincire,
1656 1256 1803 1308 diri-

223 1361 374 1415 pere.
420 1345 593 1400 Graeci
642 1347 830 1416 igitur,
879 1347 997 1400 viso
1034 1347 1164 1420 qu’d
1211 1347 1414 1400 fecerat
1444 1343 1803 1400 Allllokaukas

225 1453 464 1506 eumque
489 1476 504 1501 ,
560 1437 695 1506 ipsis
727 1437 919 1491 fraude
945 1453 1010 1490 ex
1043 1451 1168 1492 arce
1223 1434 1500 1500 abductis,
1554 1437 1802 1490 eamdem

226 1525 701 1580 Mahommedanis
753 1526 1068 1589 tradidisse,
1142 1509 1208 1580 ci
1265 1535 1418 1594 parte
1470 1526 1643 1595 ipsius
1694 1542 1804 1581 me-

225 1627 448 1671 tuentes
482 1619 694 1688 navigia
726 1609 1195 1682 conscenderunt,
1235 1629 1394 1687 atque
1429 1618 1481 1670 in
1511 1616 1704 1671 Coram
1753 1617 1804 1670 ol

224 1707 462 1761 Shoraik
514 1707 796 1780 [Shoraiki
827 1707 1008 1782 vinea]
1067 1725 1126 1765 se
1181 1708 1236 1762 in
1270 1709 1546 1765 exercitus
1584 1709 1803 1762 modum

228 1812 683 1869 composuerunt.
727 1802 1091 1858 Alliokaukas
1143 1810 1323 1856 autem
1377 1817 1497 1857 cum
1573 1802 1802 1855 Amrum

1631 418 1998 481 ANNALES.

225 540 240 576 ι
283 537 448 577 imam
484 521 688 593 [forum
715 522 924 593 Balnei]
965 523 1230 578 machinis
1266 539 1327 577 ac
1365 524 1594 579 ballistis
1629 527 1799 594 petie-
1833 543 1876 598 Α
1907 531 2048 595 quod
2096 530 2145 582 in
2207 529 2387 599 fugam
2447 530 2588 584 versi
2645 539 2987 584 recesserunt
3049 528 3219 582 Graeci

3340 420 3467 482 ilUb

3280 547 3292 583 :
3345 533 3466 585 dein

1909 621 2150 674 Salsmno
2303 621 2515 675 obviam
2551 621 2678 676 facti
2703 621 3069 674 novemdecim
3092 621 3286 674 diebus
3309 622 3469 675 dimi-

1905 719 2100 764 carunt
2126 753 2138 776 ,
2177 711 2373 766 deinde
2399 720 2450 766 et
2483 713 2546 767 ad
2581 713 2835 782 Ceryaun
2868 713 2970 766 sibi
3003 713 3234 766 invicem
3279 729 3462 766 occur-

1909 810 2089 856 rentes
2123 803 2273 871 gravi
2319 805 2501 871 praelio
2531 807 2920 870 cnnllixerunt,
2973 806 3116 859 unde
3179 806 3230 859 in
3288 807 3469 874 fugam

1906 893 2152 947 conversi
2181 891 2356 948 Graeci
2393 895 2776 949 Alexandriam
2829 910 2886 950 se
2932 904 3274 962 receperunt,
3309 908 3471 963 atque

1909 983 1960 1036 in
1995 983 2110 1050 ipsa
2139 999 2198 1038 se
2225 985 2604 1039 muniverunt.
2657 985 2812 1040 Unde
2852 985 3106 1040 leoninos
3137 988 3349 1038 animos
3381 1003 3470 1037 su-

1909 1082 2121 1128 mentes
2151 1075 2380 1138 Arabes,
2415 1075 2817 1130 Alexandrinos
2843 1091 3018 1143 pugna
3056 1075 3469 1136 lacessiverunt,

1911 1173 2074 1230 atque
2112 1165 2224 1217 acri
2275 1167 2572 1220 certamine
2627 1167 2773 1236 ipsos
2827 1168 3067 1235 aggressi
3106 1176 3254 1220 sunt.
3301 1165 3472 1220 Graici

1909 1265 2088 1309 autem
2128 1259 2368 1325 quotidie
2389 1275 2418 1311 e
2444 1260 2613 1327 portis
2652 1259 2856 1327 egressi
2885 1260 3232 1318 dimicarunt.
3258 1261 3392 1312 adeo
3417 1269 3475 1312 ut

1908 1362 1970 1401 ex
2001 1357 2234 1418 utroque
2261 1348 2505 1406 exercitu
2533 1366 2726 1422 magna
2751 1352 3024 1405 occideret
3047 1351 3352 1405 mttltitudo.
3382 1351 3475 1404 Die

1910 1444 2088 1490 autem
2113 1439 2346 1506 quodam
2373 1439 2572 1492 acriter
2593 1440 2728 1492 adeo
2752 1451 3020 1493 certatum
3047 1449 3150 1503 est,
3187 1450 3242 1492 ut
3271 1443 3476 1494 Arabes

1908 1535 2096 1592 aperta
2125 1541 2248 1581 arce
2301 1527 2673 1581 Alexandrina
2714 1527 2860 1606 intra
2917 1529 3090 1598 ipsam
3144 1531 3292 1597 gravi
3352 1545 3475 1581 cum

1911 1615 2044 1683 ipsis
2079 1631 2256 1686 pugna
2311 1617 2695 1684 conﬂixerint;
2729 1618 2854 1672 dein
2912 1620 2962 1671 in
3000 1621 3147 1688 ipsos
3202 1621 3476 1674 irruentes

1869 1706 2104 1790 "Marci,
2126 1710 2334 1762 caeteris
2359 1709 2550 1776 pulsis,
2577 1693 2796 1764 Amrum
2825 1711 2998 1764 Ebnol
3034 1711 3146 1773 Asi,
3174 1709 3472 1764 Muslemah

1914 1794 2082 1849 Ebnol
2145 1796 2464 1853 Mochalledi
2522 1810 2575 1853 et
2611 1799 2976 1860 ,Wardanum
3035 1801 3181 1854 Aturi
3237 1816 3473 1857 servum.

228 1892 294 1947 de
345 1891 551 1949 foedere
597 1895 736 1949 inter
781 1897 927 1965 ipsos
977 1897 1262 1965 pangendo
1295 1897 1545 1960 adiisset,
1579 1897 1645 1949 de
1699 1894 1802 1952 hoc
1836 1900 1875 1956 Β
1910 1901 2031 1940 Cum
2080 1888 2186 1941 alio
2231 1889 2493 1957 quodam,
2543 1893 2784 1960 captivos
2833 1898 3115 1957 ceperunt,
3174 1892 3476 1945 nescientes

229 1983 374 2040 inter
417 1986 563 2056 ipsos
590 1990 870 2049 convenit,
906 1996 962 2042 ut
994 1989 1250 2042 omnibus
1284 1978 1615 2042 Mesrumum
1650 2001 1675 2038 a
1703 2003 1796 2040 su-
1839 2005 1842 2007 λ

229 2079 429 2143 periori
461 2081 579 2148 ejus
613 2091 767 2150 parte
797 2097 970 2149 usque
1006 2081 1070 2134 ad
1125 2067 1439 2135 inferiorem
1505 2080 1798 2134 incolenti-

227 2167 354 2231 lin-5,
388 2168 803 2236 imponerentur
836 2150 945 2224 διῗο
989 2170 1136 2224 aurei
1167 2187 1193 2224 a
1249 2170 1481 2240 singulis
1529 2168 1796 2238 prodendi

227 2265 338 2308 tam
371 2258 646 2313 nobilibus
673 2241 834 2329 quam
860 2261 1102 2334 plebeiis,
1151 2263 1401 2316 videlicet
1436 2269 1703 2330 quotquot
1734 2261 1797 2313 ad

227 2358 446 2405 aetatem
476 2353 883 2419 pervenissent;
910 2361 963 2407 at
995 2368 1095 2407 nec
1118 2370 1147 2408 a
1184 2354 1340 2408 senio
1374 2352 1662 2417 confeCtis,
1700 2367 1797 2406 nec

229 2442 420 2509 pueris
479 2444 907 2500 tninoreunibus'
947 2446 1038 2512 qui
1102 2429 1634 2516 annos'pubertatis
1692 2461 1799 2500 non

229 2533 562 2600 attigissent,
599 2535 952 2607 309-311
998 2553 1096 2592 nec
1131 2552 1159 2590 a
1192 2537 1515 2591 mulieribus
1564 2539 1803 2627 postula-
1833 2539 1843 2548 ‘

230 2636 383 2676 retur
409 2625 733 2694 quidquam.
777 2628 1071 2684 Ntttncrtttu
1132 2630 1294 2682 etiam
1334 2631 1578 2701 inierunt
1607 2625 1796 2685 eorum

229 2734 260 2770 c
285 2717 557 2784 Cophtilis
590 2721 913 2788 pmsertitn,
938 2723 1026 2791 qui
1061 2723 1266 2776 tributo
1285 2723 1566 2790 pandendo
1588 2723 1803 2778 obnoxii
1836 2709 1839 2712 h

226 2822 451 2876 esszeut;
511 2811 842 2882 fueruntque
890 2815 1288 2884 quinumcrati
1335 2821 1484 2875 sunt,
1547 2815 1794 2868 homines

228 2903 413 2957 sexies
470 2903 668 2959 millies
731 2907 902 2968 mille,
959 2922 1192 2974 quorum
1250 2921 1446 2961 census
1491 2905 1788 2961 duodecies

229 2996 431 3049 millies
469 2991 1000 3064 aureorum'millia;
1031 2999 1185 3053 binos
1222 3009 1402 3054 autem
1459 3013 1653 3053 aureos
1685 3000 1806 3054 istis

228 3085 516 3151 imposuit,
586 3089 842 3158 proillis
898 3091 1304 3145 immunitatem
1364 3091 1497 3156 ipsis
1535 3083 1807 3158 pollicitus

228 3177 337 3231 fide
374 3179 548 3233 firma.
723 3165 752 3188 ‘

209 3272 215 3277 '
302 3269 440 3323 Tum
471 3270 534 3324 ad
560 3272 780 3327 Amrum
809 3272 978 3328 Ebnol
1005 3273 1094 3329 Asi
1123 3273 1385 3328 accedens
1402 3273 1759 3329 Allllokaukas
1783 3293 1796 3329 :

231 3361 374 3415 Nihil
416 3363 632 3433 (inquit)
677 3366 806 3419 mihi
863 3375 945 3420 est
1004 3381 1127 3419 cum
1193 3364 1419 3428 Grrecis,
1485 3367 1662 3433 neque
1708 3381 1800 3419 ea-

231 3455 354 3507 dem
387 3455 519 3508 mihi
551 3472 669 3508 cum
702 3457 807 3510 illis
843 3457 1052 3526 religio,
1103 3471 1275 3523 neque
1323 3457 1630 3511 communis
1679 3472 1804 3511 scn-

230 3547 428 3598 tentia.
460 3545 656 3599 Verum
694 3557 839 3600 metu
883 3561 950 3600 ne
1018 3546 1085 3599 ab
1143 3547 1278 3615 ipsis
1317 3556 1490 3601 morte
1520 3548 1801 3610 multarer,

233 3637 556 3706 religionem
589 3647 644 3691 et
671 3636 850 3690 'meam
883 3637 948 3690 de
981 3637 1224 3705 ipsorum
1277 3637 1536 3705 opinione
1584 3648 1803 3692 senten-
1840 3697 1848 3704 ,

231 3729 364 3781 tiam
402 3728 594 3790 celavi,
631 3743 694 3782 ac
725 3727 863 3781 ciant
896 3727 1078 3782 habui.
1115 3729 1244 3783 Peto
1273 3739 1453 3806 autem
1485 3745 1512 3782 a
1540 3738 1673 3782 teut
1705 3733 1800 3783 tria

233 3821 367 3873 mihi
405 3805 679 3889 postulata
714 3820 1008 3874 concedas.
1047 3820 1304 3885 Quasnam
1339 3816 1535 3890 (inquit
1586 3823 1802 3888 Amrus)

230 3922 362 3963 sunt
392 3911 538 3963 ista?
571 3909 872 3979 Respondit
904 3928 917 3985 ς
950 3910 1028 3964 Ne
1057 3925 1140 3964 me
1173 3925 1203 3965 a
1261 3911 1494 3978 Coptitis
1545 3928 1802 3980 separes;

230 4003 326 4056 Sed
357 4001 508 4055 meiu
528 4017 713 4056 eorum
744 4019 970 4058 numero
995 4003 1214 4066 habeas,
1237 4003 1485 4073 idemque
1507 4003 1633 4057 mihi
1661 4005 1802 4072 quoi

231 4093 341 4146 illis
390 4093 662 4160 imponas,
695 4093 966 4161 siquidem
1022 4108 1148 4146 cum
1184 4094 1318 4162 ipsis
1377 4109 1586 4156 assero,
1640 4103 1802 4163 :thttc

233 4185 344 4237 illis
379 4183 431 4237 in
462 4185 546 4243 iis,
575 4197 694 4252 quae
720 4183 785 4236 ad
814 4198 900 4237 tne
931 4191 1200 4250 spectant,
1220 4181 1377 4236 fidem
1405 4181 1599 4236 habeo.
1633 4182 1802 4237 Porro

232 4277 468 4344 (toptitas
498 4276 676 4329 lmdus
707 4276 854 4344 quod
909 4290 1032 4328 cum
1069 4276 1204 4344 ipsis
1239 4274 1406 4328 iniisti
1445 4289 1508 4329 ac
1557 4275 1802 4345 pepigisti

231 4366 576 4419 obcervaturi
622 4374 770 4418 sunt.
817 4365 1160 4428 Secundum,
1197 4371 1255 4417 ut
1311 4364 1356 4418 si
1393 4365 1624 4433 posthac
1666 4379 1694 4417 a
1754 4374 1806 4419 te

235 4458 494 4528 petierint
556 4456 751 4520 Graeci,
818 4465 877 4509 ut
914 4471 1038 4510 cum
1094 4457 1209 4526 illis
1258 4471 1445 4525 pacem
1483 4455 1676 4521 facias,
1737 4471 1832 4543 ne‘

233 4549 368 4602 illud
401 4548 572 4601 facias
605 4546 780 4601 donec
817 4541 964 4616 ipsos
992 4545 1398 4616 disperdideris,
1420 4547 1542 4600 etin
1576 4546 1807 4601 servitu-

235 4653 344 4694 tem
385 4641 655 4710 redegeris
685 4657 698 4692 :
729 4628 999 4708 siquidem
1031 4639 1135 4693 hoc
1161 4639 1307 4707 digni
1357 4648 1504 4692 sunt.
1533 4639 1800 4702 Tertium,

235 4742 294 4784 ut
351 4731 396 4783 si
469 4731 694 4793 moriar,
723 4728 913 4797 iubeas
971 4728 1119 4797 ipsos
1173 4744 1258 4782 me
1313 4729 1363 4781 in
1429 4729 1660 4782 ecclesia
1710 4731 1806 4785 Abi

235 4820 471 4873 Joannis
502 4818 847 4872 Alexandria!
879 4819 1135 4887 sepelire.
1169 4819 1344 4888 Atque
1395 4820 1508 4871 haec
1538 4821 1810 4875 concessit
1842 4827 1848 4832 '

235 4916 284 4967 ei
320 4915 522 4965 Amrus
554 4917 656 4965 hoc
691 4922 876 4980 pacto,
909 4921 966 4964 ut
1000 4911 1051 4964 iu
1105 4925 1165 4965 se
1221 4910 1566 4979 susciperent
1617 4921 1811 4980 pontes

235 5003 380 5056 duos
407 5001 750 5067 reficiendos,
809 5017 872 5055 ac
932 5002 1239 5055 diversoria
1294 5003 1428 5070 ipsis
1459 5011 1514 5055 ct
1549 5003 1808 5071 hospitia,

237 5106 290 5149 et
320 5096 440 5148 fora
479 5108 543 5146 ac
598 5103 794 5163 pontes
854 5094 1059 5164 ubique
1097 5093 1259 5163 312
1311 5099 1453 5148 inter
1491 5095 1809 5148 Phastatmn

237 5201 290 5241 et
321 5186 711 5242 Alexandriam
761 5196 1018 5256 pararent
1055 5204 1068 5239 :
1104 5186 1247 5254 quod
1282 5193 1336 5240 et
1383 5185 1812 5257 fecerunt,‘pro-

238 5282 539 5334 deuntibus
590 5279 928 5347 COptitarum
983 5279 1314 5345 primoribus
1367 5282 1431 5330 ad
1493 5279 1632 5332 viam
1707 5281 1813 5332 illis

241 5375 574 5439 parandam;
611 5351 939 5439 pontesque,
967 5385 1030 5424 ac
1065 5370 1180 5424 fora
1232 5377 1302 5425 et'
1331 5371 1630 5424 diversoria
1680 5371 1813 5438 ipsis

241 5465 490 5519 curanda
523 5482 537 5518 :
572 5463 704 5534 quin
733 5471 786 5517 et
818 5463 1082 5517 auxilium
1129 5464 1262 5534 ipsis
1306 5463 1546 5517 tttlerunt
1579 5463 1812 5534 Cttptil'd)

243 5571 581 5626 quacunque
639 5557 694 5610 in
756 5573 814 5611 re
880 5560 1174 5611 voluerunt
1232 5555 1295 5608 ad
1359 5555 1579 5611 Grzccos
1644 5572 1816 5626 oppu-

243 5648 518 5718 gnandos.
581 5647 866 5704 Profectus
927 5659 1013 5712 est
1073 5664 1204 5718 ergo
1262 5649 1556 5727 cum_suis
1609 5649 1812 5727 Amms

244 5743 422 5797 donec
450 5742 657 5798 Graecis
687 5741 951 5801 universis
974 5741 1029 5794 in
1060 5742 1289 5820 Cet-amo
1333 5721 1584 5805 ,Shoraih
1616 5747 1810 5793 occ’ur-

247 5843 390 5891 reret
424 5852 437 5892 :
479 5835 571 5891 ubi
608 5851 700 5900 per
728 5834 968 5891 triduum
1023 5846 1198 5900 pugna
1226 5823 1634 5894 'dcccrtarunt;
1695 5843 1811 5892 post

1906 1979 2124 2032 interim
2151 1981 2374 2048 quinam
2406 1992 2611 2037 essent.
2643 1981 2854 2048 Quibus
2880 1981 3148 2037 Patricius
3177 2002 3187 2035 :
3224 1981 3364 2043 Jam,
3396 1983 3473 2034 in-

1901 2070 2054 2139 quit,
2102 2072 2155 2124 in
2215 2073 2470 2150 manibus
2527 2075 2733 2128 nostris
2769 2067 2966 2143 captivi
3027 2075 3193 2139 estis;
3244 2076 3474 2129 iudicate

1905 2163 2062 2216 nobis
2098 2164 2225 2233 quid
2261 2176 2344 2219 est
2374 2167 2516 2234 quod
2563 2164 2605 2219 a'
2639 2168 2794 2221 nobis
2826 2167 3026 2222 velitis.
3076 2167 3174 2221 Cui
3227 2168 3428 2220 Amrus
3460 2187 3471 2220 :

1903 2254 2249 2325 313-315
2288 2256 2418 2320 Hoc,
2452 2257 2553 2319 vel,
2591 2267 2651 2311 ut
2679 2258 2985 2324 religionem
3007 2267 3243 2312 nostram
3276 2259 3471 2328 ample-

1902 2348 2146 2411 Ctatnini,
2184 2349 2264 2402 Vcl
2305 2351 2460 2404 nobis
2513 2351 2770 2404 tributum
2828 2352 3109 2419 pendatis;
3167 2353 3302 2407 alias
3331 2368 3473 2404 nuu-

1904 2453 2064 2506 quam
2113 2455 2208 2495 vos
2239 2456 2550 2511 oppugnare
2586 2444 2927 2519 desistemus,
2967 2446 3134 2498 donec
3179 2447 3262 2498 vel
3320 2460 3420 2498 nos
3450 2459 3475 2498 c

1908 2531 2084 2583 medio
2142 2531 2370 2596 tollatis,
2434 2534 2515 2587 vel
2571 2537 2672 2602 ipsi
2698 2513 2939 2605 ‘pcnitns
2992 2537 3282 2592 tollamini.
3337 2538 3472 2591 Dixit

1906 2634 2035 2688 ergo
2092 2618 2120 2674 (ἑ
2167 2621 2368 2678 fit-arcis
2425 2623 2645 2692 quidam
2695 2626 2971 2680 Patricio:
3024 2627 3282 2694 Suspicor
3337 2627 3477 2680 hunc

1909 2712 2089 2779 populi
2126 2713 2510 2782 imperatorem
2546 2731 2688 2780 esse,
2724 2718 2922 2771 collum
2975 2734 3102 2786 ergo
3139 2719 3238 2787 ipsi
3292 2724 3480 2788 praeci-

1907 2802 2048 2867 das;
2090 2804 2254 2857 Amro
2285 2805 2493 2858 scilicet
2533 2805 2706 2860 Ebnol
2757 2806 2872 2860 Asi.
2909 2807 3222 2862 Wardanns
3271 2818 3476 2871 autem,

1910 2893 2035 2958 quid
2094 2892 2300 2948 dic'crct
2355 2896 2765 2961 animadverso,
2817 2913 2941 2951 cmn
2999 2915 3172 2968 gms-cc
3241 2900 3480 2962 calleret,

1912 2983 2012 3051 ipsi
2054 2983 2100 3036 vi
2143 2994 2374 3040 attracto
2421 2988 2711 3056 colaphum
2780 2989 3002 3052 inflixit,
3055 2990 3284 3046 dicens:
3341 2991 3478 3057 Quid

1911 3073 2007 3128 tibi
2040 3083 2096 3127 ιιι
2139 3075 2254 3131 lucc
2297 3077 2537 3146 loquaris
2570 3080 2712 3135 inter
2747 3082 3044 3150 principes,
3098 3099 3220 3136 cum
3270 3099 3375 3137 non
3410 3086 3482 3139 sit

1914 3165 1967 3218 in
1994 3166 2242 3257 prem-itu
2293 3169 2385 3237 qui
2433 3177 2486 3224 te
2520 3169 2746 3224 inferior
2800 3172 2892 3236 sit,
2947 3172 3028 3225 vel
3062 3173 3270 3236 minor;
3317 3175 3477 3227 alium

1911 3259 2054 3328 IOqui
2095 3260 2244 3325 sine;
2273 3270 2329 3316 tu
2354 3279 2461 3330 prze
2495 3264 2695 3318 vilitate
2731 3273 2820 3318 tua
2847 3273 2898 3320 te
2927 3267 3141 3321 cohibe.
3174 3265 3316 3320 Dixit
3351 3283 3481 3338 ergo

1912 3348 2052 3416 apud
2084 3363 2142 3403 se
2174 3349 2478 3406 Patricius:
2511 3353 2565 3408 Si
2600 3364 2745 3409 esset
2768 3355 2857 3409 ille
2882 3359 3182 3426 imperator
3209 3358 3477 3428 ipsorum,

1911 3441 2029 3494 fieri
2067 3457 2172 3495 non
2211 3454 2394 3511 posset
2425 3454 2486 3499 ut
2527 3446 2614 3500 hic
2648 3447 2824 3518 ipsqu
2860 3449 2963 3502 hoc
3014 3451 3176 3506 modo
3216 3452 3475 3517 traheret,

1912 3547 1975 3586 ac
2008 3533 2259 3604 colaphis
2293 3535 2547 3592 CtL‘dCl‘Ol.
2579 3537 2725 3592 Dixit
2757 3537 3052 3594 Muslemalt
3085 3540 3198 3597 Ebu
3233 3542 3479 3598 Mochal-

1909 3624 2056 3678 lcdi:
2100 3626 2156 3679 lu
2210 3627 2391 3682 animo
2435 3629 2622 3683 habuit
2675 3633 2969 3700 imperator
3025 3642 3210 3688 noster
3263 3653 3291 3688 a
3324 3636 3480 3692 vobis

1909 3719 2288 3788 Oppugnandis
2319 3723 2597 3789 recedere,
2659 3732 2820 3793 atque
2853 3725 2996 3780 hunc
3033 3726 3082 3779 in
3141 3729 3298 3782 linem
3336 3733 3479 3782 seti-

1908 3810 2014 3878 psit
2063 3812 2127 3864 ad
2186 3796 2362 3879 ipsum
2420 3813 2716 3881 imperator
2771 3814 3029 3880 fidelium,
3087 3816 3251 3870 ()tnar
3308 3819 3475 3871 Ebnol

1878 3902 2170 3965 .Chelabi;
2213 3902 2376 3973 idque
2410 3906 2555 3972 quod
2587 3915 2851 3960 statuerat
2883 3907 3067 3960 decem
3103 3924 3131 3962 ε
3163 3910 3275 3963 suis
3310 3911 3395 3963 dun
3417 3930 3476 3964 es

1907 3993 1971 4044 ad
2005 4009 2099 4046 vos
2159 3986 2479 4058 mittere,'c
2530 3997 2820 4065 praacipuis
2881 3997 3090 4052 scilicet
3138 4014 3326 4053 eorum
3385 4019 3474 4067 qm

1909 4085 2146 4139 consilio
2188 4087 2474 4153 pollerent,
2527 4105 2634 4167 quo
2671 4089 2810 4143 inter
2843 4086 2940 4144 vos
2972 4099 3024 4144 ct
3077 4092 3222 4159 ipsos
3275 4109 3476 4146 convc-

1910 4174 2050 4227 niret
2085 4175 2151 4230 de
2186 4191 2243 4229 re
2273 4176 2478 4245 aliqua,
2503 4191 2620 4246 qua:
2654 4179 2899 4248 utrisque
2928 4187 3078 4248 grata
3121 4190 3287 4245 esset,
3320 4183 3477 4234 adco-

1910 4282 2014 4332 que
2044 4283 2072 4319 a
2105 4268 2256 4321 vobis
2281 4277 2700 4324 reverteremur.
2737 4269 2793 4324 Si
2823 4286 2954 4341 ergo
3005 4273 3106 4326 hoc
3139 4273 3295 4327 vobis
3342 4276 3477 4326 arri-

1897 4355 2056 4425 .deat,
2105 4357 2364 4414 dimittite
2399 4375 2499 4416 nos
2535 4376 2644 4429 quo
2678 4364 2743 4415 ad
2795 4363 3175 4432 imperatorem
3227 4376 3471 4419 nostrum

1921 4456 2248 4511 accedentes
2285 4458 2573 4513 certiorem
2609 4459 2786 4529 ipsum
2844 4459 3106 4515 faciamus
3141 4473 3342 4530 quanta
3379 4479 3478 4517 nes

1843 4562 2037 4638 l)cum
2103 4548 2444 4631 humanitate
2499 4551 2894 4616 tractaveritis,
2948 4561 3233 4638 mutatque
3271 4554 3338 4608 ad
3385 4571 3479 4609 vos

1915 4639 2102 4694 decem
2136 4624 2324 4703 duces,
2358 4648 2520 4707 atque
2554 4644 2629 4696 ita
2661 4624 2968 4713 composito
2994 4645 3135 4698 inter
3170 4661 3266 4699 nos
3302 4652 3354 4700 et
3387 4662 3481 4700 vos

1919 4721 2161 4813 negqtio,
2193 4731 2357 4802 316
2383 4747 2448 4786 eo
2483 4733 2643 4788 modo
2673 4734 2765 4803 qui
2818 4737 3070 4804 utrisque
3099 4745 3286 4807 gratus
3325 4739 3414 4800 sit,
3452 4753 3480 4790 a

1918 4825 2074 4877 vobis
2107 4821 2448 4889 recedamus.
2481 4824 2650 4880 ltatus
2677 4824 2949 4881 Patricius
2981 4844 3170 4882 verum
3194 4845 3311 4883 esse
3337 4832 3480 4897 quod

1920 4916 2153 4977 dixerat,
2206 4917 2413 4970 dimisit
2456 4919 2628 4987 ipsos,
2662 4933 2889 4988 sperans
2938 4934 3260 4974 accessuros
3318 4922 3485 4974 tltht‘s

1917 5007 2102 5062 decem
2137 5024 2274 5076 quos
2304 5009 2558 5064 occidere
2617 5018 2818 5077 posset,
2869 5020 3031 5079 atque
3088 5012 3156 5064 ita
3190 5012 3397 5064 Arabes
3431 5012 3484 5064 in

1919 5104 2236 5167 potestatem
2291 5115 2446 5153 suam
2481 5101 2766 5169 redigere:
2804 5099 2954 5154 abire
2987 5115 3116 5168 ergo
3174 5101 3319 5167 ipsos
3365 5117 3456 5169 per

1919 5191 2089 5244 misit.
2127 5191 2205 5243 Illi
2241 5197 2390 5244 vero‘-
2406 5192 2491 5246 ubi
2528 5191 2735 5259 egressi
2769 5198 2978 5255 essent,
3015 5190 3150 5244 dixit
3183 5190 3482 5244 Moslemah

1921 5284 2086 5334 Ληιιό
2119 5280 2274 5332 Ehnil
2315 5282 2448 5335 Asi:
2508 5279 2649 5333 lleus
2684 5283 2847 5356 Anire
2887 5281 3188 5339 l'_liberavit
3239 5289 3291 5334 tc
3323 5281 3466 5332 War

1918 5371 2044 5424 dani
2106 5371 2392 5440 colaphos.
2465 5371 2595 5426 Dein
2660 5355 2825 5424 acilii.
2891 5370 3184 5423 maximum
3246 5369 3455 5422 celebra

1919 5471 2063 5518 runt.
2131 5478 2150 5495 ⁸
2909 5514 2914 5520 .

1988 5558 2196 5625 Not-unt
2233 5571 2362 5624 ergo
2399 5556 2626 5610 Romani
2659 5557 2884 5610 Amrum
2918 5553 3084 5633 fqisse
3113 5551 3202 5619 qui
3240 5551 3482 5618 captivus

1921 5648 2099 5703 fuerat
2132 5664 2143 5700 :
2181 5650 2539 5718 puniituitque
2575 5649 2696 5702 illos
2731 5647 2877 5715 quod
2916 5647 3092 5716 ipsum
3128 5643 3491 5697 dimisisscnt.’

1920 5736 2057 5792 'l‘tmt
2094 5742 2478 5794 accedentibus
2533 5741 2665 5808 ipsis
2699 5756 2759 5794 ac
2794 5737 3071 5791 llOmanos
3100 5735 3337 5807 clamore
3361 5752 3460 5785 evo
3496 5774 3508 5782 μ

1934 5835 2183 5888 cantibus
2225 5849 2369 5892 erant
2423 5834 2723 5889 t'tt‘ltttni‘ttc
2754 5837 3047 5888 humatum
3081 5829 3192 5885 cst‘.
3257 5827 3480 5882 Rutilae.
