4210 6428
763 396 896 459 ΗΟἸ

1732 403 2097 467 EUTYCIIU
2144 407 2676 470 ALEXANDRINI
2720 414 2941 476 I‘ATR.

3868 417 3887 478 1
3907 415 4004 481 108

758 522 941 566 autem
998 514 1052 567 in
1088 513 1261 581 fugam
1313 515 1586 578 conversi,
1641 516 1729 570 alii
1790 517 1857 573 ad
1914 534 2064 574 mare
2093 534 2155 575 se
2186 520 2372 578 reci-1

2439 524 2577 578 mina
2626 522 2889 581 Phustato
2942 526 3264 583 Kolzamum
3318 522 3659 587 deferebant,
3709 538 3830 593 qua
3872 525 3999 578 dein

756 607 971 675 pientes
1035 608 1251 677 navigia
1303 610 1771 676 conscenderunt,
1818 612 1908 668 alii
1967 629 2063 684 per
2118 623 2317 670 terram

757 698 1029 760 abierunt,
1062 712 1125 752 ac
1153 698 1383 769 ingressi
1419 710 1548 756 sunt
1576 702 1876 758 Moslemini
1908 704 2319 767 Alexandriam,

756 794 1045 854 postquam
1077 788 1131 842 in
1183 789 1351 858 ipsius
1380 789 1670 845 obsidione
1723 807 1935 847 menses
1984 796 2323 863 quatuorde-

754 880 860 930 «Em
897 879 1341 948 insumpsisseut.
1392 880 1674 951 Captaque
1698 885 1807 953 jam
1840 885 1975 948 urbe
2007 896 2166 960 atque
2200 888 2321 954 fuga

756 968 983 1038 dilapsis
1038 971 1129 1039 qui
1176 985 1208 1025 e
1257 970 1524 1028 Romanis
1577 973 1850 1042 fugerant,
1913 978 2192 1045 profectus
2240 988 2324 1031 est

755 1062 957 1115 Amrus
984 1062 1155 1117 Elinol
1179 1064 1272 1119 Asi
1302 1080 1399 1121 eos
1427 1069 1517 1136 qui
1548 1083 1644 1136 per
1666 1077 1866 1123 terram
1900 1068 2155 1140 fugerant
2178 1086 2323 1140 qua:-

755 1156 943 1208 silum.
985 1154 1064 1207 Illi
1096 1166 1277 1210 autem
1313 1173 1375 1211 ex
1435 1158 1566 1224 ipsis
1597 1161 1689 1228 qui
1743 1174 1839 1228 per
1889 1175 2037 1216 mare
2076 1160 2324 1230 fugerant

754 1245 1143 1299 Alexandriam
1176 1248 1399 1309 reversi,
1434 1247 1783 1304 Moslemiuos
1810 1252 1903 1319 qui
1934 1252 1988 1305 in
2024 1266 2085 1305 ea
2120 1251 2320 1319 reperti

755 1346 885 1388 sunt
918 1337 1261 1393 occiderunt.
1301 1338 1581 1406 Cumque,
1634 1354 1700 1392 eo
1734 1340 1921 1394 audito
1951 1355 2202 1394 reversus
2234 1356 2322 1393 es-

756 1438 840 1479 sel
869 1428 1069 1482 Ann-us
1102 1430 1213 1483 acri
1250 1431 1427 1498 ipsmn
1475 1444 1652 1501 pugna
1697 1432 1850 1498 juxta
1885 1446 2064 1485 arcem
2092 1445 2323 1499 excepe-

757 1526 921 1584 runt;
958 1534 1061 1588 qua
1088 1523 1156 1575 ab
1202 1522 1322 1588 ipso
1377 1531 1533 1591 capta
1584 1538 1802 1575 rursum
1833 1522 1899 1575 ad
1937 1536 2104 1578 naves
2131 1522 2324 1577 confu-

756 1619 954 1675 gerunt
1007 1612 1255 1666 Romani.
1283 1610 1513 1681 Scripsit
1543 1627 1672 1682 ergo
1705 1610 1902 1667 Amrus
1938 1611 2108 1668 Ebnol
2135 1615 2222 1667 Αδί
2256 1613 2323 1666 ad

756 1702 1014 1755 Uttlartl‘tt
1061 1701 1215 1757 Ebnil
1251 1702 1519 1757 Chelahi:
1558 1702 1759 1758 Urbem
1810 1704 1927 1772 cepi
1961 1704 2015 1759 in
2056 1719 2163 1772 qua
2196 1703 2323 1771 qu‘d

757 1794 965 1845 sitnon
1011 1792 1341 1858 describam,
1392 1794 1497 1849 nisi
1547 1794 1692 1863 quod
1743 1794 1796 1847 in
1851 1794 1968 1863 ipsa
2026 1795 2319 1862 repererim

2433 627 2529 684 per
2581 629 2731 670 mare
2774 616 2988 671 Salsum
3049 614 3317 670 Medinam
3374 612 3780 669 deferebantur.
3844 613 4003 683 Cepit

2432 702 2594 757 etiam
2626 705 2828 761 Amrus
2893 704 3067 759 Ehnol
3125 704 3219 758 Asi
3277 702 3541 773 Tripolim
3601 704 3997 758 occidentalem

2440 806 2586 845 anno
2619 790 2794 847 Heirae
2846 794 3109 849 vicesimo
3160 794 3424 856 secundo,
3483 808 3735 848 necnon
3784 794 3996 861 imperii

2434 880 2665 937 lleraclil
2693 883 2955 939 vicesimo
2983 883 3251 949 secundo,
3288 883 3584 940 chalifatus
3605 883 3790 938 Omari
3823 882 3998 937 Ehnol

2432 971 2658 1027 Chetabi
2691 974 2924 1029 decimo.
2946 974 3337 1044 Exstruxitque
3358 977 3557 1030 Amrus
3589 975 3836 1030 Pbustati
3864 986 4002 1029 tem-

2434 1064 2580 1131 plum
2615 1080 2892 1132 magnum.
2929 1065 3099 1120 Porro
3133 1066 3457 1121 interfectus
3489 1076 3574 1121 est
3618 1066 3785 1121 Omar
3830 1066 4002 1119 Ebuol

2434 1154 2667 1209 Chetahi
2718 1156 2968 1220 Medium,
3016 1157 3377 1212 interficiente
3416 1159 3594 1225 ipsum
3644 1158 3760 1211 Abu
3815 1156 4003 1210 Lulum

2432 1262 2593 1303 servo
2647 1248 2869 1318 Moglra:
2929 1250 3046 1303 Ehn
3097 1248 3346 1304 Shaabaa.
3399 1249 3544 1304 Obiit
3599 1250 3688 1304 die
3714 1249 3796 1303 Dil
3832 1248 4006 1318 llojjze

2434 1340 2700 1393 vicesimo
2754 1340 3012 1408 septimo.
3075 1356 3220 1394 anno
3271 1339 3451 1394 "eine
3504 1340 3767 1393 vicesimo
3818 1340 4003 1399 tertio,

2438 1446 2538 1483 nec
2573 1447 2677 1485 non
2716 1431 2928 1501 imperii
2962 1429 3198 1486 lleraclii
3235 1434 3495 1487 vicesimo
3529 1433 3696 1485 tertio
3745 1446 3869 1484 cum
3906 1445 4004 1481 an-

2433 1535 2625 1575 norum
2662 1531 2807 1577 esset
2837 1524 3118 1591 semgiuta
3148 1522 3336 1586 trium,
3372 1533 3616 1590 tempore
3646 1520 4003 1590 321-323

2433 1614 2698 1668 orationis
2729 1614 3034 1668 matutinae.
3077 1613 3198 1669 Jam
3225 1622 3409 1668 autem
3460 1613 3516 1667 in
3552 1614 3850 1667 consilium
3908 1628 4005 1665 vo-

2430 1706 2636 1758 candos
2664 1704 2755 1775 [de
2801 1719 3125 1759 successore
3155 1703 3431 1776 eligendo]
3467 1713 3739 1759 statuerat
3764 1718 3859 1758 sex
3896 1702 4007 1755 Mo-

2435 1795 2558 1849 hatn
2610 1796 2860 1862 comites,
2883 1796 3215 1851 Otbmanum
3245 1795 3359 1849 Ehn
3388 1795 3565 1857 Affan.
3593 1796 3731 1849 Alim
3764 1793 3881 1847 Ebn
3904 1794 4004 1847 Abi

758 1884 956 1949 palatia
1007 1894 1197 1952 quater
1233 1885 1411 1951 mille;
1449 1885 1636 1939 balnea
1662 1893 1853 1953 quater
1892 1885 2074 1949 mille;
2108 1884 2324 1940 Judmu-
2363 1872 2402 1925 Β
2434 1886 2640 1951 Talehi,
2673 1885 2902 1941 Talbum
2935 1887 3199 1940 AlZohair
3250 1886 3418 1940 Ebuol
3467 1889 3655 1947 Aram,
3692 1883 4004 1938 Ahdorrah-

756 1991 876 2027 tum
932 1976 1026 2043 qui
1064 1977 1328 2029 tributum
1356 1977 1951 2046 solvuntquadragiuta
1972 1976 2327 2049 317-319

757 2067 951 2131 millia,
1000 2067 1181 2121 circos
1222 2068 1403 2135 regios
1449 2068 1902 2137 quadringentos.
1960 2069 2186 2123 olitores
2230 2069 2323 2137 qui

756 2159 903 2210 olera
929 2158 1165 2211 vendunt
1187 2158 1478 2213 duodecies
1513 2160 1680 2216 mille.
1712 2160 1887 2227 ipsam
1940 2174 2067 2214 vero
2102 2160 2152 2214 vi
2180 2160 2321 2229 cepi,

761 2248 912 2300 nullo
947 2249 1085 2300 inito
1139 2259 1319 2318 pacto.
1361 2250 1661 2303 Certiorem
1720 2252 1882 2304 etiam
1940 2251 2118 2321 ipsum
2177 2252 2324 2314 fecit,

763 2354 988 2406 poscere
1023 2338 1379 2395 Mosleminos
1411 2342 1585 2411 ipsam
1636 2342 1739 2395 sibi
1796 2342 2171 2398 dividendam.
2223 2344 2322 2397 Cui

764 2430 1073 2484 rescribeus
1104 2429 1271 2485 Omar
1299 2430 1490 2485 Ebnol’
1523 2433 1773 2497 Chetabi,
1824 2434 2118 2488 consilium
2152 2433 2324 2504 ipsius

763 2520 1112 2588 improbavit,
1153 2520 1425 2589 jussitque
1467 2537 1536 2575 ne
1571 2524 1743 2593 ipsam
1779 2524 1886 2577 illis
1934 2522 2322 2597 [spoliandum]

764 2613 1098 2669 permitteret
1133 2622 1230 2666 aut
1258 2612 1551 2676 divideret,
1582 2629 1773 2668 verum
1812 2615 2039 2686 vectigal
2075 2614 2243 2685 ipsius
2270 2616 2323 2669 itt

762 2704 880 2772 ipsa
910 2704 1249 2759 Mosleminis
1292 2704 1648 2774 relinqueret,
1681 2722 1788 2775 quo
1820 2706 2069 2762 subsidio
2101 2706 2239 2776 ipsis
2271 2707 2323 2759 in

760 2797 1138 2865 oppugnandis
1193 2797 1446 2852 hostibus
1487 2808 1660 2854 esset.
1713 2799 1843 2852 Eam
1893 2814 2023 2869 ergo
2073 2814 2183 2868 quo
2214 2810 2327 2852 erat

760 2897 906 2941 δτειῑιι
937 2889 1280 2943 confirmavit
1310 2890 1535 2953 Amrus.
1565 2891 1977 2959 numeratisque
2009 2891 2203 2946 incolis
2237 2892 2329 2942 tri-

768 2984 954 3035 hutum
994 2982 1124 3050 ipsis
1173 2983 1450 3051 imposuit.
1492 2983 1661 3036 Porro
1692 2983 1955 3053 [Egyptus
1987 2982 2241 3037 universa
2275 2982 2327 3034 in

768 3075 944 3128 t'tedus
979 3084 1191 3144 recepta
1246 3075 1369 3138 fuit,
1417 3076 1626 3130 tributo
1676 3077 1930 3130 binorum
1979 3088 2267 3130 aureorum
2299 3090 2328 3128 a

764 3167 996 3237 singulis
1054 3168 1379 3236 pendendo;
1435 3183 1611 3237 neque
1668 3168 1907 3235 cuipiam
1962 3166 2194 3235 amplius
2229 3181 2328 3235 pro

765 3261 943 3329 capite
971 3274 1071 3313 suo
1097 3260 1414 3315 solvendum
1478 3260 1861 3329 imponebatur
1912 3259 2036 3327 (nisi
2090 3258 2182 3312 ubi
2232 3258 2329 3311 ad~
2362 3218 2406 3278 Ο

761 3354 1023 3416 jlceretur
1078 3351 1309 3421 aliquid,
1356 3367 1516 3421 etque
1573 3353 1946 3422 imponeretur
1986 3350 2194 3405 ratione
2225 3359 2330 3405 ler-

766 3460 943 3497 rarum
976 3452 1027 3497 et
1059 3443 1273 3513 frugum
1301 3458 1436 3512 quas
1460 3441 2333 3513 haberet).exceptisAlexandriae

771 3537 1002 3591 incolis:
1043 3538 1118 3589 illi
1162 3537 1311 3591 enim
1360 3536 1588 3604 vectigal
1643 3552 1705 3591 ac
1738 3536 2003 3592 tributum
2060 3535 2126 3588 ad
2182 3534 2333 3587 arbi-

769 3628 931 3681 trium
967 3626 1087 3695 ejus
1116 3627 1207 3696 qui
1251 3628 1388 3695 ipsis
1427 3627 1829 3696 pradiciebatnr
1864 3626 2196 3693 pendebant.
2230 3624 2333 3678 Cn-

771 3733 856 3786 pta
886 3728 969 3774 est
993 3719 1269 3788 siquidem
1305 3719 1636 3773 Alexandria
1668 3719 1744 3782 vi,
1779 3720 1899 3773 sine
1934 3717 2205 3787 promisso
2237 3725 2330 3769 aut

771 3817 943 3880 pactis
974 3813 1278 3875 conventis,
1308 3811 1460 3866 nullo
1486 3826 1612 3866 cum
1652 3812 1785 3882 ipsis
1834 3813 1972 3865 inito
2000 3810 2205 3865 foedere
2239 3818 2333 3862 aut

770 3905 1091 3971 sponsione.
1153 3905 1323 3975 Capta
1392 3913 1571 3960 autem
1621 3912 1705 3959 est
1759 3905 1846 3958 die
1906 3902 2132 3959 Veneris
2183 3915 2333 3955 meu-

767 3998 843 4051 sis
897 3998 1200 4050 Moharratn
1261 3997 1564 4060 novilunio,
1615 4012 1760 4051 anno
1831 3996 2007 4052 Heirte
2051 3995 2331 4058 vicesimo,

771 4103 872 4142 nec
906 4104 1015 4143 non
1066 4089 1277 4159 imperii
1306 4090 1538 4145 lleraclii
1594 4089 1878 4152 vicesimo,
1914 4088 2006 4156 qui
2041 4085 2335 4143 chalifatus

768 4180 954 4233 Omari
1009 4180 1181 4235 Ehnol
1232 4179 1460 4235 Chetahi
1514 4191 1741 4236 octavus
1793 4180 1916 4233 fuit.
1968 4179 2141 4233 Porro
2190 4177 2337 4231 misit

765 4280 969 4330 Amrus
1009 4273 1183 4328 Ebuol
1212 4274 1332 4336 Asi,
1364 4272 1606 4329 Bokbam
1663 4272 1777 4329 Ebn
1812 4272 2018 4341 Naphei
2076 4270 2333 4324 Zau'ilam

771 4382 965 4437 usque,
999 4377 1162 4435 atque
1207 4366 1278 4419 ita
1315 4365 1580 4435 quidquid
1632 4365 1773 4418 inter
1809 4362 2039 4416 Barkam
2079 4370 2132 4417 et
2160 4360 2338 4413 Zawi-

770 4459 872 4509 lam
899 4463 981 4511 est
1031 4471 1198 4524 penes
1250 4454 1562 4510 Moslemios
1617 4453 1741 4518 fuit,
1772 4468 1836 4508 ac
1895 4463 2023 4507 tunc
2072 4451 2333 4520 temporis

2436 1992 2560 2031 man
2616 1977 2732 2032 Ebn
2786 1976 2922 2043 Orli,
2983 1976 3251 2032 AlZahari
3300 1986 3356 2033 et
3392 1976 3629 2031 Saadutn
3696 1976 3815 2030 Ehn
3882 1974 4005 2029 Abil

2435 2071 2698 2126 Wakkas.
2736 2070 2925 2125 Oravit
2974 2085 3076 2139 pro
3105 2086 3171 2125 eo
3220 2070 3389 2125 Sahib
3438 2069 3710 2124 Aanmi:
3756 2069 4008 2136 sepultus

2432 2174 2519 2220 est
2549 2163 2734 2218 eadem
2759 2163 2921 2216 domo
2950 2162 3006 2216 in
3030 2176 3137 2229 qua
3164 2162 3411 2232 sepultus
3444 2160 4005 2216 fueratllahommeal.

2433 2256 2737 2311 Chalifatus
2771 2254 2944 2323 ipsius
2973 2269 3242 2309 annorum
3273 2263 3409 2314 ,erat
3438 2253 3651 2315 decem,
3686 2260 3756 2316 {et
3814 2268 4007 2304 novem

2435 2344 2728 2399 mensium.
2778 2342 2978 2398 Novies
3013 2343 3310 2399 chalifatus
3357 2343 3440 2398 sui
3476 2355 3721 2410 tempore
3776 2358 4009 2411 peregre

2434 2434 2712 2505 religionis
2733 2448 2864 2503 ergo
2884 2434 3263 2503 peregrinatus
3287 2444 3392 2487 est.
3415 2432 3623 2487 Fuscus
3643 2445 3783 2495 erat,
3810 2447 4004 2493 sv-awa,

2434 2527 2643 2587 calvus,
2673 2538 2842 2596 caput
2865 2533 2919 2581 et
2952 2527 3174 2580 barbam
3225 2526 3391 2579 hinna
3424 2525 3672 2593 tingeus:
3702 2524 4008 2592 spiculata-

2438 2635 2557 2673 rum
2606 2620 2708 2688 ipsi
2739 2618 3031 2690 praefectus
3060 2617 3163 2671 fuit
3190 2616 3454 2671 Abdallah
3495 2614 3611 2669 Elin
3643 2616 3873 2679 Abbasi,
3920 2616 4007 2683 ja-

2437 2712 2584 2765 nitor
2613 2709 2783 2764 Barka
2816 2725 3007 2765 servus
3031 2710 3225 2778 ipsius.

2716 2801 3017 2869 Cltalifaltts
3061 2800 3315 2855 O'hnttmi
3360 2801 3472 2854 El'n
3522 2801 3718 2869 A/fam'.

2508 2892 2564 2947 ln
2599 2891 2920 2947 ehaliiatum
2968 2894 3233 2948 suffectus
3277 2905 3359 2947 est
3400 2894 3633 2946 Otltman
3680 2893 3793 2945 Ehn
3830 2891 4006 2943 Affani

2438 2988 2554 3043 Ebn
2589 2988 2710 3042 Ahil
2734 2987 2852 3053 Asi,
2879 2986 2994 3043 Ebn
3017 2988 3267 3051 Omtnite,
3300 2988 3413 3042 Ebn
3438 2988 3809 3043 Abdishemsi.
3836 2986 4011 3040 Mater

2438 3078 2541 3146 ipsi
2583 3076 2685 3130 fuit
2717 3076 3004 3131 Ommaiah
3036 3078 3139 3131 [ilia
3169 3078 3417 3142 Cubarte,
3445 3077 3560 3133 Ebn
3596 3076 3802 3138 Rahiaa,
3829 3076 4011 3129 tribus

2440 3177 2565 3236 post
2605 3166 2791 3222 Omari
2834 3167 3041 3221 obitum
3070 3167 3262 3222 diebus
3290 3167 3508 3222 tiuiente
3542 3166 3623 3220 Dil
3650 3166 3825 3232 llojja.
3857 3166 4011 3218 Fui?-

2438 3274 2544 3326 que
2591 3256 2858 3329 [initium]
2903 3256 3196 3312 chalifatus
3241 3258 3361 3326 ejus
3415 3258 3749 3311 norilunium
3804 3258 4010 3309 mensis

2441 3348 2744 3402 Mobarram
2778 3348 2905 3401 anni
2936 3346 3113 3402 lleirae
3134 3347 3397 3401 vicesimo
3418 3356 3640 3416 quarto,
3670 3346 3833 3416 idque
3864 3360 4010 3398 anno

2441 3441 2652 3510 imperii
2687 3440 2922 3493 Heraclsi
2962 3439 3308 3508 imperatoris
3338 3440 3713 3492 Romanorum
3750 3438 4010 3491 vicesimo

2436 3543 2656 3602 quarto.
2688 3529 3019 3585 Chalifatum
3050 3530 3286 3584 obtinuit
3311 3535 3472 3585 annis
3501 3530 3813 3585 duodecim.
3849 3531 4010 3582 Anno

2438 3624 2735 3678 chalifatus
2766 3622 2888 3687 ejus
2931 3622 3094 3676 tertio
3124 3622 3464 3676 constitutus
3515 3633 3603 3677 est
3656 3622 3871 3675 lnrihus
3917 3636 4012 3689 pa-

2440 3715 2680 3769 triarcha
2712 3713 3112 3777 Autiochenus,
3146 3713 3240 3781 qui
3284 3712 3543 3767 MarOnita
3582 3714 3701 3769 fuit.
3744 3712 4013 3766 Constan-

2440 3804 2670 3872 tinopoli
2710 3810 2889 3855 autem
2926 3800 2998 3872 [ei
3023 3800 3262 3871 muneri]
3288 3802 3575 3870 prmfectus
3606 3811 3707 3863 est,
3735 3801 3900 3872 324
3918 3802 4011 3853 ubi

2441 3898 2686 3968 quinque
2719 3909 2894 3949 annos
2928 3895 3198 3957 substitit,
3236 3910 3410 3965 neque
3441 3894 3785 3948 Antiochiam
3822 3911 4013 3963 perveo

2442 3990 2542 4042 uit.
2575 3988 2822 4042 Mortuus
2854 3996 3030 4041 autem
3063 3996 3145 4042 est
3183 3988 3684 4057 Constantinopoli,
3712 3989 3899 4055 ibique
3924 4005 4013 4042 se-

2442 4081 2642 4149 pultus.
2675 4082 2835 4134 Anno
2870 4080 3165 4134 chalil‘atus
3192 4080 3439 4149 ejusdem
3472 4081 3687 4134 decimo
3719 4082 3900 4134 factus
3932 4092 4013 4133 est

2441 4172 2712 4226 Macarius
2745 4171 3055 4241 patriarcha
3085 4172 3484 4236 Autiochenus,
3538 4174 3629 4243 qui
3658 4180 3712 4225 et
3738 4171 4010 4225 Haronita

2442 4264 2566 4318 fuit.
2623 4261 2726 4319 Hic
2772 4262 2937 4317 etiam
2969 4261 3445 4333 Constantinopoli
3482 4274 3720 4326 creatus,
3768 4278 3897 4317 cum
3938 4264 4010 4315 ibi

2438 4363 2566 4409 octo
2595 4368 2773 4408 annos
2801 4354 3217 4422 permansisset,
3247 4370 3423 4424 neque
3448 4354 3794 4408 Antiochiam
3823 4369 4012 4408 acces-

2442 4452 2626 4514 sisset,
2662 4457 2912 4502 mortuus
2961 4456 3067 4511 est,
3110 4448 3295 4517 ibique
3348 4448 3614 4517 sepultus.
3647 4447 3805 4499 Anno
3846 4447 4014 4498 chali-

767 4548 931 4618 320
963 4561 1067 4600 non
1101 4547 1511 4617 lngrediebatur
1540 4544 1769 4600 Barkam
1799 4545 1892 4614 qni
1930 4544 2191 4599 tributum
2223 4542 2334 4597 exi-
2361 4552 2412 4612 ι)
2442 4541 2583 4594 fatus
2604 4540 2847 4610 ejusdem
2868 4552 3014 4593 nono
3031 4539 3359 4593 constitutus
3380 4535 3675 4591 estl’elrus
3702 4536 4012 4604 patriarcha

768 4645 942 4703 geret,
977 4648 1161 4687 verum
1198 4642 1440 4701 tempore
1490 4635 1798 4704 pmstituto
1828 4634 2097 4686 tributum
2154 4633 2333 4686 mitte-

768 4726 920 4780 bant.
954 4725 1254 4794 Occupavit
1285 4733 1469 4778 autem
1502 4725 1750 4779 homines
1801 4725 2084 4779 calamitas
2141 4738 2334 4793 magna

767 4818 997 4872 Medium
1030 4833 1139 4885 pra:
1193 4832 1422 4870 annona:
1469 4818 1718 4872 caritate.
1752 4817 1983 4886 Scripsit
2011 4831 2141 4886 ergo
2171 4816 2337 4870 Omar

769 4910 943 4964 Ehnol
972 4908 1200 4964 Chetahi
1231 4910 1294 4963 ad
1327 4911 1553 4964 Amrum
1592 4909 1765 4963 Ειηιοὶ
1798 4909 1889 4964 Asi
1922 4909 2213 4963 certiorem
2254 4906 2337 4976 ip-

768 5010 890 5049 sum
926 4995 1135 5051 faciens
1163 5005 1367 5066 quanta
1395 5006 1774 5066 premerentur
1807 4998 2059 5052 homines
2086 4997 2336 5066 angustia

768 5100 833 5138 ac
871 5101 1105 5142 annona:
1134 5088 1387 5144 caritate.
1427 5088 1683 5157 Misitque
1716 5088 1917 5143 Amrus
1970 5089 2209 5144 camelos
2237 5089 2338 5142 tri-

767 5180 877 5231 tico
909 5189 1156 5242 onustos,
1185 5195 1419 5247 quorum
1465 5180 1625 5248 primi
1659 5180 1927 5234 Medinam
1965 5181 2331 5250 pertigerunt,

768 5271 894 5337 jluut
928 5272 1105 5324 ultimi
1140 5271 1315 5325 adhuc
1348 5271 1402 5324 in
1458 5270 1696 5342 aEgypto
1739 5280 1946 5337 essent,
1995 5274 2136 5326 serie
2165 5272 2338 5325 conti-

770 5378 900 5415 nua.
934 5362 1161 5433 Scripsit
1199 5378 1326 5431 ergo
1353 5365 1519 5417 Omar
1546 5364 1718 5418 Ehnol
1753 5364 1980 5419 Chetabi
2015 5364 2080 5418 ad
2109 5365 2334 5416 Amrum

774 5454 945 5506 Elmol
980 5455 1070 5507 Asi
1107 5463 1167 5506 ut
1212 5454 1525 5508 fodiendum
1565 5464 1785 5509 curaret
1843 5455 2053 5507 alveum
2082 5454 2171 5519 qui
2206 5453 2339 5507 Κοτ-

758 5540 987 5597 ’κειιηυιιι
1024 5544 1375 5613 pertingeret,
1410 5561 1518 5613 quo
1563 5546 1775 5599 facilius
1808 5556 2187 5623 apportarj‘tur
2222 5544 2338 5597 fru-

774 5626 1040 5689 mentum.
1074 5634 1235 5689 Fodit
1268 5651 1399 5704 ergo
1435 5638 1635 5692 Amrus
1665 5638 1863 5692 llumen
1897 5639 2024 5691 illtnl
2056 5639 2203 5707 quod
2240 5638 2339 5692 sub

760 5730 935 5795 'poute
962 5737 1065 5790 est,
1098 5729 1241 5797 quod
1280 5727 1502 5783 Flumen
1529 5729 1864 5795 imperatoris
1893 5716 2128 5784 fidelium
2158 5733 2335 5799 appel-

776 5822 918 5873 latur
1024 5832 1115 5898 per
1144 5818 1284 5889 quod
1321 5824 1483 5874 nares
1516 5819 1783 5887 triticum,
1818 5821 2078 5875 hordeum
2112 5831 2162 5874 rt
2191 5822 2340 5890 legu-

2437 4630 3111 4700 Coustantinopolitanus.
3143 4628 3236 4699 qui
3269 4639 3323 4683 et
3353 4628 3618 4682 Maronita
3654 4627 3795 4681 fuit:
3840 4641 4015 4680 annos

2440 4739 2531 4776 se:
2562 4723 2724 4786 sedit,
2761 4722 2887 4776 dein
2919 4729 3169 4775 mortuus
3202 4729 3306 4774 est.
3349 4719 3508 4772 Anno
3538 4717 3834 4773 cbalifatus
3871 4720 4019 4786 ejus-

2440 4816 2562 4868 dem
2596 4824 2793 4882 quarto
2824 4823 3043 4868 creatus
3076 4821 3159 4867 est
3203 4810 3399 4866 Petrus
3435 4811 3740 4880 patriarcha
3784 4812 4022 4865 Alexan-

2439 4909 2661 4969 drinus;
2693 4904 2957 4958 Maronita
2991 4904 3127 4969 fuit;
3158 4918 3281 4954 cum
3317 4917 3491 4957 annos
3528 4917 3718 4957 norem
3755 4904 4020 4971 sedissvt,

2442 5007 2690 5053 mortuus
2724 5006 2829 5053 est.
2887 4997 3047 5050 Anno
3089 4996 3335 5064 ejusdem
3380 5004 3576 5050 octavo
3626 5006 3884 5049 mattuus
3939 5008 4021 5051 est

2444 5091 2718 5143 llonurius
2751 5088 3059 5157 patriarcha
3092 5088 3396 5151 Romanus,
3444 5087 3538 5157 qui
3577 5088 3740 5141 etiam
3776 5086 4021 5143 Maronis

2440 5183 2746 5236 doctrinam
2787 5181 3073 5251 amplexus
3110 5179 3238 5241 fuit,
3277 5189 3439 5249 atque
3487 5194 3585 5249 per
3614 5180 3795 5245 ipsum
3843 5180 4019 5234 divisa

2441 5284 2525 5328 est
2561 5273 2813 5328 Ecclesia:
2842 5272 3135 5327 sententia.
3173 5272 3304 5324 Post
3349 5271 3522 5340 ipsius
3566 5271 3776 5324 obitum
3809 5271 4018 5324 electus

2443 5375 2526 5418 est
2557 5364 2778 5431 quidam
2816 5363 3036 5416 nomine
3069 5361 3390 5423 Severinus,
3435 5361 3527 5431 qui
3565 5361 3752 5415 Roma:
3787 5363 4018 5426 patriar—

2444 5460 2541 5509 cha
2583 5457 2934 5517 constitutus,
2971 5454 3064 5507 ubi
3104 5469 3199 5508 sex
3236 5467 3453 5508 menses
3488 5454 3744 5515 sedissu,
3767 5462 4019 5506 mortuus

2443 5556 2545 5599 est.
2583 5546 2707 5599 l'ost
2746 5559 2909 5613 quem
2958 5544 3167 5598 electus
3207 5557 3293 5599 est
3345 5547 3427 5598 vir
3471 5551 3761 5613 praestans.
3797 5544 4019 5596 nomine

2442 5637 2703 5699 Joannes,
2735 5637 2800 5689 ad
2847 5650 3007 5704 quem
3048 5650 3171 5689 cum
3212 5636 3391 5687 delata
3444 5646 3588 5689 esset
3646 5634 3809 5689 istius
3866 5634 4016 5688 dubit

2444 5743 2610 5783 causa
2633 5771 2653 5796 ,_
2695 5730 2998 5796 imperante
3050 5736 3180 5783 tunc
3227 5727 3490 5794 temporis
3536 5726 4013 5793 Constantitmpoli

2449 5792 2696 5879 Heraclio
2735 5839 2857 5876 eum
2896 5822 3061 5877 fratre
3095 5838 3194 5879 suo
3222 5810 3607 5882 Constantino,
3646 5822 3868 5885 scripsit
3902 5823 4011 5888 ipse
