4210 6428
218 416 363 481 1109

1609 418 1979 478 ANNALES.

3361 424 3490 488 llltl

210 538 279 590 ad
322 536 447 589 illos
475 534 767 603 epistolam
806 535 866 586 in
890 546 996 601 qua
1024 532 1176 585 dubii
1210 531 1373 586 istius
1399 546 1619 586 causam
1670 531 1803 603 [exo
1836 542 1877 596 Α
1912 533 2030 600 pori
2077 531 2291 586 Domini
2348 534 2524 589 nostri
2575 533 2779 590 Christi
2828 550 2934 590 non
2969 536 3141 592 fuisse
3186 538 3492 593 voluntates

213 626 451 699 posuit,]
510 626 815 696 apologiam
875 626 1043 679 edens
1095 639 1193 694 pro
1243 624 1646 692 pra-decessore
1705 640 1806 678 suo

216 720 462 773 Honorio
494 718 806 788 patriarcha
844 716 1114 774 Romano.
1168 715 1424 786 Epistulae
1472 727 1651 771 autem
1703 718 1807 770 ini-

211 818 353 866 tium
408 814 480 866 ita
537 828 597 868 se
647 811 885 865 habuit:
925 809 967 863 Α
1015 808 1226 863 Joanne
1278 824 1436 879 papa,
1496 812 1804 878 patriarcha

220 902 494 967 l‘miuano,
546 903 612 956 ad
673 900 982 954 lleraclium
1030 909 1085 954 et
1133 899 1555 954 Constantinum
1608 900 1805 954 fratres

213 998 582 1064 impera-ores
642 994 1043 1064 325-327
1106 994 1311 1062 quibus
1363 994 1676 1048 concredita
1724 1003 1806 1047 est

216 1090 460 1143 l-Icrlesia
508 1088 712 1143 Christi
769 1087 865 1141 Dei
915 1086 1068 1152 veri,
1126 1085 1285 1154 cujus
1330 1086 1419 1140 lux
1470 1086 1524 1140 in
1565 1088 1805 1142 tenebris

217 1182 535 1250 splenduit;
594 1179 687 1249 qui
741 1194 839 1234 nos
888 1194 916 1233 a
969 1188 1241 1248 potestate
1293 1180 1638 1233 tenebrarum
1687 1180 1806 1234 luce

218 1292 317 1329 Sila
373 1275 513 1329 mira
563 1274 839 1335 liberavit,
892 1273 1013 1327 luce
1049 1288 1174 1327 vera
1213 1272 1299 1325 cui
1345 1271 1509 1326 nullae
1559 1271 1805 1327 admistte

220 1377 353 1424 Sttlll
394 1367 672 1430 tenebrae;
722 1366 815 1435 qui
874 1366 1137 1436 sanguine
1205 1368 1391 1419 crucis
1452 1379 1562 1417 sua:
1617 1380 1802 1432 pacem

222 1460 356 1513 fecit
393 1458 534 1511 inter
564 1458 763 1511 t-mlutn
802 1464 855 1508 et
888 1464 1127 1519 terram;
1184 1454 1274 1522 qui
1312 1452 1571 1506 Ecclesia:
1611 1452 1803 1506 faciem

224 1565 449 1617 semper
479 1551 744 1603 intuetur.
778 1547 877 1600 Ille
912 1557 997 1601 est
1046 1546 1139 1614 qui
1176 1545 1332 1599 vobis
1388 1544 1527 1597 hanc
1576 1545 1804 1612 gratiam

223 1636 377 1698 fecit,
418 1653 451 1692 ο
484 1637 867 1705 imperatores,
904 1644 963 1688 ttt
1004 1635 1293 1703 opiniones
1329 1635 1563 1703 optimas
1600 1649 1661 1686 ae
1709 1648 1807 1686 no-

222 1731 529 1785 bilissimas
561 1731 614 1783 in
652 1729 902 1783 Ecclesia
937 1726 1359 1797 proﬁteremini,
1394 1728 1660 1795 fidemque
1684 1743 1805 1797 per-

221 1822 581 1876 fectissimam
647 1834 712 1876 ac
775 1821 878 1890 ipsi
944 1821 1248 1887 proximam
1319 1820 1800 1889 amplectercniini.

221 1914 439 1968 Accidit
476 1914 561 1969 hic
596 1928 685 1967 res
726 1927 847 1981 quae
900 1912 1216 1966 necessario
1266 1910 1540 1964 narranda
1594 1919 1699 1973 est,
1750 1919 1809 1965 ut
1841 1893 1880 1948 Β

225 2005 400 2070 ipsam
442 2003 749 2072 intelligant
782 2003 873 2071 qui
916 2003 1231 2072 aequitatem
1284 2003 1493 2063 colunt.
1546 2011 1709 2071 atque
1753 2003 1805 2057 iu

224 2096 399 2164 ipsam
432 2095 742 2164 inquirunt,
776 2109 888 2165 quo
922 2094 1125 2149 veritas
1150 2094 1403 2165 superior
1428 2094 1655 2158 evadat;
1683 2108 1806 2147 cum

224 2190 293 2240 ad
349 2203 435 2241 me
490 2187 799 2256 pervenerit
858 2202 1107 2256 quaenam
1143 2187 1255 2242 sint
1294 2186 1437 2256 apud
1495 2184 1808 2275 Occidentis

226 2273 395 2326 etiam
456 2272 665 2327 incolas
723 2272 1108 2341 discrepantia;
1172 2284 1227 2329 et
1286 2276 1472 2338 dubia,
1512 2272 1686 2360 atque
1735 2276 1801 2328 ad

228 2380 320 2418 me
379 2364 645 2432 perlatum
703 2365 775 2421 sit
833 2365 967 2419 illud
1021 2381 1149 2432 una,
1190 2382 1315 2422 cum
1380 2367 1567 2422 fratris
1633 2368 1803 2423 nostri

229 2458 429 2528 Pyrrhi
464 2460 784 2527 patriarchae
810 2458 1432 2530 Constantinopolitani,
1460 2464 1804 2532 aliorumque

228 2551 450 2605 litteris.
508 2548 740 2605 Necesse
774 2561 856 2605 est
913 2567 1045 2620 ergo
1096 2562 1152 2605 ut
1182 2554 1484 2623 explicetur
1536 2570 1622 2610 res
1675 2557 1800 2620 ista,

228 2657 340 2711 quo
399 2652 509 2696 tota
565 2643 934 2713 dignoscatur.
994 2643 1211 2699 Initium
1258 2646 1427 2715 ipsius
1476 2646 1557 2701 sic
1598 2663 1657 2702 se
1704 2648 1803 2702 ha-

229 2736 357 2800 lvet,
400 2736 541 2803 quod
595 2746 719 2790 ante
762 2751 932 2791 annos
989 2739 1205 2791 circiter
1249 2739 1547 2794 octodecim
1591 2717 1803 2796 dicatur

228 2828 405 2897 Cyrus
456 2831 762 2897 patriarcha
815 2829 1216 2885 Alexandrinus
1278 2823 1519 2887 Maronis
1578 2843 1799 2888 senten-

234 2922 361 2973 tiam
406 2921 686 2987 amplexus
729 2934 744 2972 :
795 2919 1085 2984 videlicet,
1139 2920 1368 2976 Domino
1411 2921 1628 2977 Christo
1682 2938 1803 2979 esse

232 3021 460 3065 naturas
522 3013 679 3074 duas,
740 3012 1073 3065 voluntatem
1133 3028 1319 3079 unam,
1391 3024 1554 3083 atque
1606 3030 1803 3085 opera-

233 3112 438 3161 tionem
477 3124 662 3162 unam.
725 3108 878 3174 Quod
932 3127 1053 3162 cum
1096 3111 1398 3166 audivisset
1463 3112 1803 3182 Sophrooius

231 3203 324 3269 qui
369 3202 681 3269 patriarcha
745 3203 1277 3273 Hierosolytnitanus
1330 3204 1452 3269 fttit,
1514 3221 1635 3259 cum
1687 3208 1804 3275 ipso
1838 3231 1880 3287 ο

232 3293 522 3361 diSputans
572 3295 907 3359 argumentis
961 3295 1137 3362 ipsum
1174 3296 1321 3350 vicit.
1362 3295 1498 3350 Tum
1557 3298 1802 3366 Sophro-

232 3384 361 3437 nius
382 3384 448 3437 ad
478 3384 725 3454 Sergium
751 3387 1112 3455 patriarcham
1134 3389 1803 3459 Constamtiuopolitanuin

235 3481 539 3549 profectus,
594 3495 716 3532 cum
778 3481 955 3548 ipsum
1020 3481 1161 3535 idem
1222 3498 1345 3536 cum
1402 3485 1547 3552 Cyro
1607 3485 1804 3540 docere

235 3573 526 3640 reperiret,
562 3582 724 3641 atque
771 3573 971 3638 dicere,
1007 3573 1308 3629 Honorium
1362 3577 1525 3630 etiam
1564 3580 1803 3646 patriar-

235 3665 394 3718 cham
459 3663 765 3719 Romanum
834 3666 974 3719 idem
1029 3666 1299 3723 afﬁrmare
1356 3668 1523 3739 328
1561 3686 1589 3724 a
1656 3670 1804 3726 Con-

236 3759 593 3825 stantinopoli
651 3757 1029 3828 Hierosolyma
1093 3776 1344 3817 reversus
1394 3774 1500 3818 esr.
1557 3763 1805 3835 Cumque

232 3851 547 3915 patriarcha
597 3861 746 3904 esset
803 3844 949 3919 (eum
1003 3851 1299 3921 siquidem,
1345 3866 1563 3924 propter
1592 3843 1803 3937 ‘ortho-

232 3936 453 3989 doxiam
480 3935 655 4005 ipsius
686 3946 993 4005 acceptum,
1024 3936 1414 4006 Hierosolymis
1446 3935 1808 4005 patriarcham

230 4027 619 4096 praefecerunt,
677 4028 831 4081 urbis
884 4028 1003 4096 ejus
1056 4028 1303 4097 incolat),
1344 4028 1541 4083 librum
1594 4029 1659 4083 de
1709 4029 1812 4084 fide

233 4118 477 4187 Scripsit,
516 4133 677 4187 quem
712 4121 877 4173 totius
928 4121 1115 4174 mundi
1166 4121 1355 4193 incola:
1395 4131 1679 4190 acceptum
1716 4122 1812 4177 ha-

234 4211 496 4264 buerunt.
559 4209 670 4264 Hoc
705 4226 830 4264 cum
883 4212 1137 4265 scivisset
1180 4210 1455 4266 Honorius
1502 4196 1811 4283 patriarcha

232 4300 541 4365 Romanus,
579 4317 679 4356 nec
718 4316 825 4355 non
864 4300 1114 4371 Sergium
1144 4304 1510 4367 patriarcham
1543 4304 1811 4359 Constan-

236 4393 671 4463 tinopolitanum
700 4394 841 4448 falso
866 4393 1070 4448 dixisse
1098 4395 1277 4462 ipsum
1316 4395 1643 4450 Maronitam’
1668 4412 1809 4462 esse,

231 4486 435 4541 librqu
472 4484 692 4553 scripsit
726 4484 779 4537 in
817 4499 925 4552 quo
958 4486 1171 4548 asserit,
1213 4484 1502 4539 Dominum
1558 4495 1807 4542 nostrum

1914 626 2054 679 duas
2110 626 2419 681 contrarias
2467 642 2644 697 neque
2705 629 3105 684 coutradixisse
3156 630 3486 684 voluntatem

1914 717 2224 771 intellectus
2277 717 2449 786 ipsius
2506 720 2770 774 voluntati
2822 720 3178 792 329-331
3219 721 3487 791 corporis,

1914 825 2091 878 neque
2125 810 2298 865 fuisse
2332 822 2613 882 peccatum
2656 813 2728 875 illi
2789 814 2879 882 qui
2936 815 3103 878 venit,
3163 827 3218 871 ttt
3276 819 3487 872 tolleret

1912 915 2191 971 peccatum
2225 905 2411 957 mundi
2446 906 2643 970 (absit!
2703 906 2818 960 fieri
2860 921 2968 961 non
3024 909 3244 978 potest).
3302 910 3489 979 Neque

1918 996 2083 1050 fuisse
2118 996 2350 1051 Domino
2383 1007 2572 1051 nostro
2607 997 2833 1052 Christo
2862 1008 3147 1067 peccatum
3182 999 3264 1054 vel
3294 1017 3485 1061 uumu.

1911 1105 2089 1157 neque
2122 1091 2175 1145 in
2208 1092 2384 1160 ipsius
2440 1091 2755 1155 nativitate,
2808 1108 2985 1161 neque
3032 1104 3487 1162 temperamento.

1913 1178 2113 1234 Verum
2146 1182 2377 1236 dicimus
2411 1182 2636 1252 (inquit)
2668 1198 2732 1238 ac
2781 1185 3104 1240 confitemur
3151 1187 3487 1241 voluntatem

1913 1287 2080 1325 unam
2136 1288 2242 1341 qtta
2295 1273 2627 1345 dirigeretur
2669 1276 2844 1345 ipsius
2897 1277 3209 1331 humanitas
3252 1288 3487 1333 sancta:

1913 1380 2021 1416 non
2076 1373 2261 1417 autem
2298 1368 2596 1422 asserimus
2645 1369 2956 1421 voluntates
2992 1372 3129 1421 duas
3156 1372 3487 1431 contrarias,

1912 1473 2033 1526 quae
2085 1457 2389 1511 intellectui
2449 1459 2620 1527 ipsius
2681 1448 3005 1539 etlcor'pori
3074 1457 3300 1515 fuerint.
3380 1460 3488 1511 lloc

1912 1551 2132 1618 Scripsit
2163 1549 2440 1605 Honorius
2474 1550 2785 1618 patriarcha
2813 1551 3098 1605 Romanus
3133 1553 3196 1605 aal
3236 1552 3485 1620 Sergium

1913 1641 2274 1710 patriarcham
2315 1641 3009 1711 Constantinopolitauum.
3076 1643 3185 1699 Nos
3217 1644 3487 1713 siquidem

1913 1731 2237 1789 conﬁtemur
2286 1735 2423 1789 duas
2473 1736 2783 1791 voluntates
2814 1737 3148 1797 contrarias,
3186 1737 3488 1790 intellectus

1914 1835 1965 1880 et
1999 1826 2247 1895 corporis
2279 1844 2291 1879 :
2330 1827 2475 1896 quod
2506 1828 2897 1883 transferentes
2948 1827 3194 1881 nonnulli
3245 1828 3310 1880 ad
3362 1842 3487 1881 θυη-

1912 1920 2111 1974 tentias
2172 1934 2303 1974 suas
2350 1918 2543 1984 falsas,
2594 1930 2853 1989 putarunt
2914 1918 3214 1974 Honorium
3260 1922 3468 1989 patriar

1911 2015 2067 2065 cham
2114 2011 2416 2068 Romanum
2464 2012 2772 2067 asseruisse
2830 2012 3168 2067 voluntatem
3226 2028 3386 2066 unam
3436 2012 3487 2065 in

1911 2102 2351 2159 Domini-nostri
2406 2103 2610 2160 Christi
2665 2104 2949 2159 divinitate
2995 2112 3049 2158 et
3101 2105 3487 2158 humauiutte:

1910 2194 2056 2262 quod
2097 2196 2190 2265 qui
2222 2206 2537 2260 autumant,
2576 2212 2827 2266 rogarem
2877 2213 3000 2264 ego,
3053 2198 3105 2251 in
3144 2211 3249 2265 qua
3295 2206 3488 2249 natura

1910 2281 2100 2337 dicunt
2132 2301 2293 2339 unam
2328 2301 2450 2341 esse
2498 2286 2725 2341 Christo
2760 2287 2867 2341 Deo
2914 2288 3297 2342 voluntatem?
3341 2287 3395 2340 Si
3435 2289 3489 2340 in

1910 2377 2201 2431 divinitate
2252 2386 2505 2441 tantum,
2563 2387 2677 2431 tum
2733 2393 2841 2431 non
2891 2389 2976 2433 est
3037 2383 3090 2432 in
3148 2378 3490 2431 humanitate

1913 2468 2087 2537 ipsius
2135 2468 2410 2535 voluntas,
2462 2483 2525 2523 ac
2561 2469 2789 2538 proinde
2853 2485 2961 2523 non
3015 2479 3099 2523 est
3146 2470 3312 2524 homo
3366 2484 3489 2539 per-

1914 2558 2109 2615 fectus.
2171 2558 2269 2614 Sin
2324 2560 2563 2615 dixerint
2610 2561 2662 2615 in
2722 2562 3061 2616 humanitate
3107 2561 3310 2616 Christi
3369 2574 3491 2613 csse

1915 2652 2052 2706 hanc
2079 2652 2437 2715 voluntatem,
2466 2652 2702 2709 dicimus
2722 2653 2855 2723 ipsis
2883 2654 3321 2719 :Quomodocrit
3349 2652 3491 2705 Deus

1912 2743 2223 2812 perfectus?
2276 2744 2507 2811 Quodsi,
2537 2746 2753 2801 duabus
2778 2748 2989 2801 naturis
3014 2762 3135 2801 esse
3156 2747 3489 2801 voluntatem

1914 2853 2111 2903 unam;
2155 2841 2256 2894 hoc
2286 2848 2370 2894 est
2399 2841 2543 2910 quod
2580 2840 2698 2896 ﬁeri
2732 2857 2840 2896 non
2894 2851 3090 2911 potest.
3128 2842 3325 2897 Verum
3354 2860 3488 2896 eou—

1916 2930 2133 2984 titemur
2165 2930 2602 2986 incarnationem
2636 2933 2842 2987 Christi
2876 2925 3069 3001 unius,
3112 2934 3343 3003 ideoque
3388 2948 3491 2986 nec

1917 3034 2179 3088 negamus
2204 3019 2345 3075 duas
2369 3022 2677 3075 voluntates
2708 3037 2828 3089 quae
2857 3031 2985 3076 sunt
3011 3022 3223 3075 duabus
3250 3021 3484 3080 naturis,

1878 3108 1891 3121 ‘
1916 3124 1981 3160 ne
2012 3109 2393 3177 proprietates,
2422 3111 2665 3178 ipsarum
2694 3125 3136 3177 corrumpamus.
3173 3108 3372 3161 Verum
3405 3110 3489 3162 di-

1914 3200 2089 3256 cimus
2127 3202 2347 3269 utrique
2382 3202 2615 3255 duarum
2652 3210 2969 3255 naturarum
3002 3200 3161 3270 332
3194 3200 3398 3255 Christi
3430 3200 3484 3253 in

1915 3293 2297 3348 incarnatione
2346 3309 2594 3363 persona:
2631 3294 2815 3356 unius,
2851 3309 2973 3348 esse
3007 3296 3385 3357 voluntatem;
3430 3303 3484 3344 at

1915 3398 2023 3438 non
2075 3400 2195 3440 esse
2226 3386 2363 3440 duas
2403 3400 2682 3455 personas,
2727 3384 3186 3455 quemadmodum
3238 3382 3483 3455 [asserit]

1914 3476 2199 3530 Nestorius
2255 3477 2603 3531 maledictus.
2660 3476 2761 3542 Qui
2812 3485 2993 3530 autem
3046 3484 3300 3531 asserunt
3346 3475 3483 3529 duas

1911 3584 2031 3623 esse
2112 3580 2340 3625 naturas
2420 3578 2475 3622 et
2553 3570 2883 3624 voluntatem
2959 3584 3122 3624 unam
3206 3567 3477 3622 divinitati

1912 3659 2117 3714 Christi
2153 3671 2204 3714 et
2234 3661 2563 3715 humanitati
2598 3661 2789 3730 ipsius,
2822 3676 2922 3715 nec
2971 3676 3077 3714 non
3105 3660 3478 3729 operationem

1918 3767 2109 3817 unam,
2148 3763 2333 3807 errant
2359 3738 2439 3807 illi
2464 3753 2635 3808 instar
2667 3751 2909 3809 Maronis
2939 3752 3214 3807 maledicti
3245 3769 3259 3805 :
3292 3761 3346 3806 et
3384 3750 3476 3819 qui

1915 3844 2090 3908 aiunt,
2145 3860 2305 3898 unam
2351 3854 2624 3909 naturam,
2658 3846 2989 3898 voluntatem
3025 3860 3184 3897 unam
3245 3850 3299 3897 et
3351 3857 3478 3909 ope-

1911 3936 2177 3990 rationem
2228 3950 2412 4001 unam,
2454 3944 2679 4004 peccant
2739 3937 2909 3991 instar
2958 3934 3207 4005 Eutychii
3258 3943 3312 3986 et
3358 3932 3481 3986 Dio-

1910 4028 2054 4083 scori
2078 4038 2130 4082 et
2146 4026 2333 4083 Severi
2352 4028 2733 4099 luereticorum
2757 4046 2768 4081 :
2788 4037 2952 4095 atque.
2978 4030 3090 4081 lucc
3108 4032 3190 4080 est
3213 4025 3482 4079 sententia

1912 4116 2312 4172 Jacobitarum.
2355 4116 2553 4172 Verum
2602 4117 2852 4172 doctrina
2888 4133 3016 4172 sana
3049 4128 3102 4171 et
3130 4115 3330 4170 veritas
3369 4129 3483 4167 ma-

1913 4212 2109 4284 nifesta
2130 4211 2220 4263 illa
2241 4220 2323 4266 est
2339 4225 2503 4281 quam
2524 4212 2869 4281 protulerunt
2891 4210 3165 4273 doctores,
3200 4208 3479 4264 videlicet:

1912 4304 2047 4361 Esse
2097 4303 2333 4359 Domino
2389 4290 2579 4358 nostro
2625 4303 2847 4358 Christo
2891 4303 3027 4357 duas
3069 4313 3315 4365 naturas,
3346 4300 3483 4354 duas

1913 4395 2244 4458 voluntates,
2298 4397 2647 4463 operationes
2677 4392 2816 4448 duas
2845 4402 2900 4447 et
2938 4406 3227 4462 personam
3277 4407 3479 4446 unam:

1912 4500 2035 4539 cum
2068 4486 2407 4554 impossibile
2443 4486 2517 4541 sit
2546 4500 2605 4540 ut
2633 4486 2703 4540 sit
2734 4485 2947 4540 duabus
2983 4485 3196 4540 naturis
3227 4484 3482 4538 voluntas

232 4576 539 4636 Christum,
571 4575 663 4643 qui
690 4583 777 4629 est
817 4575 1070 4645 princeps
1105 4576 1247 4639 vitae,
1290 4585 1470 4629 natum
1515 4591 1639 4632 esse
1683 4578 1801 4634 sine
1834 4588 1877 4642 ι)
1908 4591 2051 4633 una:
2082 4578 2230 4646 quod
2258 4576 2303 4633 si
2320 4592 2478 4632 unam
2505 4578 2729 4631 haberet
2756 4576 3107 4642 voluntatem,
3130 4590 3296 4651 unam
3314 4576 3478 4630 etiam

228 4674 482 4739 peccato.
510 4664 791 4736 Siquidem
815 4665 1052 4721 Verbum
1077 4681 1172 4735 per
1194 4667 1338 4735 quod
1366 4666 1580 4722 fuerunt
1602 4670 1807 4737 omnia,

228 4774 352 4814 cum
379 4774 410 4813 e
437 4757 577 4812 coelo
604 4757 979 4823 descenderet,
1016 4758 1383 4827 assumpsisse
1408 4760 1474 4814 de
1504 4757 1669 4814 Maria
1698 4761 1810 4814 vir-
1840 4795 1850 4804 -

228 4854 353 4925 giae
385 4864 609 4918 corpus,
651 4864 716 4904 ac
752 4857 944 4902 natura
997 4849 1154 4905 nobis
1201 4850 1377 4917 simile
1408 4850 1612 4906 factum
1648 4866 1806 4918 esse,

229 4959 576 5014 nequaquam
606 4950 788 4996 autem
822 4943 1103 4996 voluntate
1146 4943 1377 5010 peccati.
1432 4943 1620 4999 Dicere
1658 4945 1803 4999 enim

228 5038 486 5099 Paulum,
542 5033 820 5103 accepisse
851 5033 1050 5101 ipsum-
1086 5032 1501 5089 similitudinem
1553 5044 1802 5091 nostrum

232 5138 582 5197 peccatorum
606 5142 620 5190 ;
650 5140 843 5192 nempe
863 5130 1063 5194 corpus
1089 5126 1203 5181 sine
1228 5136 1452 5194 peccato
1476 5144 1598 5181 cum
1627 5114 1822 5181 anima'

228 5218 515 5281 rationali,
548 5216 929 5279 intellectuali,
958 5227 1122 5286 atque
1163 5216 1236 5270 ita
1272 5214 1434 5271 unam
1474 5221 1804 5274 voluntatem

228 5311 333 5379 ipsi
367 5311 546 5364 visum
580 5322 701 5361 esse
731 5323 1038 5370 assumere,
1084 5325 1205 5376 qua:
1252 5311 1580 5365 hmnauitati
1638 5313 1808 5381 ipsius

228 5412 398 5465 esSet,
430 5417 537 5455 non
568 5400 714 5454 sicut
764 5402 1108 5456 nosscimus
1152 5402 1311 5456 nobis
1353 5400 1502 5457 esse"
1524 5405 1659 5458 duas
1710 5420 1808 5458 νο-

229 5500 474 5547 Iuntates
528 5490 875 5569 contraria},
936 5508 1166 5558 quarum
1240 5493 1577 5547 voluntatum
1635 5497 1807 5548 altera

230 5588 478 5655 plantata
508 5583 576 5636 sit
615 5582 669 5637 in
707 5582 1006 5648 intellectu,
1041 5585 1213 5638 altera
1261 5585 1312 5638 in
1366 5602 1616 5655 corpore,
1665 5589 1808 5641 sint-

229 5656 337 5747 que
400 5679 543 5729 inter
596 5690 656 5730 se
708 5676 1035 5739 contrarize;
1109 5676 1254 5745 quod
1312 5678 1567 5732 universo
1622 5680 1806 5749 generi

229 5770 476 5823 humano
523 5764 830 5835 contingit,
886 5781 1010 5819 Cum
1052 5766 1155 5819 sub
1206 5778 1430 5834 peccato
1464 5768 1556 5830 sit,
1606 5783 1701 5822 nec
1738 5768 1808 5821 sit

230 5862 506 5932 quispiam
545 5875 573 5915 a
625 5865 848 5929 peccato
886 5858 1197 5916 rebellionis
1247 5859 1505 5917 immunis
1536 5877 1549 5916 :
1585 5874 1638 5919 at
1686 5878 1807 5918 cor-

1872 4682 1873 4685 ‘
1915 4670 2143 4724 haberet
2169 4678 2453 4734 naturam;
2480 4685 2600 4724 cum
2628 4680 2810 4726 autem
2842 4672 2980 4727 duas
3011 4670 3204 4724 habeat
3232 4653 3482 4729 naturas,
3517 4724 3523 4736 ,

1913 4763 2051 4818 duas
2090 4761 2253 4816 etiam
2295 4762 2461 4816 habet
2515 4762 2844 4819 voluntates.
2891 4761 3167 4831 Rogamus
3196 4772 3350 4827 'ergo
3387 4774 3485 4812 ves

1916 4863 1972 4907 ιιι
2019 4853 2262 4923 jubcatis
2316 4854 2579 4927 comburi.
2607 4856 2854 4909 chartam
2901 4867 3022 4921 qua:
3066 4849 3369 4904 calumnias
3429 4848 3481 4900 in

1914 4947 2148 5001 Leonem
2187 4947 2550 5014 patriarcham
2585 4944 2889 4999 Romanum
2932 4942 3197 5005 continet,
3233 4954 3332 4994 nec
3372 4954 3480 4992 non

1914 5040 1966 5093 in
2002 5030 2296 5095 ceneilium
2329 5040 2796 5101 Chalcedonense,
2846 5052 2914 5091 ne
2960 5037 3171 5107 legatur
3206 5044 3259 5087 et
3288 5033 3357 5087 ab
3399 5035 3483 5086 in-

1913 5132 2131 5187 tellectu
2166 5131 2345 5186 minus
2385 5132 2699 5185 valentibus
2722 5128 3003 5207 probetur,
3040 5128 3308 5195 fidemque
3334 5125 3481 5194 ipsu-

1913 5239 2032 5277 rum
2067 5224 2389 5294 corrumpat
2426 5242 2441 5279 ε
2506 5236 2870 5291 rogamusque
2907 5220 3194 5275 Dominum
3230 5230 3480 5272 nostrum

1882 5316 2195 5370 'Cltristum,
2232 5312 2295 5368 ut
2338 5331 2436 5370 vos
2494 5332 2619 5369 eum
2686 5313 3101 5377 misericordia,
3157 5313 3478 5373 clementia,

1913 5417 2074 5473 atque
2109 5407 2312 5459 auxilio
2366 5406 2648 5476 respiciat,
2700 5405 3004 5474 subdatque
3038 5403 3265 5472 imperio
3294 5411 3478 5455 vestro

1910 5509 2096 5564 gentes
2121 5496 2362 5564 potentia
2398 5497 2570 5565 ipsius
2607 5495 2989 5565 insuperabili.
3020 5492 3315 5560 Epistolam
3339 5491 3480 5545 hanc

1912 5602 2037 5638 cum
2092 5588 2416 5642 absolvisset
2478 5586 2714 5641 Joannes
2786 5586 3091 5656 patriarcha
3156 5584 3479 5646 ltomanus,

1915 5678 2085 5747 ipsam
2120 5681 2266 5735 misit
2310 5695 2408 5749 per
2453 5681 2631 5733 vitum
2670 5687 3038 5749 praestantem,
3091 5678 3306 5747 nomine
3353 5674 3482 5727 Bar-

1918 5773 2110 5835 sicatu,
2157 5772 2412 5826 Ecclesia:
2468 5772 2724 5825 Romanae
2774 5770 3246 5829 archidiaconum,
3285 5766 3375 5832 qui
3415 5766 3481 5819 ad

1914 5860 2219 5919 lleracl’uzn
2267 5864 2615 5929 333-335
2667 5874 2717 5919 ct
2784 5862 3202 5919 Ccnslantinum
3253 5860 3480 5928 itttpet‘d~
