4210 6428
737 380 865 444 liii

1694 385 1992 446 EUTi‘CIl
2010 389 2061 446 ll
2102 388 2634 449 ALEXANDRINI
2672 389 2887 449 PATR.

3843 380 3979 443 illi

737 507 883 549 tores
911 494 1209 561 perferens,
1238 494 1445 549 invenit
1469 495 1890 551 Constantinum
1916 497 2055 551 diem
2085 498 2311 562 obiissc,
2342 512 2384 565 Α
2416 503 2560 557 scias
2593 503 2753 557 ﬁdem
2786 516 2967 557 veram
3013 499 3369 553 orthodoxam
3421 495 3655 549 fructum
3712 509 3833 547 esse
3883 512 3947 560 pa

741 599 840 638 nec
880 600 985 637 non
1054 584 1361 640 lleraclium
1398 601 1427 640 a
1487 587 1835 653 consiliariis,
1871 589 1964 657 qui
2022 589 2076 643 in
2130 591 2308 659 ipsum

738 674 1001 743 impetum
1053 673 1319 740 fecerant,
1360 679 1639 742 occisum;
1682 679 1826 748 quod
1875 680 2085 735 scilicet
2127 681 2303 750 ipsum

741 780 841 833 pro
867 765 1213 836 inauspicato
1243 768 1527 833 haberent,
1570 785 1694 824 cum
1739 771 2006 841 Aigyptus
2052 778 2108 825 et
2157 770 2311 839 Syria

744 856 883 926 ipsis
960 868 1159 927 erepta:
1220 867 1425 924 essent,
1481 862 1735 930 qnodque
1797 863 2062 917 Maronita
2119 871 2307 923 esset;

748 948 1006 1016 ipsosque
1038 951 1264 1017 imperio
1290 952 1601 1021 praefecisse
1624 953 1806 1007 fratris
1828 954 1945 1022 ejus
1969 953 2313 1006 Constantini

746 1039 1018 1094 demortui
1069 1040 1259 1105 ﬁlium,
1295 1058 1454 1110 quem
1509 1053 1563 1098 et
1617 1044 1684 1099 de
1747 1045 1962 1098 nomine
2014 1043 2180 1112 patris
2234 1042 2317 1097 sui

750 1130 1170 1186 Constantinum
1202 1136 1565 1202 appellarunt.
2174 1180 2180 1185 ι

824 1221 946 1274 Fuit
978 1232 1156 1278 autem
1196 1226 1585 1279 Constantinus
1618 1228 1721 1281 iste
1755 1226 2048 1296 imperator
2072 1210 2319 1294 pins,cui

753 1328 873 1365 eum
910 1312 1132 1366 liarsika
1173 1315 1399 1367 nuntius
1436 1316 1723 1383 epistolam
1766 1331 1885 1384 qua:
1916 1330 1943 1367 a
1981 1314 2190 1368 Joanne
2227 1330 2324 1381 pa-

752 1406 990 1458 triarcha
1023 1406 1272 1460 Romano
1306 1406 1373 1460 ad
1403 1409 1784 1475 imperatorem
1843 1407 2007 1459 missa
2062 1406 2161 1460 fuit
2216 1415 2326 1458 tra-

755 1492 1006 1559 didisset,
1044 1494 1160 1562 ipse
1220 1503 1497 1565 acceptam
1566 1496 1813 1564 perlegit,
1885 1510 1945 1550 ac
2001 1496 2325 1565 patriarcha:

759 1586 1101 1640 intellectum
1136 1586 1388 1647 miratus,
1425 1587 1653 1641 rescribi
1684 1586 1850 1655 jussit
1876 1600 2224 1656 responsum,
2261 1586 2325 1639 ad

761 1678 906 1731 hunc
940 1676 1159 1731 modum
1192 1694 1206 1731 :
1241 1676 1587 1747 Accepimus,
1629 1685 1816 1732 sancte
1844 1678 2137 1741 excellens,
2174 1692 2329 1728 mau-

757 1768 941 1820 datum
996 1779 1170 1821 tuum.
1220 1767 1327 1822 Nos
1374 1778 1553 1822 autem
1602 1768 1923 1821 confitemur
1953 1783 2016 1821 ac
2055 1768 2329 1820 credimus

2417 594 2627 657 radisi,
2684 593 2892 662 tibique
2942 591 3257 647 incumbere
3309 598 3368 642 ιιι
3438 588 3608 656 ipsam
3666 585 3869 638 tuearis
3915 600 3981 638 ac

2421 701 2758 757 propugnes,
2793 682 3366 752 camque,hominibus
3393 690 3574 734 notam
3609 679 3793 733 facias.
3818 676 3980 731 Chri-

2418 790 2563 835 stum
2592 790 2773 833 autem
2808 778 3097 834 Dominum
3134 790 3423 845 precamur
3452 781 3510 826 ut
3544 772 3638 827 tibi
3668 773 3717 824 in
3752 772 3851 823 hoc
3882 784 3982 837 pro

2424 872 2669 924 bonitate
2709 884 2808 924 sua
2856 867 3119 921 auxilium
3178 866 3337 919 ferat.
3380 862 3668 932 Epistolam
3711 861 3849 913 hanc
3882 860 3981 910 oh-

2422 964 2699 1031 signatam
2740 962 2886 1015 misit
2917 959 3239 1019 Theodorus
3270 959 3575 1029 patriarcha
3620 954 3684 1008 ad
3720 956 3982 1005 Conslan-

2424 1056 2595 1109 tinnm
2638 1056 3046 1121 imperatorem,
3094 1051 3158 1104 ad
3210 1050 3414 1104 litteras
3449 1062 3582 1116 quas
3610 1042 3982 1099 ad'Joanncut

2426 1144 2795 1213 patriarcham
2848 1142 3155 1194 Romanum
3192 1139 3437 1195 miserat.
3484 1147 3823 1201 responsum.
3855 1131 3985 1193 Quae

2429 1237 2521 1291 ubi
2555 1236 2620 1289 ad
2658 1231 3085 1288 Constantinum
3120 1227 3364 1298 pervenit
3404 1225 3585 1277 dolore
3633 1223 3709 1276 aﬂ‘
3736 1234 3856 1274 eius
3905 1228 3988 1270 est

2429 1327 2501 1381 ob
2548 1324 2776 1379 Joannis
2826 1330 3086 1381 mortem,
3136 1318 3341 1389 apertis
3382 1325 3559 1369 autem
3618 1314 3810 1366 litteris
3851 1311 3987 1362 mire

2438 1420 2639 1486 placuit
2675 1417 2777 1485 ipsi
2812 1415 3029 1469 bonitas
3065 1392 3323 1480 responsi
3362 1407 3506 1475 quod
3547 1406 3646 1474 ipsi
3680 1403 3983 1458 reddiderat

2435 1509 2757 1563 Theodorus
2783 1504 3092 1577 patriarcha
3122 1504 3235 1554 sire
3256 1499 3504 1561 Joannis,
3537 1499 3627 1565 qui
3662 1502 3787 1547 ante
3815 1493 3988 1559 ipsum

2432 1601 2773 1662 decesserat;
2823 1596 3097 1667 jussitque
3148 1590 3312 1647 scribi
3359 1602 3699 1657 responsum.
3747 1585 3812 1637 At
3866 1598 3990 1634 eum

2437 1692 2666 1747 Romam
2708 1688 3016 1758 perveniret
3049 1686 3276 1740 nuntius
3315 1678 3690 1750 imperatoris,
3739 1673 3991 1727 Themin-

2437 1801 2555 1838 rum
2611 1782 2774 1837 etiam
2826 1786 3095 1834 mortuum
3148 1774 3377 1837 invenit,
3437 1778 3556 1838 post
3603 1783 3758 1837 quem
3811 1766 3993 1818 Roma:

762 1872 987 1915 naturas
1021 1861 1179 1924 duas,
1220 1862 1529 1915 voluntates
1578 1860 1737 1923 duas,
1785 1869 1943 1929 atque
1977 1860 2324 1928 operationcs
2358 1850 2389 1901 Π

2452 1875 2723 1929 ira-fectus
2757 1879 2839 1926 cst
2884 1868 3164 1922 Martinus.

762 1953 899 2005 duas
931 1951 1155 2005 Domino
1183 1950 1402 2007 Christo
1432 1966 1578 2015 esse,
1629 1966 1691 2006 ac
1722 1966 2005 2019 personam
2044 1965 2229 2013 unam,
2276 1959 2328 2003 et

764 2045 856 2113 qui
898 2044 981 2099 his
1013 2044 1407 2098 contradixerit
1444 2044 1990 2099 anathematizamus.
2039 2042 2327 2097 Credinms

763 2139 928 2191 etiam
992 2137 1124 2192 illud
1176 2137 1318 2208 quod
1377 2145 1732 2193 asscruerunt
1790 2137 2033 2207 episcopi
2086 2136 2325 2191 sexcenti

766 2227 989 2297 triginta
1037 2227 1130 2295 qui
1182 2226 1235 2280 in
1287 2227 1422 2282 urbe
1472 2227 1903 2282 Chalcedonensi
1936 2234 2327 2290 convenerunt,

768 2330 819 2373 et
855 2317 1197 2372 anathemate
1226 2318 1553 2374 devovemus
1603 2320 1728 2376 illos
1778 2319 1867 2389 qui
1921 2319 2051 2373 illud
2102 2318 2330 2372 anathe-

769 2418 913 2465 mate
934 2410 1221 2465 devovent.
1252 2412 1425 2479 Atque
1460 2411 1588 2465 illud
1610 2411 1752 2480 quod
1791 2414 1854 2464 de
1886 2410 2069 2464 charta
2101 2408 2326 2464 combu-

772 2503 963 2567 renda,
1001 2503 1053 2557 in
1090 2517 1194 2572 qua
1228 2503 1519 2557 calumnia:
1549 2514 1733 2557 essent
1764 2505 1813 2556 in
1844 2501 2076 2557 Leonem
2108 2500 2335 2570 patriar—

772 2595 931 2649 cham
967 2594 1271 2649 Romanum
1304 2605 1579 2661 sanctum,
1614 2605 1666 2651 et
1697 2597 1749 2649 in
1790 2596 2078 2649 concilium
2110 2593 2335 2648 Chalce-

776 2690 1036 2752 donense,
1068 2697 1244 2741 ratum
1279 2689 1595 2752 habuimus,
1642 2697 1696 2741 et
1726 2688 1898 2757 ipsam
1950 2687 2059 2756 igni
2116 2687 2341 2741 tradidi-

779 2796 916 2834 mus.
953 2777 1063 2833 Nos
1115 2789 1296 2833 autem
1334 2780 1641 2837 doctrinam
1698 2792 1869 2844 tuam,
1922 2796 2045 2849 qua:
2092 2781 2342 2835 doctrina

779 2887 905 2927 vcra
935 2880 1038 2936 est,
1072 2872 1297 2927 firmiter
1332 2880 1629 2931 retinemus
1664 2894 1676 2928 :
1704 2889 2070 2945 rogamusque
2100 2888 2159 2928 ut
2189 2875 2345 2928 nobis

779 2968 963 3021 pacem
1018 2956 1292 3023 preceris,
1340 2964 1500 3023 atque
1548 2954 1712 3024 336
1771 2958 1839 3010 ab
1883 2957 2136 3010 omnibus
2188 2956 2343 3011 malis

781 3044 1080 3099 incolumes
1106 3060 1407 3099 servemur.
1445 3046 1665 3101 Barsika
1694 3048 1874 3112 igitur,
1911 3050 2146 3116 acceptis
2176 3049 2342 3116 impe-

2506 1968 2677 2021 Porro
2723 1975 2968 2032 tempore
3016 1958 3265 2014 Othrnani
3301 1956 3414 2009 Elin
3454 1952 3625 2007 Affmi
3668 1952 3810 2001 misit
3852 1947 3987 1998 (Lm:-

2436 2060 2717 2116 stantinus
2770 2056 3068 2124 imperator
3137 2064 3353 2106 servum
3405 2047 3690 2114 quemdam
3770 2041 3997 2093 nomine

2435 2150 2737 2205 Manuelem
2787 2144 3134 2207 eunuchum,
3193 2156 3318 2195 cum
3364 2136 3607 2192 exercitu
3662 2132 3867 2201 ingenti
3906 2146 3999 2198 per

2438 2256 2607 2302 mare,
2645 2239 2737 2308 qui
2780 2236 3159 2293 Alexandriam
3194 2234 3355 2299 cepit.
3388 2227 3619 2295 Fuitque
3654 2239 3718 2279 eo
3743 2234 3989 2290 tempore

2439 2337 2491 2389 in
2538 2333 2767 2403 [Egypto
2804 2331 3003 2384 Anu-us
3051 2325 3222 2381 Ebnol
3264 2323 3379 2377 Asi.
3414 2322 3613 2375 Contra
3650 2318 3827 2385 ipsum
3859 2329 3990 2377 ergo

2440 2425 2719 2495 profectus
2760 2422 2956 2474 Annus
2998 2433 3103 2470 uua
3138 2431 3257 2468 cum
3308 2411 3469 2466 Mesri
3523 2408 3717 2463 incolis
3761 2404 3995 2472 Coptitis

2446 2520 2701 2587 aliisque,
2754 2513 3049 2568 minitante
3083 2506 3245 2578 350
3282 2505 3446 2558 etiam
3492 2496 3871 2554 Amokankaso
3906 2495 4001 2562 qui

2444 2613 2591 2681 ipsos
2620 2607 2843 2676 opibus,
2878 2600 3133 2669 hOSpitio,
3181 2607 3234 2650 et
3272 2595 3469 2649 viatico
3504 2590 3786 2653 instruxit,
3818 2602 4000 2656 pugna

2444 2704 2591 2773 ipsos
2629 2697 2779 2768 gravi
2804 2694 3019 2762 excepit
3045 2691 3110 2744 ad
3145 2701 3353 2759 portam
3385 2681 3724 2739 Alexandria:
3750 2696 3763 2741 ;
3793 2694 3911 2746 qua:
3948 2687 4004 2730 et

2443 2809 2537 2865 per
2566 2792 2684 2846 dies
2716 2788 2921 2856 aliquot
2947 2784 3259 2839 continuata
3279 2788 3395 2839 est;
3425 2779 3546 2832 dein
3578 2778 3632 2829 in
3664 2773 3843 2840 fugant
3868 2788 4003 2823 con-

2444 2900 2635 2942 versus
2660 2891 2741 2935 est
2767 2875 3278 2933 Mauuelennuelms
3300 2887 3422 2926 cum
3458 2868 3711 2923 omnibus
3749 2865 3839 2933 qui
3876 2879 3999 2915 cum

2447 2982 2566 3051 ipso
2588 2980 2800 3030 fuerant
2824 2970 3102 3031 Romanis,
3124 2967 3213 3036 qui
3233 2963 3550 3019 conscensis
3581 2958 3809 3011 navibus
3858 2958 4009 3008 Cou-

2448 3048 2853 3135 stantinopolim
2886 3060 3083 3115 reversi
3131 3066 3278 3111 sunt.
3312 3054 3507 3108 Diebus
3548 3051 3711 3106 etiam
3745 3048 4007 3101 Othmaui

783 3135 982 3225 ratoris
1006 3135 1347 3192 Constantini
1385 3138 1598 3199 litteris.
1632 3152 1755 3193 cum
1777 3139 1845 3193 iis
1870 3138 2143 3207 profectus
2166 3150 2249 3194 est
2275 3145 2340 3193 ad
2370 3172 2410 3225 ο
2450 3165 2561 3218 Eb"
2582 3158 2756 3214 Amm;
2780 3165 2945 3224 Capua
2964 3161 3090 3209 ευηι
3116 3149 3318 3208 Africa,
3342 3144 3593 3199 Armenia
3614 3151 3667 3195 et
3687 3140 4000 3194 Cherasau.

779 3224 1045 3280 Joannem
1077 3229 1443 3297 patriarcham
1476 3228 1803 3290 Romanum,
1836 3230 1901 3284 ad
1947 3229 2105 3298 cujus
2134 3230 2340 3282 litteras

782 3332 1106 3386 responsum
1131 3319 1506 3375 continebant.
1544 3324 1609 3374 At
1640 3336 1764 3376 cum
1796 3321 2022 3376 Romam
2051 3320 2344 3391 appelleret

785 3411 994 3464 invenit
1024 3411 1289 3467 Joannem
1324 3414 1691 3482 patriareham
1727 3424 2001 3469 mortuum
2029 3430 2167 3468 esse.
2221 3415 2346 3468 I'ost

784 3518 942 3570 quem
972 3503 1111 3557 sedit
1138 3505 1219 3557 vir
1241 3506 1462 3573 quidam
1482 3504 1729 3574 egregius
1757 3506 1976 3559 n0mine
2003 3503 2343 3565 Theodorus,

784 3598 849 3651 κά
883 3614 1043 3667 quem
1100 3599 1364 3654 accedens
1418 3600 1658 3661 Barsika,
1714 3602 1999 3654 certiorem
2053 3616 2175 3653 eum
2225 3600 2349 3652 fecit

785 3691 915 3755 quid
949 3690 1049 3759 ipsi
1086 3690 1317 3745 dixisset
1346 3690 1667 3761 imperator,
1704 3705 1977 3759 quamque
2007 3692 2347 3745 orthodoxus

786 3790 969 3845 esset,
1027 3796 1243 3851 unaque
1291 3782 1391 3852 ipsi
1462 3784 1671 3837 litteras
1726 3782 1947 3836 tradidit
2003 3782 2346 3849 imperatoris

784 3873 1126 3926 Constantini
1162 3874 1227 3929 ad
1273 3874 1556 3943 epismlam
1596 3874 1841 3939 Joannis,
1872 3889 2034 3944 quam
2082 3875 2149 3927 ad
2182 3876 2348 3941 impe-

788 3977 1001 4037 ratores
1052 3967 1372 4035 scripserat,
1422 3966 1795 4033 responsorias
1849 3985 1863 4017 ι
1917 3982 2052 4035 quas
2099 3975 2348 4034 acceptas

790 4039 1271 4127 h-git‘l‘hcoilorus
1306 4059 1641 4128 patriarcha.
1678 4069 1731 4113 et
1763 4074 1813 4113 οι
1829 4059 2140 4114 thodoxiam
2174 4059 2348 4129 ipsius

791 4153 1019 4201 miratus
1067 4165 1389 4218 responsum
1441 4150 1506 4204 ad
1558 4150 1701 4219 ipsas
1750 4152 1851 4204 hoc
1898 4154 2057 4205 modo
2083 4151 2346 4215 scripsit:

787 4239 867 4291 Ad
893 4240 1313 4293 Constantinum
1353 4241 1731 4308 imperatorem
1775 4241 1897 4295 tidei
1935 4242 2161 4294 sincera
2204 4240 2353 4311 [pro-

788 4331 821 4382 ft
845 4329 1076 4402 ssqrem]
1107 4332 1325 4385 unicum
1350 4348 1363 4385 :
1392 4346 1419 4383 a
1441 4330 1726 4386 Theodoro
1752 4332 2059 4401 patriarcha
2084 4329 2349 4385 Romano.

789 4423 1141 4477 (Iraliftcatus
1170 4432 1254 4478 est
1279 4423 1440 4478 nobis
1473 4424 1733 4477 Dominus
1786 4422 1927 4477 Deus
1975 4424 2349 4489 omnipotens,

2448 3253 2665 3309 Praefuit
2698 3250 2981 3307 Damasco,
3019 3242 3235 3296 nomine
3259 3237 3563 3296 Otluuauis,
3597 3233 3848 3287 Moawias
3891 3229 4008 3280 Ehu

2448 3350 2563 3416 Ahy
2595 3344 2820 3414 Sofyan.
2851 3338 3111 3393 Moawias
3142 3336 3242 3387 iste
3266 3347 3388 3384 cum
3418 3328 3573 3397 Cypri
3601 3326 3795 3379 incolis
3832 3322 4015 3375 fmulos

2449 3440 2649 3511 pepigit
2698 3448 2841 3488 anno
2890 3430 3063 3484 Heirae
3097 3426 3354 3480 vicesimo
3404 3427 3617 3481 octavo,
3664 3416 3825 3483 idque
3867 3429 4017 3467 autu-

2449 3530 2740 3585 chalifatns
2778 3522 3034 3578 Othmani
3078 3527 3295 3586 quarto,
3343 3514 3551 3567 tributo
3601 3522 3895 3562 aureorum
3928 3522 4017 3557 sc-

2449 3624 2587 3691 plies
2616 3618 2765 3672 mille
2800 3616 3161 3669 ducentorum
3199 3606 3489 3676 quotannis
3520 3603 3589 3656 ab
3633 3600 3763 3669 ipsis
3802 3599 3853 3651 iu
3878 3613 4015 3691 pcr-

2454 3688 2674 3781 petuum
2702 3705 3035 3760 Mosleminis
3070 3698 3377 3767 pendendo.
3414 3710 3476 3749 ac
3508 3703 3658 3747 lauto
3705 3691 3870 3743 etiam
3904 3688 4017 3741 Rn-

2456 3780 2741 3859 manorum
2776 3794 3118 3868 imperatori.
3142 3790 3314 3847 Porro
3340 3785 3559 3855 collegit
3593 3781 3827 3838 Otlimau
3856 3780 4021 3834 Atho.

2454 3911 2669 3954 rannm.
2698 3894 2855 3957 longa
2902 3890 3104 3957 longis,
3138 3885 3319 3941 brevia
3354 3879 3609 3935 brevibus
3632 3888 3971 3939 componens
4003 3888 4015 3919 :

2453 3999 2618 4057 atque.
2668 3987 2769 4039 hoc
2804 3983 2956 4036 libris
2988 3990 3195 4047 septem
3242 3975 3390 4035 fecit,
3422 3969 3642 4024 abolitis
3672 3966 3890 4019 caeteris
3922 3981 4021 4015 au-

2453 4095 2521 4130 no
2562 4077 2733 4130 Ili-ira:
2770 4073 3046 4127 tricesimo
3079 4066 3339 4123 secundo.
3387 4062 3517 4117 Dein
3569 4057 4022 4113 discordantibus

2452 4185 2574 4221 cum
2623 4168 2743 4235 ipso
2781 4162 3091 4218 hominibus
3124 4156 3445 4212 interfectus
3476 4162 3560 4207 est
3606 4150 3839 4202 Othman
3898 4143 4015 4235 Ebn

2453 4230 2661 4312 Aﬂani:
2700 4254 3103 4309 lnterfeceruut
3145 4249 3319 4317 ipsum
3368 4238 3704 4299 Mahommed
3750 4238 3868 4292 Ebn
3911 4230 4013 4287 Abi

2454 4348 2610 4403 llecri
2640 4346 2865 4399 Ammar
2894 4341 3007 4393 Ebu
3041 4337 3255 4399 Yascri,
3282 4344 3336 4389 et
3366 4335 3585 4388 Canana
3616 4328 3731 4382 Ebn
3766 4325 4020 4387 Bashari,

2453 4441 2542 4493 die
2583 4436 2667 4491 Dil
2700 4433 2869 4503 Hajjae
2923 4439 3115 4484 octavo
3166 4427 3269 4495 (vel
3306 4424 3603 4479 secundum
3648 4420 3793 4474 aliud
3836 4434 4024 4472 exeru-

789 4516 878 4579 .ιηί
917 4513 1212 4569 Eeclesiam
1247 4529 1397 4568 suam
1430 4514 1800 4568 moderamine
1837 4514 2216 4568 misericordia:
2242 4530 2354 4568 sua-

2462 4532 2598 4600 plar,
2623 4528 2835 4581 decimo
2856 4522 3070 4589 octavo)
3093 4536 3107 4583 ;
3137 4534 3277 4571 anno
3303 4516 3477 4570 Heira:
3503 4516 3780 4569 tricesimo
3805 4515 4021 4580 quinto.

792 4604 1012 4673 respicit
1058 4606 1111 4658 in
1154 4605 1353 4668 pietate
1387 4611 1479 4657 tua
1506 4644 1522 4669 ,
1571 4603 1827 4671 deditque
1884 4604 2042 4659 nobis
2088 4605 2265 4660 locum
2306 4615 2357 4657 te

790 4693 1099 4764 alloquendi
1133 4708 1259 4748 cum
1292 4691 1487 4762 gaudio
1526 4702 1579 4746 et
1629 4692 1923 4755 hilaritate,
1969 4708 2078 4761 quo
2130 4692 2354 4760 gratiam

794 4787 933 4840 hanc
983 4785 1162 4854 palam
1214 4784 1499 4839 faciamus.
1555 4782 1660 4837 Vos
1707 4783 1974 4852 siquidem
2032 4792 2353 4853 potestatem

793 4888 1032 4931 vestram
1067 4875 1357 4944 accepistis
1393 4876 1509 4929 vice
1540 4874 1917 4944 apostolorum
1954 4884 2265 4930 sanctorum
2297 4884 2356 4927 ut

794 4970 954 5022 tidem
987 4968 1347 5022 orthodoxam
1379 4969 1753 5037 propugnetis,
1800 4978 1854 5022 et
1900 4967 2217 5038 religionem
2261 4983 2355 5021 ve-

796 5078 908 5114 ram
944 5059 1303 5115 manifestetis
1330 5074 1485 5112 anon
1518 5072 1577 5112 ut
1608 5058 1908 5121 Heraclins,
1944 5062 2037 5127 qui
2068 5058 2137 5112 ob
2169 5058 2355 5111 infide-

796 5156 998 5207 Iitatem
1031 5166 1187 5206 suam
1213 5152 1467 5220 quodque
1495 5151 1777 5205 veritatem
1810 5151 2136 5211 deseruerit,
2158 5151 2356 5220 dignus

798 5260 902 5297 non
936 5252 1018 5297 est
1051 5242 1140 5311 qui
1176 5259 1267 5298 rex
1294 5244 1627 5312 appelletur;
1661 5258 1757 5297 nec
1792 5253 1847 5297 ut
1884 5243 2128 5313 Sergius,
2172 5241 2354 5295 llono-

796 5338 932 5399 rius,
969 5334 1187 5397 Paulus,
1222 5343 1277 5388 et
1313 5334 1509 5389 Petrus
1541 5336 1866 5402 patriarcha:
1894 5333 2355 5399 Constantinopo-

794 5426 969 5487 litani,
1032 5425 1191 5495 337
1223 5426 1385 5496 339
1434 5426 1528 5495 qui
1587 5426 1800 5479 veritati
1858 5424 2353 5487 contradixerunt,

794 5526 960 5585 atque
989 5521 1331 5571 anathemate
1363 5522 1506 5589 digiti
1544 5530 1704 5582 sunt,
1749 5520 1951 5590 quique
1988 5521 2055 5575 de
2096 5520 2353 5575 Ecclesia:

793 5608 964 5677 gradu
1014 5610 1339 5676 dejiciantur
1383 5612 1453 5665 ob
1491 5614 1887 5666 sententiarum
1934 5628 2155 5667 suarum
2208 5612 2354 5665 falsi-

797 5711 984 5763 tatem,
1022 5717 1225 5770 eosque
1258 5718 1397 5773 quos
1443 5704 1495 5756 in
1540 5703 1819 5758 hominum
1849 5704 2106 5775 [animas]
2150 5706 2348 5771 iujccc-
2374 5740 2389 5751 .A

799 5801 924 5847 runt
976 5795 1289 5867 scrupulos.
1336 5794 1413 5848 'l‘u
1467 5804 1682 5862 autem,
1736 5796 2181 5865 pra'smutissimc
2235 5813 2343 5864 rex,

2460 4631 2633 4676 annos
2662 4624 2775 4667 tum
2800 4624 2982 4665 natum
3021 4608 3300 4675 octoginta
3336 4606 3509 4669 duos;
3545 4619 3636 4671 per
3667 4602 3911 4653 triduum
3944 4603 4023 4653 in-

2459 4708 2707 4777 sepultus
2752 4703 2970 4763 mansit.
3026 4700 3148 4753 Fuit
3203 4692 3468 4769 [staturae]
3526 4694 3831 4764 qttadratm,
3886 4693 4025 4746 facie

2464 4798 2692 4869 pulchra
2714 4837 2729 4859 ,
2759 4795 2966 4857 fuscus,
3006 4791 3171 4845 barba
3200 4790 3375 4857 ampla
3409 4801 3570 4856 quam
3596 4785 3855 4853 plicabat,
3891 4787 4027 4836 den-

2462 4906 2542 4945 tes
2582 4903 2718 4943 auro
2751 4882 3182 4953 constringebat.
3224 4878 3525 4933 Plurimum
3589 4892 3712 4929 cum
3742 4890 3809 4926 eo
3851 4875 4030 4942 potuit

2455 4977 2805 5053 εει-343
2839 4974 3073 5035 ltlervvan
3098 4974 3215 5026 Ebn
3246 4968 3482 5033 Haccm;
3516 4966 3760 5035 sepultus
3799 4974 3887 5053 est
3919 4963 4027 5053 hie-

2459 5052 2601 5122 dina:
2633 5067 2754 5120 loco
2787 5063 2934 5118 dicto
2974 5060 3123 5117 lasar
3161 5058 3386 5114 Caucab
3427 5055 3590 5128 [pons
3620 5052 3816 5123 stellae]
3855 5069 3870 5105 :
3922 5052 4027 5108 Sa-

2460 5160 2687 5212 tellitum
2736 5157 2989 5227 princeps
3038 5154 3139 5224 ipsi
3198 5152 3303 5207 fuit
3340 5148 3607 5204 Abdallah
3654 5146 3769 5200 Ebn
3834 5144 4028 5227 Phahd

2463 5251 2808 5305 Adawensis.
2833 5248 3071 5311 Jauitor,
3116 5243 3436 5307 Hamdanus
3464 5240 3638 5310 ipsius
3664 5254 3882 5293 servus.

2768 5340 3072 5406 Chalifatus
3103 5337 3217 5392 Alis
3242 5333 3357 5389 Ebn
3382 5332 3481 5386 Abi
3511 5331 3705 5385 Talebi.

2528 5432 2861 5487 Cbalifatum
2914 5442 3034 5501 post
3062 5430 3393 5483 Otiimanum
3432 5424 3667 5478 obtinuit
3698 5421 3779 5473 Ali
3806 5419 3925 5474 Ebn
3957 5419 4033 5472 Ab

2452 5523 2662 5587 Talebi,
2717 5522 2853 5593 (Ebn
2887 5522 3043 5576 AI-dil
3085 5518 3378 5581 Motallabi,
3409 5514 3524 5568 Ehn
3559 5514 3837 5574 llashcmi,
3891 5511 4030 5569 Ebni

2454 5616 2613 5669 ΛΜΗ
2666 5613 2949 5681 Manaphi;
2986 5613 3071 5665 cui
3113 5621 3283 5664 mater
3324 5608 3618 5662 Phatcmab
3682 5607 3790 5658 tilia
3840 5607 4029 5666 Asadi,

2454 5710 2570 5761 Ebu
2642 5706 2919 5769 llashcmi,
2984 5702 3317 5773 EbmnAbdil
3377 5700 3651 5769 Manaphi)
3703 5713 3891 5752 mense
3947 5697 4029 5751 Dil

2455 5799 2618 5870 llajjac
2645 5798 2769 5854 anni
2813 5795 2989 5855 licirze
3018 5796 3277 5853 vicesimi
3304 5796 3504 5862 quinti,
3537 5795 3697 5855 idque
3733 5808 3879 5850 anno
3920 5792 4029 5849 im-
