4210 6428
168 400 298 464 1113

1602 402 1963 467 AXNAHZS.

3294 400 3418 461 iiii

163 515 291 579 petii
322 511 662 565 Constantini
700 511 793 564 lilii
833 511 1181 565 Constantini
1216 521 1432 581 quarto.
1469 512 1720 565 Profecto
1764 520 1808 576 Α
1844 518 2002 571 istius
2055 526 2338 570 senteutne
2388 534 2505 584 qum
2536 515 2793 569 Ecclesiae
2837 514 3107 567 contraria
3163 522 3331 573 υεκι-ι,
3368 523 3419 564 ιιι

163 616 224 653 co
254 600 472 652 Basram
506 599 605 653 fuit
631 600 871 670 przelium
895 600 1098 654 Cameli
1128 601 1358 667 ;deinde
1385 616 1507 656 cum
1540 602 1731 656 Cnfam

164 700 347 758 petens
368 690 421 744 in
458 690 669 760 Syriam
702 692 974 756 tenderet;
996 681 1347 747 commiss'utn
1376 702 1457 745 est
1493 693 1733 761 przelimn

163 784 529 837 Choruziense
561 784 611 835 in
656 783 983 837 Nabrawan.
1043 782 1175 837 Drin
1206 784 1394 836 Cufam
1432 784 1608 845 rediit,
1641 785 1731 837 tibi

166 872 339 937 ipsqu
368 871 642 925 interfecit
671 873 1081 926 Abdorrahtnan
1122 874 1237 927 Ehn
1282 873 1515 926 Mtlhatni
1556 874 1735 927 Alma-

166 962 455 1025 zadiensis,
487 962 674 1016 decem
723 971 849 1017 ante
899 963 1108 1016 finitum
1166 980 1409 1018 mensem
1473 965 1737 1016 ltatnada-

170 1068 289 1103 num
322 1052 537 1113 diebus,
571 1067 715 1106 anno
752 1053 928 1106 lleira:
954 1054 1405 1123 quadragesimo.
1439 1054 1566 1105 Erat
1612 1070 1733 1105 cum

166 1143 505 1196 occideretur
536 1158 807 1196 annorum
844 1146 1125 1205 sexaginta
1177 1146 1366 1199 trium.
1411 1144 1599 1197 Oravit
1639 1161 1734 1204 pro

170 1235 279 1297 ipsa
312 1234 454 1288 filius
479 1235 652 1304 ipsius
693 1234 893 1288 Hasau.
932 1235 1052 1289 Fuit
1084 1238 1376 1290 cltalifatns
1407 1238 1577 1305 ipsius
1640 1255 1734 1287 an-

170 1338 359 1374 norum
412 1336 651 1392 quatuor
683 1334 736 1378 et
776 1326 961 1379 decem
1016 1328 1307 1379 mensium.
1353 1327 1564 1380 Fuscus
1615 1328 1734 1388 fuit,

168 1416 726 1483 \‘vntrt-jproutinentc,
750 1417 915 1470 barba
936 1417 1203 1484 promissa
1225 1418 1360 1471 adeo
1379 1427 1436 1471 ut
1452 1428 1622 1470 totum
1638 1417 1736 1484 ipsi

171 1515 355 1572 pectus
378 1505 639 1573 operiret.
669 1505 939 1560 Canitiem
963 1522 1116 1560 suam
1140 1522 1245 1561 non
1274 1507 1737 1573 mutabat.$rpnl-

173 1606 250 1649 tus
278 1597 432 1650 estin
462 1596 749 1667 Cartiyan,
779 1600 859 1651 vel
880 1599 1177 1653 secundum
1204 1600 1495 1652 neunnllos
1521 1600 1571 1649 in
1597 1596 1737 1648 Tha-

172 1689 328 1739 wiah.
355 1688 775 1744 Controversutn
811 1691 954 1744 enim
979 1703 1061 1746 est
1091 1692 1157 1745 de
1184 1693 1304 1743 loco
1330 1692 1628 1759 sepultura!
1656 1691 1738 1755 ip-

173 1779 302 1833 sius.
326 1778 633 1833 Satellitutn
656 1782 756 1850 ipsi
779 1782 1070 1851 praefectus
1103 1782 1267 1853 344,
1292 1781 1387 1834 fttit
1409 1780 1594 1834 Maalta
1621 1779 1736 1832 Eho

184 1869 297 1921 Ktsi
326 1870 393 1921 Al
416 1870 759 1938 Zabajensis.
800 1872 1035 1937 Janitor,
1072 1872 1291 1925 Kanbar
1318 1888 1513 1926 servus
1544 1872 1736 1939 ipsius.

462 1960 762 2023 Chalifatus
807 1961 1041 2014 Moawiw
1074 1964 1169 2015 Abi
1209 1965 1432 2030 Sofymt.

238 2042 523 2101 Profectus
584 2047 842 2103 Moawias
883 2048 999 2104 Ebn
1058 2052 1158 2105 Abi
1213 2052 1413 2123 Sofyan
1478 2052 1741 2109 Damasco

174 2132 426 2201 litakum,
450 2137 521 2191 ibi
550 2140 1154 2209 prmstitisjuramcntis
1174 2144 1369 2197 chalifa
1395 2146 1739 2200 renuntiatus

172 2236 278 2293 est;
314 2243 515 2281 nomen
548 2230 647 2297 ipsi
685 2230 787 2284 fuit
817 2232 989 2285 Sacltr
1018 2233 1131 2286 Ebn
1163 2233 1324 2287 llarbi
1358 2235 1470 2289 Ebn
1504 2236 1735 2291 Otnmiae

176 2317 278 2369 l-Zha
330 2322 465 2373 Ahdi
507 2320 758 2386 Shcmsi;
804 2332 977 2377 mater
1007 2324 1177 2392 ipsius
1212 2326 1394 2380 llenda
1446 2328 1551 2381 lilia
1587 2329 1738 2383 Atba:

177 2403 280 2455 liba
338 2405 543 2474 Rahia‘,
598 2406 710 2461 Ebu
757 2411 871 2461 Ahtl
948 2408 1186 2465 Shamsi.
1251 2412 1607 2481 lnaugnratus
1665 2426 1747 2469 est

177 2511 352 2549 mense
399 2497 587 2553 ltabiae
627 2499 846 2568 prioris,
894 2516 1039 2554 anno
1092 2502 1262 2557 lleirtte
1330 2508 1745 2575 quadragesimo

177 2590 362 2654 primo,
392 2590 483 2658 qui
527 2593 627 2646 fuit
653 2593 862 2660 imperii
888 2591 1237 2649 Constantini
1275 2596 1366 2650 lilii
1398 2600 1745 2655 Constantini

175 2679 506 2744 inqietatOris
556 2679 925 2737 Romanorum
971 2686 1257 2755 decimus;
1307 2689 1525 2757 przefuit
1571 2707 1745 2746 annos

176 2762 537 2825 novemdeciin
582 2782 634 2827 et
661 2775 898 2844 quinque
939 2790 1176 2832 menses.
1233 2780 1388 2833 Anno
1426 2780 1741 2837 Chalifatus

174 2865 283 2928 ejus
326 2867 569 2917 secundo
616 2867 943 2920 constitutus
983 2877 1065 2922 est
1103 2868 1371 2939 Georgius
1424 2861 1735 2941 patriarcha

180 2955 809 3025 Constantinopolitauus
843 2975 854 3011 :
887 2960 977 3027 qui
1010 2974 1184 3014 annos
1211 2959 1395 3015 decent
1422 2962 1588 3025 Sedit,
1614 2963 1739 3016 dein

177 3057 412 3099 mortuus
435 3057 537 3101 est.
564 3046 693 3115 Ejus
710 3047 1040 3117 praefecturae
1065 3066 1210 3103 anno
1230 3052 1471 3105 secundo
1490 3052 1591 3105 fuit
1612 3069 1741 3106 cou-

174 3137 348 3189 cilutn
381 3146 620 3202 sextum,
654 3139 859 3209 fuitque
905 3150 1016 3193 tum
1044 3140 1231 3195 Romae
1265 3143 1575 3210 patriarcha
1602 3144 1741 3196 Mar-

176 3232 329 3282 tinus.
384 3229 697 3286 Octideutis
744 3244 924 3287 autem
976 3232 1268 3301 praefectus
1323 3234 1541 3289 nomine
1594 3236 1738 3289 Cott-

183 3322 396 3375 stantini
434 3324 780 3392 imperatoris
800 3336 918 3379 erat
940 3326 1158 3397 quidam
1198 3328 1417 3383 nomine
1444 3329 1738 3392 Constans,

176 3414 255 3481 qui
313 3430 434 3469 cum
488 3415 753 3469 Maronita
798 3432 965 3483 esset,
1027 3419 1317 3475 Martinum
1372 3423 1737 3490 patriarclia'n

175 3505 467 3559 llomanum
485 3506 649 3574 jussit
671 3510 914 3564 eamdem
938 3513 1181 3580 profiteri
1214 3514 1562 3578 sententiain;
1585 3530 1708 3567 cum
1725 3541 1742 3554 -

175 3613 268 3664 que
292 3600 481 3662 nollet,
518 3600 695 3669 ipsum
727 3604 796 3656 ad
834 3605 1022 3658 urbem
1056 3606 1351 3674 quamdam
1389 3607 1739 3676 longinquam

177 3691 439 3762 relegavit.
516 3690 647 3748 Erat
707 3706 885 3749 autem
942 3705 1073 3753 tunc
1127 3699 1386 3767 temporis
1442 3700 1743 3752 monachus

174 3782 376 3845 quidam
397 3793 623 3841 sanctus
656 3788 876 3842 nomine
902 3787 1188 3854 Maximus,
1214 3789 1301 3842 cui
1325 3789 1433 3843 duo
1455 3800 1610 3843 erant
1633 3790 1745 3843 dis-

176 3876 348 3941 cipuli.
370 3877 466 3934 llic
483 3880 548 3934 ad
568 3881 919 3935 Constantem
947 3881 1255 3941 nnefeetutn
1284 3883 1744 3950 accedensipsum

177 3973 236 4025 ob
262 3974 544 4028 sententia:
596 3988 707 4028 suae
734 3984 784 4028 et
811 3975 990 4028 cultus
1021 3975 1356 4042 pravitatem,
1392 3973 1745 4045 34.5-35.7

181 4064 579 4119 heterodoxiant
608 4075 769 4133 atque
792 4080 1007 4134 gravem
1034 4065 1402 4122 infidelitatem
1439 4068 1737 4133 redarguit.
1786 4060 1789 4063 Α

181 4153 337 4211 Jnssit
368 4172 499 4227 ergo
534 4157 807 4211 Constans
829 4157 1061 4210 Maximo
1094 4171 1291 4211 manus
1326 4172 1389 4210 ac
1426 4158 1590 4226 pedes
1625 4173 1742 4211 amo

179 4247 364 4311 putari,
400 4247 748 4317 linguamque
783 4248 1015 4312 extrahi,
1056 4259 1217 4316 atque
1249 4251 1427 4318 ipsum
1472 4251 1522 4303 in
1568 4253 1743 4305 locum

178 4337 519 4406 longinptnm
568 4339 854 4407 ablegavit.
903 4337 1077 4393 Jnssit
1121 4341 1284 4394 etiam
1338 4341 1740 4410 discipulorum

178 4425 333 4491 ips-ius
378 4428 613 4481 alterum
651 4428 935 4496 prehendi,
969 4428 1220 4499 idemque
1263 4431 1365 4498 ipsi
1407 4432 1522 4486 lieri
1558 4448 1572 4485 :
1607 4432 1742 4485 alter

179 4518 340 4586 llagris
365 4535 539 4573 caesus
564 4529 648 4573 est
672 4535 685 4571 :
714 4519 837 4573 dein
866 4531 1155 4589 utrumque
1188 4523 1239 4576 in
1271 4522 1449 4577 locum
1476 4523 1543 4576 ah
1570 4523 1741 4577 altero

179 4606 319 4675 longe
363 4618 636 4663 remotum
678 4611 905 4678 expulit.
953 4610 1201 4681 Cumque
1244 4612 1478 4667 Martino
1514 4615 1742 4683 patriar.

178 4702 299 4764 clne,
330 4718 391 4756 ac
436 4703 677 4756 Maximo
706 4705 1098 4773 discipuliSque
1144 4706 1318 4775 ipsius
1367 4707 1579 4761 duobus
1635 4707 1739 4760 hoc

182 4790 373 4848 fecisset
428 4795 727 4861 Constans,
786 4795 974 4853 Romae
1035 4797 1397 4866 patriarcltam
1450 4798 1739 4851 constituit

181 4886 336 4943 virum
378 4888 669 4957 quemdam
716 4889 973 4944 eximium
1026 4889 1245 4943 nomine
1282 4888 1569 4959 Diyanutn.
1604 4888 1741 4941 Cum

182 4987 342 5031 autem
384 4980 586 5034 certior
629 4979 805 5034 factus
834 4990 981 5035 esset
1004 4980 1396 5035 Constantinus
1441 4982 1741 5049 imperator

181 5061 335 5121 fidelis
389 5067 457 5121 de
482 5070 634 5121 ohitu
657 5067 928 5123 Theodori
959 5070 1279 5137 patriarchae
1306 5068 1554 5132 Romani,
1577 5069 1738 5138 quid-

180 5170 271 5221 que
301 5157 517 5214 fecisset
550 5158 823 5215 Constans
854 5157 1087 5213 Martino
1114 5160 1436 5229 patriarchae
1470 5158 1739 5214 Maximo-

181 5264 269 5314 que
303 5253 569 5305 monacho
615 5260 664 5305 et
698 5251 869 5320 ipsius
912 5252 1219 5321 discipulis,
1266 5252 1737 5320 constitutumque

182 5355 286 5395 esse
329 5342 593 5412 Diyanutn
651 5344 1012 5411 patriarcham
1063 5342 1389 5407 Rotnanum,
1422 5360 1562 5412 atgre
1615 5348 1728 5399 hate

182 5433 304 5493 tulit,
333 5435 664 5502 scripsitque
690 5435 755 5485 ad
796 5434 973 5503 ipsum
1007 5434 1215 5489 litteras
1241 5452 1367 5489 cum
1416 5438 1735 5505 diplomate,

182 5534 357 5590 rogans
394 5536 452 5578 ut
485 5540 516 5578 e
544 5526 1030 5592 praestantissimis,
1072 5527 1165 5594 qui
1218 5526 1286 5579 ad
1333 5531 1507 5581 altare
1558 5527 1734 5596 ipsitts

183 5608 672 5685 [comuntnicarent]
726 5618 997 5686 episcopis
1043 5618 1109 5671 ad
1158 5619 1333 5686 ipsum
1372 5620 1633 5685 mitteret,
1672 5620 1736 5672 ll-

183 5702 285 5754 th-tu
317 5706 409 5773 ipsi
444 5708 651 5762 faciens
680 5724 744 5761 ne
777 5709 993 5763 timeret
1018 5710 1337 5779 quidquam,
1364 5726 1551 5764 verum
1585 5709 1736 5782 [esse

186 5790 291 5853 hoc]
336 5812 439 5855 ouo
495 5799 666 5853 sciret
720 5798 1111 5857 Consmntinus
1158 5818 1376 5857 causam
1433 5811 1728 5864 nnetextus

1802 608 1969 676 ‘quid
2020 608 2235 662 initium
2298 609 2396 675 ipsi
2448 609 2713 664 dederat:
2752 618 2810 659 ut
2849 606 2900 659 iit
2929 604 3159 658 concilio
3202 602 3420 655 Patrum

1839 710 2150 753 sanctorum
2182 704 2465 753 anathema
2516 701 2790 753 diceretur
2823 698 2873 751 itt
2910 697 3058 749 illum
3103 695 3195 764 qui
3238 710 3302 747 eo
3341 695 3426 745 di-

1840 805 1978 851 gnus
2009 799 2171 843 eSsct.
2226 787 2550 841 l’errenicns
2594 799 2773 839 antem
2819 787 3027 851 legatus
3078 783 3422 851 imperatoris

1810 868 2087 939 illomazn,
2133 880 2395 947 liiyanum
2442 879 2643 931 nliiisse
2694 877 2916 945 reperit.
2951 875 3007 926 Et
3055 875 3419 942 patriarcham

1844 982 1963 1037 post
1998 971 2169 1037 ipsum
2226 972 2409 1023 ltomzr
2443 973 2794 1023 constitutum
2830 984 2952 1022 esse
2983 969 3245 1034 Agahittm
3288 984 3299 1017 :
3335 965 3420 1015 cui

1843 1077 1966 1113 cum
1999 1062 2207 1114 litteras
2238 1063 2575 1121 tradidisset,
2601 1060 2765 1131 348
2796 1061 2882 1111 ille
2909 1071 3169 1127 quotquot
3198 1057 3423 1108 adt-rant

1842 1148 2129 1216 episcopos
2157 1148 2499 1209 convocavit,
2526 1151 2615 1215 qui
2652 1163 2878 1199 numero
2902 1157 3057 1200 erant
3088 1155 3303 1196 centum
3339 1146 3387 1193 vi

1842 1237 1974 1303 gintl
2006 1249 2260 1304 qualn-tr.
2305 1251 2425 1288 cum
2469 1238 2642 1288 tribus
2676 1235 2944 1297 diacouis,
2992 1250 3055 1286 ex
3106 1235 3169 1285 iis
3210 1233 3298 1300 qui
3354 1235 3418 1286 ad

1839 1330 2011 1380 altare
2039 1328 2213 1394 ipsius
2246 1328 2731 1392 communicarent,
2779 1344 2987 1396 eosque
3036 1343 3140 1378 una
3178 1343 3297 1376 enm
3338 1328 3419 1376 Ιυα

1842 1418 1982 1483 gatis
2016 1417 2367 1481 illlIH‘l'ultN'lS
2403 1416 2569 1468 misit.
2609 1417 2739 1467 Cum
2778 1432 2907 1483 ergo
2951 1416 3420 1480 (Συιιδιίιιιιίιμιιιιμ

1844 1508 1933 1558 lim
1986 1508 2356 1571 pervenissent
2397 1506 2660 1573 t-ptsmpi,
2692 1507 2756 1558 ad
2791 1508 3207 1561 Ct‘tnstatttitttttii
3253 1524 3418 1571 inqu--

1844 1606 2075 1649 ratot'etn
2120 1598 2376 1665 ingressi,
2432 1597 2531 1662 ipsi
2585 1598 2817 1649 salutem
2873 1610 2934 1647 ac
2986 1597 3419 1648 benedictionem

1842 1689 2172 1756 comprecati
2233 1697 2382 1741 sunt.
2434 1690 2824 1741 Constantinus
2883 1699 3065 1742 autem
3125 1691 3421 1752 itttprtatut'

1842 1784 2129 1850 episcopos
2162 1790 2377 1836 centum
2414 1783 2691 1849 sexaginta
2725 1792 2846 1836 octo
2879 1783 3224 1844 convocat-it,
3266 1783 3331 1832 ita
3368 1793 3417 1830 nt

1776 1856 1813 1909 ί)
1839 1874 1951 1942 jam
1986 1889 2210 1927 numero
2238 1882 2425 1926 essent
2455 1874 2676 1925 ducenti
2717 1874 3005 1939 nonaginta
3040 1874 3170 1932 duo,
3202 1882 3255 1924 at
3287 1871 3418 1938 reje-
3493 1856 3508 1860 ’

1846 1966 1946 2017 ctis
1981 1966 2155 2018 tribus
2203 1965 2469 2026 diaconis,
2504 1965 2593 2030 qui
2633 1965 2698 2015 ah
2734 1966 2936 2032 Agabio
2969 1967 3182 2028 patri-art
3206 1965 3269 2013 ha
3315 1962 3421 2011 llo.

1847 2072 2009 2111 ntauo
2050 2056 2205 2109 missi
2250 2055 2487 2115 fuerant,
2543 2067 2866 2108 manserunt
2918 2055 3153 2123 episcopi
3206 2057 3421 2105 tlttienii

1843 2148 2116 2215 ocIOginta
2156 2162 2347 2200 novem
2380 2163 2393 2199 :
2428 2155 2592 2212 atque
2627 2146 2696 2197 ita
2734 2148 2784 2198 in
2840 2147 3104 2215 tliptycho
3136 2162 3423 2199 recensen-

1849 2250 1952 2290 tur.
1988 2236 2232 2291 Bonitate
2258 2252 2389 2304 ergo
2432 2236 2617 2290 auxilii
2654 2237 2847 2295 divini,
2880 2253 2939 2289 ac
2988 2246 3289 2288 tnattstteltt-
3322 2237 3422 2287 ini»:

1847 2322 2190 2378 Constantini
2218 2325 2559 2391 imperatoris
2591 2326 2761 2377 fidelis
2782 2328 3117 2391 ptiustantia,
3143 2340 3415 2394 pet-artum

1848 2426 1929 2471 est
1961 2421 2063 2472 hoc
2092 2419 2362 2486 negotium
2396 2435 2504 2486 quo
2548 2418 2600 2471 in
2637 2420 2797 2471 unius
2842 2420 3139 2472 voluntatis
3182 2430 3420 2473 asserto-

1850 2526 1935 2563 tes
1990 2520 2255 2565 statutum
2291 2493 2394 2573 est,
2426 2526 2565 2577 quos
2608 2511 2948 2563 anathemate
2984 2519 3371 2580 pereussvrunt
3410 2528 3422 2563 2

1850 2603 2055 2671 fuitque
2117 2601 2274 2669 hujus
2313 2602 2528 2655 concilii
2571 2602 2707 2655 sexti
2761 2618 2961 2669 prtcscs
3018 2604 3283 2667 (iaotgztus
3336 2619 3426 2671 pa-

1850 2696 2085 2748 triarcha
2124 2694 2783 2761 Constantinopulitanus,
2835 2703 2888 2746 et
2925 2695 3287 2762 'l‘hcophanes
3329 2711 3418 2762 pt-

1850 2788 2085 2839 triat-cha
2124 2786 2495 2837 .\ntiorhe;ius
2528 2804 2539 2837 :
2577 2796 2761 2854 utpote
2786 2788 2875 2855 qui
2920 2788 2970 2838 in
3003 2788 3118 2853 ipso
3150 2790 3251 2840 hoc
3299 2806 3426 2838 ton—

1847 2878 1971 2928 ctlio
1997 2877 2301 2942 patriarcha
2336 2878 2683 2929 renuntiatus
2720 2886 2826 2941 est,
2862 2892 2983 2928 cum
3015 2877 3308 2938 Macarius,
3332 2880 3423 2944 qui

1846 2976 1970 3020 ante
2014 2967 2188 3035 ipsum
2254 2968 2375 3030 fuit,
2424 2968 2475 3019 iit
2511 2983 2574 3020 eo
2604 2957 2954 3021 anathemate
2988 2985 3278 3036 percussus
3310 2981 3413 3023 cst.

1849 3060 2188 3113 Alexandria:
2236 3068 2417 3113 autem
2451 3069 2503 3112 et
2537 3059 2928 3130 Hierosolymis
2958 3062 3263 3129 patriarcha
3297 3071 3426 3115 tunc

1850 3154 2106 3221 temporis
2136 3166 2243 3205 non
2272 3150 2389 3216 fuit,
2421 3159 2651 3223 utraque
2687 3153 2813 3206 sede
2844 3165 3091 3208 vacante.
3118 3155 3421 3205 Anathrma

1853 3244 2256 3311 rrgodixerunt
2275 3244 2325 3295 iit
2352 3242 2669 3311 Macarium,
2706 3244 3075 3297 Maccdonittm
3100 3256 3152 3296 et
3170 3241 3425 3310 Cha'zjnm

1845 3337 2184 3405 patriarchas
2230 3336 2597 3391 Antiochcnos
2630 3376 2644 3398 ,
2703 3335 3150 3403 Stephannmquc
3209 3333 3423 3387 Macarii

1844 3430 2206 3499 discipulum;
2253 3445 2352 3482 nec
2400 3446 2503 3481 non
2519 3428 2771 3498 Cyrrum,
2786 3440 2839 3483 et
2861 3430 3069 3482 Petrum
3091 3428 3390 3495 patriarcha
3403 3454 3423 3474 ς

1846 3520 2262 3583 Alexandrinos,
2309 3519 2667 3591 359-351
2727 3530 2781 3573 et
2838 3518 3136 3570 Honurinm
3191 3518 3415 3586 patriar-

1845 3616 2002 3666 chatn
2049 3611 2377 3679 Romanum,
2423 3611 2878 3679 Theodorumque
2933 3610 3180 3663 Paulum.
3214 3619 3268 3661 et
3323 3609 3419 3660 l’e-

1849 3721 1986 3760 trum
2020 3705 2357 3774 patriarchas
2388 3704 3032 3773 Constantinopolitanos
3067 3719 3081 3754 :
3120 3702 3416 3767 quinetiam

1850 3800 1901 3851 in
1929 3796 2297 3857 Theodorum,
2333 3795 2525 3849 l‘araui
2576 3795 2915 3863 episcopum.
2955 3803 3007 3847 et
3053 3792 3419 3846 Ilochronium

1850 3889 1941 3956 qui
1976 3884 2162 3939 Simon
2212 3885 2846 3955 Magos-cognominatus
2870 3893 2975 3940 est.

1918 3974 2041 4029 Fuit
2116 3977 2203 4031 hic
2267 3978 2537 4046 siquidem
2626 3977 2887 4031 sacerdos
2963 3976 3132 4046 Syrus
3210 3974 3427 4029 hetero-

1848 4073 2048 4134 tloxus,
2106 4072 2196 4140 qui
2230 4074 2537 4125 autumavit
2568 4070 2846 4127 Christum
2874 4071 2973 4139 ipsi
3009 4072 3061 4123 itt
3098 4084 3295 4124 somno
3318 4084 3419 4137 ap-

1855 4171 2133 4233 parentem
2163 4163 2465 4227 indicasse,
2496 4168 2725 4216 istorum
2772 4163 2861 4232 qui
2898 4176 3060 4215 unam
3088 4160 3421 4215 voluntatem

1858 4262 2171 4309 assererent
2196 4270 2376 4309 veram
2406 4270 2527 4309 esse
2574 4256 2930 4309 sententiam.
2968 4253 3430 4320 Constantinopo-

1855 4346 1945 4399 lim
1992 4362 2121 4415 ergo
2174 4345 2444 4400 accedens
2482 4356 2770 4414 postquam
2818 4352 3011 4397 contra
3064 4342 3431 4401 heterodoxos

1854 4442 2119 4486 statutum
2150 4439 2296 4487 esset
2321 4432 2629 4491 decretum,
2668 4430 2782 4484 haec
2811 4444 3043 4484 narrans
3078 4437 3307 4482 conatus
3344 4436 3429 4481 est

1780 4538 1821 4592 ο
1855 4524 1997 4576 tueri
2051 4522 2381 4577 sententiam
2456 4520 2975 4577 Mouothelitarnm:
3020 4533 3189 4586 quare
3250 4518 3426 4585 ipsum

1857 4615 2205 4669 anathemate
2245 4614 2578 4668 devoverunt
2624 4628 2730 4667 una
2764 4628 2884 4668 eum
2941 4611 3110 4665 sociis
3162 4612 3334 4679 ipsius
3374 4620 3429 4664 et

1853 4704 2178 4756 sententiam
2213 4703 2329 4769 ejus
2364 4702 2558 4754 falsam
2610 4701 2941 4767 reiecerunt,
2969 4698 3425 4765 appellaruntqtto

1858 4796 2034 4862 ipsum
2107 4796 2354 4849 homines
2404 4793 2680 4848 Simonem
2739 4792 2975 4861 Magum.
3023 4791 3271 4857 Cumque
3313 4789 3425 4855 jam

1855 4888 2207 4941 anathemate
2248 4885 2639 4939 Monothelitas
2681 4884 2914 4939 feriendi
2952 4886 3111 4936 tinem
3149 4882 3423 4944 fecissent,

1855 4980 2245 5044 eottsederuut,
2307 4988 2364 5031 ιιι
2417 4977 2540 5031 lidei
2585 4976 2899 5046 Symbolum
2952 4984 3184 5037 rectum,
3235 4976 3425 5025 ortho-

1850 5072 2082 5129 doxum,
2126 5071 2424 5128 sincerum,
2456 5068 2794 5136 inculpatum
2846 5066 2947 5133 ipsi
2996 5073 3426 5132 componerent;

1851 5160 2220 5227 dixeruntque
2252 5175 2265 5211 :
2299 5157 2586 5211 Credimus
2611 5171 2771 5208 unam
2795 5171 2823 5206 c
2845 5154 3145 5223 [personis]
3186 5152 3425 5208 Trinita-

1855 5253 1924 5303 tis
1953 5266 2074 5304 csse
2108 5249 2303 5301 Filium
2337 5248 2556 5301 unicum
2587 5250 2678 5316 qui
2711 5256 2791 5299 est
2821 5246 3052 5300 Verbum
3098 5245 3423 5313 antiquum,

1843 5352 2127 5403 aeternum,
2150 5340 2292 5394 Patri
2312 5340 2552 5407 mqualis,
2585 5339 2725 5392 Deus
2750 5340 2798 5389 in
2827 5351 3058 5404 persona
3086 5352 3193 5388 una
3244 5345 3298 5386 et
3326 5335 3424 5400 hy-

1847 5434 2054 5503 postasi
2084 5448 2187 5486 una
2216 5448 2232 5496 ;
2261 5433 2351 5500 qui
2378 5431 2692 5500 agnoscitur
2718 5428 2987 5497 perfectus
3024 5443 3143 5479 esse
3172 5426 3316 5492 quod
3360 5425 3423 5487 at!

1851 5527 2245 5579 humanitatem
2275 5539 2453 5585 suam,
2492 5533 2546 5576 et
2578 5521 2852 5589 perfectus
2896 5518 3041 5589 quod
3074 5520 3139 5571 ad
3166 5517 3423 5570 divinita-

1850 5631 1983 5680 tem,
2013 5620 2065 5672 itt
2100 5634 2160 5671 ca
2198 5616 2501 5671 substantia
2543 5630 2662 5682 qua:
2694 5623 2771 5665 est
2815 5613 3072 5665 Dominus
3117 5620 3300 5662 uoster
3336 5606 3425 5657 λαμ

1849 5730 1943 5763 HIS
1979 5710 2252 5773 Christus,
2283 5708 2419 5761 duas
2452 5706 2658 5760 habens
2700 5717 2925 5758 natntas
2957 5704 3220 5772 perfectas
3246 5739 3260 5762 ,
3287 5701 3421 5753 duas.

1844 5804 2215 5864 Upt‘l'dllOlll'>.
2272 5808 2324 5853 ct
2378 5798 2513 5853 duas
2563 5798 2870 5851 Voluntales
2911 5794 2964 5849 iit
3009 5808 3239 5861 persona
3289 5805 3391 5843 una
