4210 6428
736 418 872 483 1115

1709 418 2007 478 Ευτγαη
2023 420 2075 477 ll
2112 422 2151 476 Α
2167 418 2646 480 LEXANDRINI
2683 422 2901 483 PATR.

3834 418 3974 478 liiG

735 532 984 599 Idemque
1008 530 1236 604 professi
1271 539 1396 584 sunt
1423 546 1543 584 cum
1566 531 1802 583 concilio
1839 530 2295 597 Chalt'cdottcnsi,
2327 534 2373 591 A
2408 543 2577 598 stros,
2625 544 2677 590 et
2719 535 2936 590 dolores
2976 542 3196 589 nostros
3238 533 3509 603 suscepit;
3561 531 3715 599 cujus
3748 532 3975 583 vulnere

731 622 980 675 videlicet
1016 622 1181 673 Duutn
1230 619 1430 673 Filiunt
1461 622 1667 673 ttltimis
1712 621 2051 688 temporibus
2082 638 2297 674 assum—
2330 630 2342 642 ‘

730 713 909 781 psisse
934 728 996 764 ex
1032 710 1273 780 Virgine,
1314 711 1539 763 Domina
1562 710 1725 779 352
1759 712 1920 763 Maria
1952 721 2142 763 sancta
2173 728 2296 766 cor-

731 819 833 872 pus
859 804 1155 857 humanum
1191 819 1308 855 cum
1348 804 1527 855 anima
1574 803 1820 857 rationali
1852 842 1866 864 ,
1917 803 2245 856 intellectiva
2276 822 2291 858 :

730 893 893 959 idque
943 910 1006 948 ex
1060 894 1434 947 misericordia
1494 892 1586 946 Dei
1641 893 1692 945 in
1744 892 1992 945 homines
2041 894 2293 962 propitii:

732 1001 909 1053 neque
962 987 1064 1040 hoc
1117 992 1276 1055 pacto
1305 986 1600 1053 contigisse
1632 984 1733 1052 ipsi
1762 985 2159 1048 confusionem,
2194 1000 2293 1039 nec

727 1077 1156 1143 corruptionem,
1182 1090 1281 1127 nec
1323 1075 1741 1143 separationetn,
1785 1089 1887 1127 nec
1924 1074 2293 1141 divisionem;

730 1168 822 1220 sed
856 1182 975 1219 esse
999 1166 1174 1230 ipsum
1202 1182 1365 1219 unum
1406 1166 1717 1225 facientem,
1747 1180 1869 1234 qum
1902 1165 2176 1219 hominem
2215 1165 2295 1218 fa-

730 1274 852 1310 cere
896 1258 1071 1319 decet,
1104 1259 1155 1310 in
1202 1268 1389 1310 natura
1436 1256 1629 1324 ipsius,
1662 1265 1715 1309 et
1774 1272 1892 1324 qua:
1934 1257 2097 1308 Deum
2148 1254 2294 1309 face-

728 1365 784 1404 re
832 1348 989 1402 decet
1026 1350 1077 1402 in
1113 1356 1302 1401 natura
1359 1348 1564 1416 ipsius,
1617 1348 1711 1415 Qui
1741 1357 1821 1399 est
1873 1345 2042 1398 Filius
2077 1347 2292 1408 unicus,

731 1439 964 1494 Verbum
994 1439 1410 1507 sempiternum,
1447 1439 1874 1506 incorporatum,
1911 1438 2054 1505 quod
2106 1452 2291 1491 revera

727 1534 928 1586 fictum
964 1541 1050 1585 est
1080 1546 1208 1584 caro
1236 1570 1250 1593 ,
1297 1531 1440 1585 sicut
1472 1531 1600 1584 dicit
1636 1528 1981 1593 Evangelium
2006 1540 2289 1581 sanctum:

726 1623 795 1672 ita
842 1620 1061 1673 interim
1106 1628 1164 1673 ut
1215 1634 1321 1672 uon
1357 1619 1573 1673 recedat
1624 1632 1651 1669 a
1697 1610 1864 1686 gloria
1921 1631 2018 1670 sua
2066 1628 2290 1678 (eterna,

728 1726 907 1777 itaque
937 1711 1109 1779 ipsam
1138 1718 1335 1771 mutet,
1375 1724 1561 1762 verum
1594 1708 1667 1762 sit
1705 1724 1826 1761 cum
1854 1708 2064 1762 duabus
2094 1722 2290 1775 opera—

728 1802 989 1865 tionibus,
1022 1801 1232 1855 dttabus
1262 1801 1658 1865 voluntatibus,
1689 1809 1741 1854 et
1786 1801 2001 1852 duabus
2055 1801 2290 1858 naturis.

730 1892 875 1946 Deus
903 1903 955 1947 et
990 1894 1176 1957 homo,
1223 1893 1423 1961 quibus
1473 1893 1751 1962 perlicitur
1782 1906 1958 1945 sermo
2002 1906 2163 1943 verus
2193 1907 2205 1943 :
2242 1880 2300 1943 et
2327 1874 2366 1930 Β

731 1995 1027 2052 utramque
1067 1996 1320 2039 naturam
1353 1985 1561 2049 operari
1614 1998 1735 2037 eum
1789 1983 2170 2037 communiatie
2213 1983 2290 2034 al-

728 2079 922 2137 terius,
970 2076 1185 2129 duabus
1235 2074 1607 2127 voluntatibus
1645 2074 1864 2127 minime
1896 2075 2042 2126 inter
2083 2088 2140 2126 se
2171 2087 2293 2126 con-

730 2168 935 2235 trariis,
962 2175 1056 2218 aut
1088 2167 1478 2235 pugnantibus,
1506 2165 1676 2217 altera
1711 2165 1852 2217 aliud
1886 2164 2293 2233 amplectente;

729 2229 919 2311 vitrum
961 2273 1179 2311 manere
1212 2259 1543 2311 voluntatem
1589 2256 1881 2309 humanam
1928 2257 1979 2309 in
2025 2255 2298 2310 voluntate

731 2350 917 2403 divina
953 2350 1349 2418 omnipotente.
1399 2348 1557 2413 Quod
1591 2348 1695 2401 nisi
1730 2347 1964 2401 Verbum
1998 2344 2116 2404 Dei.
2171 2361 2294 2399 cum

731 2439 1110 2498 descenderet,
1144 2436 1538 2503 assumpsisset
1574 2436 1846 2488 hominem
1889 2434 2131 2501 undique
2170 2448 2296 2500 pero

730 2527 954 2590 furtum,
993 2527 1184 2580 luisset
1243 2526 1392 2579 salus
1423 2535 1610 2578 nostra
1659 2526 1839 2592 imago
1892 2535 1946 2578 ct
1990 2528 2295 2595 phantasia.

731 2616 1017 2679 Quomodo
1070 2625 1247 2667 autem
1290 2614 1635 2677 conveniret,
1672 2615 2089 2668 beneﬁcentiam
2160 2628 2300 2681 prte-

731 2706 916 2768 s'anti,
961 2707 1049 2771 qui
1086 2714 1171 2759 est
1216 2705 1461 2759 medicus
1502 2704 1759 2773 sapiens,
1787 2719 1971 2757 revera
2013 2703 2298 2758 sanitatem

734 2802 867 2852 dans
904 2801 1221 2863 (sevundum
1273 2797 1403 2851 illttd
1457 2799 1603 2865 quod
1661 2797 1793 2849 dicit
1855 2796 2143 2851 Malaeltias
2175 2811 2300 2864 pro-

733 2889 891 2958 pheta
921 2888 1170 2941 :(lrietur
1194 2886 1283 2939 Sol
1307 2888 1551 2953 jn'stitiaa,
1586 2886 1744 2955 cujus
1783 2901 1976 2939 nomen
2007 2885 2298 2945 timebunt,

733 2980 827 3047 qui
860 2980 1074 3032 saltabit
1103 2979 1268 3047 ipsos.
1306 2975 1651 3045 gestabitqtte
1678 2978 1826 3046 ipsos
1846 2977 1947 3030 alis
1969 2974 2128 3043 suis).
2166 2974 2301 3028 illud

732 3086 1013 3125 assumere
1066 3071 1118 3123 in
1145 3085 1252 3139 quo
1286 3083 1551 3124 creatura:
1593 3071 1896 3138 antiquitus
1932 3067 2295 3138 353-355

734 3179 871 3215 noxa
894 3163 1016 3228 fuit,
1046 3174 1100 3217 ttt
1123 3175 1263 3218 esset
1284 3175 1562 3232 peceatum
1598 3164 1827 3230 primum
1864 3163 1917 3214 in
1958 3163 2171 3215 homine
2200 3176 2292 3229 pc-

734 3269 831 3305 nes
860 3254 1169 3317 arbitrium,
1216 3255 1582 3315 voluntatem,
1620 3266 1671 3307 et
1716 3232 2036 3320 potestatem
2087 3268 2241 3307 suam
2276 3254 2298 3306 ?

733 3344 808 3396 At:
831 3345 1103 3412 quomodo
1133 3359 1237 3396 non
1271 3352 1414 3399 esset
1448 3345 1548 3396 hoc
1577 3345 1946 3398 necessarium
1971 3344 1994 3395 ?
2023 3342 2160 3397 Cum
2199 3344 2303 3395 do-

732 3435 910 3487 Cucrit
938 3449 1037 3487 nos
1070 3434 1353 3496 Dominus,
1381 3434 1477 3501 qtti
1505 3445 1588 3487 est
1622 3435 1674 3487 in
1715 3434 1839 3487 sinu
1883 3433 2082 3495 Patris,
2126 3432 2298 3486 Filius

733 3526 826 3594 qui
869 3526 1020 3578 solus
1076 3536 1159 3579 est
1215 3526 1371 3590 liber,
1417 3541 1523 3577 non
1579 3538 1793 3588 servus,
1823 3540 2010 3577 verum
2062 3525 2303 3592 seipsum

736 3627 954 3668 sertum
991 3615 1115 3665 facit
1153 3624 1375 3682 propter
1411 3616 1644 3667 salutem
1678 3623 1921 3668 nostram
1946 3655 1960 3679 ,
1992 3615 2306 3680 dederitque

739 3704 900 3756 nobis
939 3705 1229 3755 victoriam
1272 3704 1323 3755 in
1352 3704 1472 3756 illos
1503 3704 1596 3772 qui
1634 3704 1917 3772 loquentes
1947 3705 2127 3756 dicant
2160 3703 2305 3754 Ada-

737 3804 886 3843 mnm
929 3793 1237 3845 necessario
1267 3807 1537 3860 peccasse;
1566 3808 1630 3847 ac
1663 3793 1831 3848 fuisse
1866 3803 2145 3863 peceatum
2184 3793 2301 3847 abs-

737 3898 843 3951 que
916 3883 1192 3936 voluntate
1270 3884 1485 3952 ipsius,
1556 3899 1730 3955 neque
1780 3886 1949 3939 fuisse
1998 3886 2051 3938 in
2109 3893 2304 3937 natura

737 3974 909 4042 ipsius
942 3983 1263 4042 potestatem
1302 3976 1552 4036 liberam,
1578 3990 1683 4043 qua
1713 3990 1743 4028 a
1776 3976 1927 4043 lapsu
1953 3990 2146 4028 cavere
2169 3988 2297 4043 pos-

738 4074 840 4118 set.
890 4065 1008 4129 Quo
1055 4066 1296 4131 ipsoi-um
1332 4066 1481 4119 tlicto
1525 4065 1733 4119 crimen
1780 4075 1835 4121 et
1886 4065 2160 4120 defectum
2209 4066 2307 4117 im-

738 4156 968 4222 pingunt
998 4154 1285 4215 Creatori,
1334 4154 1425 4222 qui
1470 4156 1627 4222 longe
1669 4170 1833 4223 supra
1867 4156 1981 4209 hmc
2010 4165 2115 4217 est,
2144 4166 2305 4225 atque

741 4246 1006 4298 Adantum
1044 4246 1096 4298 in
1130 4247 1404 4311 peccando
1439 4253 1728 4299 excusant.
1773 4244 1891 4299 Jam
1942 4260 2071 4300 vero
2100 4246 2148 4299 vi
2181 4261 2307 4300 scn-

741 4336 923 4389 tentia:
947 4351 1135 4388 eorum
1163 4336 1436 4404 prmcipuc
1464 4338 1555 4405 qui
1593 4338 1695 4390 hoc
1725 4346 2001 4400 asserunt,
2028 4337 2306 4391 omnium-

739 4441 850 4494 que
880 4428 970 4494 qui
1031 4427 1097 4478 iis
1140 4440 1428 4480 assensmn
1480 4427 1767 4495 praebent,
1810 4426 2128 4481 necessario
2153 4441 2303 4480 com-

2397 641 2589 681 Ontnes
2638 628 2815 681 sanati
2859 641 3069 681 sumus.
3099 625 3225 680 Fuit
3256 626 3399 679 enim
3430 635 3489 677 ut
3515 625 3633 676 ovis
3658 639 3777 691 qua:
3807 623 3971 676 ducta

2398 730 2482 772 est
2517 718 2582 771 ad
2618 719 3001 771 "iactationem
3029 761 3043 784 ,
3087 728 3142 774 et
3187 727 3244 772 ut
3290 734 3462 787 agnus
3498 717 3587 786 qui
3622 732 3805 770 coram
3850 726 3972 769 ton-

2397 809 2560 883 dente
2592 810 2770 878 ipsum
2806 810 3045 873 tacebat,
3093 811 3165 864 ita
3192 825 3293 863 nec
3329 825 3391 862 os
3427 811 3659 876 aperuit.
3694 808 3748 860 ln
3788 808 3969 860 humi-

2399 900 2620 955 liatione
2645 901 2813 967 ipsius
2836 902 3111 957 sublatum
3136 913 3212 956 ρει
3237 901 3496 970 judicium
3521 899 3659 964 ejus.
3695 897 3815 951 Jam
3844 914 3976 949 vero

2397 991 2702 1057 intelligant
2757 993 2849 1045 lilii
2885 991 3142 1047 Ecclesiae
3175 993 3266 1045 Dei
3307 991 3392 1062 pie
3424 990 3655 1061 [ipsum]
3696 990 3968 1050 colentes.

2395 1080 2524 1135 Jesu
2562 1081 2781 1136 Christo
2812 1083 3043 1137 Domino
3085 1092 3139 1138 et
3188 1082 3294 1137 Deo
3331 1092 3517 1136 nostro
3546 1096 3667 1136 esse
3698 1081 3837 1133 duas
3878 1096 3975 1131 na-

2400 1184 2554 1230 turas
2582 1177 2872 1245 perfectas,
2907 1177 3045 1231 duas
3081 1176 3395 1230 voluntates
3443 1184 3495 1227 et
3529 1174 3661 1226 duas
3695 1172 3977 1239 operatio-

2398 1281 2495 1319 nes
2539 1283 2749 1331 revera,
2784 1281 3073 1334 personam
3121 1276 3303 1320 autem
3329 1281 3511 1319 unam.
3555 1263 3666 1317 Hoc
3690 1273 3773 1316 est
3813 1265 3975 1316 testi-

2326 1420 2331 1427 _
2380 1357 2637 1411 'tnonium
2689 1368 2741 1412 et
2782 1357 2917 1411 ﬁdes
2950 1358 3167 1411 concilii
3220 1356 3358 1411 sexti
3424 1356 3622 1409 sancti.
3672 1355 3977 1410 Conﬁrma-

2396 1455 2525 1498 rnnt
2556 1447 2715 1499 etiam
2748 1448 2889 1516 quod
2928 1449 3390 1500 conﬁrmaverunt
3438 1445 3678 1512 quinque
3733 1447 3967 1499 concilia

2398 1543 2588 1585 sancta
2617 1534 2833 1600 priora:
2866 1542 2917 1586 et
2941 1532 3288 1584 anathemate
3321 1533 3659 1586 devoverunt
3694 1533 3786 1600 qui
3831 1532 3968 1583 illud

2396 1622 2906 1683 anathctnntiznret,
2941 1633 2993 1675 et
3019 1624 3324 1689 rejecerunt
3359 1623 3449 1689 qui
3483 1624 3659 1690 ipsum
3689 1622 3962 1686 rejiccrct.

2396 1711 2702 1776 Quinetiam
2729 1712 2885 1764 ﬁdem
2910 1712 3195 1781 Sophronii
3221 1713 3543 1781 patriarchae
3575 1711 3939 1781 ll'ierosolymi
3960 1743 3975 1751 -

2396 1803 2508 1855 tani
2550 1806 2602 1856 in
2640 1804 2871 1857 medimn
2901 1805 3162 1872 prolatam
3192 1813 3519 1873 receperunt
3562 1814 3629 1856 et.
3680 1805 3972 1856 cnnﬁrma‘

2400 1904 2545 1947 runt.
2605 1895 2828 1949 Peracta
2864 1904 2993 1948 sunt
3046 1908 3225 1949 autem
3268 1897 3382 1950 haec
3422 1900 3634 1965 negotia
3676 1896 3977 1946 auviLante

2401 1986 2529 2046 Deo,
2566 1995 2616 2039 et
2652 1994 2912 2054 praesente
2936 1984 3302 2039 Constantino
3336 1988 3660 2054 imperatore
3684 1986 3853 2049 ﬁdeli,
3883 1988 3971 2037 cui

2398 2078 2535 2129 bene
2563 2078 2765 2145 precati
2800 2078 2997 2131 reversi
3029 2085 3153 2129 sunt
3183 2077 3248 2129 ad
3286 2077 3403 2130 loca
3438 2092 3531 2130 Sua
3562 2093 3576 2140 ;
3604 2077 3765 2141 idque
3806 2077 3976 2139 impc-

2400 2169 2463 2220 ι’ἰί
2530 2169 2869 2222 Constantini
2924 2183 3069 2220 anno
3144 2168 3358 2221 decimo
3413 2169 3614 2230 tertio,
3676 2166 3975 2221 chalifatns

2400 2258 2641 2313 Moavvite
2668 2259 2779 2312 Eho
2813 2260 2911 2313 Abi
2945 2259 3170 2330 Soiyani
3203 2269 3423 2329 quarto.
3458 2261 3497 2311 A
3533 2259 3767 2312 concilio
3792 2268 3974 2310 autem

2401 2354 2598 2421 quinto
2649 2354 3032 2421 episcoporum
3104 2364 3321 2406 centum
3365 2353 3651 2421 sexaginta
3712 2363 3973 2418 qu-ttnor,

2404 2446 2495 2514 qni
2564 2443 3032 2509 Constantinopoli
3082 2452 3469 2497 convenerunt-
3508 2452 3752 2511 tempore
3800 2442 3976 2495 Justi-

2400 2536 2549 2589 niani
2617 2532 2967 2603 imperatoris
3015 2534 3423 2598 Romanorum,
3486 2535 3549 2587 ad
3602 2545 3811 2606 sextum
3869 2532 3976 2585 hoc.

2400 2612 2759 2682 ducentorum
2807 2628 3083 2695 octoginta
3147 2642 3338 2682 novem
3399 2628 3822 2694 episcoporum,
3880 2624 3977 2691 qui

2403 2720 2599 2774 ibidem
2654 2728 3026 2774 convenerunt
3061 2728 3298 2787 tempore
3326 2718 3682 2788 357-359
3708 2720 3979 2770 (Tonstan-

2402 2813 2498 2867 tini
2550 2811 2927 2879 imperatoris,
2952 2804 3169 2863 centu'm
3217 2818 3343 2864 sunt
3373 2810 3521 2862 anni.
3556 2809 3804 2869 Cumque
3852 2822 3980 2874 per-

2405 2914 2581 2956 actum
2629 2901 2801 2955 fuerit‘
2841 2903 2943 2956 hoc
2992 2903 3309 2972 negotium,
3358 2912 3601 2969 tempore
3668 2899 3854 2967 Agzibii
3887 2915 3982 2964 pa-

2405 2994 2661 3046 triarclue
2706 2991 2934 3045 Romani
2981 2993 3186 3056 sancti,
3232 2992 3557 3045 mentionem
3595 2991 3836 3044 fecerunt
3875 2991 3980 3043 Da-

2405 3083 2572 3138 masci
2602 3093 2654 3135 et
2688 3082 2908 3152 Egypti
2935 3083 3125 3135 incolre
3158 3082 3396 3136 nominis
3424 3080 3609 3150 Agabii
3641 3081 3973 3148 patriarcha:

2406 3175 2633 3242 Romani
2665 3175 2717 3227 in
2756 3175 3033 3243 diptyclto,
3073 3173 3141 3227 ab
3175 3188 3240 3226 eo
3265 3173 3329 3225 ad
3370 3173 3469 3225 hoc
3532 3188 3704 3240 usque
3729 3180 3978 3238 tempus.

2479 3250 2723 3321 Mortuus
2753 3276 2836 3319 est
2878 3276 3055 3319 autem
3087 3265 3477 3319 Constantinus
3511 3265 3808 3331 imperator
3846 3262 3980 3315 ﬁde-

2406 3362 2473 3416 lis
2526 3371 2812 3429 postquam
2846 3358 3122 3412 sexdecim
3157 3372 3328 3409 annos
3356 3371 3522 3425 regno
3551 3355 3755 3423 politus
3794 3364 3981 3416 esstst;

2406 3451 2765 3520 regnat-itque
2820 3457 2944 3516 post
2987 3449 3165 3516 ipsum
3202 3449 3254 3499 in
3291 3446 3570 3499 Romanos
3614 3445 3758 3499 ﬁlius
3802 3446 3983 3513 ipsius

2405 3542 2756 3598 Jttstinianus
2791 3556 2964 3594 annos
2994 3539 3283 3594 duodecim
3312 3558 3323 3590 :
3378 3540 3539 3605 idque
3571 3552 3717 3592 anno
3745 3538 3982 3592 chalifa-

2407 3640 2495 3686 tus
2529 3630 2765 3684 Moawiaa
2800 3629 2912 3681 Ebn
2946 3626 3062 3697 Aby
3092 3626 3538 3693 Sofyanoctavo.

2477 3721 2813 3775 Aecctlcntes
2840 3726 3019 3772 autem
3054 3716 3277 3785 quidant
3307 3715 3371 3767 ad
3404 3713 3775 3769 Justininnum
3806 3715 3986 3783 impe-

2407 3824 2645 3865 ratorctn
2671 3811 2976 3865 Romanum
3002 3808 3261 3861 dixerunt
3291 3824 3304 3859 :
3349 3806 3489 3861 Sunt
3523 3822 3552 3859 c
3586 3806 3985 3860 Constantino-

2406 3904 2663 3972 politanis
2721 3902 2944 3973 quidam
2999 3900 3090 3969 qui
3156 3898 3450 3953 concilium
3511 3906 3770 3959 sextum,
3831 3900 3981 3965 quod

2408 3994 2509 4047 l‘nit
2536 4004 2781 4064 tempore
2818 3993 2991 4083 patris
3023 3990 3097 4044 ttti
3130 3989 3516 4053 Constantini,
3544 3990 3877 4057 vituperent,
3916 3991 3985 4043 ad

2408 4085 2605 4139 falsum
2636 4081 3123 4155 (conﬁrmandum)
3161 4081 3489 4135 convenisse
3518 4096 3610 4135 eos
3642 4092 3984 4135 asserentes.

2406 4177 2625 4231 Mittens
2695 4190 2826 4244 ergo
2879 4173 3229 4227 Justinianus
3312 4172 3611 4239 imperator
3688 4174 3984 4239 episcOpos

2406 4275 2627 4319 centum
2662 4265 2879 4332 triginta
2915 4261 3261 4325 convocavit,
3290 4261 3382 4329 qui
3420 4260 3636 4315 concilii
3668 4263 3806 4314 sexti
3854 4278 3983 4315 sen-

2408 4354 2635 4408 tentiam
2668 4356 3091 4416 conﬁrmarunt,
3115 4357 3170 4404 et
3206 4350 3341 4404 diris
3370 4365 3465 4403 eos
3497 4349 3859 4412 devoverunt,
3890 4353 3983 4418 qui

2412 4443 2516 4513 ipsi
2576 4442 2985 4504 maledicereut,
3052 4442 3134 4494 vel
3194 4440 3675 4503 contradicercnt;
3725 4456 3827 4493 nec
3875 4457 3985 4495 non

740 4517 878 4612 Pf‘lll
921 4525 1202 4612 Pt‘cfmu'“
1250 4517 1348 4569 ‘0“
1380 4516 1661 4612 Wﬁlin“?
1695 4519 1909 4612 βθηενίο
1956 4516 2066 4612 Νοξ
2120 4528 2301 4612 ωηιξη
2337 4555 2380 4612 ι)
2410 4537 2737 4592 sententiam
2787 4535 3029 4604 quinque
3079 4532 3441 4586 conciliorum
3492 4532 3735 4599 priorum
3785 4532 3984 4585 conﬁr-

738 4608 978 4661 dicimns
1026 4607 1079 4660 in
1124 4616 1395 4675 potestate
1434 4608 1625 4661 Adami
1688 4608 1856 4663 fuisse
1915 4617 1974 4661 ut
2026 4607 2304 4664 Creatoris

744 4700 1060 4753 mandatum
1096 4709 1359 4762 servaret,
1393 4715 1490 4752 nec
1515 4714 1621 4753 non
1658 4708 1719 4753 ut
1747 4700 2036 4754 consilium
2063 4700 2305 4752 mulieris

744 4791 1031 4856 rejiceret;
1074 4805 1259 4842 verum
1311 4804 1417 4842 non
1473 4791 1545 4840 ita
1577 4791 1832 4853 voluisse,
1871 4790 1965 4845 sed
2009 4790 2190 4843 cibum
2238 4804 2302 4843 ex

741 4880 937 4933 arbore
965 4889 1017 4932 et
1047 4894 1076 4932 e
1103 4863 1278 4931 manu,
1310 4878 1554 4932 mulieris
1592 4878 1892 4947 acet-pisse,
1950 4880 2306 4947 quemadmo-

745 4973 874 5023 dum
899 4977 953 5023 et
980 4969 1179 5023 mulier
1208 4969 1496 5045 consilium
1533 4971 1806 5036 serpentis
1839 4979 2027 5025 secuta
2058 4978 2162 5032 est,
2196 4983 2304 5022 non

746 5059 1073 5115 necessitate
1114 5070 1358 5121 natura}.
1401 5062 1495 5113 sed
1532 5059 1903 5114 imbecillitate
1948 5058 2258 5113 intellectus
2289 5074 2304 5112 :

744 5150 957 5219 fuitque
985 5151 1087 5205 hoc
1129 5151 1302 5219 prima
1334 5150 1612 5205 voluntate
1646 5156 2021 5204 creaturarum
2055 5150 2311 5205 videlicet

748 5241 939 5295 Adatni
983 5249 1037 5295 et
1090 5239 1236 5303 Evze,
1269 5241 1409 5295 unde
1441 5252 1765 5309 acceperunt
1812 5240 2024 5310 plagam
2068 5240 2311 5295 doloriﬁ-

748 5348 895 5397 cam,
924 5341 1087 5401 atque
1115 5333 1260 5386 unde
1289 5333 1454 5386 etiam
1490 5333 1775 5387 medelam.
1811 5333 2090 5401 Siquidem
2126 5332 2312 5386 Domi-

750 5440 855 5479 nus
887 5434 1074 5481 n05ter
1116 5423 1277 5478 ιιι-ειη
1319 5424 1571 5479 Christus
1603 5425 1823 5479 morbos
1868 5434 2089 5479 nostros
2139 5424 2312 5478 etdo-

752 5518 1128 5572 loresuostros
1147 5520 1407 5585 suscepit,
1453 5520 1595 5571 sicut
1630 5517 1766 5569 dixit
1810 5516 1978 5571 Isaias
2012 5521 2309 5586 propheta:

755 5609 1074 5677 Aspeximus
1108 5624 1232 5663 eum
1274 5625 1374 5663 nec
1431 5610 1594 5679 356
1640 5610 1737 5663 fuit
1784 5612 1886 5677 ipst
1924 5612 2155 5679 species,
2216 5624 2313 5682 nec

757 5699 1139 5767 pulchritudo,
1194 5698 1405 5767 fuizque
1450 5701 1898 5770 contemptibilis,
1945 5701 2101 5770 cujus
2166 5688 2314 5755 nulla

758 5791 941 5845 habita
974 5798 1055 5846 cst
1091 5791 1249 5846 ratio.
1279 5789 1397 5850 lose
1436 5802 1518 5847 est
1552 5794 1645 5851 aui
1676 5794 1914 5855 portavit
1957 5794 2176 5849 morbos
2214 5809 2312 5847 no-

2412 4635 2655 4688 marunt,
2703 4626 2836 4681 etin
2870 4638 2963 4679 eos
3008 4623 3099 4693 qui
3143 4637 3204 4677 ca
3264 4622 3821 4683 anathematizarent,
3854 4636 3985 4676 ana-

2407 4718 2590 4773 thema
2625 4718 2901 4780 dixerunt,
2936 4715 3059 4769 (lein
3091 4713 3292 4768 reversi
3316 4721 3465 4765 sunt.

2497 4803 2667 4858 Porro
2717 4818 2860 4856 anno
2916 4801 3209 4855 chalifatus
3266 4798 3507 4853 Moawia‘.
3555 4800 3788 4866 septimo
3854 4816 3985 4855 con-

2417 4896 2643 4952 stitutus
2671 4904 2755 4948 est
2793 4893 3032 4948 Ioannes
3079 4892 3390 4961 patriarcha
3419 4889 3984 4961 Hierusolyntitanus,

2412 4986 2722 5056 quiannos
2760 4985 3117 5056 quadraginta
3179 4984 3340 5047 sedit,
3390 4983 3517 5037 dein
3578 4994 3831 5038 mortuus
3879 4997 3985 5040 est.

2411 5074 2688 5128 Manserat
2721 5082 2902 5127 autem
2947 5072 3105 5128 sedes
3139 5070 3633 5141 Hierosolymitana
3667 5083 3791 5138 post
3842 5090 3986 5127 mor-

2386 5175 2519 5238 .tcm
2571 5165 2859 5232 Sophronii
2925 5180 3097 5231 usque
3142 5163 3271 5216 dum
3340 5163 3681 5216 sufﬁceretur
3746 5163 3988 5221 Joannes

2396 5257 2532 5311 sine
2560 5257 2865 5323 patriarcha
2891 5256 3054 5325 360
3077 5269 3248 5307 annos
3273 5254 3461 5322 viginti
3490 5269 3710 5308 novem.
3736 5255 3983 5309 Mortuus

2413 5356 2497 5403 est
2546 5350 2709 5401 etiam
2766 5346 3034 5417 Georgius
3074 5346 3385 5415 patriarcha
3422 5344 3987 5405 Constantinopolita-

2416 5455 2540 5504 nus,
2566 5454 2687 5493 cum
2733 5452 2904 5491 annos
2955 5439 3142 5491 decem
3169 5453 3235 5491 eo
3275 5453 3498 5490 ntuucrc
3550 5437 3769 5490 functus
3814 5447 3987 5491 esset.

2416 5527 2571 5578 Anno
2622 5525 2908 5580 chalifatus
2949 5523 3186 5577 Μοεηνὶεε
3244 5523 3570 5577 duodecimo
3642 5534 3861 5577 creatus
3901 5534 3993 5578 est

2418 5615 2655 5669 Thomas
2708 5618 3014 5685 patriarcha
3063 5613 3723 5680 Constantinopolitanus,
3762 5615 3855 5680 qui
3891 5629 3987 5665 an-

2418 5719 2519 5759 nos
2562 5703 2749 5771 decens,
2789 5705 2929 5758 sedit
3000 5702 3105 5773 (vel
3150 5703 3306 5771 juxta
3349 5700 3495 5754 aliud
3538 5702 3859 5769 exemplar,
3908 5705 3987 5753 vi-

2420 5794 2596 5861 ginti),
2647 5794 2770 5850 dein
2815 5804 3062 5849 mortuus
3104 5804 3205 5849 cst.
3239 5795 3392 5848 Anno
3418 5792 3707 5849 chalil'atus
3736 5794 3982 5855 ciuslctn
