4210 6428
769 438 900 502 1119

1762 432 2127 493 EU'l‘YCllll
2178 428 2710 487 ALEXANDRINI
2756 427 2966 487 PATR.

3866 418 3999 482 1120

766 550 961 602 ibidem
997 548 1302 602 columnam
1329 564 1433 617 qua
1468 557 1810 600 mensuratur
1841 560 1994 613 aquae
2033 546 2130 597 Nili
2160 542 2327 612 Egy-
2362 543 2403 597 Α
2437 557 2687 611 magnum
2716 551 2885 597 totum
2917 543 3103 604 diruit,
3129 550 3289 609 atque
3319 537 3667 611 373-375
3693 537 3820 591 illud
3851 535 3997 603 quod

766 639 927 704 ptiari
948 640 1340 692 incrementum
1388 638 1625 691 Fuerunt
1648 638 1940 704 autemipsi
1970 639 2077 690 duo
2102 638 2332 691 cubicuu

768 727 887 779 larii
920 727 1219 781 Christiani
1258 728 1537 789 Melchitze,
1572 728 1767 794 quibus
1804 727 2111 794 petemibus
2140 736 2195 779 ul
2226 726 2328 780 sibi

765 821 1111 872 exstruemlae
1145 820 1388 873 ecclesiae
1423 820 1632 887 cepiam
1675 821 1898 879 faceret.
1939 818 2066 872 illud
2101 833 2328 871 conces-

765 911 855 960 s't.
891 908 1215 961 Strnxerunt
1242 926 1368 978 ergo
1407 913 1690 963 ecclesia'n
1714 910 1897 963 Sancti
1932 910 2179 973 Joannis,
2210 910 2331 962 liol-

767 998 937 1061 wani;
977 1015 1095 1067 quae
1133 1001 1361 1053 ecclesia
1397 1016 1557 1068 parva
1586 1009 1703 1063 est,
1736 1008 1898 1067 atque
1929 1000 2193 1066 appellata
2231 999 2331 1053 fuit

763 1090 991 1143 ecclesia
1037 1092 1272 1143 Duorum
1315 1092 1804 1146 Cubiculariorunt.
1838 1091 2041 1144 Statuit
2095 1091 2233 1143 idem
2270 1102 2328 1143 ut

762 1177 982 1249 Aigt'pti
1047 1182 1399 1252 369-371
1469 1182 1731 1235 tril-utum
1788 1182 2067 1253 [diversis]
2117 1182 2327 1237 vicibus

771 1275 1124 1341 penderetur,
1163 1277 1391 1338 singulis
1432 1265 1639 1327 scilicet
1672 1274 1863 1328 diebus
1896 1274 2123 1328 Veneris
2181 1289 2327 1343 pars,

766 1375 913 1418 metu
951 1382 1018 1419 ne
1053 1367 1139 1419 lite
1175 1368 1352 1435 aliqua
1391 1354 1859 1435 suboriente'regi
1912 1372 2157 1435 pecuniis
2193 1386 2330 1439 opus

770 1466 941 1517 esset;
982 1471 1152 1522 neque
1183 1458 1253 1509 ita
1290 1458 1465 1510 facere
1492 1457 1695 1508 destitit
1724 1457 1889 1511 donec
1928 1460 2327 1516 interlireretur

770 1547 1030 1599 Abdollah
1078 1548 1247 1601 Ebuol
1304 1548 1519 1611 Zobair,
1556 1559 1608 1603 et
1645 1551 1952 1605 absolutum
2003 1564 2147 1608 esset
2176 1556 2331 1608 Abdii

774 1638 979 1693 Maleco
1029 1640 1141 1692 Ebn
1196 1632 1793 1709 ilierwani'imperium.
1828 1642 2111 1699 Profectus
2152 1656 2331 1700 autem

770 1732 945 1785 Abdol
1015 1733 1141 1785 Aziz
1236 1732 1617 1786 Aiexandriam
1716 1751 1859 1789 anno
1936 1740 2334 1806 septuagesimo

772 1835 986 1887 quarto.
1014 1825 1162 1879 viros
1194 1826 1431 1895 regionis
1484 1827 1641 1881 istius
1688 1827 1980 1895 primarios
2034 1830 2333 1899 prehensos

771 1915 821 1966 iu
851 1916 1001 1970 vicos
1035 1923 1089 1969 et
1126 1916 1281 1970 villas
1335 1917 1645 1983 distribuit;
1709 1904 2001 1990 unicuique
2034 1922 2172 1976 vili-sa
2200 1963 2214 1984 ,
2252 1939 2337 1997 se:

771 2009 1007 2061 (‘Iiltdllln
1043 2010 1305 2065 rationem
1334 2010 1527 2064 mdium
1564 2026 1625 2064 ac
1651 2012 1948 2077 vinearum,
1983 2027 2045 2067 ac
2077 2030 2331 2082 generum

769 2098 1005 2168 frugum,
1051 2109 1253 2153 certam
1298 2102 1539 2169 pecunia:
1565 2118 1829 2158 summam
1859 2110 2162 2175 imponens.
2191 2108 2337 2162 Pone

770 2200 877 2245 tctn
912 2193 1073 2246 etiam
1103 2196 1369 2247 exstruxit
1397 2195 1488 2262 qui
1539 2211 1703 2264 supra
1745 2196 1921 2250 rivum
1976 2199 2165 2251 Amiril
2215 2200 2334 2252 illu-

770 2284 954 2338 tnenin
1007 2285 1375 2355 [imperatoris
1412 2288 1665 2360 fidelium]
1708 2292 2063 2343 extenditur.
2108 2291 2335 2358 Fuitque

768 2374 845 2427 illi
887 2376 941 2427 in
973 2378 1152 2430 animo
1188 2388 1348 2441 ponte
1384 2382 1473 2447 qui
1514 2379 1758 2434 Phustati
1793 2389 1875 2433 est
1922 2383 2096 2457 inutili
2122 2383 2213 2435 red
2241 2384 2333 2434 lito

768 2467 920 2520 ilium
990 2467 1233 2521 Iiolwani
1283 2470 1462 2538 figere.
1516 2470 1710 2526 Portus
1765 2474 1927 2526 etiam
1975 2474 2217 2543 abolitos,
2269 2491 2333 2527 eo

768 2560 1084 2623 transferre,
1120 2577 1219 2615 nec
1246 2579 1347 2615 non
1369 2563 1482 2616 fora
1510 2572 1560 2616 et
1590 2574 1935 2629 mercatores,
1963 2582 2069 2633 quo
2107 2564 2337 2619 Plittsta-

767 2659 878 2701 tum
928 2649 1080 2703 nihili
1123 2652 1411 2716 redderet;
1466 2654 1612 2720 quod
1670 2640 2164 2723 tamen:perlicere
2226 2671 2331 2709 non

767 2746 965 2808 potuit.
1002 2740 1191 2795 Scriba
1234 2744 1334 2811 ipsi
1392 2737 1791 2814 fuit‘Jacobita
1842 2745 2061 2813 quidam
2115 2749 2334 2801 nomine

765 2834 1120 2898 Athanasius,
1165 2837 1254 2889 cui
1307 2838 1515 2905 roganti
1569 2846 1626 2890 ut
1675 2838 1848 2904 ipsuut
1898 2840 2185 2892 ecclesiam
2243 2855 2335 2893 ex-

767 2933 978 2979 struere
1012 2926 1063 2978 in
1092 2926 1265 2980 Kasril
1304 2926 1535 2981 Sliamaa
1567 2928 1717 2999 [arce
1742 2919 2005 2999 candebe]
2048 2933 2327 2998 permitte-

765 3027 868 3077 tet.
894 3021 1123 3072 annuit.3
1148 3020 1425 3073 Exstruxit
1445 3036 1571 3087 ergo
1589 3022 1867 3075 ecclesiam
1893 3021 2077 3076 Sancti
2095 3021 2334 3092 Georgii,

766 3124 865 3161 ree
898 3124 1002 3160 non
1037 3110 1321 3163 ecclesiam
1356 3110 1579 3163 Ahukiri
1637 3126 1757 3176 qua:
1806 3106 1943 3163 intra
1999 3124 2332 3179 arceurest,

2430 637 2541 704 jam
2578 637 2648 691 ibi
2683 644 2760 690 est
2793 637 3065 690 exstruin
3099 641 3193 687 aut
3222 636 3476 697 ornavit;
3510 632 4000 695 columnarumque

2433 742 2552 791 qure
2580 727 2632 780 in
2661 742 2921 780 consessu
2951 726 3099 779 Κειῑεὶ
3128 733 3255 779 sunt
3287 725 3460 793 capita
3491 723 3789 776 deauravit:
3825 734 4001 786 neque

2433 829 2516 872 est
2548 820 2600 872 in
2641 821 2843 884 templo
2874 820 3125 871 columna
3164 819 3341 881 aliqua
3381 817 3557 883 capite
3590 815 3851 866 deaurato
3892 811 3995 863 nisi

2434 913 2486 965 in
2522 912 2640 969 loco
2675 915 2799 964 isto.
2831 910 3129 964 Transtulit
3164 909 3322 961 etiam
3359 915 3673 973 suggestum
3706 905 3831 955 dum
3863 913 3999 954 tem-

2408 1003 2578 1071 ,plum
2612 1004 2871 1064 diruerct.
2904 1004 2957 1056 in
2987 1003 3188 1073 [locum
3215 998 3442 1069 dictum]
3478 997 3798 1052 Kaisariatol
3831 996 3998 1052 ‘Asal.

2436 1094 2615 1161 ibique
2635 1095 2865 1147 orabant
2898 1094 3165 1156 homines,
3191 1093 3373 1159 ibique
3401 1090 3593 1143 diebus
3618 1087 3843 1141 Veneris
3868 1104 4002 1137 t-ntt-

2433 1187 2718 1239 veniebant
2742 1223 2755 1243 .
2791 1184 2967 1237 donec
3000 1185 3257 1237 fabricam
3297 1198 3449 1236 suam
3484 1182 3797 1247 perfecisset
3834 1198 3847 1232 :
3881 1196 3965 1232 tt‘u
3989 1210 4000 1219 -

2436 1289 2526 1331 net
2568 1286 2743 1329 autem
2781 1278 2995 1331 testudo
3029 1279 3079 1329 in
3111 1276 3358 1330 K‘iisaria
3384 1277 3435 1329 in
3467 1278 3611 1329 hunc
3632 1290 3807 1342 usque
3833 1275 3999 1327 diem.

2435 1369 2618 1423 Voluit
2653 1373 2813 1423 etiam
2844 1369 3023 1422 Walid
3051 1377 3137 1421 te-i
3168 1370 3311 1439 plum
3340 1368 3482 1433 quod
3524 1368 3765 1422 Damasci
3800 1378 3877 1419 est
3914 1384 4003 1419 ev-

2435 1471 2683 1523 struerc;
2722 1460 3048 1515 Christianis
3070 1476 3196 1527 ergo
3223 1461 3503 1515 accersitis
3538 1460 3671 1513 dixit
3702 1461 3791 1512 :in
3822 1460 4005 1511 animo

2435 1552 2594 1603 nobis
2628 1561 2710 1604 est
2746 1551 2943 1619 templo
2997 1559 3189 1606 nostro
3239 1552 3437 1604 addere
3486 1550 3773 1604 ecclesiam
3829 1550 4002 1605 hanc.

2412 1636 2619 1730 ’Sancﬁ
2656 1638 2886 1695 Joannis
2935 1640 3140 1695 scilicet
3176 1639 3312 1707 (erat
3347 1650 3524 1693 autem
3562 1639 3790 1691 ecclesia
3843 1636 3999 1689 valde

2435 1734 2678 1801 pulchra,
2708 1735 2793 1789 cui
2825 1736 2877 1788 in
2912 1744 3024 1790 tota
3049 1735 3253 1789 ditione
3280 1734 3612 1787 Damascena
3641 1748 3737 1801 par
3769 1732 3870 1784 alia
3901 1746 4004 1781 non

2439 1828 2584 1888 initi.
2617 1827 2771 1881 vobis
2826 1835 3005 1881 autem
3057 1828 3340 1895 pecuniam
3390 1826 3643 1879 dabimus
3692 1838 3797 1892 qua
3843 1822 4007 1873 etiam

2440 1918 2540 1986 ipsi
2576 1916 2805 1971 similem
2842 1917 3152 1986 ubicunque
3183 1918 3363 1971 velitis
3393 1915 3661 1969 mdilirare
3713 1914 3941 1982 poesitis
3991 1928 4006 1964 :

2438 1999 2549 2068 vel,
2581 2008 2624 2061 si
2666 2008 2866 2072 velitis,
2902 2007 3133 2077 pretium
3191 2007 3312 2076 eius
3359 2006 3513 2059 vobis
3548 2004 3957 2059 numerabimus
3991 2023 4002 2051 έ

2434 2098 2737 2167 ohtuiitque
2767 2099 2899 2168 ipsis
2926 2097 3254 2167 quadragies
3285 2098 3429 2150 mille
3458 2113 3675 2151 aureos.
3713 2094 3793 2148 illi
3825 2106 4009 2148 autem

2438 2190 2740 2244 abnuentes
2807 2190 3066 2245 dixerunt
3096 2210 3108 2245 :
3140 2190 3307 2245 Nobis
3343 2198 3559 2259 pactum
3606 2198 3725 2253 est;
3770 2202 3835 2243 ac
3867 2190 4010 2241 Cliti-

2438 2281 2543 2334 lcdi
2585 2282 2699 2335 Ebn
2727 2282 2925 2337 Walidi
2978 2283 3214 2336 libellum
3267 2284 3320 2336 in
3370 2283 3604 2337 medium
3642 2282 4008 2350 protulerunt.

2438 2374 2798 2439 Quamobrem
2820 2375 2990 2429 iratus
3009 2376 3188 2429 Walid
3212 2376 3326 2443 ipse
3352 2389 3579 2442 surgens
3602 2375 3805 2426 trabem
3848 2388 4011 2425 manu

2440 2483 2536 2522 sua
2570 2470 2810 2531 rescidit.
2866 2483 2964 2523 nec
3009 2484 3117 2522 non
3172 2469 3391 2521 laterem
3424 2505 3439 2528 ,
3475 2469 3692 2533 unaque
3724 2481 3847 2517 cum
3896 2464 4015 2531 ipso

2439 2556 2729 2630 [ecclesiie]
2793 2561 3073 2615 diruenda?
3135 2574 3354 2625 operam
3411 2558 3677 2612 dederunt
3709 2572 3723 2607 :
3759 2556 3945 2623 itaque
3986 2570 4012 2605 a

2387 2662 2590 2719 sparto
2623 2652 2876 2706 orientali
2934 2653 3193 2721 templum
3247 2661 3301 2707 et
3355 2652 3576 2722 adytum
3628 2660 3798 2703 totum
3858 2653 4013 2703 ausit

2439 2741 2634 2814 [parte]
2672 2744 2914 2799 ecclesia:
2964 2745 3204 2813 ipsormn
3238 2784 3252 2806 ,
3288 2760 3352 2799 eo
3386 2760 3494 2813 quo
3531 2759 3587 2797 se
3627 2743 3790 2797 habet
3828 2744 4013 2794 modo.

2438 2838 2598 2887 Auno
2633 2836 2925 2891 chalifatus
2954 2838 3126 2905 ipsius
3160 2839 3319 2890 tertio
3348 2836 3684 2890 constitutus
3713 2847 3797 2888 est
3834 2834 4015 2885 Then-

2440 2909 2967 2995 dnrus'patriareha
3011 2928 3582 2997 iiierosolymitanus;
3635 2941 3807 2979 annos
3852 2926 4018 2993 37s

2442 3020 2667 3085 triginta
2701 3018 2941 3086 quinque
2978 3018 3138 3082 sedit,
3173 3018 3295 3072 dein
3333 3032 3578 3071 mortuus
3609 3026 3710 3069 est.
3761 3016 3839 3070 Eo
3877 3027 4016 3067 tem-

2444 3125 2574 3179 pore
2609 3110 2895 3178 imperavit
2928 3109 3191 3165 Romanis
3223 3109 3588 3167 Justinianus,
3623 3108 3713 3174 qui
3764 3124 3887 3160 cum
3920 3123 4017 3159 sex

762 3196 915 3263 juxta
952 3198 1186 3252 Ashabol
1243 3200 1434 3253 Rabiat
1467 3200 1581 3270 [al.,
1610 3201 1827 3271 [iebat].
1877 3202 2068 3255 Fertur
2111 3205 2340 3258 ecclesia
2371 3198 2426 3254 C'
2448 3215 2622 3256 annos
2657 3210 2958 3273 regnasset,
2992 3212 3237 3256 mortuus
3262 3212 3365 3256 est.
3398 3202 3654 3268 Obiitque
3689 3199 3866 3252 Μιῑά
3899 3200 4020 3253 Ebn

766 3287 1012 3352 Ahukiri,
1038 3289 1279 3357 reliquiis
1302 3278 1542 3344 coelesiae
1566 3292 1749 3345 δςιιιειὶ
1781 3292 1992 3361 Georgii
2035 3303 2333 3349 exstructa.

768 3379 912 3432 Obiit
947 3388 1126 3433 autem
1159 3395 1222 3433 eo
1254 3390 1493 3447 tempore
1525 3382 1692 3435 Abdol
1726 3383 1851 3436 Aziz
1885 3382 2153 3447 Phustati,
2174 3395 2337 3452 atque

771 3471 821 3523 in
851 3487 910 3525 ea
950 3472 1193 3539 sepultus
1227 3483 1308 3526 est
1334 3474 1419 3528 die
1456 3474 1592 3527 luna:
1627 3476 1831 3531 mensis
1872 3477 2103 3530 iamadm
2140 3477 2337 3545 prioris

768 3564 1117 3627 duodecimo,
1147 3565 1271 3617 anni
1308 3568 1622 3633 octogesimi
1662 3570 1820 3630 sexti,
1866 3583 2037 3621 ‘iltlms
2067 3579 2224 3624 natus
2251 3571 2329 3623 vi-

771 3654 901 3721 ginti
947 3656 1107 3708 duos.
1165 3654 1311 3707 Obiit
1367 3667 1545 3708 autem
1596 3657 1857 3710 Abdoilah
1910 3658 2023 3712 Elin
2070 3660 2329 3724 Met-wall,

772 3745 935 3813 372
971 3744 1177 3798 mensis
1209 3744 1443 3800 Shawali
1475 3748 1685 3801 decimo
1709 3790 1723 3813 ,
1757 3751 1883 3804 anni
1920 3751 2090 3806 lleira:
2122 3766 2337 3817 octoge-

769 3838 912 3889 simo
993 3848 1166 3899 sexto,
1201 3853 1372 3893 annos
1400 3848 1562 3893 natus
1592 3841 1869 3905 sexaginta
1906 3844 2064 3897 duos.
2104 3825 2334 3900 Chaiifa-

773 3937 859 3979 tus
891 3927 1063 3995 ipsius
1105 3943 1367 3981 annorum
1420 3927 1519 3981 fuit
1555 3931 1763 3999 viginti.
1801 3928 2175 3997 Fuscus'fuit,
2218 3946 2333 3991 sta-

772 4030 905 4072 turze
936 4020 1228 4087 quadratae,
1265 4020 1427 4073 barba
1478 4022 1943 4089 prolixa,'ventre
1981 4027 2331 4093 prominenti.

760 4111 1024 4179 «Sepultus
1051 4124 1126 4166 ρει
1153 4112 1419 4166 Damasci.
1445 4112 1745 4167 Saleliitum
1776 4116 1875 4183 ipsi
1908 4118 2195 4181 prz'echtus
2234 4120 2335 4176 fuit

768 4202 934 4255 Yazid
971 4202 1082 4254 Ebn
1133 4203 1231 4256 Abi
1282 4198 1442 4258 Jal‘sa:
1498 4204 1857 4260 Sacsacencis
1894 4224 1907 4259 ε
1941 4208 2065 4261 dein
2110 4188 2336 4266 multum

768 4293 883 4346 Ebn
923 4294 1084 4346 Yazid
1139 4294 1514 4351 iiacemeneis.
1565 4295 1797 4363 Janitor,
1851 4299 1989 4353 Abul
2038 4299 2336 4377 Bogairaga

760 4396 959 4442 servus
992 4398 1182 4447 tpstus.

976 4474 1274 4541 Cltalifatus
1303 4476 1365 4529 Al
1390 4476 1570 4529 Walid
1606 4478 1716 4531 Elm
1760 4479 1911 4533 Abdil
1938 4482 2115 4537 illa/ec.

2442 3293 2600 3367 Adulil
2644 3292 2815 3347 Maleo
2856 3309 3043 3347 mense
3072 3294 3288 3347 lomada
3343 3295 3631 3362 posteriori
3678 3293 3805 3345 anni
3846 3308 4022 3343 nona-

2449 3384 2637 3449 gesimi
2677 3384 2815 3439 sexti
2855 3382 3052 3444 iieirm.
3095 3400 3266 3440 annos
3299 3394 3460 3439 natus
3492 3383 3845 3453 quadraginta
3881 3391 4020 3435 tres.

2441 3475 2699 3547 Corporis
2732 3474 2992 3545 [statura]
3028 3475 3265 3543 perfecta
3307 3475 3431 3539 fuit,
3465 3475 3631 3528 barba
3672 3475 3887 3542 grandi.
3926 3476 4020 3526 cui

2438 3567 2569 3621 cani
2608 3566 2823 3620 admisti
2861 3575 3018 3621 erant
3053 3583 3065 3617 ε
3110 3568 3359 3636 sepultus
3402 3575 3487 3620 est
3523 3565 3794 3619 Damasci.
3843 3565 4021 3618 Satel-

2442 3659 2597 3711 litum
2635 3658 2735 3725 ipsi
2776 3640 3063 3727 prtefecftts
3096 3658 3199 3712 fuit
3234 3660 3378 3712 Caali
3413 3658 3528 3712 Ebn
3562 3657 3739 3711 iiazen
3773 3658 4022 3710 Abasca-

2444 3750 2542 3804 sis.
2575 3748 2806 3809 Janitor.
2843 3750 2981 3803 Saad
3024 3751 3253 3803 libertus
3292 3751 3485 3817 ipsius.

2628 3839 2927 3905 Cluilifatus
2956 3839 3220 3892 Solimani
3261 3838 3370 3892 lilm
3404 3838 3557 3892 ΛΜΗ
3590 3838 3815 3891 ΜηΙιυιτΙι.

2513 3932 2870 4001 inauguratus
2933 3931 3191 3985 Soliman‘
3232 3931 3343 3986 Ebn
3412 3930 3570 3983 Abdil
3636 3929 3841 3983 Malech
3905 3932 4021 3984 Ειιτι

2440 4015 2837 4083 Mervvan,'c‘ui
2888 4032 3062 4075 mater
3097 4021 3361 4075 Waladah
3412 4022 3517 4073 ﬁlia
3572 4022 3633 4073 Al
3690 4022 3851 4073 Abasi
3904 4022 4020 4073 i-Ibn

2440 4094 2627 4169 liahrze
2683 4115 3213 4169 Abaseusis-mense
3252 4098 3473 4166 lomada
3527 4113 3830 4180 posteriore
3880 4116 4009 4165 anni

2440 4204 2627 4275 ileirte,
2669 4207 3006 4276 nonagesimi
3042 4207 3202 4260 sexti.
3240 4206 3473 4273 Fuitquc
3510 4205 3799 4273 imperium
3841 4206 4019 4274 ipsius

2434 4282 2974 4353 annorunrdirorum
3008 4308 3062 4351 et
3107 4313 3199 4352 sex
3258 4298 3547 4351 mensium.
3601 4296 3729 4366 Ejus
3777 4304 4022 4363 tempore

2441 4390 2541 4445 fuit
2594 4390 2876 4458 Philippus
2926 4390 3217 4458 imperator
3252 4387 3642 4451 Romanorum,
3672 4390 3765 4457 qui
3839 4389 4021 4441 Maro-

2442 4484 2555 4536 nita
2597 4482 2721 4536 fuit.
2775 4482 2960 4534 Annos
3001 4480 3141 4533 duos
3174 4496 3294 4534 cum
3331 4480 3558 4533 dimidio
3614 4480 3922 4548 imperavit.
3964 4482 4019 4533 In

839 4563 1171 4619 Juramentis
1195 4566 1269 4619 illi
1305 4569 1557 4634 priestitis
1588 4569 1942 4639 inauguratus
1969 4583 2051 4627 est
2077 4576 2137 4627 Al
2164 4576 2337 4631 Walid
2374 4563 2415 4616 D
2446 4574 2683 4645 Aigypm
2714 4574 2985 4649 vectigali,
3031 4574 3247 4627 nomine
3277 4571 3533 4625 Solimani
3568 4570 3678 4624 Elin
3715 4554 3875 4626 Abdil
3912 4571 4020 4625 Ma-

762 4655 883 4713 Ebn
920 4656 1076 4708 Abdii
1114 4656 1279 4710 Maleo
1304 4657 1415 4711 Ebn
1447 4659 1714 4725 Merwan;
1746 4663 1831 4715 cui
1869 4673 2040 4717 mater
2072 4667 2173 4719 fuit
2207 4666 2339 4721 Wa-

766 4746 924 4801 iadab
955 4747 1275 4803 filiaAbbasi
1302 4751 1415 4805 Ebn
1449 4752 1661 4817 iiarbaa,
1693 4753 1807 4808 Ebn
1846 4754 2044 4810 liareth
2084 4759 2332 4825 Abasita,

768 4853 833 4893 eo
870 4846 1110 4907 tempore
1149 4856 1257 4909 quo
1288 4841 1525 4897 decessit
1554 4843 1784 4899 Abdolol
1835 4846 2002 4902 Maleo
2045 4847 2157 4903 Ebn
2196 4849 2335 4903 Mer-

766 4931 908 4983 wani
937 4947 951 4982 :
983 4931 1376 4998 imperavitque
1406 4949 1576 4988 annos
1623 4950 1819 4991 novem
1860 4945 1917 4991 et
1977 4954 2187 4995 menses
2238 4956 2337 4996 no-

768 5036 910 5074 vem.
942 5021 1157 5077 Mittens
1196 5022 1281 5078 hic
1328 5024 1696 5096 Hierosolyma
1730 5030 1986 5097 templum
2024 5031 2334 5105 Hierosoly-

768 5112 1034 5192 nutanum
1071 5116 1377 5181 exstruxit,
1414 5126 1575 5185 atque
1620 5134 1783 5188 opere
1829 5122 2038 5177 albario
2073 5128 2329 5192 ornavit,

771 5210 919 5268 petra
954 5202 1005 5255 in
1033 5204 1209 5257 medio
1244 5209 1426 5275 templi
1456 5209 1741 5274 collocata,
1768 5226 1929 5278 quam
1965 5215 2128 5267 etiam
2164 5216 2332 5269 aedifi-

768 5293 863 5346 cio
889 5295 1079 5361 cinxit,
1116 5298 1260 5367 quod
1310 5314 1579 5354 marmore
1610 5302 1966 5370 iucrustavit;
2002 5308 2132 5371 quin
2173 5316 2226 5361 et
2256 5318 2333 5361 te-

767 5384 1060 5451 studinem,
1096 5406 1215 5458 quze
1245 5390 1570 5448 Christianis
1620 5404 1738 5448 crat
1787 5395 1849 5467 in,
1891 5397 2119 5451 ecclesia
2167 5414 2329 5467 quam

768 5473 896 5527 Bnal
924 5475 1045 5531 Beci
1075 5479 1375 5535 habuerunt
1401 5492 1454 5536 et
1478 5498 1540 5537 ex
1571 5499 1675 5538 aere
1698 5466 1950 5547 conflata.
1978 5503 2042 5542 ac
2072 5466 2330 5544 deaurata

765 5576 905 5632 erat,
942 5569 1178 5624 dirutam
1214 5581 1375 5635 petra:
1406 5570 1854 5646 superimposuit;
1888 5579 1952 5631 ad
1997 5587 2201 5648 petram
2242 5598 2331 5650 pe-

770 5662 1158 5727 regrinationes
1187 5665 1251 5717 ab
1290 5666 1843 5724 liontinibus'institui
1887 5672 2073 5740 jussit.
2111 5673 2329 5728 Mittens

767 5755 927 5805 etiam
954 5755 1017 5806 ad
1044 5757 1272 5810 Korram
1302 5757 1413 5810 libn
1437 5758 1674 5823 Shcbali,
1700 5758 2049 5823 Abbasidam,
2073 5765 2161 5831 qui
2198 5774 2326 5817 tum:

773 5846 1029 5912 temporis
1058 5846 1228 5917 ipsius
1261 5847 1478 5905 nomine
1508 5848 1741 5921 xligypto
1772 5851 1983 5921 pra-fuit
2016 5893 2027 5920 ,
2068 5854 2323 5923 templum

2441 4667 2563 4725 Ieci.
2589 4666 2881 4735 praefectus
2913 4666 3012 4719 fuit
3054 4664 3287 4719 Asamah
3324 4662 3439 4717 Ebn
3474 4661 3602 4715 Zaid
3634 4661 4022 4719 Tannuchier.-

2440 4759 2540 4814 sis.
2578 4756 2674 4813 ilic
2706 4759 2771 4811 ad
2803 4757 3141 4810 Solimanum
3192 4741 3780 4818 scribensfccrtiorcm
3843 4757 4019 4823 ipsum

2441 4848 2571 4903 fecit
2615 4849 2925 4902 columnam
2957 4844 3337 4899 mensuranda:
3368 4860 3522 4912 aquae
3555 4860 3713 4913 quam
3766 4844 3925 4897 liolw
3947 4850 4015 4898 ειιὶ

2436 4949 2681 4995 erexerat
2706 4939 2897 4994 Abdol.
2939 4938 3065 4991 Azia
3093 4937 3205 5001 Ebn
3243 4936 3475 4990 Merwan
3509 4936 3640 4989 nulli
3676 4939 3802 4990 usui
3839 4939 4021 4992 inscr-

2436 5032 2570 5095 vire;
2599 5032 2663 5085 ad
2686 5047 2845 5098 quem
2862 5046 2990 5096 ergo
3006 5028 3488 5098 rescribensjussit
3510 5028 3686 5097 ipsum
3707 5029 4019 5081 ruhnnnam

2435 5106 2717 5176 exstruere
2756 5122 2809 5175 in
2844 5121 3019 5175 insula
3052 5135 3171 5189 qua
3199 5121 3338 5174 inter
3357 5120 3574 5173 fluvium
3601 5117 3813 5173 Fustati
3842 5132 3897 5173 et
3930 5122 4028 5173 fit:—

2434 5214 2580 5267 vium
2616 5215 2797 5266 Alliza:
2825 5214 3131 5280 interjacet.
3156 5212 3437 5266 Exstruxit
3458 5226 3587 5279 ergo
3617 5212 3855 5265 Asamah
3884 5230 4025 5264 anno

2436 5308 2791 5371 nonagesimo
2834 5307 3064 5377 septimo
3110 5294 3431 5367 columnam
3465 5321 3584 5373 qua:
3620 5306 3687 5357 ad
3737 5306 4023 5357 introitum

2432 5397 2789 5466 377'379
2814 5397 2913 5451 ῙῙΖῙ
2941 5411 3046 5457 CSI.
3077 5411 3181 5464 qua
3210 5395 3373 5450 hodie
3398 5397 3715 5456 metiuntur.
3760 5409 4019 5450 vocatur-

2431 5505 2535 5559 que
2566 5484 3120 5561 Alkadimlantiqua].
3146 5490 3301 5542 Anno
3322 5489 3609 5544 chalifatus
3629 5490 3892 5540 Solimani
3916 5499 4023 5541 ter-

2433 5582 2507 5633 tio
2532 5582 2857 5635 constitutus
2879 5590 2959 5635 est
2978 5582 3287 5651 Stephanus
3304 5580 3602 5646 patriarcha
3624 5580 4024 5633 Autiochenus-

2429 5673 2518 5737 qui
2558 5688 2732 5726 annos
2766 5673 2981 5743 triginta
3011 5684 3214 5743 septem
3262 5672 3425 5732 sedit,
3478 5672 3601 5725 dein
3644 5683 3897 5725 mortuus
3924 5680 4025 5725 est.

2429 5761 2572 5816 Obiit
2591 5775 2767 5816 autem
2790 5765 3030 5819 Solimon
3053 5766 3166 5819 Elin
3189 5764 3309 5817 Adii
3328 5763 3493 5817 Malcc
3517 5778 3697 5816 mense
3722 5762 3880 5816 Safar
3898 5762 4025 5817 anui

2430 5854 2600 5912 licita.-
2626 5857 2955 5925 mutangimi
2982 5859 3130 5913 noni.
3153 5873 3323 5914 annos
3343 5865 3500 5912 natus
3533 5855 3754 5924 triginta
3783 5869 3981 5912 novom
4010 5870 4023 5909 :
