4210 6428
227 412 355 477 1121

1642 408 2013 468 ANNALES.

3303 418 3435 481 1122

233 524 565 579 tssramento
590 515 1425 589 imperiumlegavitUmaro‘lShu
1455 517 1607 571 ΛΜΗ
1643 516 1791 572 Aziz.
1822 520 1865 581 Α
1898 515 1994 585 ipsi
2030 515 2079 570 iu
2112 517 2287 572 fronte
2319 516 2559 573 iicatrix.
2580 518 2843 576 'l‘t'ailvnte
2866 523 3156 595 exutiiplari
3189 531 3451 597 quoiam,

225 612 344 667 Fuit
376 611 623 682 pulcher,
654 608 885 679 pinguis,
913 609 1076 665 barba
1122 608 1297 677 nigra.
1330 606 1630 665 Satellitum
1657 623 1790 679 prte-

225 705 401 755 l’.-etiis
428 698 530 770 ipsi
558 698 658 753 luit
680 700 824 754 iisab
853 697 968 752 Elin
993 697 1221 768 Chaled,
1242 699 1555 764 Abasensis;
1578 698 1791 754 Janitor

224 796 343 847 Abu
369 792 608 857 Obadize,
632 794 856 849 libertus
897 792 1089 860 ipsius.

483 888 780 957 Chalifatus
810 886 992 941 Omari
1025 887 1140 941 Elin
1170 885 1343 939 Abilil‘
1382 886 1535 941 Aziz.

289 979 650 1045 Inauguratus
680 987 764 1033 est
797 975 962 1032 Omar
999 977 1113 1030 Ebn
1149 976 1302 1031 Abdil
1343 978 1470 1032 Aziz
1500 977 1615 1031 Ebn
1645 976 1786 1031 Mcr-

223 1087 366 1136 wau,
410 1073 521 1123 Elin
560 1069 780 1124 Ilacemi
809 1112 823 1134 ,
860 1072 945 1123 cui
986 1079 1155 1124 mater
1190 1070 1290 1123 fuit
1334 1070 1532 1123 Ommo
1582 1072 1783 1137 Ascmi,

224 1164 331 1216 lilia
364 1162 455 1214 Asi
490 1162 602 1214 Elin
631 1161 796 1215 Omar
819 1159 934 1214 Elin
959 1161 1204 1227 Chetabi,
1240 1175 1424 1214 mense
1467 1159 1622 1214 Safar
1655 1163 1783 1214 anni

224 1254 563 1325 nonagesimi
596 1253 744 1306 noui.
789 1251 886 1307 llic
931 1253 1068 1309 iacta
1104 1253 1320 1308 familia:
1351 1268 1463 1308 sua:
1504 1266 1786 1309 aversatus

222 1356 342 1405 est;
379 1354 541 1412 atque
579 1343 660 1396 Ali
693 1344 792 1396 Abi
824 1343 1009 1398 Talebi
1037 1344 1389 1399 maledicendi
1423 1347 1475 1398 in
1510 1346 1781 1415 suggestis

222 1433 742 1504 {consuetudinem}
810 1436 1050 1489 sustulit.
1110 1434 1388 1503 Siquidem
1445 1452 1476 1490 a
1528 1435 1782 1490 chalilatu

220 1525 460 1579 Moawire
498 1526 611 1578 Ebn
661 1526 763 1581 Abi
813 1526 1056 1596 Solyan,
1108 1542 1282 1596 usque
1334 1528 1398 1581 ad
1460 1526 1774 1581 chalil'atum

219 1611 403 1666 Omari
440 1612 552 1666 Ebn
585 1614 685 1667 Abi
722 1616 877 1667 Ahdil
923 1617 1051 1669 Aziz
1078 1657 1093 1680 ,
1124 1617 1371 1671 solebant
1415 1616 1622 1670 clialifze
1653 1615 1783 1671 Om-

220 1708 416 1757 maiilae
471 1706 551 1759 Ali
604 1705 718 1759 Elm
770 1706 956 1760 Talebi
1004 1708 1057 1759 iu
1113 1709 1383 1777 suggestis
1437 1709 1782 1772 maledicere,

217 1796 398 1863 ipsum
422 1796 534 1849 Aha
556 1795 739 1849 Torab
765 1795 995 1865 [patrem
1029 1797 1288 1869 pulveris]
1312 1802 1778 1869 coguominantes.

1895 611 2141 680 Sepultus
2189 621 2273 667 est
2319 612 2372 666 in
2429 613 2760 668 monasterio
2815 615 3086 675 Siutconis
3140 620 3193 675 iu
3250 619 3459 676 ditione

1897 698 2062 755 licius
2090 698 2382 771 [Emissae].
2422 700 2726 760 Satellltum
2775 704 2947 774 ipsius
3008 708 3296 778 praefectus
3355 710 3459 767 I'uit

1894 790 2164 844 ltawahus
2200 790 2311 845 Elin
2348 790 2538 857 Yazid,
2575 794 2942 852 Saccaseusis.
2971 795 3181 854 Janitor
3222 800 3456 857 l‘lobaish

1893 880 2121 935 libertus
2150 882 2343 952 ipsius.

2118 974 2418 1043 Clmlifama
2456 974 2643 1031 Yazidi
2680 978 2791 1032 Ebu
2825 982 2983 1036 Abdil
3017 982 3230 1041 Maieci.

1961 1060 2317 1134 inauguratus
2363 1076 2446 1121 est
2495 1064 2666 1123 Yazid
2718 1072 2832 1123 Ebu
2884 1073 3043 1127 Ahdil
3095 1075 3284 1129 Maleci
3340 1078 3455 1132 [ibit

1890 1149 2158 1217 Merwau,
2206 1156 2318 1210 Ebn
2361 1158 2695 1225 ol‘Hacemi,
2747 1162 2833 1215 cui
2877 1172 3049 1218 mater
3093 1169 3294 1221 Atecah
3345 1170 3456 1224 lilia

1892 1243 2072 1298 Yazidi
2116 1246 2230 1300 Ehn
2275 1246 2551 1314 Muawize;
2604 1258 2842 1319 quatuor
2891 1268 3064 1309 annos
3110 1266 3161 1310 ct
3210 1274 3452 1314 mensem

1889 1336 2195 1405 imperavit.
2256 1336 2469 1394 Pl'lllllls
2510 1341 2593 1394 hic
2626 1342 2948 1398 chalifarum
2998 1348 3231 1415 puellam
3265 1359 3456 1403 canta-

1888 1427 2075 1483 triccm
2108 1428 2210 1481 sibi
2245 1432 2566 1499 assumpsit.
2601 1431 2724 1487 Fuit
2758 1437 2846 1489 illa
2881 1438 3054 1503 puella
3092 1442 3310 1493 nomine
3348 1445 3455 1493 lla-

1890 1519 2065 1574 babah
2096 1520 2390 1576 admodum
2425 1525 2527 1592 ipsi
2559 1524 2745 1591 chara,
2775 1542 2896 1596 qua:
2929 1530 3212 1596 pra-fectus
3244 1534 3457 1602 injussu

1888 1610 2062 1681 ipsius
2103 1617 2498 1682 constitueret,
2536 1626 2590 1672 et
2626 1619 2746 1672 loco
2787 1631 3049 1674 moveret.
3095 1621 3239 1677 Obiit
3273 1641 3458 1681 mense

1878 1702 2559 1763 Schabanannicentesimi
2608 1710 2821 1777 quinti,
2863 1710 3029 1781 38a,
3073 1727 3246 1769 annos
3295 1731 3455 1771 natus

1889 1793 2103 1862 triginta
2138 1810 2344 1860 unum;
2380 1800 2459 1849 vel
2495 1797 2804 1852 secundum
2840 1801 2984 1853 aliud
3021 1803 3321 1870 exemplar,
3356 1806 3455 1857 tri-

217 1887 344 1941 Εηη
370 1888 654 1942 chanmus
688 1887 861 1957 ipsius
894 1891 1159 1945 mensium
1192 1892 1435 1960 ιι-ίείεηλο
1488 1891 1610 1945 Fui;
1644 1902 1778 1945 ιρηι.
1815 1873 1861 1931 Β
1889 1885 2035 1953 ginta
2083 1896 2329 1953 septem;
2389 1890 2636 1956 sepultus
2684 1900 2768 1944 est
2820 1889 3092 1946 Damasci.
3147 1894 3454 1950 Satellitum

215 1993 349 2045 pore
376 1978 546 2047 ipsius
574 1977 948 2034 Romanorurn
987 1982 1281 2051 imperator
1309 1985 1651 2049 Anastasius,
1688 1986 1777 2054 qui

210 2084 417 2121 annum
457 2084 580 2123 cum
620 2071 842 2128 dimidio
883 2073 1187 2143 imperavit.
1220 2074 1416 2129 Notum
1467 2087 1648 2130 autem
1688 2077 1772 2131 fe-

209 2170 406 2215 cerunt
434 2161 729 2217 Christiani
759 2162 956 2217 Omaro
985 2164 1098 2219 Ebn
1134 2166 1291 2220 Abdil
1319 2167 1468 2232 Aziz,
1502 2170 1629 2238 quid
1666 2170 1775 2224 illis

212 2258 374 2314 parto
389 2250 552 2318 380
582 2252 855 2305 ﬁrmatum
885 2254 1059 2308 fuerat
1080 2256 1222 2324 quod
1251 2256 1316 2310 ad
1344 2260 1602 2314 ecclesias
1650 2274 1779 2314 suas

217 2357 288 2392 ne
339 2341 420 2393 vel
473 2343 841 2408 diruerentur,
902 2347 984 2399 vel
1041 2347 1451 2415 habitarentur;
1514 2352 1775 2421 scriptum

207 2434 429 2487 Ciialedi
474 2435 586 2489 libn
612 2435 820 2491 Waledi
846 2439 1213 2507 proferentes.
1244 2442 1449 2498 Obtulit
1482 2460 1610 2513 ergo
1643 2445 1778 2512 ipsis

207 2529 377 2578 Umar
412 2526 769 2597 quadraginta
806 2544 1097 2585 aureorum
1132 2533 1320 2597 millia,
1353 2547 1553 2601 r0gans
1588 2544 1644 2587 ut
1685 2550 1779 2588 ac-

208 2626 373 2685 cepta
431 2619 659 2687 pecunia
690 2622 975 2676 ecclesiam
1008 2624 1383 2687 dimitterent,
1422 2635 1582 2694 atque
1618 2627 1777 2680 aliam

206 2728 236 2758 is
264 2722 330 2761 us
364 2708 479 2763 vice
507 2710 818 2773 ecclesiam,
868 2725 973 2779 qua
1022 2711 1218 2767 vellent
1279 2714 1523 2769 Damasci
1581 2728 1733 2785 parte
1761 2757 1775 2781 ,

208 2808 552 2852 exstruerem
586 2799 772 2870 :quod
825 2804 1205 2858 recusantibus
1239 2806 1393 2874 ipsis,
1440 2824 1503 2861 eo
1562 2809 1779 2862 devenit

212 2904 321 2951 res,
360 2898 418 2942 ut
450 2890 772 2945 redderetur
797 2893 929 2958 ipsis
959 2896 1189 2950 ecclesia
1219 2913 1316 2949 sua
1349 2912 1473 2951 cum
1510 2900 1776 2956 limitibus

210 2982 403 3049 ipsius,
443 2996 555 3051 quo
604 2998 722 3038 eam
768 2995 1163 3040 restaurarent.
1202 2987 1313 3042 Hoc
1359 2999 1536 3044 autem
1578 2991 1777 3045 Moste-

1883 1974 1985 2043 ipsi
2032 1976 2320 2044 pra-lectus
2369 1976 2465 2033 fuit
2508 1979 2655 2032 Caab
2688 1977 2803 2032 Ebn
2849 1980 3082 2045 Clialed,
3131 1983 3432 2041 Abasensis

1880 2062 2093 2118 Janitor
2121 2066 2320 2121 Chalcd
2350 2068 2586 2125 libertus
2613 2071 2808 2140 ipsius.

2078 2154 2381 2226 Clialifatus
2415 2158 2668 2213 Ileshamt'
2701 2162 2816 2216 Ebu
2851 2163 3013 2218 Abdil
3043 2164 3253 2221 Maliaci.

1956 2248 2320 2317 luauguratus
2361 2260 2447 2303 cst
2486 2249 2718 2305 Hesham
2757 2254 2870 2307 Ebu
2903 2257 3061 2311 Abdil
3104 2258 3303 2322 Malec,
3335 2258 3452 2314 Elin

1882 2337 2141 2401 Meiwan,
2166 2338 2359 2393 Ebnol‘
2380 2338 2620 2405 liaccmi,
2648 2343 2734 2397 cui
2765 2354 2938 2400 mater
2955 2346 3145 2403 Otnnio
3176 2346 3451 2415 llashemi,

1892 2432 2000 2484 lilia
2042 2429 2327 2494 llashemi,
2375 2432 2489 2487 Ebu
2523 2433 2752 2499 lsmael,
2791 2437 2908 2492 Ebn
2942 2441 3236 2504 Hashemi,
3282 2442 3452 2498 Ebuol

1900 2524 2108 2578 Waledi
2131 2562 2146 2589 ,
2184 2524 2352 2580 Ebuol
2385 2525 2634 2598 Magaira:
2655 2568 2670 2590 .
2702 2528 3161 2589 Machzumensis.
3194 2534 3317 2589 Fuit
3350 2537 3454 2590 im.

1890 2617 2101 2683 perium
2152 2616 2325 2683 ipsius
2380 2633 2651 2674 annorqu
2706 2626 3080 2679 novemdecim
3137 2638 3191 2683 et
3248 2639 3450 2699 septem

1883 2706 2178 2760 mensium.
2240 2706 2375 2778 Ejus
2428 2719 2668 2780 tempore
2725 2710 3094 2771 Romanorum
3151 2720 3452 2791 imperator

1884 2794 1990 2847 fuit
2019 2794 2382 2861 Theodosius,
2413 2800 2507 2869 qui
2538 2815 2663 2853 cum
2696 2816 2900 2857 annum
2936 2816 2989 2860 et
3024 2809 3309 2863 dimidium
3346 2811 3449 2863 im-

1883 2898 2150 2956 perasset,
2183 2900 2433 2944 mortuus
2472 2901 2589 2956 est;
2634 2892 2935 2963 imperante
2978 2911 3097 2968 post
3127 2900 3301 2970 ipsum
3344 2901 3447 2956 Ro-

1881 2982 2059 3035 manis
2087 2982 2264 3036 Leone
2292 2997 2464 3036 anuos
2497 2985 2682 3053 viginti
2710 2997 2964 3057 quatuor,
2989 3001 3111 3060 post
3136 3009 3271 3059 quos
3302 3009 3441 3047 tuor-

207 3072 329 3124 miis
362 3088 523 3139 grave
556 3074 727 3126 visum
762 3084 865 3136 est,
892 3075 1263 3145 dixeruntque
1312 3095 1326 3132 :
1368 3079 1589 3133 'l'raditu
1618 3102 1645 3133 ll
1683 3093 1765 3136 est
1800 3116 1841 3172 ο

1800 3116 1841 3172 C
1878 3081 2005 3127 tuus
2044 3084 2150 3127 est.
2186 3075 2344 3128 Auno
2375 3078 2534 3130 tertio
2565 3079 2857 3133 chalifatus
2888 3080 3143 3137 lleshatni
3176 3087 3446 3140 constitu-

210 3162 315 3214 iiiis
346 3163 607 3231 templum
644 3174 910 3225 nosti-tun,
952 3167 1003 3217 in
1036 3182 1144 3234 quo
1180 3171 1245 3221 ad
1282 3185 1468 3236 preces
1507 3186 1777 3225 convoca-

206 3253 403 3314 viuius,
432 3261 593 3321 atque
628 3269 906 3309 oravunus
938 3297 953 3319 ,
988 3273 1285 3325 plecesipie
1328 3259 1433 3313 Deo
1481 3264 1580 3315 tite
1629 3264 1774 3315 l'uili-

204 3356 351 3403 Inus,
392 3352 448 3395 nt
479 3346 747 3408 tliruatur,
786 3358 1231 3418 restaurelurqttc
1285 3355 1536 3408 ecclesia.
1604 3356 1774 3421 Quiu-

200 3444 366 3484 etiam
396 3432 535 3485 dixit
560 3436 673 3488 Abu
706 3438 859 3491 Ediis
886 3438 1274 3497 liolwattcnsis:
1302 3444 1435 3498 Cum
1459 3447 1779 3504 Christiairs

201 3523 452 3589 equidem
491 3525 670 3581 foedus
704 3530 892 3581 iuituni
924 3535 1174 3601 estquod
1209 3537 1275 3588 ad
1308 3537 1593 3591 dimidium
1630 3542 1777 3595 urbis

206 3612 569 3677 lianiasceme,
599 3626 671 3679 et,
703 3634 822 3686 quae
858 3623 910 3673 in
962 3622 1080 3691 ipso
1132 3633 1259 3677 sunt
1307 3626 1433 3690 illis,
1467 3629 1725 3685 ecclesias
1758 3647 1772 3684 :

207 3703 352 3772 quod
383 3706 448 3756 ad
480 3708 704 3758 alteram
731 3724 862 3762 vero
893 3710 1011 3779 ejus
1036 3720 1265 3780 partem,
1292 3714 1466 3783 gladio
1492 3726 1645 3787 capta
1669 3728 1776 3787 est;

199 3793 498 3861 eodemque
530 3798 691 3849 modo
724 3802 864 3865 quod
899 3801 1043 3854 circa
1082 3801 1404 3858 Damascum
1452 3816 1533 3861 est
1567 3824 1595 3862 e
1628 3810 1769 3864 valle

200 3882 439 3945 tiuutah,
474 3900 701 3953 quaeque
732 3887 785 3941 iu
816 3905 877 3943 ca
907 3900 1032 3944 sunt
1065 3896 1389 3948 monasteria
1411 3906 1463 3951 et
1494 3899 1772 3969 ecclesias;

198 3988 319 4041 qua:
350 3989 479 4044 ergo
522 3978 703 4032 omnia
761 3978 1174 4037 Moscminormn
1222 3996 1369 4049 sunt.
1421 4004 1543 4042 cum
1595 3990 1773 4059 gladio

202 4071 362 4131 Capta
397 4065 506 4118 sint
538 4081 552 4117 :
583 4067 626 4119 si
662 4083 791 4137 ergo
821 4071 989 4124 velint
1021 4073 1314 4130 Christiani
1347 4087 1404 4131 ut
1432 4078 1565 4147 ipsis
1595 4084 1765 4136 eccle-

199 4154 333 4204 siam
388 4153 531 4209 liauc
592 4172 746 4210 suum
799 4159 1107 4225 reddamus,
1158 4165 1446 4221 reddemus
1495 4172 1662 4235 ipsam
1702 4188 1766 4227 ea

200 4242 520 4297 conditione
558 4256 613 4299 ut
652 4247 919 4303 ecclesias
964 4253 1203 4321 reliquas
1241 4255 1292 4309 in
1345 4258 1571 4313 dimidia
1616 4262 1770 4315 urbis

202 4331 549 4388 Damascenze
581 4346 757 4403 parte,
791 4354 887 4392 uec
919 4355 1025 4394 non
1051 4343 1313 4399 ecclesias
1343 4356 1398 4400 et
1443 4351 1767 4404 monasteria

1886 3175 1973 3220 tus
2005 3177 2088 3220 est
2116 3166 2507 3223 Constantinus
2538 3172 2841 3239 patriarcha
2874 3173 3440 3246 Constantinopolita-

1884 3275 2017 3323 nus,
2062 3261 2153 3328 qui
2198 3275 2372 3315 annos
2406 3263 2594 3331 viginti
2646 3274 2770 3318 octo
2812 3267 2982 3330 sedit,
3026 3268 3151 3323 dein
3200 3282 3445 3328 mortuus

1882 3362 1987 3406 est.
2022 3354 2179 3406 Anno
2207 3352 2501 3409 chalil‘atus
2536 3356 2781 3425 ejusdem
2814 3360 3070 3427 septimo,
3106 3363 3439 3420 constitutus

1881 3454 1963 3495 est
2013 3441 2214 3496 Kozma
2269 3445 2579 3512 patriarcha
2632 3448 3072 3516 Alexandrinus,
3122 3453 3216 3522 qui
3267 3469 3441 3509 annos

1882 3535 2071 3602 viginti
2114 3544 2238 3587 octo
2273 3536 2435 3588 sedit.
2470 3537 2706 3592 Orabam
2752 3551 2932 3593 autem
2976 3542 3276 3598 Christiani
3309 3546 3443 3600 Mel-

1880 3625 2038 3677 cliitze
2092 3626 2429 3681 Alexandria:
2476 3630 2528 3681 in
2579 3632 2809 3684 ecclesia
2856 3633 3044 3687 Sancti
3086 3634 3272 3701 Sabae,
3316 3653 3443 3692 cum

1878 3713 2138 3770 Jaeohitze
2164 3716 2273 3783 jam
2306 3732 2496 3774 omnes
2525 3720 2790 3776 ecclesias
2816 3733 3173 3793 occupassent
3200 3742 3213 3780 :
3242 3725 3440 3782 Kozma

1879 3818 2056 3860 autem
2092 3808 2182 3877 qui
2219 3810 2528 3878 patriarcha
2568 3815 2902 3870 constitutus
2966 3826 3070 3880 est,
3124 3819 3286 3873 idiota
3319 3820 3439 3886 luit,

1875 3900 1964 3968 qui
2023 3915 2122 3955 nec
2181 3901 2354 3971 legere
2405 3913 2589 3971 posset
2639 3920 2739 3960 nec
2784 3908 3024 3963 scribere
3079 3926 3201 3966 cum
3237 3928 3327 3969 ars
3364 3914 3439 3970 illi

1874 3999 2021 4046 esset
2070 4005 2201 4046 acus
2259 3994 2550 4048 coniicere.
2616 3992 2753 4051 Iluic
2809 4014 2929 4051 cum
2999 3999 3316 4057 Damascum
3374 4005 3438 4059 ad

1876 4079 2200 4135 lleshauium
2230 4083 2391 4154 385
2436 4085 2598 4155 387
2626 4086 2740 4141 Elin
2772 4090 2929 4143 Abtlil
2963 4089 3133 4147 Malec
3165 4096 3440 4162 proiectus

1874 4180 2055 4237 esset,
2088 4190 2363 4230 concessa:
2392 4190 2518 4230 sunt
2552 4195 2653 4246 ope
2683 4180 3021 4236 eruditorum
3058 4190 3439 4254 quorumdam,

1872 4265 2119 4321 ecclesiae
2147 4282 2286 4336 quas
2319 4279 2722 4337 occupaverant
2764 4272 3065 4330 Jacobitaa:
3111 4276 3441 4347 scripsitque

1872 4352 2182 4410 Iieshamus
2230 4357 2297 4411 ad
2346 4358 2657 4427 praelectum
2709 4360 2930 4433 Egypti
2962 4380 3161 4430 suum.
3212 4371 3306 4437 qui
3341 4369 3440 4425 fuit

196 4439 317 4491 quae
347 4436 497 4478 extra
532 4427 716 4480 urbem
749 4429 802 4481 in
836 4429 1046 4485 Goutah
1080 4442 1227 4498 sunt,
1256 4436 1537 4492 diruamus
1568 4455 1581 4491 :
1616 4442 1761 4507 quod
1798 4443 1843 4502 D
1869 4446 2133 4501 Abdollah
2163 4448 2335 4501 Ebuol
2372 4448 2531 4518 ltjani
2565 4427 2899 4519 Sacwen's‘is,
2934 4465 2993 4509 ut
3025 4427 3290 4515 ecclesias
3317 4476 3440 4529 quin

196 4516 238 4566 si
288 4516 427 4568 hanc
459 4516 616 4570 nobis
650 4519 935 4574 ecclesiam
980 4524 1360 4590 permiserint,
1423 4527 1525 4581 ista
1581 4531 1760 4585 Omnia

196 4607 303 4658 illis
327 4607 711 4673 concedemus,
730 4611 996 4678 siquidem
1023 4616 1282 4669 ecclesias
1304 4616 1455 4670 vallis
1475 4617 1681 4673 Goutah
1707 4631 1762 4676 et

195 4696 589 4749 monasterium
621 4698 811 4751 Morari
840 4702 1193 4767 possederant
1222 4703 1543 4772 Moslemiui,
1571 4708 1761 4777 381-

193 4784 355 4852 383
383 4800 552 4853 eaque
588 4787 945 4843 incoluerant.
975 4791 1275 4849 Metuentes
1306 4811 1434 4866 ergo
1464 4797 1761 4855 Christiani

195 4892 260 4927 ne
292 4878 644 4931 diruerentur
678 4881 918 4937 ecclesiae
965 4891 1018 4938 et
1064 4891 1393 4943 monasteria
1420 4931 1435 4953 ,
1475 4894 1764 4948 ecclesiam

193 4968 300 5020 iilis
334 4970 704 5036 reliquerunt.
747 4972 1087 5045 Scripsilque
1119 4980 1252 5047 ipsis
1299 4980 1463 5037 Otuar
1494 4986 1769 5053 diploma,

192 5073 417 5112 securos
447 5059 559 5114 iure
595 5063 739 5131 ipsos
775 5066 919 5135 quod
948 5068 1013 5121 ad
1044 5070 1304 5127 ecclesias
1334 5088 1458 5130 sitas
1482 5092 1599 5144 quae
1624 5077 1760 5131 intra

192 5151 514 5206 Damascum
541 5165 742 5222 essent,
776 5175 880 5216 nec
911 5177 1015 5217 non
1051 5166 1311 5221 ecclesias
1344 5174 1397 5220 et
1428 5171 1754 5225 monasteria

189 5259 312 5310 qtne
351 5255 502 5298 extra
542 5247 864 5305 Damascum
903 5254 955 5307 in
990 5255 1197 5309 Goutah
1223 5299 1237 5321 ,
1292 5274 1359 5313 nc
1408 5259 1761 5316 diruerentur

192 5334 272 5385 vel
322 5334 713 5399 habitarentur.
761 5356 894 5396 neve
926 5344 1366 5402 Moslemiuorum
1418 5353 1650 5422 cuipiam
1710 5358 1759 5409 in

189 5424 308 5491 ipsa
344 5434 580 5494 potestas
608 5442 755 5485 esset
787 5450 799 5485 :
840 5433 1090 5503 idemque
1127 5439 1385 5495 adhibitis
1414 5444 1644 5498 testibus
1688 5444 1756 5500 iis

188 5516 553 5573 conﬁrmavit.
606 5518 775 5577 Porro
827 5537 1072 5581 mortuus
1118 5538 1202 5584 est
1254 5530 1418 5586 Omar
1453 5533 1563 5589 Ebn
1597 5538 1754 5591 Abdil

188 5607 317 5659 Aziz
353 5624 538 5665 mense
567 5610 737 5682 Rajeb
763 5619 887 5672 anni
920 5618 1092 5675 lleirze
1124 5627 1403 5681 ceutesimi
1438 5628 1616 5695 primi,
1653 5646 1753 5683 nn-

190 5714 293 5752 nos
329 5710 491 5756 natus
519 5706 742 5776 triginta
773 5726 985 5766 novem.
1034 5714 1255 5770 Statura
1306 5722 1570 5787 quadrata
1607 5722 1706 5775 fuit
1734 5764 1750 5787 ,

187 5803 416 5858 corpore
438 5804 489 5851 et
513 5794 649 5854 facie
681 5801 943 5871 pulchris,
976 5809 1179 5864 canitie
1224 5823 1501 5875 aspersus,
1553 5811 1763 5880 fuitque

1873 4537 1926 4591 in
1972 4553 2136 4591 manu
2178 4537 2550 4595 Jacobitarum
2585 4553 2744 4598 erant
2792 4549 3049 4614 repetitas
3091 4549 3309 4607 Kozma:
3350 4570 3439 4622 pa-

1874 4632 2123 4686 triarchae
2168 4633 2438 4695 traderet,
2484 4643 2538 4687 et
2584 4637 2949 4707 quodcunque
2995 4655 3178 4695 earum
3219 4647 3435 4700 nomine

1870 4724 2440 4789 comprehenderetur.
2469 4725 2692 4793 Accepit
2726 4742 2852 4797 ergo
2882 4728 3085 4784 Kozma
3126 4734 3437 4801 patriarcha

1872 4828 1900 4866 a
1934 4810 2194 4866 Jacobitis
2227 4815 2540 4879 ecclesias,
2574 4826 2736 4886 atque
2771 4817 2937 4889 [inter
2973 4823 3221 4894 caeteras]
3264 4828 3436 4881 eccle-

1871 4905 2007 4959 siam
2040 4906 2102 4958 Al
2131 4907 2418 4960 KaiSarite.
2452 4907 2729 4976 Siquidem
2754 4925 2818 4963 ex
2852 4927 2960 4981 quo
2992 4922 3235 4983 tempore
3270 4917 3436 4972 Geor-

1871 4998 1992 5064 gius
2025 4997 2325 5065 patriarcha
2359 4998 2685 5053 Alexandria
2718 5000 3243 5074 Constantinoriolim
3276 5008 3435 5079 fugit,

1871 5100 2012 5138 anno
2041 5087 2200 5139 tertio
2230 5087 2524 5143 clialil'atus
2554 5088 2738 5143 Omari
2772 5090 2943 5147 Ebuol
2972 5095 3220 5155 Clielabi.
3259 5099 3433 5155 donec

1869 5178 2292 5232 constitueretur
2319 5178 2521 5233 Kozma
2559 5181 2897 5237 Alexandria:
2927 5187 3260 5253 patriarcha,
3286 5206 3436 5246 anno

1871 5270 2104 5334 septimo
2135 5269 2423 5324 chaliiatus
2453 5269 2732 5334 Heshauil,
2768 5272 2871 5325 fuit
2904 5276 3162 5329 cathedra
3194 5280 3429 5332 Alexan-

1869 5358 2025 5411 drina
2082 5359 2289 5427 absque
2342 5362 2652 5429 patriarcha
2684 5362 2966 5431 Melchila,
3014 5369 3191 5435 spatio
3223 5371 3430 5425 scilict

1872 5462 2139 5501 annorum
2183 5453 2476 5519 nonaginta
2512 5464 2756 5523 septem;
2795 5470 3299 5529 occuparet-alitque
3334 5461 3429 5516 Ja-

1865 5540 2058 5595 cobitai
2102 5557 2292 5597 omnes
2329 5544 2591 5600 ecclesias
2625 5556 2730 5600 tam
2772 5547 2988 5617 IEuypti
3012 5566 3174 5619 quam
3200 5555 3427 5605 Alexan-

1866 5631 2018 5686 driaz.
2047 5632 2291 5702 Cumque
2318 5648 2456 5703 opus
2489 5637 2751 5692 haberent
2771 5638 2931 5695 Nubii
2957 5644 3249 5713 epiSCOpis,
3279 5646 3427 5698 crdi-

1872 5722 2020 5777 navit
2090 5727 2401 5795 patriarcha
2465 5727 2834 5785 Jacobitarum
2903 5734 3037 5801 ipsis
3100 5737 3425 5804 cpisc0pos:

1869 5821 2031 5881 atque
2064 5831 2133 5874 ex
2173 5832 2238 5875 eo
2269 5826 2512 5887 tempore
2549 5820 2915 5882 Jacobitarum
2951 5826 3273 5884 sententiam
3308 5841 3429 5882 am-
