4210 6428
738 426 870 488 1ὶὲἷὲ

1752 430 2119 491 EUTYCllll
2165 431 2461 489 ALEXAN
2477 433 2695 493 DRINI
2736 437 2945 495 PATB.

3855 436 3989 498 1121

738 540 889 607 plexa
942 544 1024 589 est
1071 534 1276 602 Nnbia;
1328 548 1375 591 et
1436 538 1859 607 qunticsrunque
1911 554 2216 596 moreretur
2256 544 2307 595 in
2343 550 2381 601 Α
2416 546 2631 600 llaccmi
2671 548 2784 600 Elin
2820 546 3098 599 Armcnihi
3156 546 3265 612 (cui
3300 558 3471 602 mater
3496 560 3612 603 erat
3649 551 3832 617 Arina,
3865 570 3987 623 qua:

744 631 924 694 aliqua
959 626 1178 694 xI‘Igypti
1223 630 1355 680 urbe
1392 631 1698 697 cpiscopus,
1742 632 1907 683 alium
1945 634 2074 701 ipsis
2109 635 2314 687 consti-

740 717 927 768 turbat
956 714 1331 771 Jacobitarum
1368 721 1691 784 patriarcha.
1729 722 1983 791 Adeoque
2044 725 2180 776 facta
2233 731 2315 776 est

740 806 1003 875 ngyptus
1051 817 1158 860 tam
1208 812 1455 875 superior
1497 825 1660 876 quam
1709 814 1936 866 inferior
1985 814 2309 877 JacohitiCa,

737 909 962 965 excepta
995 899 1227 953 ecclesia
1267 899 1543 955 Michaelis
1568 944 1582 967 ,
1633 919 1752 971 qua:
1787 904 1839 956 in
1873 905 2047 957 Kasril
2086 904 2307 957 Shamai

737 988 905 1058 [\rce
994 989 1252 1061 candela’]
1324 991 1443 1045 l'uit.
1498 993 1646 1047 Illam
1710 996 1917 1049 scilicet
1979 996 2317 1049 retinuerunt

736 1078 1022 1141 Melchim,
1054 1089 1217 1148 atque
1253 1082 1303 1132 in
1334 1097 1395 1135 ea
1430 1085 1680 1138 orabant.
1716 1085 1962 1151 Cumque
1996 1097 2300 1139 moreretur

740 1173 870 1238 ipsis
899 1172 1207 1239 episeopus,
1236 1173 1304 1226 ad
1337 1173 1502 1244 388
1532 1174 1655 1243 Tyri
1695 1175 2092 1243 tuetropolitam
2133 1177 2314 1232 mitte-

744 1264 875 1316 bant
911 1264 1004 1330 qui
1048 1264 1182 1330 ipsis
1222 1265 1537 1332 episeopum
1578 1265 1879 1318 ordinaret.
1921 1265 2106 1335 Neque
2145 1270 2214 1320 ita
2257 1285 2316 1323 se

741 1353 942 1407 habere
969 1354 1130 1409 desiit
1157 1353 1533 1408 Melehitarum
1562 1356 1613 1409 in
1645 1355 1880 1427 Egypto
1903 1368 1956 1410 et
1986 1359 2312 1412 Alexandria

739 1451 916 1496 status
949 1459 1119 1511 usque
1150 1446 1213 1495 ad
1248 1443 1509 1498 Kozmam
1544 1447 1932 1514 patriarchatn.
1968 1445 2137 1500 Porro
2171 1463 2316 1501 anno

744 1533 1035 1587 chalifatus
1072 1532 1328 1589 lleshami
1361 1536 1573 1590 decimo
1599 1536 1831 1604 septimo
1866 1537 2201 1593 constitutus
2231 1549 2315 1594 est

741 1626 887 1678 Elias
932 1624 1241 1692 patriarcha
1273 1625 1844 1696 Hierosolymitanus.
1889 1629 1978 1683 ubi
2008 1644 2181 1685 annos
2218 1632 2315 1684 tri-

741 1718 889 1786 ginta
922 1726 1157 1785 quatuor
1184 1719 1345 1782 sedit,
1382 1718 1505 1773 dein
1543 1732 1786 1775 mortuus
1817 1732 1921 1776 est.
1952 1723 2098 1775 Obiit
2125 1733 2305 1776 autem

746 1808 1051 1862 lleshamus
1110 1823 1294 1862 mense
1352 1808 1523 1863 Rabia
1589 1813 1878 1880 posteriori
1943 1814 2071 1866 anni
2135 1812 2310 1881 llejra:

742 1900 1022 1954 centesimi
1080 1898 1321 1951 vicesimi
1374 1901 1592 1969 quinti.
1650 1918 1774 1956 cum
1834 1920 2101 1957 annorum
2165 1915 2311 1958 esset

743 1989 1137 2058 quinquaginta
1169 1988 1333 2042 triutn
1366 2007 1378 2044 :
1404 1992 1648 2060 sepultus
1672 2003 1755 2047 est
1781 1992 1995 2048 Rosala:
2024 1995 2076 2047 in
2109 1996 2313 2050 ditione

742 2080 807 2132 Al
871 2078 1093 2134 ltakkr.
1152 2079 1325 2135 ltul'us
1388 2082 1507 2145 fuit,
1562 2086 1813 2149 stralius,
1866 2087 2005 2139 facie
2059 2086 2311 2149 deformi,

743 2168 941 2223 indolis
978 2186 1185 2238 pravre,
1230 2184 1449 2235 avarus,
1493 2186 1656 2239 opum
1699 2189 1971 2229 corrasor.
2010 2176 2312 2229 Satellitunt

745 2262 914 2329 ipsius
962 2261 1244 2329 pra-lectus
1298 2262 1398 2315 luit
1448 2264 1593 2318 Caab
1639 2265 1752 2318 Ebn
1804 2267 2026 2321 llamed.
2075 2266 2314 2332 .lanitor,

745 2352 950 2415 Galeb,
997 2354 1225 2406 libertus
1277 2354 1468 2421 ipsius.
1514 2353 1617 2419 Qui
1666 2357 1897 2410 maxima
1944 2360 2081 2426 apud
2140 2359 2314 2425 ipsum

745 2445 918 2513 gratia
958 2444 1191 2512 pollebat
1229 2443 1353 2496 Saicl
1391 2444 1558 2498 Ebnol
1594 2444 1771 2499 Walid
1811 2450 1869 2500 Al
1908 2450 2117 2503 Abrash
2143 2492 2155 2515 ,
2192 2451 2319 2504 Cal-

749 2536 953 2589 bens’s.
992 2535 1204 2600 Scriba,
1241 2536 1418 2590 Salem
1461 2536 1574 2590 Elin
1610 2539 1771 2593 Abdil
1803 2543 1953 2596 Aziz.

1027 2647 1333 2715 C/talt'fatus
1369 2649 1621 2701 Alwalidi
1660 2650 1774 2703 Ebn
1831 2652 2038 2707 l'azidi.

818 2740 1179 2808 luaugnratus
1209 2749 1292 2793 est
1321 2739 1384 2792 Al
1413 2739 1590 2793 Walid
1618 2741 1731 2795 Ebn
1769 2741 1979 2806 Yazidi,
2012 2745 2121 2798 Ειηι
2149 2745 2322 2799 ³ὺάῐῖ-

745 2830 936 2893 lrlalec,
968 2831 1080 2883 Ebn
1116 2829 1373 2893 Merwan,
1409 2831 1497 2884 cui
1528 2840 1700 2885 mater
1728 2831 1957 2886 Ommol‘
1990 2833 2187 2902 ilajaji,
2217 2837 2321 2890 lilia

746 2923 1141 2976 lilohammedis
1180 2922 1293 2975 Elui
1326 2921 1519 2985 Yusef,
1555 2924 1747 2977 Ebnol’
1790 2921 2032 2990 llaeemi,
2069 2925 2182 2978 Elin
2219 2926 2321 2981 Abi

747 3014 925 3076 Okail,
955 3012 1332 3067 Thakafensis.
1378 3012 1500 3067 Fuit
1536 3014 1622 3068 hic
1654 3015 1904 3079 stolidus,
1939 3015 2142 3081 fatuus,
2178 3018 2320 3072 lusui

746 3106 1003 3158 deditus:
1056 3106 1344 3173 imperavit
1399 3120 1603 3157 annum
1651 3113 1704 3160 et
1754 3116 1865 3161 tres
1917 3123 2151 3171 menses,
2198 3110 2320 3163 dein

749 3195 1143 3249 convenientes
1182 3195 1429 3247 homines
1473 3196 1563 3262 qui
1610 3195 1753 3249 facta
1793 3196 1911 3263 ejus
1953 3200 2322 3265 improbarent
2354 3218 2393 3275 ο

749 3285 928 3352 ipsum
963 3283 1354 3337 interfecerunt
1388 3282 1617 3336 Jomada
1650 3286 2101 3353 posteriori,anni
2134 3301 2319 3343 cente-

747 3377 869 3431 simi
925 3377 1166 3429 vicesimi
1228 3376 1407 3439 sexti;
1451 3376 1833 3445 projectusquc
1885 3388 1968 3432 est
2003 3379 2053 3431 in
2089 3377 2320 3434 Boliaira

747 3468 965 3536 regione
986 3466 1317 3519 Damascena
1339 3483 1354 3531 ;
1380 3466 1735 3536 389-391
1765 3483 2033 3520 annorum
2065 3467 2161 3523 fuit
2183 3486 2322 3538 qua-

751 3557 1025 3625 draginta.
1056 3556 1265 3610 Accidit
1291 3573 1423 3625 ergo
1453 3560 1505 3610 in
1541 3559 1698 3627 Syria
1728 3560 2008 3613 contentio
2036 3567 2090 3613 et
2119 3573 2320 3614 motus.

746 3646 903 3702 Facie
932 3656 1049 3702 erat
1082 3651 1334 3718 pulchra,
1372 3650 1557 3719 lingua
1590 3651 1889 3718 eloquenti,
1911 3660 2120 3706 statura
2146 3653 2323 3721 perle-

743 3752 850 3794 cta.
876 3738 1177 3793 Satellitum
1214 3741 1313 3808 ipsi
1341 3742 1630 3809 praefectus
1652 3742 1754 3794 luit
1774 3743 2188 3796 Abdorrahman
2211 3742 2324 3797 Ebu

748 3829 1334 3895 llomaidi,Calbens?s.
1382 3829 1614 3896 Janitor,
1646 3832 1846 3887 Katrus
1868 3834 2093 3889 libertus
2132 3836 2323 3905 ipsius.

1027 3922 1330 3990 Clialifutus
1370 3921 1558 3975 Yazt'di
1594 3921 1780 3978 Ebuol‘
1821 3922 2041 3978 Walidi.

822 4017 1184 4083 lnattgurtttus
1245 4025 1329 4067 est
1383 4012 1549 4067 Yalid
1602 4015 1790 4069 libttol'
1834 4014 2011 4068 \Valid
2065 4017 2323 4080 Alnakes,

745 4109 839 4176 qui
890 4115 975 4159 est
1006 4106 1170 4159 Yazid
1200 4107 1369 4159 Ebuol
1413 4105 1591 4159 Walid
1634 4107 1747 4161 Ebn
1778 4108 1937 4160 Abdil
1968 4107 2156 4172 Maleo,
2206 4111 2323 4163 Elin

746 4197 1025 4261 hierwan;
1056 4197 1146 4249 cui
1174 4204 1348 4249 mater
1381 4196 1548 4251 Persa
1583 4196 1705 4260 fuit,
1740 4198 1997 4251 videlicet
2031 4200 2318 4265 Shahkud,

748 4292 855 4344 ﬁlia
889 4291 1105 4343 l‘hiruzi
1136 4290 1315 4343 Cesra:
1345 4292 1487 4357 regis
1521 4290 1833 4353 Persarum,
1860 4294 1953 4345 lilii
1979 4291 2323 4363 Yazdejerdi,

752 4383 843 4436 lilii
876 4382 1097 4436 Sbariar
1121 4398 1135 4445 ;
1156 4382 1245 4434 cui
1276 4382 1395 4434 avia
1424 4380 1527 4433 l‘uit
1555 4381 1661 4434 ﬁlia
1696 4381 1935 4436 Mauricii
1971 4385 2322 4453 imperatoris

752 4472 1122 4525 ﬂon'ianorutn
1161 4490 1173 4525 :
1212 4481 1377 4540 atque
1412 4473 1483 4524 ita
1524 4473 1706 4528 dicere
1748 4474 2001 4529 solebat:
2051 4476 2182 4531 Sum
2222 4494 2323 4549 ego

2421 654 2556 690 uxor
2590 640 2766 691 fuerat
2795 637 3005 691 Mosabi
3046 638 3198 691 Elinil
3235 637 3453 704 Zobair,
3489 656 3539 692 at
3571 651 3862 711 postquam
3895 649 3988 700 ille

2418 730 2814 785 interﬁceretur
2864 731 3223 786 Mobammedi
3280 732 3394 785 an
3456 732 3757 798 Merwani,
3821 735 3981 791 Ebuil

2419 820 2685 891 llacemi).
2738 822 3044 875 Mcrwauus
3086 822 3187 877 iste
3230 838 3354 877 eum
3397 823 3449 876 in
3499 824 3709 893 Syriam
3747 829 3984 883 venisset

2414 917 2785 982 juramentum
2812 914 3087 969 ﬁdelitatis
3116 914 3215 982 ipsi
3242 917 3612 982 praestiterunt
3632 932 3662 971 e
3693 916 3987 974 Damasce-

2418 1006 2502 1059 nis
2532 1005 2772 1075 quidam,
2804 1008 3215 1060 contradicente
3248 1003 3530 1060 Solimano
3557 1005 3671 1060 Ebn
3699 1004 3984 1070 Heshami,

2417 1096 2533 1151 Ebn
2585 1099 2746 1152 Abdil
2804 1098 3012 1161 Malec,
3066 1100 3300 1169 aliisque
3348 1096 3782 1152 Ommaidarum.
3844 1098 3984 1152 Tum

2418 1192 2762 1259 congregatis
2793 1198 2982 1244 contra
3022 1182 3200 1258 ipsum
3236 1190 3407 1261 Syria:
3439 1190 3632 1244 incolis
3656 1230 3673 1251 .
3712 1202 3766 1244 et
3798 1193 3989 1261 pleris-

2417 1296 2524 1349 que
2558 1296 2748 1333 eorum
2782 1283 2874 1350 qui
2908 1284 2973 1335 ab
3011 1281 3466 1336 Hashetnidarum
3498 1282 3748 1351 partibus
3777 1291 3985 1335 starent

2420 1372 2473 1426 in
2528 1370 2877 1435 Chorasano,
2941 1372 3196 1440 fugerunt
3258 1371 3430 1439 ipsius
3485 1373 3695 1440 copim,
3752 1371 3989 1439 caesique

2418 1470 2547 1518 sunt
2573 1461 2848 1516 exercitus
2880 1461 3019 1529 ejus,
3064 1460 3522 1515 interﬁcientibus
3566 1462 3869 1515 Chorasani
3904 1461 3988 1513 in-

2421 1555 2558 1609 colis
2592 1569 2843 1621 magnam
2871 1567 2900 1607 e
2932 1551 3103 1622 Syria:
3130 1553 3477 1607 Damascenm
3522 1561 3575 1605 et
3604 1551 3761 1605 Eraki
3791 1552 3987 1607 ἰπνοιὲς

2418 1644 2845 1705 multitudinem,
2878 1658 3115 1708 quorum
3143 1629 3196 1696 et
3237 1657 3366 1711 opes
3397 1642 3768 1711 diripuerunt,
3802 1642 3989 1695 mulie-

2418 1751 2613 1803 resque
2667 1749 2730 1787 ac
2784 1734 2983 1788 liberos
3034 1734 3279 1802 captivos
3337 1734 3636 1787 duxerunt.
3697 1733 3987 1800 Imperavit

2420 1825 2654 1879 Merwan
2685 1839 2858 1877 annos
2889 1824 3133 1893 quinque
3171 1842 3184 1876 :
3221 1824 3379 1877 bellis
3410 1824 3645 1888 interim,
3674 1838 3989 1891 oppugnan-

2420 1921 2563 1973 tibus
2588 1918 2827 1986 undique
2846 1917 3023 1985 ipsum
3050 1916 3328 1984 regionum
3358 1914 3745 1985 [diversarum]
3773 1916 3989 1979 incolis,

2418 2026 2670 2067 vexatus.
2709 2010 2929 2071 Deinde,
2969 2023 3092 2062 cum
3125 2008 3191 2059 ab
3226 2008 3286 2059 Al
3320 2006 3430 2059 Zab
3463 2008 3711 2061 Idusilam
3753 2008 3987 2077 lugeret,

2419 2105 2543 2161 inde
2569 2108 2620 2159 in
2647 2105 3117 2171 Mesopmamiam,
3137 2100 3329 2156 deinde
3351 2118 3443 2169 per
3459 2102 3671 2171 Syriam
3692 2103 3989 2168 transiens,

2418 2197 2589 2250 donec
2639 2199 2693 2248 in
2744 2194 3035 2265 Egyptqu
3084 2193 3412 2261 perveniret,
3456 2192 3606 2244 missi
3658 2202 3780 2258 post
3814 2192 3990 2256 ῐμςιιιιι

2419 2288 2642 2341 Saidum
2716 2303 2888 2355 usque
2960 2283 3417 2339 llashcmidarum
3484 2283 3756 2335 exercitus
3812 2282 3989 2347 ipsum

2420 2380 2707 2448 quztsitum
2772 2378 3006 2431 :tsSecttti
3073 2386 3205 2431 sunt
3263 2390 3387 2428 eum
3455 2375 3509 2427 in
3575 2374 3697 2426 vico
3756 2372 3992 2439 quodam

2420 2472 2711 2529 Ashmuri,
2751 2470 2838 2524 cui
2882 2485 3079 2522 nomen
3121 2468 3278 2519 Busir
3308 2464 3611 2523 Kurindcs.
3647 2462 3738 2515 ubi
3776 2463 3993 2513 occisus

2421 2573 2527 2625 est,
2567 2578 2691 2616 cum
2736 2577 3002 2613 annorum
3044 2567 3190 2611 esset
3230 2558 3513 2622 sexaginta
3556 2567 3770 2606 norem.
3818 2550 3997 2605 Ctedzs

2424 2654 2597 2721 ipsius
2630 2668 2761 2706 cura
2792 2651 3082 2704 commiSsa
3118 2649 3219 2701 fuit
3253 2648 3451 2702 Amero
3493 2644 3606 2697 Ebu
3643 2644 3836 2697 lsmael
3875 2642 3998 2691 Sal-

2423 2741 2649 2795 mensis.
2678 2738 3035 2809 393-395
3064 2737 3497 2806 Coguominatus
3532 2743 3712 2787 autem
3746 2742 3830 2784 est
3862 2731 3927 2783 Μι
3951 2749 3999 2781 r-

2423 2849 2543 2886 wan
2574 2835 2636 2886 Al
2661 2832 2837 2895 Jaadi,
2868 2836 2993 2899 quia
3026 2834 3080 2884 in
3113 2831 3289 2895 ipsum
3319 2841 3511 2895 resque
3545 2826 3719 2893 ipsius
3757 2832 4001 2892 potesta-

2426 2933 2531 2978 tem
2563 2926 2837 2992 pracipue
2868 2923 3049 2976 habuit
3086 2922 3148 2974 Al
3179 2918 3310 2973 Jaad
3346 2919 3462 2971 Ebn
3501 2916 3779 2971 Darhami.
3818 2915 4000 2967 Satel-

2425 3016 2544 3067 litio
2592 3016 2765 3082 ipsius
2820 3013 3035 3081 praefuit
3086 3012 3146 3063 Al
3197 3010 3440 3064 Cauthar
3491 3008 3604 3061 Ebn
3662 3006 3724 3057 Al
3776 3005 4001 3067 Aswad,

2425 3107 2766 3161 Anaweusis.
2828 3107 3041 3158 Jauitor
3102 3104 3223 3172 ejus
3287 3102 3432 3166 fuit,
3475 3101 3675 3156 διψία»
3742 3100 3995 3152 libertus.

2922 3195 3148 3261 C/talifw
3198 3194 3501 3256 Abbasida’,

2498 3288 2794 3344 Chalifatus
2828 3286 2963 3338 Aliil’
3015 3285 3195 3337 Abbas
3230 3281 3525 3337 AlSaﬂnlti.
3564 3282 3800 3351 Fuitqu
3837 3284 3996 3348 jura-

2426 3392 2667 3434 mcntum
2697 3378 2974 3432 ﬁtlclitatis
3004 3375 3306 3444 praestitum
3338 3374 3479 3428 Ahil‘
3505 3374 3724 3425 Αιιὺειςο
3765 3375 3879 3441 (ιιιιί
3921 3381 4003 3423 est

2427 3472 2685 3526 Abdollah
2713 3470 2826 3522 Ebn
2859 3468 3224 3527 Moliammcd,
3255 3467 3368 3519 Elin
3395 3467 3501 3525 Ali,
3536 3464 3651 3515 Elin
3686 3464 4002 3524 Alidollahi,

2429 3565 2599 3617 Elinol
2655 3561 2877 3626 Abbasi,
2938 3561 3052 3613 Elui
3107 3558 3265 3611 Abdil
3325 3557 3628 3618 Slutallalii,
3687 3556 3774 3608 cui
3827 3567 4003 3607 mater

2426 3654 2635 3708 Radiah
2696 3654 2803 3705 ﬁlia
2857 3650 3167 3709 Abdollalii,
3221 3648 3334 3701 Ebn
3390 3647 3781 3710 Obaidollahi,
3845 3645 4001 3698 lilinil

2428 3747 2650 3810 Abbasi,
2708 3745 2823 3797 Ebn
2864 3744 3021 3797 Abdil
3061 3740 3332 3800 Maddeni,
3374 3737 3532 3793 Ebnil
3579 3738 3792 3799 Daiani,
3836 3737 4007 3790 Πατρ-

2428 3838 2683 3905 thensis),
2712 3836 2877 3890 Cusaa
2913 3833 3002 3887 die
3030 3831 3305 3891 Mercurii,
3343 3827 3633 3881 undecimo
3662 3828 3874 3881 mensis
3900 3827 4004 3880 Ra-

2427 3930 2528 3984 bize
2560 3929 2880 3999 posterioris
2926 3925 3051 3979 anni
3089 3922 3263 3992 Hejraa
3295 3919 3583 3975 eentesimi
3617 3918 3885 3971 tricesimi
3916 3934 4007 3971 5e-

2427 4021 2612 4076 cundi.
2667 4018 2768 4071 llic
2800 4033 2943 4085 equo
2975 4017 3040 4068 ad
3088 4015 3350 4082 templum
3402 4023 3589 4065 vectus
3637 4009 3725 4063 die
3770 4008 4010 4064 Veneris

2427 4114 2493 4167 ad
2532 4111 2807 4172 homines,
2844 4107 3072 4175 pedibus
3104 4113 3257 4159 stans
3294 4116 3603 4157 sermonem
3639 4099 3852 4163 habuit,
3881 4116 4008 4152 cum

2427 4200 2725 4256 Ommaidae
2754 4199 3007 4254 sedentes
3039 4194 3318 4250 orationes
3353 4206 3482 4246 suas
3504 4190 3707 4244 habere
3740 4190 4009 4243 solerent.

2427 4294 2573 4348 Misit
2603 4294 2689 4345 hic
2722 4291 2999 4343 exercitus
3029 4295 3221 4341 contra
3246 4283 3511 4337 Yazidum
3544 4281 3659 4333 Elin
3689 4279 3859 4334 Omar
3890 4279 4007 4331 Ebn

2427 4385 2527 4438 Abi
2583 4383 2827 4436 Horairae
2881 4378 3167 4433 Wasetum
3215 4393 3228 4428 :
3292 4377 3439 4429 misit
3511 4375 3679 4427 etiam
3746 4381 4009 4441 patruum

2429 4492 2586 4530 suum
2617 4473 2979 4528 Abdollahum
3018 4470 3132 4524 Ebn
3161 4469 3244 4522 Ali
3287 4477 3478 4523 contra
3522 4466 3852 4519 Merwanem
3891 4463 4010 4517 Ebn

753 4565 895 4617 ﬁlins
926 4563 1106 4616 Cesra:
1137 4572 1190 4616 et
1223 4562 1364 4617 ﬁlius
1406 4562 1684 4628 .‘llerwani,
1730 4566 1972 4634 mihique
2002 4582 2136 4623 avus
2170 4544 2324 4623 Μειδ-
2359 4544 2399 4598 D
2435 4564 2794 4628 Multammed,
2827 4576 2986 4631 quem
3049 4562 3103 4612 in
3145 4558 3327 4626 fugam
3363 4557 3551 4617 dedit,
3590 4556 3765 4607 donec
3824 4556 4011 4621 ipsum

752 4658 959 4720 ricius,
1016 4664 1070 4709 et
1114 4671 1247 4709 avus
1303 4654 1499 4710 Sasan.
1553 4657 1857 4713 Przefectus
1912 4659 2140 4727 imperio
2197 4663 2322 4726 luit,

753 4766 943 4806 mense
978 4749 1172 4813 Rajeb,
1207 4750 1600 4819 imperavitque
1646 4767 1861 4805 menses
1905 4754 2163 4821 quinque,
2197 4755 2323 4809 dein

754 4853 1003 4896 mortuus
1032 4852 1113 4895 est
1145 4847 1247 4894 line
1281 4843 1482 4895 mensis
1516 4842 1802 4895 Ilulkaade
1831 4844 1958 4896 anni
1992 4843 2162 4909 “le‘iB
2194 4861 2324 4899 ceu-

756 4935 931 4987 tesimi
962 4935 1199 4985 vicesimi
1233 4935 1394 4991 sexti,
1424 4948 1597 4986 annos
1625 4934 1828 4987 habens
1855 4934 2110 5003 triginta;
2142 4938 2326 5005 sepul-

757 5036 841 5079 tus
893 5035 975 5078 est
1025 5022 1297 5076 Damasci.
1357 5022 1660 5077 Satellitum
1721 5023 1825 5090 ipsi
1884 5024 2176 5091 prtefectus
2226 5027 2328 5082 fuit

756 5111 923 5165 Yazid
963 5111 1148 5164 Ebnol'
1192 5109 1504 5180 Sammadjy
1538 5113 1818 5167 chmeusis
1850 5132 1863 5168 :
1906 5110 2117 5168 Janitor
2144 5114 2326 5169 Salam

754 5207 983 5259 libertus
1013 5206 1206 5272 ipsius.

814 5294 1114 5363 Cnafifatus
1159 5292 1411 5346 Merwam‘
1445 5294 1556 5348 Ebn
1602 5295 1929 5350 Molzammed
1990 5297 2282 5370 [cognomi-

1319 5392 1431 5441 nati
1465 5389 1529 5440 ΑΙ
1549 5387 1758 5460 Jaadi].

824 5479 1036 5533 Mortuo
1092 5478 1297 5535 Yazido
1347 5482 1624 5545 Alnakes,
1677 5484 1994 5547 juramento
2054 5482 2327 5539 ﬁdelitatis

757 5573 995 5636 prmstito
1026 5569 1306 5640 [chalil‘am
1342 5572 1746 5645 renuntiarunt]
1778 5576 2028 5628 homines
2059 5576 2111 5627 in
2152 5576 2313 5645 392

758 5662 912 5731 Syria
970 5661 1328 5716 Abrahimum
1391 5664 1559 5718 lilium
1618 5664 1681 5717 Al
1738 5663 1932 5718 Walidi
1988 5664 2101 5717 Ebn
2163 5667 2321 5720 Αωιι

760 5752 976 5819 Maleci;
1006 5765 1060 5807 at
1080 5768 1203 5807 cum
1232 5766 1467 5824 quatuor
1493 5770 1707 5810 menses
1734 5757 2078 5822 imperasset,
2107 5757 2335 5825 imperio

762 5854 1051 5901 exuerunt.
1081 5844 1344 5915 Venitque
1369 5846 1604 5903 Merwan
1630 5849 1739 5904 Ebn
1769 5848 2133 5912 Mohammcd,
2162 5849 2333 5906 libuol

2436 4654 2826 4723 Mesopotamia
2874 4661 2927 4706 et
2977 4650 3134 4720 Syria
3187 4648 3509 4717 expelleret.
3551 4646 3690 4699 Tum
3746 4646 4012 4698 Salehum

2435 4747 2554 4799 Elin
2586 4745 2667 4795 Ali
2702 4742 2873 4803 misit,
2906 4741 2998 4807 qui
3028 4738 3277 4791 eumdem
3316 4736 3369 4791 in
3402 4735 3696 4804 [Egyptum
3728 4737 3828 4788 ius-
3852 4744 4015 4789 cutus

2433 4843 2533 4893 est,
2585 4829 2773 4899 prima:
2802 4826 2923 4895 ejus
2958 4825 3092 4878 aciei
3134 4824 3397 4893 praefecto
3448 4826 3567 4875 Abu
3615 4825 3799 4885 Auno,
3836 4824 4016 4877 donee

2437 4926 2614 4993 ipsum
2678 4918 3068 4974 interfecisset.
3111 4916 3345 4969 Romani
3398 4927 3579 4970 autem
3614 4930 3739 4968 cum
3793 4925 4017 4970 mortuo

2438 5016 2773 5084 imperatore
2823 5010 3005 5064 Leone
3050 5010 3205 5063 multi
3239 5009 3403 5079 396
3448 5009 3569 5061 illos
3610 5008 3751 5061 male
3805 5018 4018 5063 tracta-

2438 5116 2582 5171 rent,
2620 5121 2683 5160 ac
2713 5107 2943 5159 turbatae
2982 5110 3166 5157 essent
3204 5103 3380 5171 ipsius
3411 5102 3626 5169 imperii
3681 5115 3793 5161 res,
3834 5102 4015 5152 virum

2439 5198 2732 5271 quemdam
2795 5212 2825 5249 e
2872 5194 3107 5247 Marashi
3146 5194 3343 5247 incolis
3405 5192 3626 5246 nomine
3680 5192 4017 5244 Artabatum

2441 5293 2547 5346 sibi
2598 5288 2995 5358 praefecerunt,
3047 5284 3203 5352 cujus
3234 5284 3526 5352 imperium
3583 5283 3758 5336 turbis
3789 5287 4018 5349 plenum

2438 5386 2542 5439 fuit
2571 5391 2815 5449 tempore
2845 5378 2966 5431 Abil
2995 5378 3196 5431 Abbasi
3228 5386 3281 5428 et
3308 5375 3594 5428 Mausoris.
3625 5372 3888 5427 Condidit
3924 5392 4019 5427 au-

2440 5486 2547 5531 tem
2588 5474 2727 5527 Abul
2768 5472 2950 5525 Abbas
2996 5471 3049 5521 in
3086 5469 3303 5521 Anbaro
3346 5467 3535 5519 urbem
3586 5480 3750 5533 quam
3806 5466 4017 5521 llaslie—

2442 5569 2604 5620 miam
2666 5562 2982 5633 appellavit.
3021 5560 3147 5614 Fuit
3171 5559 3463 5615 chalifatus
3515 5557 3688 5624 ipsius
3737 5570 4015 5611 annorum

2432 5669 2687 5730 quatuor,
2716 5664 2769 5707 et
2798 5669 2989 5707 nm'em
3026 5652 3295 5706 mensium
3327 5668 3343 5706 :
3383 5661 3634 5703 mortuus
3678 5658 3763 5702 est
3806 5650 3859 5702 in
3910 5653 4021 5703 An—

2434 5756 2590 5814 baro,
2621 5750 2707 5803 die
2745 5747 3051 5808 Dominico,
3091 5744 3294 5799 mensis
3323 5743 3402 5795 Dil
3444 5741 3619 5810 llujjte
3650 5741 4014 5807 duodecimo,

2438 5846 2564 5898 anni
2598 5840 2774 5908 llcjra:
2808 5837 3093 5892 centesimi
3139 5835 3401 5892 tricesimi
3444 5835 3606 5893 sexti,
3661 5832 3911 5901 sepultus
3959 5836 4014 5887 in
