4210 6428
722 423 852 488 iltll

1754 423 2111 484 Ευτγωιιιι
2158 422 2686 488 ΑιΕΧΑΝυιιιΝι
2733 430 2950 493 ΡΑΤΒ.

3831 439 3967 502 113:2

719 541 933 604 quoties
990 536 1152 589 luerit
1186 534 1386 588 feszunr
1444 535 1803 603 quadraginta
1862 545 2184 604 martyrum,
2220 534 2363 594 [ιε-Α
2398 538 2667 605 quispiam
2723 556 2827 592 una
2868 553 3092 612 excepta
3141 545 3272 609 lilia,
3330 562 3493 615 quam
3545 548 3803 602 demenso
3858 557 3961 608 ista

715 637 855 678 stum
905 626 970 679 iis
1005 625 1307 679 celebrant.
1359 625 1606 693 Cumque
1636 625 1748 693 jam
1789 625 2109 693 perfecisset
2140 625 2290 678 'l‘ho-

716 734 832 771 ruas
884 717 1199 785 patriarcha
1256 718 1713 772 instaurationem
1766 716 1933 789 424
1995 717 2290 771 testudinis

714 806 1028 877 [immissis]
1081 809 1269 876 tignis,
1325 823 1558 877 eantque
1593 816 1645 862 et
1684 810 1938 880 superius
1973 818 2026 861 et
2058 808 2288 863 inferius

714 900 1100 962 inerustasset,
1143 898 1429 952 aedificavit
1485 912 1653 969 supra
1687 900 2014 953 testudinem
2069 898 2230 952 istam
2260 916 2289 954 e

709 990 874 1057 lignis
905 1000 959 1044 et
991 990 1172 1052 aliarrr,
1233 1004 1300 1043 eo
1334 990 1475 1043 inter
1512 991 1659 1059 ipsas
1714 991 1901 1044 relicto
1951 990 2130 1058 spatio
2180 1006 2289 1058 quo

707 1082 959 1136 incedere
988 1080 1115 1150 quis
1148 1082 1349 1150 possit.

778 1173 914 1226 Cum
953 1185 1085 1237 ergo
1113 1186 1178 1225 ex
1228 1173 1463 1243 Aigypto
1519 1183 1888 1227 reverteretur
1918 1170 2090 1227 Olraid
2124 1172 2283 1226 Allah

708 1265 823 1317 Eho
886 1264 1145 1321 letaher
1204 1262 1519 1332 Bagdadunr
1579 1262 1835 1325 tendens,
1884 1264 2163 1331 querelam
2216 1262 2279 1315 ad

705 1358 883 1426 ipsum
932 1357 1247 1413 detulerunt
1283 1354 1609 1419 Moslemini,
1636 1353 1981 1409 Christianos
2009 1364 2280 1424 trangres-

703 1464 817 1511 sos,
857 1450 989 1503 illud
1024 1449 1167 1517 quod
1219 1462 1325 1501 non
1378 1448 1570 1501 liceret
1602 1446 1738 1515 ipsis
1776 1444 1996 1508 fecisse,
2056 1446 2278 1499 testudi-

702 1556 825 1594 nem
884 1540 1131 1593 ecclesia:
1190 1538 1633 1594 Resurrectionis
1691 1539 2011 1606 diruentes;
2050 1552 2281 1607 eamque

699 1646 822 1683 eunt
856 1646 1020 1699 parra
1070 1640 1240 1693 esset,
1277 1641 1570 1699 augentes,
1605 1631 1743 1685 adeo
1800 1640 1854 1682 ιιι
1904 1646 2066 1698 quam
2118 1637 2277 1683 antea

700 1723 879 1775 fuerat
917 1723 1090 1789 major
1146 1722 1397 1776 evaderet
1433 1736 1487 1774 et
1518 1722 1849 1775 testudinem
1888 1719 2061 1773 Petrae
2092 1721 2279 1773 altitu-

698 1812 826 1866 dine
861 1824 1167 1881 superaret.
1210 1812 1534 1867 Obaidallalt
1590 1829 1723 1883 ergo
1764 1814 2096 1867 accersitum
2130 1810 2277 1866 Tho-

698 1919 840 1957 mam
894 1905 1284 1973 patriarclram,
1346 1906 1597 1971 aliosque
1648 1922 1769 1960 cunt
1826 1921 1892 1959 eo
1946 1905 2169 1970 multos,
2221 1905 2275 1959 itt

695 2011 972 2048 rareerem
1007 1997 1265 2065 cunjecit,
1303 1996 1442 2049 hanc
1482 1998 1535 2050 itt
1572 2012 1680 2049 rem
1717 1997 2106 2063 inquisiturus,
2142 2007 2199 2049 ιιι
2230 1996 2275 2050 si

695 2107 885 2144 verum
922 2095 1322 2160 comperiretur
1376 2090 1507 2144 illtnl
1560 2090 1720 2157 cujus
1772 2089 2073 2142 insimulati
2123 2099 2273 2152 sunt,

695 2183 879 2251 ﬂagris
913 2183 1058 2251 ipsos
1092 2182 1348 2236 caederet.
1401 2182 1480 2234 Ad
1509 2197 1648 2250 quos
1683 2197 1812 2248 ergo
1846 2196 2068 2234 carcere
2102 2180 2276 2234 inclu-

693 2288 787 2328 sus
824 2283 987 2327 noctu
1023 2274 1291 2329 accedens
1329 2289 1496 2327 senex
1553 2272 1776 2342 quidanr
1832 2272 2273 2335 Mohammedita,

693 2362 918 2417 'l‘honra:
948 2365 1275 2433 patriarcha:
1302 2365 1381 2418 sic
1411 2365 1551 2417 dixit
1580 2382 1593 2417 :
1640 2364 1751 2431 Ego
1802 2365 2100 2418 edocturrrs
2149 2381 2269 2417 snrrr

696 2466 747 2507 te
802 2464 1208 2524 argrnrreutuur,
1264 2470 1373 2525 quo
1402 2463 1455 2509 et
1506 2463 1562 2509 tu
1597 2465 1650 2509 et
1682 2457 1911 2509 comites
1946 2457 2022 2508 ιιιί
2056 2455 2269 2509 evasuri

693 2549 847 2608 estis,
882 2548 1183 2601 auxiliante
1218 2548 1348 2614 Deo,
1402 2564 1503 2602 nec
1559 2565 1666 2602 non
1700 2558 1752 2601 et
1783 2552 2034 2612 testudo;
2084 2562 2148 2601 eo
2176 2564 2270 2615 pa-

694 2654 804 2706 cto,
840 2643 886 2696 si
916 2643 1048 2696 tttilti
1082 2644 1354 2710 spondeas
1398 2642 1655 2697 daturum
1706 2656 1755 2696 te
1792 2643 1922 2695 tttilri
1978 2643 2125 2696 mille
2172 2659 2271 2695 auo

696 2750 837 2797 reos,
869 2735 1109 2804 mihique
1157 2736 1421 2791 etliLeris
1465 2737 1601 2790 meis
1628 2736 2034 2803 liberorumque
2071 2735 2275 2797 liberis,

705 2825 881 2878 donec
954 2825 1244 2888 deﬁciant,
1311 2827 1367 2879 in
1434 2836 1757 2894 perpetuum
1830 2828 2135 2879 exhibittm
2209 2826 2274 2878 iri

692 2916 1007 2970 demensum
1070 2932 1137 2970 ex
1188 2916 1349 2985 hujus
1400 2918 1690 2971 testudinis
1736 2918 2021 2977 reditibus.
2086 2932 2274 2985 quent-

699 3006 987 3059 admodum
1082 3009 1461 3062 sacerdotibus
1517 3017 1571 3061 et
1646 3007 1917 3061 draconis.
2006 3006 2273 3060 Promisit

692 3114 820 3166 ergo
856 3098 959 3167 ipsi
1022 3096 1264 3154 Thomas
1316 3100 1628 3168 patriarcha
1685 3100 1867 3153 omnia
1915 3114 2035 3167 qua:
2088 3098 2263 3167 petiit,

2391 628 2623 692 privavit
2655 630 2800 683 Elias
2832 629 2946 685 Ehn
2978 632 3200 687 Mansur
3230 638 3539 702 patriarcha
3572 638 3959 711 Hierosolymi-

2391 726 2573 771 tarrus.
2614 719 2825 773 Mortuo
2858 731 3036 776 autem
3062 724 3268 779 Thoma
3302 727 3633 793 patriarcha,
3674 731 3961 799 pragl'er-tus

2386 818 2468 860 est
2504 820 2627 876 post
2680 814 2853 881 ipsrrrtr
2904 814 3207 883 discipulus
3242 819 3437 885 ipsius,
3474 823 3690 876 nomine
3726 823 3962 889 Basilalt,

2389 895 2779 969 Hierosolymis
2832 905 3187 971 patriarcha:
3256 908 3417 975 idque
3470 925 3615 962 anno
3669 916 3962 969 ehahfatns

2389 987 2729 1045 Alllantunis
2780 997 3009 1063 septimo
3037 1012 3051 1055 ;
3084 997 3398 1052 cathedram
3455 1009 3634 1055 autem
3672 1011 3961 1073 occupavit

2389 1078 2609 1133 Basilalt
2642 1098 2818 1137 arruns
2852 1086 3041 1154 viginti
3091 1089 3360 1157 quinque,
3412 1092 3537 1146 deitt
3587 1094 3745 1147 obiit.
3801 1101 3960 1151 Auno

2384 1169 2563 1235 printo
2600 1172 2891 1227 clralil‘atus
2940 1176 3278 1234 AlMamunis
3302 1184 3631 1239 constitutus
3664 1186 3755 1238 lob
3789 1190 3953 1254 patri-

2380 1261 2548 1313 archa
2582 1263 2973 1327 Antiochenus,
3012 1271 3101 1336 qui
3126 1286 3300 1325 annos
3330 1274 3547 1338 triginta
3574 1292 3744 1329 uurrru
3791 1281 3957 1331 sedit.

2455 1347 2732 1407 Reversus
2765 1368 2942 1411 autem
2970 1358 3288 1415 Obaidollah
3317 1364 3431 1418 Ebn
3456 1364 3731 1421 leraheti
3761 1369 3952 1439 Bagda-

2383 1445 2534 1508 dunt,
2588 1445 2654 1498 ad
2698 1448 3105 1514 Alntamuneur,
3156 1458 3430 1521 quomodo
3471 1474 3529 1513 se
3566 1462 3828 1518 haberent
3879 1482 3964 1519 res

2378 1536 2432 1590 itt
2470 1536 2727 1608 Aﬂgypto,
2756 1540 2995 1610 quidque
3034 1545 3104 1597 ihi
3158 1549 3364 1616 egisset
3396 1565 3506 1618 quo
3554 1567 3673 1603 eam
3727 1554 3779 1605 in
3811 1557 3963 1608 ordi-

2376 1647 2499 1687 nem
2538 1634 2841 1703 redigeret,
2880 1637 2980 1705 ipsi
3018 1637 3301 1695 indicavit.
3338 1642 3468 1696 Post
3507 1645 3616 1698 haec
3647 1651 3961 1708 truunltuati

2380 1736 2513 1779 sunt
2538 1727 2600 1778 AI
2631 1728 2889 1782 Dimaida:
2910 1771 2924 1793 ,
2968 1742 3024 1783 ut
3052 1732 3359 1801 Coplrtitiee
3386 1734 3665 1801 dicuntur,
3694 1741 3850 1808 cujus
3886 1743 3963 1795 in-

2384 1820 2701 1886 terpretatio
2732 1831 2816 1875 est
2842 1819 3139 1889 Progenies
3163 1825 3659 1894 quadragenorunt,
3692 1833 3957 1901 siquidem

2380 1900 2610 1960 Romani
2660 1924 2783 1963 cunt
2836 1909 3074 1981 :Egyplt)
3103 1915 3447 1971 discederent
3499 1900 3806 1988 occuparrte
3839 1940 3958 1977 cant

2379 1999 2642 2068 religione
2674 1999 3131 2069 Mohumruedica,
3182 2007 3356 2062 relicti
3391 2019 3518 2063 suttt
3562 2025 3626 2063 ex
3677 2010 3815 2079 ipsis
3859 2012 3958 2064 \‘iri

2377 2091 2763 2159 quadraginta,
2784 2096 2874 2163 qui
2907 2096 3090 2151 liberis
3119 2098 3188 2151 ibi
3215 2100 3411 2166 genitis
3440 2102 3781 2170 multiplicati
3810 2116 3960 2165 sunt;

2376 2190 2541 2250 atque
2578 2183 2629 2235 in
2658 2182 2917 2239 inferiore
2954 2195 3113 2241 terra:
3150 2186 3487 2260 Egyptiaca:
3521 2202 3675 2261 parte
3698 2198 3961 2262 progenii-

2377 2273 2545 2335 aueti,
2586 2276 2837 2344 appellati
2868 2288 2997 2332 sunt
3033 2278 3227 2344 Biutai,
3282 2283 3334 2334 id
3368 2292 3450 2336 est
3479 2284 3843 2355 Quadraginta
3884 2290 3956 2339 vi-

2380 2379 2565 2419 rorum
2600 2369 2903 2435 progenies.
2945 2371 3011 2424 lli
3058 2371 3224 2440 igitur
3276 2374 3503 2428 rebelles
3546 2374 3672 2427 facti
3722 2378 3960 2444 vectigal

2371 2466 2423 2508 et
2451 2458 2711 2510 tributum
2749 2461 2983 2528 pendere
3037 2464 3348 2516 noluerunt.
3384 2463 3537 2529 Quod
3579 2481 3704 2518 eum
3737 2466 3801 2518 Al
3839 2466 3952 2518 Ma-

2384 2550 2533 2601 mrrui
2591 2553 2893 2604 nuntiatum
2923 2563 3087 2619 esset,
3120 2556 3269 2609 misit
3301 2557 3392 2610 ille
3416 2557 3840 2611 Almotascmnm
3872 2572 3964 2609 co-

2375 2641 2476 2706 piis
2505 2644 2827 2695 instructum
2878 2644 2929 2696 ilr
2961 2643 3279 2716 A‘lgyptum,
3306 2663 3467 2715 quem
3521 2664 3697 2716 pugna
3728 2664 3960 2714 excepe-

2380 2740 2505 2782 runt
2537 2732 2599 2782 Al
2627 2732 2897 2787 llirnaida'.
2934 2746 2993 2787 ut
3038 2745 3092 2790 et
3140 2736 3255 2805 ipse
3290 2737 3451 2803 illos;
3490 2752 3627 2804 quos
3674 2750 3725 2789 ct
3762 2754 3959 2805 magna

2379 2818 2621 2887 ipsorum
2669 2832 2852 2892 strage
2883 2825 3027 2878 edita
3086 2826 3139 2879 itt
3192 2827 3371 2895 fugam
3419 2827 3566 2881 dedit
3621 2828 3962 2895 fetninasque

2376 2910 2645 2977 ipsorum,
2698 2923 2749 2966 et
2786 2914 2989 2969 liberos
3043 2915 3357 2984 Bagdaduzu
3414 2920 3659 2986 captivos
3708 2921 3961 2984 alrdruit,

2380 3016 2489 3069 quo
2520 3001 2867 3074 429-431
2894 3022 3141 3061 reversus
3164 3014 3246 3060 cst
3276 3016 3561 3076 postquam
3590 3007 3878 3078 Egyptum
3904 3015 3961 3063 in

2374 3097 2618 3148 ordinem
2660 3099 2954 3167 redegerat.
3010 3098 3145 3152 Tum
3178 3108 3232 3152 et
3272 3100 3385 3168 ipse
3435 3102 3499 3152 Al
3535 3099 3749 3154 Manum
3782 3105 3957 3156 couti-

691 3190 944 3257 idernque
974 3192 1181 3260 scripto
1215 3207 1318 3246 suo
1353 3192 1456 3261 ipsi
1520 3201 1759 3245 testatus
1792 3201 1893 3244 est.
1932 3191 2075 3244 Dixit
2106 3191 2269 3260 igitur
2300 3205 2345 3265 ο
2377 3194 2528 3240 tante
2580 3187 2643 3240 Al
2694 3187 2992 3242 Molasetuo
3044 3191 3097 3242 irt
3155 3187 3450 3259 Egyptum
3502 3192 3783 3260 prolectus
3835 3206 3917 3247 est
3944 3238 3959 3259 ,

689 3280 763 3333 illi
794 3298 807 3334 :
857 3280 959 3334 Ubi
1012 3292 1065 3336 te
1092 3281 1487 3336 accersiverint
1520 3296 1583 3335 ac
1617 3282 1936 3335 testimonia
1967 3291 2162 3336 contra
2210 3290 2263 3335 te

688 3373 1036 3439 protrrlerint,
1084 3372 1445 3444 525-427
1498 3374 1579 3427 sic
1626 3372 1813 3427 dicas:
1883 3371 2073 3427 Servet
2123 3373 2266 3426 Deus

691 3466 1104 3533 imperatorem,
1137 3475 1284 3519 certe
1324 3469 1675 3535 reparatione
1710 3481 1848 3535 opus
1881 3466 2074 3519 lrahrrit
2113 3466 2268 3519 locus

692 3556 914 3623 quidam
948 3558 1000 3609 in
1056 3558 1349 3619 testudine,
1392 3573 1601 3626 egoque
1647 3573 1772 3611 errnt
1833 3557 2159 3620 instaurari,
2193 3557 2266 3609 ita

693 3657 751 3699 ut
816 3649 952 3700 ttrltil
1010 3649 1228 3701 interim
1278 3650 1574 3711 diruerint,
1610 3650 1741 3702 nihil
1803 3649 2131 3703 addiderim.
2187 3648 2263 3701 Illi

689 3748 869 3793 autem
908 3741 1003 3809 qui
1042 3742 1420 3795 testimonium
1476 3742 1763 3810 perhibent
1798 3751 1989 3795 contra
2046 3757 2131 3794 nte
2184 3751 2264 3793 te-

690 3842 905 3885 stantur
967 3833 1294 3886 testudinem
1352 3833 1614 3886 minorem
1677 3832 1849 3885 fuisse
1900 3847 2065 3901 quam
2118 3847 2266 3886 nunc

690 3932 791 3985 est,
831 3937 1022 3990 meque
1052 3923 1098 3975 ei
1125 3922 1400 3975 addidisse
1435 3938 1449 3985 ;
1482 3926 1781 3991 in.err0get
1810 3937 1938 3991 ergo
1982 3926 2132 3991 ipsos
2165 3924 2262 3975 im-

692 4026 925 4082 perator,
960 4022 1161 4081 quanti
1201 4014 1364 4067 fuerit
1409 4014 1701 4066 testudinis
1744 4029 1922 4082 partite
1953 4028 2137 4081 quam,
2185 4014 2263 4065 uti

692 4116 996 4170 autumant,
1028 4106 1199 4169 dirui,
1232 4108 1511 4160 crassities
1544 4115 1857 4174 quantaque
1890 4104 2049 4171 hujus
2099 4119 2261 4173 quam

691 4200 933 4254 essu-nsi
978 4210 1143 4266 atqrre
1193 4198 1512 4265 ampliorem
1546 4196 1673 4259 l'eci,
1718 4212 1827 4265 quo
1856 4198 1995 4251 sciat
2027 4198 2263 4263 impera-

693 4302 778 4343 tur
812 4301 1073 4359 quantum
1123 4291 1191 4343 sit
1241 4291 1382 4343 inter
1432 4296 1721 4356 utramque
1774 4303 1804 4341 a
1857 4304 1943 4343 tlte
1998 4287 2261 4341 additum.

693 4386 878 4453 Neque
911 4389 1053 4440 enim
1089 4402 1328 4455 unquam
1378 4390 1483 4439 hoc
1516 4385 1659 4439 scire
1694 4393 1946 4452 possunt.
2005 4382 2099 4436 Die
2135 4398 2263 4449 ergo

694 4480 935 4530 crastino
962 4478 1244 4531 accersitis
1273 4475 1486 4529 'l‘homa
1528 4477 1843 4545 patriarcha
1885 4484 1939 4528 et
1968 4474 2264 4527 comitibus

2375 3295 2606 3349 eantque
2637 3281 2919 3348 ingressus
2943 3283 3027 3335 die
3052 3281 3302 3344 Veneris,
3337 3286 3539 3339 mensis
3566 3286 3627 3337 Al
3652 3286 3960 3340 Maltarram

2374 3386 2541 3434 nono,
2577 3385 2720 3424 anno
2762 3370 2935 3439 llejra:
2962 3373 3336 3426 ducentesimo
3366 3376 3578 3427 decimo
3608 3379 3858 3443 septimo,
3894 3393 3960 3431 ac

2376 3460 2553 3527 primo
2580 3461 2784 3514 mensis
2816 3458 3027 3530 Saphar
3056 3463 3119 3514 ad
3155 3462 3217 3515 Al
3246 3461 3517 3515 Bimaidas
3544 3465 3818 3530 profectus
3847 3476 3958 3530 est;

2376 3551 2498 3604 dein
2538 3551 2606 3603 ab
2639 3552 2770 3620 ipsis
2804 3568 3057 3605 reversus
3116 3553 3371 3607 Hetsraru
3421 3564 3475 3608 ct
3508 3553 3831 3607 Pirustatunt
3874 3558 3960 3608 iu-

2375 3658 2597 3711 gressu;
2650 3656 2735 3697 est
2784 3644 2871 3696 die.
2925 3644 3173 3707 Sahbati,
3209 3646 3413 3699 mensis
3470 3647 3684 3714 Sapltar
3737 3649 3957 3702 decimo

2376 3743 2594 3796 quarto,
2626 3744 2785 3804 atque
2821 3751 2884 3789 ex
2921 3734 3153 3803 .‘Egypto
3188 3738 3450 3793 discessit
3477 3756 3662 3793 rrtense
3695 3743 3755 3792 At
3785 3741 3957 3795 llahia

2372 3828 2539 3895 priori
2571 3827 2811 3893 ejusdem
2860 3828 3010 3880 anni.
3042 3828 3178 3881 Cum
3216 3838 3397 3882 autem
3433 3829 3487 3881 irt
3537 3829 3828 3899 {Egyptunt
3864 3848 3958 3884 ve-

2376 3917 2544 3970 nisset
2582 3920 2642 3969 Al
2691 3916 2935 3981 Mamurr,
2980 3919 3171 3971 turrim
3212 3920 3318 3972 sibi
3353 3922 3625 3974 exstruxit
3663 3923 3716 3975 irt
3768 3932 3955 3977 monte

2372 4008 2433 4059 Al
2464 4006 2779 4070 Molsattant,
2817 4008 2867 4061 in
2902 4022 3009 4077 qua
3059 4008 3220 4071 sedit,
3256 4010 3637 4079 appellataque
3677 4021 3762 4065 est
3809 4012 3956 4064 Koh-

2372 4098 2519 4153 batol
2564 4098 2728 4153 llawa
2779 4099 2973 4171 [turris
3010 4100 3319 4170 desiderii].
3370 4103 3611 4156 Aderant
3658 4115 3837 4154 autem
3893 4106 3955 4155 At

2372 4190 2612 4245 Mamurri
2644 4192 2970 4246 cubicularii
2999 4192 3110 4244 duo
3148 4192 3470 4255 Christiani,
3508 4195 3603 4262 qui
3638 4208 3762 4247 eum
3793 4196 3954 4265 longe

2371 4283 2628 4337 abessent
2686 4282 2936 4336 ecclesiae
2959 4298 3081 4351 qua:
3114 4282 3168 4335 in
3204 4283 3406 4351 palatio
3436 4294 3615 4347 erant,
3646 4287 3859 4353 c0piaur
3888 4290 3957 4339 ah

2370 4373 2432 4425 Al
2466 4370 2715 4426 Mantune
2748 4373 3107 4441 impetrarunt
3136 4374 3424 4428 ecclesiam
3458 4376 3509 4428 in
3537 4390 3640 4443 qua
3670 4392 3827 4429 orare
3856 4394 3956 4444 po-

2371 4472 2578 4524 terant,
2630 4464 2955 4526 :edilicandi,
3009 4480 3131 4533 qua:
3182 4480 3211 4517 a
3257 4464 3512 4519 Kobbatil
3564 4466 3725 4521 llawa
3788 4486 3961 4540 prope

695 4571 890 4637 ipsius,
947 4570 1176 4623 aderam
1232 4570 1394 4622 etiam
1456 4567 1743 4631 Mosicmii'
1782 4566 1873 4635 qui
1911 4568 2091 4619 [csum
2150 4573 2275 4618 ευηι
2309 4548 2349 4601 D
2380 4554 2591 4605 altesset
2624 4571 2633 4604 :
2668 4553 2813 4622 qrrod
2854 4555 2946 4606 illo
2982 4555 3113 4622 ipsis
3158 4556 3512 4619 concedente,
3561 4567 3956 4613 exstruxerunt

698 4672 912 4714 auctam
951 4662 1121 4715 fuisse.
1155 4662 1507 4721 testudinem,
1542 4669 1727 4712 contra
1761 4672 1899 4726 quos
1929 4673 1993 4711 eo
2018 4673 2147 4710 usus
2188 4667 2270 4709 est

697 4758 1022 4819 argumento
1056 4749 1315 4803 Thomas.
1380 4748 1524 4802 Dixit
1571 4749 1733 4816 igitur
1772 4749 1906 4817 ipsis
1940 4746 2263 4801 Obaidollah

698 4840 810 4893 lion
863 4838 1168 4894 leralteri:
1205 4840 1399 4894 Verum
1436 4851 1519 4896 est
1573 4840 1714 4909 qrrod
1769 4841 2076 4909 praetendit,
2118 4841 2262 4907 quod

696 4943 878 4984 r-tnos
912 4932 1013 4999 ipsi
1066 4931 1529 4999 conﬁrmabimus,
1591 4930 1832 4997 lndicate
1886 4931 2016 4984 tttilri
2070 4940 2271 4999 quanta

696 5032 814 5075 erat
852 5023 1143 5078 testudinis
1183 5033 1473 5092 antequam
1526 5023 1704 5076 diruta
1760 5008 1887 5083 fuit,
1941 5024 2272 5077 crassities?

696 5123 1009 5181 quantaque
1082 5114 1183 5166 hoc
1232 5112 1523 5183 tempore?
1579 5111 2052 5182 Respondentibus
2094 5114 2267 5180 ipsis:

702 5206 944 5257 Nostrae
973 5204 1401 5271 explorahimus,
1457 5204 1761 5258 dissolutus
1814 5211 1897 5256 est
1953 5218 2266 5265 consessus,

697 5294 1088 5365 profectosque
1118 5304 1199 5350 est
1228 5294 1549 5349 Obaidallah
1584 5294 1701 5347 Ebn
1755 5292 2011 5347 Tdhaher
2074 5294 2267 5347 Dama-

699 5402 850 5442 scum
877 5403 892 5440 :
930 5385 1167 5441 Thomas
1194 5397 1373 5441 autem
1400 5386 1732 5455 patriarcha,
1760 5393 1811 5440 et
1839 5386 2064 5440 comites
2098 5386 2266 5454 ipsius

700 5480 1075 5551 "lr'l’OStllylllzl
1158 5480 1361 5533 reversi
1425 5484 1551 5533 sunt
1615 5479 1814 5547 gaudio
1860 5477 2058 5532 atl'eeti.
2114 5477 2267 5531 Dedit

697 5587 825 5639 ergo
862 5569 1102 5625 'l‘houras
1134 5570 1440 5639 patriarcha
1483 5571 1621 5637 [serti
1674 5570 1763 5623 isti
1819 5568 2266 5623 Molramnredano

698 5663 844 5715 trtrlle
878 5676 1104 5725 auri-os;
1142 5677 1242 5715 nec
1272 5660 1551 5715 desierunt
1578 5659 1824 5715 exhiberi
1876 5660 1977 5728 ipsi
2009 5658 2265 5713 dentensa

699 5763 757 5807 et
802 5764 922 5822 post
979 5755 1154 5821 ipsum
1203 5754 1387 5808 liberis
1438 5754 1629 5821 ipsius,
1685 5768 1785 5807 nec
1817 5766 1924 5805 non
1968 5752 2263 5805 liberorum

694 5845 907 5910 liberis,
973 5846 1145 5900 donec
1204 5845 1351 5900 haud
1414 5854 1729 5915 superesset
1791 5859 1855 5899 ex
1929 5843 2062 5913 ipsis
2099 5841 2265 5913 428

2368 4646 2655 4698 ecclesiam
2694 4644 2908 4699 Sancta:
2952 4645 3156 4710 Mari-.e,
3215 4663 3334 4716 que
3372 4650 3525 4717 juxta
3574 4661 3794 4717 pontem
3840 4664 3945 4711 est,

2368 4748 2531 4805 atque
2562 4736 2720 4790 hodie
2752 4738 3057 4805 appellatur
3087 4738 3329 4791 Ecclesia
3375 4738 3775 4805 Romanorum,
3826 4761 3949 4797 curti

2368 4838 2524 4879 antea
2569 4839 2857 4882 vocaretur
2905 4829 3148 4883 Ecelesia
3185 4829 3418 4883 dnorrnrr
3454 4829 3953 4887 cubiculariorum.

2366 4919 2561 4972 Fertur
2593 4921 2740 4988 ipsos
2767 4935 2887 4974 eam
2914 4922 3256 4976 exstruxisse
3290 4922 3535 4990 reliquiis
3561 4923 3778 4976 aedilicii
3810 4924 3956 4977 Koh-

2370 5012 2504 5065 batil
2561 5010 2752 5065 llawa.
2810 5009 3307 5065 Exstrtuit'etiam
3351 5013 3649 5067 AlMantuu
3711 5016 3763 5069 in
3818 5021 3950 5071 Said

2368 5104 2588 5174 regione
2614 5102 2933 5172 Egyptiaca
2966 5104 3296 5167 columnam,
3329 5120 3438 5172 quo
3465 5105 3825 5173 dignOSCaInr
3849 5110 3952 5161 .\'itr

2367 5199 2789 5259 incrementum,
2827 5198 2953 5248 loco
3001 5198 3093 5263 qui
3132 5194 3335 5250 Shurat
3386 5202 3693 5268 appellatur
3742 5201 3795 5253 in
3834 5204 3956 5257 rico

2376 5286 2708 5340 Babanudah
2752 5286 2921 5340 dicto.
2970 5286 3301 5341 lnstaurarit
3362 5289 3501 5342 idertr
3552 5305 3869 5346 mensuram
3901 5295 3952 5346 in

2376 5378 2644 5433 Achmitn.
2691 5378 2770 5432 Ad
2800 5378 2862 5432 At
2892 5378 3201 5433 Mamunem
3228 5379 3389 5449 432
3422 5391 3605 5435 autem
3656 5384 3953 5450 accedens,

2376 5473 2639 5527 [locamus
2668 5471 3020 5527 Christianus
3041 5489 3069 5527 e
3105 5472 3262 5527 Burre
3290 5473 3506 5539 incolis,
3545 5474 3631 5528 ille
3662 5476 3753 5544 qui
3789 5492 3952 5530 num-

2378 5581 2497 5620 nros
2532 5566 2679 5619 misit
2707 5566 2772 5619 ad
2801 5566 3212 5621 instattrandarn
3244 5567 3537 5621 ecclesiam
3573 5566 3957 5623 Resurrectio—

2374 5658 2479 5719 nis,
2506 5657 2574 5711 ab
2596 5658 2685 5711 illo
2716 5660 2869 5727 petiit
2902 5668 2958 5713 ut
2988 5659 3142 5714 Bura
3168 5662 3531 5729 prmliceretur
3561 5662 3735 5716 (dives
3767 5673 3951 5715 autem

2372 5749 2661 5803 atmodum
2692 5749 2837 5820 fuit),
2867 5753 2951 5805 cni
2991 5752 3053 5805 Al
3080 5752 3323 5817 Mamun,
3360 5751 3691 5821 Religionem
3724 5755 3951 5825 (inquit)

2374 5842 2854 5899 Ilolrantmcdicam
2886 5846 3234 5914 amplectere,
3286 5845 3506 5916 erisque
3542 5846 3674 5899 mihi
3728 5861 3943 5910 servus,
