4210 6428
254 455 390 517 ΗΒΊ

1692 433 2052 491 ΑΝΝΑιΕς.

3335 433 3473 494 1134

250 580 317 618 ac
354 573 408 616 te
446 561 773 631 praeﬁciam;
823 555 1111 620 respondet
1147 550 1430 610 Bocamns,
1484 546 1803 615 Imperatori
1833 549 1883 605 Α
1911 549 2277 613 pendentibus
2321 565 2349 597 υ
2398 544 2630 598 ducibus
2681 545 2743 596 Al
2774 543 3043 598 Mamunis
3095 546 3373 599 nonnullis
3410 548 3476 598 ad

251 655 493 710 lidelium
545 662 827 706 servorum
864 640 1436 698 Mobammedanornm
1475 639 1675 706 myrias
1703 644 1805 700 est,

247 761 427 800 annon
455 744 559 798 erit
594 753 736 792 unus
775 751 968 789 servus
999 730 1382 786 Christianus?
1430 727 1634 781 Ridens
1683 741 1811 795 ergo

252 836 572 906 AllMainun
603 830 703 898 ipsi
745 826 1121 896 praefecturam
1167 821 1322 875 Bura:
1352 828 1408 874 et
1446 821 1683 872 locorum
1714 820 1813 872 ad-

245 922 541 997 jacentium
571 919 861 974 commisit.

338 1012 591 1067 Condidit
616 1025 743 1079 ergo
771 1008 924 1059 Bura:
970 1003 1166 1055 multas
1223 1000 1481 1054 ecclesias
1530 995 1809 1065 pulchras.

250 1102 412 1157 Juxta
445 1103 667 1171 januam
716 1105 896 1150 autem
938 1094 1134 1147 a-dinm
1185 1093 1354 1159 ipsius
1387 1099 1504 1141 erat
1556 1088 1813 1156 templum

250 1187 789 1267 [Mohammedicum]
836 1202 1145 1241 commune.
1196 1182 1343 1235 Dixit
1372 1194 1501 1249 ergo
1531 1180 1685 1233 Bura:
1734 1180 1817 1231 in-

251 1288 388 1343 colis
437 1280 945 1337 Mohammedanis:
992 1274 1296 1331 JEdilicabo
1346 1272 1499 1327 vobis
1559 1271 1815 1337 templum

252 1389 541 1433 commune
592 1371 756 1434 aliud,
800 1371 845 1425 si
888 1368 1145 1434 templum
1193 1365 1328 1426 hoc,
1362 1364 1504 1432 quod
1552 1360 1814 1430 jnxtaja-

253 1481 419 1520 nnam
449 1463 646 1518 domus
692 1476 820 1515 mea:
848 1468 954 1520 est,
980 1455 1281 1510 dirueritis.
1328 1454 1426 1507 Cui
1460 1450 1770 1507 Moslemini
1803 1464 1815 1498 :

254 1555 490 1609 Exstrue
520 1552 778 1621 templum
811 1549 979 1610 aliud,
1011 1562 1110 1600 nos
1152 1543 1419 1614 [interim]
1464 1544 1567 1596 hoc
1604 1541 1659 1593 in
1692 1550 1823 1592 tem-

256 1648 349 1715 plo
377 1644 685 1701 arabimus,
714 1649 765 1689 at
790 1652 910 1689 cum
946 1637 1205 1703 templum
1248 1632 1376 1686 illud
1410 1629 1732 1692 absolveris,
1766 1630 1820 1681 in

262 1750 328 1789 eo
359 1733 661 1793 orabimus,
696 1740 859 1797 atque
894 1728 993 1780 hoc
1036 1727 1337 1779 diruemus.
1386 1720 1665 1775 Exstruxit
1694 1734 1822 1788 ergo

260 1823 518 1890 templum
567 1834 846 1889 magnum,
900 1819 1219 1887 pulchrum;
1270 1813 1413 1881 quod
1468 1828 1590 1865 cum
1642 1811 1819 1865 absol-

258 1914 447 1975 visset,
493 1911 678 1965 dixit:
714 1910 917 1964 Solvite
962 1907 1092 1960 mihi
1146 1906 1290 1972 quod
1336 1904 1706 1972 promisistis,
1764 1917 1827 1957 ac

262 2005 520 2071 templum
566 2002 709 2070 quod
746 2001 813 2054 ad
847 2000 1070 2068 janualn
1104 2011 1278 2049 meam
1316 2007 1420 2057 est,
1472 1995 1673 2049 diruite
1699 2012 1713 2047 :
1742 1992 1831 2048 cui

263 2093 562 2150 illizlland
600 2093 919 2161 permissum
971 2100 1055 2143 est
1105 2088 1263 2141 nobis
1312 2088 1576 2156 religione
1622 2096 1831 2149 nostra,

262 2197 321 2237 ut
354 2186 609 2253 templum
648 2184 700 2236 in
745 2198 855 2251 quo
901 2184 1212 2244 oravimus,
1247 2182 1311 2233 ad
1350 2195 1538 2249 preces
1571 2194 1834 2234 convoca-

257 2277 462 2338 vimus,
497 2284 549 2328 et
577 2274 955 2337 convenimus,
992 2273 1303 2333 dirnamns,
1340 2286 1681 2338 nequaquam
1731 2271 1833 2322 hoc

258 2366 526 2436 permittit
572 2365 764 2433 religio
816 2375 999 2416 nostra
1038 2381 1050 2416 :
1100 2378 1165 2415 eo
1214 2379 1341 2431 ergo
1398 2378 1506 2431 quo
1554 2378 1613 2415 se
1647 2362 1833 2414 habuit

258 2467 403 2511 statu
435 2458 682 2510 relictum
714 2465 797 2509 est
845 2454 1201 2524 433-ﬁ35
1240 2454 1527 2521 templum;
1564 2461 1724 2521 atque
1759 2454 1830 2505 ita

260 2547 419 2600 Bura:
471 2546 577 2601 duo
609 2546 828 2601 fuerunt
870 2548 1065 2613 templa
1118 2546 1170 2596 in
1214 2545 1413 2613 quibus
1443 2546 1823 2610 convenirent;

260 2654 492 2709 quorum
536 2640 591 2691 in
635 2638 739 2691 hoc
775 2654 880 2690 una
906 2638 994 2688 die
1026 2634 1273 2695 Veneris,
1306 2634 1357 2687 in
1392 2635 1480 2687 illo
1514 2635 1678 2688 altera
1704 2650 1825 2687 ora-

262 2734 410 2783 bant.
447 2730 715 2781 Bocamus
750 2740 899 2787 vero,
925 2740 1046 2779 cum
1074 2734 1215 2779 esset
1242 2726 1360 2777 dies
1387 2718 1628 2786 Veneris,
1658 2725 1824 2777 vesti-

263 2822 367 2873 bus
416 2818 584 2888 nigris
632 2817 901 2877 indutus.
954 2817 1238 2884 gladioque
1282 2830 1348 2869 ac
1397 2816 1576 2869 balteo
1617 2816 1831 2870 cinctus

261 2925 405 2977 equo
444 2910 766 2970 vehebatur,
805 2908 1099 2961 comitibus
1147 2908 1260 2960 suis
1313 2908 1567 2975 stipatus,
1597 2921 1834 2974 cumque

264 3004 327 3055 ad
363 3001 615 3069 templum
648 3000 887 3053 venisset
916 3000 987 3052 ibi
1018 2999 1345 3061 sustinebat,
1378 2997 1710 3065 ingrediente
1737 2998 1833 3051 de-

264 3104 453 3161 putato
491 3093 684 3160 ipsius,
734 3092 826 3159 qui
886 3090 1371 3143 Mohammedanus
1424 3088 1543 3152 fuit,
1600 3098 1658 3142 ut
1706 3104 1831 3141 cum

263 3184 468 3253 pepulo
516 3192 722 3244 oraret,
754 3192 809 3235 et
843 3181 1055 3235 chalifae
1104 3182 1323 3235 nomine
1368 3188 1667 3235 memorato
1698 3195 1832 3233 con—
1867 3216 1910 3274 ο

263 3278 478 3330 cionem
502 3275 752 3337 haberet;
784 3289 844 3327 ac
866 3282 978 3327 tum
1012 3274 1078 3327 ad
1103 3274 1274 3342 ipsum
1298 3273 1629 3343 egrediente.
1654 3273 1843 3340 Neque

265 3370 547 3423 desierunt
568 3367 861 3421 Christiani
902 3378 1077 3429 vestes
1105 3368 1288 3435 nigras
1312 3368 1560 3429 induere,
1596 3381 1656 3419 ac
1687 3368 1842 3436 equis

267 3458 412 3520 vehi,
450 3472 622 3525 usque
648 3457 712 3509 ad
746 3466 960 3524 tempus
991 3457 1053 3520 Al
1083 3456 1470 3509 Motawaceeli.
1535 3458 1838 3510 Reversus-

266 3563 379 3616 que
405 3560 487 3601 est
511 3550 572 3599 AI
601 3548 814 3599 Manum
857 3547 1189 3614 Bagdadum.
1214 3547 1608 3600 Constantinus
1629 3556 1833 3613 autem,

268 3638 636 3705 Nicephorum
686 3636 970 3690 Estabraki
1024 3636 1193 3689 lilium
1240 3650 1556 3705 superatum
1612 3652 1733 3689 cum
1780 3637 1832 3688 in

270 3737 591 3798 potestatem
637 3743 789 3781 suam
844 3727 1178 3794 redegisset,
1232 3724 1491 3779 Romanis
1532 3727 1837 3795 imperavit.

267 3818 440 3873 Porro
470 3819 533 3870 Al
557 3817 798 3881 Mamun,
831 3827 941 3871 tres
978 3818 1030 3869 in
1089 3821 1273 3871 hostes
1312 3817 1689 3884 expeditiones
1721 3834 1843 3870 sus-

269 3911 430 3977 cepit,
462 3923 691 3976 quarum
721 3908 904 3959 ultima
939 3906 1040 3958 fuit
1065 3922 1210 3959 anno
1230 3906 1601 3961 ducentesimo
1633 3907 1844 3960 decimo

270 4012 485 4060 octavo,
506 4008 562 4051 et
579 4013 700 4051 eum
722 3998 1170 4051 Albadandunam
1196 3997 1551 4065 pervenisset,
1582 3996 1650 4049 ibi
1677 4013 1849 4065 :egro-

277 4091 430 4151 tavit,
478 4091 729 4158 diemque
760 4088 916 4142 obiit.
953 4089 1208 4143 Gestatus
1237 4099 1321 4141 eSt
1363 4103 1492 4154 ergo
1532 4103 1595 4141 ac
1628 4090 1677 4141 in
1716 4089 1847 4141 urbe

272 4179 446 4232 Tarso
473 4180 740 4247 sepultus.
778 4178 1081 4233 Chalifatus
1104 4179 1226 4245 ejus
1251 4193 1314 4231 ex
1354 4192 1461 4245 quo
1490 4179 1541 4228 in
1568 4177 1847 4231 Chorasan

273 4269 470 4322 chalifa
498 4270 769 4324 salutatus
803 4280 886 4323 est
919 4286 1184 4325 annorum
1224 4270 1323 4323 fuit
1356 4268 1543 4336 viginti
1578 4268 1845 4319 duorum:

275 4363 413 4414 obiit
441 4378 617 4416 annos
652 4371 815 4415 natus
843 4363 1199 4430 quadraginta
1233 4373 1375 4423 octo,
1430 4376 1614 4414 mense
1651 4360 1842 4429 Rajeb,

276 4470 420 4505 anno
465 4454 842 4507 ducentesimo
890 4454 1101 4506 decimo
1137 4464 1353 4507 octavo.
1402 4452 1682 4507 Candidus
1725 4461 1843 4505 erat

278 4542 509 4595 admista
550 4541 853 4601 ﬂavedine.
910 4543 1045 4593 facie
1081 4550 1338 4603 venusta,
1386 4541 1549 4593 barba
1576 4542 1842 4609 promissa

277 4648 341 4685 ac
366 4633 595 4685 multum
632 4643 975 4687 canescente.
998 4634 1339 4687 Satellitibus
1371 4633 1541 4702 ipsius
1562 4633 1846 4702 praefectus

278 4723 378 4777 fuit
409 4723 604 4777 Zobair
638 4724 751 4777 Ebn
774 4723 1048 4794 Masaiyeb
1078 4723 1400 4778 Dobbensis.
1441 4723 1643 4777 Deinde
1669 4722 1847 4777 Tdha—

279 4812 373 4864 her
406 4812 578 4864 Ebnol
601 4810 838 4875 llosain;
872 4814 925 4864 in
968 4829 1062 4866 eos
1101 4814 1265 4865 etiam
1299 4824 1625 4880 potestatem
1656 4815 1846 4867 habuit

277 4900 441 4972 536
471 4901 620 4956 Isaac
651 4904 770 4958 Ebn
816 4905 1103 4958 Abrahim.
1138 4902 1349 4959 Janitor
1382 4908 1553 4975 ipsius
1600 4909 1699 4960 fuit
1721 4924 1843 4961 cum

277 4991 333 5044 in
360 4993 674 5046 Chorasano
705 5001 867 5056 esset,
906 4994 1191 5047 Alllusain
1234 4996 1349 5049 Ebn
1392 4998 1491 5049 Abi
1544 4997 1691 5059 Said,
1732 5006 1845 5050 tum

280 5082 366 5134 Ali
413 5081 526 5134 Ebu
562 5085 662 5137 Abi
711 5085 897 5137 Salehi
927 5082 1106 5138 Saheb
1157 5086 1219 5138 Al
1252 5086 1509 5140 Mosailze.
1548 5089 1847 5142 Plurimum

281 5173 419 5240 apud
452 5187 575 5226 eum
601 5177 797 5242 potuit,
832 5177 987 5229 initio
1015 5176 1308 5231 chaliiatus
1338 5179 1530 5246 ipsius,
1558 5179 1653 5231 Dul
1685 5178 1849 5247 lliya-

282 5264 459 5317 satain
483 5266 545 5317 Al
569 5266 803 5320 l’hadlus
827 5265 941 5319 Ebn
976 5267 1181 5323 Sabali.
1211 5268 1347 5320 Tum
1373 5278 1489 5337 post
1516 5286 1638 5322 eum
1673 5270 1849 5333 multi,

282 5371 313 5407 e
339 5354 561 5422 quibus,
595 5359 655 5408 Al
683 5356 886 5410 ilosain
926 5358 1040 5411 Ebn
1081 5359 1285 5424 Sabali,
1316 5361 1481 5412 Umar
1532 5359 1647 5413 Ebu
1683 5359 1851 5424 Saidi,

286 5456 339 5500 et
372 5448 577 5502 Ahmed
614 5448 727 5503 Ebn
767 5451 863 5503 Abi
898 5452 1146 5505 Chaledi.

709 5540 1005 5608 Cliulifatus
1037 5543 1101 5593 Al
1140 5542 1438 5595 Momsemi.

360 5630 568 5685 Chaliia
619 5636 955 5685 renuntiatus
1005 5648 1086 5689 est
1126 5636 1183 5688 ΑΙ
1221 5620 1520 5700 Motasem,
1566 5638 1655 5705 qui
1713 5637 1851 5691 idem

290 5731 373 5773 est
433 5722 752 5781 Abulsaac
805 5708 1145 5779 Mohammed
1193 5726 1306 5779 Ebn
1357 5728 1563 5782 [Iaruni
1594 5728 1854 5783 ‘iltashidi

293 5812 403 5875 (sui
432 5821 606 5867 mater
630 5813 933 5869 concubina
954 5815 1169 5870 nomine
1195 5814 1488 5886 Maredah),
1524 5817 1701 5882 Tarsi,
1736 5833 1857 5889 pro-

1915 636 2016 688 hoc
2048 646 2106 688 nt
2140 638 2201 688 Al
2233 637 2507 690 Abbasnm
2544 635 2604 688 Al
2631 633 2900 689 Mantunis
2934 636 3102 689 lilium
3141 638 3205 688 ad
3251 635 3479 687 cbalila-

1915 735 2023 775 tum
2077 726 2451 791 proveherent.
2490 727 2557 777 At
2590 740 2710 779 cum
2756 721 2821 776 ad
2865 725 3180 794 obsequium
3232 724 3377 778 illius
3420 740 3479 779 se

1917 814 2018 867 fide
2049 816 2174 865 data
2214 816 2586 869 obstrinxerat
2621 816 2683 868 Al
2715 815 2918 878 Ahbas,
2962 816 3098 868 idem
3134 817 3297 870 etiam
3338 831 3478 884 pra:-

1914 909 2169 959 stitcrunt
2198 905 2387 971 reliqui
2425 905 2627 970 duces;
2666 906 2979 975 perlataqne
3010 914 3091 958 est
3137 908 3483 973 inauguratio

1914 996 2242 1063 Bdgdailuln,
2302 996 2390 1047 ubi
2444 994 2601 1047 iidem
2636 998 2682 1048 ei
2743 1000 3018 1065 pollicitus
3048 1006 3129 1050 est
3178 995 3294 1049 Abn
3339 1000 3485 1051 lsaae

1916 1088 2171 1141 Abrahim
2202 1087 2374 1140 Ebnol
2406 1086 2629 1143 Hosain.
2662 1087 2776 1140 Ebn
2808 1088 3044 1141 Mo~aabi
3075 1089 3165 1157 qui
3189 1100 3317 1141 tunc
3352 1098 3488 1141 tem-

1917 1182 2067 1247 poris
2120 1178 2354 1245 Bagdadi
2396 1181 2517 1242 fuit,
2570 1197 2665 1232 nec
2714 1196 2822 1232 non
2874 1182 3199 1249 quicunque
3248 1180 3486 1249 Bagdadi

1918 1277 2074 1319 erant
2115 1265 2454 1321 Hashemidze
2502 1286 2563 1323 ac
2595 1270 2785 1323 duces.
2838 1270 2914 1323 Ad
2968 1272 3290 1338 obsequium
3320 1272 3490 1324 etiam

1916 1362 2103 1430 cjusse
2143 1360 2438 1411 obstrinxit
2466 1361 2735 1414 Abdollah
2775 1362 2889 1414 Ebu
2942 1360 3213 1415 Tdhahcri
3250 1364 3303 1415 in
3335 1363 3488 1416 Choo

1924 1466 2139 1513 rasano,
2170 1466 2402 1519 eumque
2437 1452 2498 1502 Al
2531 1452 2885 1506 Motasemum
2936 1453 3251 1522 appellavit.
3298 1452 3491 1508 Perve-

1924 1541 2001 1593 nit
2032 1551 2211 1594 autem
2270 1542 2333 1593 Al
2390 1542 2645 1595 Motasem
2706 1542 3016 1611 Bagdadnm
3069 1545 3235 1597 initio
3294 1545 3496 1598 mensis

1924 1632 2244 1697 Ramalani,
2298 1648 2444 1686 anno
2489 1634 2864 1688 ducentesimo
2916 1637 3127 1689 decimo
3180 1647 3369 1690 octavo
3400 1675 3414 1698 ,
3465 1652 3495 1687 a

1925 1738 2029 1791 qua
2057 1740 2158 1776 non
2202 1725 2457 1779 discessit
2500 1740 2674 1794 usque
2714 1726 2779 1779 ad
2814 1742 3018 1779 annum
3054 1727 3495 1779 ducentesimum

1925 1818 2282 1889 437-439
2319 1822 2653 1874 tricesimum
2701 1822 3025 1874 secundum.
3057 1820 3191 1872 Tum
3241 1820 3501 1873 Sarmen-

1939 1912 2109 1965 raiam
2162 1912 2434 1978 profectus
2490 1927 2607 1964 eam
2670 1929 2825 1965 nmro
2884 1913 3095 1975 cinxit,
3147 1911 3334 1978 ibique
3376 1925 3501 1962 cum

1938 2001 2269 2055 exercitibus
2296 2003 2410 2055 suis
2445 2002 2625 2055 sedem
2656 2001 2805 2066 fixit;
2844 2004 3011 2056 misso
3045 2004 3328 2071 Aphsbino
3358 2000 3506 2055 Con-

1939 2093 2106 2147 darao
2161 2094 2277 2147 Ebn
2331 2092 2493 2147 Causi
2547 2101 2736 2147 contra
2793 2094 3065 2147 Tabacnm
3124 2095 3503 2146 Iormensem:

1940 2186 2096 2254 cujus
2131 2186 2261 2240 urbe
2311 2194 2615 2255 expugnata
2676 2185 2852 2253 ipsum
2890 2185 3128 2238 vinetum
3168 2202 3289 2238 cum
3342 2186 3506 2238 sociis

1940 2280 2051 2333 suis
2087 2279 2332 2332 abduxit.
2384 2278 2505 2331 Fuit
2549 2276 2881 2346 expugnatio
2929 2279 3029 2329 ista
3080 2292 3265 2329 mense
3308 2276 3508 2329 Hama-

1938 2370 2079 2423 dano
2096 2370 2221 2423 anni
2249 2368 2605 2423 ducentesimi
2632 2368 2869 2421 vicesimi
2902 2368 3148 2420 secundi.
3175 2366 3320 2420 Misit
3345 2368 3505 2421 etiam

1938 2462 2136 2529 Ajifum
2170 2459 2285 2511 Ebn
2332 2460 2563 2511 Anbasa:
2597 2467 2786 2511 contra
2854 2456 2917 2509 Al
2946 2457 3156 2521 Zottos,
3208 2459 3298 2525 qui
3347 2458 3399 2510 in
3444 2458 3506 2511 AI

1940 2551 2172 2619 Batayeh
2202 2549 2511 2622 [paludibus
2540 2552 2677 2604 inter
2697 2550 2884 2602 Waset
2911 2560 2963 2602 et
2993 2549 3237 2620 Basrani]
3270 2550 3509 2617 luerunt,

1941 2657 2075 2711 quos
2105 2643 2349 2711 captivos
2383 2658 2569 2695 secum
2621 2642 2868 2695 abduxit.
2911 2641 2972 2693 Al
2996 2640 3201 2694 Maziail
3261 2642 3424 2695 etiam
3462 2644 3509 2695 vi

1939 2734 2225 2803 occupavit
2271 2732 2729 2787 Tabarestanum.
2776 2734 2913 2787 Misit
2972 2748 3100 2802 ergo
3148 2734 3508 2786 Abdollahum

1940 2828 2052 2882 Ebn
2105 2828 2376 2880 Tdhaheri
2427 2842 2550 2879 cum
2600 2835 2797 2896 patruo
2847 2843 2948 2880 suo
3002 2826 3066 2878 Al
3099 2825 3274 2879 llasen
3342 2826 3512 2877 Ehuol

1944 2917 2166 2979 llosain.
2200 2916 2292 2985 qui
2325 2917 2502 2985 ipsum
2536 2916 2893 2984 compedibus
2924 2915 3166 2969 vinctum
3220 2918 3282 2966 al
3322 2916 3382 2965 Al
3404 2914 3516 2965 Mn.

1944 3022 2209 3063 lasemum
2250 3009 2496 3062 adduxit.
2546 3006 2773 3061 Intravit
2802 3008 2966 3061 etiam
3021 3008 3082 3057 Al
3110 3006 3370 3058 Motaseiu
3408 3006 3515 3057 lla-

1941 3117 2224 3154 manorum
2282 3100 2528 3168 legiones
2578 3100 2724 3167 ipsas
2770 3108 3165 3166 expugnatum,
3218 3113 3515 3163 secumque

1943 3192 2168 3245 abduxit
2198 3191 2381 3243 lohum
2409 3191 2708 3242 AntiOelii.e
2735 3188 3121 3255 patriarcham,
3156 3199 3208 3241 et
3232 3189 3515 3241 obsidione

1948 3277 2117 3330 cinxit
2148 3276 2334 3330 urbem
2367 3277 2675 3345 Ancyram;
2708 3276 2797 3328 ubi
2832 3276 2991 3329 lobus
3041 3275 3353 3343 patriarcha
3405 3274 3516 3327 lto-

1950 3384 2139 3423 manos
2174 3371 2352 3437 lingua
2398 3369 2641 3421 Romana
2677 3370 2984 3421 allocutus:
3021 3364 3271 3429 Obedite,
3314 3367 3510 3435 inquit,

1947 3460 2080 3527 regi,
2143 3461 2352 3529 ipsique
2407 3460 2669 3513 tributum
2729 3460 2971 3528 pendite.
3034 3459 3226 3512 Melius
3280 3460 3383 3511 hoc
3430 3466 3512 3512 est

1943 3564 2100 3617 quam
2140 3559 2195 3602 ut
2225 3549 2574 3611 occidamini,
2609 3556 2660 3602 et
2689 3547 2885 3616 captivi
2921 3546 3086 3601 fiatis.
3127 3545 3358 3598 Romani
3385 3560 3514 3612 ergo

1951 3638 2207 3691 COlHit‘iiS
2238 3640 2412 3706 ipsum
2443 3652 2503 3689 ac
2530 3637 2799 3705 lapidibus
2829 3638 3126 3705 petierunt.
3159 3636 3219 3688 Al
3250 3634 3511 3687 lllutasem

1951 3736 2130 3781 autem
2162 3737 2371 3794 captam
2403 3727 2869 3792 nrbemAncyratn
2890 3727 3151 3779 incendit.
3181 3724 3315 3777 Tum
3343 3725 3508 3775 Amu-

1951 3820 2085 3871 riam
2141 3818 2448 3885 profectus,
2500 3817 2668 3885 ipsam
2712 3816 2875 3869 etiam
2925 3816 3128 3869 mensis
3176 3814 3353 3884 spatio
3400 3814 3513 3883 (vel

1946 3908 2241 3963 secundum
2284 3908 2429 3961 aliud
2467 3908 2764 3976 exemplar,
2812 3907 3060 3975 pluribus
3097 3907 3399 3972 mensibus)
3422 3908 3517 3957 oh-

1948 4000 2103 4054 sedit.
2138 3999 2298 4053 lobus
2333 4008 2513 4051 autem
2565 3998 2872 4067 patriarcha
2920 3999 3166 4066 quotidie
3209 3997 3276 4051 ad
3332 4011 3514 4049 arcem

1952 4092 2098 4143 SUIUS
2124 4092 2391 4144 accedens
2424 4088 2699 4143 Romanos
2725 4090 2908 4158 lingua
2940 4090 3181 4141 ltomana
3215 4090 3510 4144 allocutus.

1954 4194 2151 4235 metum
2207 4182 2313 4235 illis
2365 4183 2607 4235 incutere
2661 4197 2723 4233 ac
2781 4197 2992 4249 rogare,
3045 4182 3398 4232 attributum
3455 4184 3517 4231 Al

1953 4265 2248 4320 Melasemo
2279 4268 2441 4339 ΜΟ
2474 4268 2665 4321 darent
2715 4284 2824 4336 quo
2854 4272 2919 4320 ab
2956 4271 3084 4335 ipsis
3118 4272 3423 4322 recederet:
3463 4280 3517 4319 et

1951 4357 2025 4408 illi
2059 4366 2112 4409 et
2148 4361 2395 4411 convicia
2427 4369 2481 4412 et
2526 4360 2731 4426 lapides
2764 4361 2815 4411 in
2869 4360 3049 4428 ipsum
3082 4362 3276 4424 jacore.
3332 4360 3516 4427 Neque

1953 4447 2020 4499 ita
2080 4446 2256 4501 facere
2308 4449 2670 4512 destiterunt,
2724 4450 2897 4503 donec
2953 4450 3301 4504 AlMotasctu
3356 4459 3515 4517 capta

1954 4538 2175 4590 Amuria
2233 4540 2433 4591 multos
2479 4540 2529 4590 in
2569 4543 2680 4606 ipsa
2733 4540 3065 4604 trucidaret;
3115 4543 3278 4608 idque
3330 4557 3517 4593 mense

1954 4627 2271 4681 Radamano
2319 4646 2460 4682 anno
2496 4630 2868 4684 ducentesimo
2902 4634 3156 4685 vicesimo
3187 4634 3367 4685 tertio.
3420 4634 3521 4687 lle-

1955 4736 2249 4789 veisnsque
2278 4731 2362 4776 est
2403 4722 2465 4774 Al
2496 4722 2749 4776 Motasem
2779 4732 3065 4793 postquam
3110 4726 3393 4777 Amuriam
3434 4742 3521 4779 ce-

1957 4813 2157 4881 pisset;
2214 4822 2377 4880 atque
2430 4811 2571 4867 inter
2629 4815 2964 4868 redeundum
3021 4826 3269 4867 mortuus
3321 4828 3403 4869 est
3454 4818 3518 4869 Al

1953 4902 2131 4955 Abbas
2161 4904 2223 4955 Al
2249 4902 2517 4957 Mamunis
2547 4904 2706 4958 illius.
2733 4904 2869 4957 iram
2904 4906 3064 4958 etiam
3095 4907 3148 4958 in
3192 4907 3253 4959 Ai
3276 4908 3555 4973 Aphshin'

1948 4994 2199 5060 concepit
2222 5008 2365 5045 anno
2398 4994 2776 5047 ducentesimo
2813 4996 3071 5048 vicesimo
3098 4995 3315 5063 quinto.
3348 4995 3521 5047 Porro

1951 5093 2195 5137 mortuus
2229 5095 2309 5138 νει
2340 5085 2733 5139 Constantinus
2786 5086 3162 5139 Romanorum
3196 5086 3543 5152 imperator,

1948 5172 2147 5240 quibus
2200 5185 2317 5240 post
2369 5173 2546 5240 ipsmn
2608 5176 2900 5243 imperavit
2943 5176 3301 5244 Theophilus.
3360 5178 3518 5230 Anno

1950 5264 2238 5317 clialifatus
2270 5264 2637 5320 AlMotasemi
2673 5278 2871 5335 quarto
2917 5271 3250 5322 constitutus
3289 5278 3373 5324 est
3420 5269 3521 5322 So-

1957 5357 2219 5424 phronius
2256 5358 2561 5424 patriarcha
2595 5360 3011 5422 Alexandrinus,
3046 5361 3140 5428 qui
3194 5376 3367 5414 annos
3410 5370 3541 5413 tre-A.

1957 5447 2131 5498 decim
2192 5446 2361 5509 sedit;
2408 5449 2765 5515 philosophus
2802 5448 2925 5503 είιιίι
2967 5465 3029 5502 ae
3073 5452 3315 5519 sapiens.
3362 5452 3519 5501 Anno

1956 5538 2259 5592 chalilatns
2296 5538 2536 5603 ejusdem
2557 5541 2791 5609 septimo
2824 5544 3157 5597 constitutus
3176 5552 3258 5595 est
3284 5538 3523 5595 Joannes

1957 5632 2261 5703 patriarcha
2320 5631 2885 5702 Hierosolymiianus;
2955 5644 3142 5690 contra
3200 5619 3359 5703 quem
3440 5634 3525 5691 in:

1956 5736 2240 5792 surgentes
2303 5726 2781 5795 Hierosolymitani
2843 5727 2911 5780 de
2966 5728 3083 5795 ipso
3131 5727 3318 5796 eninia
3383 5726 3522 5778 mala

1956 5815 2205 5870 d‘munl
2242 5833 2252 5867 :
2293 5833 2462 5887 quare
2493 5819 2557 5873 ab
2585 5817 2717 5888 ipsis
2744 5832 3007 5884 metuens,
3037 5819 3351 5887 scriptoque
3388 5817 3518 5887 ipsis
