4210 6428
256 384 392 451 1137

1698 373 1842 430 ΑΝΝ
1854 373 1892 428 Α
1904 372 2054 434 LES.

3355 375 3487 439 1133

253 499 422 551 ubera
456 493 806 564 pertingeret,
857 491 1014 560 eique
1051 490 1238 545 tubulo
1269 490 1524 560 plumbeo
1549 488 1692 544 tenui
1752 504 1814 541 ac
1844 483 1892 542 Α
1922 494 2070 539 tutus
2101 493 2186 540 est
2231 484 2456 540 Salmun
2501 484 2740 538 Zarkuni
2776 485 2914 540 illitis
2947 487 3254 553 patriarcha
3301 486 3492 542 Hiero-

251 586 444 659 gracili
480 585 753 647 immisso,
789 583 971 637 locum
1007 582 1123 636 luto
1157 596 1220 636 ac
1257 582 1408 637 calce
1436 596 1503 634 ne
1540 585 1826 650 appareret

259 677 580 739 obduxisse,
613 689 845 742 eninqne
887 672 1105 727 adesset
1151 670 1350 727 festum
1393 680 1597 726 sancta:
1627 669 1826 734 Marim,

259 767 521 822 foramini
554 767 643 820 isti
685 767 767 820 lac
819 764 1113 820 infundere
1148 764 1388 826 solitum,
1417 761 1573 831 cujus
1620 762 1828 830 guttula

255 873 286 912 e
327 869 566 910 mamma
624 854 879 924 imaginis
915 853 1215 907 destillaret
1250 869 1265 905 :
1302 866 1473 920 quare
1518 854 1826 920 peregrina-

251 947 432 1002 tiones
456 947 523 999 ad
553 946 847 1000 ecclesiam
900 945 1060 998 istam
1120 943 1550 1010 instituentibus,
1587 941 1826 996 homini-

251 1041 380 1102 bus,
431 1039 662 1092 multum
697 1037 943 1106 pecunia
991 1037 1238 1091 lucratus
1288 1045 1370 1090 est
1419 1035 1520 1088 hac
1551 1037 1618 1089 de
1662 1031 1827 1087 causa

249 1132 510 1187 aedituus.
548 1130 769 1198 Mittens
797 1146 926 1200 ergo
959 1129 1297 1199 Theophilus
1336 1130 1638 1197 imperator
1688 1114 1828 1181 ima.-

254 1227 386 1292 gine
441 1227 543 1279 ista
595 1225 776 1279 diruta
830 1224 1012 1276 locum
1069 1222 1278 1288 refecit,
1324 1222 1596 1292 iussitque
1651 1221 1829 1274 nullas

249 1321 477 1370 omnino
530 1317 581 1369 in
626 1316 873 1371 ecclesiis
922 1316 1189 1385 imagines
1235 1312 1480 1368 retineri.
1543 1312 1824 1367 Edituum

252 1418 437 1462 autem
467 1409 717 1463 ecclesiae
752 1409 911 1462 istius
946 1408 1125 1476 capite
1152 1406 1423 1460 truncavit
1459 1416 1511 1459 et
1543 1393 1620 1457 ρι’
1654 1406 1824 1458 eccle-

251 1501 352 1554 siis
415 1501 678 1569 imagines
730 1499 990 1562 sustulit,
1041 1497 1252 1574 dicens,
1315 1500 1580 1569 imagines
1627 1499 1818 1552 instar

255 1592 528 1646 idolorum
559 1606 713 1658 esse;
752 1602 806 1645 et
836 1591 929 1660 qui
964 1592 1252 1662 imaginem
1306 1593 1558 1655 coluerit,
1604 1593 1826 1661 perinde

251 1696 378 1735 esse
403 1697 468 1734 ac
500 1681 544 1735 si
577 1681 720 1735 idola
757 1683 982 1736 coleret.
1036 1681 1175 1736 illnc
1207 1691 1386 1737 ortum
1418 1694 1500 1738 est
1529 1683 1674 1756 inter
1709 1684 1819 1736 Ro-

251 1785 447 1824 manos
483 1770 770 1824 dissidium
805 1773 858 1825 in
889 1766 1109 1840 iis'qua:
1141 1770 1203 1824 ad
1259 1773 1522 1842 imagines
1547 1782 1816 1842 spectant.

251 1863 388 1917 adeo
418 1873 474 1915 ut
502 1863 591 1916 alii
628 1864 763 1917 alios
789 1863 1128 1919 inlidelitatis
1163 1864 1488 1919 damnarent
1514 1909 1526 1928 ,
1583 1866 1816 1920 dicenti-

253 1961 357 2014 bus
395 1959 516 2013 aliis
547 1977 562 2014 :
593 1959 696 2026 Qui
732 1959 1026 2030 imaginem
1072 1961 1301 2016 coluerit
1329 1961 1662 2018 infidelitatis
1695 1980 1820 2017 reus

247 2062 368 2118 est;
403 2053 523 2107 aliis
553 2072 568 2108 :
595 2051 695 2117 Qui
718 2068 810 2106 eas
841 2068 951 2106 non
986 2054 1240 2115 coluerit,
1269 2054 1504 2110 inﬁdelis
1531 2067 1632 2110 est.
1663 2056 1817 2122 Quod

247 2159 372 2198 cum
405 2143 646 2198 audisset
673 2142 1016 2212 Sophronius
1044 2145 1352 2213 patriarcha
1384 2145 1811 2208 Alexandrinus,

245 2235 548 2289 orationem
581 2234 792 2300 longam
817 2235 1036 2303 scripsit
1061 2236 1112 2288 in
1147 2251 1251 2304 qua
1288 2237 1581 2303 imaginu'n
1613 2239 1816 2292 cultum

247 2322 511 2386 defendit,
547 2323 650 2376 hoc
685 2323 737 2376 in
765 2339 826 2377 ea
853 2334 1170 2394 argumento
1207 2342 1358 2386 usus,
1390 2326 1817 2394 diCcIts:Dmts,

247 2414 409 2482 cujus
470 2412 614 2468 fama
673 2415 932 2483 gloriosa,
987 2423 1039 2468 et
1098 2431 1292 2469 nomen
1355 2427 1627 2473 sanetum.
1691 2419 1816 2472 Mosi

247 2509 501 2576 przeccpit
561 2515 614 2559 nt
679 2507 730 2561 in
808 2509 1158 2562 tabernaculo
1217 2510 1475 2576 temporis
1553 2510 1817 2580 imagines

245 2599 688 2654 Chernbiuornm
724 2615 921 2653 aureas
979 2599 1262 2665 formaret,
1313 2616 1447 2668 quas
1501 2601 1640 2653 intra
1695 2618 1830 2659 sau-,

245 2690 520 2743 ctuarium
579 2696 860 2750 statueret,
917 2687 1129 2751 deinde,
1173 2687 1314 2752 quod
1375 2687 1536 2759 452
1598 2689 1819 2743 Salonio

245 2779 474 2834 Davidis
532 2781 673 2833 filius
722 2795 846 2834 cum
907 2779 1166 2848 templum
1225 2789 1556 2849 exstrueret,
1615 2784 1665 2835 in
1705 2785 1819 2845 ipso

247 2872 516 2938 imagines
540 2869 978 2924 Cherubinorum
1009 2886 1203 2923 aureas
1238 2873 1575 2938 rcposuerit.
1625 2875 1818 2926 llzci-ns

241 2963 471 3030 insuper
503 2963 684 3015 :.(‘.um
717 2963 936 3030 perlatae
992 2960 1196 3015 fuerint
1248 2976 1276 3014 a
1335 2977 1458 3030 rege
1511 2965 1701 3016 littera!
1749 2969 1812 3019 ad

245 3057 564 3124 praefectum
621 3056 792 3123 ipsius
849 3054 1085 3122 aliquem
1147 3055 1327 3123 sigillo
1374 3059 1520 3125 regio
1571 3057 1815 3128 signare,

1930 576 2316 644 solymitanns.
2361 576 2450 628 ubi
2494 589 2667 628 annos
2701 575 2937 643 quinque
2971 575 3133 637 sedit,
3174 576 3297 630 dein
3350 594 3487 632 mor-

1928 677 2055 745 tuus
2105 677 2211 722 est.
2262 667 2586 722 interfectus
2633 675 2716 720 est
2763 667 3404 724 autemAllMotawacccl
3437 673 3491 725 in

1928 760 2128 828 palatio
2155 775 2255 814 suo
2313 761 2366 811 in
2409 761 2540 830 urbe
2569 774 2730 828 quam
2798 759 3135 824 condiderat,
3199 762 3491 815 Allaafaria

1929 850 2216 917 appellata.
2274 847 2400 901 Fuit
2443 851 2614 903 caules
2673 849 2845 918 ipsius
2894 849 2980 903 die
3040 849 3226 906 Martis
3289 853 3493 908 mensis

1931 939 2166 993 Shawali
2219 939 2419 1002 tertio,
2468 954 2614 992 anno
2666 939 3048 994 ducentesimo
3081 930 3493 1010 quadragesimo

1927 1026 2182 1090 septimo,
2235 1041 2358 1079 cum
2423 1040 2692 1080 annorum
2754 1037 2903 1081 esset
2943 1029 3304 1098 quadraginta
3353 1046 3492 1099 qna-

1927 1127 2092 1172 tuor:
2125 1102 2479 1188 sepultusque
2511 1129 2594 1174 est
2628 1119 2895 1174 Iaafariae.
2928 1121 3047 1175 Fuit
3069 1123 3278 1188 fuscus,
3305 1125 3490 1178 colore

1928 1209 1993 1264 ad
2024 1209 2344 1264 llavedinem
2380 1221 2657 1282 vergente,
2693 1211 2830 1268 facie
2865 1225 3119 1277 venusta,
3153 1216 3492 1286 mystacibus

1929 1304 2088 1366 raris,
2128 1303 2304 1357 oculis
2337 1305 2743 1373 grandioribus.
2779 1303 3088 1362 Satellitum
3141 1309 3312 1376 ipsius
3354 1325 3492 1377 pra!-

1926 1395 2099 1448 fectus
2127 1395 2227 1448 fuit
2251 1395 2405 1449 Isaac
2436 1395 2549 1450 Ebn
2588 1399 2892 1476 Abrahim;
2933 1416 3105 1468 eoque
3138 1412 3354 1456 mortuo
3402 1416 3491 1456 ac-

1925 1488 2120 1542 cedens
2152 1487 2491 1542 Mohammed
2525 1490 2635 1543 Ebn
2669 1492 2976 1557 Abdollahi,
3011 1493 3126 1547 Ehn
3159 1494 3436 1556 Tdhaher,
3464 1511 3495 1548 e

1927 1578 2268 1644 Chorasano,
2321 1580 2512 1634 iisdem
2563 1581 2852 1649 praefectus
2905 1594 3005 1638 est.
3044 1583 3257 1639 Ianitor
3318 1585 3492 1654 ipsius

1934 1670 2304 1727 Wasif.Turca
2331 1690 2346 1736 ;
2381 1656 2442 1726 ac
2478 1677 2597 1742 post
2630 1674 2806 1742 ipsum
2842 1675 2969 1729 Said
3003 1676 3120 1730 Ehn
3152 1678 3313 1731 Saleh
3342 1697 3355 1740 ;
3388 1695 3488 1732 nec.

1931 1778 2035 1816 non
2087 1762 2300 1832 Bagaus
2341 1765 2541 1818 Turea.
2577 1764 2790 1819 Janitor
2829 1767 3143 1821 ordinarius
3178 1768 3344 1822 Jacob
3371 1769 3487 1824 Ebn

1925 1853 2220 1908 Abrahim:
2253 1853 2451 1907 deinde
2504 1854 2808 1916 Kausarah,
2855 1865 2908 1908 ct
2961 1855 3101 1908 Atab
3155 1856 3267 1909 Ehn
3325 1857 3491 1911 Atah.

1858 1955 1861 1958 ’
1917 1945 2216 2000 Plurimum
2269 1948 2408 2015 apud
2443 1962 2564 2000 eum
2617 1954 2833 2016 poterat
2864 1948 3141 2002 AlPhatah
3201 1950 3312 2003 Ehn
3348 1946 3490 2003 Cha-

1919 2029 2042 2105 laan,
2079 2049 2130 2092 et
2167 2037 2335 2092 Obaill
2394 2039 2545 2092 Allah
2581 2039 2692 2091 Ehn
2728 2038 2929 2108 Yahym
2977 2038 3091 2094 Ehn
3129 2041 3349 2095 Chakan
3399 2058 3490 2097 se-

1918 2133 2203 2186 cretarins.
2797 2180 2802 2188 ,

2130 2223 2294 2295 456
2322 2222 2618 2291 C/tnlifatus
2652 2223 3020 2277 Aldlontaseri
3058 2224 3274 2278 Bitia/ti.

1991 2301 2353 2384 Inauguratus
2391 2325 2475 2392 est
2517 2316 2864 2371 Allllontasar
2894 2318 3088 2370 Billahi
3147 2317 3487 2371 Mohammcd

1923 2409 2089 2462 Ebnol
2125 2407 2488 2460 Motawacceli
2525 2407 2630 2476 (cui
2681 2417 2856 2462 mater
2898 2407 2998 2461 fuit
3024 2410 3350 2473 concubina,
3385 2424 3490 2462 no-

1921 2503 2067 2553 mine
2119 2499 2448 2567 llahashiah)
2495 2501 2683 2555 eodem
2734 2501 2820 2554 die
2855 2502 3229 2569 quo,occisus
3266 2510 3348 2556 est
3393 2502 3490 2556 Al-

1921 2593 2312 2647 Molawaecel:
2366 2594 2556 2660 quinto
2611 2601 2898 2663 postquam
2947 2594 3144 2662 chalil’a
3211 2597 3493 2648 renuntia-

1920 2695 2004 2740 tus
2036 2699 2116 2741 est
2161 2687 2246 2739 die
2279 2703 2308 2740 e
2339 2686 2565 2739 laafaria
2599 2702 2656 2740 se
2711 2685 3185 2739 Sarramanraiam
3234 2686 3492 2752 contulit,

1918 2779 2191 2846 diruitqnc
2229 2777 2509 2830 laafariam
2559 2786 2614 2830 et
2669 2776 3025 2831 Allansakum
3051 2777 3314 2832 deseruit.
3361 2777 3491 2832 Fra-

1916 2883 2025 2924 tres
2055 2871 2212 2923 etiam
2237 2886 2362 2921 suos
2395 2869 2506 2921 .‘lbu
2527 2869 2607 2922 Ab
2631 2869 2883 2922 lollaltnm
2910 2867 3153 2922 Alhlotaz
3184 2869 3398 2932 Billahi,
3419 2878 3473 2922 et.

1919 2942 2266 3016 .-\hrabin-.um
2291 2961 2583 3030 Aliloayad
2606 2961 2792 3014 billahi
2818 2960 3289 3031 litereditatisjnre
3312 2963 3482 3028 exuit,

1926 3071 1986 3107 ea
2026 3057 2087 3105 de
2116 3070 2172 3106 re
2201 3054 2398 3107 litteris
2437 3053 2632 3120 passim
2681 3053 2733 3104 in
2772 3053 3086 3121 provincias
3118 3055 3320 3109 missis.
3360 3054 3486 3110 Fuit

244 3147 566 3215 diciuiiique
594 3145 757 3199 fuerit
779 3146 829 3198 id
863 3145 1054 3200 scienti
1079 3164 1090 3198 :
1117 3146 1211 3200 Est
1242 3149 1342 3201 hoc
1367 3149 1602 3217 sigillum
1634 3153 1817 3220 regis;
1852 3139 1888 3187 C
1927 3144 2215 3199 chalifatns
2241 3145 2413 3211 ipsius
2445 3144 2625 3205 unius,
2645 3144 2796 3207 anni,
2822 3159 2912 3198 sex
2933 3145 3292 3210 tncnsium,et
3321 3147 3482 3198 trium

248 3239 526 3306 haeipsius
569 3239 763 3291 littera:
806 3255 819 3290 :
863 3251 1044 3315 arinen
1091 3252 1388 3307 assurgens
1435 3241 1601 3292 stabit
1645 3241 1819 3294 donec

245 3333 463 3384 litteras
499 3346 656 3382 manu
685 3339 938 3396 acceptas
970 3330 1254 3384 osculatus
1286 3330 1821 3404 fuerit,'casdet_i~.quc

245 3421 415 3491 capiti
468 3431 522 3476 et
577 3419 751 3475 oculis
789 3419 906 3474 suis
963 3420 1307 3474 admoverit?
1364 3437 1540 3488 neque
1600 3423 1816 3476 interin

247 3513 368 3568 ideo
404 3514 642 3579 assurgit
679 3521 772 3564 aut
799 3512 1012 3566 litteras
1044 3513 1352 3578 osculatur,
1395 3514 1538 3582 quod
1575 3515 1817 3567 chartam

244 3612 559 3667 veneretur,
600 3612 693 3656 aut
728 3617 907 3656 ceram
933 3602 1136 3656 chartae
1167 3601 1482 3664 obductam,
1540 3613 1632 3656 aut
1674 3617 1821 3658 atra-

244 3708 488 3752 mentum
515 3697 656 3750 intra
696 3697 961 3760 chartam,
987 3705 1078 3748 aut
1111 3699 1254 3764 quod
1294 3698 1488 3762 litteris
1563 3709 1815 3769 assurgat

243 3803 449 3857 easque
501 3797 814 3843 veneretur.
857 3788 994 3845 Non.
1033 3803 1127 3856 per
1179 3788 1338 3841 vitam
1384 3805 1578 3854 meam,
1630 3794 1697 3845 ob
1735 3808 1816 3846 re-

246 3897 364 3933 rum
393 3882 619 3934 istarum
644 3879 919 3947 aliquam,
955 3893 1138 3930 rerum
1166 3877 1288 3931 inde
1321 3879 1421 3931 hoc
1445 3891 1526 3934 est
1557 3883 1699 3948 quod
1731 3898 1815 3936 re-

247 3987 364 4038 gem
395 3978 705 4034 veneretur,
738 3970 964 4038 ejusque
1017 3985 1237 4030 nomen,
1294 3986 1418 4023 cum
1478 3971 1650 4039 ip~ins
1708 3974 1816 4042 sint

246 4065 442 4118 littera:
478 4064 613 4116 istas.
647 4061 761 4114 llac
798 4061 962 4128 igitur
991 4075 1054 4113 ex
1095 4069 1247 4128 parte
1289 4061 1442 4115 decet
1477 4079 1577 4115 nos
1627 4064 1856 4130 imagi-"

245 4172 367 4210 nem
422 4158 582 4208 istam
631 4154 936 4207 deosculari
983 4169 1047 4205 ac
1101 4153 1373 4217 venerari,
1429 4171 1531 4207 non
1569 4156 1710 4222 quod
1750 4157 1818 4209 ita

243 4263 362 4301 eam
392 4245 710 4301 osculantur
754 4262 814 4299 ac
850 4246 992 4298 idola
1037 4245 1140 4299 coli
1195 4247 1430 4308 soleant,
1481 4262 1665 4302 verum
1718 4247 1822 4301 hoc

245 4339 304 4393 fit
357 4339 500 4406 quod
565 4337 915 4392 veneratione
959 4346 1122 4405 atque
1183 4337 1390 4390 honore
1433 4339 1819 4406 prosequimur

245 4445 441 4483 nomen
494 4429 749 4495 martyris
824 4425 1004 4488 istius,
1071 4425 1230 4492 cujus
1294 4425 1474 4493 imago
1541 4427 1817 4479 coloribus

218 4523 366 4590 ,istis
448 4518 764 4587 depingitur
790 4556 804 4570 .

245 4627 426 4681 regem
457 4609 819 4682 TheOphilum
855 4607 1048 4682 misit,.
1077 4623 1183 4676 qua
1233 4617 1453 4675 accepta
1489 4608 1708 4678 laetatus
1740 4620 1821 4663 est

244 4704 357 4766 ille,
400 4709 563 4769 atque
618 4685 806 4772 alieo
836 4713 949 4768 quo
1000 4699 1269 4766 imagines
1323 4709 1645 4770 prosecutus
1699 4709 1815 4753 erat

243 4795 371 4848 odio
405 4808 707 4846 conversus
731 4801 840 4844 est.
905 4787 1029 4844 Fuit
1075 4791 1402 4843 etiam-Abit
1435 4792 1648 4844 .Korraa
1681 4793 1821 4845 inter

244 4903 340 4941 eos
377 4883 470 4955 qui
498 4873 794 4952 imaginum
839 4882 1050 4936 cultum
1109 4881 1492 4944 defenderunt,
1549 4876 1728 4950 eaque'
1754 4884 1820 4937 de

183 4971 302 5040 ire
339 4978 536 5030 librum
571 4965 812 5044 scripsit,
843 4989 1001 5042 quem
1038 4972 1366 5042 appellavit:
1405 4972 1696 5029 Sermones
1745 4974 1810 5029 de

244 5059 394 5125 cultu
429 5067 752 5135 imaginum.
784 5063 931 5119 Obiit
964 5074 1146 5118 autem
1201 5063 1542 5133 Sophronius
1575 5067 1810 5133 patriar-

243 5164 350 5220 cha
410 5157 812 5212 Alexandrinus
860 5141 1148 5226 'hydropisi
1213 5154 1439 5211 allectus
1495 5157 1587 5224 (ob
1647 5173 1808 5228 quam

245 5250 596 5325 453455
634 5265 758 5303 cum
792 5249 874 5303 lac
914 5247 1288 5322 mandragorae
1319 5233 1566 5311 bibisset;
1602 5249 1734 5301 nihil
1761 5232 1810 5302 ei

250 5344 498 5416 profuit),
517 5359 661 5397 anno
685 5341 1066 5396 ducentesimo
1097 5340 1377 5394 tricesimo
1407 5341 1589 5404 tertio,
1614 5341 1817 5394 consti-

247 5446 369 5490 tnto
400 5443 523 5505 post
560 5435 733 5501 ipsum
763 5432 1079 5501 patriarcha
1113 5425 1486 5484 Alexandrino
1528 5429 1811 5493 Michaclc,

247 5528 336 5596 qui
393 5542 566 5579 annos
612 5526 1077 5594 viginti4qttatttor
1121 5522 1280 5576 sedit.
1324 5520 1445 5574 Fuit
1482 5522 1570 5581 ille
1617 5538 1645 5576 e
1697 5523 1819 5576 liliis

251 5616 486 5676 Burami,
518 5615 797 5668 Burensis.
830 5613 998 5667 Porro
1021 5613 1121 5683 fuit
1145 5612 1438 5666 chalilatus
1459 5610 1836 5668 AlMotawac-.

250 5708 347 5758 celi
403 5721 670 5758 annorum
709 5705 1147 5774 quatuordccim,
1200 5719 1391 5756 novem
1437 5702 1727 5763 mensium,
1760 5711 1816 5756 et

255 5811 443 5853 autem
480 5801 709 5850 dio-rum.
739 5797 893 5851 Anno
916 5796 1206 5850 chalifatns
1237 5795 1353 5862 ejus
1375 5796 1585 5849 decimo
1607 5795 1812 5848 christi-

1921 3240 2151 3290 dierum.
2207 3236 2354 3288 Obiit
2411 3250 2582 3288 annos
2635 3246 2792 3289 natus
2837 3237 3027 3304 viginti
3109 3247 3248 3291 octo.
3288 3237 3483 3305 Sepul-

1921 3320 2114 3398 tnsque
2145 3338 2225 3382 cst
2273 3327 2740 3392 Sarranuanraim;
2798 3328 3107 3396 sepulcrum
3154 3329 3273 3397 ejus
3322 3344 3485 3397 opere

1923 3423 2130 3475 albario
2168 3420 2379 3473 ornavit
2412 3427 2585 3473 mater
2613 3419 2782 3488 ipsius
2810 3459 2824 3482 ,
2853 3435 2960 3487 quo
2996 3436 3117 3476 .non
3166 3427 3321 3472 antea
3366 3421 3484 3473 cui-

1922 3518 2061 3583 piatn
2115 3513 2436 3567 chalifarum
2479 3511 2788 3579 sepulcrum
2834 3513 3132 3566 obductum
3184 3513 3303 3568 fuit.
3360 3513 3484 3566 Fuit

1927 3604 2265 3658 AlMontaser
2325 3603 2905 3670 statune‘quadrataz,
2973 3618 3206 3672 corpore
3260 3605 3485 3669 decoro,

1926 3696 2136 3760 fuscus,
2193 3695 2432 3764 pinguis.
2483 3675 2788 3756 Satellilnm
2841 3695 3012 3761 ipsius
3067 3696 3352 3764 pratfectus
3387 3695 3488 3750 fuit

1925 3788 2260 3842 Mohammed
2297 3776 2426 3839 Ehn
2462 3786 2724 3840 Abdollah
2774 3786 2886 3839 Ebn
2937 3786 3212 3842 Tdhaher.
3272 3787 3481 3842 Janitor

1923 3882 2040 3934 Ahu
2069 3878 2236 3933 Naser
2261 3881 2436 3933 Turca
2491 3893 2588 3934 nec
2624 3897 2728 3935 non
2756 3881 2962 3932 Ahmed
3002 3879 3113 3933 Ehn
3147 3880 3378 3933 Chasab.

2358 3973 2660 4041 Chalifatus
2698 3972 3042 4027 Aljfostaim'.

1989 4065 2390 4119 Convenieutcs
2472 4065 2775 4118 Turcarnm
2817 4063 3000 4128 ,duécs
3056 4065 3122 4117 ad
3179 4065 3484 4136 eligendum

1919 4174 2078 4228 quem
2110 4157 2362 4211 chalifam
2418 4159 2819 4221 renuntiarent,
2848 4159 3159 4211 abnuerunt
3189 4174 3252 4211 ex
3309 4159 3489 4212 Alilo-

1904 4249 2198 4319 tawacceli
2255 4249 2376 4301 filiis
2405 4248 2640 4316 cuipiam
2669 4249 2990 4317 obsequium
3022 4250 3244 4317 pacisci.
3283 4250 3489 4305 Cecidit

1918 4337 2274 4410 457-459
2300 4352 2428 4405 ergo
2457 4340 2654 4390 electio
2688 4339 2925 4406 ipsorum
2960 4340 3010 4391 in
3041 4340 3335 4394 Ahmedem
3371 4341 3487 4395 Ebn

1926 4427 2318 4480 Mobammedis
2386 4424 2786 4500 AlMotasami,
2825 4429 2908 4480 cui
2957 4439 3134 4481 mater
3183 4432 3488 4484 concubina

891 4516 1069 4585 Atque
1154 4515 1292 4568 hanc
1379 4517 1661 4584 epistolam
1749 4518 1811 4570 ad
1856 4518 1902 4576 D
1930 4516 2030 4570 fuit
2058 4516 2280 4569 nomine
2325 4508 2684 4582 Machareek,
2743 4531 2902 4583 quem
2946 4517 3200 4570 ehalil‘am
3236 4520 3336 4574 [ide
3385 4521 3488 4588 ipsi

1920 4609 2046 4660 data
2095 4608 2492 4674 constitutum,
2526 4607 2829 4661 Almostain
2865 4607 3054 4661 billahi
3100 4611 3483 4666 nominarunt.
3563 4639 3570 4644 -

1922 4697 2059 4751 Tum
2093 4710 2214 4750 orto
2250 4697 2302 4748 in
2354 4697 2599 4749 exercitu
2641 4696 2893 4760 dissidio,
2928 4687 3091 4765 atque
3147 4699 3287 4750 inter
3322 4683 3486 4752 liber-

1875 4786 1884 4795 ’
1923 4795 2008 4842 tos
2042 4773 2308 4852 tumultu,
2339 4786 2474 4860 fugit
2505 4776 2803 4840 Alfnostain
2828 4786 2882 4839 in
2921 4773 3487 4852 navicula,‘cmnil:‘tn-

1923 4880 2067 4932 tibus
2103 4879 2274 4947 ipsum
2311 4877 2586 4945 Wasipho
2605 4886 2660 4931 et
2687 4877 2862 4946 Bagoa
2895 4877 3110 4941 Turcis,
3148 4880 3486 4948 Bagdadum.
3523 4937 3525 4942 ,

1920 4970 2072 5040 Servi
2107 4979 2286 5024 autem
2337 4980 2391 5023 et
2423 4971 2721 5043 exercitus,
2757 4954 2850 5040 qui
2894 4971 3333 5027 Sarramanraiae'
3367 4975 3483 5029 fue-

1914 5074 2066 5127 runt,
2114 5063 2233 5116 Abu
2297 5063 2560 5116 A-bdallah
2618 5047 3042 5117 Ebnol‘lllotazzi
3090 5064 3258 5118 Ehnol
3311 5065 3482 5120 Mota-

1918 5154 2160 5216 wacceli,
2203 5153 2287 5206 cui
2321 5164 2495 5207 mater
2531 5154 2632 5208 fuit
2682 5157 2988 5228 concubina
3047 5158 3265 5210 nomine
3311 5159 3482 5213 Kabi-

1918 5242 2045 5307 hab,
2077 5243 2270 5294 throno
2299 5232 2919 5300 collocantes...chalifam
2960 5237 3287 5309 salutarunt,
3324 5233 3482 5300 initio

1920 5336 2125 5390 mensis
2176 5334 2485 5412 Mobarram
2543 5339 2668 5390 anni
2727 5338 3091 5392 dueentesimi
3143 5339 3484 5409 quinquage—

1917 5426 2328 5501 simizFuitque
2362 5428 2644 5481 contentio
2682 5437 2732 5481 et
2759 5428 2958 5481 bellum
2993 5428 3133 5482 inter
3158 5428 3484 5483 Almostaiui

1889 5517 2607 5572 'ct"Almomui'asseclas.
2658 5518 2766 5571 lies
2817 5531 2995 5571 autem
3046 5513 3484 5576 hellicas‘Almo-

1922 5607 2053 5660 tazzi
2110 5608 2329 5661 nomine
2389 5608 2811 5662 administrabat
2870 5611 2985 5662 Abu
3041 5611 3246 5664 Ahmed
3314 5613 3484 5667 Ebno’.

1926 5698 2290 5763 Motawacccl,
2321 5715 2497 5769 nequc
2528 5711 2815 5758 cessarunt
2851 5701 2988 5755 bella
3020 5717 3273 5756 exercere
3313 5719 3485 5769 usque

1928 5792 1991 5846 ad
2032 5792 2240 5844 initium
2288 5795 2488 5847 int-usis
2529 5793 2894 5846 Aliloliarram
2942 5796 3080 5846 anni
3125 5794 3482 5852 ducentesimi
