4210 6428
697 356 832 419 1139

1724 357 2080 418 EUTYCHII
2129 354 2648 418 ALEXANDRINI
2697 360 2906 420 PATR.

3793 349 3927 411 iiiO

692 467 1132 536 quinquagesimi
1185 465 1410 521 secundi
1450 474 1605 521 :tum
1658 468 1802 522 enim
1845 470 1964 521 loco
1994 483 2050 520 se
2084 465 2241 519 ahdi-
2277 469 2318 524 Α
2350 469 2442 537 qui
2478 470 2775 524 Ahmedem
2817 468 2931 522 Eb“
2978 466 3154 518 Τυιιιη
3198 464 3516 531 deputatum
3575 461 3675 512 silli
3718 463 3932 514 culmi.-

690 569 849 611 caute
890 557 1240 619 Almostaino,
1295 556 1435 612 facta
1489 568 1572 613 est
1605 573 1731 626 pax,
1764 559 1984 626 Scriptis
2018 565 2256 609 testante

689 648 1027 700 Antostaino
1072 662 1132 701 se
1180 649 1282 701 hoc
1332 657 1523 715 sponte
1575 648 1786 713 facere,
1842 658 1893 700 et
1940 647 2255 701 securitatis

692 738 929 789 libellum
961 736 1037 789 illi
1070 736 1343 791 scribente
1370 735 1679 789 AlMotazzo
1712 736 1972 790 adhibitis
2003 736 2253 789 testibus.

689 827 894 880 Deinde
948 825 1232 880 Wasetum
1293 826 1453 879 Eraki
1513 812 1702 897 urbem
1773 827 2078 881 descendit.
2132 827 2255 881 Fuit

686 917 983 972 i-halifatus
1022 918 1217 987 ipsius,
1252 918 1425 971 donec
1471 933 1530 971 se
1565 918 1739 987 ipsum
1772 919 2000 986 imperio
2032 919 2255 971 abdica-

684 1010 794 1071 vit,
840 1024 1105 1063 annorum
1150 1010 1313 1061 trium
1371 1025 1492 1063 cum
1544 1020 1667 1063 octo
1716 1010 2020 1065 mensibus.
2071 1009 2254 1063 Primo

684 1100 979 1154 ehalifatus
1016 1101 1190 1167 ipsius
1238 1116 1382 1155 anno
1419 1104 1747 1155 constitutus
1804 1112 1887 1156 est
1932 1102 2249 1155 Theodorus

684 1193 798 1261 (qui
830 1191 1110 1246 AlMoltlati
1147 1192 1319 1255 audit)
1356 1194 1660 1259 patriarcha
1704 1192 2246 1262 llierosolymitanus,

683 1286 776 1350 qui
830 1298 1007 1337 annos
1044 1283 1416 1336 novemdecim
1464 1282 1624 1345 sedit,
1670 1283 1793 1335 dein
1845 1293 2092 1335 mortuus
2138 1291 2243 1336 est.

682 1374 807 1427 Fuit
858 1385 1035 1427 autem
1092 1374 1465 1427 Almostainus
1523 1375 1760 1443 pinguis,
1813 1372 1977 1443 560
2020 1388 2247 1439 corpore

685 1482 715 1513 ν
755 1475 935 1527 nusto,
970 1464 1136 1516 barba
1175 1466 1367 1531 nigra;
1406 1466 1697 1518 satellitum
1751 1465 1919 1532 ipsius
1962 1463 2249 1533 pta-fectus

686 1553 785 1605 fuit
824 1553 1165 1605 Multammed
1201 1552 1311 1603 Ebn
1346 1553 1605 1611 Ahdollm,
1636 1553 1749 1604 Elin
1781 1554 2070 1606 'l'dhaheri.
2105 1552 2252 1605 Juni-

687 1653 834 1697 tures
866 1642 1056 1711 ipsius,
1086 1642 1264 1695 Wasif
1285 1651 1337 1696 et
1374 1642 1537 1709 Boga,
1569 1643 1781 1695 Turem.

1133 1734 1431 1801 Citalt'falus
1480 1735 1507 1786 4
1521 1735 1798 1787 ldlotuzzi.

756 1826 957 1881 Omnes
1015 1826 1104 1895 qui
1150 1825 1575 1879 Sarramantaire
1630 1826 1849 1878 filerunt
1905 1837 2012 1879 tam
2060 1826 2251 1880 Turca:

686 1935 846 1986 quam
883 1919 997 1981 alii,
1029 1916 1394 1970 AlMotazzam
1430 1916 1687 1969 chalil‘am
1726 1917 1828 1969 lide
1858 1918 1982 1969 .lata
2024 1918 2255 1986 inaugu-

683 2018 895 2072 rarunt,
932 2024 1118 2062 mense
1151 2007 1523 2061 AlMoharram
1554 2009 1681 2060 anni
1711 2009 2066 2062 duecntesimi
2094 2010 2255 2076 quin—

684 2100 986 2170 quagesimi
1043 2100 1224 2169 primi,
1278 2114 1399 2151 cum
1453 2109 1601 2153 esset
1637 2099 1936 2153 AlMostaiu
1991 2099 2253 2165 Bagdadi,

686 2208 749 2243 ac
818 2192 1105 2259 provincia
1155 2190 1423 2251 turbataa,
1463 2190 1653 2257 majori
1691 2189 1969 2243 hominum
2010 2199 2161 2258 parte
2193 2190 2256 2242 Al

686 2282 953 2335 Mnstaiuu
984 2280 1402 2334 adhterentibus.
1432 2282 1496 2332 At
1531 2295 1651 2336 cum
1676 2296 1735 2335 se
1768 2280 2001 2347 imperio
2030 2280 2253 2334 abdica-

686 2385 838 2429 verat
885 2377 943 2426 Al
978 2374 1212 2429 Mostain
1249 2374 1404 2427 initio
1451 2375 1653 2429 mensis
1693 2373 2091 2439 AlMoharram,
2128 2376 2254 2430 anni

685 2463 1046 2519 ducentesimi
1104 2465 1539 2534 quinquagesimi
1598 2465 1847 2527 secundi,
1912 2465 2014 2520 hoc
2067 2466 2254 2520 audito

688 2560 936 2611 homines
987 2558 1232 2611 obsecuti
1289 2568 1435 2612 sunt.
1495 2558 1849 2612 AlMotazzus
1905 2569 2083 2613 autem
2135 2573 2256 2612 cum

688 2650 1059 2701 MlCt:t'S~i0lliS
1086 2649 1176 2717 jus
1207 2650 1510 2703 Ahrahimo
1544 2650 1606 2703 Al
1630 2649 1849 2719 Moayad
1882 2650 2065 2703 billahi
2097 2652 2253 2703 resti-

688 2737 882 2789 tuisset
912 2776 925 2798 ,
965 2737 1152 2789 eodem
1208 2751 1400 2805 rursus
1457 2736 1631 2805 ipsum
1680 2738 1864 2802 exuit,
1918 2737 2007 2806 qui
2056 2735 2253 2790 deinde

688 2834 937 2881 mortuus
977 2836 1058 2881 est
1093 2844 1106 2880 :
1147 2827 1291 2895 quod
1331 2842 1451 2880 cum
1488 2841 1627 2895 agre
1680 2827 1843 2882 ferret
1880 2828 1997 2881 Abu
2046 2828 2256 2881 Ahmed

688 2919 841 2969 fratri
876 2933 974 2971 suo
1005 2918 1294 2979 accidisse,
1340 2919 1513 2985 ipsum
1561 2918 1820 2971 Basoram
1857 2919 2116 2987 relegavit
2165 2918 2259 2971 Al-

685 3010 961 3062 Motazzus
990 3028 1003 3062 :
1040 3008 1307 3062 interiecti
1333 3020 1459 3062 sunt
1487 3010 1649 3062 etiam
1676 3008 1971 3075 Wasiphus
2001 3021 2048 3062 et
2081 3008 2249 3077 Boga.

2354 570 2535 622 tuens,
2576 561 2752 629 ipsum
2807 562 2859 613 in
2912 557 3202 626 [Egyptum
3242 555 3413 608 misit.
3472 553 3749 605 Baehacus
3799 567 3920 604 νει(

2352 655 2514 726 464
2552 653 2778 707 Ahtnedi
2812 651 2925 704 Ehn
2964 650 3158 703 Toluni
3203 648 3364 699 tiliam
3413 660 3564 699 suam
3609 646 3663 697 in
3698 659 3927 696 uxorem

2353 746 2596 799 dederat.
2629 744 2915 813 Ingressus
2947 749 3030 795 est
3082 751 3260 793 autent
3318 736 3527 789 Ahmed
3584 736 3697 789 Elin
3749 734 3927 785 Toluu

2353 836 2646 906 Egyptum
2706 850 2893 889 mense
2961 832 3276 885 Bamadano
3346 844 3488 883 anno
3549 829 3929 882 ducentesimo

2355 906 2813 997 quinquagesimo
2862 936 3082 995 quarto.
3146 922 3402 975 Turbata:
3442 928 3567 974 sunt
3605 927 3784 971 autem
3843 932 3932 970 res

2355 1022 2495 1074 inter
2521 1018 2885 1071 Autumnum
2918 1026 2969 1069 et
3009 1016 3260 1069 libertos.
3293 1012 3548 1077 Ohiitque
3583 1009 3932 1062 Almotazzus

2352 1112 2437 1166 die
2467 1111 2649 1163 Martis
2680 1110 2840 1161 tertio
2876 1117 2999 1160 ante
3035 1106 3245 1157 [initum
3290 1118 3528 1155 mensem
3564 1101 3755 1163 Rajeb.
3788 1114 3933 1151 anno

2353 1201 2727 1256 ducentesimo
2750 1198 3205 1266 quinquagesimo
3241 1195 3451 1262 quinto.
3486 1193 3611 1245 Fuit
3637 1192 3931 1244 chalifaius

2352 1292 2522 1361 ipsius
2548 1298 2667 1355 post
2689 1287 3007 1341 AlMostaini
3049 1284 3448 1337 abdicationem
3476 1297 3739 1334 annorum
3766 1280 3931 1333 trium

2348 1400 2467 1436 cum
2499 1380 2776 1433 mensibus
2813 1393 3030 1437 norem,
3071 1376 3265 1428 diebus
3295 1381 3438 1427 octo.
3475 1371 3623 1434 Erat,
3657 1387 3779 1423 cum
3819 1389 3936 1424 mo-

2348 1484 2586 1534 reretur,
2641 1486 2911 1523 annorum
2969 1465 3159 1535 viginti
3213 1466 3469 1519 duorum.
3537 1462 3799 1532 Sepultus
3846 1474 3930 1516 est

2352 1567 2520 1620 Sarra
2578 1561 2833 1615 Mauraim
2884 1576 2898 1612 :
2956 1562 3271 1626 sepulcrum
3326 1555 3448 1623 ejus
3508 1568 3671 1619 Opere
3725 1555 3936 1607 albario

2354 1654 2572 1708 ornavit
2608 1660 2781 1705 mater
2814 1651 2988 1719 ipsius
3015 1650 3168 1718 juxta
3199 1648 3509 1715 sepulcrum
3544 1645 3929 1699 Alliloutasari.

2358 1748 2481 1801 Fuit
2516 1744 2899 1800 AlMontazzus
2940 1741 3231 1802 candidus,
3282 1739 3421 1791 facie
3474 1738 3726 1806 pulchra,
3779 1752 3933 1789 cerua

2356 1840 2609 1909 eleganti,
2660 1850 2891 1904 corpore
2941 1834 3163 1895 decoro,
3201 1830 3335 1884 adeo
3384 1837 3440 1881 ut
3494 1827 3637 1879 haud
3690 1827 3794 1893 ipsi
3840 1842 3935 1891 par

2359 1931 2533 1984 forma
2595 1939 2647 1982 et
2709 1923 3112 1995 pulchritudine
3174 1920 3533 1989 reperiretur.
3596 1917 3935 1969 Satellitibus

2358 2024 2529 2092 ipsius
2599 2017 2888 2088 prtrl'ectus
2938 2014 3039 2066 fuit
3086 2010 3424 2065 Multammed
3474 2007 3586 2060 Elin
3638 2006 3935 2065 Alnlillahi,

2356 2117 2471 2169 Ebn
2516 2110 2789 2165 Tdhaheri
2826 2127 2839 2162 :
2878 2106 3029 2166 dein,
3083 2120 3147 2157 eo
3187 2112 3426 2162 mortuo,
3468 2100 3782 2153 Ohaidallah
3820 2099 3936 2149 Ebn

2357 2203 2652 2265 Abdillahi,
2714 2200 2828 2253 Ebn
2889 2197 3124 2252 Tdaheri
3161 2212 3173 2247 :
3207 2203 3322 2245 tum
3362 2192 3554 2245 iisdem
3607 2190 3939 2258 prmpositns

2354 2306 2435 2351 est
2499 2295 2740 2349 Soliman
2797 2291 2909 2344 Elin
2974 2288 3250 2343 Abdillahi
3310 2286 3423 2338 Elru
3483 2283 3789 2336 Tditaheri.
3847 2284 3936 2347 qui

2356 2386 2630 2460 [munus]
2668 2385 2798 2438 illud
2843 2382 3100 2441 obtinuit,
3140 2378 3284 2446 quod
3343 2376 3539 2429 deinde
3592 2373 3940 2426 Obaidallalti

2358 2480 2473 2533 Ebn
2520 2476 2821 2538 Abdillahi,
2862 2474 2976 2527 Ebu
3014 2470 3289 2524 TdhalteI-i
3345 2466 3617 2519 redditum
3650 2474 3755 2517 est.
3788 2462 3941 2515 Jani-

2359 2578 2507 2625 tores
2538 2569 2711 2639 ipsius
2742 2566 2962 2620 fuerunt
2997 2562 3239 2629 V\'asiph
3280 2568 3333 2612 et
3371 2558 3512 2626 Buga
3549 2575 3560 2609 :
3597 2555 3795 2608 deinde
3842 2555 3943 2605 Sa-

2354 2665 2509 2718 lehus
2546 2662 2597 2716 iu
2634 2661 2809 2715 locum
2844 2657 3014 2725 patris
3047 2654 3129 2706 sui
3162 2652 3423 2707 suilcctus
3449 2655 3568 2711 est;
3598 2654 3651 2700 et
3680 2646 3732 2698 in
3760 2645 3927 2698 locun

2354 2754 2536 2825 Bogai,
2572 2752 2781 2806 Bacbac
2816 2748 3015 2801 Turca.

3009 2834 3311 2902 Citalifalus
3357 2831 3689 2883 Almohtadi.

2435 2935 2802 3002 luaugnratus
2832 2938 2917 2983 est
2948 2924 3283 2986 Almohladi,
3316 2923 3565 2975 videlicet
3594 2920 3944 2973 Mohammed

2364 3027 2476 3081 Ebn
2515 3025 2701 3079 llarun
2748 3019 3028 3075 Alwathck
3064 3018 3275 3077 billahi,
3315 3014 3501 3068 Ebnol’
3529 3013 3789 3066 Motasam
3838 3013 3947 3063 hil-

686 3101 1039 3167 Mortuusquc
1091 3108 1174 3153 est
1232 3099 1573 3152 Multamtned
1626 3097 1738 3151 Ebn
1779 3098 2102 3160 Abdullahi,
2136 3096 2253 3150 Ebn
2282 3117 2327 3174 ο

2282 3117 2327 3174 C
2363 3119 2496 3181 lahi,
2530 3117 2617 3173 cui
2654 3125 2825 3169 mater
2856 3112 2951 3166 fuit
2990 3108 3296 3163 concubina
3336 3106 3555 3160 nomine
3590 3104 3759 3157 Korb.
3817 3102 3942 3155 Fuit

686 3193 964 3246 Tdhaheri
1012 3192 1300 3245 satellitum
1355 3191 1662 3259 praefectus.
1711 3189 2125 3244 AlMostainum
2161 3205 2257 3243 au-

688 3295 795 3336 tem
838 3283 1062 3336 Wascto
1098 3282 1462 3345 accersitum,
1514 3296 1634 3335 cum
1668 3281 1953 3335 salutasset
1984 3281 2109 3335 Said
2139 3280 2257 3334 Ebn

687 3376 848 3429 Saleh
909 3374 1134 3443 janitor,
1193 3375 1367 3442 ipsum
1420 3372 1711 3427 interfecit.
1775 3375 1948 3428 Porro
2015 3384 2262 3427 mortuus

688 3476 767 3519 cst
808 3466 1141 3533 'l‘hc0philus
1187 3465 1464 3519 Michaelis
1519 3464 1613 3517 lilii
1662 3463 1947 3530 TheOphili
1985 3464 2126 3518 ﬁlius
2155 3462 2264 3517 Ro-

686 3571 992 3625 manorum;
1025 3556 1354 3620 imperator,
1412 3554 1739 3607 succedente
1783 3553 1885 3620 ipsi
1936 3552 1988 3605 in
2031 3553 2258 3619 imperio

688 3649 797 3697 tilio
841 3647 1015 3713 ipsius
1047 3645 1305 3698 Michaele
1331 3643 1638 3711 The0phili,
1691 3644 1786 3697 filii
1819 3642 2097 3696 Michaelis
2126 3643 2255 3696 ﬁlio.

687 3739 810 3790 Fuit
847 3748 1024 3789 autem
1060 3738 1165 3789 dux
1201 3738 1418 3805 quidam
1837 3736 2059 3788 nomine
2103 3733 2257 3788 Basi-

688 3829 792 3882 lius
827 3842 984 3896 quem
1019 3828 1347 3881 accersitum
1383 3827 1639 3879 omnibus
1683 3825 1917 3880 ducibus
1967 3840 2029 3879 ac
2084 3825 2253 3879 comi-

691 3921 836 3973 tibus
876 3921 990 3973 suis
1021 3918 1361 3988 prmfecerat.
1394 3918 1488 3971 Die
1522 3927 1700 3970 autem
1740 3917 2000 3987 quodam,
2046 3932 2170 3972 cum
2201 3931 2260 3971 se

688 4010 1004 4063 ob'ectandi
1039 4010 1213 4078 gratia
1249 4009 1541 4078 prodiisset
1579 4007 1809 4062 Michael
1854 4008 2157 4077 imperator
2199 4009 2255 4061 in

700 4103 934 4155 insulam
971 4102 1285 4170 quamdam,
1317 4116 1437 4168 qua:
1462 4118 1491 4155 e
1533 4102 1751 4169 regione
1781 4100 2256 4169 Constantinopoli

692 4195 795 4247 sita
837 4204 916 4247 est
950 4196 1003 4245 in
1049 4193 1186 4245 mari
1229 4195 1369 4261 quod
1410 4191 1615 4245 l‘ontus
1665 4192 1995 4260 appellatur,
2040 4192 2256 4246 irruens

692 4287 746 4337 in
797 4286 976 4351 ipsum
1026 4283 1257 4336 Basilius
1295 4284 1446 4347 dux,
1503 4284 1645 4335 intra
1702 4283 1990 4335 ecclesiam
2049 4295 2170 4350 qua:
2205 4282 2256 4335 iu

2356 3210 2701 3281 inauguratio
2718 3208 2887 3277 ipsius
2904 3206 2987 3258 die
3007 3203 3379 3266 Martis,tertio
3405 3208 3529 3251 ante
3557 3198 3765 3249 [initum
3787 3212 3945 3247 men-

2358 3320 2468 3360 sem
2490 3301 2677 3370 ltajeb,
2697 3313 2838 3352 anno
2859 3296 3231 3348 ducentesimo
3251 3290 3703 3359 quinquagesimo
3725 3287 3942 3354 quinto.

2360 3397 2489 3450 Erat
2521 3392 2815 3449 chalilatus
2849 3390 3020 3458 ipsius
3064 3385 3192 3437 anni
3235 3384 3420 3436 unius.
3483 3381 3813 3437 Trtu-idattts
3862 3389 3945 3431 est

2361 3504 2486 3543 cum
2526 3498 2797 3539 annorum
2837 3489 2981 3535 esset
3017 3477 3238 3545 triginta
3295 3488 3486 3526 novem
3526 3490 3539 3524 :
3586 3472 3832 3537 sepultus
3860 3479 3946 3522 est

2367 3577 2817 3635 Sarramanraiae.
2850 3573 2976 3626 Fuit
3012 3580 3221 3623 statura
3259 3567 3455 3629 media,
3512 3563 3649 3616 facie
3691 3562 3943 3630 pulchra,

2365 3682 2595 3735 corpore
2629 3662 2885 3733 eleganti,
2923 3661 3091 3713 barba
3152 3656 3391 3724 implexa
3428 3662 3481 3706 et
3510 3653 3686 3719 nigra.
3723 3651 3947 3703 Satelli-

2365 3765 2479 3811 tum
2512 3755 2685 3824 ip‘sius
2730 3751 3020 3823 praefectus
3074 3747 3173 3799 fuit
3224 3742 3565 3799 Ol=aitiollahi
3606 3741 3718 3793 Ehu
3756 3741 3948 3791 Abdil-

2364 3846 2499 3900 labi.
2526 3843 2737 3898 Janitor
2764 3840 2925 3894 Saleh
2960 3838 3078 3891 Ebn
3109 3835 3335 3903 Wasiph
3362 3852 3376 3896 ;
3428 3841 3569 3895 tum,
3616 3831 3803 3885 occiso
3847 3827 3950 3882 Sa-

2366 3938 2510 4004 leho,
2545 3935 2713 3989 Tacin
2747 3932 2949 3985 Tui-ca.

2661 4023 2966 4089 Citalifatus
3010 4013 3402 4072 Almotammed
3450 4010 3660 4064 billahi.

2436 4121 2796 4186 lnauguratns
2846 4122 2928 4166 est
2988 4106 3381 4163 Almotammed
3435 4104 3619 4157 billahi
3679 4106 3941 4170 (nempe,

2368 4209 2575 4266 Ahmed
2610 4208 2724 4260 Ebn
2754 4204 2958 4257 Jaafari
2991 4196 3461 4258 Almotawacceli,
3492 4196 3578 4247 cui
3614 4204 3790 4246 mater
3820 4210 3951 4245 eou-

2368 4302 2564 4356 cubina
2617 4298 2719 4351 fuit
2770 4294 2988 4348 nomine
3022 4290 3249 4360 Knyai),
3311 4302 3499 4341 mense
3548 4285 3744 4351 Rajeb,
3802 4300 3950 4336 anno

692 4377 866 4429 ittSttla
893 4384 994 4436 est,
1023 4374 1293 4428 interfecit
1321 4414 1334 4437 ,
1382 4390 1482 4428 uec
1519 4390 1623 4427 non
1663 4384 1716 4427 et
1745 4389 1840 4427 eos
1874 4374 1967 4443 qui
2001 4374 2053 4428 in
2084 4375 2257 4429 insula
2294 4387 2339 4443 Ῑ)
2368 4393 2742 4450 ducemesimo
2794 4384 3250 4455 quinquagesimo
3310 4388 3485 4434 sexto.
3552 4378 3946 4432 Consiliarium

693 4478 872 4529 erant,
913 4478 968 4520 ct
1007 4468 1288 4534 imperium
1344 4468 1398 4518 in
1464 4475 1788 4535 potestatem
1838 4482 1988 4519 suam
2034 4467 2264 4534 redegit,

697 4574 820 4609 eum
854 4572 957 4609 nan
984 4566 1127 4608 esset
1153 4557 1267 4624 ipse
1293 4573 1320 4608 e
1342 4558 1505 4624 stirpe
1534 4558 1700 4623 regia,
1735 4563 1922 4623 utpote
1953 4556 2045 4623 qui
2070 4571 2267 4625 genere

696 4648 942 4700 Siciliota
998 4647 1117 4699 fuit.
1157 4648 1400 4715 Cumque
1465 4646 1569 4715 ipsi
1621 4648 1831 4699 dictum
1890 4655 2041 4701 esset
2074 4666 2088 4701 :
2122 4644 2265 4712 Quid

698 4745 780 4792 est
812 4737 952 4807 quod
998 4738 1383 4804 imperatorem
1433 4738 1683 4789 occidere
1733 4735 1816 4790 fas
1867 4737 1964 4790 tibi
2022 4737 2268 4792 duxisti?

696 4830 978 4895 rcSpoudit
1022 4849 1034 4881 :
1078 4828 1301 4880 Michael
1352 4843 1474 4882 cum
1518 4828 1800 4881 mulierem
1833 4828 2131 4896 deperiret,
2183 4842 2267 4881 me

698 4938 817 4973 eam
852 4919 1053 4973 dttt'et‘e
1086 4920 1265 4988 iussit,
1303 4922 1368 4971 ad
1414 4921 1585 4987 ipsam
1617 4929 1801 4971 tamen
1833 4934 1938 4971 non
1968 4918 2265 4983 accedere;

700 5027 759 5064 ut
809 5012 1027 5065 muniue
1069 5012 1199 5064 mihi
1248 5022 1392 5064 esset
1434 5013 1626 5064 mulier
1673 5011 1812 5075 ista,
1864 5009 1951 5063 ille
1992 5024 2118 5062 vero
2148 5024 2269 5063 cum

703 5106 818 5170 ipsa
862 5104 1120 5167 cubaret;
1173 5112 1321 5155 metu
1371 5102 1580 5155 scilicet
1619 5102 1806 5155 uxoris
1859 5116 1991 5163 suze,
2049 5116 2117 5156 ne
2158 5101 2271 5169 ipsa

704 5192 834 5246 iilud
868 5196 1120 5259 rescitet,
1166 5203 1219 5247 et
1248 5195 1392 5262 quod
1427 5210 1534 5247 non
1570 5193 1885 5273 liceretaipsi
1919 5194 2080 5248 aliam
2133 5195 2274 5246 ultra

706 5302 928 5338 uxorem
957 5301 1110 5338 suam
1145 5287 1345 5340 ducere
1362 5303 1398 5367 ΔΞ
1430 5286 1575 5367 quod
1619 5292 1746 5338 cum
1781 5275 2053 5351 fecissem,
2084 5297 2274 5361 postea

708 5376 1003 5440 poenitenia
1049 5377 1269 5439 ductus,
1324 5358 1492 5429 [ἑυω
1526 5358 1680 5430 timui
1712 5398 1727 5429 :
1762 5376 1905 5429 caede
1940 5372 2069 5445 er'go
2099 5358 2274 5444 ipsum

707 5466 895 5548 tqllere
931 5467 1011 5521 fas
1049 5468 1177 5520 duxi
1210 5484 1224 5521 :
1260 5467 1859 5538 retinuitquesBasilius
1888 5468 2173 5537 imperium
2221 5471 2272 5524 in

707 5554 998 5609 liuiuanos.
1126 5556 1127 5559 “
1411 5548 1415 5557 ’

814 5649 1112 5715 (.Imlifuttts
1155 5651 1220 5703 ΑΙ
1253 5650 1482 5703 Motazzi
1533 5664 1577 5703 et
1618 5652 1917 5705 Almohtadi
1949 5662 1996 5705 et
2045 5669 2165 5719 pars

1145 5746 1426 5812 clmh'falus
1479 5746 1844 5801 Almolamedi.

784 5830 884 5884 l‘mﬁ
905 5835 1025 5887 fecit
1051 5836 1388 5891 .‘tliltitauus
1429 5836 1726 5893 Bacbacunt
1752 5836 1983 5893 Turcant
2012 5839 2264 5909 Λῖιςγριιι.

2364 4498 2525 4538 suum
2556 4478 2843 4533 caustituit
2871 4471 3241 4526 Abdollahum
3269 4467 3381 4519 Ebn
3417 4467 3618 4534 Yahya:
3648 4467 3765 4518 Ebn
3801 4464 3949 4517 Cha-

2364 4590 2488 4637 can,
2518 4571 2610 4641 qui
2656 4563 3029 4621 Motawacceli
3091 4558 3450 4615 consiliarius
3506 4557 3706 4611 fuerat.
3757 4558 3947 4610 Conti-

2364 4663 2547 4720 nuatis
2581 4669 2762 4714 autem
2800 4657 2961 4712 bellis
3018 4663 3072 4709 et
3122 4652 3372 4707 dissidiis
3416 4652 3643 4703 turbatae
3688 4660 3819 4701 sunt
3863 4665 3949 4701 re-

2365 4758 2551 4825 giones
2598 4761 2651 4807 et
2706 4748 3043 4819 provinciae;
3099 4753 3152 4799 et
3203 4744 3408 4811 ubique
3466 4753 3731 4794 terrarum
3790 4739 3946 4791 multi

2367 4848 2471 4902 sibi
2508 4846 2797 4914 imperium
2831 4840 3184 4894 vindicarunt
3210 4878 3225 4901 ,
3284 4835 3421 4887 adeo
3469 4844 3527 4886 ut
3562 4844 3733 4884 totum
3776 4831 3951 4884 chali-

2371 4940 2515 4993 fatus
2556 4937 2728 5005 ipsius
2778 4945 2991 4997 tempus
3051 4928 3298 4983 dissidiis
3345 4925 3629 4995 perpetuis
3684 4933 3739 4974 et
3792 4924 3950 4974 hellis

2370 5027 2654 5084 continuis
2684 5024 2850 5095 ἥδε
2879 5023 3093 5090 plenum
3130 5018 3315 5071 fuerit.
3356 5016 3553 5068 Rerum
3583 5014 3949 5081 gerendarum

2373 5134 2558 5175 curam
2607 5116 2794 5169 habuit
2828 5114 2945 5166 Abu
2990 5111 3197 5163 Aluned
3224 5103 3574 5160 Almowaﬂek
3609 5102 3821 5165 billahi,
3856 5104 3953 5154 Al-

2376 5206 2725 5265 motammedi
2782 5204 2971 5257 frater.
3049 5199 3447 5253 Aliuotammed
3509 5211 3634 5248 vero
3699 5194 3953 5246 homines

2375 5304 2486 5355 ﬁlio
2534 5314 2634 5353 suo
2678 5297 2914 5355 laal'aro,
2980 5301 3036 5346 ut
3086 5276 3391 5345 successori
3447 5303 3548 5340 suo
3597 5288 3755 5337 tidem
3818 5284 3952 5335 dare

2376 5372 2578 5457 atii-git,
2621 5388 2721 5455 ipsi
2779 5399 2975 5438 nomen
3026 5377 3416 5457 AimOphawed
3470 5374 3721 5427 Allallalti
3777 5374 3951 5443 ignipo—

2374 5454 2549 5544 nens;
2583 5454 2654 5530 ac,
2680 5486 2802 5545 post
2837 5490 2960 5528 eum
2998 5454 3111 5524 Min
3145 5468 3372 5521 Ahmedi
3409 5465 3566 5518 Ebnil
3603 5463 3953 5516 Motawaccel

2378 5571 2532 5623 fratri
2593 5582 2729 5631 suo;
2786 5582 2944 5633 quem
3003 5558 3349 5639 Almowaﬂ‘cc
3404 5557 3592 5611 billahi
3634 5554 3949 5623 appellavit.

2377 5664 2493 5714 Ahu
2530 5660 2735 5713 Aluucil
2773 5667 2952 5719 autem
2985 5637 3097 5722 ips’e
3126 5653 3269 5706 bella‘
3290 5637 3500 5718 gerer'c,
3531 5650 3707 5727 atque
3730 5649 3787 5698 in
3823 5660 3951 5714 pro-
4012 5670 4015 5675 -

2379 5755 2586 5808 vincias
2641 5752 2931 5821 proﬁcisci,
2970 5762 3134 5815 seque
3184 5745 3330 5798 curis
3377 5757 3447 5799 ac
3485 5738 3765 5795 laboribus
3794 5750 3953 5791 exer-
