4210 6428
663 416 794 484 1143

1673 423 1971 481 ΕυΪὶᾛΗ
1987 424 2032 478 ll
2083 421 2323 477 ALIiXA
2339 423 2615 480 NUﬂlNl
2652 425 2867 482 PATli.

3763 411 3901 478 liii

655 536 775 586 dem
812 534 926 586 libn
964 532 1167 587 Diudad
1216 534 1325 602 (qui
1381 534 1521 586 idctn
1576 533 1791 602 Abalsaj
1849 534 2070 601 dicitur)
2128 532 2228 582 Dn-
2261 536 2309 588 Α
2338 535 2497 589 waihi
2531 536 2693 599 mins,
2727 538 2815 603 qui
2853 536 3116 589 [)amasco
3166 535 3219 587 in
3267 533 3560 604 Egyptum
3611 544 3860 583 reversus
3888 562 3902 583 ο

655 639 902 677 niascum
957 638 1079 676 cum
1136 623 1376 676 exercitu
1427 624 1615 693 grandi
1669 624 2002 691 pervenisse,
2059 621 2232 685 copiis

654 716 770 770 suis
806 715 1052 769 collectis
1088 713 1304 767 obviam
1351 716 1453 784 ipsi
1490 715 1766 783 proiectus
1805 722 1923 779 est,
1977 712 2233 766 commis-

654 822 883 874 sumque
909 806 1159 859 estinter
1192 807 1338 874 ipsos
1384 807 1623 873 pnelium
1679 820 1842 875 grave
1900 805 2021 856 loco
2074 804 2224 855 dictu

658 897 909 959 Batbnia,
944 897 1168 950 ditionis
1208 897 1588 953 Damascenze:
1629 908 1791 966 atque
1821 898 1872 949 in
1919 894 2099 964 fugam
2139 894 2233 947 da-

655 998 744 1041 tus
770 986 1115 1042 Mobammcd
1152 989 1321 1041 Elmol
1360 988 1594 1053 Diudad,
1643 990 1798 1042 caesis
1846 988 2018 1057 ipsius
2058 989 2233 1042 corni-

654 1079 825 1140 tibus,
862 1095 1095 1147 quorum
1146 1080 1389 1148 plerique
1425 1082 1777 1134 securitatem
1814 1079 2086 1146 petierunt
2112 1095 2234 1146 per-

654 1172 903 1240 rexitque
930 1172 1340 1225 Cbamarawaih
1388 1174 1562 1227 donec
1596 1172 1660 1224 ad
1694 1170 2019 1239 Euphratem
2049 1188 2234 1238 perve-

655 1265 820 1327 niret,
857 1265 1204 1334 ingressique
1256 1275 1384 1318 sunt
1438 1264 1663 1316 comites
1703 1262 1872 1329 ipsius
1905 1260 2231 1325 AlRaccam,

655 1357 711 1407 in
744 1356 934 1408 eadem
968 1370 1214 1411 eruentes
1246 1372 1309 1410 ac
1343 1359 1661 1419 vendentes,
1691 1355 1823 1409 adeo
1855 1366 1912 1408 ut
1935 1356 2000 1407 ab
2029 1372 2093 1408 eo
2124 1372 2231 1407 tuc-

654 1458 833 1499 tneret
862 1447 1237 1501 Almowaﬂ‘ek.
1278 1448 1553 1502 Reversus
1588 1457 1669 1501 est
1710 1456 1891 1500 autem
1937 1446 2232 1500 Cbomara-

653 1541 868 1591 \vaibus
918 1542 969 1593 in
1022 1539 1346 1610 Egyptum,
1398 1540 1683 1608 iii-perium
1715 1540 1826 1607 jam
1863 1537 2121 1591 obtinens
2167 1537 2235 1587 ab

665 1632 944 1698 Euphrate
1006 1648 1182 1702 usque
1219 1634 1283 1684 ad
1330 1632 1603 1694 regionem
1652 1628 1866 1692 Nuliim,
1910 1629 1963 1681 in
2008 1628 2238 1696 singulis

652 1724 1020 1796 577-479
1054 1724 1351 1793 provinciis
1389 1724 1706 1791 deputatum
1734 1738 1762 1776 e
1794 1722 2087 1775 comitibus
2114 1719 2230 1772 suis

653 1820 891 1885 aliquem
954 1817 1331 1879 constituens;
1415 1814 1578 1884 idque
1641 1829 1785 1866 anno
1853 1811 2230 1865 ducentesimo

655 1912 1063 1979 septuagesimo
1088 1917 1263 1961 sexto.
1288 1907 1437 1961 Obiit
1462 1916 1641 1959 autem
1670 1904 2022 1958 Almowaﬂek
2046 1917 2232 1957 mense

657 2004 837 2064 Safar,
898 2018 1042 2054 anno
1108 2001 1488 2053 ducentesimo
1545 2000 1953 2067 septuagesimo
2015 2007 2230 2059 octavo,

654 2098 804 2150 vices
834 2110 927 2148 eas
959 2094 1248 2162 supplente
1285 2091 1394 2144 filio
1442 2092 1613 2158 ipsius
1664 2089 1802 2143 Abul
1852 2088 2090 2149 Abbaso,
2141 2086 2232 2155 qui

655 2205 706 2244 et
740 2192 793 2245 in
818 2190 1080 2244 cliulifatu
1130 2202 1425 2242 successor
1455 2187 1804 2240 remmtiatus
1836 2193 1942 2248 est,
1981 2183 2234 2235 abdicato

657 2280 869 2333 laafaro
906 2280 1076 2332 Ebnol
1110 2278 1437 2332 Motammed
1475 2292 1536 2330 ea
1576 2275 1859 2343 dignitate.
1897 2273 2075 2326 llelms
2106 2249 2234 2338 ergo

658 2372 911 2442 gerendis
938 2374 1225 2441 przel‘ectus
1251 2379 1335 2423 est
1354 2369 1493 2422 Abttl
1522 2368 1708 2421 Abbas
1737 2366 1907 2419 Ebnol
1935 2364 2236 2427 Mowaﬂ'ek,

661 2478 823 2533 atque
878 2465 1182 2533 appellatus
1233 2461 1577 2514 AIMotadad.
1643 2459 1900 2527 Obiitque
1953 2456 2237 2509 Al.\lotam~

662 2559 782 2611 med
815 2556 1054 2621 Bagdadi
1088 2557 1176 2609 die
1205 2554 1513 2615 Dominico,
1553 2553 1844 2604 undecimo
1872 2560 1998 2602 ante
2025 2550 2237 2602 finitum

665 2666 907 2703 mensem
966 2648 1173 2716 Rajcb,
1227 2664 1373 2701 anno
1426 2646 1799 2699 ducentesimo
1838 2644 2243 2712 septuagesimo

663 2761 827 2797 nano.
864 2743 988 2797 Fuit
1021 2742 1313 2797 chalifatus
1346 2739 1515 2810 ipsius
1547 2754 1815 2792 annorum
1852 2737 2041 2805 viginti
2073 2737 2238 2789 trium

665 2850 720 2894 et
770 2856 861 2895 sex
922 2840 1155 2893 dierum.
1205 2839 1526 2900 Annorum,
1590 2852 1712 2889 eum
1767 2843 2093 2893 moreretur,
2145 2828 2247 2881 fuit

667 2933 1031 3001 quadraginta
1063 2946 1157 2985 sex
1194 2947 1207 2983 :
1242 2941 1599 2997 portatusque.
1628 2925 2122 2985 Sarramauraianr,
2171 2921 2245 2975 ibi

663 3027 910 3095 sepultus
951 3034 1054 3079 est.

1089 3116 1390 3183 Cltalifatus
1424 3118 1490 3170 ΑΙ
1516 3113 1808 3168 Μοῖαάεαὶ.

2333 644 2456 681 cum
2490 629 2560 681 ibi
2594 637 2719 681 octo
2751 643 2968 681 menses
2999 628 3246 691 sedisset,
3283 626 3514 678 turbatis
3543 623 3684 675 inter
3720 622 3900 687 ip-um

2333 734 2395 771 ac
2422 722 2589 773 duces
2637 720 2823 779 rebus,
2855 720 3032 787 ipsum
3075 717 3249 771 adorti
3305 716 3671 772 trucidarunt,
3714 708 3906 773 pra-fe-

2331 822 2558 881 ctusque
2584 821 2668 867 est
2699 812 2819 880 ejus
2848 810 2969 864 loco
3003 809 3170 863 frater
3204 809 3375 878 ipsius
3399 805 3579 857 llarun
3614 802 3730 856 Ebn
3761 799 3905 850 Cita-

2332 907 2680 971 marawaihi,
2724 920 2898 958 annos
2928 914 3089 957 natus
3124 904 3350 963 decem;
3384 899 3545 967 idque
3578 909 3763 948 mense
3804 890 3907 939 lia-

2328 999 2419 1067 jeb
2450 1013 2595 1051 anno
2642 997 3018 1051 ducentesimo
3053 995 3387 1063 octogesimo
3444 990 3623 1043 tertio.
3667 984 3809 1049 Quir.
3853 991 3908 1032 ιιι

2333 1092 2543 1145 litteras
2574 1091 2639 1142 ad
2674 1091 2948 1143 llarunem
2983 1088 3132 1141 dedit
3158 1081 3516 1155 ἀει-483
3549 1082 3606 1130 ΑΙ
3641 1076 3905 1133 Mula-'6”.

2332 1186 2530 1250 quibus
2579 1184 2679 1253 ipsi
2712 1182 2929 1252 Egypti
2982 1179 3359 1249 prmfecturam
3409 1174 3662 1229 contulit.
3717 1169 3902 1221 Rebus

2332 1276 2467 1345 ipsis
2503 1274 2953 1329 administrandis
2998 1270 3362 1340 prazfuitrAbu
3396 1265 3603 1326 Jaafar,
3650 1263 3763 1314 Elui
3792 1258 3906 1310 Mo-

2336 1370 2610 1429 liammed,
2648 1367 2760 1419 Ebn
2792 1366 2941 1428 Abas,
2975 1363 3173 1416 Turca.
3203 1362 3376 1414 Porro
3430 1357 3625 1410 mirum
3665 1353 3791 1421 quid
3840 1352 3895 1403 iu

2335 1460 2567 1530 Egypto
2632 1459 2859 1525 contigit
2913 1457 3001 1508 die
3062 1453 3213 1507 Jovis
3259 1450 3473 1503 duobus
3527 1456 3652 1499 ante
3701 1444 3909 1495 iiuilttm

2336 1568 2574 1604 mensem
2605 1552 2830 1603 Rabiam
2857 1549 3087 1615 priorem
3116 1546 3331 1603 diebus,
3351 1541 3442 1609 qui
3469 1537 3909 1592 Christianorum

2336 1644 2532 1697 festum
2565 1650 2682 1694 erat
2710 1641 2851 1708 quod
2877 1638 2947 1691 ob
2984 1651 3271 1690 ascensum
3302 1632 3512 1685 Domini
3545 1628 3711 1681 nostri
3741 1626 3903 1679 Cbri-

2344 1737 2407 1791 sti
2451 1736 2501 1788 in
2534 1736 2702 1787 caalos
2734 1733 3053 1791 celebrant,
3086 1743 3228 1781 anno
3265 1725 3642 1779 ducentesimo
3679 1727 3904 1783 octoge-

2340 1830 2481 1882 simo
2513 1837 2729 1894 quarto.
2764 1824 3046 1877 Flantibus
3078 1820 3254 1874 ventis
3290 1818 3584 1871 admodum
3616 1814 3911 1865 vehemen-

2337 1923 2478 1976 tibus
2526 1935 2555 1972 a
2601 1934 2827 1985 vespera
2878 1931 3047 1984 usque
3098 1915 3163 1967 ad
3218 1912 3451 1966 mediam
3488 1916 3736 1966 noctem,
3770 1903 3913 1953 circa

2338 2012 2566 2066 mediam
2618 2017 2834 2061 noctem
2883 2006 3038 2059 factm
3073 2013 3197 2058 sunt
3234 2002 3467 2057 tenebrm
3498 1997 3654 2049 valde
3703 2008 3917 2061 graves,

2333 2106 2467 2157 adeo
2503 2112 2559 2155 ut
2589 2118 2694 2154 nou
2726 2109 2909 2169 posset
2939 2098 3063 2166 quis
3098 2096 3325 2162 digitum
3365 2108 3522 2145 suum
3558 2092 3700 2141 inter
3730 2082 3920 2137 oculos

2336 2196 2573 2266 positum
2611 2206 2855 2253 cernere,
2894 2197 3008 2242 tum
3035 2186 3293 2239 concitati
3345 2190 3474 2237 sunt
3524 2179 3672 2232 venti
3724 2187 3919 2242 graves

2340 2288 2615 2359 prioribus
2655 2282 3114 2339 vehementiores,
3148 2278 3350 2345 quibus
3382 2276 3605 2337 deiecta:
3644 2277 3774 2321 sunt
3811 2264 3912 2314 do-

2339 2357 2459 2434 inus
2509 2377 2722 2439 multas;
2763 2374 2960 2441 injecta
2992 2378 3076 2423 est
3118 2368 3282 2421 etiam
3317 2366 3598 2417 hominum
3634 2362 3776 2414 intra
3811 2357 3909 2405 du.-

2339 2487 2457 2524 mus
2489 2483 2617 2523 suas
2647 2465 2923 2533 capitibus
2972 2474 3136 2513 arena
3193 2458 3357 2509 rubra
3384 2495 3399 2519 ,
3432 2453 3800 2519 videruntque
3853 2452 3906 2503 iu

2338 2573 2576 2633 quatuor
2616 2558 2738 2611 coeli
2800 2555 2975 2626 plagis
3020 2555 3303 2607 columnas
3359 2549 3500 2617 ignis
3551 2546 3921 2605 ﬂammautcs,

2346 2669 2521 2722 nequc
2572 2652 2648 2704 ita
2696 2665 2754 2704 se
2800 2647 3003 2700 habere
3038 2643 3200 2697 desiit
3239 2642 3413 2694 donec
3454 2636 3922 2706 appropinquaret

2347 2761 2525 2799 mane.
2568 2742 2709 2795 Tum
2742 2740 3052 2793 remittente
3089 2734 3368 2803 paululum
3404 2737 3563 2783 vento
3607 2729 3793 2781 rubuit
3830 2724 3925 2776 ad-

2346 2835 2564 2890 modum
2613 2834 2810 2887 cmlutn
2866 2830 3043 2882 instar
3092 2827 3324 2879 ﬂamma:
3379 2824 3559 2893 ignis,
3605 2838 3726 2874 cum
3759 2828 3925 2871 ventu

2351 2929 2547 2997 frigido
2586 2943 2599 2978 :
2634 2925 2763 2993 quin
2795 2930 2848 2975 et
2893 2930 3062 2980 terra,
3097 2927 3331 2975 montes,
3364 2916 3616 2972 arbores,
3656 2913 3922 2967 lmtttint‘s,

2350 3036 2447 3076 nec
2484 3035 2587 3072 non
2624 3024 2804 3070 vestes
2836 3015 3103 3081 ipsorum,
3130 3018 3184 3061 et
3208 3005 3469 3076 quidquid
3500 3005 3697 3071 ubique
3729 3018 3922 3054 cerne-

2346 3129 2456 3176 res,
2516 3109 2807 3162 rubescere
2856 3117 2965 3172 prae
3017 3113 3229 3155 summa
3283 3098 3406 3150 ειηΙί
3452 3093 3741 3151 rubedine,
3802 3105 3926 3157 qum.

745 3209 1093 3277 inauguratus
1139 3221 1220 3264 est
1252 3210 1316 3262 Al
1356 3208 1598 3261 Motaded
1647 3206 1833 3260 billahi
1892 3203 2028 3257 Abul
2061 3200 2242 3256 Abbas
2268 3175 2311 3232 ο
2347 3175 2484 3258 duas
2515 3202 2677 3253 horas
2702 3194 2950 3256 duravit;
2985 3189 3181 3244 deinde
3214 3187 3267 3240 iu
3300 3185 3623 3239 ﬂavedinem
3660 3196 3925 3234 ριιιινντςι

667 3304 781 3371 (qui
832 3303 973 3355 idem
1028 3302 1235 3356 Abmed
1297 3301 1413 3354 Ebn
1466 3299 1565 3351 Abi
1625 3298 1829 3350 Alnned
1868 3296 1930 3349 Al
1964 3291 2244 3347 Mowaffek

668 3397 846 3451 billaci
880 3397 992 3449 Ebu
1025 3393 1209 3448 Jaafar
1233 3391 1659 3447 Almotawachcl
1685 3388 1920 3447 alallabi,
1951 3388 2037 3441 cui
2076 3395 2249 3438 mater

670 3484 983 3537 concubina
1021 3483 1121 3535 fuit
1152 3483 1373 3535 numine
1402 3480 1593 3547 Darar)
1618 3479 1810 3531 eodem
1842 3478 1950 3538 die,
1975 3491 2083 3544 quo
2113 3474 2243 3527 obiit

674 3581 734 3630 ΑΙ
778 3576 1102 3629 Motammcd
1137 3617 1152 3635 ,
1212 3573 1504 3626 undecimo
1558 3585 1682 3626 ante
1744 3572 1955 3623 finitum
2006 3581 2246 3622 mensem

674 3673 863 3740 κομι),
896 3670 1269 3721 ducentesimo
1303 3665 1704 3733 septuagesimo
1733 3679 1897 3721 nono.
1932 3670 2246 3716 cessarunt-

673 3780 777 3832 que
810 3764 953 3824 lites,
990 3774 1052 3813 ac
1083 3775 1185 3828 pax
1220 3759 1272 3811 in
1310 3757 1608 3826 provinciis
1663 3756 1800 3809 facta
1839 3765 1919 3807 est
1951 3793 1964 3815 ,
2016 3754 2246 3807 sublatis

679 3857 858 3918 bellis,
893 3868 1194 3922 pacemque
1226 3850 1587 3917 amplectente
1619 3848 1766 3901 omni
1801 3846 2018 3907 rebelle,
2060 3852 2114 3897 et
2151 3845 2243 3895 vili

676 3948 851 4018 pretio
879 3946 1138 4014 expasitae
1190 3952 1321 3997 sunt
1353 3956 1440 3994 res
1476 3941 1716 3993 venales.
1750 3940 2003 4007 Misitque
2046 3939 2107 3990 Al
2141 3935 2253 3988 Mo-

676 4040 835 4094 tuled
866 4039 1030 4108 480
1058 4038 1124 4089 ad
1160 4032 1674 4088 Cbamarawaihum
1726 4030 1840 4084 Ebn
1894 4031 2098 4083 Abmed
2140 4028 2250 4079 Ebn

677 4133 879 4194 'l'olun,
915 4131 1078 4183 filiam
1131 4129 1305 4196 ipsius
1336 4127 1437 4179 s'bi
1489 4126 1541 4177 in
1579 4138 1800 4177 uxorem
1833 4132 2047 4190 petens,
2089 4136 2250 4188 quam

681 4228 783 4295 ipsi
816 4223 1124 4276 concedens
1158 4219 1575 4274 Chamarawaih
1614 4220 1677 4270 ad
1721 4217 1897 4283 ipsum
1926 4229 2045 4267 eam
2082 4211 2253 4264 dedu-

681 4318 907 4371 cendam
941 4315 1175 4379 curavit,
1232 4312 1539 4378 inultas-pte
1579 4310 1739 4363 simul
1782 4324 1946 4374 opes.
1982 4320 2168 4358 servos
2204 4314 2255 4356 et

682 4409 908 4462 ancillas
932 4425 946 4473 ;
970 4416 1130 4475 atque
1159 4407 1229 4458 ita
1260 4420 1389 4471 pace
1422 4405 1560 4455 inter
1588 4404 1733 4469 ipsos
1771 4400 1908 4453 facta
1941 4400 1993 4450 in
2014 4398 2255 4449 ordinem

2346 3302 2430 3348 est
2459 3304 2632 3358 usque
2665 3286 2728 3339 ad
2764 3282 3074 3345 meridiem;
3105 3280 3229 3332 dein
3258 3284 3622 3330 evanescentc
3654 3272 3923 3324 flavedine

2348 3387 2564 3453 nigrum
2601 3378 2775 3434 evasit
2818 3376 3017 3429 caelum
3042 3414 3056 3436 ,
3086 3380 3200 3425 toto
3226 3371 3314 3424 die
3350 3370 3455 3420 isto
3487 3380 3660 3434 usque
3691 3362 3757 3415 ad
3808 3377 3934 3415 cra-

2350 3478 2476 3532 stini
2528 3471 2847 3533 meridiem,
2893 3477 3182 3534 antequam
3223 3461 3622 3515 dissolveretur
3674 3455 3926 3521 nigredo.

2354 3583 2529 3637 neque
2572 3582 2665 3634 per
2706 3561 3038 3630 sesquidiem
3071 3555 3319 3625 apparuit
3360 3553 3461 3615 sol,
3494 3565 3559 3603 ex
3610 3565 3717 3615 quo
3765 3546 3936 3616 484,

2346 3657 2603 3715 θοιιοὶιάιὶ
2632 3665 2761 3709 sunt
2796 3654 2969 3712 venti,
3006 3649 3181 3703 donec
3215 3650 3570 3699 evanesceret
3615 3640 3788 3692 nubes
3840 3638 3932 3691 ilia

2352 3754 2523 3818 nigra.
2553 3748 2789 3802 Rursum
2815 3759 2958 3797 anno
2980 3740 3361 3794 ducentesimo
3382 3734 3715 3801 octogesimo
3734 3739 3935 3782 octavo

2351 3849 2403 3899 in
2448 3842 2703 3913 Egypto,
2738 3839 2958 3891 ineunte
2988 3835 3076 3887 die
3114 3828 3367 3885 Mercurii
3423 3825 3625 3879 mensis
3663 3822 3937 3874 Dilkaade

2361 3949 2527 3996 nouo,
2564 3933 2766 3984 factum
2803 3938 2883 3979 est
2920 3937 2976 3977 ut
3013 3938 3041 3975 a
3072 3921 3247 3975 media
3277 3927 3436 3971 nocte
3469 3931 3641 3982 usque
3673 3914 3745 3964 ad
3772 3927 3938 3963 auro-

2356 4044 2468 4080 ram
2518 4023 2671 4076 valde
2718 4018 3005 4073 concitata:
3056 4017 3165 4067 sint
3222 4010 3391 4066 stella:
3448 4005 3737 4079 [mrtcora]
3785 4019 3926 4071 quas

2357 4119 2543 4171 stellas
2575 4114 2833 4165 cadentes
2867 4119 3080 4167 vocant,
3111 4104 3245 4156 adeo
3285 4114 3343 4155 ut
3374 4103 3440 4153 iis
3472 4101 3772 4166 repleretur
3807 4112 3923 4147 cte-

2360 4210 2466 4260 lum
2504 4205 2568 4256 ad
2604 4204 2891 4261 orientem,
2926 4199 3287 4255 occidentem,
3320 4202 3587 4251 austrum,
3620 4197 3673 4239 et
3703 4195 3926 4251 septen-

2364 4304 2597 4353 trionem
2634 4293 2902 4363 dispersis
2930 4329 2944 4351 ,
2978 4304 3075 4342 nec
3117 4296 3302 4356 posset
3333 4285 3456 4351 quis
3503 4281 3699 4335 ccelum
3736 4280 3938 4333 intueri

2368 4406 2476 4459 prae
2510 4388 2683 4441 stellis
2720 4385 2861 4437 istis.
2886 4381 3002 4435 Jam
3037 4394 3179 4432 anno
3210 4377 3382 4446 primo
3409 4372 3702 4427 chalifatus
3726 4373 3788 4423 Al
3818 4372 3938 4423 Mo-

688 4505 920 4555 re-lactze
958 4508 1086 4552 sunt
1116 4514 1225 4550 res.
1254 4494 1737 4550 Cbamarawaibus
1773 4501 1950 4544 autem
1983 4506 2047 4543 ex
2084 4488 2249 4556 Egy-
2298 4507 2342 4563 υ
2369 4481 2548 4535 tadedi
2590 4476 2919 4531 constitutus
2971 4481 3055 4524 est
3107 4472 3329 4523 Simeon
3365 4466 3595 4517 Ζπιηιὶίῖ
3630 4465 3797 4529 ﬁlii”.
3841 4480 3940 4531 Ρη-

687 4606 779 4663 pto
815 4595 865 4646 in
911 4591 1123 4661 Syriam
1162 4589 1459 4657 profectus,
1498 4585 1744 4638 Damasci
1783 4587 1963 4637 sedent
2002 4582 2139 4645 fixit,
2178 4590 2256 4633 at-

686 4704 792 4753 que
830 4685 898 4737 ibi
937 4694 1090 4737 extra
1125 4682 1313 4733 urme
1348 4679 1449 4731 sub
1481 4676 1809 4730 monasterio
1844 4674 2082 4733 Marran,
2107 4673 2257 4738 juxta

688 4780 915 4833 fluvium
960 4773 1179 4827 Taurab
1206 4811 1220 4831 ,
1254 4786 1434 4824 arcem
1470 4768 1713 4823 condidit
1745 4767 1798 4819 in
1834 4781 1939 4835 qua
1974 4764 2258 4817 habitavit.

693 4868 1127 4934 interfectusque
1176 4873 1258 4916 est
1305 4860 1832 4923 Cbamarawaihus,
1870 4860 1922 4911 in
1969 4858 2068 4910 hac
2102 4870 2263 4926 quam

696 4960 941 5013 Damasci
979 4954 1224 5011 condidit
1265 4968 1412 5013 arce.
1456 4953 1541 5005 die
1593 4951 1893 5012 Dominico,
1929 4951 2085 5004 tertio
2140 4958 2265 5000 ante

697 5055 913 5107 finitum
949 5063 1193 5104 mensem
1234 5045 1514 5104 Dilkaada.
1543 5058 1686 5096 anno
1716 5041 2093 5095 ducentesimo
2116 5047 2266 5092 octo-

696 5146 904 5216 gesimo
940 5140 1182 5196 secundo
1227 5155 1240 5191 :
1289 5136 1489 5192 caedem
1532 5136 1702 5203 ipsius
1735 5143 2092 5203 procurarunt
2126 5146 2155 5184 e
2185 5132 2262 5182 fa-

697 5237 969 5289 mulorum
1013 5233 1185 5300 ipsius
1233 5228 1524 5300 praecipuis
1574 5243 1664 5281 sex
1693 5264 1708 5290 ,
1767 5240 1998 5291 quormn
2046 5223 2261 5275 nomina

697 5326 973 5385 Tdhaber,
1003 5324 1199 5387 Sabur,
1231 5321 1384 5383 Lula,
1421 5318 1606 5382 Natif,
1633 5316 1818 5369 Shafio
1869 5314 2173 5382 pocillator,
2210 5321 2259 5362 et

700 5418 972 5486 Ganayem
1010 5431 1023 5465 :
1061 5430 1291 5482 quormn
1326 5411 1733 5465 interfectorum
1765 5408 1941 5475 capita
1974 5404 2264 5473 Algyptum

704 5519 912 5577 portata
948 5516 1075 5577 spnt
1098 5546 1111 5567 ,
1153 5520 1381 5573 corpora
1417 5513 1594 5556 autem
1638 5500 1884 5552 Damasri
1920 5497 2161 5566 patibulo
2192 5494 2265 5546 af-

702 5605 828 5656 ﬁxa.
860 5597 1339 5651 Cban’raravvaibus
1375 5597 1426 5648 in
1457 5610 1583 5648 arca
1618 5593 1877 5645 Damasco
1900 5591 1952 5644 in
1979 5588 2268 5656 Aigyptum

706 5688 944 5756 perlatus
992 5687 1042 5736 in
1082 5694 1263 5740 monte
1310 5682 1673 5736 Almokattam
1720 5681 2094 5747 sepultusmst.
2128 5674 2270 5728 Tur-

709 5785 828 5865 bata
864 5788 944 5830 est
974 5769 1154 5829 autem
1189 5775 1454 5844 Egyptus
1483 5774 1550 5825 ob
1571 5770 2021 5826 Chatuawaihum
2047 5767 2273 5835 ejusque

715 5860 965 5925 inertem.
1003 5866 1295 5921 Praefectus
1330 5876 1405 5918 est
1446 5873 1563 5933 post
1607 5864 1780 5929 ipsum
1813 5860 1951 5913 laisb
1982 5860 2273 5914 Chumara-

2367 4574 2601 4626 triarcba
2654 4567 3056 4624 Antiocbeuus,
3093 4562 3183 4629 qui
3221 4575 3392 4611 annos
3433 4557 3721 4610 duodecim
3765 4557 3941 4616 sedit,

2364 4664 2489 4717 dein
2520 4668 2769 4713 mortuus
2797 4666 2899 4711 est.
2932 4658 3100 4710 Porro
3130 4669 3252 4705 cum
3286 4650 3451 4703 Leoni
3490 4650 3804 4717 imperatori
3839 4649 3945 4701 [{0-

2369 4770 2529 4808 mano
2570 4761 2785 4805 mortua
2819 4756 2967 4802 esset
2994 4761 3132 4799 uxor
3166 4744 3312 4797 nulla
3356 4741 3541 4795 relicta
3568 4741 3739 4810 prole,
3779 4741 3943 4791 aliam

2367 4852 2454 4905 ille
2486 4864 2709 4902 uxorem
2747 4846 2947 4898 ducere
2978 4841 3146 4894 voluit
3173 4856 3188 4903 ;
3221 4848 3273 4891 at
3326 4837 3605 4907 prohibuit
3638 4837 3813 4903 ipsum
3850 4836 3944 4886 Ni-

2368 4945 2553 4996 culaus
2597 4936 2906 5009 patriarcha
2954 4931 3641 4997 Constantinopolitanus.
3693 4927 3888 4979 dicens
3924 4942 3939 4977 :

2372 5036 2485 5088 Non
2515 5030 2714 5087 esttibi
2767 5028 2969 5081 licittnn
3002 5039 3224 5077 uxorem
3250 5023 3479 5084 ducere;
3515 5019 3782 5087 siquidem
3814 5030 3947 5068 ana-

2371 5134 2594 5195 gnostes
2638 5138 2696 5175 es
2744 5130 2800 5174 et
2845 5118 3098 5188 precibus
3150 5115 3494 5169 sacerdotum
3551 5119 3945 5169 consecratus;

2375 5217 2519 5285 quod
2580 5215 2625 5269 si
2691 5227 2912 5265 uxorem
2969 5209 3187 5263 duxeris
3264 5222 3373 5259 non
3425 5204 3552 5257 licet
3591 5204 3689 5254 tibi
3750 5203 3818 5252 ad
3869 5204 3949 5251 al-

2376 5318 2490 5360 tare
2520 5304 2796 5357 accedere.
2830 5302 2928 5355 Cui
2965 5299 3070 5352 Leo
3108 5319 3119 5354 :
3155 5297 3387 5351 Uxorem
3418 5295 3618 5347 ducere
3651 5293 3818 5359 cupio
3841 5308 3951 5357 quo

2378 5410 2446 5451 st
2489 5398 2617 5449 mihi
2672 5396 2816 5448 Illius
2865 5393 2955 5461 qui
3012 5400 3132 5459 post
3184 5403 3268 5440 me
3319 5402 3540 5453 regnum
3598 5385 3951 5435 baereditario

2372 5490 2665 5560 possideat.
2719 5489 2788 5538 At
2815 5500 2921 5538 non
2975 5481 3218 5551 permisit
3251 5480 3351 5548 ipsi
3400 5476 3708 5545 patriarcha
3744 5474 3947 5542 conju-

2372 5587 2540 5645 gimn.
2578 5578 2801 5645 Scripsit
2837 5590 2966 5642 ergo
2999 5574 3107 5625 Leo
3150 5572 3442 5638 imperator
3473 5568 3539 5618 ad
3576 5565 3949 5633 patriarcbam

2375 5674 2704 5743 Romanum,
2748 5667 3062 5720 Mieliaelem
3092 5662 3458 5733 patriarebam
3495 5658 3950 5719 Alexandrinum,

2378 5767 2544 5818 Iiliam
2587 5762 2824 5813 Mansuri
2866 5760 3030 5811 filium
3081 5754 3441 5825 patriarcham
3498 5750 3953 5819 l'ierosolymita-

2379 5875 2530 5917 num,
2570 5864 2619 5907 ct
2657 5855 2962 5909 Simeonem
2994 5849 3222 5902 Zarnaki
3256 5844 3422 5901 lilium
3448 5884 3459 5899 .
3502 5844 3907 5899 Anti-icitcuutn
3939 5883 3955 5903 ,
