4210 6428
270 384 408 450 1145

1702 391 1900 451 ANNA
1910 395 2063 454 LES.

3357 405 3493 472 ili6

264 513 464 565 rogans
505 504 562 549 ut
592 496 658 550 ad
692 496 868 568 ipsum
903 500 1220 554 accederent
1243 542 1257 565 ,
1289 517 1398 570 quo
1446 502 1780 572 dispicerent
1806 545 1820 568 ,
1855 509 1894 563 Α
1929 515 2088 577 idque
2125 514 2328 567 mensis
2365 513 2664 568 Rarnadani
2690 526 2905 584 quarto,
2951 531 3094 570 anno
3121 517 3490 574 ducentesimo

254 588 444 642 liceret
491 603 663 642 necne
722 589 825 656 ipsi
870 603 1092 644 uxorem
1127 591 1326 644 ducere

253 693 375 732 rum
397 678 669 748 quispiam
706 681 770 733 ad
800 682 972 748 ipsum
1001 681 1282 748 accedere,
1318 684 1419 738 nisi
1451 686 1592 752 quod
1625 688 1824 756 singuli

253 771 477 823 nomine
517 787 620 824 suo
642 770 1004 844 485-487
1048 774 1279 844 legatum
1315 778 1614 833 mitterent.
1646 782 1720 833 Ae
1749 785 1826 836 le-

251 863 396 928 gatis
436 877 492 914 se
525 862 888 933 adjungentes
921 866 1156 934 episcopi
1191 867 1408 934 quidam
1441 871 1824 925 Constantino-

252 952 386 1020 poli,
413 953 479 1006 de
505 955 721 1020 negotio
757 956 1107 1023 imperatoris
1135 958 1504 1026 dispicienlcs,
1536 963 1816 1017 matrimo-

251 1043 399 1094 nium
443 1044 541 1112 ipsi
604 1045 811 1098 l?citum
868 1048 1293 1115 pronuntiarunt
1330 1067 1344 1113 ;
1377 1067 1546 1115 quare
1593 1069 1816 1107 uxorem

249 1133 428 1195 duxit,
463 1143 731 1201 natusque
755 1143 839 1188 est
890 1136 988 1202 ipsi
1019 1137 1160 1191 ﬁlius
1206 1154 1366 1206 quem
1397 1140 1814 1194 Constantinum

250 1225 567 1292 appellavit.
611 1225 860 1294 Cumque
891 1225 1174 1281 Nicolaum
1231 1230 1595 1297 patriarcham
1633 1234 1818 1284 cathe-

248 1312 346 1366 dra
379 1313 720 1376 abdicasset.
755 1317 1088 1372 constitutus
1121 1329 1199 1373 est
1239 1320 1412 1388 ipsius
1459 1322 1575 1373 loco
1621 1322 1814 1374 Authi-

247 1417 372 1456 tnus
412 1404 720 1471 patriarcha
762 1405 1427 1476 Constantinopolitanus.
1461 1409 1604 1463 Obiit
1635 1421 1812 1464 autem

247 1495 569 1549 Almotaded
593 1495 786 1550 Billahi
823 1498 911 1553 die
939 1499 1217 1554 Dominico
1270 1517 1412 1556 nono
1435 1508 1559 1554 ante
1591 1502 1812 1556 llahiam

248 1587 604 1652 posteritrem
642 1587 873 1650 ﬁnitum,
915 1605 1056 1644 anno
1081 1593 1458 1646 ducentesimo
1485 1596 1815 1662 octogesimo

249 1692 414 1730 nono.
452 1677 570 1732 Fuit
598 1679 886 1733 chalifatus
917 1683 1082 1750 ipsius
1119 1699 1387 1738 annorum
1438 1701 1650 1742 novem.
1687 1701 1808 1738 cum

247 1769 532 1822 mensibus
569 1786 785 1835 norem,
807 1772 1016 1824 dierum
1045 1773 1300 1829 duorum.
1341 1777 1528 1829 Annos
1550 1792 1672 1829 cum
1701 1793 1816 1831 mo—

247 1867 461 1914 reretur
493 1860 678 1913 habuit
705 1861 1064 1931 quadraginta
1110 1876 1340 1933 septem.
1397 1868 1728 1935 Praecipitant
1761 1872 1814 1922 in

245 1964 336 2002 res
370 1949 543 2018 ipsius
563 1959 887 2018 potestatem
917 1953 1152 2007 habuere
1177 1953 1352 2009 Badar
1375 1956 1598 2011 libertus
1625 1959 1814 2026 ipsius,

243 2053 299 2098 et
329 2042 646 2096 Ghaidallah
728 2045 843 2098 Ebn
883 2044 1163 2111 Solimani,
1208 2049 1366 2117 cujus
1399 2051 1452 2102 in
1481 2051 1657 2104 loeum
1689 2069 1817 2104 suc-

244 2135 413 2187 cessit
450 2135 592 2189 lilius
635 2135 806 2203 ipsius
844 2137 905 2190 AI
931 2136 1268 2195 KasemEbn
1311 2137 1672 2196 Obaidallahi.
1699 2141 1820 2195 Fuit

240 2225 560 2280 Almotaded
597 2227 839 2296 pulcher,
871 2227 1006 2284 facie
1027 2240 1080 2284 et
1103 2245 1332 2300 corpore
1364 2232 1617 2296 decorus,
1674 2243 1816 2287 stre-

243 2331 408 2379 nuus,
440 2332 602 2386 opum
632 2327 816 2371 tenax.

576 2408 876 2476 Cliafifatus
911 2412 976 2464 ΑΙ
1013 2411 1225 2480 Mocta/i
1263 2413 1470 2466 billahi.

313 2498 679 2569 lnauguratus
713 2512 793 2557 est
851 2504 911 2556 Al
947 2502 1160 2557 Moctaﬁ
1215 2505 1328 2571 (qui
1379 2505 1518 2558 idem
1567 2514 1651 2560 est
1696 2507 1812 2560 Ahu

244 2590 610 2654 Mohammed,
647 2591 759 2646 Ebn
803 2594 1000 2648 Alimct
1039 2597 1405 2664 Almotaded,)
1447 2597 1683 2666 Bagdzttli
1719 2617 1815 2651 eo-

239 2684 362 2736 deni
416 2683 503 2737 die
554 2700 664 2753 quo
703 2685 838 2738 obiit
890 2685 1233 2742 Alu‘otaded.
1285 2690 1418 2742 Erat
1464 2701 1589 2743 tunc
1633 2701 1809 2744 autem

244 2775 532 2827 Almoctaﬁ
592 2775 800 2837 Raccze,
831 2777 1120 2853 missaeque
1151 2788 1277 2833 sunt
1305 2781 1368 2832 ad
1401 2781 1575 2849 ipsum
1619 2783 1811 2836 littera:

239 2873 294 2916 et
327 2865 593 2931 epistolas,
626 2875 681 2918 ut
715 2865 1024 2932 Bagdadum
1063 2871 1365 2932 accederet,
1396 2887 1501 2939 quo
1531 2886 1652 2924 cum
1690 2889 1813 2940 per-

245 2956 513 3020 venisset,
540 2955 723 3008 sedem
763 2955 831 3008 ibi
873 2958 1010 3011 ﬁxit.
1041 2957 1210 3011 Mater
1233 2959 1350 3021 eius
1386 2962 1601 3014 nomine
1644 2961 1812 3012 Bach-

241 3046 498 3111 tajarnah
536 3047 662 3109 l'ttit,
694 3049 802 3100 ﬁlia
834 3048 1100 3103 Alkasemi
1139 3047 1252 3101 Ebn
1278 3048 1616 3103 Ohaidal'alti
1640 3051 1806 3120 488

1380 611 1393 646 :
1436 603 1490 646 at
1532 595 1704 648 noluit
1734 611 1830 649 eo-

1928 604 2287 670 nonagesimo
2329 614 2522 673 quarto
2566 625 2580 661 :
2634 610 2774 660 sedit
2817 625 2987 666 annos
3032 611 3221 678 viginti
3277 625 3401 667 sex.
3438 619 3493 664 et

1925 707 2020 746 scx
2064 709 2304 757 menses,
2348 697 2469 749 dein
2514 697 2648 750 obiit
2687 713 2701 749 :
2739 701 3092 765 sepultusque
3122 701 3283 754 estin
3317 701 3491 754 eccle-

1923 783 1999 835 sia
2050 781 2348 848 Michaelis,
2385 783 2629 840 Phostati
2668 785 3029 858 Egyptiacae.
3069 791 3226 844 Anno
3255 790 3492 844 chalifa-

1925 886 2013 929 tus
2037 875 2280 942 ejusdem
2316 887 2469 931 sexto
2513 882 2840 933 constitutus
2872 890 2954 933 est
3009 879 3301 948 Georgius.
3353 880 3492 932 Daa-

1914 966 2025 1032 jani
2059 967 2220 1028 ﬁlius,
2251 969 2558 1034 patriarcha
2593 967 3153 1039 llierosolymitanus,
3186 971 3277 1035 qui
3313 983 3489 1028 annos

1915 1068 2148 1127 quatuor
2179 1067 2231 1111 et
2271 1075 2363 1113 sex
2401 1074 2618 1112 menses
2667 1061 2803 1114 sedit
2837 1102 2851 1125 ,
2897 1062 3020 1115 dein
3083 1069 3332 1113 mortuus
3383 1066 3486 1112 est.

1916 1149 2086 1203 Porro
2121 1151 2323 1219 prodiit
2381 1152 2434 1203 in
2489 1150 2644 1221 Syria
2713 1152 2951 1217 rebellis,
3015 1154 3237 1207 nomine
3300 1149 3490 1204 lsmael

1916 1239 2326 1306 Karmatianus,
2357 1257 2479 1294 cum
2520 1243 2770 1297 Damasci
2801 1251 2945 1296 esset
2989 1245 3208 1296 nomine
3251 1243 3494 1296 Chamav

1917 1333 2140 1385 rawaihi
2179 1333 2291 1386 Ebn
2324 1334 2558 1395 Ahmed,
2592 1335 2709 1388 Ebn
2743 1334 2963 1397 Toluni,
2994 1335 3164 1404 Toguj
3217 1336 3329 1389 Ehn
3376 1337 3488 1392 lolii

1913 1421 2332 1493 Pbarganensis;
2367 1425 2458 1493 qui
2491 1425 2558 1477 ah
2586 1425 2812 1481 lsmaele
2838 1426 3193 1481 Karmatiano
3219 1430 3270 1481 in
3301 1430 3484 1497 fugam
3511 1459 3518 1468 ι

1914 1529 2108 1568 versus
2128 1523 2212 1569 est
2244 1524 2366 1584 post
2397 1517 2570 1570 multa
2605 1517 2746 1569 inter
2778 1519 2926 1586 ipsos
2955 1520 3248 1574 commissa
3280 1521 3485 1587 praelia,

1913 1606 2068 1660 Caesis
2102 1623 2131 1658 e
2157 1608 2448 1662 comitibus
2475 1608 2594 1677 ejus
2617 1608 2826 1661 multis.
2868 1609 3124 1664 Scribens
3153 1626 3282 1680 ergo
3320 1611 3492 1681 Toguj

1923 1696 1987 1750 ad
2021 1696 2293 1751 Hal-unem
2321 1698 2758 1752 Chamarawaibi
2793 1699 2957 1751 ﬁlium
2987 1700 3160 1767 ipsum
3194 1705 3268 1756 rei
3295 1706 3495 1756 certio-

1925 1806 2035 1843 rem
2076 1789 2219 1844 fecit.
2257 1788 2400 1842 Misit
2450 1805 2576 1860 ergo
2611 1790 2677 1843 ad
2735 1791 2912 1859 ipsum
2968 1788 3149 1843 Harun
3195 1797 3492 1846 exercitum

1919 1897 2197 1948 magnum,
2231 1881 2282 1933 in
2308 1896 2417 1950 quo
2445 1891 2599 1934 erant
2621 1898 2807 1935 omnes
2839 1881 3227 1936 Toloneusiurn
3267 1885 3489 1938 nomine

1917 1971 2153 2039 insignes
2179 1988 2192 2034 ;
2236 1970 2698 2038 commissumque
2725 1983 2807 2024 est
2837 1971 3075 2038 praelium
3113 1971 3251 2024 inter
3279 1973 3494 2025 exerci-

1917 2071 2004 2116 tus
2033 2063 2273 2129 ipsorum
2310 2061 2362 2112 in
2395 2061 2516 2112 vico
2553 2060 2801 2113 Canacar
2831 2060 2997 2124 dicto,
3035 2059 3260 2114 ditionis
3293 2059 3493 2115 Dama-

1919 2167 2124 2213 scenae,
2174 2152 2293 2204 loco
2349 2166 2509 2219 quem
2569 2152 2630 2204 Al
2685 2148 2987 2218 Asrapbam
3037 2162 3263 2212 vocant,
3309 2171 3338 2202 ιι
3363 2167 3494 2206 ense

1918 2243 2108 2313 Rajcb,
2139 2258 2280 2296 anno
2307 2242 2686 2296 ducentesimo
2716 2244 3050 2312 octogesimo
3077 2260 3218 2296 nono
3252 2260 3262 2288 τ
3290 2253 3344 2296 et
3365 2253 3488 2311 post

1914 2336 2225 2403 frequentes
2267 2335 2408 2386 inter
2455 2335 2603 2402 ipsos
2649 2350 2854 2404 pugnas
2892 2335 3208 2389 interfectus
3237 2344 3318 2390 est
3349 2334 3492 2388 Kar-

1912 2429 2209 2486 matianus.
2245 2426 2400 2479 czesis
2437 2441 2501 2478 ex
2537 2435 2770 2496 utroque
2807 2427 3052 2481 exercitu
3097 2427 3287 2494 viginti
3319 2427 3479 2480 circi-

1915 2529 1998 2573 ter
2033 2519 2313 2572 hominum
2359 2518 2628 2578 millibus,
2662 2534 2896 2584 quorum
2938 2528 2990 2572 et
3037 2518 3256 2586 utrique
3290 2518 3344 2570 in
3401 2517 3488 2570 fu-

1915 2626 2035 2680 gam
2065 2627 2123 2663 se
2163 2611 2466 2672 dederunt;
2508 2609 2814 2678 petentibus
2850 2610 2940 2678 qui
2989 2625 3053 2661 ex
3101 2606 3359 2660 Harumis
3398 2622 3493 2661 co-

1917 2704 2020 2773 piis
2057 2703 2380 2769 superstites
2419 2703 2658 2761 fuerunt,
2692 2699 3013 2753 Damascum
3043 2709 3094 2752 et
3119 2697 3483 2760 Tiberiadem;

1909 2797 2000 2864 qui
2037 2813 2064 2848 e
2096 2793 2636 2864 Karmatiani,592
2671 2792 2929 2844 llamsum
2965 2788 3304 2861 [Ernissam],
3341 2804 3498 2840 man~

1912 2895 2206 2952 seruntque
2249 2885 2491 2937 Damasci
2524 2900 2588 2935 ex
2622 2882 2857 2935 llarunis
2896 2881 3068 2947 cepiis
3107 2880 3326 2948 quidam
3354 2895 3484 2932 cum

1913 2976 2376 3046 BadroAIjamami
2409 2977 2574 3030 dicto.
2603 2975 2722 3027 Fuit
2745 2983 2922 3025 autem
2948 2973 3298 3025 Karmatiano
3322 2972 3489 3025 frater

1913 3069 1974 3120 Al
2009 3067 2193 3134 Najexn
2237 3067 2559 3136 appellatus;
2602 3065 2693 3134 qui
2725 3064 3068 3132 congregatis
3094 3063 3184 3131 qui
3217 3079 3244 3115 e
3291 3062 3480 3116 fratris

238 3137 353 3190 Eho
379 3137 668 3204 Solimani,
692 3141 806 3193 Ebn
834 3141 1086 3194 Wababi.
1114 3141 1388 3196 Abhasum
1424 3144 1589 3195 Ebhol
1623 3143 1802 3198 llasuu
1834 3158 1878 3214 ρ

1834 3158 1878 3214 C
1909 3162 1993 3212 sui
2029 3160 2273 3212 exercitu
2314 3158 2508 3225 reliqui
2555 3165 2753 3216 erant,
2805 3155 2991 3219 copias
3041 3154 3279 3222 collegit,
3329 3164 3383 3206 et
3431 3153 3487 3207 in

239 3229 685 3287 Maderanensem
737 3233 969 3287 scribam
1008 3235 1232 3288 adscivit
1292 3244 1453 3304 atque
1502 3237 1576 3288 illi
1624 3252 1709 3289 res
1749 3236 1803 3289 in

237 3323 483 3376 ordinem
515 3324 752 3379 redactrc
782 3335 928 3380 sunt.
963 3327 1120 3381 Anno
1150 3326 1455 3381 Chalifatus
1513 3327 1802 3381 Almoctaﬁ

238 3414 503 3479 secundo,
538 3417 627 3482 qui
669 3423 751 3469 est
785 3415 1192 3471 ducentesimus
1229 3418 1636 3485 nonagesimus,
1680 3433 1807 3486 pcr-

239 3509 361 3577 ligit
408 3508 561 3562 Nilus
612 3510 965 3581 Egyptiacus
1021 3513 1230 3567 cubitus
1279 3523 1484 3567 tantum
1545 3516 1803 3569 tredecim

237 3617 362 3655 cum
395 3602 604 3657 duobus
628 3604 828 3674 digitis.
862 3605 1038 3670 Quare
1065 3606 1267 3673 egressi
1305 3616 1430 3659 sunt
1464 3607 1802 3671 Moslemini,

236 3695 570 3761 Christiani,
604 3709 655 3749 et
680 3697 848 3750 Judaei
885 3698 950 3750 ad
977 3713 1171 3765 aquam
1211 3699 1465 3765 precibus
1507 3699 1805 3768 impetran-

236 3789 386 3850 dam,
418 3804 518 3843 nec
549 3801 725 3844 tamen
757 3792 926 3844 crevit
954 3806 1090 3858 aqua
1129 3791 1270 3844 ultra
1305 3791 1430 3844 illud
1481 3793 1621 3860 quod
1665 3792 1809 3845 dixi-

238 3882 632 3944 mus;deinde
683 3883 926 3936 recessit.
975 3882 1131 3935 Anno
1188 3883 1347 3936 tertio
1399 3884 1692 3936 chalifatus
1745 3883 1806 3935 Al

240 3973 455 4027 Moctaﬁ
496 3975 830 4028 constitutus
878 3984 959 4028 est
996 3975 1137 4028 Elias
1165 3976 1469 4044 patriarcha
1516 3975 1809 4027 Antioche-

241 4079 380 4129 nus;
413 4064 506 4133 qui
546 4066 777 4133 scriptor
827 4065 962 4128 fuit;
1009 4081 1179 4119 annos
1231 4067 1371 4120 sedit
1424 4066 1610 4134 viginti
1661 4075 1806 4129 octo,

239 4155 362 4210 dein
409 4167 655 4211 mortuus
684 4166 785 4210 est.
816 4156 984 4226 Capta
1019 4166 1103 4210 est
1137 4159 1266 4211 urbs
1317 4158 1562 4210 Seleucia
1600 4173 1629 4210 e
1662 4165 1805 4208 terra

239 4246 614 4302 Romanorum
648 4265 836 4302 mense
859 4247 1025 4302 Rabia
1062 4249 1373 4317 posteriori,
1397 4248 1536 4301 unde
1563 4247 1807 4316 captivos

240 4341 294 4393 in
328 4339 617 4410 .Egyptum
651 4343 948 4395 attulerunt
979 4357 1165 4396 mense
1192 4341 1381 4407 Rajeb,
1409 4355 1554 4392 anno
1601 4338 1808 4391 ducen-

237 4434 433 4484 tesimo
486 4434 863 4500 nonagesimo.
913 4435 1069 4486 Anno
1103 4433 1394 4485 chalifatus
1439 4430 1679 4498 ejusdem
1719 4446 1807 4483 sc-

238 4519 417 4574 cundo
444 4529 690 4574 mortuus
716 4531 799 4574 est
822 4519 1043 4574 Michael
1077 4519 1380 4588 patriarcha
1401 4519 1800 4572 Alexandrinus
1842 4524 1887 4582 ι)
1917 4519 2159 4586 patibulo
2189 4519 2354 4570 allixit
2385 4519 2535 4587 prius
2569 4519 2871 4572 cruciatum
2917 4530 2930 4568 :

237 4613 326 4665 die
355 4613 639 4667 Dominico
668 4655 681 4675 ,
714 4623 868 4666 sexto
908 4623 1032 4665 ante
1066 4612 1274 4664 ﬁnitum
1325 4626 1567 4664 mensem
1605 4610 1803 4662 [iama-

237 4705 366 4766 dan,
423 4717 566 4754 anno
613 4703 988 4757 ducentesimo
1014 4703 1404 4767 nonagesimo;
1437 4702 1804 4772 patriarcbatu

238 4796 458 4849 functus
493 4795 696 4860 triginti
729 4805 965 4865 quatuor
996 4796 1156 4849 anuis
1183 4811 1197 4847 ε
1227 4796 1543 4868 vacavitque
1571 4803 1694 4864 post
1724 4796 1805 4863 ip-

237 4900 358 4938 sum
391 4884 654 4939 cathedra
683 4885 1045 4939 Alexandrina
1096 4884 1403 4952 patriarcha
1444 4894 1676 4953 quatuor
1717 4898 1812 4936 an-

237 4977 361 5028 nos.
395 4975 556 5027 Anno
606 4976 800 5043 quinto
852 4975 1146 5029 chalifatus
1185 4974 1427 5041 ejusdem
1481 4974 1809 5029 constitutus

237 5077 320 5119 est
350 5065 737 5121 Christodulus
798 5066 1112 5120 Halebensis
1141 5067 1448 5135 patriarcha
1491 5065 1807 5119 Alexandri-

239 5170 376 5221 nus;
404 5167 622 5210 creatus
650 5165 733 5212 est
769 5156 1157 5228 Hierosolymis
1189 5158 1276 5210 die
1319 5157 1540 5210 Sahbati
1579 5156 1797 5224 magni,

245 5251 435 5316 quinto
473 5251 675 5304 mensis
691 5251 858 5304 Nisan
883 5291 898 5314 ,
931 5249 1214 5304 Barmudae
1245 5251 1495 5318 septimo.
1517 5248 1806 5302 Dieautem

237 5340 474 5395 lomadze
513 5342 830 5410 posterioris
864 5342 1074 5396 decimo
1094 5356 1238 5395 nono
1272 5342 1608 5396 consecravit
1630 5341 1807 5405 ipsum

243 5429 393 5485 Elias
423 5429 568 5486 ﬁlius
607 5432 880 5487 Mansoris
913 5433 1221 5500 patriarcha
1258 5431 1808 5500 Hierosolymitanns.

242 5520 488 5590 Cumque
523 5525 902 5578 Alexandriam
948 5525 1227 5588 venisset,
1257 5525 1512 5578 dixerunt
1560 5524 1711 5576 urbis
1748 5525 1810 5574 il-

245 5614 346 5667 lius
383 5614 573 5668 incolae
603 5634 616 5668 :
648 5615 910 5670 Nolumus
955 5617 1120 5679 hunc,
1174 5616 1276 5671 nisi
1334 5615 1575 5684 repetitis
1617 5615 1808 5686 m

251 5702 407 5773 £91
466 5704 720 5773 precibus
769 5706 988 5778 [quibus
1035 5706 1410 5777 consecratur]
1457 5705 1800 5773 patriarcha:

241 5812 405 5870 quare
451 5812 640 5865 prcccs
678 5799 1064 5868 patriarchalcs
1103 5815 1316 5854 rursum
1368 5798 1736 5852 adhibuerunt
1785 5819 1796 5851 :

1911 3261 2091 3318 partes
2121 3250 2346 3302 Emissa:
2394 3248 2616 3314 prodiit.
2661 3247 2723 3299 Al
2759 3244 3034 3311 Moktaphi
3085 3245 3249 3314 igitur
3296 3243 3486 3296 audito

1911 3337 2322 3391 Karmatianum
2355 3333 2574 3405 [Egypti
2613 3333 2885 3387 exercitus
2920 3332 3136 3397 fugasse
3186 3339 3348 3399 atque
3395 3331 3484 3384 in-

1907 3431 2182 3491 ﬁrmasse,
2223 3428 2378 3482 caesis
2423 3426 2793 3495 Egyptiorum
2816 3424 3126 3478 fortissimis
3157 3423 3485 3492 quibusque,

1914 3536 2063 3591 spem
2126 3520 2372 3588 concepit
2416 3518 2689 3586 capienda:
2733 3517 2969 3587 Egypti,
3030 3517 3302 3584 missmpte
3357 3513 3470 3566 Mo-

1918 3611 2169 3665 bammed
2205 3610 2316 3662 Ehn
2350 3611 2612 3670 So‘iman,
2649 3609 2732 3661 cui
2768 3607 3246 3672 prmstantissimos
3281 3607 3476 3658 ducum

1910 3717 2134 3756 Suot'um
2169 3718 2291 3755 cum
2331 3702 2566 3755 exercitu
2605 3716 2796 3768 magno
2821 3700 3082 3768 adjunxil,
3124 3697 3318 3766 prodiit
3368 3697 3483 3766 ipse

1917 3793 2164 3855 Baecam,
2229 3793 2409 3858 ibique
2441 3792 2701 3844 substitit.
2759 3788 3092 3842 Mohammed
3135 3795 3311 3840 autem
3361 3787 3478 3840 Ebn

1913 3885 2154 3939 Soliman
2195 3883 2286 3936 tibi
2322 3883 2582 3935 Emissam
2609 3882 2942 3949 pervenisset
2963 3879 3223 3945 Alnajemi
3249 3876 3477 3930 Karma-

1923 3976 2050 4028 tiani
2079 3975 2266 4042 copias
2297 3973 2454 4038 fudit,
2489 3974 2663 4039 captis
2691 3988 2720 4024 e
2749 3970 3038 4024 comitibus
3071 3969 3241 4036 ipsius
3275 3967 3482 4033 septin-

1911 4066 2120 4134 gentis;
2172 4062 2556 4116 Karn‘iulianus
2601 4075 2728 4113 vero
2774 4059 2987 4126 fugiers
3017 4099 3030 4119 ,
3076 4059 3194 4110 loco
3230 4059 3290 4110 Al
3332 4055 3480 4108 Dalia

1906 4155 2172 4225 appellato
2205 4168 2448 4222 repertus
2472 4162 2576 4218 est,
2599 4167 2758 4221 quem
2787 4168 2907 4207 cum
2945 4152 3234 4204 comitibus
3274 4149 3482 4216 septin-

1907 4246 2090 4314 gentis
2120 4245 2186 4297 ad
2223 4245 2285 4296 Al
2319 4244 2626 4297 Moctalium
2678 4244 2738 4296 Al
2766 4241 3007 4295 Rakkam
3061 4242 3206 4294 misit
3233 4239 3483 4292 Moliam-

1913 4339 2034 4391 med
2070 4337 2180 4390 Ebu
2215 4335 2480 4400 Solimau,
2510 4337 2596 4389 ciui
2644 4336 2952 4403 Bagdadum
2988 4334 3249 4400 perducto
3278 4332 3478 4385 collum

1918 4443 2082 4496 super
2114 4429 2351 4480 tabulato
2399 4427 2638 4495 przecidit
2714 4426 2776 4480 Al
2836 4424 3140 4487 Moetaﬁus,
3195 4425 3482 4490 ipsumque

2977 4515 3108 4582 quin
3162 4523 3214 4566 et
3254 4515 3480 4566 Cottlilt's

1905 4610 2076 4678 ipsius
2119 4609 2489 4678 septingentos
2513 4617 2685 4662 morte
2713 4607 2916 4670 affecit,
2945 4619 3171 4672 quorum
3202 4603 3323 4655 aliis
3345 4603 3478 4654 colla

1907 4717 2070 4767 super
2113 4701 2354 4752 tabulato
2395 4700 2663 4769 praecidit,
2707 4700 2964 4768 ipsosque
3001 4700 3253 4767 patibulo
3287 4697 3476 4757 aﬁixit;

1907 4792 2041 4845 alios
2067 4793 2316 4844 manibus
2348 4793 2686 4861 pedibusque
2731 4792 3032 4844 truncavit.
3087 4790 3318 4843 Profecti
3351 4797 3479 4842 sunt

1908 4884 2206 4936 Almoctaﬁi
2236 4886 2507 4938 exercitus
2549 4899 2672 4937 cum
2704 4882 3071 4936 Mohammede
3099 4880 3212 4934 Ehn
3235 4879 3474 4934 Soliman

1909 4975 2276 5039 Damascum,
2331 4977 2421 5028 ubi
2480 4976 2531 5027 in
2572 4974 2962 5028 Moliammedis
3008 4973 3162 5026 ﬁdem
3213 4988 3270 5025 se
3331 4971 3478 5023 dedit

1911 5065 2118 5120 Badrus
2157 5066 2438 5134 Aljamami
2482 5081 2588 5120 una
2620 5080 2743 5119 cum
2787 5066 2851 5120 iis
2891 5081 3009 5134 quae
3038 5066 3138 5132 ipsi
3179 5063 3474 5117 adfuerunt

1909 5159 2082 5226 copiis
2118 5175 2130 5209 :
2167 5159 2292 5211 hinc
2326 5159 2603 5226 profectus
2629 5169 2711 5213 est
2738 5157 3078 5213 Mobamtned
3107 5157 3471 5216 Palmstinam,

1909 5267 2016 5319 quo
2048 5252 2098 5302 in
2131 5249 2421 5319 (Egyptum
2456 5251 2575 5304 iret.

1982 5341 2164 5394 Harun
2197 5342 2312 5395 Ebn
2351 5341 2787 5394 Chamarawaihi
2844 5339 3032 5408 igitur,
3064 5339 3247 5390 audito
3291 5337 3474 5406 copias

1908 5443 2069 5500 atque
2100 5435 2374 5487 exercitus
2403 5432 2757 5504 493-495
2795 5433 2970 5498 ipsum
2997 5445 3192 5483 versus
3225 5430 3467 5491 tendere,

1906 5539 2157 5591 egressus
2189 5523 2240 5575 in
2280 5525 2454 5576 locum
2482 5525 2574 5591 qui
2607 5523 2667 5574 Al
2701 5522 2934 5573 Abhasia
2972 5520 3194 5581 dicitur,
3224 5533 3286 5571 ea
3312 5526 3472 5570 terrm

1908 5613 2242 5683 Egyptiacm
2289 5626 2438 5684 parte
2486 5630 2603 5682 quae
2645 5615 2889 5682 Alhauph
2942 5609 3164 5683 [audit,]
3215 5611 3283 5663 ibi
3336 5625 3459 5663 cum

1905 5708 2130 5760 ducibus
2163 5709 2275 5761 suis
2320 5722 2620 5776 magnaque
2662 5707 2898 5759 virorum
2947 5705 3289 5758 multitudine
3326 5703 3462 5754 sub.

1903 5800 2059 5862 stitit,
2087 5799 2438 5854 Multammcdi
2470 5800 2583 5853 Ebt:
2611 5800 2848 5853 Suliman
2875 5813 3225 5861 occursurus,
3257 5806 3308 5848 ct
3340 5811 3464 5849 cum
