4210 6428
706 432 834 493 illi

1687 422 2052 483 EUTYCilli
2102 423 2139 477 A
2155 419 2344 478 LEle
2360 417 2628 507 NDRlNl
2676 418 2891 476 PATK.

3796 417 3925 480 1H8

702 556 765 591 ct)
816 537 956 591 bello
1007 537 1323 590 decreturus
1404 534 1581 587 Naves
1645 534 1862 586 interim
1922 528 2205 583 Almoctaﬁ
2242 567 2255 587 .
2290 528 2330 587 Δ
2361 524 2594 580 Pliateco
2629 527 2802 594 ipsius
2851 527 3065 589 liberto,
3101 527 3411 598 ducumque
3460 536 3645 590 coetu,
3704 530 3922 583 obviam

706 629 845 678 ﬁ--xo
884 627 935 678 in
974 626 1107 679 mari
1146 641 1305 677 cursu
1335 664 1348 685 ,
1403 641 1468 678 ex
1540 633 1689 691 parte
1736 622 1958 674 Tenuisi
2030 621 2263 673 ditiones

705 718 921 787 Δείξγωί
955 717 1183 784 ejusque
1207 716 1363 769 villas
1390 718 1645 783 ingressae
1678 722 1819 767 sunt.
1863 712 2098 765 Navibus
2124 727 2260 778 prm-

702 810 874 862 lectus
905 806 1005 858 fuit
1032 805 1326 860 Damianus
1356 806 1595 860 Gnaeus.
1628 804 1856 857 Profecti
1885 819 2013 869 ergo
2044 804 2261 873 quidam

704 915 732 947 re
765 898 995 949 ducibus
1016 895 1269 959 Harunis,
1302 899 1557 949 Damiano
1592 900 1642 948 in
1678 897 1797 948 vico
1823 894 2084 948 Tanubab
2118 895 2265 949 dicto

704 999 1063 1041 Occurri-ruut
1086 1028 1103 1055 ,
1138 990 1226 1041 ubi
1261 998 1669 1048 concurrentes.
1698 1002 1819 1041 cum
1853 1002 2028 1055 pugna
2061 993 2265 1040 certas-

708 1086 850 1135 sent.
906 1087 1052 1147 terga
1098 1079 1361 1131 dederunt
1392 1081 1553 1131 duces
1587 1077 1843 1131 llarunis.
1876 1076 2079 1129 Sbiban
2103 1077 2267 1129 etiam

709 1168 821 1221 Ebn
854 1168 1214 1233 Mohammed,
1256 1170 1365 1223 Ebu
1396 1170 1591 1229 Tolun,
1629 1168 1861 1221 llaruuis
1889 1165 2001 1219 Ebn
2038 1166 2274 1219 Chama-

706 1260 929 1311 rawaiti
967 1271 1214 1327 patruus,
1237 1259 1506 1313 iiarunem
1536 1260 1758 1311 adortus
1785 1260 1963 1326 ipsum
2000 1257 2272 1311 interfecit

709 1350 794 1401 die
830 1350 1128 1417 Uouiinico,
1165 1352 1363 1404 mensis
1417 1350 1572 1403 Satur
1617 1350 1832 1403 decimo
1876 1360 2091 1411 octavo,
2128 1364 2271 1400 anno

708 1436 1081 1491 ducentesimo
1130 1440 1481 1507 nonagesimo
1524 1440 1797 1500 secundo,
1833 1447 1993 1507 atque
2033 1440 2148 1507 ipse
2200 1438 2267 1489 ad

708 1526 819 1581 dies
860 1529 1071 1596 aliquas
1104 1545 1283 1584 rerum
1316 1533 1517 1599 potitus
1552 1542 1653 1587 est.
1680 1534 1855 1586 Duces
1887 1539 2065 1586 autem
2096 1530 2274 1584 Haru-

710 1616 794 1669 nis
839 1616 904 1669 ad
940 1616 1370 1673 Mobammedem
1408 1619 1518 1673 Ebn
1554 1621 1792 1673 Soliman
1818 1622 2139 1681 scribentes,
2172 1621 2274 1672 im—

709 1706 1023 1760 munitatem
1065 1708 1133 1762 ab
1172 1709 1287 1775 ipso
1320 1708 1629 1777 petierunt;
1665 1724 1771 1777 qua
1805 1709 1858 1762 in
1897 1724 1957 1762 re
2003 1708 2134 1776 ipsis
2172 1724 2271 1759 an-

710 1794 845 1854 nuit,
894 1804 1055 1864 :tpie
1099 1813 1323 1851 securos
1359 1814 1477 1851 esse
1521 1799 1707 1867 jussit.
1742 1800 2141 1869 Ingressusque
2180 1807 2264 1852 est

2365 620 2498 684 ipsis
2535 618 2731 686 prodiit
2780 618 3120 673 Mobammed
3158 620 3273 671 Ebn
3319 621 3402 673 Ali
3458 619 3574 673 Ebn
3607 620 3672 673 Al
3721 620 3922 686 Chalij,

2363 712 2487 766 dein
2527 727 2650 766 cum
2681 713 2974 766 comitibus
3002 713 3116 767 suis
3150 712 3468 767 Phostatum
3526 727 3777 768 reversus
3805 724 3926 780 est;

2363 818 2601 869 cumque
2636 803 2747 855 acri
2780 803 3081 856 certamine
3108 802 3477 863 dimicassent.
3506 804 3559 857 in
3589 802 3766 871 fugam
3802 819 3927 857 ver-

2366 908 2460 947 sus
2498 894 2834 947 Mobammed
2869 893 2979 947 Ebn
3014 895 3095 947 Ali
3145 894 3460 949 Pbostatum
3511 910 3763 949 reversus
3788 894 3931 947 late-

2364 985 2491 1038 bras
2516 986 2774 1053 captavit.
2814 986 3010 1039 Pbatec
3034 1002 3326 1056 ergo,cum
3359 986 3422 1040 iis
3447 987 3536 1055 qui
3569 987 3669 1054 ipsi
3702 986 3930 1038 aderant

2368 1078 2666 1145 praéfeClis,
2703 1077 3025 1131 Pbostatum
3067 1080 3344 1149 ingressus
3374 1090 3474 1132 est.
3508 1078 3785 1130 Accedens
3830 1092 3931 1129 au-

2371 1177 2474 1220 tem
2510 1168 2592 1220 vir
2621 1170 2759 1233 apud
2796 1185 2956 1235 quem
2997 1170 3207 1221 delituit
3250 1170 3588 1223 Mobammed
3639 1172 3699 1222 Al
3734 1169 3931 1234 Clialij,

2373 1260 2470 1313 Isa:
2499 1258 2827 1311 Nusberensi
2880 1259 3141 1313 indicavit
3176 1262 3327 1313 illum
3361 1262 3500 1329 apud
3537 1276 3594 1313 se
3634 1276 3774 1313 essm
3829 1259 3929 1323 Qui

2377 1364 2505 1416 ergo
2537 1352 2781 1411 mittens,
2814 1351 2987 1416 ipsum
3020 1352 3324 1420 prehendit,
3358 1352 3517 1417 idque
3547 1366 3730 1402 mense
3757 1347 3930 1415 Rajeb

2372 1456 2514 1494 anno
2544 1443 2916 1495 ducentesimo
2950 1444 3299 1511 nonagesimo
3342 1444 3521 1505 tertio,
3570 1456 3783 1508 unaque
3812 1455 3935 1492 cum

2372 1532 2685 1591 comitibus.
2720 1532 2988 1593 afﬁnibus,
3018 1533 3359 1601 ducibusque
3389 1549 3451 1587 ac
3480 1533 3677 1585 scribis
3705 1532 3847 1589 suis.
3882 1540 3935 1583 et

2371 1620 2462 1687 qui
2498 1622 2596 1687 ipsi
2627 1622 2883 1672 auxilium
2915 1623 3157 1674 tulerant
3179 1662 3191 1680 ,
3226 1622 3457 1674 Eracum
3490 1621 3735 1674 abdutit.
3770 1620 3938 1671 Porro

2373 1711 2507 1762 obiit
2536 1710 2595 1761 Al
2620 1708 2832 1761 Μαρκιίί
2860 1711 2945 1761 diu
2978 1709 3257 1762 Dominico
3288 1710 3487 1762 mensis
3520 1711 3594 1761 Dil
3624 1708 3819 1761 Kaadse
3850 1709 3936 1760 de-

2376 1802 2518 1854 cimo
2556 1801 2735 1861 tertio,
2764 1814 2908 1853 anno
2940 1801 3312 1854 ducentesimo
3343 1800 3693 1865 nonagesin
3726 1801 3938 1869 quinto.

709 1884 1045 1939 Mobammed
1078 1888 1193 1941 Ebn
1226 1888 1482 1959 Solyman
1508 1889 1824 1960 Egyptum,
1854 1891 2067 1943 nemine
2102 1887 2269 1956 impe-
2296 1857 2346 1911 Β
2378 1890 2498 1943 Fuit
2537 1891 2827 1945 clialifatus
2862 1891 3033 1960 ipsius
3064 1906 3331 1944 annorum
3366 1907 3456 1944 sex
3484 1929 3499 1952 ,
3549 1857 3756 1941 novem.
3790 1904 3939 1942 nien-

710 1978 890 2032 diente
924 1979 1007 2033 vel
1060 1981 1383 2047 repellente,
1423 1982 1509 2034 die
1540 1980 1709 2045 Jovis,
1742 1980 1954 2035 duobus
1989 1992 2114 2033 ante
2151 1978 2273 2031 ﬁni-

712 2079 821 2124 tum
857 2086 1097 2126 mensem
1132 2071 1291 2126 Safar
1326 2072 1516 2125 diebus
1543 2112 1557 2130 .
1598 2086 1741 2125 anno
1771 2072 2147 2125 ducentesimo
2183 2088 2279 2124 no-

712 2163 992 2229 nagesimo
1018 2162 1277 2217 secundo.
1309 2161 1462 2227 Quod
1492 2163 1739 2217 videntes
1769 2162 1969 2215 Sbiban
1996 2173 2047 2215 et
2080 2163 2275 2217 fratres

710 2254 907 2323 ipsius,
940 2266 1225 2324 postquam
1260 2258 1427 2311 aciein
1456 2258 1523 2310 ad
1569 2273 1663 2312 eos
1716 2273 1889 2327 pugna
1924 2258 2274 2327 excipiendos

713 2344 1041 2398 instruxerat
1072 2344 1413 2399 Mobammed
1449 2345 1563 2399 Elin
1600 2346 1878 2415 Solyman,
1914 2347 2029 2399 loco
2055 2348 2147 2416 qui
2185 2350 2273 2401 Al-

715 2432 881 2504 Riyab
912 2435 1129 2495 dicitur,
1158 2438 1312 2505 juxta
1347 2437 1493 2491 urbis
1526 2436 1685 2491 Mesri
1713 2447 1919 2505 portatu
1948 2478 1962 2497 ,
2001 2440 2275 2505 petierunt

715 2538 763 2581 et
794 2527 896 2596 ipsi
925 2528 1317 2581 immunitatem
1354 2530 1454 2581 sibi
1488 2540 1535 2583 ct
1577 2531 1925 2583 facultatibus
1944 2530 2109 2600 496
2141 2532 2275 2595 suis;

717 2620 766 2673 in
800 2634 903 2687 qua
944 2635 1062 2673 cum
1094 2620 1227 2686 ipsis
1260 2621 1560 2683 annuisset,
1593 2621 1855 2688 dispersa:
1885 2633 2012 2673 sunt
2040 2622 2266 2674 Sliibaui

717 2711 907 2778 copiae.
937 2710 1109 2765 Jussit
1141 2722 1322 2764 autem
1356 2712 1691 2765 Illubammed
1725 2712 1836 2764 Ebn
1878 2712 2131 2781 Solyiuau
2164 2729 2279 2765 om—

715 2817 812 2855 nes
856 2812 1120 2871 quotquot
1171 2804 1271 2868 ipsi
1317 2803 1545 2857 aderant
1589 2819 1655 2857 ex
1709 2804 1943 2857 Ilarunis
1988 2805 2282 2859 comitibus

717 2891 887 2946 duces
934 2902 985 2945 et
1032 2895 1239 2947 scribas
1272 2894 1581 2963 Bagdadum
1615 2910 1671 2948 se
1710 2894 1983 2955 conicite,
2013 2910 2119 2961 quo
2158 2910 2284 2963 ergo

715 2984 936 3051 profecti
971 2996 1089 3035 sunt
1118 3001 1130 3046 ;
1165 2985 1277 3052 ipse
1307 2986 1356 3037 in
1390 2984 1627 3055 Egypto
1656 2980 1755 3041 'sex'
1782 3001 2001 3039 incuses
2034 2994 2281 3039 moratus

716 3086 793 3129 est
837 3076 1206 3144 :collcgitque
1244 3093 1271 3129 a
1321 3078 1515 3132 scribis
1558 3088 1611 3131 et
1652 3078 1881 3132 ducibus
1930 3092 2278 3129 nummorum

2370 1985 2510 2037 sium
2537 1994 2585 2037 et
2618 1984 2792 2059 bidui.
2833 1983 3059 2037 Maxima
3109 1984 3251 2051 apud
3300 1984 3474 2051 ipsum
3514 1984 3565 2035 in
3611 1983 3779 2048 gratia
3826 1981 3940 2034 fue-

2371 2086 2516 2135 runt.
2556 2092 2749 2143 resque
2780 2077 2898 2143 ejus
2924 2077 3217 2137 curabant,
3242 2076 3301 2127 Al
3329 2075 3514 2128 Abbas
3542 2075 3711 2127 Ebnol
3741 2073 3942 2127 llosain

2371 2168 2746 2227 consiliarius,
2786 2178 2839 2220 et
2871 2166 3071 2219 Plialcc
3109 2168 3334 2221 libertus
3370 2167 3562 2235 ipsius.

2578 2258 2737 2326 500
2774 2257 3069 2325 Cltalifatus
3107 2257 3474 2308 AlJluktaderi
3516 2257 3722 2307 billalir'.

2443 2347 2802 2415 lnauguratus
2854 2359 2934 2398 est
2977 2344 3324 2398 Aliloktader
3364 2345 3547 2399 billabi
3602 2343 3774 2397 laal‘ar
3828 2344 3944 2397 Ebn

2373 2438 2575 2490 ΑΙιιηθηΙ
2629 2428 2942 2489 ΛΙΜυιδιΙνά
3000 2436 3208 2496 liillztlti,
3266 2438 3452 2487 eodem
3504 2436 3591 2488 die
3641 2451 3751 2502 qut)
3813 2436 3947 2487 obiit

2381 2527 2547 2579 l‘rater
2603 2528 2774 2594 ipsius
2839 2526 3142 2587 Alium-tali,
3198 2527 3449 2578 videlicet
3497 2525 3585 2579 die
3639 2525 3946 2586 Dominico,

2380 2619 2595 2669 decimo
2629 2615 2788 2669 tertio
2843 2614 3048 2669 mensis
3085 2613 3344 2673 Dilkadie,
3396 2629 3539 2666 anno
3570 2613 3949 2666 ducentesimo

2382 2710 2735 2776 nonagesimo
2762 2708 2975 2776 quinto.
3032 2707 3201 2761 Mater
3252 2709 3421 2775 ipsius
3453 2708 3759 2759 concubina
3823 2708 3948 2770 luit,

2380 2799 2603 2853 nomine
2654 2798 2853 2851 Sbaab.
2902 2797 2997 2853 llic
3026 2798 3395 2860 AlAblrasum,
3434 2796 3619 2849 fratris
3652 2798 3734 2849 sui
3770 2797 3953 2850 consi-

2380 2890 2617 2959 liarium,
2652 2904 2717 2943 eo
2743 2905 2850 2958 quo
2882 2888 2981 2943 fuit
3015 2891 3134 2944 loco
3166 2905 3229 2943 ac
3266 2889 3533 2960 dignitate
3584 2889 3950 2950 conﬁrmavit,

2383 2981 2689 3049 ipsumque,
2742 2974 2903 3037 rebus
2938 2982 3055 3035 suis
3096 2982 3414 3053 praeposuit.
3466 2981 3727 3034 Coiernnt
3765 2990 3949 3033 autem

2389 3072 2558 3125 (luces
2590 3073 2759 3141 aliqui
2810 3090 2919 3142 quo
2969 3072 3330 3127 Abdollabum
3389 3072 3559 3125 Ebnol
3615 3071 3842 3123 Motazzi
3897 3071 3954 3124 in

716 3166 934 3221 circiter
964 3170 1161 3222 millies
1194 3170 1339 3224 mille
1382 3185 1576 3224 aureos
1616 3186 1630 3222 :
1669 3178 1781 3223 tum
1830 3168 2064 3224 Eracum
2101 3170 2277 3233 abiit,
2311 3182 2356 3243 ς
2390 3164 2613 3232 imperio
2665 3164 3035 3228 collocarent;
3099 3164 3242 3217 unde
3293 3162 3525 3231 Bagdadi
3580 3164 3696 3217 dies
3749 3164 3958 3229 aliquot

717 3261 905 3317 relicto
938 3262 991 3314 in
1032 3258 1291 3329 Egypto,
1327 3270 1616 3330 postquam
1653 3262 1767 3330 ipse
1815 3262 1887 3315 ibi
1937 3278 2031 3315 sex
2073 3278 2290 3317 menses

717 3353 1119 3421 insumpsissct.
1145 3353 1223 3405 Isa
1260 3351 1592 3405 Nusberensi
1620 3369 1635 3416 ;
1667 3351 1885 3421 collegit
1918 3352 2081 3405 etiam
2113 3353 2285 3421 impe-

719 3445 887 3499 ratcri
914 3458 1261 3497 nummorum
1288 3459 1317 3495 e
1351 3443 1645 3511 provinciis
1676 3443 1871 3496 millies
1896 3443 2042 3496 mille
2070 3459 2287 3499 aureos.

720 3534 1008 3588 Almoctaﬁ
1066 3548 1246 3587 autem
1283 3533 1708 3587 Iluhaiumedem
1748 3535 1864 3587 Ebn
1902 3533 2139 3588 Soliman
2166 3552 2289 3604 pre-

718 3629 948 3681 hensum
992 3627 1043 3679 in
1075 3628 1287 3680 vincula
1322 3627 1579 3695 conjecit,
1613 3614 1681 3679 ob
1711 3642 1841 3693 opes
1869 3642 2006 3695 quas
2037 3627 2087 3679 in
2118 3625 2288 3697 Egy-

721 3726 808 3787 pto
846 3719 1135 3786 collegerat
1182 3722 1233 3772 in
1287 3721 1548 3772 rationem
1577 3732 1699 3772 eum
1754 3733 1981 3771 vocans.
2021 3717 2289 3771 Prodiens

718 3818 900 3864 autem
931 3808 983 3862 in
1012 3808 1165 3869 Syria
1195 3810 1413 3878 quidam
1443 3826 1470 3863 e
1498 3807 2016 3872 ducibus‘Haruuis,
2045 3808 2286 3863 Mobauio

720 3900 841 3953 med
877 3900 991 3954 Ebu
1024 3901 1109 3953 Ali
1141 3902 1204 3954 Al
1231 3902 1408 3970 Cbalij
1442 3902 1766 3973 appellatus,
1796 3915 1861 3954 ex
1894 3901 1960 3954 iis
1985 3901 2076 3969 qui
2112 3902 2163 3954 in
2195 3900 2292 3969 Sy-

725 3994 798 4045 ria
832 4009 952 4046 cum
985 3992 1360 4048 Mobammede
1391 3995 1503 4047 Elin
1531 3992 1773 4047 Soliman
1810 4002 2145 4054 manserunt,
2181 3992 2294 4044 cul—

724 4090 857 4139 lecta
892 4086 994 4138 sibi
1028 4086 1187 4145 turba
1234 4085 1514 4138 hominum
1566 4084 1721 4138 inista
1745 4123 1759 4146 ,
1794 4084 1847 4136 in
1894 4082 2025 4136 urbe
2063 4081 2295 4155 Ranilalr

726 4178 906 4231 sedem
950 4177 1085 4230 ﬁxit.
1121 4177 1274 4242 Quod
1323 4194 1443 4229 cum
1482 4177 1578 4231 [sae
1608 4174 1944 4228 Nusbcrcnsi
1984 4175 2293 4227 nuntiatum

727 4278 884 4328 esset.
915 4270 1030 4337 ipse
1075 4284 1195 4322 cum
1251 4271 1311 4321 Al
1360 4269 1599 4322 llusaino
1637 4267 1748 4321 Ebn
1787 4267 1993 4320 Abtned
2050 4266 2295 4319 Madura-

727 4362 903 4422 nensi,
932 4362 1019 4414 cui
1055 4376 1355 4428 mgnomeu
1389 4361 1505 4414 Abu
1533 4360 1729 4419 Zinua,
1752 4367 1804 4412 et
1832 4368 1953 4425 qna:
1983 4358 2033 4408 in
2063 4355 2297 4424 [Egypto

2390 3264 2566 3308 ortum
2619 3263 2702 3308 est
2755 3255 2995 3309 bellum:
3053 3271 3128 3309 ca:
3164 3256 3287 3322 ique
3355 3265 3480 3308 sunt
3533 3255 3782 3307 AlAblas
3840 3253 3956 3307 Ebn

2391 3341 2595 3399 llosain
2630 3344 2977 3398 consiliarius
3005 3354 3058 3397 et
3094 3344 3315 3407 Pbatec,
3344 3358 3530 3396 mense
3562 3342 3731 3394 Ribia
3772 3352 3958 3410 poste-

2394 3435 2557 3498 riore,
2616 3449 2761 3489 anno
2795 3435 3174 3487 ducentesimo
3212 3434 3567 3499 nonagesimo
3616 3446 3782 3485 nono.
3826 3431 3958 3485 Pre-

2393 3521 2591 3576 bensus
2636 3526 2795 3575 etiam
2848 3529 2929 3575 est
2983 3522 3246 3574 Abdollab
3292 3521 3473 3574 Ebnol
3530 3520 3760 3593 M‘otazzi
3813 3530 3867 3573 et
3907 3522 3960 3572 in

2389 3615 2599 3681 vincula
2653 3615 2955 3682 conjectus.
3000 3614 3385 3667 Consiliat'ium
3442 3624 3621 3666 autem
3672 3614 3960 3665 constituit

2389 3707 2755 3768 Aliloktadar,
2822 3689 2960 3758 Ᾱιιιιι
3028 3706 3142 3758 El)"
3212 3705 3575 3765 Moliammed,
3640 3703 3754 3757 Ebll
3808 3704 3962 3755 Musa

2390 3799 2559 3851 Ebnol
2594 3796 2813 3850 Pborat.
2850 3798 3021 3850 Porro
3055 3796 3258 3865 prodiit
3318 3796 3369 3848 in
3406 3794 3692 3848 occidente
3722 3796 3803 3845 vir
3832 3796 3963 3861 qui-

2390 3887 2511 3942 dam
2568 3892 2784 3940 nomine
2852 3888 3120 3941 Abtlollab
3174 3886 3524 3940 AlMolitaseb
3577 3886 3783 3945 billabi,
3842 3882 3966 3952 qui,

2395 3976 2529 4041 fusis
2563 3978 2717 4030 Ebnil
2754 3978 2945 4046 Aglabi
2993 3977 3190 4045 coiiiis,
3248 3978 3509 4042 cmsisque
3540 3976 3710 4043 ipsius
3746 3976 3966 4027 comiti-

2394 4052 3247 4135 bus,,Occitlenteiuoccupavit.
3292 4068 3335 4119 Δ
3366 4082 3475 4135 quo
3532 4064 3744 4133 fugiens
3791 4065 3966 4133 Zaya-

2395 4157 2655 4210 datollabi
2711 4159 2824 4210 libn
2881 4157 3219 4210 Mobammed
3270 4156 3383 4209 libn
3440 4156 3724 4212 Abraliim.
3793 4154 3965 4206 hbnol

2394 4249 2581 4316 Aglub,
2649 4252 2945 4315 assumptis
2993 4249 3092 4301 sibi
3147 4249 3466 4302 domesticis
3526 4262 3589 4300 ac
3641 4248 3967 4300 ttecessariis

2396 4342 2535 4404 suis,
2585 4341 2639 4393 in
2671 4334 2962 4409 Egypt‘um
2995 4356 3053 4394 se
3087 4341 3336 4403 contulit,
3375 4354 3536 4407 quam
3568 4339 3852 4406 ingressus
3886 4349 3968 4391 est

727 4461 906 4507 essent
935 4451 1107 4518 copiis
1140 4462 1330 4504 contra
1370 4449 1803 4503 Mobamniedem
1840 4449 1954 4501 Ebn
1988 4449 2071 4501 Ali
2108 4448 2279 4513 Cbalij
2325 4444 2372 4502 D

2325 4444 2372 4502 ι)
2402 4446 2587 4487 mense
2639 4432 2940 4497 Ramadau,
2996 4448 3138 4485 anno
3187 4431 3564 4485 ducentesimo
3610 4434 3968 4498 nonagesimo

729 4557 901 4610 ipsum
934 4549 1302 4609 oppugnatum
1338 4539 1643 4607 prodiit;at
1665 4535 2122 4605 cumsnuntiatum
2150 4544 2294 4589 esset

730 4634 856 4694 illis,
893 4646 1085 4700 magna
1133 4632 1305 4698 ipsum
1346 4630 1694 4683 multitudine
1727 4628 2053 4681 instructum
2102 4626 2293 4691 fuisse,

728 4722 929 4776 reversi
968 4731 1129 4784 sunt,
1164 4737 1269 4773 una
1299 4736 1423 4774 cum
1474 4720 1675 4773 ducum
1724 4728 1887 4782 C(Blt),
1938 4716 2293 4779 Pbostatum;

731 4812 923 4866 iudein
956 4812 1179 4865 Al‘izam
1214 4830 1267 4864 se
1294 4812 1638 4879 recipientes.
1667 4820 1860 4879 pontes
1885 4809 2023 4862 duos
2051 4810 2295 4862 succisos

730 4906 1169 4963 combusserunt,
1207 4918 1273 4954 ue
1328 4904 1472 4969 ipsus
1524 4910 1904 4969 assequcretur
1956 4900 2295 4955 Mobammed

732 4995 845 5048 Elin
897 4996 977 5046 Alt
1042 4992 1103 5045 Al
1156 4993 1353 5060 Clialij.
1410 4992 1656 5061 Cumque
1710 4994 1846 5047 alias
1907 4993 2135 5046 subinde
2194 4992 2299 5045 alio

730 5084 1091 5156 497-499
1123 5087 1614 5152 proﬁciscerentur,
1642 5100 1785 5136 nunc
1815 5083 1869 5136 in
1892 5083 2298 5145 Alexandriam,

734 5188 860 5237 tunc
895 5178 947 5229 in
986 5175 1050 5228 Al
1089 5175 1308 5228 Saiiluui
1336 5215 1349 5238 ,
1382 5175 1567 5228 relicta
1597 5172 1698 5227 fuit
1734 5176 1865 5227 urbs
1905 5174 2129 5228 Pbostat
2174 5174 2293 5226 sine

735 5250 1064 5335 imperatore
1091 5308 1104 5330 .
1138 5268 1307 5321 aliove
1328 5268 1595 5335 .qnodam,
1623 5266 2108 5332 custodiebantque
2143 5280 2171 5317 e
2206 5278 2301 5335 po.-

736 5359 865 5424 pulo
894 5357 977 5410 alii
1006 5359 1142 5411 alios
1174 5374 1266 5425 per
1298 5360 1539 5426 quinque
1560 5336 1707 5409 ilics.
1741 5354 1877 5407 Tum
1927 5356 2115 5408 uibem
2144 5353 2303 5406 Mesri

738 5435 1023 5514 ingressus
1062 5459 1145 5502 est
1175 5448 1512 5501 Multamnied
1561 5448 1677 5502 Ebn
1712 5448 1790 5499 Ali
1825 5440 2123 5514 Cltaltj’ltlic
2158 5443 2306 5501 Juvis

737 5538 951 5593 decimo
1010 5550 1205 5607 quarto
1245 5554 1371 5593 ante
1425 5540 1633 5591 ﬁnitum
1684 5555 1921 5592 mensem
1975 5537 2305 5599 DdKaadze,

740 5648 884 5689 anno
908 5632 1286 5686 ducentesimo
1313 5634 1662 5700 nonagesimo
1685 5633 1946 5693 secundo,
1976 5631 2159 5698 ibique
2186 5639 2310 5683 octo

744 5742 961 5781 menses
993 5726 1258 5787 substitit,
1302 5742 1433 5792 opes
1471 5726 1764 5791 colligens:
1798 5742 1869 5774 cn
1896 5735 2075 5791 utque
2110 5739 2300 5790 ιιοτιιιι-

746 5818 818 5871 ιὶιι
845 5818 1032 5888 ipsius.
1054 5817 1189 5871 Tum
1225 5837 1248 5869 ιι
1276 5818 1639 5897 lvetttaulibt's
1670 5816 1940 5868 Miluo-di
1973 5817 2140 5882 mpézs
2171 5830 2293 5867 cum

2396 4536 2580 4587 si-xto;
2619 4534 2729 4576 tum
2766 4524 2830 4576 ad
2867 4523 3112 4576 [iamiam
3170 4521 3466 4589 prochtus,
3510 4520 3864 4590 501-503
3896 4521 3969 4573 ibi

2398 4618 2569 4669 donec
2620 4617 2761 4691 diem
2821 4616 2999 4669 obiret
3050 4630 3109 4668 se
3163 4614 3453 4667 continuit.
3525 4615 3642 4667 b.th
3704 4614 3971 4666 Abdollali

2395 4709 2747 4763 Almobtaseb
2818 4722 2967 4773 vero,
3028 4708 3118 4775 qui
3190 4707 3243 4759 in
3313 4705 3600 4759 occidente
3663 4707 3973 4764 rebellavit.

2396 4802 2683 4869 quemdam
2736 4801 2826 4869 qui
2890 4815 2948 4854 se
3018 4799 3292 4852 Aliensem
3356 4797 3692 4866 pradicavit,
3753 4799 3973 4850 nomine

2398 4886 2713 4947 Obaidallali
2764 4898 3102 4958 assumptum
3136 4890 3186 4941 in
3221 4888 3359 4942 solio
3408 4889 3711 4949 collocavit,
3763 4888 3974 4954 [illeque

2400 4987 2472 5039 illi
2505 4988 2627 5038 data
2673 4980 2969 5054 [homines]
3029 4980 3095 5033 ad
3136 4981 3309 5050 ipsius
3344 4982 3665 5047 obsequium
3702 4980 3975 5031 invitavit.

2400 5078 2483 5131 Ali
2516 5064 2831 5132 Obaidallab
2892 5090 3019 5129 vero
3053 5074 3171 5128 Abu
3229 5073 3591 5127 Abdollabum
3626 5071 3975 5124 AlMobtaseb

2404 5173 2629 5226 adortus
2687 5171 2864 5240 ipsum
2918 5167 3215 5231 interiecit,
3281 5174 3444 5234 atque
3480 5166 3593 5233 ipse
3628 5163 3974 5215 occidentem

2403 5261 2712 5329 occupavit,
2754 5274 2898 5312 anno
2953 5256 3332 5311 ducentesimo
3371 5252 3725 5331 nonagesimo
3756 5262 3977 5304 octavo.

2405 5354 2572 5407 l'orro
2632 5350 3015 5413 Allloktader,
3081 5348 3163 5402 Ali
3226 5348 3335 5401 Ebn
3398 5343 3741 5398 Moliammed
3806 5343 3978 5396 Elmol

2406 5446 2641 5497 l’boralo
2674 5443 2867 5507 iratus,
2902 5455 3091 5496 mense
3125 5438 3401 5508 Dilllajjae,
3429 5452 3572 5490 anno
3596 5435 3978 5488 ducentesimo

2407 5520 2758 5607 nonagesimo
2812 5549 2979 5600 nono,
3034 5534 3211 5602 ipsum
3282 5534 3335 5584 in
3388 5542 3662 5583 carcerem
3722 5524 3979 5589 conjecit,

2410 5630 2724 5683 consiliario
2754 5628 2857 5681 sibi
2890 5628 3191 5682 c0ustituto
3224 5621 3601 5677 Mohammede
3639 5620 3749 5671 Ebn
3783 5619 3979 5668 Abdol-

2421 5737 2550 5787 iam,
2586 5722 2699 5774 Elin
2730 5720 2943 5790 Yabyzc,
2980 5720 3093 5773 Ebn
3124 5717 3404 5779 Clit-Isauro,
3436 5717 3526 5783 qui
3560 5720 3979 5779 cognozt-eulum

2415 5816 2601 5867 babttit
2659 5812 2838 5866 Daltka
2893 5813 3134 5868 Sedraltu
3176 5808 3425 5873 [pulsans
3494 5816 3714 5865 pertus,
3792 5814 3983 5861 nempe
