4210 6428
260 365 392 428 illi)

1689 367 2049 427 ANNALES.

3365 367 3499 433 “50

258 480 399 541 quod
438 495 560 530 eum
599 480 720 547 quis
753 480 821 532 ab
852 495 915 532 eo
969 480 1171 548 aliquid
1213 490 1416 549 peteret
1466 490 1657 550 peetus
1713 480 1815 535 sibi
1853 481 1897 539 Α
1930 480 2257 534 instructum
2299 480 2565 533 exercitu.
2599 477 2789 533 Castra
2820 478 2986 548 igitur
3016 488 3317 546 posuerunt
3341 494 3497 532 exer-

257 574 473 638 pulsare
504 572 704 623 soleret
761 585 824 623 ac
850 570 1065 625 dicere:
1128 569 1260 634 Ιιιιο,
1316 572 1559 625 exhibito
1592 572 1684 625 tibi
1728 572 1826 625 lio-

256 672 412 713 nore.
445 658 602 712 Anno
630 658 923 713 chalil‘atus
958 659 1323 714 AlMoktaderi
1359 662 1520 715 tertio
1553 661 1828 715 constitu-

254 757 345 802 tus
375 758 460 804 est
495 748 602 803 Leo
641 752 949 818 patriarcha
982 749 1530 821 Hierosolymitanus,
1584 750 1675 817 qui
1731 765 1827 801 an-

256 853 361 892 nos
392 840 776 905 septemdecim
807 834 967 901 seilit,
1015 839 1143 893 dein
1183 847 1431 892 mortuus
1463 845 1565 891 est.
1599 836 1740 902 Quin
1773 844 1827 888 et

254 929 612 994 conﬂagravit
647 927 992 982 Alexandriae
1042 930 1275 984 ecclesia
1310 944 1507 997 magna
1558 942 1678 997 qua:
1734 927 1826 978 AI-

254 1021 506 1074 Kaisaria
569 1020 855 1091 [Cmsaria]
899 1022 1167 1088 appellata
1200 1030 1306 1084 est,
1341 1020 1712 1089 templumque
1745 1018 1831 1071 fu-

254 1118 375 1165 erat
415 1109 560 1178 quod
612 1110 900 1178 Cleopatra
954 1111 1143 1177 regina
1192 1109 1431 1163 Saturno
1471 1123 1687 1163 sacrum
1739 1122 1833 1159 ex-

254 1211 552 1264 struxerat,
606 1201 691 1255 die
727 1201 888 1263 lunae,
922 1202 1086 1254 tertio
1128 1202 1331 1255 mensis
1373 1199 1632 1263 Shawali,
1667 1213 1812 1252 anno

258 1293 668 1348 trecentesimo.

327 1384 404 1437 Eo
447 1400 590 1439 anno
628 1398 815 1439 mense
862 1383 1032 1438 Rabia
1080 1384 1383 1452 posteriore
1436 1385 1589 1439 misit
1628 1383 1826 1439 Obaid-

259 1477 405 1531 allab
453 1476 740 1543 quemdam
776 1490 805 1529 e
848 1474 1083 1529 ducibus
1116 1476 1251 1537 suis,
1301 1477 1521 1529 nomine
1552 1475 1824 1536 Habbasa,

256 1566 445 1619 multis
475 1566 801 1619 instructum
839 1567 1032 1634 copiis,
1070 1569 1160 1637 qui
1193 1567 1419 1622 Barkam
1458 1571 1639 1638 cepit;
1674 1577 1823 1635 terga

254 1658 334 1711 illi
389 1657 645 1710 dantibus
683 1657 740 1712 Al
792 1656 1109 1718 Moktaderi.
1157 1660 1251 1726 qui
1286 1660 1357 1714 ibi
1403 1668 1562 1715 erant
1626 1659 1819 1727 copiis.

256 1750 418 1820 504
442 1750 577 1803 Tum
604 1752 987 1806 Alexandriam
1022 1755 1319 1824 profectum
1352 1769 1529 1823 pugna
1559 1754 1627 1808 ibi
1658 1768 1814 1809 exce-

1926 574 2065 629 citus
2103 575 2155 627 in
2181 574 2241 625 Al
2272 572 2452 637 lizab;
2491 580 2621 626 tunc
2662 580 2842 624 autem
2880 575 2946 625 ab
2981 568 3343 626 Obaidallabo
3368 585 3499 623 cen-

1928 673 2037 715 tum
2082 678 2245 715 naves
2282 661 2490 715 bellicis
2545 661 2737 715 usibus
2787 669 3024 729 parata;
3070 676 3302 728 quarum
3343 672 3498 714 octo-

1927 756 2074 825 ginta
2130 770 2315 809 earum
2372 769 2509 817 quas
2552 754 2613 806 Al
2662 751 2856 805 Homul
2909 750 3235 822 [onerarias]
3278 761 3496 812 vocant.

1926 848 2123 916 viginti
2181 862 2366 899 earum
2424 862 2559 912 quas
2609 844 3079 911 Ashareui:quae
3131 843 3194 895 a:l
3257 843 3485 896 Rasbidi

1935 944 2138 997 moenia
2179 942 2524 1010 appulerunt.
2559 938 2728 1006 Cujus
2763 937 2838 989 rei
2878 951 3002 988 cum
3038 934 3257 1000 scriptis
3306 935 3499 989 litteris

1931 1036 1992 1088 Al
2052 1034 2420 1089 Moktaderum
2477 1031 2760 1085 certiorem
2818 1028 3038 1082 fecisset
3090 1027 3300 1087 Mones,
3352 1027 3500 1078 misit

1933 1128 2023 1180 ille
2075 1126 2395 1179 Tbamalum
2451 1122 2767 1177 eunuchum
2823 1135 2948 1174 cum
3008 1120 3239 1173 navibus
3294 1118 3501 1171 bellic’s

1934 1218 2358 1287 quinquaginta.
2430 1216 2739 1270 Occurrens
2810 1226 2940 1282 ergo
3007 1213 3142 1279 ipsis
3203 1211 3501 1264 Thamalus

1935 1310 2097 1379 508
2147 1323 2312 1361 naves
2347 1322 2534 1360 eorum
2577 1307 2886 1361 contractas
2939 1305 3205 1365 incendit,
3252 1304 3502 1371 plurimis

1926 1400 2165 1469 ipsorum
2197 1400 2352 1454 carsis
2378 1410 2429 1453 et
2460 1398 2789 1460 sulnnersis,
2824 1399 3009 1451 multis
3044 1399 3205 1450 etiam
3238 1396 3288 1447 in
3329 1396 3493 1448 ﬁdem

1928 1492 2096 1559 recipi
2156 1505 2213 1546 se
2264 1490 2594 1559 petentibus,
2643 1503 2738 1541 eos
2770 1498 2949 1541 autem
2983 1488 3074 1556 qui
3124 1489 3176 1541 in
3220 1488 3374 1540 ﬁdem
3415 1500 3502 1538 re-

1922 1582 2065 1648 eepli
2124 1580 2361 1644 fuerant,
2431 1582 2483 1633 in
2527 1579 2820 1648 IEgvaum
2883 1578 3075 1631 misit:
3127 1579 3326 1645 quibus
3367 1577 3504 1630 dixit

1920 1673 2152 1742 populus
2192 1689 2208 1726 :
2250 1671 2506 1739 Quisquis
2570 1671 2732 1724 fuerit
2787 1687 2815 1724 e
2861 1671 3013 1722 vobis
3078 1669 3491 1730 Cethamcnsis,

1920 1758 2033 1815 sea
2069 1762 2353 1824 Siciliotis,
2405 1761 2676 1815 Africanis
2728 1771 2779 1815 et
2830 1760 3181 1828 Tripolitanis
3231 1766 3501 1828 segreget.

257 1843 530 1910 peruntAl
557 1842 846 1897 Slokatderi
870 1848 1166 1910 exercitus,
1194 1845 1392 1913 quibus
1419 1847 1469 1898 in
1501 1845 1678 1914 fugam
1710 1860 1828 1898 ver-
1859 1821 1898 1875 Β
1928 1853 2063 1905 Cum
2096 1852 2451 1905 secessissent
2483 1866 2611 1918 ergo
2642 1850 2702 1903 At
2735 1851 3108 1911 Cctamenscs,
3143 1850 3234 1919 qui
3271 1864 3501 1903 numero

260 1934 339 1985 sis
368 1932 753 1987 Alexandriam
785 1938 946 2001 cepit.
977 1936 1118 1991 Misit
1144 1940 1307 1990 etiam
1335 1956 1363 1991 e
1390 1938 1501 1991 suis
1527 1936 1823 1992 exercitum

255 2026 540 2094 quemdam
593 2027 655 2078 Al
702 2025 1041 2096 Phayumum
1077 2039 1129 2082 et
1179 2031 1238 2081 Al
1275 2030 1578 2083 Balmasam
1625 2046 1827 2098 easque

256 2117 422 2185 cepit.
479 2115 650 2180 Cujus
706 2118 781 2171 rei
835 2133 955 2171 cum
1010 2134 1105 2187 per
1153 2121 1362 2176 litteras
1409 2119 1823 2175 Obaidallabum

256 2206 546 2259 certiorem
597 2206 840 2270 recessit,
891 2208 1037 2260 misit
1068 2208 1180 2276 ipse
1213 2209 1277 2261 ad
1312 2225 1433 2261 eum
1467 2211 1634 2263 tilium
1666 2225 1824 2262 suum

252 2296 679 2349 Al-ulkasemum
729 2298 816 2363 (in
871 2299 976 2350 alio
1020 2301 1313 2367 exemplari
1375 2303 1570 2354 dicitur
1612 2301 1824 2355 Abdor-

262 2388 611 2449 rabmauum,
645 2404 767 2440 cum
796 2389 1041 2442 exercitu
1073 2392 1342 2460 magnoin
1377 2393 1651 2461 suppetias
1679 2394 1824 2447 Hab-

261 2478 459 2545 bztsm).
502 2477 619 2530 Fuit
656 2487 836 2531 autem
888 2481 1171 2547 praefectus
1203 2480 1418 2551 Egypti
1455 2483 1656 2537 Taccin
1687 2484 1826 2538 Cha-

258 2570 515 2630 selensis,
566 2570 629 2621 ad
684 2586 841 2635 quem
906 2572 1052 2625 misit
1082 2572 1143 2623 Al
1200 2571 1476 2627 Moktader
1523 2577 1584 2628 AI
1628 2576 1824 2630 Kasem

257 2661 372 2714 Ebn
424 2662 608 2722 Sama,
645 2677 749 2711 una
779 2677 900 2713 eum
936 2664 1168 2717 ducibus
1201 2664 1438 2732 aliquam
1478 2668 1684 2731 multis,
1723 2682 1825 2721 nec

253 2768 361 2806 non
402 2751 688 2805 Muuasum
737 2753 1073 2818 eunmltum,
1106 2764 1159 2808 et
1205 2754 1487 2821 llawaum,
1535 2774 1689 2826 opem
1752 2760 1825 2815 illi

256 2846 495 2898 laturos.
544 2842 607 2897 lli
646 2844 697 2897 in
738 2844 948 2898 Allizab
993 2845 1218 2912 profecti
1261 2849 1517 2917 populum
1561 2852 1623 2901 ad
1670 2852 1825 2905 auxi-

252 2935 385 2986 lium
433 2944 829 2992 convocarunt.
882 2951 1115 3003 quorum
1151 2936 1215 2989 ad
1250 2937 1397 3003 ipsos
1430 2940 1593 2994 armis
1626 2939 1828 2995 instru-

253 3026 325 3077 cti
356 3038 733 3079 convenerunt
766 3028 985 3081 circiter
1015 3030 1222 3084 centies
1255 3029 1419 3083 mille.
1452 3031 1662 3095 Quibus
1694 3046 1815 3083 cum

1930 1943 2068 1996 ultra
2127 1942 2450 2012 quingentos
2501 1950 2679 2003 erant,
2716 1942 2930 1995 irruens
2980 1943 3033 1993 iu
3069 1941 3216 2009 ipsos
3249 1941 3503 2008 populus,

1924 2035 2047 2090 illos
2078 2034 2196 2087 loco
2241 2036 2330 2104 qui
2365 2034 2599 2088 Amakas
2638 2034 2858 2096 dicitur,
2896 2034 3041 2086 caede
3096 2032 3405 2097 turpissima
3442 2047 3505 2085 ac

1926 2125 2227 2182 fmdissima
2270 2127 2431 2180 simul
2481 2143 2510 2181 e
2561 2125 2737 2179 medio
2786 2126 3027 2179 sustulit.
3087 2124 3281 2177 Mansit
3324 2134 3503 2178 autem

1931 2218 2121 2273 Mones
2169 2219 2456 2272 eunuchus
2491 2233 2611 2270 cum
2646 2217 2817 2283 copiis
2850 2218 2962 2270 suis
2996 2219 3046 2269 in
3084 2217 3140 2268 Al
3176 2215 3322 2269 lizab
3354 2215 3509 2268 bien-

1922 2310 2033 2371 nio.
2064 2308 2203 2361 vallo
2232 2308 2529 2361 exercitum
2563 2307 2827 2359 inunitum
2902 2305 3126 2358 babens.
3169 2303 3504 2358 AbulKascm

1923 2406 2103 2453 autem
2132 2396 2477 2451 Alexandriae
2509 2395 2727 2456 mansit,
2756 2402 2916 2461 atque
2949 2394 3075 2447 inde
3104 2394 3164 2447 Al
3196 2393 3502 2461 Pbaymum

1927 2488 2207 2560 profectus
2264 2499 2367 2542 est.
2422 2487 2655 2555 Scripsit
2707 2501 2837 2554 ergo
2874 2486 3062 2537 Muues
3110 2485 3399 2538 eunuchus
3430 2482 3499 2538 ad

1933 2583 2255 2637 Tbamalum
2302 2582 2637 2642 eunuchum,
2675 2587 2734 2631 ut
2784 2594 2903 2630 cum
2948 2578 3181 2631 navibus
3229 2577 3343 2631 suis
3379 2577 3503 2629 Ale-

1932 2673 2216 2727 xandriam
2256 2672 2445 2725 adiens
2476 2674 2687 2738 (neque
2719 2670 2861 2722 enim
2897 2669 3239 2723 Alexandria:
3289 2676 3442 2721 erant
3471 2683 3502 2720 e

1929 2766 2101 2833 c0piis
2129 2762 2512 2826 AbulKasemi,
2542 2770 2736 2831 prartcr
2761 2770 3028 2815 treCentos
3060 2761 3285 2812 circiter
3309 2758 3501 2827 viros),

1930 2857 2049 2923 ejus
2096 2856 2301 2909 incolas
2348 2863 2679 2923 asportaret,
2723 2869 2822 2907 nec
2864 2866 3189 2920 quemquam
3239 2852 3309 2903 ibi
3348 2849 3504 2903 babi-

1933 2955 2052 2998 tare
2087 2947 2305 2999 sineret.
2357 2944 2739 2998 Alexandriam
2790 2960 2919 3014 ergo
2967 2960 3131 2996 naves
3166 2958 3300 2997 suas
3337 2941 3507 2995 addu-

1928 3051 2056 3089 cens
2087 3034 2402 3089 Tbamalus.
2439 3050 2535 3101 per
2582 3049 2882 3104 przeconem
2928 3035 3157 3089 monuit.
3186 3035 3228 3088 si
3264 3041 3504 3087 maneret

252 3116 591 3187 [llabbasali]
625 3134 744 3171 cum
780 3120 954 3187 copiis
994 3121 1109 3175 suis
1138 3120 1191 3174 in
1235 3135 1523 3174 occursum
1558 3123 1818 3183 venisset,
1857 3145 1898 3201 ο
1938 3125 2281 3177 Alexandria
2322 3135 2439 3193 post
2476 3126 2716 3178 triduum
2768 3125 3061 3193 quispiam,
3110 3140 3167 3179 se
3217 3125 3289 3177 illi
3340 3132 3504 3191 caput

258 3210 385 3275 ipsi,
420 3211 535 3263 acie
569 3210 853 3273 instructa,
880 3227 1056 3281 pugna
1091 3213 1265 3280 ipsum
1298 3224 1815 3281 exceperunt,com-

257 3302 604 3369 missumque
638 3311 721 3354 est
762 3303 902 3355 inter
946 3306 1094 3369 ipsos
1143 3305 1387 3373 praelium
1439 3304 1557 3357 loco
1584 3307 1815 3371 quodam

258 3395 449 3449 iuSula:
477 3411 595 3462 quze
618 3396 801 3448 Ardol‘
823 3395 1075 3449 Cbamsin
1103 3395 1267 3465 [terra
1291 3393 1817 3465 quinquagenorum]

254 3485 428 3537 audit.
464 3487 519 3536 lu
559 3487 740 3552 fugam
791 3497 971 3537 autem
1021 3502 1211 3538 versus
1243 3494 1326 3539 est
1370 3484 1618 3540 llabbasa
1666 3485 1819 3537 caesis

256 3577 549 3631 cnmitibus
591 3576 761 3641 ipsius
792 3576 1087 3641 peditibus,
1122 3592 1260 3645 quos
1294 3578 1569 3630 insecutus
1605 3584 1689 3629 est
1724 3591 1820 3644 po-

254 3670 418 3737 pulus
450 3684 465 3721 :
498 3678 545 3719 al
582 3668 656 3719 illi
687 3668 737 3718 in
772 3669 1030 3735 populum
1068 3668 1244 3721 denuo
1269 3669 1512 3720 conversi
1544 3683 1820 3735 quoscun-

255 3776 361 3828 que
394 3760 587 3813 obvios
620 3761 925 3812 habuerunt
957 3760 1301 3815 interfecere.
1329 3762 1482 3824 Quod
1519 3777 1640 3813 cum
1686 3769 1821 3811 tem-

256 3865 388 3920 pore
432 3852 745 3916 vespertino
786 3852 1128 3918 contigisset,
1159 3852 1371 3903 diremit
1408 3867 1501 3904 eos
1529 3868 1654 3903 uox.
1683 3850 1818 3904 Czesi

258 3950 438 3993 autem
474 3950 602 3993 sunt
632 3955 660 3991 e
695 3941 893 4009 popqu
922 3942 1142 3994 circiter
1178 3942 1343 3993 vicies
1374 3942 1558 4003 mille;
1588 3958 1650 3994 ex
1680 3942 1822 3994 llab-

254 4031 402 4084 basa:
436 4030 697 4083 militibus
725 4032 907 4093 decies
940 4032 1081 4083 mille
1113 4048 1125 4083 :
1165 4033 1475 4096 reversique
1501 4042 1628 4085 sunt
1660 4033 1822 4085 Obai-

255 4122 605 4174 dallabisocii
659 4132 852 4185 noctu;
887 4122 1140 4189 populum
1173 4122 1518 4191 505-507
1547 4138 1672 4175 vero
1694 4140 1823 4176 cort-

262 4221 530 4263 vucarunt
575 4225 872 4278 prmcones.
904 4210 1084 4265 Rediit
1112 4228 1238 4282 ergo
1285 4214 1423 4266 Alul
1454 4213 1647 4266 Kasem
1698 4229 1821 4267 cum

254 4302 555 4356 comitibus
587 4312 638 4355 et
676 4305 845 4371 copiis
891 4304 1007 4358 suis
1038 4306 1091 4356 iu
1137 4303 1503 4357 occidentem.
1540 4305 1709 4359 Porro
1759 4305 1824 4358 Al

258 4390 539 4444 llatzader
565 4392 647 4444 Ali
673 4394 792 4444 Ebn
823 4392 1161 4446 Moliammed
1192 4394 1305 4447 Ebu
1336 4394 1677 4453 Obaidallab.
1709 4395 1822 4448 Ebn

1947 3223 2378 3282 amputaturum.
2436 3213 2695 3268 Homines
2733 3231 2861 3281 ergo
2921 3215 3107 3268 relicta
3163 3214 3504 3283 supellectile

1933 3322 2054 3366 Sua,
2089 3315 2140 3359 ct
2171 3321 2289 3372 quae
2320 3305 2682 3373 possederunt
2705 3304 2977 3369 omnibus,
3005 3304 3317 3374 clausiSque
3344 3304 3504 3360 ostiis

1939 3399 2076 3461 suis,
2110 3397 2313 3464 egressi
2348 3405 2476 3448 sunt
2530 3396 2857 3448 Alexandria
2893 3396 3063 3449 instar
3094 3410 3282 3449 eorum
3316 3398 3407 3465 qui
3444 3412 3503 3449 se.

1930 3487 2229 3541 oblectaudi
2255 3487 2423 3555 gratia
2446 3487 2797 3554 egrediuntur
2819 3504 2831 3538 :
2858 3486 3187 3553 abduxitque
3206 3486 3274 3552 ip-
3291 3500 3351 3539 os
3365 3486 3507 3539 Tha-

1934 3581 2106 3630 ma‘us
2141 3577 2369 3629 navibus
2402 3578 2453 3629 iu
2485 3577 2736 3637 insulazu,
2770 3593 2889 3644 qme
2922 3577 3098 3629 iusula
3130 3577 3370 3630 Abuknir
3402 3592 3503 3646 ap-

1931 3668 2199 3734 pellatur:
2231 3666 2495 3719 submersi
2518 3677 2692 3718 autent
2718 3676 2845 3721 sunt
2871 3682 2933 3719 ex
2959 3668 3089 3729 irs‘s
3114 3668 3164 3719 in
3188 3666 3305 3720 Nilo
3326 3667 3502 3721 multi.

1929 3756 2280 3827 509-511
2343 3755 2627 3810 Perierunt
2682 3758 2844 3809 etiam
2888 3772 3076 3811 eorum
3136 3756 3275 3809 fame
3302 3767 3355 3808 et
3394 3758 3505 3822 siti,

1933 3846 1988 3898 in
2046 3846 2196 3914 pagis
2226 3856 2281 3900 et
2311 3846 2573 3907 Pbostati,
2608 3848 2748 3900 ultra
2780 3847 3010 3899 ducenta
3046 3854 3280 3899 virormn
3312 3862 3413 3915 pue
3445 3863 3510 3900 o-

1939 3954 2056 3991 rum
2088 3949 2138 3992 et
2167 3939 2450 3993 mulierum
2482 3938 2612 3992 milli
2638 3959 2672 3993 ι.
2700 3938 3005 4006 Mansitque
3038 3940 3187 3992 locus
3211 3940 3505 4003 desolatus,

1941 4029 2155 4081 nemine
2218 4030 2268 4082 iu
2323 4031 2438 4096 ipso
2488 4028 2935 4083 tuauente.Fet-it
2990 4039 3166 4082 autem
3219 4030 3318 4084 hoc
3369 4029 3508 4083 Tha-

1940 4118 2138 4177 tualus,
2172 4133 2238 4171 ne
2276 4119 2337 4169 AI
2378 4117 2658 4188 Pbayumo
2703 4119 2917 4173 rediens
2958 4118 3299 4173 AbulKasem
3333 4121 3508 4174 loequ

1945 4208 2216 4262 inveniret
2251 4210 2341 4262 ubi
2382 4210 2619 4279 hospitio
2666 4212 3027 4280 exciperetur.
3086 4211 3289 4266 Deinde
3322 4211 3509 4266 lllunes

1934 4301 2218 4356 eunuchus
2253 4301 2500 4355 collectis
2552 4302 2746 4369 copiis,
2801 4315 2991 4356 contra
3043 4303 3195 4355 illum
3249 4303 3312 4355 Al
3363 4303 3502 4355 Pha-

1936 4392 2083 4459 yumi
2119 4402 2420 4444 manentem
2473 4392 2755 4460 prodiens,
2791 4393 2967 4461 ipsum
3008 4394 3059 4445 in
3100 4394 3279 4460 fugam
3322 4393 3503 4453 vertit,

258 4483 516 4553 Yahyym,
567 4483 682 4536 Ebu
715 4485 975 4539 Chakano
1008 4488 1201 4548 iratus,
1231 4488 1319 4541 die
1367 4487 1695 4541 Mobarrami
1727 4489 1824 4541 de-
1862 4498 1905 4552 ι)
1937 4483 2093 4536 Caesis
2141 4482 2314 4551 ipsius
2350 4481 2668 4543 comitibus.
2706 4491 2760 4536 et
2799 4483 3024 4552 direptis
3080 4498 3268 4537 eorum
3309 4483 3507 4553 opibus

260 4577 403 4628 cimo
461 4589 605 4626 anno
663 4578 1070 4639 trecentesimo,
1110 4579 1286 4640 primo
1350 4575 1663 4647 [νὶιὶθτιιηι]
1722 4578 1823 4630 sibi

263 4666 489 4719 adscivit
521 4665 659 4717 Alim
703 4665 871 4719 Ebnol
906 4665 1132 4727 larrabi,
1167 4681 1293 4734 tquo
1326 4684 1516 4722 rursus
1548 4668 1825 4733 abdicato,

270 4775 455 4811 mense.
484 4760 582 4810 [)zll
621 4757 784 4827 llajjze
822 4774 965 4812 anno
1020 4762 1400 4814 trecentesimo
1454 4761 1636 4821 tertio,
1684 4760 1825 4813 Alim

263 4845 379 4899 Ebn
416 4845 783 4911 Mobammcd,
827 4847 998 4901 Ebnol
1044 4847 1267 4912 llosani,
1319 4850 1491 4903 Ebuol
1532 4848 1755 4913 Pborat,
1800 4864 1829 4903 e

258 4953 483 4991 carcere
516 4938 770 4991 eductum
808 4940 1066 4992 vizieiutn
1109 4944 1418 5006 constituit;
1453 4942 1646 4995 deinde
1678 4942 1833 4995 abdi-

262 5042 441 5082 catum
475 5047 693 5084 rursum
724 5032 776 5083 in
809 5046 1083 5085 carcerem
1114 5035 1369 5101 conjeeit,
1401 5048 1585 5087 tucuse
1613 5033 1827 5085 lomada

264 5121 455 5188 primi,
506 5136 649 5172 anno
687 5124 1065 5176 trecentesimo
1102 5132 1316 5191 quarto,
1350 5125 1402 5177 in
1451 5138 1646 5176 munus
1698 5124 1829 5176 illud

276 5214 506 5269 sucht-to
549 5213 753 5267 llamcd
792 5214 962 5267 Ebuol
999 5216 1220 5269 Abbasi.
1261 5219 1421 5270 Anno
1454 5216 1836 5270 trecentesimo

259 5308 516 5375 septimo,
540 5308 760 5360 veniens
778 5322 841 5358 ex
860 5307 1137 5360 occidente
1155 5307 1834 5379 Abulkasemebaidallabi

261 5398 403 5451 ﬁlius
450 5415 572 5451 cum
622 5402 824 5451 centies
873 5398 1018 5450 mille
1066 5399 1196 5453 viris
1231 5401 1615 5451 Alexandriam
1672 5408 1834 5465 cepit,

264 5492 405 5543 unde
442 5499 585 5541 metu
622 5491 959 5542 consternati
1005 5500 1132 5543 sunt
1168 5490 1385 5559 [Egypti
1424 5492 1637 5544 illCUltL'.
1681 5491 1834 5556 Cepit

259 5585 418 5635 etiam
455 5583 877 5653 All’lmyumum
902 5584 1036 5636 ctAl
1079 5584 1474 5641 Babuasam,et
1507 5584 1735 5636 insulam
1771 5582 1834 5636 Al

261 5662 579 5726 Ausmariu.
609 5673 778 5741 Cujus
817 5675 893 5725 rei
926 5673 1066 5726 fatua
1100 5688 1223 5725 cum
1257 5676 1321 5725 ad
1358 5674 1419 5725 Al
1454 5668 1827 5726 Moktaderum

267 5764 628 5829 pervenisset,
661 5767 807 5819 misit
848 5765 934 5818 ille
968 5764 1249 5819 Aluuesum
1283 5768 1593 5819 eunuchum
1632 5781 1826 5832 magno

1924 4573 2243 4642 caeterisque
2289 4588 2409 4641 quae
2444 4573 2713 4627 habebant
2744 4574 3017 4629 omnibus.

2006 4664 2243 4732 Fugiens
2274 4680 2401 4731 ergo
2451 4662 2790 4719 AbulKasem
2824 4680 2946 4719 cum
2974 4666 3164 4719 amicis
3199 4666 3315 4720 suis
3352 4664 3507 4718 Kira-

1933 4772 2150 4811 wanum
2186 4773 2245 4811 se
2272 4756 2539 4821 contulit;
2585 4758 2748 4826 idque
2782 4773 2969 4812 mense
3004 4757 3086 4810 Dil
3124 4756 3313 4826 llajjae,
3364 4772 3508 4809 anno

1932 4850 2315 4902 trecentesimo
2362 4858 2575 4909 octavo,
2616 4857 2737 4916 post
2772 4850 2914 4916 quod
2945 4865 3069 4902 cum
3112 4849 3250 4901 duos
3285 4863 3501 4902 menses

1931 4939 2265 4993 substitisset
2296 4939 2477 4993 Mones
2515 4940 2823 4998 eunuchus.
2870 4940 3178 5009 Bagdadum
3222 4939 3391 5008 petiit.
3422 4954 3507 4991 re-

1934 5032 2065 5084 licto
2123 5035 2172 5084 in
2230 5031 2465 5102 {Egypto
2520 5032 2709 5085 llcialo
2765 5031 2877 5084 Ebu
2935 5031 3128 5085 Badar.
3178 5029 3504 5082 Alexandria

1937 5135 2142 5191 autem,
2186 5142 2306 5179 cum
2357 5125 2561 5178 reversi
2601 5137 2786 5179 essent
2818 5134 3081 5193 quotquot
3122 5123 3507 5193 superfuerunt

1935 5232 1998 5270 ex
2044 5218 2215 5285 ipsius
2262 5216 2474 5281 incolis,
2518 5233 2581 5272 ea
2645 5219 2840 5271 iterum
2880 5218 3021 5270 culta
3066 5226 3166 5270 est.
3204 5216 3372 5269 Porro
3402 5213 3509 5267 Leo

1942 5310 2248 5376 imperator
2277 5310 2470 5362 morbo
2498 5310 2645 5379 gravi
2684 5319 2989 5378 correptus,
3024 5324 3146 5361 cum
3186 5308 3507 5361 moriturum

1946 5414 2005 5452 se
2049 5400 2284 5461 timeret,
2324 5400 2568 5465 mittens,
2602 5400 2881 5454 Nicolamu
2924 5398 3314 5468 patriareham,
3347 5409 3506 5464 quem

1933 5490 2052 5543 loco
2086 5498 2349 5554 moverat,
2381 5492 2689 5555 accersivit,
2760 5492 2932 5559 ipsius
2979 5491 3206 5560 gratiam
3238 5489 3507 5551 ambiens,

1936 5598 1997 5635 ac
2030 5584 2207 5651 ipsum
2289 5584 2562 5638 cathedrae
2626 5585 2887 5649 restituit,
2964 5592 3171 5637 semoto
3245 5581 3504 5633 Antbimo

1936 5673 2268 5740 patriarcha,
2305 5690 2464 5743 quem
2514 5676 2579 5727 ad
2626 5676 3015 5729 monasterium
3049 5674 3317 5743 quoddam
3353 5671 3501 5722 (Ion—

1937 5763 2481 5836 staiitiuopolilauum
2526 5785 2583 5824 sc
2626 5771 2867 5835 recipere
2900 5769 3096 5831 jussit;
3135 5781 3184 5820 tu
3236 5782 3341 5832 quo
3376 5778 3496 5817 c'uu
