4210 6428
198 426 334 489 11ἴ›3

1646 427 2004 486 ᾹΝΝΑΙΕΒ.

3321 429 3447 491 1531

194 559 244 599 et
270 547 369 601 Abi
404 548 528 601 Said
580 548 640 598 ΑΙ
666 545 886 598 Iamiam
936 545 1094 613 vulgo
1147 543 1321 606 amlit,
1369 545 1460 612 qui
1499 543 1759 594 l’asoram
1795 550 1840 606 Α
1871 553 2047 594 matre
2079 559 2198 604 sua,
2249 545 2334 596 cui
2380 557 2584 596 nomen
2623 541 2725 594 fuit
2761 542 3169 609 Chaizaraualt,
3209 546 3451 600 denomi-

197 640 544 707 perveniens,
601 652 720 690 cam
773 647 983 703 captam
1033 635 1357 696 devastavit,
1413 646 1466 688 ct
1518 650 1767 703 magnam

199 730 480 783 hominum
520 737 754 796 stragem
793 727 847 780 in
875 741 938 778 ea
971 725 1141 778 edidit
1172 766 1188 789 ,
1223 736 1385 792 atque
1414 726 1538 777 inde
1568 725 1766 778 Cusam

197 819 502 888 profectus,
529 833 590 872 ea
619 819 782 871 etiam
822 825 1002 884 capta,
1041 817 1248 869 incolas
1279 814 1503 875 occidit.
1542 818 1770 870 multos-

198 927 305 978 que
329 909 456 962 inde
485 909 728 978 captivos
760 906 1004 968 abduxit,
1031 917 1084 959 et
1127 906 1326 959 multas
1381 909 1560 959 avexit
1611 923 1767 976 opes.

201 1001 334 1054 Dein
373 1016 599 1070 pergens
638 1015 805 1068 prope
857 998 1170 1066 Bagdadum
1209 1009 1387 1052 castra
1424 1002 1605 1066 posuit
1652 1001 1772 1056 loco

197 1095 288 1159 qui
321 1091 644 1160 TelArkuph
680 1091 868 1154 audit;
904 1090 1179 1158 multaque
1215 1092 1355 1144 inter
1388 1094 1564 1161 ipsum
1597 1102 1651 1145 et
1674 1094 1772 1145 Al-

200 1181 504 1235 Moktaderi
567 1182 756 1250 copias
802 1182 1094 1235 commissa
1129 1192 1257 1236 sunt
1299 1187 1479 1251 praelia
1523 1193 1620 1236 :at
1651 1198 1772 1236 cum

202 1289 309 1324 non
351 1278 740 1340 assequeretur
767 1286 884 1338 quae
917 1274 1108 1337 voluit,
1162 1275 1357 1326 Cusam
1393 1275 1570 1338 rediit,
1609 1274 1773 1344 idque

200 1379 349 1418 anno
389 1362 774 1416 trecentesimo
825 1364 1040 1417 decimo
1090 1367 1298 1418 tertio:
1348 1366 1480 1432 quin
1530 1373 1584 1418 et
1622 1382 1774 1435 aqme

201 1463 415 1522 puteos,
448 1455 500 1508 in
544 1454 630 1506 via
661 1469 780 1524 qua:
814 1454 1085 1508 Meccham
1120 1455 1300 1520 ducit,
1357 1455 1665 1512 obstructos
1692 1467 1774 1511 at-

201 1561 310 1613 que
358 1547 611 1614 impletos
657 1547 976 1608 exsiccavit,
1032 1548 1166 1600 adeo
1215 1558 1271 1600 ut
1327 1558 1472 1603 metu
1521 1550 1690 1616 ipsius
1747 1564 1777 1602 a

203 1638 738 1704 peregrinationibus
765 1637 1105 1692 abstinerent
1134 1637 1367 1707 Bagtiadi
1398 1648 1452 1694 et
1477 1639 1778 1694 Chorasani

204 1728 413 1793 incohe,
447 1727 665 1798 {Egypti
719 1727 935 1781 interim
969 1738 1022 1782 et
1054 1729 1222 1798 Syriae
1255 1731 1449 1783 incolis
1482 1745 1574 1784 eas
1608 1731 1778 1784 insti-

207 1819 502 1872 tuentibus.
527 1816 773 1884 Cumque
813 1831 955 1869 anno
1005 1817 1380 1871 trireutesimo
1426 1818 1639 1871 decimo
1691 1837 1778 1873 se-

1872 645 2035 686 natus
2059 643 2160 685 est.
2193 633 2344 698 Quod
2378 637 2444 687 ad
2479 633 2776 697 Romanos,
2819 647 3034 688 mortuo
3059 635 3452 704 Cliristophoro

1878 721 2092 775 Domnii
2126 725 2255 786 lilio,
2300 726 2692 779 tuouachatum
2722 725 3002 790 amplexus
3033 737 3117 781 est
3156 728 3443 794 Domitius,

1876 816 2138 883 solusque
2168 817 2368 869 mansit
2400 816 2799 872 Constantinus
2831 817 2883 868 in
2918 816 3129 884 imperii
3159 819 3446 888 regimine.

1888 905 2132 960 Mortuus
2160 916 2245 961 est
2274 908 2434 961 etiam
2456 908 2767 979 Stephanus
2785 909 3091 976 patriarcha
3121 910 3410 964 Constanti
3430 938 3444 951 -

1879 999 2246 1066 nopolitanus,
2266 1007 2546 1067 postquam
2567 1002 2879 1054 cathedram
2904 999 3139 1053 triennio
3159 1013 3452 1068 occupave-

1885 1098 1970 1143 rat
1998 1106 2011 1142 :
2040 1093 2480 1158 constitutusque
2500 1099 2584 1145 est
2605 1091 2803 1144 ibidem
2833 1090 3139 1158 patriarcha
3160 1091 3453 1158 Atranphi-

1886 1197 2009 1236 nus.
2036 1180 2178 1236 Obiit
2200 1183 2362 1234 etiatn
2391 1180 2769 1235 Christodulus
2802 1182 3104 1247 patriarcha
3141 1180 3457 1234 Alexandri-

1886 1290 1988 1330 nus
2014 1274 2104 1328 die
2136 1272 2410 1339 Mercurii,
2435 1273 2723 1327 undecimo
2745 1281 2872 1326 ante
2905 1272 3111 1324 fluitutn
3150 1273 3226 1324 Dil
3252 1271 3454 1333 Kaada.

1879 1380 2023 1419 anno
2073 1366 2460 1420 trecentesimo
2517 1365 2801 1426 vicesimo,
2846 1364 2940 1432 qui
2981 1373 3066 1417 est
3117 1362 3336 1416 'l‘ishrin
3373 1379 3457 1417 se-

1879 1458 2043 1510 cundi
2080 1460 2374 1512 vicesimus
2403 1459 2654 1526 quintus,
2690 1458 2816 1509 anni
2851 1456 3172 1510 Diocletiani
3223 1469 3454 1508 sexcen-

1883 1548 2061 1598 tesimi
2110 1549 2517 1614 quadragesimi
2558 1548 2684 1599 noui
2741 1565 2756 1602 :
2809 1549 3166 1616 sepultusque
3210 1544 3456 1598 Phostati

1883 1634 2236 1705 Egyptiacte,
2270 1653 2393 1690 cum
2427 1637 2479 1689 iu
2511 1637 2772 1690 cathedra
2804 1637 3040 1692 sedisset
3065 1651 3238 1690 annos
3267 1636 3455 1705 viginti

1884 1743 1999 1788 sex,
2040 1737 2094 1780 et
2127 1744 2218 1780 sex
2253 1744 2486 1783 menses.
2517 1727 2772 1796 Sepultus
2803 1737 2986 1780 autem
3017 1736 3101 1781 est
3145 1728 3197 1779 in
3221 1727 3456 1779 ecclesia

1884 1817 2180 1872 Michaelis.
2214 1817 2384 1871 Porro
2417 1821 2583 1873 duces
2631 1836 2732 1873 una
2762 1835 2884 1874 cum
2937 1818 3167 1872 Muuaso
3207 1816 3461 1873 eunucho

205 1911 377 1976 ptimo
408 1911 656 1962 homines
690 1908 742 1961 iu
771 1909 1225 1978 peregrinationis
1265 1907 1556 1980 [religiosae
1588 1913 1778 1966 ritibus
1813 1880 1854 1934 Β
1885 1908 2633 1975 BagdadiinAlMoktaderum
2660 1911 3460 1979 insurgentes,ipsumaggres-

203 1997 588 2070 observandis]
621 2009 823 2064 essent,
860 2000 950 2053 die
995 1998 1201 2062 Martis,
1236 1998 1488 2069 Dilllajja:
1521 2003 1777 2071 septimo,

205 2092 480 2145 Mercham
520 2091 844 2160 perveniens
894 2089 1182 2144 Allannabi
1243 2107 1366 2144 cum
1411 2093 1584 2160 copiis
1635 2094 1778 2156 suis,

203 2182 565 2250 eamdemque
610 2182 911 2248 ingressus,
949 2182 1192 2234 homines
1227 2193 1338 2235 tmn
1393 2184 1537 2235 circa
1589 2188 1778 2249 ωιίριιι,

205 2280 323 2324 tum
357 2275 500 2325 intra
546 2272 850 2324 oratorium
889 2288 1106 2325 sacrum
1153 2281 1206 2326 et
1248 2276 1300 2324 iu
1354 2274 1564 2341 plateis,
1607 2276 1771 2328 innu-

206 2379 385 2418 meros
427 2364 670 2426 occidit,
722 2364 858 2416 adeo
904 2373 962 2416 ut
1009 2366 1164 2417 cmsis
1223 2366 1538 2434 impleretur
1584 2378 1779 2434 puteus

206 2453 487 2517 Ζιιίιηειηι,
529 2469 632 2506 nec
671 2468 778 2504 non
814 2453 1008 2513 valles,
1032 2455 1149 2518 vite,
1181 2455 1398 2521 domus,
1432 2467 1484 2510 et
1514 2457 1729 2510 deserta
1763 2476 1778 2513 :

203 2545 350 2612 quod
386 2546 428 2598 si
467 2545 561 2612 qui
597 2544 722 2612 fuga
755 2561 812 2599 se
844 2547 990 2600 caede
1014 2549 1305 2616 eriperent,
1343 2559 1396 2601 et
1435 2551 1583 2616 ipsos
1609 2549 1781 2603 inter-

206 2633 452 2686 fecerunt
485 2636 713 2699 Arabes,
766 2650 896 2703 opes
947 2637 1191 2704 ipsorum
1238 2635 1579 2704 diripientes.
1619 2639 1784 2693 Erant

205 2735 383 2776 autem
421 2736 474 2779 et
508 2728 600 2793 qui
645 2725 864 2778 loddmu
896 2726 1159 2793 fugientes
1191 2727 1323 2779 mari
1346 2727 1690 2798 521-523
1725 2745 1782 2784 se

213 2818 642 2868 committerent.
697 2815 853 2884 Cepit
920 2830 1046 2884 ergo
1107 2816 1461 2873 Allannabius
1512 2835 1673 2886 Opum
1729 2830 1782 2874 et

207 2907 566 2974 supellectilis
610 2910 870 2971 maiorem
923 2923 1084 2976 quam
1131 2927 1251 2977 qua:
1300 2913 1573 2965 recenscri
1609 2913 1782 2980 possit

206 3001 444 3067 copiam.
480 3001 757 3068 Quidquid
789 3005 954 3058 etiam
997 3005 1137 3057 intra
1173 3005 1344 3058 aedem
1390 3019 1602 3058 sacram
1639 3013 1785 3059 esset

207 3091 324 3141 auri
358 3101 521 3158 atque
550 3093 758 3160 argenti
795 3094 1044 3148 abstulit.
1094 3093 1351 3149 Laminas
1379 3097 1542 3147 etiam
1591 3111 1782 3163 argen-

207 3191 321 3233 teas
353 3196 473 3247 quae
522 3182 771 3250 injanua
819 3186 1005 3255 templi
1055 3197 1212 3239 erant
1261 3189 1478 3240 avulsas
1526 3189 1773 3244 abstulit.
1804 3202 1846 3257 c

208 3265 443 3336 Fuitque
476 3271 530 3323 in
566 3273 766 3342 angulo
801 3272 934 3327 aedis
961 3274 1217 3328 exteriori
1245 3276 1380 3342 lapis
1411 3278 1582 3343 niger,
1617 3291 1778 3344 quem

208 3375 539 3428 magnopere
605 3364 847 3416 venerati
922 3363 1172 3418 homines
1232 3373 1286 3417 et
1345 3366 1781 3420 benedictionem
1831 3395 1834 3399 -

209 3449 335 3503 itide
383 3459 665 3518 captantes
719 3452 1029 3508 deosculari
1085 3455 1354 3516 solebant,
1393 3471 1555 3524 quem
1611 3456 1779 3508 etiam

210 3540 327 3591 loco
389 3552 600 3594 motum
656 3558 842 3597 secum
901 3543 1166 3607 abduxit;
1217 3555 1536 3614 septemque
1587 3547 1780 3602 diebus

211 3627 471 3689 Meet-lue,
523 3630 946 3700 eidiripieudae,
1000 3633 1334 3700 insumpsit:
1374 3633 1496 3687 dein
1549 3638 1778 3704 patriam

207 3733 360 3769 suam
403 3735 652 3772 reversus
681 3729 762 3773 est
789 3721 1322 3789 peregrinationibus
1354 3724 1591 3778 abolitis.
1614 3725 1780 3780 Porro

212 3808 349 3860 obiit
402 3808 546 3862 Elias
607 3809 916 3877 patriarcha
978 3813 1350 3867 Antiochenus
1409 3814 1498 3868 die
1555 3813 1779 3870 Sabbati

211 3899 440 3950 lomad.e
477 3901 801 3967 posterioris
855 3901 1068 3955 decimo
1112 3904 1293 3964 tertio.
1333 3919 1476 3958 anno
1511 3915 1778 3963 trecente-

208 3991 346 4041 nimo
371 3989 585 4043 decimo
635 3995 868 4060 septimo
921 3993 1255 4066 [postquam]
1301 3997 1358 4049 in
1391 3999 1656 4053 cathedra
1692 4017 1778 4055 sc-

227 4081 398 4134 disset
448 4097 622 4137 annos
677 4086 860 4152 viginti
907 4096 1046 4140 octo.
1101 4086 1288 4142 Vizieri
1332 4092 1494 4143 etiam
1554 4108 1779 4147 munere

210 4173 454 4236 privatus
487 4183 570 4226 est
603 4173 943 4229 Mohammed
990 4177 1102 4231 Ebn
1139 4180 1246 4237 Ali.
1283 4179 1396 4233 Ebn
1435 4180 1644 4235 Moklah
1690 4183 1778 4236 die

209 4259 422 4322 Martis,
477 4273 603 4316 ante
657 4265 871 4318 finitum
921 4266 1144 4320 lomada
1181 4269 1419 4336 priorem
1465 4273 1774 4338 undecimo,

206 4367 330 4402 cum
373 4353 426 4402 in
467 4348 596 4405 illud
646 4356 886 4409 adscitus
919 4367 1065 4410 esset
1103 4356 1343 4412 Solimau
1393 4360 1568 4413 Ebuol
1601 4361 1778 4414 Hasan

209 4442 321 4493 l-Ilm
349 4441 647 4496 Mochalled
681 4446 766 4497 die
796 4444 967 4506 Jovis,
1014 4445 1226 4499 decimo
1253 4448 1433 4510 ,tertio
1482 4457 1607 4502 ante
1659 4450 1779 4502 fini-
1820 4447 1830 4458 °

1884 2001 1928 2053 si
1966 2009 2123 2059 sunt,
2186 2001 2250 2050 ad
2296 2014 2432 2068 quos
2457 2015 2632 2068 pugna
2651 2000 3000 2068 excipiendos
3053 2013 3457 2068 cumegressus

1884 2097 2050 2152 esset,
2089 2090 2266 2158 ipsmn
2313 2089 2727 2151 interfecerunt,
2761 2100 3028 2157 caputque
3060 2089 3228 2140 hasta:
3278 2089 3458 2156 impo-

1884 2181 2046 2233 situm
2098 2181 2238 2234 circa
2287 2183 2473 2233 urbem
2518 2181 2872 2250 525-527
2917 2189 3241 2251 gestarunt;
3291 2180 3456 2246 idque

1882 2271 1968 2324 die
1992 2271 2262 2336 Mercurii,
2287 2282 2412 2326 ante
2438 2273 2650 2326 finitum
2676 2289 2918 2326 mensem
2963 2272 3159 2326 Shawa
3188 2273 3456 2336 secundo,

1891 2377 2033 2420 anno
2060 2363 2444 2417 trecentesimo
2480 2363 2758 2416 vicesimo.
2790 2360 2914 2416 Fuit
2940 2363 3231 2417 chalifatus
3284 2363 3458 2434 ipsius

1886 2467 2151 2504 annorum
2207 2453 2391 2521 viginti
2449 2462 2705 2521 quatuor,
2761 2455 3028 2506 mensium
3084 2454 3353 2514 undecim,
3405 2461 3460 2507 et

1885 2541 2094 2594 dierum
2131 2545 2445 2610 quindecim
2479 2562 2491 2598 :
2527 2545 2628 2596 fuit
2671 2545 2907 2598 vizierus
2941 2543 3114 2613 ipsius
3155 2543 3457 2610 Alphadlus

1889 2631 2001 2685 Ebn
2053 2631 2252 2695 laafar,
2298 2634 2466 2686 Ebuol
2518 2633 2740 2688 Phorat.
2778 2633 3022 2688 Mortuus
3069 2643 3149 2688 esr
3201 2634 3460 2689 Trikonis

1885 2726 2192 2792 patriarcha
2262 2724 2900 2794 Constantinopolitanus
2952 2741 3076 2780 cum
3139 2726 3456 2780 cathedram

1883 2817 2257 2882 quinquennio
2308 2825 2670 2884 occupasset,
2725 2815 3124 2884 constituitque
3196 2814 3495 2868 Domitius

1886 2904 2054 2958 filium
2087 2920 2243 2957 suum
2273 2905 2489 2959 nomine
2522 2904 3015 2975 Theo-,dnylactum,
3047 2904 3139 2973 qui
3171 2904 3458 2958 eunuchus

1887 2999 2010 3058 fuit,
2050 2999 2413 3064 patriai-chain
2446 3012 2592 3061 cuiu,
2632 2997 2851 3065 juvenis
2888 3005 3030 3050 esset
3060 3009 3328 3052 annorum
3364 2994 3448 3047 vi-

1885 3088 2014 3155 ginti
2042 3091 2294 3142 duorum.

2275 3220 2278 3222 ν
2354 3179 2654 3244 Chalifutus
2694 3177 2985 3232 AlKuheri.

1955 3271 2319 3339 lnauguratus
2349 3280 2430 3325 est
2461 3269 2710 3325 Alliaher
2745 3272 2931 3324 billahi
2963 3273 3301 3330 Mohammed
3335 3277 3452 3334 Ebtt

1885 3361 2091 3414 Aluned
2127 3362 2183 3413 Al
2207 3361 2497 3424 Motadedi,
2530 3363 2618 3415 die
2645 3361 2814 3428 Jovis,
2850 3365 3053 3420 mensis
3090 3365 3330 3421 Shawali
3360 3385 3455 3430 pes

1886 3451 2135 3515 nultimo,
2163 3465 2305 3504 anno
2336 3454 2721 3507 trecentesimo
2761 3456 3035 3508 vicesimo.
3068 3455 3166 3511 llic
3195 3461 3456 3517 viuerum

1885 3543 1990 3594 sibi
2034 3542 2269 3595 adscivit
2321 3540 2754 3597 Mohammedem
2816 3544 2930 3598 Ebn
2982 3547 3214 3602 Moklah.
3270 3551 3456 3609 Primo

1882 3632 2172 3686 chalifatus
2234 3635 2414 3701 ipsius
2459 3648 2602 3687 anno
2655 3640 2988 3691 constitutus
3035 3648 3117 3692 est
3167 3642 3292 3695 Said
3341 3643 3458 3700 Ebn

1885 3723 2088 3785 Batrik,
2125 3724 2369 3776 medicus
2397 3739 2426 3776 e
2467 3725 2712 3778 l‘hostati
2745 3725 3080 3796 AEgyptiacze
3110 3730 3327 3789 incolis.
3364 3748 3463 3801 pa-

1895 3813 2133 3865 triarcha
2177 3814 2598 3880 Alexandrinus,
2648 3818 3058 3887 appellatusque
3101 3820 3252 3875 Auka
3287 3822 3460 3892 Euty-

1884 3902 2039 3954 ciiius
2075 3919 2088 3954 :
2141 3903 2305 3970 idque
2347 3905 2432 3955 die
2458 3901 2632 3968 Jovis,
2676 3908 2880 3964 mensis
2919 3907 3176 3972 Amshir,
3231 3913 3325 3979 qui
3375 3922 3460 3968 est

1884 3989 2086 4044 Shehat
2125 4032 2140 4052 ,
2192 3995 2320 4045 anni
2371 3995 2693 4048 Diocletiani
2737 4001 3122 4052 sexcentesimi
3165 4003 3460 4072 quadrage-

1883 4083 2005 4135 simi
2035 4085 2185 4144 noni,
2211 4096 2404 4137 octavo
2433 4088 2638 4140 mensis
2671 4088 2904 4156 Saphar,
2934 4107 3080 4147 anno
3108 4092 3335 4164 [Hejrtc]
3365 4095 3458 4148 lit-

1881 4174 2001 4224 uari
2029 4177 2415 4228 trecentesimo
2447 4179 2709 4232 vicesimo
2747 4181 2947 4247 primo.

2267 4265 2431 4335 528
2458 4267 2760 4335 Citati/alus
2791 4273 2860 4324 Al
2891 4272 3064 4327 Rodii.

1952 4351 2314 4422 luauguratus
2337 4367 2419 4409 est
2446 4359 2506 4409 Al
2530 4358 2683 4423 Itadi,
2706 4361 2799 4428 qui
2830 4365 2971 4414 idem
2995 4374 3075 4418 est
3099 4365 3242 4420 Abul
3274 4367 3458 4424 Abbas

1882 4441 2215 4498 Mohammed
2251 4447 2420 4499 libnol
2450 4449 2771 4517 Moktaderi,
2806 4453 2892 4507 die
2913 4453 3189 4522 Mercurii,
3225 4458 3458 4515 lomada:

214 4546 327 4582 tum
377 4534 626 4584 eumdem
674 4550 936 4596 mensem,
971 4551 1112 4588 anno
1146 4537 1529 4592 trecentesimo
1560 4540 1773 4596 decimo
1806 4530 1858 4588 Ῑ)
1891 4536 2082 4603 primis
2113 4547 2289 4602 δυκιο,
2322 4554 2465 4594 ειηηο
2494 4544 2878 4598 trecentesimo
2901 4549 3165 4603 vicesimo
3191 4555 3451 4608 seetmdo.

206 4634 435 4685 octavo;
463 4625 553 4690 qui
583 4632 637 4675 et
671 4640 887 4678 rursum
913 4625 1101 4680 eodem
1130 4639 1372 4683 semotus
1400 4639 1482 4684 est
1516 4631 1604 4686 die
1633 4633 1783 4688 Jovis

206 4724 330 4765 ante
364 4714 573 4765 finitum
618 4711 809 4782 niljcb,
835 4730 978 4768 anno
1008 4720 1398 4774 trecentesimo
1425 4720 1660 4790 decimo
1691 4742 1782 4783 se-

206 4804 395 4869 ptimo,
426 4806 626 4857 viziero
661 4807 966 4859 constituto
1000 4806 1321 4864 Obaidallah
1371 4811 1485 4867 Ebu
1534 4813 1782 4872 Moham-

206 4894 324 4946 med
377 4894 709 4958 Cadanensi,
747 4896 836 4952 die
882 4897 1131 4965 Sabbati,
1165 4913 1322 4956 sexto
1358 4913 1483 4960 ante
1526 4909 1777 4964 eumdem

205 5000 448 5038 incusem
484 4987 690 5040 tinitmn
736 5003 879 5042 anno
911 4994 1297 5048 trecentesimo
1329 4997 1539 5051 decimo
1586 5014 1728 5055 uono
1761 5020 1776 5058 :

204 5092 310 5143 quo
363 5075 562 5131 deinde
605 5089 816 5134 semoto
870 5082 1129 5136 suffectus
1177 5094 1262 5139 est
1312 5085 1559 5144 AlHasan
1592 5091 1778 5147 Ebuol’

206 5164 404 5220 basem
430 5166 591 5237 524
633 5168 748 5224 Ebn
797 5169 970 5226 Obaid
997 5175 1162 5228 oddin
1210 5176 1478 5242 Soliman,
1510 5181 1618 5235 Ebn
1650 5182 1777 5238 Wa-

205 5257 345 5316 had,
400 5259 489 5311 die
552 5259 772 5313 Sabbati
807 5302 822 5326 ,
875 5264 1035 5316 tertio
1085 5277 1209 5320 ante
1269 5267 1481 5323 finitum
1537 5289 1772 5329 mensem

205 5345 445 5409 Shawal,
501 5362 644 5402 anno
689 5359 1072 5409 trecentesimo
1102 5358 1312 5411 decimo
1361 5375 1526 5424 nono,
1571 5379 1774 5434 e0gno-

204 5437 553 5504 minatusque
599 5450 683 5493 est
727 5440 1186 5511 Omaidol‘dulah,
1228 5445 1341 5500 Ebn
1376 5447 1769 5508 Walii’ldulahi

204 5540 231 5577 a
257 5542 366 5596 quo
403 5528 606 5583 deinde
650 5533 862 5587 sublata
900 5535 1162 5603 dignitate
1209 5540 1334 5604 ista,
1379 5556 1499 5595 eam
1539 5545 1775 5600 obtinuit

204 5619 338 5671 Abul
373 5617 504 5671 Fadl
540 5619 654 5673 Ebn
688 5619 883 5685 laafar,
935 5624 1126 5679 Euuol’
1172 5629 1354 5692 Forat,
1403 5633 1514 5684 libn
1543 5633 1653 5686 Cha
1687 5651 1775 5689 za-

205 5711 371 5763 rauah
409 5713 498 5768 d-ie
544 5713 847 5781 Douiiuico,
887 5719 1046 5772 tertio
1079 5732 1204 5776 ante
1262 5703 1480 5778 finitum
1540 5727 1769 5783 ltabiam

206 5803 588 5871 posteriorem,
634 5821 776 5862 anno
825 5815 1210 5868 trecentesimo
1259 5814 1554 5885 vicesimo,
1606 5822 1696 5888 qui
1741 5836 1770 5874 a

1879 4624 2148 4680 Vizieruiu
2181 4627 2284 4682 sibi
2329 4631 2561 4687 adscivit
2596 4632 3032 4691 Mohammedem
3067 4641 3178 4693 libn
3217 4641 3453 4700 Moklah.

1875 4715 2034 4772 Anno
2083 4720 2372 4776 clialifatus
2407 4725 2524 4792 ejus
2575 4727 2748 4794 primo
2801 4733 3134 4786 constitutus
3177 4744 3262 4787 est
3300 4737 3451 4788 Anba

1878 4809 2242 4877 Theodosius,
2294 4818 2386 4884 qui
2439 4817 2577 4871 idem
2611 4829 2693 4872 est
2743 4821 3088 4890 Stephanus,
3123 4828 3324 4892 scriba,
3357 4833 3451 4898 qui

1876 4903 2109 4973 Bagdadi
2145 4905 2322 4960 fuerat
2346 4922 2470 4961 cum
2510 4907 2699 4964 Mones
2731 4917 2982 4968 eunucho
3013 4919 3312 4972 Antiochiae
3354 4921 3451 4990 Sy-

1877 4997 1974 5048 riae
2010 4998 2343 5063 patriarcha,
2391 5015 2578 5057 mense
2632 5002 2933 5070 Ramadan,
2978 5020 3119 5058 anno
3180 5019 3448 5064 tree-ute-

1885 5087 2022 5138 simo
2049 5087 2307 5141 vicesimo
2332 5095 2510 5145 tertio.
2539 5091 2664 5146 Fuit
2690 5103 2869 5148 autem
2902 5095 2957 5148 in
2993 5091 3228 5166 AEgypto
3291 5111 3448 5154 terrae

1884 5187 2064 5233 motus
2087 5179 2303 5248 ingens,
2338 5185 2496 5237 tertio
2525 5184 2803 5239 DilKaadzn
2829 5187 3073 5255 ejusdem
3109 5189 3446 5248 anui.\’alde

1880 5272 2043 5323 etiam
2084 5272 2300 5341 agitata:
2332 5285 2458 5328 sunt
2489 5278 2656 5330 stella:
2685 5276 2962 5333 cadentes.
3010 5280 3175 5333 Porro
3210 5281 3436 5336 Moham-

1883 5360 2001 5413 med
2033 5359 2146 5415 Ebn
2166 5361 2336 5436 Tugth
2362 5375 2414 5421 et
2431 5369 2629 5421 ducum
2653 5370 2956 5438 vulgarium
2981 5370 3187 5440 aliquot
3216 5372 3442 5428 Barkam

1879 5450 2164 5519 fugientes,
2195 5470 2320 5510 cum
2363 5459 2432 5511 ibi
2457 5459 2642 5528 copias
2672 5461 3013 5531 collegissent
3058 5464 3440 5518 Alexandriam

1878 5547 2079 5598 reversi
2109 5560 2256 5613 sunt,
2281 5553 2420 5604 unde
2447 5554 2539 5620 qui
2567 5553 2638 5606 ibi
2664 5554 2877 5606 fuerant
2909 5557 2974 5607 ad
2999 5556 3173 5608 rivum
3215 5554 3440 5609 liashidi

1875 5635 2128 5704 fugerunt
2162 5657 2173 5692 :
2213 5643 2279 5695 ad
2330 5659 2468 5708 quos
2508 5644 2622 5698 Ebu
2662 5644 2832 5714 TOguj
2870 5661 2990 5700 cum
3042 5645 3439 5699 AbilThbafaro

1873 5727 2040 5783 fratre
2085 5747 2186 5786 suo
2219 5736 2520 5789 exercitum
2576 5737 2796 5791 mittens
2827 5737 2972 5807 ipsos
3005 5739 3057 5791 in
3092 5741 3268 5807 fugam
3309 5753 3432 5792 vcr-

1873 5821 1958 5886 tit,
1994 5821 2149 5879 ca‘sis
2205 5825 2347 5892 aliis,
2399 5828 2519 5882 aliis
2550 5829 2744 5895 captis,
2783 5829 2944 5899 idque
2986 5845 3124 5885 anno
3176 5840 3430 5886 trecenta
