3962 6140
240 442 1276 483 Μ..
729 442 1714 482 *m‘.__.-u-~___
1631 474 1653 479 __
1671 474 1685 479 _
1723 441 2086 479 —v,_
1874 474 1887 478 ,
1914 440 3463 481 -,_.___~I--.-I____—Ill~o-W

642 473 703 480 .-
729 471 1585 482 ——.———~—....--—~-——-~-—-
1631 474 1685 479 -.-

2162 471 2190 480 .-
2204 469 2552 479 ...ι--ο-οο-

1523 613 1695 658 ANNO
1734 612 1959 658 DOMINI
1988 614 2203 658 CMXX"
2216 645 2229 657 .

1184 805 1354 1009 Ν
1374 798 2531 1011 ICOLAUS

639 1191 2203 1294 CONSTANTINOPOLITAN'US
2273 1192 3033 1286 PATRIABCHA

1538 1586 2183 1704 NOTiTlA.

328 1832 611 1895 Auctore
643 1832 719 1893 il.
758 1831 821 1893 P.
854 1830 1020 1895 God.
1052 1827 1472 1894 Henschenio
1509 1828 1576 1892 in
1615 1828 1790 1894 Actis
1834 1831 1941 1897 SS.
1975 1829 2268 1895 Bolland.
2302 1828 2450 1895 Maii
2482 1837 2635 1892 tom.
2667 1829 2773 1907 lli,
2804 1830 2910 1892 die
2943 1830 3040 1905 15,
3085 1848 3225 1910 pag.
3263 1833 3402 1894 509.

290 2115 489 2175 Leanis
548 2118 836 2191 Sapientis
900 2135 995 2177 seu
1060 2118 1378 2191 Philosophi
1452 2116 2097 2189 imperatorisAstathii
2159 2116 2356 2176 classis
2412 2117 2706 2189 Drungarii
2761 2129 2817 2176 et
2870 2118 3170 2187 Caramali,
3226 2134 3326 2175 nec
3377 2134 3485 2174 non

230 2209 815 2281 Cosstantinopolitani
853 2213 1117 2284 mysticus
1140 2210 1319 2268 fuerat
1340 2211 1402 2268 S.
1432 2210 1714 2277 Nicolaus,
1748 2210 1804 2268 id

233 2312 323 2365 est,
371 2318 483 2357 non
535 2304 723 2359 solum
776 2305 1095 2361 secretioris
1133 2303 1257 2375 ejus
1298 2304 1515 2362 consilii
1560 2291 1802 2371 senator.

235 2394 316 2450 sed
345 2395 523 2467 ipsius
576 2406 807 2452 senatus
855 2402 1053 2453 oculus
1096 2412 1192 2453 seu
1238 2411 1477 2467 prases;
1521 2398 1671 2455 etab
1700 2400 1803 2455 hoc

236 2486 507 2543 excellenti
538 2488 869 2557 magistratu
894 2488 1194 2545 translatus
1223 2496 1311 2542 est
1352 2488 1420 2543 ad
1459 2488 1804 2559 patriarcha-

238 2589 338 2637 iltll
376 2580 1081 2653 Constantinopolitanum,
1114 2595 1181 2636 ac
1211 2583 1430 2636 tandem
1465 2582 1655 2651 plenus
1684 2582 1801 2638 die-

240 2689 344 2729 rum
373 2691 436 2731 ac
466 2676 799 2731 meritorum
844 2675 1099 2747 migravit
1147 2676 1216 2730 ad
1265 2675 1545 2732 Christum
1589 2677 1692 2732 hoc
1733 2676 1802 2731 i5

240 2764 390 2820 Iaii:
426 2767 494 2822 ad
545 2782 711 2837 quem
758 2768 925 2832 diem,
973 2769 1168 2831 sancti,
1214 2767 1330 2823 sive
1368 2765 1462 2821 τοῦ
1508 2768 1567 2822 ιν
1596 2767 1798 2835 ἁγίοις,

240 2858 546 2925 patriarcha
629 2858 1209 2928 Constantinopolitani
1269 2858 1483 2913 Nicolei
1543 2860 1800 2929 depositio

243 2947 489 3021 inscripta
517 2960 610 3007 est
654 2959 974 3021 pervetusto
1020 2948 1328 3021 Synaxario
1366 2949 1625 3007 Ecclesia:
1650 2951 1801 3008 Con-

244 3042 753 3120 stanthmpolitanae,
788 3043 933 3113 quod
967 3053 1053 3099 est
1100 3042 1328 3115 Collegii
1391 3043 1801 3101 Claromontani

244 3135 506 3193 societatis
528 3134 665 3192 Jesu
688 3133 938 3193 Parisiis.
960 3136 1217 3208 Ejusdem
1253 3138 1572 3208 patriarchae
1594 3139 1801 3197 Νῖσοιαί

246 3240 382 3283 sacra
436 3228 707 3283 memoria
752 3228 822 3282 ad
879 3229 1134 3284 eumdem
1186 3229 1331 3285 diem
1386 3230 1692 3287 celebratur
1742 3233 1799 3286 in

247 3318 447 3378 Mentis
478 3337 618 3378 mss.
658 3321 1157 3381 Mediolanensibus
1195 3321 1540 3380 bibliothecae
1572 3324 1803 3378 Ambro-

248 3413 411 3478 sianz,
470 3414 707 3487 signatis
749 3416 930 3473 littera
972 3414 1019 3471 Ο
1072 3426 1130 3473 et
1171 3431 1229 3473 n.
1281 3418 1419 3481 us.
1467 3426 1526 3473 et
1572 3418 1627 3473 in
1679 3419 1805 3473 unis

248 3500 444 3563 lentis
474 3507 638 3563 ducis
684 3505 1020 3564 Sabaudim:
1071 3507 1129 3563 in
1161 3508 1350 3564 alteris
1390 3522 1523 3564 vero
1568 3507 1805 3564 refertur

251 3595 310 3649 ad
341 3598 473 3653 diem
498 3606 823 3670 sequentem
852 3598 920 3654 {6
946 3597 1094 3666 Maii,
1128 3599 1206 3655 uti
1239 3601 1402 3656 etiam
1437 3600 1493 3655 in
1520 3598 1803 3657 Parisien-

254 3687 386 3744 sibus
416 3690 719 3747 cardinalis
746 3689 1027 3746 Iaurini.
1073 3692 1146 3746 At
1195 3693 1373 3763 pridie
1413 3694 1528 3748 sive
1555 3693 1622 3747 ad
1658 3694 1800 3748 diem

258 3778 313 3835 l6
350 3781 505 3851 Iaii,
554 3784 608 3839 in
655 3798 790 3841 mss.
850 3781 1277 3840 Divionensibus
1324 3783 1469 3841 Petri
1521 3782 1803 3841 Francisci

254 3871 509 3943 Cbiiiletii,
542 3876 748 3933 dicitur
780 3874 839 3932 S.
875 3876 1135 3933 Nicolaus
1171 3877 1483 3947 patriarcha
1524 3877 1798 3933 Constan-

259 3962 631 4033 tinopolitanus
662 3966 718 4021 in
759 3980 891 4037 pace
918 3965 1217 4038 quievisse,
1254 3966 1683 4038 adjungiturque
1703 3966 1806 4022 hoc

254 4051 502 4112 distichon
527 4068 546 4115 :

325 4146 378 4223 '_0
684 4147 923 4223 ικλιῲν
951 4148 1110 4223 σκιὰν
1138 4151 1275 4223 βίου,

318 4216 445 4287 Πρὸς
470 4221 662 4275 ᾶσκιον
697 4220 932 4293 μετῆλθε
966 4216 1150 4289 «urbe
1171 4216 1393 4292 χωρίον.

325 4325 556 4400 {Imbrum
589 4331 885 4400 relinquens
906 4329 1163 4386 Nicotaus
1197 4332 1401 4397 seculi,

323 4397 615 4456 Translatns
635 4397 791 4457 estin
822 4406 1057 4456 nescium
1088 4402 1395 4455 umbrarum
1432 4402 1625 4458 locum.

329 4514 373 4568 l.
409 4515 542 4572 inter
587 4531 791 4571 uxores
862 4531 1003 4588 quas
1058 4514 1168 4571 Leo
1212 4516 1443 4585 Sapiens
1497 4517 1807 4573 successive

270 4599 418 4667 duxit,
452 4608 626 4676 prima
649 4605 710 4664 S.
739 4604 1098 4675 Theophane,
1118 4621 1244 4676 quae
1273 4622 1303 4660 a
1331 4603 1538 4662 Graecis
1570 4607 1806 4663 refertur

272 4693 325 4747 ad
350 4695 475 4752 diem
510 4697 578 4753 i6
619 4697 974 4763 Decembris;
1012 4706 1207 4768 quarta
1241 4695 1350 4752 Zoe
1390 4698 1517 4761 fuit,
1552 4716 1717 4768 quam
1750 4702 1803 4755 in

274 4784 348 4841 illa
372 4788 623 4861 dignitate
658 4790 865 4845 vixisse
890 4805 1094 4845 annum
1132 4805 1300 4844 unum
1327 4798 1384 4845 et
1414 4806 1632 4846 menses
1660 4801 1803 4856 orto,

275 4878 437 4934 scribit
471 4881 579 4938 Leo
623 4880 1032 4939 Grammaticus
1058 4879 1114 4936 in
1152 4878 1627 4954 Cbronographia,
1664 4884 1807 4938 hanc

276 4963 395 5024 loco
432 4982 772 5031 materteram
808 4988 966 5029 suam
1003 4974 1309 5045 appellans,
1352 4975 1489 5031 adeo
1515 4987 1575 5030 ut
1604 4978 1806 5032 certior

280 5058 430 5117 haberi
461 5076 692 5134 nequeat
720 5075 917 5120 auctor
955 5066 1163 5122 notitiai
1214 5068 1286 5123 de
1332 5066 1390 5123 S.
1439 5065 1665 5125 Nicolao
1703 5083 1804 5140 po-

282 5153 472 5210 stulate.
509 5153 725 5212 Ilortuo
770 5171 900 5228 ergo
947 5157 1007 5213 S.
1042 5159 1281 5215 Antonio
1326 5158 1529 5217 Caulea
1571 5162 1801 5231 patriar-

281 5241 380 5307 cha,
406 5248 551 5317 cujus
579 5251 713 5304 Acta
736 5248 1133 5306 iilustravimus
1150 5250 1216 5306 ad
1243 5252 1387 5306 diem
1416 5252 1480 5305 η
1502 5253 1802 5319 Februarii,

287 5335 383 5388 tia
424 5341 531 5410 ejus
583 5342 761 5398 locum
815 5341 1073 5398 Nicolaus
1140 5342 1487 5411 imperatoris
1540 5348 1804 5415 mysticus

286 5435 524 5487 Novcctus
560 5445 644 5489 est
688 5449 834 5490 anno
857 5433 987 5500 895,
1026 5449 1190 5506 quem
1227 5436 1492 5491 creditum
1534 5438 1801 5508 sapientia

287 5515 396 5572 alios
437 5534 483 5578 et
526 5526 816 5593 prudentia
857 5529 1068 5582 anteire
1112 5543 1134 5579 ο
1188 5527 1266 5583 ait
1306 5527 1628 5593 Cedrenus:
1682 5545 1804 5600 quae

290 5617 390 5660 vero
418 5614 590 5670 deinde
638 5618 1009 5687 contigerunt,
1040 5619 1113 5674 ita
1147 5629 1334 5674 narrat
1375 5620 1486 5675 Leo
1514 5618 1801 5676 Gramma-

292 5694 417 5762 ticus.
446 5719 557 5777 pag.
589 5708 714 5761 481.
757 5727 772 5759 ι
814 5707 1243 5765 Tauromenium
1287 5709 1485 5765 Sicilia:
1515 5713 1706 5767 civitas
1735 5714 1802 5769 ab

297 5786 404 5851 iliis
425 5809 562 5869 capta
592 5809 696 5864 est,
735 5799 987 5856 socordia
1014 5812 1109 5858 aut
1139 5803 1323 5861 verius
1351 5803 1661 5885 proditiope
1688 5802 1799 5860 Eu-

551 5896 818 5959 PATnOL.
867 5897 1021 5961 CXI.

1634 6038 1795 6069 11fr

1909 2210 2191 2269 Michaelis
2219 2212 2502 2278 Characti,
2536 2212 2740 2269 ibidem
2785 2223 3149 2284 repertarum,
3194 2214 3486 2283 quamplu-

1909 2305 2068 2361 rimis
2111 2304 2488 2361 Romanorum
2535 2320 2601 2361 ea
2654 2304 2710 2360 in
2753 2305 2909 2361 clade
2947 2307 3130 2361 caesis.
3166 2304 3393 2360 Reversi
3431 2306 3485 2360 in

1908 2399 2100 2454 urbem
2140 2396 2209 2453 ab
2244 2398 2576 2468 imperatore
2610 2406 2665 2453 et
2709 2398 3024 2468 patriarcha
3060 2398 3399 2467 reprehensi,
3434 2407 3490 2453 et

1908 2505 1940 2545 a
1983 2488 2246 2547 lichaele
2285 2489 2564 2547 Churacto
2610 2489 2940 2560 proditionis
2988 2490 3247 2553 convicti,
3310 2501 3487 2544 morte

1904 2579 2256 2637 condemnati
2296 2586 2427 2635 sunt
2464 2597 2478 2633 :
2531 2579 2840 2648 patriarcha
2882 2594 3011 2634 vero
3060 2578 3286 2634 Nicolao
3340 2581 3485 2647 apud

1905 2673 2293 2744 imperatorem
2337 2666 2742 2741 interpellante,
2786 2685 2936 2727 mors
2978 2670 3285 2727 condonata
3317 2687 3331 2723 :
3366 2686 3487 2726 ver-

1904 2765 2245 2835 beribusque
2301 2764 2647 2822 solummodo
2676 2761 2934 2835 subjecti,
2972 2763 3131 2818 bonis
3163 2779 3353 2818 eorum
3386 2780 3487 2833 pu-

1905 2856 2142 2923 blicatis,
2165 2856 2312 2912 inter
2338 2855 2643 2912 monachos
2663 2855 2875 2913 detrusi
2901 2866 3052 2913 sunt.
3079 2874 3099 2910 ο
3122 2855 3185 2910 Et
3202 2874 3327 2927 pag.
3343 2858 3481 2913 483:

1914 2967 1935 3002 ε
1976 2947 2020 3003 E
2066 2945 2202 3014 Zoe,
2254 2947 2473 3017 inquit,
2523 2957 2721 3019 quarta
2773 2946 3014 3017 conjuge
3064 2947 3483 3002 Constantinum

1909 3040 2083 3096 filium
2111 3038 2224 3096 Leo
2256 3039 2520 3109 suscepit,
2553 3040 2648 3110 qui
2687 3038 2826 3094 festo
2864 3035 3159 3093 Luminum
3196 3054 3226 3093 a
3262 3038 3487 3094 Niculno

1857 3118 1867 3130 ’
1907 3131 2222 3206 patriarcha
2252 3131 2309 3187 in
2336 3130 2531 3203 Magna
2578 3130 2846 3195 Ecclesia,
2885 3130 3315 3200 suscipientibus
3350 3147 3487 3203 pueo

1828 6035 1939 6061 me»

1906 3237 2029 3279 rum
2067 3238 2101 3280 θ
2149 3222 2302 3281 fonte
2349 3223 2663 3280 Alexandro
2708 3224 3059 3291 imperatore,
3115 3225 3353 3280 Samona
3385 3241 3487 3296 pa-

1907 3315 2069 3372 tricio
2124 3325 2181 3372 et
2239 3316 2561 3387 proceribus
2619 3319 2870 3381 cunctis,
2924 3317 3237 3389 baptizatus
3304 3330 3481 3376 est....

1905 3408 2168 3465 Eamdem
2203 3422 2334 3464 vero
2369 3405 2518 3464 Zoen
2560 3408 2854 3465 declaravit
2894 3410 3196 3481 Augustam
3245 3412 3485 3484 impera-

1907 3509 2016 3568 to‘r,
2050 3514 2213 3571 quem
2248 3496 2558 3583 ‘eapropter
2584 3499 2839 3557 Ecclesia:
2862 3486 3143 3557 liminibus
3171 3506 3480 3573 patriarcha

1906 3595 2188 3667 prohibuit
2240 3587 2371 3651 :'ut
2434 3596 2633 3651 exinde
2714 3598 2921 3668 pariter
2964 3598 3188 3654 dextera
3238 3603 3486 3660 ecclesia

1910 3698 2085 3760 parte,
2130 3688 2219 3745 via
2264 3699 2531 3746 consueta
2588 3692 2807 3760 penitus
2846 3692 3054 3757 relicta,
3093 3692 3163 3748 ad
3214 3692 3484 3750 Ilitatori-

1904 3779 2049 3832 cium
2073 3793 2248 3849 usque
2277 3780 2651 3847 pertransiret.
2685 3779 2957 3840 Samonas
2975 3784 3174 3841 deinde
3200 3786 3484 3842 accuhitor

1906 3878 2197 3939 provectus
2225 3880 2328 3933 est,
2365 3872 2513 3941 quod
2543 3873 2611 3929 ad
2642 3888 2805 3929 omne
2828 3873 3045 3931 facinus
3068 3886 3124 3932 et
3155 3880 3481 3948 pravitatem

1906 3963 2225 4033 imperatori
2260 3978 2482 4019 manum
2520 3966 2789 4036 praeberet
2822 3969 3171 4035 auxiliarem.
3204 3981 3258 4027 et
3286 3973 3484 4030 adver-

1906 4071 2003 4112 sus
2026 4054 2330 4111 Eccleslam
2363 4067 2654 4126 cmperunt
2686 4059 2963 4114 meditari.
2986 4059 3252 4117 Vocatum
3280 4064 3486 4137 quippe

1908 4146 1977 4201 ad
2004 4159 2066 4202 se
2094 4145 2377 4202 Nicolaum
2415 4148 2781 4217 patriarcham
2824 4151 2913 4207 die
2948 4153 3129 4224 primo
3175 4152 3482 4223 Februarii,

1908 4240 2166 4311 precibus
2197 4241 2499 4310 instabant,
2534 4252 2591 4298 ut
2636 4244 2691 4298 in
2741 4244 3043 4303 Ecclesiam
3088 4250 3481 4320 reciperentur.

1910 4330 1982 4387 Ut
2010 4344 2138 4389 vero
2172 4332 2389 4390 flectere
2428 4350 2535 4389 non
2565 4347 2884 4405 potuerunt,
2909 4354 2939 4394 a
2970 4343 3220 4398 convivio
3243 4344 3483 4414 publico,

1908 4426 1974 4480 ad
2015 4424 2160 4496 quod
2200 4430 2663 4495 vocatus,fuerat,
2705 4432 2939 4501 ejectum
2967 4445 3023 4489 et
3052 4451 3147 4506 per
3178 4436 3488 4496 Bucoleon-

1910 4526 2019 4572 tem
2047 4518 2297 4583 ductum,
2333 4520 2958 4593 lintriqueimpositum,
3004 4528 3057 4581 in
3104 4527 3344 4589 iiieriam
3370 4544 3483 4589 tra-

1903 4609 2194 4676 jccerunt:
2222 4625 2252 4663 e
2282 4625 2389 4679 qua
2441 4612 2604 4679 pedes
2644 4612 2713 4669 ad
2756 4612 3093 4674 Galacrenos
3143 4635 3320 4691 usque
3361 4624 3506 4680 nive“

1911 4700 2079 4755 multa
2111 4700 2391 4755 delibutus
2423 4704 2692 4770 pervenit.
2716 4704 2774 4760 ln
2799 4706 2918 4774 eius
2948 4706 3127 4764 locum
3160 4710 3482 4784 Euthymius

1907 4792 2183 4862 synccllus
2236 4794 2319 4847 vir
2358 4796 2542 4863 gravis
2586 4804 2642 4850 et
2682 4801 3183 4868 temperatissimus
3220 4807 3485 4865 suil'ectus

1907 4893 2013 4945 est,
2065 4898 2227 4945 quem
2275 4885 2467 4940 dicunt
2518 4884 2703 4943 divina
2757 4890 3093 4949 revelatione
3137 4897 3191 4950 id
3236 4902 3484 4956 muneris

1909 4976 2241 5044 suscepisse.
2295 4973 2526 5033 Volebat
2573 4980 2721 5035 enim
2771 4980 3073 5054 imperator
3128 4988 3381 5047 haeresim
3426 5002 3484 5047 et

1908 5070 2081 5140 legem
2142 5082 2368 5139 ponere,
2426 5084 2537 5140 qua
2581 5072 2700 5129 viro
2755 5083 2867 5129 tres
2915 5085 3222 5147 quatuorve
3279 5096 3480 5137 uxores

1906 5163 2112 5218 ducere
2160 5162 2370 5229 liceret,
2418 5162 2669 5234 pluribus
2722 5165 3062 5224 doctissimis
3115 5172 3247 5227 viris
3302 5173 3372 5230 ad
3420 5157 3478 5229 id

1907 5267 2067 5323 opem
2100 5252 2534 5309 conferentibus.
2572 5271 2592 5305 ι
2631 5254 2757 5311 Περ
2785 5255 2893 5312 Leo
2921 5274 3088 5329 agens
3122 5264 3191 5316 de
3215 5266 3481 5320 uxoribus

1908 5347 2219 5401 successive
2255 5347 2544 5413 ducendis,
2578 5357 2634 5402 et
2671 5354 2946 5408 consentit
2985 5354 3289 5421 Cedrenus,
3320 5364 3479 5429 cujus

1908 5435 2174 5504 interpres
2221 5449 2504 5503 perperam
2572 5436 2901 5509 interposuit
2963 5445 3125 5497 simul
3183 5456 3293 5503 tres
3341 5463 3479 5516 qua-

1907 5534 2099 5579 tuorve
2132 5540 2333 5580 uxores
2364 5534 2422 5579 ut
2455 5527 2657 5582 ducere
2684 5529 2896 5586 liceret.
2944 5532 3018 5589 De
3062 5536 3153 5590 illa
3187 5538 3317 5593 olim
3352 5556 3479 5610 pro.

1906 5616 2174 5673 hibitione
2197 5618 2303 5673 lata
2328 5618 2555 5673 consule
2584 5619 2823 5676 latthaei
2861 5627 3120 5681 monachi
3143 5631 3477 5698 questinnes

1904 5712 2359 5777 matrimoniales,
2389 5711 2529 5768 libro
2563 5729 2656 5769 vnt
2712 5718 2842 5770 torni
2880 5720 3041 5787 primi
3072 5720 3217 5778 luris
3254 5725 3475 5781 Graeco-

1904 5804 2157 5872 Romani,
2217 5816 2267 5863 et
2317 5823 2441 5879 qnze
2495 5809 2792 5867 cardinalis
2840 5812 3112 5871 Baronius
3168 5819 3471 5874 Annalibus

1942 6032 1983 6083 Lf,
2018 6032 2048 6081 Β
2094 6026 2166 6079 ³)
