3962 6140
515 398 586 461 15
1933 404 2079 463 PR5

2223 404 2352 465 ΓΙΟ.
3707 393 3787 460 16

510 509 811 572 cumulata,
847 524 979 567 sane
1011 511 1247 581 rigidum
1284 512 1407 567 vita:
1435 527 1634 583 genus.
1677 512 1836 582 cujus
1888 522 2270 582 argumentum
2311 523 2395 567 est
2436 521 2700 568 tractatus
2730 510 2850 582 ejus
2888 526 2921 566 a
2967 510 3122 565 nobis
3159 518 3303 563 retro
3337 514 3677 565 memoratus
3718 514 3787 561 es

509 598 716 663 editus,
761 597 1060 667 pastoralis
1107 600 1333 669 insuper
1358 597 1605 669 ejusdem
1641 598 1830 663 zelus,
1861 598 2167 655 constantia
2214 610 2269 656 et
2300 598 2499 655 eximia
2551 600 2824 666 charitas,
2872 600 3069 654 merito
3113 597 3422 666 opinionem
3457 594 3788 649 sanctitatis

508 686 735 741 Nicolao
765 686 1098 743 conciliasse
1130 687 1409 744 videntur.
1447 688 1603 744 Nunc
1648 688 1698 743 ei
1733 690 1812 745 rei
1856 688 2135 759 negotium
2185 687 2459 744 lacessere
2507 687 2755 743 nonnulli
2789 686 2935 743 haud
2976 685 3211 742 absurde
3244 684 3486 745 credent,
3521 684 3669 752 quod
3715 680 3782 736 iu

506 772 745 829 secunda
776 773 843 828 ad
882 774 1183 844 principem
1231 774 1564 830 Saracenum
1591 775 1823 845 epistola
1873 776 2172 832 honorifice
2207 774 2458 830 Photium
2495 776 2751 845 appellat.
2788 772 3186 830 Verumtamen
3235 773 3287 827 id
3334 784 3490 828 more
3534 768 3786 826 fortasse

508 859 826 916 Griecorum
857 862 937 927 ﬁt,
962 862 1106 932 apud
1137 875 1279 933 quos
1301 862 1530 919 Photius
1562 864 1833 935 insignem
1861 862 2127 920 doctrina:
2152 880 2269 920 sua:
2295 866 2612 920 memoriam
2651 865 2870 935 reliquit
2894 880 2910 919 :
2935 864 3132 919 deinde
3155 864 3409 919 eumdem
3442 860 3616 916 multo
3639 868 3785 915 ante

506 950 713 1005 abitum
761 965 885 1007 cum
924 964 1061 1020 papa
1084 947 1294 1005 Joanne
1328 951 1743 1006 reconciliatum
1776 950 1984 1006 scimus
2018 968 2032 1006 :
2065 951 2301 1023 denique
2333 961 2392 1007 ut
2420 968 2546 1007 cum
2575 954 2879 1008 reverentia
2911 952 2977 1006 de
3006 950 3200 1005 Pitotio
3227 953 3565 1021 loqueretur.
3594 950 3786 1020 pietas

508 1040 754 1108 quaedam
780 1040 972 1102 suasit,
999 1037 1124 1107 quia
1145 1050 1205 1092 se
1223 1036 1644 1109 presbyteraiem
1668 1038 1738 1092 ab
1758 1051 1826 1092 eo
1845 1038 2114 1108 recepisse
2129 1039 2596 1095 consecrationem
2626 1039 2712 1094 his
2737 1039 2915 1093 verbis
2956 1038 3175 1093 innuit:
3202 1039 3232 1090 ὁ
3259 1036 3503 1106 ἀοίδιμος
3533 1035 3779 1096 Odium.

506 1127 534 1178 ὁ
566 1127 706 1194 ὲμὺς
740 1126 801 1179 ἒν
830 1122 1112 1195 Πνεύματι
1144 1122 1291 1194 ἁγίῳ
1313 1123 1518 1196 πατήρ.
1545 1123 1725 1179 Causa
1751 1139 1881 1180 vero
1901 1124 2070 1180 nomii

2212 1126 2220 1181 i
2247 1123 2501 1181 Photium
2533 1126 2650 1182 hazc
2678 1126 2801 1190 luit,
2834 1126 2980 1196 quod
3009 1125 3057 1179 is
3087 1139 3213 1178 cum
3271 1124 3580 1193 patriarcha
3608 1128 3776 1192 (esse.

505 1212 768 1284 singulari
799 1209 1169 1268 benivolentia
1203 1226 1329 1265 eum
1369 1211 1630 1266 Saraceni
1673 1212 1970 1283 principis,
2011 1215 2101 1269 cui
2148 1214 2406 1272 Nicolaus
2437 1216 2650 1278 scribit.
2687 1228 2841 1286 patre
2891 1216 3178 1270 devinctus
3212 1212 3426 1269 luisset.
3462 1210 3777 1281 Ceteroqui

506 1304 604 1356 sub
620 1300 797 1356 Leone
829 1301 985 1371 imp.,
1012 1314 1123 1371 quo
1154 1308 1400 1370 tempore
1428 1300 1739 1371 patriarcha
1771 1300 1874 1357 fuit
1900 1301 2181 1369 Nicolaus,
2212 1318 2402 1372 pacem
2429 1303 2795 1374 dogmaticam
2825 1306 3069 1373 (excepta
3091 1310 3413 1373 quarturum
3448 1295 3774 1372 nuptiarum

506 1390 877 1445 controversia
902 1386 1266 1459 disciplinari)
1288 1388 1443 1473 inter
1474 1386 1745 1444 Ecclesias
1780 1385 2079 1444 Romanam
2107 1391 2183 1459 ac]
2208 1390 2562 1462 Byzantio-am
2596 1389 2787 1453 fuisse,
2812 1402 3037 1459 apparet
3067 1389 3271 1457 passim
3307 1387 3359 1441 in
3384 1387 3471 1443 bis
3494 1387 3778 1473 epistolis.

505 1477 935 1547 nominatimque
958 1477 1014 1531 in
1050 1489 1233 1531 usv:
1269 1472 1626 1545 Exploratum
1662 1476 1758 1531 tibi
1794 1487 1894 1542 est,
1932 1487 2159 1547 tempore
2190 1478 2395 1531 domini
2428 1474 2617 1531 Leonis
2645 1493 2838 1547 papam
2864 1485 2914 1529 et
2948 1477 3037 1546 qui
3063 1477 3112 1530 ei
3138 1474 3501 1540 adlicerebant,
3540 1475 3610 1527 ad
3630 1491 3773 1529 con-

488 1566 739 1620 sordium
769 1565 1294 1635 conjunctionemque
1326 1580 1447 1618 cum
1481 1563 1719 1620 Ecclesia
1760 1574 1945 1619 nostra
1979 1566 2285 1629 devenisse;
2319 1578 2538 1633 cumque
2568 1563 2677 1617 alta
2717 1578 2824 1633 pax
2852 1572 3009 1628 esset,
3038 1571 3147 1619 etc.
3174 1561 3343 1633 igitur
3364 1560 3661 1618 dissidium
3694 1576 3770 1619 ac

504 1667 678 1724 prope
708 1653 970 1718 schisma,
990 1654 1138 1724 quod
1164 1653 1311 1709 haud
1345 1653 1516 1709 semei
1542 1653 1594 1707 in
1615 1654 1739 1707 aliis
1765 1654 2119 1724 epistularum
2150 1652 2287 1707 locis
2313 1662 2669 1718 memoratur,
2697 1652 2838 1707 inter
2860 1651 3009 1721 ipsos
3030 1650 3233 1723 sapius
3258 1651 3491 1705 vertitur
3512 1647 3766 1717 Cruces,

502 1755 736 1808 quorum
772 1756 901 1811 pars
930 1740 1146 1811 quartis
1174 1740 1405 1812 nuptiis,
1436 1756 1593 1811 teque
1624 1755 1689 1796 ac
1722 1739 1979 1807 Romani,
2013 1739 2251 1796 favebat.
2284 1742 2562 1813 interdum
2616 1750 2799 1796 tamen
2832 1756 2957 1795 cum
2995 1739 3256 1795 ltitnianis
3281 1755 3503 1811 quoque
3532 1750 3773 1796 conten-

503 1831 669 1892 ditur,
703 1831 1009 1900 praesertim
1039 1829 1095 1884 in
1129 1844 1280 1885 assit
1306 1828 1501 1899 grandi
1530 1827 1786 1900 epistola,
1812 1829 1907 1900 qui
1936 1827 2100 1886 Leoni
2126 1828 2261 1903 imp.
2286 1831 2551 1887 adversus
2579 1844 2740 1886 suum
2772 1830 3136 1901 patriarcbam
3166 1832 3464 1901 suppetias,
3492 1830 3774 1901 legatione

504 1918 692 1978 missa,
728 1917 961 1971 tulerant
988 1931 1005 1983 ;
1035 1916 1132 1973 sed
1155 1914 1225 1971 de
1258 1914 1344 1970 his
1381 1914 1545 1971 inira.

572 2002 638 2058 il.
670 2002 753 2059 0b
791 2004 932 2061 hanc
964 2004 1183 2060 brevem
1208 2002 1277 2060 de
1308 2000 1535 2061 Nicoiao
1554 2005 1945 2063 absolvendam
1970 2006 2243 2072 nclitiam,
2271 2022 2442 2063 unum
2474 2007 2609 2063 mihi
2630 2006 3039 2075 nominandum
3062 2016 3309 2078 superest
3344 2006 3768 2075 documentum,

502 2096 713 2147 ereteris
738 2089 1054 2163 biographis
1080 2091 1389 2163 ignoratum
1417 2101 1706 2164 propterea
1738 2095 1887 2165 quod
1922 2096 1977 2149 in
2020 2112 2127 2152 ms.
2160 2096 2347 2151 codice
2379 2098 2514 2152 latet
2550 2094 2671 2152 Vat.
2700 2094 2887 2152 Ottob.
2915 2092 3148 2151 CXLVII
3184 2111 3236 2166 p.
3270 2095 3393 2151 i32.
3430 2111 3588 2168 seqq.
3641 2098 3754 2152 hoc

503 2178 643 2233 itulo
676 2196 691 2233 :
736 2176 1084 2250 Ἐκφῶνηαις
1114 2178 1309 2234 Λέοντι
1334 2178 1414 2252 τῷ
1439 2180 1658 2235 εὐσεσεῖ
1682 2181 1899 2254 βασιλεῖ
1924 2182 2018 2235 ἐπὶ
2044 2187 2355 2257 χειροτονίᾳ
2381 2184 2654 2241 Νικολάου
2695 2184 2792 2238 τοῦ
2836 2185 3145 2252 ἁγιωτάτου
3185 2170 3529 2256 πατριάῇχου
3550 2199 3565 2214 ·
3602 2182 3758 2255 ᾤκο-

503 2270 741 2342 νὸμηται
768 2270 824 2324 δὲ
849 2269 926 2334 ὡς
957 2270 1503 2343 αὐτοσχεδιασθεὴα.
1553 2271 1745 2330 Oratio
1780 2275 1851 2330 ad
1890 2274 2067 2331 Leone:

2202 2273 2449 2346 ligiosum
2487 2276 2860 2342 imperatorem
2911 2274 2964 2327 in
3013 2273 3351 2327 ordinatione
3385 2270 3604 2328 Nicolai
3630 2289 3766 2329 san-

504 2360 726 2413 ctissimi
757 2359 1102 2430 patriarcha.
1124 2358 1296 2416 Habet
1330 2373 1507 2416 autem
1537 2363 1765 2433 formam
1798 2364 2044 2419 dictionis
2074 2362 2469 2433 extemporalis.
2500 2360 2646 2417 Sane
2674 2375 2775 2417 nee
2802 2360 3022 2433 elegans
3038 2370 3122 2415 est
3150 2362 3262 2414 haec
3287 2363 3487 2430 oratio,
3512 2376 3613 2418 nec
3636 2376 3771 2435 gra-

505 2450 675 2504 \ioris
708 2451 995 2514 momenti,
1026 2463 1205 2520 neque
1227 2447 1393 2521 digna
1423 2450 1559 2505 mihi
1596 2450 1711 2506 visa
1744 2460 1851 2517 est,
1890 2468 2014 2522 qua:
2066 2452 2221 2507 ﬂeret
2254 2466 2441 2507 comes
2469 2451 2797 2506 disertarum
2829 2459 2993 2518 atque
3024 2449 3354 2519 elegantium
3404 2447 3611 2508 Nicoiai
3640 2450 3766 2521 epi-

504 2538 791 2592 stularum.
818 2536 1218 2593 Coliaudautur
1240 2537 1296 2593 in
1327 2552 1392 2592 ea
1423 2534 1537 2594 Leo
1564 2538 1696 2608 imp.
1727 2549 1780 2595 et
1804 2538 2087 2595 Nicolaus.
2115 2540 2289 2593 Aliter
2312 2550 2491 2594 tamen
2513 2540 2826 2608 judicabant
2849 2539 2917 2592 de
2943 2539 3065 2591 litlci
3092 2537 3430 2606 professione
3454 2554 3485 2593 a
3513 2535 3767 2604 Nicolan,

505 2630 637 2679 dum
674 2627 1045 2691 ordinaretur,
1082 2624 1301 2697 publice
1338 2626 1590 2688 recitata,
1622 2632 1677 2680 et
1735 2628 1991 2696 pradicto
2031 2627 2272 2682 sermoni
2328 2629 2537 2682 adnexa
2562 2666 2578 2692 ,
2617 2625 2739 2697 quae
2773 2626 3042 2695 religiosae
3079 2627 3319 2680 historia:
3367 2628 3539 2681 multo
3571 2628 3765 2684 utilior

507 2727 613 2776 cst,
646 2726 760 2769 tum
802 2717 931 2785 quia
970 2713 1285 2786 Byzantina
1312 2712 1572 2770 Ecclesiae.
1598 2715 1812 2785 praxim
1867 2716 1920 2769 in
1951 2729 2179 2771 suorum
2226 2717 2531 2770 antisuitum
2587 2716 3008 2785 inauguratione
3054 2714 3426 2780 demonstrat,
3467 2724 3581 2771 tum
3631 2717 3763 2786 quia

506 2808 793 2878 pt'tspicua
828 2804 1229 2875 pracipuorum
1276 2802 1595 2873 dogmatum
1633 2802 1907 2872 expositio
1954 2815 2060 2859 est.
2112 2804 2307 2872 Utique
2339 2802 2725 2868 Lennciavius,
2750 2804 2796 2858 si
2846 2804 2896 2858 ei
2948 2813 3225 2872 comperta
3268 2802 3485 2869 luisset,
3534 2804 3674 2859 banc
3706 2805 3760 2859 in

507 2899 755 2950 Graecum
783 2895 875 2963 jus
906 2891 1300 2949 transtulisset.
1335 2890 1550 2946 Etenim
1578 2890 1667 2945 illa
1698 2906 1864 2961 quam
1896 2892 2059 2947 habet
2084 2907 2138 2962 p.
2164 2890 2234 2948 40
2265 2893 2479 2947 diversa
2508 2891 2736 2947 omnino
2763 2891 3091 2960 breviorque
3140 2901 3247 2946 est.
3278 2888 3539 2947 Vaticana
3565 2890 3765 2948 inscri-

509 2989 673 3049 bitur,
718 2980 997 3052 Σύμϐολον
1027 2979 1265 3044 πίστεως
1292 2977 1543 3033 ὶπιδοθὶν
1571 2978 1667 3033 iul
1694 2982 1761 3051 τῇ
1793 2980 1895 3051 τῆς
1939 2983 2073 3034 true

2199 2985 2245 3051 ᾗς
2273 2979 2540 3037 Νικολάου
2578 2980 2956 3052 προχειρήσει.
3005 2980 3134 3035 Post
3171 2979 3499 3050 prommium
3526 2979 3595 3033 ad
3626 2995 3763 3051 pra:-

506 3087 689 3131 scntcs
747 3074 1036 3144 episcopos
1067 3110 1083 3139 ,
1118 3069 1408 3143 proﬁtetur
1442 3068 1700 3125 Nicolaus
1733 3071 1892 3126 iidem
1919 3084 2075 3126 suam
2106 3073 2173 3126 de
2201 3068 2466 3126 Triuitate
2511 3070 2644 3126 satis
2671 3070 2946 3125 subtiliter
2990 3079 3043 3124 et
3087 3068 3392 3134 enucleate,
3433 3069 3581 3125 nulla
3617 3068 3760 3126 iacta

508 3164 785 3221 mentione
839 3163 909 3219 de
957 3160 1334 3217 controversia
1383 3174 1510 3215 cum
1556 3156 1769 3215 Latinis
1810 3160 1956 3215 circa
2012 3159 2249 3231 Spiritus
2306 3158 2481 3215 sancti
2525 3159 2950 3229 processionem.
2996 3156 3218 3212 Transit
3274 3172 3399 3212 mox
3437 3158 3506 3212 ad
3542 3155 3759 3213 Domini

509 3253 942 3310 incarnationem
972 3263 1137 3321 quam
1167 3264 1323 3318 aque
1360 3259 1553 3304 contra
1583 3247 1766 3304 varios
1793 3263 2010 3305 errores
2038 3248 2332 3320 diligenter
2387 3246 2630 3318 exponit.
2689 3245 2981 3302 Postremo
3025 3255 3229 3317 septem
3267 3246 3757 3303 tacuutenicarum.

509 3360 648 3414 quas
677 3350 948 3405 recenset,
980 3339 1315 3411 synodnrum
1348 3338 1763 3394 delinitionibus
1801 3337 2083 3395 adnuere
2110 3352 2169 3393 se
2198 3336 2506 3392 conlitetur.
2535 3335 2612 3390 De
2645 3345 2803 3391 sexta
2838 3334 3058 3406 quidem
3108 3335 3319 3407 synodo
3351 3335 3464 3389 haec
3490 3339 3567 3389 ait
3596 3334 3757 3389 εΤῶν

514 3434 574 3485 τὸ
604 3430 937 3484 ανοὺστατον
958 3428 1056 3481 καὶ
1087 3428 1202 3489 τοίς
1238 3425 1525 3479 εὐσεϐέων
1552 3423 1837 3495 ἀθὲλητον,
1864 3424 1923 3477 ἓν
1965 3424 2060 3477 esti.
2087 3424 2182 3479 τοῦ
2212 3424 2578 3495 Θεανθρώπου
2609 3422 2845 3494 οέλημα,
2887 3424 3113 3496 Σεργίου
3156 3426 3249 3477 καὶ
3280 3425 3498 3498 Πύρρου
3522 3423 3617 3479 καὶ
3642 3423 3757 3478 Κύ-

510 3539 629 3592 ρου,
658 3522 818 3583 ὅσους
843 3534 903 3572 τι
938 3516 1131 3580 ἄλλους
1158 3515 1219 3570 τὸ
1250 3515 1488 3584 πονηρὸν
1514 3513 1921 3585 συνεκρότησαν
1939 3514 2074 3585 ἔργα

2192 3530 2307 3585 ριον
2329 3512 2743 3582 allec-quatitur
2772 3514 3044 3569 Asseutior
3068 3512 3322 3569 Patribus
3340 3552 3356 3577 ,
3385 3516 3474 3583 qui
3530 3513 3751 3569 stultum

507 3620 556 3663 et
591 3606 1003 3662 orthodoxorunt
1030 3603 1294 3658 voluntati
1322 3618 1619 3672 repugnans
1649 3601 1956 3670 ﬁgmentum
1991 3602 2146 3655 unius
2177 3601 2228 3653 in
2259 3600 2365 3652 Deo
2401 3600 2691 3655 humanato
2722 3599 3008 3655 voluntatis
3038 3601 3397 3664 aboleverunt,
3426 3599 3631 3671 Sergii,
3667 3602 3755 3656 iu-

505 3711 668 3769 quum
703 3708 752 3750 et
782 3692 977 3765 Pyrrhi
1004 3708 1068 3746 ar
1099 3688 1253 3762 Cyri,
1287 3702 1334 3745 et
1372 3692 1605 3743 aliorum
1635 3691 1942 3760 quarumvis
1973 3705 2194 3759 pravum
2232 3705 2487 3743 errorem.
2523 3689 2941 3745 Animadvertat
2962 3690 3051 3745 hic
3084 3691 3335 3761 quisquis
3375 3706 3481 3744 non
3521 3691 3755 3760 partium

509 3786 605 3843 sed
650 3782 895 3841 veritatis
922 3781 1107 3839 studio
1134 3780 1380 3845 ducitur,
1408 3782 1549 3835 duos
1581 3777 1866 3833 Nicolaum
1917 3778 2238 3834 decessores
2278 3793 2408 3833 suos
2435 3777 2803 3848 patriarchas,
2832 3782 3054 3835 tertium
3100 3789 3280 3835 autem
3322 3778 3753 3835 Alexandrinum

504 3878 652 3931 inter
669 3878 954 3929 clatunatos
981 3869 1269 3927 haereticos
1294 3869 1601 3933 nominare,
1631 3865 1855 3921 llonorii
1882 3882 2010 3921 vero
2029 3866 2261 3921 Romani
2285 3866 2485 3921 nullam
2512 3867 2846 3923 mentionem
2872 3867 3072 3931 facere,
3099 3870 3163 3921 dc
3186 3885 3295 3937 quo
3319 3882 3497 3930 tamen
3526 3874 3753 3933 retice"

513 3971 851 4033 irettpoterat
864 3960 911 4015 si
934 3973 1123 4030 reapse
1142 3957 1196 4012 in
1209 3956 1348 4012 actis
1364 3954 1695 4011 authenticis
1708 3965 1873 4010 sextae
1892 3954 2085 4026 synodi
2106 3970 2302 4010 nomen
2322 3954 2441 4024 ejus
2462 3960 2722 4028 scriptum
2746 3954 2767 4008 τ
2770 3956 2960 4011 uisset.
2983 3953 3132 4013 lianc
3154 3956 3377 4013 llonorii
3397 3963 3750 4020 omissiouem

506 4071 544 4109 n
574 4050 803 4122 epistola
839 4061 1055 4118 quoque
1090 4044 1353 4118 synodica
1381 4042 1443 4099 S.
1474 4042 1785 4113 Sophrouii
1822 4042 1971 4113 (quae
1995 4043 2132 4097 lecta
2163 4041 2267 4097 luit
2295 4046 2348 4099 in
2383 4057 2539 4100 sexto
2565 4046 2823 4115 concilio)
2858 4060 3087 4117 prorsus
3113 4046 3253 4111 licri,
3286 4049 3399 4118 jam
3423 4065 3521 4121 ego
3543 4052 3654 4107 disi
3695 4054 3751 4109 in

511 4144 868 4203 adnotatione
898 4139 966 4193 ad
996 4136 1200 4194 Nicone
1231 4135 1574 4191 Thesaurum
1616 4130 1808 4203 Spicil.
1844 4131 1957 4200 t.V,
1993 4150 2047 4204 p.
2090 4133 2216 4189 465.
2248 4134 2384 4191 item
2424 4136 2481 4191 in
2516 4136 2701 4193 libello
2738 4136 3055 4194 Graecorum
3105 4143 3369 4209 synodico
3407 4140 3545 4199 haud
3589 4145 3753 4201 scribi

510 4251 634 4290 cum
672 4229 946 4301 praedictis
976 4224 1203 4282 llonorii
1232 4238 1455 4289 nomen,
1485 4224 1598 4277 disi
1628 4224 1680 4277 iu
1722 4224 1908 4278 aduot.
1941 4223 2006 4277 ad
2027 4223 2350 4279 Photianum
2382 4236 2668 4297 syntagma
2704 4240 2979 4281 canonum
3026 4228 3079 4282 in
3128 4228 3314 4297 Spicil.
3354 4239 3393 4283 t.
3426 4229 3540 4296 νη,
3597 4247 3651 4302 p.
3694 4233 3751 4291 5.

510 4327 665 4392 Quod
700 4323 744 4376 si
777 4320 834 4375 S.
865 4317 1173 4373 Germanus
1200 4313 1277 4367 De
1308 4312 1438 4367 liter.
1477 4320 1528 4366 et
1559 4326 1676 4382 syn.
1711 4311 1854 4381 apud
1890 4325 1991 4366 nos
2023 4320 2171 4366 tomo
2200 4313 2390 4369 eodem
2432 4324 2573 4385 part.
2612 4329 2652 4380 ι,
2685 4327 2740 4387 p.
2789 4314 2889 4382 59,
2932 4314 3230 4371 Honorium
3278 4335 3496 4392 quoque
3525 4323 3751 4378 collocat

508 4431 633 4469 cum
668 4410 944 4466 damnatis
970 4400 1358 4465 Monothelitis,
1386 4415 1567 4457 nonne
1598 4400 1681 4454 vel
1717 4401 1831 4470 ipse
1869 4399 2133 4471 deceptus
2170 4400 2293 4467 fuit,
2340 4403 2425 4459 vel
2464 4402 2711 4474 ejusdem
2748 4402 2983 4461 fortasse
3010 4407 3271 4477 scriptum
3319 4410 3698 4480 interpolatum
3728 4413 3751 4466 τ

510 4505 576 4558 Et
603 4502 819 4570 quidem
847 4493 1107 4551 Germani
1136 4490 1353 4548 libellus
1368 4490 1566 4562 privati
1597 4489 1785 4559 scripti
1819 4488 1925 4543 vim
1954 4488 2149 4553 habet;
2171 4501 2227 4546 at
2249 4489 2545 4561 Sophronii
2565 4494 2818 4562 epistola.
2844 4504 2897 4548 et
2920 4491 3128 4549 Nicolai
3159 4496 3453 4565 professio,
3478 4499 3747 4568 publicam

507 4591 768 4648 Ecclesiae
795 4584 1175 4641 auctoritatem
1210 4596 1322 4653 pra:
1351 4595 1410 4636 se
1447 4578 1649 4634 ierunt.
1703 4576 1827 4634 llaec
1862 4579 2059 4649 scripsi
2085 4579 2230 4635 haud
2259 4579 2501 4636 fremens
2530 4597 2707 4652 neque
2755 4581 3098 4638 tlebaccbans
3150 4598 3249 4654 pro
3304 4583 3561 4641 Romana:
3607 4590 3748 4642 sedis

510 4695 736 4742 honore,
760 4680 900 4732 utde
921 4670 1213 4743 pontiﬁciis
1231 4670 1591 4739 scriptoribus
1607 4669 1685 4723 ait
1700 4668 1929 4725 Cavaeus
1959 4668 2025 4724 ad
2046 4685 2096 4723 vr
2126 4670 2446 4733 concilium.
2469 4678 2563 4727 sed
2585 4670 2825 4742 paciﬁca
2848 4672 3092 4727 veritatis
3116 4682 3174 4727 ut
3190 4686 3350 4744 Spero
3371 4675 3575 4730 viribus
3591 4679 3748 4734 uisus

502 4783 562 4829 et
600 4769 782 4825 intimi
812 4778 1009 4820 sensus
1048 4758 1363 4819 testimonio
1391 4757 1769 4816 conﬁrmatus.
1803 4756 1910 4813 Sed
1944 4757 2058 4828 jam
2090 4762 2157 4814 ad
2187 4758 2397 4817 Nicoiai
2424 4761 2688 4830 epistolas
2714 4759 3083 4817 accedendum
3118 4771 3223 4819 est.

580 4860 667 4914 ill.
712 4856 820 4909 llus
844 4854 1151 4908 invenimus
1180 4859 1400 4905 centum
1424 4854 1477 4902 et
1496 4848 1779 4917 sexaginta
1798 4857 1908 4902 tres
1931 4848 1987 4901 in
2017 4849 2201 4904 codice
2221 4844 2506 4914 Vaticano,
2536 4863 2766 4920 quarum
2786 4852 2871 4917 (ut
2892 4850 3007 4905 suis
3037 4850 3175 4905 locis
3211 4852 3556 4924 autumamus)
3592 4873 3747 4913 unam

507 4950 694 5005 Graece
717 4957 773 5003 et
790 4944 978 4997 Latine
1006 4955 1116 4995 non
1146 4940 1362 5009 plenam
1393 4934 1663 4990 Baronius
1694 4934 1940 4990 ediderat
1974 4935 2041 4989 ad
2070 4949 2161 4990 an.
2197 4932 2325 4999 9l'l,
2350 4935 2492 5003 apud
2522 4948 2622 4988 nos
2658 4948 2743 5003 ep.
2790 4933 2900 5000 28;
2942 4936 3077 4989 alias
3109 4952 3237 4991 vero
3266 4949 3504 5008 quatuor
3545 4952 3745 4995 tantum

511 5039 722 5095 Larine.
750 5032 1052 5100 etquidem
1083 5027 1304 5080 mutilas
1334 5039 1434 5079 nec
1465 5025 1599 5079 satis
1639 5025 1777 5079 bene
1803 5025 1853 5077 in
1890 5022 2136 5078 Latinam
2171 5022 2408 5090 linguam
2462 5037 2757 5077 conversas
2805 5028 2947 5091 tque
2987 5032 3118 5078 sunt
3158 5026 3300 5093 apud
3345 5041 3444 5081 nos
3484 5022 3608 5097 epp.
3647 5030 3745 5092 ill,

511 5132 633 5189 illi,
664 5126 784 5182 159,
829 5120 967 5185 iis.)
998 5114 1133 5169 Nam
1165 5113 1529 5168 Baronianum
1560 5112 1923 5185 fragmentum
1951 5113 2018 5165 ad
2043 5112 2241 5167 ducem
2272 5110 2664 5181 Longobardia:
2696 5112 2923 5166 dissidet
2953 5113 3161 5183 planea
3185 5126 3370 5171 nostra
3394 5118 3623 5187 epistola
3647 5121 3746 5185 81;

510 5231 679 5289 quare
709 5213 925 5265 aliunde
966 5216 1241 5275 sumptum
1273 5204 1504 5257 videtur.
1530 5202 1771 5270 Denique
1802 5202 1945 5271 apud
1972 5200 2222 5254 eumdem
2243 5200 2539 5254 llaronium
2561 5202 2626 5253 ad
2651 5218 2739 5253 an.
2760 5201 2863 5255 illa!
2880 5210 2934 5253 et
2955 5203 3081 5264 916.
3104 5203 3747 5271 indequeincollecttone

511 5307 799 5361 Labbeana
839 5297 1211 5350 Conciliorum
1235 5300 1274 5347 i.
1308 5292 1401 5355 lx,
1431 5308 1485 5361 p.
1524 5292 1674 5345 limi.
1704 5306 1846 5359 seq.,
1877 5292 1996 5343 dua:
2027 5292 2127 5342 illm
2154 5289 2428 5356 leguntur,
2462 5291 2586 5343 item
2623 5289 2809 5343 Latine
2844 5300 3077 5353 tantum,
3106 5294 3170 5343 ad
3202 5309 3416 5361 papam,
3464 5310 3585 5363 quae
3625 5309 3747 5349 sunt

511 5395 652 5463 apud
686 5408 783 5443 nos
805 5388 989 5441 Greece
1023 5401 1147 5454 cpp.
1172 5380 1244 5437 ’52
1271 5391 1325 5435 et
1370 5380 1457 5434 55.
1486 5377 1734 5433 Manebat
1765 5379 1945 5448 itaque
1969 5379 2168 5431 inedita
2194 5381 2306 5431 lucc
2330 5375 2540 5430 Nicolai
2562 5378 2918 5445 epistularum
2945 5381 3225 5444 colleCtio;
3248 5382 3515 5448 siquidem
3544 5392 3743 5450 septem

513 5493 723 5544 autum,
761 5486 813 5530 et
840 5476 1060 5545 quidem
1104 5472 1331 5532 mutilaz,
1365 5483 1473 5522 una
1510 5468 1759 5521 videlicet
1800 5464 2007 5529 Graece,
2047 5481 2139 5520 sex
2186 5464 2412 5527 Latine,
2446 5466 2621 5520 lucem
2670 5481 3013 5537 aspexerant.
3064 5467 3159 5521 llis
3192 5470 3376 5533 dictis,
3411 5471 3659 5539 sequitur
3692 5483 3750 5527 ut

513 5574 771 5625 editionis
810 5576 1012 5621 nostra:
1043 5562 1308 5616 rationem
1341 5573 1699 5627 exponamus.
1741 5554 1997 5609 Decursis
2030 5556 2113 5608 his
2143 5557 2304 5608 celeri
2335 5556 2571 5609 lectione
2608 5555 2880 5624 epistolis,
2909 5558 3083 5607 visum
3124 5565 3205 5610 est
3238 5558 3393 5610 valde
3422 5558 3609 5612 utilem
3635 5556 3747 5615 fore

512 5662 777 5719 laborem,
809 5656 853 5709 si
886 5656 950 5706 de
982 5654 1287 5721 pluteorum
1318 5645 1551 5714 denique
1580 5644 1836 5697 claustris
1870 5643 2342 5711 protraherentur,
2374 5646 2671 5712 praesertim
2707 5644 2888 5696 additu
2913 5644 3364 5711 interpretatione
3393 5645 3605 5709 Latina,
3642 5661 3743 5702 non

510 5753 626 5804 sint:
653 5744 871 5801 scholiis
889 5742 1079 5797 saltem
1100 5736 1399 5791 historicis.
1419 5731 1801 5787 Verumtamen
1822 5730 2114 5802 Spicilegio
2136 5747 2254 5786 meo
2272 5733 2383 5800 jam
2406 5733 2729 5800 νιωιιηὶιιιηι
2756 5736 3048 5785 terminum
3070 5734 3390 5802 attingcnte,
3417 5750 3609 5806 meque
3631 5740 3747 5807 ipso

512 5838 660 5890 curis
686 5834 871 5887 multis
899 5829 1161 5891 distento,
1199 5824 1251 5877 id
1279 5824 1472 5878 saltent
1506 5837 1612 5876 non
1644 5821 1742 5875 luit
1777 5821 2180 5891 negligendum,
2218 5832 2272 5873 ut
2302 5822 2689 5874 minutioribus
2713 5823 2919 5874 Grmcis
2947 5823 3089 5891 typis
3116 5832 3329 5876 cunctze
3364 5827 3612 5891 epistola:
3647 5827 3742 5880 im-

516 5932 919 5991 primerentur;
954 5920 1195 5990 ipsarum
1228 5928 1356 5970 vero
1393 5914 1581 5967 notitia
1618 5913 1883 5982 prooemio
1920 5911 2124 5981 aliquo,
2158 5921 2213 5964 nt
2252 5927 2395 5967 nunc
2419 5910 2673 5976 iacimus,
2709 5910 3003 5967 ictum-ibus
3045 5912 3416 5969 exhiberetur.
3448 5911 3561 5969 Etsi
3586 5914 3740 5978 igitur
