3920 6124
177 184 235 247 Π
1590 196 1808 259 PR/F-F
1823 199 2017 262 -\TIO.
3373 193 3442 262 18

172 310 329 375 prout
358 314 431 356 ea:
465 299 651 371 jaccnt
680 305 735 360 in
782 306 994 372 codice.
1034 305 1107 363 ita
1145 307 1199 364 in
1252 317 1441 365 nostro
1474 307 1754 365 volumine
1785 309 1905 364 sine
1952 311 2060 365 ulla
2095 312 2306 367 ordinis
2346 312 2692 367 restitutione
2748 325 3035 382 apparent,
3085 325 3200 366 rem
3258 319 3443 366 tamen

170 400 368 448 attente
393 388 787 458 consideranti.
820 403 1031 465 septem
1062 394 1176 452 fere
1203 396 1409 453 classes
1437 396 1795 467 epistularum
1834 398 2029 453 harum
2066 399 2341 454 videntur.
2386 401 2437 453 1.
2470 401 2547 452 Ad
2590 400 2866 467 principes
2900 400 3231 454 Saracenos.
3264 398 3327 464 εὶ.
3358 399 3441 453 Ad

177 479 435 551 Bulgaria
464 480 769 552 principem
804 491 859 537 et
889 483 1386 558 archiepiscopum.
1416 485 1470 541 3.
1496 485 1577 540 Ad
1611 484 1775 539 Rom.
1810 486 2123 555 pontiﬁcem
2153 498 2208 542 et
2238 487 2360 557 ejus
2388 487 2647 542 Ecclesiae
2681 488 2950 542 homines.
2978 488 3030 542 ὁ.
3095 486 3175 542 Ad
3208 487 3446 556 impera-

170 572 345 626 torem
372 568 756 642 Byzantinum,
785 580 842 628 et
875 573 942 627 ad
987 572 1265 644 principes
1302 573 1602 639 Armeniae.
1660 572 1936 646 Abasgim.
1985 572 2382 647 Longobardia:
2411 585 2465 631 et
2499 574 2855 645 Amalpheos.
2909 575 2963 630 5.
3000 575 3079 629 Ad
3129 574 3440 646 episcopos.

172 660 221 716 σ.
280 657 363 715 Ad
418 657 778 731 magistratus
836 661 1050 720 civiles.
1087 661 1139 719 7.
1195 662 1278 719 Ad
1328 678 1490 720 sacra
1553 663 1733 720 cilicia
1797 662 1883 720 vel
1942 665 2280 732 monachos.
2338 675 2395 720 et
2423 662 2492 722 ad
2556 663 2806 735 privatos
2860 663 3117 720 homines
3170 664 3255 719 vel
3302 677 3445 720 auo-

174 762 381 820 nymm.

1568 868 1773 926 Classis
1801 871 2004 941 prima.

239 967 329 1023 IV.
366 969 491 1026 Duas
518 982 651 1027 sunt
684 973 753 1027 ad
784 973 1104 1031 Cretensem
1144 977 1402 1045 amiram,
1433 979 1551 1034 sive
1601 979 1928 1052 principem,
1957 979 2226 1050 cpistola.
2258 978 2483 1035 Cretam
2517 978 2755 1035 insulam
2799 977 2915 1049 jam
2946 975 3075 1032 inde
3103 990 3134 1031 a
3163 974 3446 1033 Michaelis

174 1058 322 1113 Balbi
349 1062 688 1130 temporibus
731 1079 907 1134 usque
965 1064 1031 1119 ad
1090 1063 1299 1121 Nicolai
1337 1066 1665 1138 patriarcha:
1709 1077 1767 1125 et
1808 1067 2158 1125 Constantini
2212 1066 2669 1137 Porphyrogeniti
2716 1075 2955 1129 aetatem,
2999 1066 3114 1119 imo
3171 1080 3346 1135 usque
3373 1065 3441 1120 ad

170 1146 524 1216 Nicephorum
560 1146 802 1204 Phocam
849 1151 954 1206 sub
1002 1152 1297 1210 Saracenis
1347 1155 1542 1209 amiris
1590 1153 1780 1223 fuisse,
1832 1164 2109 1212 testantur
2163 1154 2371 1226 passim
2429 1154 2679 1211 historici
2735 1152 3047 1224 Byzantini.
3085 1153 3442 1208 nominatim.

170 1250 271 1303 que
297 1235 687 1293 Constantinus
719 1237 793 1293 De
816 1240 1018 1295 admiu.
1054 1242 1347 1313 imp..cap.
1377 1242 1481 1310 22;
1508 1252 1565 1300 et
1587 1246 1884 1314 scriptores
1908 1253 2033 1314 post
2050 1242 2443 1312 Theophanem
2472 1242 2560 1297 ed.
2588 1240 2769 1297 Paris.
2792 1256 2847 1312 p.
2875 1241 3004 1296 185.
3029 1238 3271 1312 Cyprum
3296 1256 3440 1311 quo-

170 1340 272 1391 que
328 1324 559 1380 insulam
613 1327 902 1396 antiquius
950 1329 1166 1395 adhuc.
1231 1331 1281 1385 id
1330 1341 1415 1387 est
1453 1333 1718 1388 trecentis
1756 1331 1872 1388 fere
1917 1342 2047 1387 ante
2067 1347 2127 1386 se
2182 1332 2364 1396 annis.
2426 1330 2843 1400 stipendiariam
2896 1330 3099 1385 factam
3148 1328 3446 1385 Saracenis

171 1414 243 1466 ait
271 1411 525 1470 Nieolaus
573 1415 793 1483 p.163.
832 1415 1049 1488 Reapse
1086 1419 1190 1474 sub
1239 1416 1494 1477 Heraclio
1543 1430 1869 1490 occupatam
1902 1435 1934 1475 a
1991 1420 2324 1485 Saracenis.
2378 1420 2578 1475 deinde
2617 1436 2649 1475 a
2681 1418 2887 1475 Basilio
2944 1420 3083 1490 imp.
3139 1428 3441 1489 receptam.

172 1516 398 1573 tuosque
421 1502 622 1558 iterum
657 1506 761 1560 sub
784 1507 1054 1561 tributum
1112 1507 1516 1564 Saracenorum
1574 1509 1878 1575 redactam,
1910 1521 2097 1567 narrat
2143 1509 2543 1567 Constantinus
2583 1509 2639 1564 in
2678 1508 3063 1565 Thematlbus.
3104 1506 3199 1566 Sic
3255 1519 3440 1566 tamen

173 1603 282 1647 tum
314 1593 587 1648 subditam
623 1594 921 1652 Saracenis
948 1594 1310 1654 Cretensibus
1340 1599 1419 1654 ait
1446 1598 1686 1670 Cyprum
1721 1597 1981 1656 Nicolaus
2021 1614 2078 1670 p.
2119 1597 2245 1664 Hi6,
2278 1607 2338 1653 ut
2363 1612 2520 1667 atque
2549 1597 2949 1669 propemodum
2971 1595 3165 1653 (ἑτερο
3203 1595 3442 1668 imperio
3480 1584 3484 1588 “

170 1690 308 1735 esset
333 1682 593 1738 obnoxia.
626 1682 868 1739 Causam
905 1699 1038 1740 vero
1064 1685 1286 1758 Cypria
1344 1688 1588 1744 recentis
1620 1687 1953 1745 calamitatis
1978 1687 2115 1744 dicit
2160 1686 2490 1743 Damianum
2526 1695 2861 1758 apostatam.
2898 1686 2996 1756 qui
3027 1702 3216 1743 revera
3260 1686 3442 1743 factus

178 1767 295 1839 Tyri
328 1770 526 1832 amira.
560 1785 631 1828 eo
671 1780 924 1842 tempore
948 1772 1107 1838 ohiit.
1142 1784 1203 1829 ut
1238 1786 1429 1831 narrat
1455 1790 1583 1831 cum
1615 1774 1848 1833 Nicolao
1877 1778 2043 1832 etiam
2083 1776 2368 1834 Cedrenus
2397 1775 2489 1833 ed.
2539 1775 2718 1832 Paris.
2762 1786 2803 1833 t.
2847 1776 2915 1842 ll,
2946 1791 3002 1846 p.
3034 1775 3164 1833 6|2.
3186 1776 3308 1831 Jam
3344 1774 3441 1832 lli-

172 1858 317 1913 nterii
345 1856 583 1929 praefecti
620 1859 907 1926 maritimi,
931 1860 1093 1931 cuius
1123 1861 1254 1918 item
1284 1864 1539 1920 meminit
1570 1861 1853 1934 Nicolaus,
1889 1865 2173 1923 victoriam
2202 1865 2451 1922 navalem
2481 1865 2549 1920 de
2575 1865 2871 1921 Saracenis
2897 1871 3170 1921 memorat
3193 1864 3443 1923 Zonaras

176 1946 262 2004 lib.
320 1964 427 2015 an.
460 1949 552 2006 u.
583 1947 959 2020 Epistolarum
1001 1949 1217 2008 Nicolai
1258 1967 1461 2023 scopus
1488 1962 1590 2015 est.
1624 1963 1686 2010 ut
1723 1952 2045 2011 Cretensem
2090 1963 2285 2011 exoret
2324 1954 2559 2009 amiram
2607 1969 2677 2010 ne
2718 1953 2773 2009 in
2819 1952 3053 2027 Cyprios
3085 1952 3442 2010 inmuerentes

177 2038 381 2103 saeviat;
424 2047 590 2110 atque
622 2047 684 2093 ut
719 2039 1068 2107 captivorum
1121 2039 1456 2108 libertatem.
1496 2042 1544 2099 si
1571 2042 1692 2098 ﬂeri
1716 2042 1915 2114 possit,
1969 2043 2227 2113 impetret
2251 2058 2269 2113 ;
2292 2057 2435 2114 quos
2464 2042 2610 2097 inter
2631 2041 2711 2097 illi
2747 2041 3043 2111 przecipue.
3077 2050 3137 2094 ut
3174 2054 3319 2104 reor.
3352 2041 3442 2095 in-

174 2124 500 2194 telliguntur.
537 2126 634 2196 qui
664 2127 739 2181 ob
781 2126 1122 2182 horrendum
1153 2125 1567 2186 Thessalonicae
1604 2131 1880 2188 excidium
1922 2130 1979 2186 in
2012 2138 2338 2202 potestatem
2382 2129 2789 2185 Saracenorum
2821 2143 2918 2200 per
2955 2128 3007 2183 id
3034 2137 3249 2197 tempus
3281 2143 3444 2182 vene-

176 2223 305 2275 rant.
358 2213 433 2268 uti
477 2214 677 2283 legitur
712 2214 854 2285 apud
886 2228 1100 2272 coavos
1127 2214 1431 2275 historicos
1471 2217 1737 2275 Joannem
1765 2217 2078 2283 Lectorem,
2100 2215 2372 2274 Joannem
2399 2215 2801 2279 Cameniatam,
2827 2224 2883 2273 et
2908 2216 3244 2271 Demetrium
3264 2215 3444 2285 Cydn-

173 2303 331 2359 niutu.
368 2303 711 2359 Calamitatis
759 2303 887 2374 ejus
940 2305 1107 2361 etiam
1169 2307 1225 2361 in
1288 2322 1374 2378 ep.
1434 2308 1504 2364 75
1565 2309 1818 2365 meminit
1870 2306 2149 2365 Nicotaus.
2218 2304 2405 2364 Tertia
2456 2304 2668 2363 Nicolai
2714 2305 2951 2376 epistola
3021 2305 3219 2359 classis
3275 2303 3442 2373 hujus

172 2394 323 2462 (apud
369 2407 469 2447 nos
502 2407 596 2464 cp.
628 2392 755 2463 102)
792 2408 1056 2463 supremo
1086 2393 1491 2452 Saracenorum
1523 2395 1692 2453 calil‘o
1720 2396 2009 2461 scribitur,
2036 2394 2131 2466 qui
2173 2394 2313 2450 {also
2348 2408 2575 2449 rumore
2618 2394 2831 2459 audito,
2854 2392 3001 2463 quod
3028 2392 3438 2449 Saracenorum

172 2481 461 2535 oratorium
506 2481 991 2553 Constantinopoli
1045 2482 1241 2540 fuisset
1287 2486 1559 2552 dirutum.
1618 2486 1984 2557 nonnullique
2025 2500 2058 2540 e
2120 2484 2243 2539 suis
2291 2483 2359 2538 ad
2410 2480 2785 2538 lslamismum
2835 2480 3201 2537 deserendum
3234 2479 3438 2548 coacti.

176 2568 373 2638 injuria:
402 2570 739 2625 ulciscendae
763 2571 1020 2640 cupidus.
1041 2570 1360 2628 Christiana
1385 2573 1586 2646 templa
1612 2574 1666 2628 in
1691 2573 2025 2631 Saracenico
2049 2571 2287 2643 imperio
2312 2570 2612 2641 propositis
2632 2568 2848 2634 edictis,
2874 2570 3151 2639 prosterni
3169 2567 3435 2640 Iusserat;

176 2656 290 2708 dum
325 2654 625 2710 crudeliter
658 2655 879 2711 interim
921 2656 1268 2716 Christianos
1297 2661 1548 2731 captivos
1585 2659 1850 2718 Saraceni
1891 2667 2215 2727 tractarent,
2252 2660 2327 2714 ita
2359 2668 2416 2712 ut
2461 2667 2516 2712 et
2555 2666 2734 2714 morte
2764 2656 3076 2721 damnatos.
3116 2672 3223 2712 non
3258 2657 3439 2726 capite

175 2744 474 2812 plecterent,
505 2745 600 2800 sed
636 2760 791 2801 more
815 2746 1092 2817 pecudum
1115 2746 1434 2819 jugularent
1458 2747 1515 2821 (ο
1538 2751 1819 2820 tempora!
1844 2763 2078 2805 umores
2099 2748 2140 2818 Ξ)
2169 2746 2254 2801 vel
2277 2746 2424 2819 ligno
2440 2758 2746 2815 suspensos
2770 2743 3011 2815 lapidum
3038 2744 3435 2815 sagittarumve

172 2833 303 2901 iactu
323 2847 417 2903 per
439 2832 742 2889 ludibrium
762 2836 1114 2905 perimerent.
1144 2834 1318 2909 Negat
1345 2837 1513 2910 igitur
1526 2835 1786 2896 Nieolaus
1812 2845 1870 2894 et
1887 2836 2176 2893 delubrum
2206 2834 2372 2889 ullum
2392 2832 2820 2888 Mahunieticum
2850 2832 2995 2903 apud
3013 2831 3235 2887 Graecos
3258 2833 3435 2890 fuisse

176 2919 412 2985 deletum,
462 2930 521 2976 et
559 2920 731 2977 ullum
773 2921 1052 2980 hominem
1082 2925 1134 2979 vi
1169 2924 1372 2981 factum
1405 2925 1784 2984 Christianum
1819 2941 1835 2981 :
1866 2926 2259 2996 imperatorum
2290 2920 2529 2993 denique
2564 2920 3009 2977 Christianorum
3040 2919 3388 2976 clementiam
3417 2961 3434 2986 ,

174 3018 221 3065 et
246 3019 561 3082 perpetuam
594 3026 724 3082 erga
760 3010 1073 3070 Saracenos
1113 3013 1365 3085 captivos
1403 3015 1886 3073 mansuetudinem
1916 3012 2200 3087 pradicant.
2238 3009 2338 3068 llis
2364 3020 2420 3067 et
2460 3009 2585 3066 aliis
2610 3009 2733 3082 ejus
2771 3010 2989 3081 generis
3014 3009 3179 3067 dictis
3222 3010 3438 3068 mollire

173 3096 299 3155 calili
335 3099 581 3154 animum
613 3099 827 3157 nititur.

1536 3218 1744 3275 Classis
1779 3219 2035 3275 secunda.

237 3319 295 3377 ν.
312 3322 633 3395 Sequuntur
665 3326 891 3399 prolixa:
915 3325 987 3383 ad
1014 3327 1325 3385 Simeonem
1340 3329 1642 3402 principem
1668 3331 2025 3401 Bulgarorum
2054 3328 2299 3401 epistolae
2321 3328 2512 3397 viginti
2546 3342 2668 3392 sex.
2688 3339 2811 3396 qua:
2831 3332 2916 3381 est
2947 3337 3075 3394 pars
3097 3320 3437 3378 collectionis

174 3409 323 3480 hujus
354 3413 616 3480 nobilior,
654 3414 709 3469 in
739 3432 850 3485 qua
885 3432 1081 3473 omnes
1112 3415 1371 3475 Nieolaus
1398 3416 1729 3474 Graecanica
1742 3418 2097 3489 eloquentiae,
2117 3433 2266 3473 cura:
2295 3416 2615 3488 pastoralis,
2638 3413 3030 3472 ecclesiasticae
3056 3410 3434 3475 auctoritatis.

176 3496 261 3552 seti
280 3500 489 3565 eximii.
518 3512 575 3557 et
602 3501 897 3558 charitatis
921 3503 1249 3559 Christiana:
1271 3504 1419 3561 vires
1457 3504 1709 3562 etl‘undit.
1735 3503 1963 3561 Simeon
1994 3504 2359 3576 Bulgarorum
2385 3505 2665 3574 princeps.
2699 3499 2954 3555 Michaeli
2980 3499 3124 3572 patri
3144 3497 3434 3561 successit.

173 3587 397 3654 quiante
423 3590 760 3659 baptismum
798 3589 981 3648 fuerat
1010 3590 1263 3664 Bogaris.
1294 3604 1350 3649 et
1378 3593 1446 3649 ad
1478 3610 1644 3666 quem
1683 3592 1915 3651 Photius
1948 3593 2271 3665 praeclaram
2313 3591 2461 3646 illam
2500 3589 2728 3661 scripsit
2763 3586 3098 3658 epistolam.
3136 3585 3225 3640 vel
3253 3586 3436 3655 potius

176 3677 355 3746 regiam
385 3686 441 3732 et
492 3677 874 3735 Christianam
908 3680 1310 3737 institutionem
1338 3720 1356 3747 .
1396 3698 1518 3753 quae
1564 3682 1619 3738 in
1674 3683 1832 3740 libris
1877 3689 2079 3737 exstat.
2132 3681 2415 3736 Simeonis
2462 3688 2672 3750 patrem
2708 3675 2852 3733 falso
2898 3675 3038 3730 dicit
3072 3672 3436 3730 Vladimirum

178 3762 395 3836 Cangius
434 3768 493 3822 in
541 3766 744 3825 Fannii.
785 3768 963 3825 Scias.
1019 3769 1176 3825 Ture.
1221 3771 1312 3827 ed.
1363 3769 1542 3829 Paris.
1592 3786 1647 3843 p.
1707 3771 1835 3835 3H,
1893 3771 1983 3826 cui
2021 3769 2255 3825 Maurini
2303 3770 2425 3838 (Art
2463 3768 2532 3824 de
2570 3764 2729 3837 aerii.
2768 3766 2842 3823 les
2885 3764 3060 3833 dates)
3104 3764 3423 3821 dubitanter

179 3862 565 3919 assentiuntur.
605 3862 764 3921 Nunc
802 3877 985 3921 autem
1046 3865 1326 3922 Simeonis
1380 3875 1591 3937 patrem
1640 3864 1815 3922 fuisse
1864 3863 2146 3935 Bogarim,
2197 3865 2248 3919 id
2279 3872 2366 3919 est
2420 3862 2744 3919 Michaelem
2789 3859 3329 3933 primum..epistola
3364 3857 3437 3913 25

177 3946 361 4006 Nicolai
386 3951 644 4009 dubitare
681 3968 789 4009 non
820 3954 978 4019 sinit.
1035 3955 1090 4009 in
1142 3971 1252 4026 qua
1296 3955 1523 4010 Simeon
1570 3955 1773 4011 dicitur
1825 3953 2509 4028 secunduquulgarorum
2544 3952 2896 4009 Christianus
2947 3950 3227 4021 princeps.
3267 3948 3438 4017 litqne

180 4038 386 4108 insignis
410 4041 803 4112 prosopopoeia
826 4043 1071 4112 parentis
1093 4044 1216 4113 ejus
1244 4044 1337 4113 qui
1368 4043 1705 4099 Christianae
1736 4044 2017 4114 religionis
2047 4043 2307 4100 fundator
2335 4043 2481 4113 apud
2519 4042 2781 4109 Bulgaros
2812 4040 3040 4096 dicitur.
3066 4038 3241 4093 Porro
3264 4038 3435 4093 netis-

180 4128 355 4183 simum
384 4138 472 4184 est
504 4129 759 4200 Bogarim
793 4147 891 4187 seu
925 4130 1268 4196 Michaelem.
1307 4134 1544 4203 primum
1578 4134 1725 4204 apud
1772 4134 1897 4189 illos
1930 4132 2236 4202 principem
2276 4132 2555 4203 baptismo
2588 4130 2761 4187 fuisse
2801 4128 3119 4185 lustratum.
3149 4125 3255 4192 Qui
3299 4140 3436 4196 ergo

179 4219 299 4286 apud
327 4217 597 4290 Cangium
630 4232 685 4275 et
710 4219 991 4277 hlanrinos
1021 4223 1445 4292 interponuntur
1475 4224 1620 4278 inter
1648 4223 1901 4293 Bogarim
1928 4230 1983 4276 et
2011 4218 2325 4275 Simeonem
2363 4218 2670 4290 principes;
2718 4217 2972 4273 videlicet
3012 4214 3343 4271 Prmsiamus
3378 4225 3434 4271 et

181 4304 383 4363 llicbael
418 4308 672 4377 Vorizes.
706 4325 903 4366 eorum
944 4311 1093 4366 nulla
1132 4313 1342 4368 mentio
1394 4312 1453 4366 tit
1483 4314 1568 4367 vel
1601 4311 1744 4368 ratio
1774 4327 1806 4366 a
1839 4308 2071 4365 Nicolao
2102 4309 2375 4364 habetur:
2406 4309 2566 4378 cujus
2594 4306 2672 4362 rei
2698 4320 2947 4369 causam.
2984 4319 3109 4373 quae
3149 4303 3432 4374 multiplex

179 4409 282 4451 esse
318 4408 512 4465 potest,
546 4416 694 4455 nunc
722 4401 1003 4471 inquirere
1039 4402 1190 4465 nolo,
1244 4415 1314 4456 ne
1340 4415 1371 4454 a
1403 4416 1527 4456 meo
1557 4401 1842 4472 proposito
1872 4395 2090 4466 longius
2116 4396 2393 4451 aberrent.
2435 4393 2640 4450 Primis
2675 4393 2843 4463 igitur
2886 4392 3234 4447 Constantini
3278 4393 3431 4461 pueri

184 4499 286 4537 eum
319 4483 568 4540 Romano
615 4485 902 4557 Lecapeno
949 4489 1274 4560 imperantis
1324 4489 1512 4553 annis,
1562 4504 1687 4544 cum
1735 4485 1999 4542 Nicolaus
2040 4483 2354 4554 principuus
2405 4484 2540 4554 regii
2575 4483 2726 4553 pueri
2760 4488 2908 4536 tutor
2945 4481 3209 4551 palatium
3254 4488 3309 4534 et
3343 4494 3433 4535 res

184 4575 403 4643 publicas
444 4592 699 4647 magnam
749 4587 956 4645 partem
987 4577 1426 4639 administraret.
1475 4579 1779 4633 secundum
1822 4576 1935 4646 jam
1980 4576 2183 4633 bellum
2233 4574 2457 4629 Simeon
2510 4572 2780 4643 Bulgarus
2816 4570 3081 4625 adversus
3138 4568 3430 4638 imperium

185 4666 395 4731 gerebat.
430 4676 626 4721 contra
658 4667 838 4722 fmdus
870 4668 1161 4737 pacitieum
1181 4668 1293 4737 jam
1322 4669 1453 4723 olim
1471 4683 1596 4723 cum
1616 4667 1800 4721 Leone
1818 4666 2041 4731 initum.
2073 4663 2307 4735 rapinis,
2326 4661 2592 4723 caedibus.
2622 4658 2951 4727 sacrilegiis.
2981 4656 3219 4709 vastitati
3249 4656 3430 4708 indut-

192 4767 320 4820 gens.
349 4768 469 4824 qua
505 4755 646 4809 mala
681 4755 787 4809 late
816 4755 1079 4811 describit
1127 4757 1389 4828 lugetque
1434 4770 1789 4827 summopere
1816 4755 2151 4824 patriarcha.
2181 4763 2467 4822 propterea
2494 4748 2638 4820 quod
2667 4746 2886 4816 Bulgari
2916 4761 2945 4797 a
2976 4743 3180 4799 Graecis
3214 4759 3322 4798 non
3355 4745 3428 4798 ita

188 4842 368 4909 pridem
400 4843 681 4914 baptismo
737 4854 995 4914 suscepto
1034 4844 1210 4915 (epist.
1240 4846 1335 4909 25.
1380 4846 1473 4911 26.
1504 4846 1620 4915 28).
1656 4845 1993 4915 parricidiali
2043 4844 2206 4899 veluti
2241 4843 2382 4897 bello
2434 4848 2688 4911 parentes
2720 4852 2853 4891 suos
2897 4835 3135 4903 tideique
3174 4845 3430 4887 aui-tores

191 4935 650 5002 persequebantur,
689 4934 1150 5005 Christiannsque
1185 4938 1409 5006 sanguis
1440 4936 1670 4989 invicem
1718 4935 1876 4989 fusus
1906 4932 2251 4987 daemonibus
2302 4929 2501 4984 invidis
2530 4926 2813 4981 litabatur.
2864 4923 3061 4976 Causa:
3101 4922 3225 4974 belli
3265 4920 3429 4974 varise

189 5019 499 5089 erant(epist.
534 5020 569 5074 9
603 5020 748 5084 init..
772 5019 862 5081 ll.
885 5019 1113 5089 l2).scd
1147 5021 1372 5076 ambitio
1396 5022 1674 5076 Simeonis
1702 5023 1993 5091 praecipua.
2012 5020 2131 5091 qui,
2154 5019 2444 5090 pueritiam
2468 5011 2817 5071 Constantini
2848 5019 3228 5071 contemnens,
3253 5010 3425 5077 impe-

190 5106 305 5161 rium
360 5105 651 5162 allectabat
714 5109 888 5176 (epist.
948 5106 1036 5169 l8.
1096 5108 1190 5176 20.
1244 5110 1338 5175 2|.
1383 5109 1474 5175 25.
1520 5110 1662 5178 27);
1708 5109 1955 5163 llomano
2017 5111 2238 5178 insuper
2304 5104 2593 5173 Lecapeno
2642 5102 2865 5157 Simeon
2921 5097 3282 5159 irascebatur.
3332 5098 3426 5167 qui

192 5194 243 5250 de
307 5206 479 5252 tutore
549 5196 932 5264 imperatorem
999 5210 1060 5252 se
1122 5196 1345 5253 iecerat.
1393 5198 1532 5254 Cum
1601 5211 1734 5267 ergo
1796 5198 1999 5253 moenia
2070 5195 2183 5265 ipsa
2239 5188 2794 5260 ConstantinOpoleos
2843 5185 3203 5258 Bulgarorum
3273 5199 3425 5239 arma

195 5284 464 5352 pulsarent.
495 5282 776 5352 Nicolaus,
811 5294 866 5340 et
888 5285 1039 5357 regio
1069 5286 1276 5357 pupillo
1312 5295 1366 5342 et
1406 5287 1639 5358 imperio
1667 5296 1833 5358 atque
1862 5285 2119 5341 Ecclesiae
2158 5283 2485 5347 consulens,
2529 5278 2739 5335 nullum
2799 5292 2910 5331 non
2961 5275 3197 5346 lapidem
3232 5274 3423 5331 movit:

195 5369 468 5425 scribendis
534 5376 618 5424 tot
667 5368 955 5439 epistolis.
1020 5371 1224 5439 quibus
1295 5384 1407 5426 non
1462 5371 1631 5426 semel
1698 5368 1922 5428 Simeon
1988 5374 2269 5443 respondit
2320 5372 2515 5441 (epist.
2572 5368 2629 5432 9.
2690 5366 2794 5431 10.
2853 5364 2946 5429 ει,
2999 5362 3093 5428 22.
3152 5363 3244 5426 25.
3291 5364 3425 5435 27),

196 5460 436 5517 mittendis
489 5473 634 5528 saepe
691 5457 924 5529 legatis.
959 5458 1254 5515 oﬂerendis
1313 5460 1539 5517 utilibus
1579 5461 1990 5517 conditionibus
2014 5503 2030 5525 .
2084 5460 2248 5518 veluti
2274 5459 2477 5531 nuptiis
2523 5472 2647 5514 cum
2681 5455 2886 5511 familia
2915 5452 3127 5510 domini
3162 5453 3424 5524 Romani,

200 5549 413 5615 pecunia.
483 5546 656 5602 multa
696 5547 930 5603 vestium
989 5548 1079 5616 vi.
1138 5560 1293 5621 parte
1347 5552 1511 5604 etiam
1579 5549 1761 5621 aliqua
1827 5550 2110 5613 territorii.
2178 5563 2339 5620 pmna
2399 5545 2812 5607 ecclesiastica.
2856 5540 3425 5599 eaeommnnicatione

197 5635 427 5700 videlicet.
475 5650 587 5692 non
614 5634 785 5692 semel
813 5635 1014 5691 indicta
1044 5634 1233 5708 (epist.
1263 5636 1299 5690 9
1341 5637 1435 5705 ﬁn.
1462 5636 1578 5707 22).
1619 5638 1877 5709 precibus
1928 5640 2188 5709 denique.
2245 5637 2538 5708 lacryutis.
2576 5636 2840 5704 omnique
2889 5645 3084 5700 genere
3133 5629 3424 5684 allectnum

202 5736 240 5777 et
284 5736 723 5794 argumentorum
796 5734 1147 5798 csprompto,
1195 5727 1306 5797 ipse
1362 5738 1637 5798 postremo
1713 5730 1750 5783 lt

1869 5745 1922 5785 IS
1998 5730 2261 5786 accedens
2318 5723 2769 5797 (rpist.27,'50),
2838 5730 2897 5776 ut
2966 5720 3239 5777 Simeonis
3298 5721 3417 5776 ani.
