3962 6140
268 171 329 235 21
1699 176 1832 240 PR}

1988 178 2127 249 l‘IO.
3481 176 3552 244 ιε

269 299 444 354 tenet;
488 289 730 363 ideoque
774 292 1018 363 ipsarum
1069 307 1204 348 usus
1241 308 1269 347 a
1319 293 1582 369 πορνείας
1613 292 1736 349 labe
1778 307 1833 350 nt

1973 292 2135 351 idem.
2167 293 2248 350 Ad
2288 294 2584 352 historiam
2642 306 2775 353 vero
2821 293 3124 367 duplicium
3168 290 3537 353 Valentiniani

265 379 391 447 imp.
450 382 804 449 nuptiarum,
853 396 1021 450 qua-n
1075 380 1337 437 Nicolaus
1413 383 1669 449 attingit,
1728 381 1979 440 Socratis
2022 388 2145 442 sine
2190 383 2363 442 dubio
2412 385 2507 442 lib.
2571 400 2647 447 tv.
2696 398 2817 456 cap.
2870 385 2935 441 3i
2994 386 3313 445 narratione
3357 385 3555 455 fretus,

268 466 399 520 nihil
426 480 541 535 ego
572 467 754 523 dicant
790 480 916 538 post
960 470 1053 523 illa
1090 484 1214 539 qua!
1244 470 1669 540 prudentissime
1706 486 1859 526 more
1899 487 2003 528 suo
2045 472 2349 544 disputavit
2395 472 2781 530 Tillemoniius
2824 473 2880 527 ln
2919 472 3048 528 adn.
3083 472 3156 530 28
3195 474 3264 533 ad
3308 475 3553 544 prodidi

260 554 504 609 (itania
547 566 727 625 gesta.
762 556 823 612 in
852 557 1073 612 duabus
1103 555 1330 627 reliquis
1359 558 1453 629 (55
1473 566 1525 612 et
1555 555 1647 627 56)
1680 559 1753 615 ad
1789 558 2055 617 Joannem
2087 576 2283 632 papam
2313 562 2563 633 epistolis
2596 564 2846 619 eamdem
2887 564 3110 633 quidem
3150 578 3265 619 rem
3292 562 3553 621 Nicotaus

263 650 442 713 urget.
474 646 579 698 sed
610 655 797 699 tamen
834 643 1207 701 Ecclesiarum
1243 647 1597 703 concordiam
1633 655 1823 714 Optare
1853 662 1912 703 se
1943 647 2080 705 dicit
2117 668 2130 704 ε
2179 650 2329 722 quod
2382 652 2527 707 idem
2578 653 2656 709 ait
2692 652 2863 709 etiam
2916 654 2972 710 in
3016 666 3141 724 epp.
3187 651 3261 710 5t
3285 662 3341 709 et
3369 653 3443 712 illi
3484 655 3552 708 ad

263 732 560 787 Romanos
611 733 870 789 homines
908 734 1178 803 scriptis;
1211 744 1263 788 ct
1298 749 1451 805 papa
1485 751 1684 791 nomen
1716 736 1770 791 iu
1802 736 2038 794 dissidio
2085 738 2388 803 revulsum,
2434 741 2819 810 reponendum
2868 737 2928 796 iu
2970 738 3252 812 diptyclols
3293 737 3501 807 iudicat
3539 757 3551 792 :

265 836 588 891 rursusque
637 822 929 892 prttcritm
966 822 1322 894 indulgentiae
1372 825 1653 889 connivet,
1703 823 1799 880 sed
1842 824 2189 896 disciplinam
2233 842 2391 882 suam
2422 827 2477 882 in
2530 836 2814 896 posterum
2860 827 3023 883 lirme
3054 834 3262 885 tuetur.
3309 826 3553 895 Epistola

259 925 491 981 quoque
543 912 618 966 ’Π
658 913 782 969 sine
830 912 999 968 dubio
1040 912 1107 968 ad
1148 927 1343 981 papam
1380 912 1643 971 scribitur
1684 913 1770 966 vel
1817 910 2135 970 Landonem
2172 914 2253 969 vel
2295 916 2480 986 potius
2515 912 2881 972 JoannemX.
2920 915 2979 970 in
3023 929 3087 969 ea
3120 915 3303 987 agitur
3326 914 3397 969 de
3421 930 3555 987 paco

259 1015 382 1053 eam
414 996 681 1055 Romana
718 998 992 1064 Ecclesia,
1039 1015 1205 1069 quant
1249 998 1535 1063 Nicolaus.
1575 1008 1700 1072 post
1749 1016 1908 1057 suum
1954 1002 2024 1057 ab
2070 1003 2269 1059 exsilio
2298 1003 2559 1070 reditum,
2604 1014 2660 1060 et
2705 1002 2792 1061 sui
2825 1002 2963 1063 olori
2990 1003 3237 1061 scitistna
3276 1003 3552 1067 sedatum,

260 1102 502 1159 prorsus
531 1104 877 1157 cotutponers
901 1098 1055 1158 optat
1086 1106 1101 1120 ο
1126 1101 1185 1144 ut
1216 1089 1310 1153 sit,
1340 1089 1543 1157 inquit,
1573 1090 1732 1144 siculi
1760 1107 1792 1143 a
1821 1092 2107 1161 principio,
2145 1091 2224 1146 ita
2267 1102 2318 1147 et
2361 1107 2502 1147 nunc
2538 1095 2689 1161 pacis
2730 1091 3027 1157 uinculum.
3059 1102 3111 1147 st
3138 1092 3268 1149 stitio
3298 1090 3551 1149 Ross-inc

270 1174 540 1231 Ecclesia:
567 1192 691 1233 ortus
714 1176 1331 1247 Constantinopolitano.
1366 1177 1501 1231 illud
1564 1180 1772 1233 utiliter
1808 1193 2031 1248 quoque
2054 1180 2110 1234 in
2145 1179 2323 1251 prima
2352 1180 2420 1236 ad
2468 1179 2633 1235 ltom.
2667 1179 2969 1239 Ecclesiam
3020 1180 3279 1253 epistola,
3314 1182 3543 1235 adnota-

261 1267 400 1319 huat
460 1266 703 1327 eruditi,
734 1268 882 1334 quod
942 1281 1139 1337 nempe
1187 1266 1299 1320 lilia
1361 1266 1563 1321 Leonis
1610 1266 1862 1333 quasdam
1919 1268 2133 1324 Franco
2185 1270 2421 1340 principi
2463 1271 2739 1342 desponsa
2801 1270 3019 1329 luisset.
3079 1268 3162 1327 lie
3190 1270 3393 1343 quippe
3422 1285 3551 1325 vera

262 1353 365 1408 init
398 1354 530 1408 haec
568 1354 795 1409 nomine
820 1356 999 1418 Anna,
1026 1369 1192 1425 quam
1227 1353 1337 1408 Leo
1358 1370 1422 1408 es
1447 1357 1685 1431 conjuge
1715 1355 1956 1414 secunda
1979 1366 2320 1429 susceperat,
2343 1374 2623 1430 quamque
2652 1358 2898 1415 adultam
2928 1357 3225 1415 declaravit
3252 1357 3550 1428 Augustam

261 1450 386 1511 post
423 1442 636 1495 matris
668 1442 904 1507 obitum,
952 1452 1011 1497 ut
1046 1443 1309 1515 palatinis
1351 1443 1622 1500 conviviis
1668 1455 1946 1514 praeesset,
1989 1452 2127 1500 teatc
2157 1443 2341 1502 Leone
2372 1446 2745 1503 Grammatice
2777 1447 2832 1502 in
2865 1446 3068 1505 Leonis
3114 1445 3392 1516 Sapientis
3429 1444 3550 1501 Vita

260 1531 346 1584 ed.
380 1526 573 1584 Paris.
610 1545 667 1601 p.
702 1529 823 1583 181.

1699 1638 1897 1697 Classis
1928 1654 2146 1715 quarta.

347 1755 472 1811 Vll.
509 1755 701 1811 Prima
733 1755 904 1827 hujus
942 1756 1141 1812 classis
1173 1759 1406 1826 epistola
1447 1758 1629 1825 (ιιυὶιίδ
1666 1758 1755 1823 86)
1791 1758 2049 1816 Ecclesia.-
2084 1774 2434 1815 meouomum
2480 1759 2833 1818 commendat
2867 1760 3209 1833 imperatori,
3239 1774 3400 1831 quem
3439 1758 3546 1814 ilo-

264 1859 503 1901 tuanum
538 1844 891 1914 Lecapeunn;
925 1845 1192 1915 intelligo.
1229 1862 1352 1901 nam
1382 1847 1781 1902 Constantinus
1817 1864 1950 1917 puer
1975 1859 2113 1903 erat.
2157 1848 2216 1905 In
2240 1849 2346 1904 alia
2380 1850 2628 1905 Romano
2663 1849 2867 1906 Cteseri
2898 1850 3063 1906 missa
3100 1848 3213 1922 (95)
3261 1860 3445 1904 monet
3482 1848 3550 1903 de

264 1932 532 1999 Bulgaria
571 1931 940 2001 Lampsacum
974 1948 1150 2003 usque
1177 1935 1462 2003 proiectis.
1500 1935 1640 1990 Tum
1671 1935 1919 2008 quasdam
1949 1937 2193 2008 suggerit
2225 1936 2298 1994 de
2325 1937 2655 2004 scr-iniuriis,
2698 1937 2766 1992 de
2804 1949 2949 1994 recta
2981 1934 3551 2009 ciliciorumpromo-

264 2021 440 2083 tione,
470 2029 536 2076 et
567 2022 635 2075 de
658 2021 877 2091 justitia
906 2039 921 2075 :
950 2037 1065 2092 quo
1094 2024 1150 2075 in
1192 2022 1314 2078 loco
1340 2024 1472 2094 quid
1513 2024 1845 2080 vocabulum
1881 2025 2057 2096 ρὦαι
2098 2026 2375 2097 signilicct
2412 2040 2520 2082 non
2552 2026 2774 2091 dcilnio,
2801 2026 2895 2082 sed
2927 2040 2996 2082 ex
3029 2024 3289 2096 Lennepii
3328 2025 3548 2098 Etyma-

265 2109 452 2177 logico
483 2108 586 2164 Gr.
624 2110 902 2179 conjicere
929 2109 1053 2167 licet
1084 2111 1358 2180 supplices
1398 2111 1571 2167 luisse
1602 2112 1815 2170 libellos
1845 2114 1932 2168 vel
1956 2115 2205 2186 ipsorum
2248 2123 2453 2171 taxato.
2496 2112 2679 2173 Tertia
2723 2114 2958 2186 epistola
2988 2113 3139 2186 (156)
3179 2114 3550 2170 consolatnm

266 2207 353 2254 est
379 2198 454 2252 ad
495 2199 753 2252 eumdem
790 2198 1099 2254 Romanum
1150 2200 1285 2268 imp.
1328 2199 1384 2254 in
1413 2200 1568 2257 obitu
1614 2201 1805 2258 uxoris
1843 2200 2106 2274 Augusta:
2135 2201 2441 2261 Theudor:
2474 2218 2621 2261 anno
2648 2202 2774 2263 ως.
2817 2201 3004 2259 Utitur
3031 2202 3301 2279 exemplis
3338 2201 3547 2259 Aimihi

269 2283 429 2341 Pauli
460 2295 522 2339 et
563 2288 904 2355 Aristagorae
945 2289 1039 2355 qui
1076 2287 1369 2343 orbitatem
1404 2286 1621 2345 fortiter
1653 2288 2017 2361 pertulerunt.
2054 2290 2304 2348 Pulchra:
2346 2300 2478 2349 sunt
2522 2302 2635 2349 tres
2670 2290 2916 2361 epistola
2946 2289 3015 2345 ad
3045 2289 3341 2361 Georgium
3369 2290 3546 2354 Abas-

269 2375 495 2442 giorunt
529 2376 857 2444 principem.
902 2391 1138 2445 quarunt
1169 2377 1220 2430 in
1252 2380 1426 2448 prima
1450 2379 1705 2437 condolct
1741 2382 1791 2433 ei
1832 2381 1901 2437 de
1924 2380 2171 2452 parentis
2196 2380 2403 2449 egregii
2434 2380 2611 2437 obitu.
2650 2379 2707 2434 in
2729 2378 2924 2438 eadem
2960 2378 3064 2433 hac
3098 2377 3332 2448 aliisque
3367 2377 3553 2433 laudnt

273 2478 618 2536 magnopere
656 2465 877 2533 Georgii
914 2466 1167 2531 virtutes,
1202 2468 1517 2537 gratiasque
1576 2469 1691 2543 agit
1728 2468 1803 2524 ob
1833 2469 2139 2540 impensam
2169 2468 2471 2525 Alanorum
2508 2469 2872 2528 ﬁnitimorum
2910 2468 3258 2531 conversioni
3288 2475 3344 2521 et
3378 2468 3551 2538 lapti.

270 2556 436 2609 stuati
472 2568 693 2617 curam,
724 2554 885 2623 eique
915 2553 1121 2609 Alani:
1153 2555 1631 2626 archiepiscopum
1679 2560 1927 2629 impensa
1948 2559 2317 2615 commendat.
2365 2555 2589 2623 Georgii
2633 2557 2801 2628 hujus
2836 2555 3090 2628 Abasgia
3118 2556 3408 2628 principis,
3448 2571 3550 2611 nec

275 2660 383 2698 non
421 2644 553 2713 ejus
592 2645 686 2696 lilii
716 2643 1013 2705 Pancratii,
1052 2660 1139 2699 res
1168 2655 1351 2717 gestas
1392 2647 1609 2717 attingit
1649 2647 1931 2706 Cedrenus
1956 2648 2047 2705 ed.
2075 2647 2235 2704 Paris
2262 2656 2305 2703 t.
2334 2646 2400 2716 il,
2443 2662 2497 2718 p.
2539 2646 2667 2712 718,
2710 2643 2835 2701 770.
2866 2644 3231 2718 Abasgiornm
3261 2645 3543 2700 historiam

271 2742 327 2783 et
365 2731 803 2786 conversionem
834 2732 901 2787 ad
931 2732 1215 2788 Christum
1264 2730 1467 2790 vidcsis
1511 2737 1656 2806 apud
1705 2735 1977 2794 lunarem
2022 2736 2121 2793 lib.
2153 2751 2244 2803 sv,
2288 2736 2356 2792 l:
2397 2734 2539 2809 apud
2580 2748 2744 2805 quem
2782 2726 2984 2790 deinde
3033 2732 3131 2791 lib.
3162 2747 3273 2796 svt,
3318 2733 3353 2786 9
3404 2747 3545 2802 βαι..

276 2819 503 2890 Georgii
536 2820 723 2878 clades
756 2820 861 2885 sub
904 2818 1109 2877 Basilio
1158 2822 1425 2889 secundo,
1466 2833 1524 2877 et
1582 2823 1855 2882 Pancratii
1906 2824 2007 2882 lilii
2073 2826 2224 2882 vices
2278 2824 2446 2881 varie
2494 2832 2816 2884 narrantur.
2880 2822 3042 2882 Circa
3086 2822 3376 2895 epistolam
3435 2821 3549 2892 (82)

275 2908 341 2960 ad
398 2907 793 2978 Landulpbunt
846 2910 961 2964 inec
1024 2911 1201 2967 habeo
1256 2926 1380 2983 quam
1439 2911 1643 2967 dicam.
1701 2911 1887 2971 Primo
1948 2913 2171 2984 quidem
2250 2912 2651 2970 Constantinus
2710 2913 2765 2967 in
2824 2909 3187 2968 Thematibns
3255 2912 3545 2982 perspicue

275 2998 467 3059 docet,
516 2997 649 3067 quid
697 3007 814 3052 tum
864 2996 1263 3069 Longobardia:
1303 2999 1527 3059 nomine
1574 3000 1965 3072 designaretur
2000 3042 2019 3065 ,
2076 3016 2275 3075 nempe
2343 3001 2628 3073 provincia
2692 2999 2839 3057 circa
2906 2997 3189 3071 Neapolim
3260 2997 3550 3056 ﬁnitimas.

277 3102 386 3153 que
452 3088 664 3149 nrbes,
732 3103 897 3155 quam
978 3089 1400 3157 appellationem
1447 3104 1480 3143 α
1532 3088 1910 3159 Langobardi:
1962 3089 2204 3147 dominis
2248 3090 2445 3147 sortita
2486 3098 2626 3146 erat.
2697 3088 2926 3145 Constat
2983 3098 3245 3158 praetcrea
3313 3087 3549 3146 Leonem

279 3176 608 3243 Sapientem
637 3176 811 3231 misso
840 3178 1088 3231 exercitu
1123 3176 1495 3238 Beneventum
1528 3179 1887 3249 occupavisse
1953 3176 2308 3251 Landulpbus
2348 3186 2535 3237 autem
2573 3176 3110 3247 Constantinopolim
3154 3192 3183 3231 ιι
3224 3186 3378 3249 patre
3418 3175 3549 3231 Ala»

282 3266 499 3335 uulpho
525 3267 732 3322 missus
761 3267 891 3324 olim
930 3265 1121 3331 ῐιωηι,
1160 3276 1217 3322 et
1242 3267 1442 3324 deinde
1463 3269 1655 3328 erasit
1680 3267 1975 3325 Beneventi
2005 3268 2291 3324 dominus.
2326 3265 2564 3338 legatur
2609 3263 2897 3323 Viventius
2932 3265 3075 3324 Hist.
3116 3263 3292 3335 Neap.
3320 3265 3410 3319 ed.
3436 3280 3548 3321 me.

283 3365 323 3406 t.
352 3353 398 3421 Ι,
430 3370 487 3424 p.
519 3353 614 3420 t9,
649 3368 753 3413 nec
786 3370 895 3407 non
936 3352 1270 3411 liuratorins
1306 3356 1485 3410 Annal
1544 3355 1677 3415 Ital.
1725 3358 1792 3413 ad
1832 3372 1931 3411 an.
1960 3354 2063 3413 891
2099 3364 2156 3410 et
2178 3354 2318 3424 909;
2358 3354 2597 3426 denique
2629 3356 2728 3412 Art
2759 3354 2824 3411 de
2853 3354 3008 3425 vdrif.
3040 3353 3113 3411 les
3136 3354 3289 3409 dates
3314 3354 3367 3409 in
3397 3354 3548 3423 prin-

282 3443 501 3511 cipibus
533 3441 855 3499 Beneventi.
904 3442 1070 3498 Docet
1115 3454 1301 3499 autem
1342 3462 1443 3502 nos
1485 3445 1696 3506 Nicolai
1738 3445 1973 3517 epistola
2010 3443 2375 3503 Ursolconetn
2420 3443 2715 3516 patricium
2745 3445 3040 3514 quemdam
3076 3444 3133 3501 in
3167 3442 3548 3515 Longobardia

283 3545 384 3597 pro
415 3532 754 3601 imperatore
790 3532 1080 3601 praesidem
1110 3548 1138 3585 a
1174 3532 1504 3605 Landulpho
1549 3536 1725 3595 luisse
1771 3536 2145 3602 interiectum,
2197 3537 2400 3593 castris
2445 3536 2568 3609 ejus
2610 3534 2935 3607 occupatis;
2968 3549 3077 3607 qua
3106 3531 3176 3589 de
3212 3548 3271 3588 re
3310 3530 3551 3613 loquitur

284 3618 451 3673 etiam
500 3619 560 3674 in
590 3619 827 3689 epistola
872 3618 939 3673 ad
971 3622 1289 3690 episcopum
1322 3622 1781 3695 llydruntinumj
1821 3624 1933 3681 imo
1958 3625 2089 3680 illuc
2122 3625 2351 3696 respicit
2381 3624 2548 3681 etiam
2576 3624 2813 3692 epistola
2840 3624 2909 3680 ad
2940 3621 3238 3681 (ia-donem
3267 3636 3522 3693 protospa

285 3705 547 3763 that-ium.
578 3706 836 3763 Nicolaus
865 3724 1016 3775 vero,
1046 3711 1149 3765 etsi
1181 3727 1293 3765 rem
1320 3723 1529 3781 gestam
1557 3713 1712 3769 valde
1741 3714 2039 3783 improbat.
2069 3713 2242 3771 venit!
2271 3723 2452 3769 tamen
2481 3713 2806 3783 Landulpho
2837 3728 2989 3786 spem
3022 3712 3222 3787 injicit,
3253 3711 3365 3769 imo
3388 3712 3551 3769 etiam

280 3805 567 3864 obsistendi
617 3804 1012 3875 Longobartlia:
1053 3807 1459 3873 prmlcctnram,
1515 3812 1677 3864 modo
1716 3808 1898 3870 iidelis
1940 3807 2261 3878 imperatori
2302 3808 2393 3866 sit.
2432 3806 2682 3877 Epistola
2724 3822 2951 3879 quoque
2989 3808 3106 3882 (85)
3139 3809 3208 3864 ad
3244 3807 3454 3865 clerum
3500 3822 3556 3867 et

282 3895 577 3965 qatimstes
605 3892 1001 3961 Lotigubartiia
1026 3894 1084 3948 in
1118 3894 1309 3949 eodem
1337 3896 1558 3965 negatio
1581 3904 1832 3957 sciatur

1989 3895 2140 3954 derat
2176 3896 2323 3951 enim
2362 3911 2587 3968 operam
2634 3895 2993 3970 Landulphus
3021 3904 3084 3953 ut
3112 3911 3337 3956 causam
3379 3898 3553 3970 ipsius

292 3990 479 4049 ageret
510 3984 695 4038 clerus
726 3983 871 4050 apud
905 3985 1089 4039 aulam
1135 3983 1514 4054 iiyunlittam,
1549 3995 1606 4044 et
1646 4000 1709 4046 se
1752 3984 2043 4055 praesident
2080 3986 2323 4057 regionis
2374 3982 2704 4057 postularet.
2752 3983 3002 4057 Denique
3030 3986 3101 4043 ad
3127 3987 3416 4056 epistolam
3451 3986 3557 4049 us

282 4070 427 4138 quod
457 4070 678 4132 attinet,
712 4072 924 4127 scimus
954 4072 1404 4141 Atnalphitanam
1450 4076 1731 4135 civitatem
1762 4073 2097 4144 temporibus
2143 4074 2253 4131 illis
2293 4082 2481 4130 eatera
2520 4073 2902 4134 dominatione
2952 4075 3207 4142 liberam,
3251 4091 3346 4145 per
3384 4073 3553 4134 doces

285 4172 412 4213 suos
438 4159 555 4231 regi
609 4159 856 4225 solitam,
883 4168 939 4217 et
978 4160 1187 4219 Graecis
1217 4176 1441 4231 quoque
1481 4172 1677 4220 contra
1714 4162 1935 4218 ltalicos
1973 4161 2283 4218 Saracenos
2308 4176 2468 4232 opem
2504 4160 2722 4225 tulisse.
2761 4161 2925 4221 Nunc
2952 4161 3213 4221 Nicelans
3240 4179 3342 4235 pro
3376 4164 3553 4237 capti-

286 4249 365 4300 vis
398 4248 731 4308 Christianis
778 4264 885 4317 ope
927 4249 1087 4307 ducis
1120 4250 1489 4322 Amelphitani
1529 4268 1595 4307 cs
1651 4249 2018 4307 Barbarorum
2060 4248 2325 4305 servitute
2371 4247 2717 4309 vindicandis
2759 4250 2997 4311 laborat.
3039 4249 3115 4308 ob
3154 4264 3389 4323 eamque
3440 4264 3552 4309 retu

286 4336 574 4402 pecuniam
612 4352 832 4407 quoque
868 4338 1167 4394 submittit.
1200 4340 1646 4409 Amalphitanuut
1676 4341 1874 4398 ducem
1901 4337 2161 4396 Nieolaus
2190 4340 2493 4412 spiritalem
2527 4340 2702 4403 lilium
2740 4353 2903 4396 suum
2934 4338 3092 4397 dicit.
3401 4416 3404 4419 η

360 4423 492 4478 Vill.
527 4423 736 4482 Nixolai
785 4428 852 4482 ad
883 4444 1201 4498 snprcmum
1240 4430 1625 4486 Armeniorum
1661 4428 1964 4502 principem
1990 4426 2390 4500 epistola(l39)
2425 4426 2687 4500 peculiari
2714 4427 3193 4497 declarationis-ob
3220 4427 3558 4485 ecclesiasti-

283 4531 403 4573 cam
426 4518 552 4587 ejus
581 4520 761 4587 gentis
804 4520 1092 4577 historiam
1134 4520 1299 4591 digna
1351 4521 1590 4575 videtur.
1629 4519 1705 4575 Ea
1748 4518 2012 4579 scribitur
2045 4516 2113 4571 ad
2163 4514 2485 4572 Sembatum
2522 4514 2698 4573 Asutii
2735 4515 2906 4571 lilium
2941 4515 3361 4589 Bagratunium,
3391 4531 3555 4587 quem

286 4619 408 4659 cum
439 4608 603 4665 titulo
640 4609 901 4677 principis
938 4612 1240 4679 principum
1293 4611 1649 4679 imperitasse
1696 4607 1973 4663 Armeniae
2021 4608 2164 4661 inter
2208 4605 2397 4666 sa-euli
2446 4604 2576 4661 noni
2628 4605 2794 4662 linem
2825 4621 2895 4665 ac.
2929 4605 3129 4662 decimi
3165 4605 3383 4662 initium
3426 4604 3559 4662 dicit

288 4694 511 4749 Samuel
553 4695 813 4754 Aniensis
860 4699 913 4752 iu
954 4697 1237 4755 Chronico
1273 4716 1382 4753 non
1416 4699 1666 4768 ignobili,
1701 4696 1852 4766 quod
1883 4710 1983 4749 nos
2015 4693 2321 4763 interprete
2355 4708 2409 4759 ν,
2440 4694 2511 4751 cl.
2544 4691 2757 4751 Joanne
2801 4690 3058 4751 Zohrabo
3089 4692 3381 4750 Mediolani
3410 4709 3560 4751 anno

290 4783 429 4838 |8l8
459 4787 847 4842 subtexuimus
874 4788 1157 4845 fatuosiori
1186 4789 1263 4844 illi
1300 4788 1518 4841 Eusebii
1546 4787 1854 4842 C:esariens

1996 4782 2249 4847 bronico,
2289 4781 2437 4852 quod
2482 4782 2683 4838 ibidem
2714 4797 2872 4852 atque
2904 4782 3176 4841 edidimus
3205 4798 3271 4839 es
3313 4783 3557 4854 genuino

287 4881 341 4926 et
367 4877 687 4931 authentico
721 4875 975 4931 liaicanue
1006 4880 1205 4947 linguae
1236 4879 1451 4939 codice,
1482 4893 1646 4945 quem
1686 4876 1801 4944 ipse
1827 4874 2085 4929 laudatus
2110 4870 2403 4927 Zohrabns
2436 4870 2917 4942 Constantinopoli
2951 4869 3207 4928 Venetias
3233 4871 3559 4943 deportatis.

288 4971 390 5027 rat,
423 4966 668 5035 atquein
703 4982 864 5021 suum
896 4969 1179 5035 exemplar
1210 4963 1355 5022 ﬁdeli
1391 4980 1619 5038 prorsus
1647 4964 1945 5020 collatione
1979 4958 2379 5015 transfuderat.
2419 4958 2681 5028 Epistolas
2713 4958 2908 5032 triplex
2944 4959 3112 5015 veluti
3160 4958 3386 5030 partitio
3424 4968 3551 5017 est;

286 5053 489 5107 etenim
520 5056 576 5108 in
612 5054 787 5125 prima
818 5056 1081 5126 praedicat
1119 5054 1379 5111 Nicolaus
1429 5057 1561 5110 recti
1613 5053 1887 5123 dogmatis
1925 5046 2260 5123 (εὐσεϐείας)
2295 5046 2705 5116 necessitatem,
2742 5064 2775 5106 a
2805 5063 2919 5121 quo
2950 5047 3205 5106 nonnulli
3241 5049 3558 5120 (Armenios

291 5139 564 5213 intelligit)
591 5160 719 5201 cum
748 5146 1014 5215 majorum
1059 5162 1290 5202 suorum
1323 5147 1485 5218 culpa
1520 5145 1909 5207 descivissent,
1945 5137 2225 5194 mordicus
2256 5150 2441 5195 tamen
2476 5137 2637 5194 avita
2667 5138 2950 5196 traditioni
2976 5140 3553 5211 adbzrebant:quam

292 5246 397 5285 rem
424 5232 662 5287 alienant
686 5248 816 5289 esse
847 5236 995 5289 omni
1023 5236 1202 5291 ollicio
1235 5245 1289 5289 et
1322 5236 1634 5304 prudentia,
1660 5232 1859 5288 merito
1898 5227 2051 5284 dicit.
2080 5226 2138 5283 lu
2166 5227 2340 5283 altera
2366 5230 2611 5284 sectione
2640 5227 2888 5297 epistola
2914 5238 3121 5293 narrat,
3138 5237 3359 5285 mortuo
3382 5242 3556 5300 nuper

292 5322 427 5390 apud
456 5323 755 5377 Aron-nios
801 5326 1130 5391 patriarcha,
1180 5327 1294 5380 sive
1327 5334 1388 5379 ut
1425 5326 1587 5394 vulgo
1616 5322 1776 5377 aiunt
1810 5319 2085 5375 catholico
2127 5317 2246 5388 (qui
2292 5315 2472 5372 fuerat
2506 5316 2827 5389 Mastosius)
2876 5316 3179 5390 principem
3233 5316 3555 5374 Armenium

292 5425 379 5479 per
417 5428 549 5466 suos
580 5414 953 5482 apocrisarins
978 5414 1324 5486 significasse
1360 5413 1563 5468 Caesari
1606 5411 1911 5484 Byzantion
1956 5410 2073 5479 (qui
2106 5417 2226 5464 erat
2267 5406 2375 5461 Leo
2405 5406 2801 5479 Philosophus)
2836 5422 2941 5464 nec
2977 5422 3085 5463 non
3129 5409 3334 5463 Graecas
3371 5408 3559 5463 Eccle-

286 5500 393 5566 sia,
423 5501 674 5574 rogitare
723 5518 781 5556 sc
821 5502 891 5557 de
929 5504 1198 5558 mittendo
1247 5501 1793 5571 Constantinopolim
1847 5501 1946 5554 illo
1996 5498 2239 5563 homine,
2286 5512 2451 5565 quem
2501 5510 2702 5551 novum
2742 5496 3120 5567 patrisreham
3164 5497 3557 5569 designaturus

284 5600 409 5656 erat,
444 5600 503 5645 ut
544 5592 624 5648 ibi
655 5593 1134 5648 consecrationem
1180 5593 1477 5662 reciperet,
1520 5601 1574 5645 ct
1622 5605 1749 5644 rum
1798 5588 1992 5645 ϐρενςο
2033 5589 2181 5643 clero
2225 5588 2475 5658 religiosa
2524 5587 2757 5643 consilia
2801 5588 3079 5643 misceret.
3107 5587 3259 5643 lianc
3294 5587 3557 5657 principia

284 5687 615 5739 volrmtntcm
655 5696 990 5753 magnopere
1016 5682 1228 5754 probat,
1263 5694 1429 5753 atquc
1476 5691 1534 5737 ut
1575 5682 1697 5739 sine
1742 5695 1892 5737 mora
1938 5678 1994 5737 in
2038 5696 2152 5735 rem
2189 5678 2529 5744 conferatur,
2562 5676 2825 5735 Nicone;
2863 5680 3159 5738 hortulur:
3194 5679 3358 5753 idque
3392 5674 3555 5735 saluti
