3962 6140
367 136 444 200 23
1803 137 1931 198 Plit?

2092 136 2223 198 [‘lO.
3575 134 3656 200 24

371 242 750 299 necessarium
779 242 876 310 ait,
926 251 1225 316 propterea
1262 246 1411 317 quod
1438 248 1685 307 Armenii
1709 257 1941 305 eatenus
1979 246 2050 300 ab
2082 246 2406 303 orthodoxa:
2444 246 2711 302 doctrina:
2754 246 2976 302 tramite
3005 245 3417 303 aberraverant.
3445 245 3567 315 Quo
3597 250 3657 304 in

366 332 489 387 loco
515 330 694 386 Pliotii
720 345 945 403 quoque
973 330 1292 391 decessoris
1318 336 1407 393 sui
1432 337 1763 407 legationem
1794 347 1963 408 atque
1990 337 2281 404 epistolam
2333 336 2402 392 ad
2452 333 2775 390 Zachariam
2845 335 3233 391 Armeniorum
3277 334 3651 406 patriarcham

366 429 638 475 memorat
686 434 787 491 pro
823 420 1121 477 concordia
1166 432 1331 495 atque
1361 424 1428 480 ad
1464 426 1851 483 orthodoxiam
1880 426 2057 481 reditu
2086 438 2103 479 :
2135 424 2238 478 etsi
2285 425 2339 478 id
2402 434 2681 480 tentamcn
2741 424 2815 479 ob
2874 432 3185 493 temporum
3247 422 3660 480 vicissitudines

365 521 588 564 cassum
620 510 863 565 evasisse
883 510 984 566 ait.
1030 507 1090 566 ln
1127 520 1406 581 postrema
1434 514 1655 571 demum
1690 524 1847 586 parte
1877 530 1993 569 rem
2024 513 2338 584 praedictam
2368 506 2594 583 perorat
2616 512 2897 579 Nieolaus,
2928 513 3086 569 valde
3117 521 3319 583 optans
3356 522 3414 568 et
3446 528 3663 584 urgens

363 606 426 652 ut
457 596 739 667 eligendus
769 599 969 668 praesul
995 599 1209 656 sincera
1244 600 1503 659 Ecclesiae
1531 605 1784 661 doctrina
1815 602 2293 673 Constantinopoli
2320 604 2621 669 imbuatur,
2658 620 2769 675 quo
2798 605 2851 660 in
2880 603 3114 675 patriam
3148 618 3406 659 reversus
3454 605 3657 660 Arme-

367 687 588 739 niueum
610 685 877 755 populum
912 688 1053 743 haud
1085 689 1352 758 religione
1387 692 1571 749 minus
1597 709 1763 764 quam
1821 693 1970 748 civili
2023 707 2156 762 pace
2201 692 2407 749 Gmcis
2474 694 2756 764 adjungat.
2809 691 3087 749 Hactenus
3136 692 3343 750 Nicolai
3395 694 3661 764 epistola.

364 770 759 829 Verumtamen
790 788 879 829 res
904 776 1080 832 multo
1107 778 1271 834 aliter
1305 781 1509 835 accidit
1542 799 1556 835 :
1591 781 1904 851 pat.iarcha
1931 780 2077 835 enim
2111 780 2218 837 hoc
2249 791 2490 851 tempore
2551 784 2784 846 electus,
2814 781 3057 838 Joannes
3083 791 3273 837 sextus
3303 780 3658 852 luit,cogno-

363 871 552 917 mento
593 861 925 931 Historicus,
968 865 1065 937 qui
1104 866 1291 925 sedem
1320 868 1470 923 illam
1500 869 1638 925 adiit
1666 885 1813 925 anno
1831 868 1957 924 897.
1986 868 2037 924 Is
2065 878 2247 924 autem
2279 871 2414 924 adeo
2439 871 2504 924 ad
2528 871 2880 926 concordiam
2913 869 3232 941 dogmatum
3258 884 3368 925 non
3395 870 3659 935 accessit,

362 961 422 1005 ut
472 965 533 1005 se
584 952 696 1006 into
743 950 1217 1012 Chalcedonensis
1263 958 1457 1027 synodi
1501 957 1716 1013 hostem
1748 959 1801 1012 in
1833 956 2068 1013 Historia
2095 972 2193 1013 sua
2228 958 2406 1027 palam
2445 956 2807 1028 proﬁteatur:
2856 967 2912 1014 et
2952 971 3097 1028 saepe
3143 956 3367 1027 quidem
3421 971 3454 1012 a
3504 956 3658 1012 Con-

360 1040 607 1094 stantino
653 1040 814 1111 imp.,
852 1055 952 1111 per
997 1041 1375 1101 Theodosium
1442 1046 1706 1117 legatum,
1752 1045 2299 1115 Constantiimpolim,
2366 1044 2537 1101 fuisse
2612 1045 2903 1102 invitatum
2966 1048 3085 1113 ait,
3117 1060 3399 1116 nunquam
3470 1056 3657 1101 tamen

362 1127 492 1182 illuc
523 1128 853 1196 profectum.
891 1144 959 1185 ne
986 1130 1140 1201 pacis
1172 1132 1323 1189 inita
1354 1134 1441 1189 vel
1491 1135 1744 1190 ineundae
1781 1149 1908 1191 cum
1936 1132 2408 1191 Chalcedonensis
2440 1134 2632 1207 synodi
2682 1133 2911 1191 asseclis
2956 1134 3328 1191 scbismatica
3358 1135 3506 1206 genti
3536 1150 3657 1191 sua

362 1216 735 1289 suspicionem
761 1218 1049 1289 pmbemt.

1790 1338 1994 1395 Classis
2027 1340 2236 1412 quinta.

438 1445 529 1502 lx.
573 1447 969 1520 Episcoporum
1034 1453 1206 1509 totius
1259 1454 1414 1511 orbis
1448 1452 1746 1509 Christiani
1789 1456 2011 1525 plenam
2056 1456 2307 1510 notitiam
2339 1455 2691 1528 quandonam
2721 1455 3010 1511 collectam
3043 1454 3411 1512 habebimus?
3448 1454 3648 1511 Orieno

370 1536 561 1593 talium
604 1539 826 1609 quidem
876 1541 1100 1597 nomina
1131 1558 1427 1614 aggressus
1460 1552 1545 1597 est
1574 1558 1903 1598 enumerare
1931 1541 2235 1615 chuinius
2281 1545 2334 1600 in
2391 1543 2610 1600 Oriente
2650 1543 2997 1611 Christiano;
3039 1552 3438 1610 verumtamen,
3481 1544 3650 1599 unius

370 1625 612 1681 hominis
638 1626 789 1684 vires
826 1626 875 1685 is
907 1630 1063 1685 labor
1086 1630 1411 1687 excedebat.
1449 1629 1824 1687 Nihilominus
1856 1634 2069 1704 majore
2106 1634 2288 1690 adhuc
2327 1648 2467 1689 ausu
2500 1632 2798 1689 cardinalis
2836 1631 3186 1702 Garampius,
3212 1632 3342 1688 dum
3382 1630 3652 1690 Vaticano

368 1714 646 1770 tabulario
675 1727 931 1788 praeerat,
962 1734 1102 1789 opus
1135 1720 1470 1776 moliebatur
1502 1720 1829 1791 inscriptum
1866 1720 2027 1776 Orbis
2059 1720 2426 1785 Christianus,
2476 1738 2603 1778 eum
2652 1723 2867 1778 inlinita
2917 1723 3306 1793 episcoporum
3344 1722 3604 1792 congerie
3632 1738 3647 1776 :

365 1812 746 1859 verumtamen
782 1805 899 1863 haec
928 1822 1151 1878 quoque
1183 1807 1494 1865 lucubratio
1524 1809 1580 1862 in
1617 1809 1950 1865 scltedarum
1995 1809 2412 1865 innumerarum
2462 1824 2659 1865 acervo
2702 1825 2810 1864 ms.
2853 1810 3021 1880 jacet.
3077 1807 3185 1864 Sed
3246 1808 3395 1864 enim
3428 1808 3647 1863 illarum

368 1892 591 1963 quidem
622 1896 933 1964 regionum,
975 1912 1097 1965 qua:
1145 1897 1457 1968 peculiares
1500 1897 1918 1969 episcopatuum
1968 1913 2196 1953 suorum
2227 1897 2529 1968 scriptores
2576 1908 2751 1953 nactae
2790 1907 2942 1963 sunt,
2982 1897 3143 1954 facile
3190 1897 3501 1968 episcopos.
3543 1896 3648 1953 etsi

370 1982 617 2037 nondum
651 1998 866 2050 omnes,
902 1985 1302 2041 nanciscimur.
1335 1985 1584 2041 Aliarum
1616 2001 1769 2051 vero,
1808 2001 1933 2057 quas
1970 1986 2223 2056 plurima:
2268 1998 2422 2049 sunt,
2472 1986 2758 2057 regionum
2792 1988 3082 2057 episcopos
3120 2001 3392 2059 nusquam
3444 1986 3649 2041 melius

364 2087 530 2141 quam
560 2072 614 2127 in
648 2070 849 2129 Labbei
889 2074 957 2128 ad
988 2073 1222 2130 concilia
1253 2083 1517 2145 apparatu
1552 2074 1961 2145 cognoscimus,
2000 2074 2142 2146 apud
2214 2090 2379 2145 quem
2426 2082 2535 2128 tam
2568 2074 2840 2144 generalis
2876 2090 3043 2145 quam
3089 2075 3487 2146 geographicus
3529 2074 3651 2146 epi-

365 2174 688 2230 scoparum,
715 2160 811 2231 qui
848 2160 905 2216 in
950 2162 1198 2219 collectis
1224 2161 1297 2219 ab
1321 2177 1390 2217 eo
1428 2162 1685 2219 conciliis
1711 2166 2090 2228 nominantur,
2123 2163 2409 2233 catalogus
2457 2164 2684 2235 legitur.
2720 2164 2979 2219 Attamen
3009 2162 3098 2219 hic
3129 2179 3350 2234 quoque
3378 2177 3647 2220 numerus

363 2260 710 2322 quantopere
738 2252 812 2307 sit
835 2251 1215 2323 imperfectus,
1244 2252 1496 2325 quotidie
1526 2253 1889 2326 dignoscitur,
1920 2252 2098 2325 primo
2127 2253 2256 2324 quia
2286 2252 2504 2307 nonnisi
2528 2252 2779 2308 conciliis
2800 2252 3015 2319 nititur,
3042 2252 3239 2307 iterum
3266 2252 3396 2322 quia
3417 2251 3651 2308 concilia

367 2336 483 2408 ipsa
512 2339 660 2393 haud
694 2339 881 2394 omnia
917 2355 1096 2410 neque
1123 2349 1256 2396 tunc
1286 2356 1465 2411 neque
1488 2339 1653 2397 modo
1678 2352 1808 2397 sunt
1835 2343 2055 2415 cognita
2085 2360 2099 2397 :
2125 2359 2255 2398 erce
2285 2345 2433 2397 enim
2462 2358 2564 2399 nos
2593 2343 2693 2414 ipsi
2725 2345 3067 2414 incomperta
3097 2342 3316 2397 Labbeo
3340 2344 3448 2398 duo
3470 2357 3647 2409 nuper

366 2426 735 2496 vulgavimus,
758 2442 887 2483 cum
919 2429 1309 2501 episcoporum
1344 2432 1643 2486 multorum
1676 2430 2206 2503 subscriptionibus.
2241 2430 2518 2499 Quorsum
2573 2431 2690 2487 lucc
2732 2430 3015 2485 dicimus?
3064 2430 3269 2501 Nempe
3302 2438 3359 2485 ut
3391 2431 3643 2502 quintam

365 2514 728 2584 epistolarum
759 2515 965 2573 Nicolai
996 2518 1231 2575 classem
1265 2518 1369 2575 hoc
1401 2519 1594 2575 saltem
1622 2520 1785 2575 titulo
1808 2521 2287 2587 commendemus,
2329 2520 2475 2592 quod
2506 2521 2793 2592 Byzantini
2825 2520 3232 2589 patriarchatus
3261 2520 3645 2591 episcoporum

366 2607 589 2661 nomina
621 2607 821 2677 partim
852 2608 1102 2664 inaudita
1134 2606 1377 2665 fortasse
1406 2609 1627 2673 reeitat,
1658 2609 1857 2679 partim
1885 2625 2031 2667 novo
2062 2613 2398 2666 documento
2424 2609 2771 2663 confirmata.
2805 2605 2942 2663 Nam
2972 2610 3039 2664 de
3067 2609 3414 2680 singularum
3442 2612 3652 2680 episto-

366 2695 543 2749 larum
586 2696 924 2768 argumentis
973 2696 1259 2753 brevitatis
1294 2698 1469 2768 gratia
1521 2696 1609 2753 vix
1658 2698 1809 2769 loqui
1859 2713 2187 2768 possumus.
2243 2696 2382 2753 Cum
2429 2697 2499 2754 de
2550 2696 2817 2766 Bulgaria.-
2852 2697 3273 2767 archiepiscopo
3319 2697 3433 2768 jam
3482 2707 3635 2754 retro

368 2784 697 2853 dixerimus,
741 2785 987 2857 reliquos
1026 2785 1376 2857 alphabetico
1416 2786 1612 2842 ordine
1659 2800 2082 2856 prosequemur,
2122 2799 2359 2854 quorum
2388 2785 2435 2841 si
2464 2799 2626 2856 quam
2663 2784 2914 2839 notitiam
2950 2799 3017 2840 ex
3049 2782 3271 2841 Labbeo
3300 2785 3385 2840 vel
3424 2785 3652 2842 aliunde

371 2873 686 2938 hausimus,
718 2888 827 2929 non
861 2874 1237 2930 reticebimus.
1297 2871 1395 2945 Ep.
1433 2873 1524 2936 52,
1556 2872 1681 2941 118,
1726 2874 1849 2935 155.
1889 2874 2014 2935 154.
2043 2872 2149 2930 155
2180 2873 2389 2929 Alanis:
2443 2872 2951 2944 archiepiscopatus
2978 2882 3065 2929 est
3094 2872 3149 2926 in
3189 2872 3391 2929 Leonis
3419 2873 3651 2943 Sapien-

371 2967 443 3017 tis
472 2965 865 3019 schematismo
894 2964 1038 3035 apud
1072 2963 1469 3019 Leunclavium
1501 2971 1540 3019 t.
1571 2961 1614 3029 l,
1648 2977 1703 3035 p.
1737 2961 1830 3018 88.
1881 2962 2126 3018 Alterius
2175 2962 2504 3018 reccntioris
2542 2961 2752 3017 Alanis:
2789 2961 3188 3031 archiepiscopi
3223 2963 3425 3033 scripta
3455 2962 3647 3020 Graeca

372 3053 520 3107 haud
557 3052 872 3123 paenitenda
908 3052 1044 3106 mihi
1088 3052 1310 3126 cognita
1358 3060 1515 3120 sunt,
1551 3067 1676 3122 quas
1716 3062 1905 3123 postea
1936 3052 2205 3108 litterario
2239 3051 2358 3108 orbi
2406 3050 2754 3121 patefaciam.
2789 3050 2891 3119 Ep.
2919 3049 3010 3118 65,
3036 3050 3211 3106 Amisi
3244 3047 3508 3108 Joannes.
3545 3052 3647 3123 Ep.

372 3141 501 3208 H5,
543 3142 889 3199 Athenarum
933 3138 1153 3197 Nicetas
1205 3140 1462 3197 interfuit
1504 3139 1743 3196 concilio
1795 3140 2219 3211 Constantinop.
2271 3156 2365 3195 an.
2409 3139 2536 3194 870.
2592 3138 2927 3195 Memoratur
2970 3138 3137 3194 etiam
3186 3139 3309 3211 ejus
3355 3154 3652 3197 successor

369 3230 549 3285 Sabas
581 3229 675 3302 qui
713 3230 966 3286 interfuit
1007 3230 1468 3304 pseudo-synodo
1499 3228 1784 3287 Pbotiana:
1828 3244 1921 3285 an.
1957 3229 2084 3285 879.
2124 3228 2225 3298 Ep.
2260 3228 2383 3294 115,
2429 3228 2739 3283 Antiochiae
2780 3228 3127 3299 metropolita
3167 3226 3525 3300 Euthymius;
3562 3230 3654 3285 in-

374 3320 557 3390 tellige
590 3318 806 3376 Pisidia
827 3321 1203 3389 Antiochiam,
1234 3336 1358 3393 qua:
1393 3334 1586 3376 revera
1620 3329 1739 3375 erat
1788 3320 2129 3390 metropolis.
2167 3316 2341 3374 Labb.
2379 3319 2493 3375 ind.
2522 3333 2711 3388 geogr.
2747 3316 2851 3387 Ep.
2883 3317 3008 3383 111,
3052 3318 3177 3384 128,
3212 3316 3454 3375 Chaldiae
3488 3317 3651 3375 Basi-

372 3408 511 3474 lius;
552 3408 813 3463 mendum
854 3408 1074 3464 videtur
1116 3410 1171 3465 in
1218 3407 1458 3464 concilio
1498 3408 1922 3477 Constantinop.
1966 3412 2094 3463 anni
2126 3407 2255 3472 870,
2304 3408 2397 3462 ubi
2446 3407 2681 3463 Basilius
2723 3405 3219 3474 Chalcedonensis,
3266 3405 3501 3465 fortasse
3548 3423 3650 3480 pro

370 3495 745 3554 Chaldleusis.
787 3496 961 3553 Porro
1010 3497 1241 3554 Chaldia
1284 3496 1391 3553 fuit
1431 3512 1602 3553 unum
1653 3510 1721 3552 ex
1768 3495 1988 3567 imperii
2035 3497 2371 3551 thematibus
2412 3496 2467 3551 in
2520 3495 2744 3551 Pontica
2780 3495 3024 3567 regione.
3057 3492 3157 3565 Ep.
3187 3495 3314 3563 106,
3344 3494 3652 3553 Cbersonis

373 3584 833 3657 archiepiscopus
864 3586 1080 3641 videtur
1107 3585 1201 3642 ille
1234 3586 1436 3642 Paulus
1464 3586 1561 3657 qui
1596 3586 1702 3640 hoc
1733 3584 1893 3639 titulo
1924 3583 2255 3655 subscripsit
2299 3583 2755 3656 pseudo-synodo
2781 3583 3067 3639 Photianaa
3101 3600 3195 3640 an.
3221 3584 3348 3641 879.
3380 3584 3481 3655 Ep.
3518 3585 3649 3653 15⁷,

365 3673 548 3746 Cyzici
586 3672 913 3730 Demetrius.
949 3676 1046 3746 Ep.
1084 3675 1175 3741 50,
1207 3673 1335 3742 107,
1368 3674 1490 3741 150,
1521 3674 1643 3742 137,
1676 3674 1802 3737 158,
1848 3672 1926 3744 Cy

2086 3674 2430 3744 metropolita
2479 3672 2747 3745 lgnatius.
2802 3670 2903 3743 Ep.
2959 3672 3053 3737 93,
3093 3673 3220 3738 115,
3259 3673 3650 3745 Claudiopolos

370 3764 746 3823 Theoctistus.
774 3767 877 3837 Ep.
910 3766 1005 3831 59,
1034 3767 1129 3833 41,
1160 3767 1254 3836 42,
1287 3767 1383 3833 48,
1409 3766 1502 3830 89.
1534 3766 1627 3834 94,
1661 3765 1789 3831 121,
1827 3765 1931 3823 152

2092 3808 2108 3830 ,
2146 3765 2268 3831 151,
2304 3767 2431 3830 160,
2471 3765 2671 3836 Ephesi
2710 3764 3062 3836 metropolita
3107 3766 3409 3838 Gregorius
3444 3769 3651 3827 scribi-

371 3867 463 3911 tur
493 3856 546 3911 in
581 3854 796 3912 Oriente
826 3854 1163 3921 Christiano,
1192 3865 1234 3913 t.
1268 3856 1311 3922 1,
1341 3873 1397 3927 p.
1429 3854 1555 3923 685,
1587 3864 1642 3912 et
1672 3856 1816 3926 apud
1854 3853 2027 3911 Labb.
2073 3851 2329 3909 Interfuit
2362 3852 2817 3924 pseudo-synodo
2844 3852 3148 3910 Photianar.
3180 3855 3279 3926 Ep.
3313 3857 3441 3922 {53,
3474 3856 3652 3915 Hera-

369 3945 503 4000 clea!
534 3942 785 4001 Photius.
815 3942 913 4015 Ep.
947 3945 1043 4006 58.
1073 3945 1243 4001 leonii
1274 3961 1610 4017 auonymus.
1645 3943 1929 4000 Palladius
1949 3941 2170 4014 quidem
2212 3942 2384 3997 leonii
2421 3942 2740 3998 nominatur
2766 3944 2820 3997 in
2847 3943 3082 4014 epistola
3107 3941 3313 4002 Leonis
3342 3946 3474 4019 imp.
3501 3949 3650 4018 apud

371 4033 544 4091 Labb.
580 4044 620 4088 t.
654 4034 743 4097 IV,
778 4048 832 4104 p.
876 4032 1037 4089 l8'56.
1071 4034 1356 4105 Stylianns
1395 4042 1453 4091 et
1499 4033 1947 4107 Theophylaetus
1995 4030 2165 4088 leonii
2207 4032 2262 4087 in
2300 4032 2512 4103 synodo
2552 4029 2978 4102 Constantinop.
3011 4048 3106 4088 an.
3141 4032 3268 4089 870.
3307 4031 3650 4106 Theophilus

371 4122 544 4178 leonii
579 4125 636 4177 in
670 4122 1122 4193 pseudo-synodo
1154 4121 1442 4178 Photiana.
1481 4121 1581 4190 Ep.
1612 4122 1702 4187 85,
1731 4120 2003 4195 llydrunti
2045 4134 2378 4192 anonymus,
2410 4119 2631 4175 videtur
2664 4118 2884 4178 Marcus
2920 4119 3305 4193 Hydruntinus
3336 4124 3428 4195 qui
3461 4126 3564 4180 fuit
3594 4126 3652 4182 in

372 4211 829 4283 pseudoosynodo
862 4209 1152 4266 Photiana.
1185 4209 1285 4285 Ep.
1326 4210 1449 4276 tos.
1485 4211 1610 4275 l58,
1641 4210 1928 4267 Laodicea:
1961 4210 2303 4277 metropolita
2335 4209 2757 4267 Constantinus.
2791 4208 2890 4281 Ep.
2922 4210 3047 4276 116,
3076 4209 3316 4271 Larissa
3340 4212 3648 4285 Philippus.

374 4301 475 4372 Ep.
502 4300 598 4368 49,
628 4301 989 4371 metropolitis
1018 4313 1173 4357 extra
1208 4302 1660 4359 communionem
1688 4300 1910 4372 positis,
1937 4299 2009 4355 ob
2039 4298 2282 4355 srhisma
2324 4297 2575 4354 videlicet
2623 4300 2675 4354 in
2731 4314 2900 4355 causa
2948 4302 3323 4371 tetragamiae;
3366 4317 3399 4358 a
3446 4303 3653 4373 quibus

372 4390 624 4456 queritur
656 4404 715 4444 se
743 4389 1093 4457 derelictum,
1129 4405 1159 4445 a
1201 4390 1331 4447 filiis
1360 4401 1596 4461 patrem.
1634 4389 1735 4460 Ep.
1781 4391 1872 4455 71,
1911 4390 2038 4457 100,
2090 4388 2284 4446 Nicaeae
2316 4388 2627 4443 Alexander
2673 4389 2728 4444 in
2781 4388 2999 4446 Oriente
3042 4390 3247 4446 Cltrist.
3279 4399 3321 4447 t.
3352 4389 3396 4457 l,
3427 4408 3481 4462 p.
3520 4391 3651 4449 ωε.

375 4477 473 4549 Ep.
497 4479 591 4542 96.
618 4478 711 4546 97,
745 4477 1077 4536 Nicomedia
1112 4479 1376 4551 lgnatius.
1414 4480 1517 4552 Ep.
1539 4481 1633 4540 45.
1667 4479 1790 4544 119,
1824 4479 1939 4545 125τ

2088 4488 2290 4535 irarum
2324 4478 2673 4549 nietr0polita
2706 4480 2974 4537 Andreas.
3009 4479 3107 4549 Ep.
3148 4480 3275 4548 108,
3320 4480 3445 4545 110,
3475 4478 3652 4537 Pissi-

375 4568 564 4626 nuutis
598 4566 913 4625 Eustratius
941 4570 997 4625 in
1036 4570 1485 4644 pseudo-synodo
1516 4568 1809 4623 Photinus.
1847 4567 1947 4639 Ep.
1984 4570 2109 4635 Mi,
2142 4569 2400 4625 Sardium
2436 4569 2785 4639 metropolita
2813 4568 3112 4626 Antonius.
3154 4567 3256 4641 Ep.
3294 4568 3385 4636 57,
3418 4569 3655 4643 Synadis

372 4671 702 4731 anonymus.
742 4656 939 4714 Petrus
975 4657 1353 4729 Synnadensis
1404 4659 1460 4713 in
1509 4657 1749 4711 concilio
1780 4656 2205 4728 Constantinop.
2241 4658 2371 4713 anni
2417 4657 2546 4714 870.
2593 4657 2856 4714 Nicolaus
2904 4656 3286 4730 Synnadensls
3322 4658 3375 4712 in
3418 4660 3655 4728 pseudo-

373 4746 588 4817 synodo
619 4746 888 4802 Photiana
929 4748 1061 4803 anni
1107 4747 1235 4803 879.
1279 4746 1358 4801 Ad
1414 4747 1559 4802 hunc
1612 4746 1857 4803 scribere
1901 4745 2192 4801 Nicolaum
2250 4749 2623 4816 patriarcham
2669 4744 3149 4804 credendum‘est.
3207 4746 3307 4819 Ep.
3355 4747 3480 4813 117,
3524 4746 3653 4818 129,

375 4834 539 4905 Syliei
573 4834 703 4892 Leo.
745 4836 845 4905 Ep.
886 4836 1008 4897 122.
1044 4835 1373 4890 Ambrosius
1400 4834 1715 4905 episcopus.
1756 4835 1855 4905 Ep.
1882 4833 1974 4899 98,
2004 4850 2315 4909 auonymus
2339 4835 2660 4906 episcopus.

446 4922 502 4977 lit
533 4924 700 4995 hujus
727 4926 934 4995 quintae
972 4925 1166 4981 classis
1194 4923 1443 4995 epistolis
1488 4924 1674 4994 agitur
1720 4922 1790 4978 de
1839 4924 2199 4979 ecclesiarum
2230 4925 2519 4995 regimine.
2555 4925 2624 4979 de
2654 4924 2956 4982 schismate
2978 4924 3319 4995 tetragamia
3347 4938 3535 4988 causa,
3586 4922 3659 4981 de

376 5012 547 5067 variis
578 5013 723 5066 circa
755 5027 876 5067 eam
904 5023 1122 5068 atatem
1156 5012 1408 5084 personis
1437 5012 1525 5068 vel
1562 5012 1824 5083 negotiis,
1870 5014 1938 5067 de
1978 5012 2228 5082 ejusdem
2264 5014 2531 5083 temporis
2568 5013 3002 5069 calamitatibus.
3049 5012 3109 5070 In
3150 5028 3239 5086 ep.
3267 5012 3339 5068 91
3365 5013 3658 5079 attingitur

376 5101 745 5155 lmmunitatis
781 5103 1170 5158 ecclesiasticae
1212 5101 1327 5171 jus.
1385 5100 1611 5171 Aliquot
1657 5101 1898 5170 denique
1926 5101 2176 5171 epistola:
2202 5100 2503 5156 familiares
2532 5111 2663 5157 sunt
2688 5113 2743 5159 et
2768 5102 3050 5159 olllciosae.
3082 5103 3494 5174 Anonymarum
3526 5099 3659 5174 qui-

375 5189 497 5244 dem
527 5189 887 5261 cpistolarum
922 5190 1201 5246 nonnullae
1230 5190 1441 5262 absque
1470 5188 1642 5244 dubio
1674 5190 1996 5245 scribuntur
2025 5191 2093 5245 ad
2125 5192 2437 5261 episcOpes.

1801 5299 2005 5357 Classis
2041 5313 2212 5357 sexta.

446 5436 518 5494 Χ.
570 5436 901 5496 Scribuntur
924 5439 1093 5509 hujus
1123 5440 1321 5497 classis
1353 5439 1609 5511 epistola:
1640 5440 1710 5496 ad
1755 5439 1948 5498 civiles
1996 5438 2378 5511 magistratus.
2430 5438 2641 5496 Horum
2683 5440 2933 5496 notitiam
2984 5441 3074 5497 vix
3121 5441 3287 5498 ullam
3322 5449 3518 5497 autne
3565 5440 3658 5496 vix

374 5526 596 5598 quidem
619 5528 879 5597 scribam,
902 5529 1034 5601 quia
1063 5527 1134 5587 de
1166 5530 1422 5603 personis
1466 5529 1671 5603 longus
1712 5544 1897 5586 sermo
1926 5526 2094 5598 foret,
2122 5526 2427 5587 olliciorum
2469 5538 2653 5586 autem
2684 5529 2827 5585 tituli
2863 5530 2977 5587 noti
3013 5540 3143 5588 sunt
3185 5538 3253 5588 ex
3284 5530 3442 5587 libris
3476 5530 3545 5588 de
3566 5529 3654 5587 di-

376 5617 679 5687 giiitutiirus
707 5616 844 5677 aula:
886 5616 1219 5687 Byzantium,
1265 5628 1605 5691 puetcctura:
1652 5619 1888 5691 denique
1928 5617 2201 5691 pleneque
2250 5620 2641 5697 describuntur
2692 5619 2746 5676 in
2798 5619 3149 5678 Constantini
3200 5621 3331 5693 imp.
3385 5621 3526 5677 libro
3579 5617 3657 5677 Ds
