  <div class='ocr_page' id='page_1' title='image "/cluster/home/n/w/nwhite01/storage/ocr_20150623/111/mdp.39015009379887/023.png"; bbox 0 0 3920 6124; ppageno 0'>
   <div class='ocr_carea' id='block_1_1' title="bbox 387 212 2530 280">
    <p class='ocr_par' dir='ltr' id='par_1_1' title="bbox 387 212 2530 280">
     <span class='ocr_line' id='line_1_1' title="bbox 387 212 2530 280; baseline 0.001 -3"><span class='ocrx_word' id='word_1_1' title='bbox 387 212 450 279; x_wconf 78' lang='lat' dir='ltr'><strong>3i</strong></span> <span class='ocrx_word' id='word_1_2' title='bbox 1513 214 1819 277; x_wconf 74' lang='lat' dir='ltr'><strong>NICOLAI</strong></span> <span class='ocrx_word' id='word_1_3' title='bbox 1861 216 1971 278; x_wconf 69' lang='grc' dir='ltr'><strong>(ΞΡ.</strong></span> <span class='ocrx_word' id='word_1_4' title='bbox 2012 215 2530 280; x_wconf 69' lang='lat' dir='ltr'><strong>PATRIARCII/K</strong></span> 
     </span>
    </p>
   </div>
   <div class='ocr_carea' id='block_1_2' title="bbox 3580 212 3670 280">
    <p class='ocr_par' dir='ltr' id='par_1_2' title="bbox 3580 212 3670 280">
     <span class='ocr_line' id='line_1_2' title="bbox 3580 212 3670 280; baseline -0.056 0"><span class='ocrx_word' id='word_1_5' title='bbox 3580 212 3670 280; x_wconf 73' lang='lat'><strong>32</strong></span> 
     </span>
    </p>
   </div>
   <div class='ocr_carea' id='block_1_3' title="bbox 390 330 1985 407">
    <p class='ocr_par' dir='ltr' id='par_1_3' title="bbox 390 332 1971 406">
     <span class='ocr_line' id='line_1_3' title="bbox 390 332 1971 406; baseline 0.002 -18"><span class='ocrx_word' id='word_1_6' title='bbox 390 333 685 390; x_wconf 72' lang='lat' dir='ltr'><strong>Saracenis</strong></span> <span class='ocrx_word' id='word_1_7' title='bbox 714 334 831 404; x_wconf 81' lang='lat' dir='ltr'><strong>lege</strong></span> <span class='ocrx_word' id='word_1_8' title='bbox 870 332 1209 405; x_wconf 88' lang='lat' dir='ltr'><strong>gubernatis,</strong></span> <span class='ocrx_word' id='word_1_9' title='bbox 1246 344 1301 389; x_wconf 90' lang='lat' dir='ltr'><strong>et</strong></span> <span class='ocrx_word' id='word_1_10' title='bbox 1335 332 1517 389; x_wconf 92' lang='lat' dir='ltr'><strong>insula</strong></span> <span class='ocrx_word' id='word_1_11' title='bbox 1560 350 1705 406; x_wconf 73' lang='lat' dir='ltr'><strong>quac,</strong></span> <span class='ocrx_word' id='word_1_12' title='bbox 1754 346 1971 393; x_wconf 89' lang='lat' dir='ltr'><strong>trecen-</strong></span> 
     </span>
    </p>
   </div>
   <div class='ocr_carea' id='block_1_4' title="bbox 2087 330 3671 407">
    <p class='ocr_par' dir='ltr' id='par_1_4' title="bbox 2087 330 3671 407">
     <span class='ocr_line' id='line_1_4' title="bbox 2087 330 3671 407; baseline -0.004 -17"><span class='ocrx_word' id='word_1_13' title='bbox 2087 335 2189 399; x_wconf 71' lang='grc' dir='ltr'><strong>νοῖς</strong></span> <span class='ocrx_word' id='word_1_14' title='bbox 2217 337 2331 400; x_wconf 88' lang='grc' dir='ltr'><strong>τοῖς</strong></span> <span class='ocrx_word' id='word_1_15' title='bbox 2360 335 2512 405; x_wconf 78' lang='grc' dir='ltr'><strong>νόμῳ</strong></span> <span class='ocrx_word' id='word_1_16' title='bbox 2536 333 2994 405; x_wconf 74' lang='grc' dir='ltr'><strong>πολιτευομένοις,</strong></span> <span class='ocrx_word' id='word_1_17' title='bbox 3025 333 3118 387; x_wconf 73' lang='grc' dir='ltr'><strong>καὶ</strong></span> <span class='ocrx_word' id='word_1_18' title='bbox 3145 333 3309 404; x_wconf 78' lang='grc' dir='ltr'><strong>νῆσος</strong></span> <span class='ocrx_word' id='word_1_19' title='bbox 3329 330 3531 407; x_wconf 79' lang='grc' dir='ltr'><strong>μικροῦ</strong></span> <span class='ocrx_word' id='word_1_20' title='bbox 3564 331 3671 405; x_wconf 60' lang='lat' dir='ltr'><strong>[sq</strong></span> 
     </span>
    </p>
   </div>
   <div class='ocr_carea' id='block_1_5' title="bbox 389 426 1970 497">
    <p class='ocr_par' dir='ltr' id='par_1_5' title="bbox 389 426 1970 497">
     <span class='ocr_line' id='line_1_5' title="bbox 389 426 1970 497; baseline 0.005 -18"><span class='ocrx_word' id='word_1_21' title='bbox 389 426 463 481; x_wconf 85' lang='lat' dir='ltr'><strong>tis</strong></span> <span class='ocrx_word' id='word_1_22' title='bbox 510 426 621 480; x_wconf 81' lang='lat' dir='ltr'><strong>fere</strong></span> <span class='ocrx_word' id='word_1_23' title='bbox 666 426 865 483; x_wconf 86' lang='lat' dir='ltr'><strong>abhinc</strong></span> <span class='ocrx_word' id='word_1_24' title='bbox 917 428 1098 491; x_wconf 89' lang='lat' dir='ltr'><strong>annis,</strong></span> <span class='ocrx_word' id='word_1_25' title='bbox 1149 443 1216 483; x_wconf 78' lang='lat' dir='ltr'><strong>ex</strong></span> <span class='ocrx_word' id='word_1_26' title='bbox 1277 442 1389 497; x_wconf 92' lang='lat' dir='ltr'><strong>quo</strong></span> <span class='ocrx_word' id='word_1_27' title='bbox 1472 427 1762 485; x_wconf 88' lang='lat' dir='ltr'><strong>tributaria</strong></span> <span class='ocrx_word' id='word_1_28' title='bbox 1818 431 1970 487; x_wconf 87' lang='lat' dir='ltr'><strong>vobis</strong></span> 
     </span>
    </p>
   </div>
   <div class='ocr_carea' id='block_1_6' title="bbox 398 517 1968 587">
    <p class='ocr_par' dir='ltr' id='par_1_6' title="bbox 398 517 1968 587">
     <span class='ocr_line' id='line_1_6' title="bbox 398 517 1968 587; baseline 0.003 -16"><span class='ocrx_word' id='word_1_29' title='bbox 398 517 589 573; x_wconf 80' lang='lat' dir='ltr'><strong>clIecta</strong></span> <span class='ocrx_word' id='word_1_30' title='bbox 613 528 717 579; x_wconf 89' lang='lat' dir='ltr'><strong>est.</strong></span> <span class='ocrx_word' id='word_1_31' title='bbox 745 531 1022 585; x_wconf 79' lang='lat' dir='ltr'><strong>nunquam</strong></span> <span class='ocrx_word' id='word_1_32' title='bbox 1053 517 1402 575; x_wconf 77' lang='lat' dir='ltr'><strong>subditorum</strong></span> <span class='ocrx_word' id='word_1_33' title='bbox 1427 518 1674 575; x_wconf 85' lang='lat' dir='ltr'><strong>ordinem</strong></span> <span class='ocrx_word' id='word_1_34' title='bbox 1701 521 1968 587; x_wconf 72' lang='lat' dir='ltr'><strong>decernit,</strong></span> 
     </span>
    </p>
   </div>
   <div class='ocr_carea' id='block_1_7' title="bbox 393 610 1973 681">
    <p class='ocr_par' dir='ltr' id='par_1_7' title="bbox 393 610 1973 681">
     <span class='ocr_line' id='line_1_7' title="bbox 393 610 1973 681; baseline 0.004 -16"><span class='ocrx_word' id='word_1_35' title='bbox 393 626 571 680; x_wconf 86' lang='lat' dir='ltr'><strong>neque</strong></span> <span class='ocrx_word' id='word_1_36' title='bbox 619 611 915 679; x_wconf 83' lang='lat' dir='ltr'><strong>quidquam</strong></span> <span class='ocrx_word' id='word_1_37' title='bbox 967 610 1092 666; x_wconf 88' lang='lat' dir='ltr'><strong>novi</strong></span> <span class='ocrx_word' id='word_1_38' title='bbox 1144 611 1367 668; x_wconf 88' lang='lat' dir='ltr'><strong>admisit</strong></span> <span class='ocrx_word' id='word_1_39' title='bbox 1411 611 1557 667; x_wconf 88' lang='lat' dir='ltr'><strong>circa</strong></span> <span class='ocrx_word' id='word_1_40' title='bbox 1595 613 1819 681; x_wconf 90' lang='lat' dir='ltr'><strong>tributa,</strong></span> <span class='ocrx_word' id='word_1_41' title='bbox 1856 613 1973 672; x_wconf 86' lang='lat' dir='ltr'><strong>sive</strong></span> 
     </span>
    </p>
   </div>
   <div class='ocr_carea' id='block_1_8' title="bbox 394 701 1969 773">
    <p class='ocr_par' dir='ltr' id='par_1_8' title="bbox 394 701 1969 773">
     <span class='ocr_line' id='line_1_8' title="bbox 394 701 1969 773; baseline 0.004 -18"><span class='ocrx_word' id='word_1_42' title='bbox 394 702 768 773; x_wconf 86' lang='lat' dir='ltr'><strong>quodcunque</strong></span> <span class='ocrx_word' id='word_1_43' title='bbox 794 702 937 757; x_wconf 81' lang='lat' dir='ltr'><strong>aliud</strong></span> <span class='ocrx_word' id='word_1_44' title='bbox 969 702 1254 758; x_wconf 71' lang='lat' dir='ltr'><strong>servitium</strong></span> <span class='ocrx_word' id='word_1_45' title='bbox 1277 701 1569 760; x_wconf 88' lang='lat' dir='ltr'><strong>Saracenis</strong></span> <span class='ocrx_word' id='word_1_46' title='bbox 1598 704 1969 773; x_wconf 90' lang='lat' dir='ltr'><strong>tribuendum,</strong></span> 
     </span>
    </p>
   </div>
   <div class='ocr_carea' id='block_1_9' title="bbox 394 793 1970 866">
    <p class='ocr_par' dir='ltr' id='par_1_9' title="bbox 394 793 1970 866">
     <span class='ocr_line' id='line_1_9' title="bbox 394 793 1970 866; baseline 0.002 -18"><span class='ocrx_word' id='word_1_47' title='bbox 394 809 575 865; x_wconf 77' lang='lat' dir='ltr'><strong>neque</strong></span> <span class='ocrx_word' id='word_1_48' title='bbox 596 794 760 849; x_wconf 83' lang='lat' dir='ltr'><strong>ullam</strong></span> <span class='ocrx_word' id='word_1_49' title='bbox 814 793 1227 864; x_wconf 83' lang='lat' dir='ltr'><strong>reprehensioni</strong></span> <span class='ocrx_word' id='word_1_50' title='bbox 1267 809 1490 851; x_wconf 84' lang='lat' dir='ltr'><strong>causam</strong></span> <span class='ocrx_word' id='word_1_51' title='bbox 1529 810 1639 866; x_wconf 70' lang='lat' dir='ltr'><strong>pra:</strong></span> <span class='ocrx_word' id='word_1_52' title='bbox 1673 811 1732 851; x_wconf 87' lang='lat' dir='ltr'><strong>se</strong></span> <span class='ocrx_word' id='word_1_53' title='bbox 1762 795 1970 861; x_wconf 78' lang='lat' dir='ltr'><strong>ferens,</strong></span> 
     </span>
    </p>
   </div>
   <div class='ocr_carea' id='block_1_10' title="bbox 394 884 1973 956">
    <p class='ocr_par' dir='ltr' id='par_1_10' title="bbox 394 884 1973 956">
     <span class='ocr_line' id='line_1_10' title="bbox 394 884 1973 956; baseline 0.001 -15"><span class='ocrx_word' id='word_1_54' title='bbox 394 884 513 941; x_wconf 90' lang='lat' dir='ltr'><strong>sola</strong></span> <span class='ocrx_word' id='word_1_55' title='bbox 572 886 813 940; x_wconf 82' lang='lat' dir='ltr'><strong>amentia</strong></span> <span class='ocrx_word' id='word_1_56' title='bbox 862 884 1103 940; x_wconf 85' lang='lat' dir='ltr'><strong>hominis</strong></span> <span class='ocrx_word' id='word_1_57' title='bbox 1166 886 1261 956; x_wconf 87' lang='lat' dir='ltr'><strong>qui</strong></span> <span class='ocrx_word' id='word_1_58' title='bbox 1317 886 1761 943; x_wconf 84' lang='lat' dir='ltr'><strong>Christianorum</strong></span> <span class='ocrx_word' id='word_1_59' title='bbox 1812 886 1973 943; x_wconf 86' lang='lat' dir='ltr'><strong>iidem</strong></span> 
     </span>
    </p>
   </div>
   <div class='ocr_carea' id='block_1_11' title="bbox 395 974 1976 1046">
    <p class='ocr_par' dir='ltr' id='par_1_11' title="bbox 395 974 1976 1046">
     <span class='ocr_line' id='line_1_11' title="bbox 395 974 1976 1046; baseline 0.001 -15"><span class='ocrx_word' id='word_1_60' title='bbox 395 978 636 1046; x_wconf 76' lang='lat' dir='ltr'><strong>negavit,</strong></span> <span class='ocrx_word' id='word_1_61' title='bbox 671 976 882 1030; x_wconf 89' lang='lat' dir='ltr'><strong>cultum</strong></span> <span class='ocrx_word' id='word_1_62' title='bbox 915 990 1045 1031; x_wconf 87' lang='lat' dir='ltr'><strong>vero</strong></span> <span class='ocrx_word' id='word_1_63' title='bbox 1092 974 1498 1033; x_wconf 87' lang='lat' dir='ltr'><strong>Saracenorum</strong></span> <span class='ocrx_word' id='word_1_64' title='bbox 1550 977 1845 1044; x_wconf 85' lang='lat' dir='ltr'><strong>adulterat,</strong></span> <span class='ocrx_word' id='word_1_65' title='bbox 1877 978 1976 1033; x_wconf 84' lang='lat' dir='ltr'><strong>de-</strong></span> 
     </span>
    </p>
   </div>
   <div class='ocr_carea' id='block_1_12' title="bbox 394 1070 1975 1144">
    <p class='ocr_par' dir='ltr' id='par_1_12' title="bbox 394 1070 1975 1144">
     <span class='ocr_line' id='line_1_12' title="bbox 394 1070 1975 1144; baseline 0 -19"><span class='ocrx_word' id='word_1_66' title='bbox 394 1079 543 1126; x_wconf 86' lang='lat' dir='ltr'><strong>serta</strong></span> <span class='ocrx_word' id='word_1_67' title='bbox 578 1071 721 1126; x_wconf 79' lang='lat' dir='ltr'><strong>facta</strong></span> <span class='ocrx_word' id='word_1_68' title='bbox 752 1079 835 1126; x_wconf 88' lang='lat' dir='ltr'><strong>est</strong></span> <span class='ocrx_word' id='word_1_69' title='bbox 864 1087 928 1127; x_wconf 88' lang='lat' dir='ltr'><strong>ac</strong></span> <span class='ocrx_word' id='word_1_70' title='bbox 957 1072 1140 1141; x_wconf 89' lang='lat' dir='ltr'><strong>periit,</strong></span> <span class='ocrx_word' id='word_1_71' title='bbox 1168 1072 1401 1144; x_wconf 83' lang='lat' dir='ltr'><strong>eiusque</strong></span> <span class='ocrx_word' id='word_1_72' title='bbox 1447 1072 1640 1129; x_wconf 78' lang='lat' dir='ltr'><strong>incolae</strong></span> <span class='ocrx_word' id='word_1_73' title='bbox 1663 1071 1755 1127; x_wconf 83' lang='lat' dir='ltr'><strong>alii</strong></span> <span class='ocrx_word' id='word_1_74' title='bbox 1794 1070 1975 1144; x_wconf 86' lang='lat' dir='ltr'><strong>gladio</strong></span> 
     </span>
    </p>
   </div>
   <div class='ocr_carea' id='block_1_13' title="bbox 398 1163 1974 1234">
    <p class='ocr_par' dir='ltr' id='par_1_13' title="bbox 398 1163 1974 1234">
     <span class='ocr_line' id='line_1_13' title="bbox 398 1163 1974 1234; baseline 0.001 -17"><span class='ocrx_word' id='word_1_75' title='bbox 398 1166 548 1226; x_wconf 62' lang='grc' dir='ltr'><strong>(πεδί,</strong></span> <span class='ocrx_word' id='word_1_76' title='bbox 586 1163 678 1218; x_wconf 85' lang='lat' dir='ltr'><strong>alii</strong></span> <span class='ocrx_word' id='word_1_77' title='bbox 704 1178 831 1216; x_wconf 88' lang='lat' dir='ltr'><strong>vero</strong></span> <span class='ocrx_word' id='word_1_78' title='bbox 874 1163 1098 1219; x_wconf 83' lang='lat' dir='ltr'><strong>sedibus</strong></span> <span class='ocrx_word' id='word_1_79' title='bbox 1133 1163 1251 1219; x_wconf 85' lang='lat' dir='ltr'><strong>suis</strong></span> <span class='ocrx_word' id='word_1_80' title='bbox 1285 1164 1523 1234; x_wconf 71' lang='lat' dir='ltr'><strong>expulsi,</strong></span> <span class='ocrx_word' id='word_1_81' title='bbox 1576 1164 1720 1219; x_wconf 85' lang='lat' dir='ltr'><strong>istud</strong></span> <span class='ocrx_word' id='word_1_82' title='bbox 1763 1173 1974 1220; x_wconf 89' lang='lat' dir='ltr'><strong>tantum</strong></span> 
     </span>
    </p>
   </div>
   <div class='ocr_carea' id='block_1_14' title="bbox 401 1228 1978 1325">
    <p class='ocr_par' dir='ltr' id='par_1_14' title="bbox 401 1228 1978 1325">
     <span class='ocr_line' id='line_1_14' title="bbox 401 1228 1978 1325; baseline 0.003 -16"><span class='ocrx_word' id='word_1_83' title='bbox 401 1255 609 1309; x_wconf 83' lang='lat' dir='ltr'><strong>crimen</strong></span> <span class='ocrx_word' id='word_1_84' title='bbox 644 1254 906 1310; x_wconf 85' lang='lat' dir='ltr'><strong>habentes</strong></span> <span class='ocrx_word' id='word_1_85' title='bbox 932 1254 1074 1324; x_wconf 85' lang='lat' dir='ltr'><strong>quod</strong></span> <span class='ocrx_word' id='word_1_86' title='bbox 1112 1263 1262 1311; x_wconf 88' lang='lat' dir='ltr'><strong>tanto</strong></span> <span class='ocrx_word' id='word_1_87' title='bbox 1289 1228 1532 1325; x_wconf 57' lang='lat' dir='ltr'><strong>terbpo&#39;re</strong></span> <span class='ocrx_word' id='word_1_88' title='bbox 1561 1255 1797 1314; x_wconf 83' lang='lat' dir='ltr'><strong>libenter</strong></span> <span class='ocrx_word' id='word_1_89' title='bbox 1818 1257 1978 1313; x_wconf 91' lang='lat' dir='ltr'><strong>vobis</strong></span> 
     </span>
    </p>
   </div>
   <div class='ocr_carea' id='block_1_15' title="bbox 400 1347 1979 1421">
    <p class='ocr_par' dir='ltr' id='par_1_15' title="bbox 400 1347 1979 1421">
     <span class='ocr_line' id='line_1_15' title="bbox 400 1347 1979 1421; baseline 0.002 -19"><span class='ocrx_word' id='word_1_90' title='bbox 400 1347 711 1410; x_wconf 82' lang='lat' dir='ltr'><strong>servierint,</strong></span> <span class='ocrx_word' id='word_1_91' title='bbox 749 1362 928 1418; x_wconf 88' lang='lat' dir='ltr'><strong>neque</strong></span> <span class='ocrx_word' id='word_1_92' title='bbox 970 1362 1209 1418; x_wconf 82' lang='lat' dir='ltr'><strong>unquam</strong></span> <span class='ocrx_word' id='word_1_93' title='bbox 1235 1347 1439 1404; x_wconf 78' lang='lat' dir='ltr'><strong>fuerint</strong></span> <span class='ocrx_word' id='word_1_94' title='bbox 1478 1349 1532 1403; x_wconf 94' lang='lat' dir='ltr'><strong>in</strong></span> <span class='ocrx_word' id='word_1_95' title='bbox 1562 1358 1808 1405; x_wconf 87' lang='lat' dir='ltr'><strong>vestrum</strong></span> <span class='ocrx_word' id='word_1_96' title='bbox 1852 1364 1979 1421; x_wconf 82' lang='lat' dir='ltr'><strong>pec-</strong></span> 
     </span>
    </p>
   </div>
   <div class='ocr_carea' id='block_1_16' title="bbox 397 1440 1979 1516">
    <p class='ocr_par' dir='ltr' id='par_1_16' title="bbox 397 1440 1979 1516">
     <span class='ocr_line' id='line_1_16' title="bbox 397 1440 1979 1516; baseline 0.004 -22"><span class='ocrx_word' id='word_1_97' title='bbox 397 1449 586 1495; x_wconf 87' lang='lat' dir='ltr'><strong>cantes</strong></span> <span class='ocrx_word' id='word_1_98' title='bbox 650 1440 974 1511; x_wconf 81' lang='lat' dir='ltr'><strong>obsequium</strong></span> <span class='ocrx_word' id='word_1_99' title='bbox 1025 1440 1372 1511; x_wconf 82' lang='lat' dir='ltr'><strong>deprehensi,</strong></span> <span class='ocrx_word' id='word_1_100' title='bbox 1402 1441 1533 1498; x_wconf 89' lang='lat' dir='ltr'><strong>licet</strong></span> <span class='ocrx_word' id='word_1_101' title='bbox 1567 1445 1767 1513; x_wconf 70' lang='lat' dir='ltr'><strong>saepius</strong></span> <span class='ocrx_word' id='word_1_102' title='bbox 1798 1444 1979 1516; x_wconf 83' lang='lat' dir='ltr'><strong>gravi-</strong></span> 
     </span>
    </p>
   </div>
   <div class='ocr_carea' id='block_1_17' title="bbox 398 1530 1977 1608">
    <p class='ocr_par' dir='ltr' id='par_1_17' title="bbox 398 1530 1977 1608">
     <span class='ocr_line' id='line_1_17' title="bbox 398 1530 1977 1608; baseline 0.003 -21"><span class='ocrx_word' id='word_1_103' title='bbox 398 1543 481 1587; x_wconf 85' lang='lat' dir='ltr'><strong>ter</strong></span> <span class='ocrx_word' id='word_1_104' title='bbox 508 1532 565 1586; x_wconf 92' lang='lat' dir='ltr'><strong>in</strong></span> <span class='ocrx_word' id='word_1_105' title='bbox 607 1548 703 1588; x_wconf 87' lang='lat' dir='ltr'><strong>eos</strong></span> <span class='ocrx_word' id='word_1_106' title='bbox 748 1544 941 1588; x_wconf 90' lang='lat' dir='ltr'><strong>contra</strong></span> <span class='ocrx_word' id='word_1_107' title='bbox 973 1530 1245 1590; x_wconf 74' lang='lat' dir='ltr'><strong>fmderum</strong></span> <span class='ocrx_word' id='word_1_108' title='bbox 1300 1533 1428 1604; x_wconf 85' lang='lat' dir='ltr'><strong>jura</strong></span> <span class='ocrx_word' id='word_1_109' title='bbox 1477 1543 1533 1591; x_wconf 90' lang='lat' dir='ltr'><strong>et</strong></span> <span class='ocrx_word' id='word_1_110' title='bbox 1575 1536 1721 1607; x_wconf 86' lang='lat' dir='ltr'><strong>quod</strong></span> <span class='ocrx_word' id='word_1_111' title='bbox 1757 1551 1977 1608; x_wconf 67' lang='lat' dir='ltr'><strong>aequum</strong></span> 
     </span>
    </p>
   </div>
   <div class='ocr_carea' id='block_1_18' title="bbox 399 1624 1972 1700">
    <p class='ocr_par' dir='ltr' id='par_1_18' title="bbox 399 1624 1972 1700">
     <span class='ocr_line' id='line_1_18' title="bbox 399 1624 1972 1700; baseline 0.004 -23"><span class='ocrx_word' id='word_1_112' title='bbox 399 1634 539 1688; x_wconf 76' lang='lat' dir='ltr'><strong>erat,</strong></span> <span class='ocrx_word' id='word_1_113' title='bbox 583 1624 796 1680; x_wconf 73' lang='lat' dir='ltr'><strong>fueritis</strong></span> <span class='ocrx_word' id='word_1_114' title='bbox 828 1624 1068 1693; x_wconf 80' lang='lat' dir='ltr'><strong>invecti;</strong></span> <span class='ocrx_word' id='word_1_115' title='bbox 1112 1626 1208 1681; x_wconf 88' lang='lat' dir='ltr'><strong>sed</strong></span> <span class='ocrx_word' id='word_1_116' title='bbox 1246 1635 1299 1683; x_wconf 89' lang='lat' dir='ltr'><strong>et</strong></span> <span class='ocrx_word' id='word_1_117' title='bbox 1329 1627 1375 1684; x_wconf 95' lang='lat' dir='ltr'><strong>si</strong></span> <span class='ocrx_word' id='word_1_118' title='bbox 1417 1629 1639 1700; x_wconf 85' lang='lat' dir='ltr'><strong>quando</strong></span> <span class='ocrx_word' id='word_1_119' title='bbox 1664 1638 1972 1699; x_wconf 87' lang='lat' dir='ltr'><strong>peccantes,</strong></span> 
     </span>
    </p>
   </div>
   <div class='ocr_carea' id='block_1_19' title="bbox 401 1695 2053 1791">
    <p class='ocr_par' dir='ltr' id='par_1_19' title="bbox 401 1695 2053 1791">
     <span class='ocr_line' id='line_1_19' title="bbox 401 1695 2053 1791; baseline 0.003 -18"><span class='ocrx_word' id='word_1_120' title='bbox 401 1728 463 1773; x_wconf 88' lang='lat' dir='ltr'><strong>ut</strong></span> <span class='ocrx_word' id='word_1_121' title='bbox 543 1718 857 1774; x_wconf 81' lang='lat' dir='ltr'><strong>hominibus</strong></span> <span class='ocrx_word' id='word_1_122' title='bbox 905 1734 1003 1788; x_wconf 84' lang='lat' dir='ltr'><strong>par</strong></span> <span class='ocrx_word' id='word_1_123' title='bbox 1054 1728 1159 1785; x_wconf 89' lang='lat' dir='ltr'><strong>est,</strong></span> <span class='ocrx_word' id='word_1_124' title='bbox 1225 1695 1451 1791; x_wconf 69' lang='lat' dir='ltr'><strong>aliquid</strong></span> <span class='ocrx_word' id='word_1_125' title='bbox 1488 1695 1682 1777; x_wconf 73' lang='lat' dir='ltr'><strong>contra</strong></span> <span class='ocrx_word' id='word_1_126' title='bbox 1735 1732 1977 1778; x_wconf 80' lang='lat' dir='ltr'><strong>vestram</strong></span> <span class='ocrx_word' id='word_1_127' title='bbox 2011 1695 2053 1753; x_wconf 71' lang='grc' dir='ltr'><strong><em>Β</em></strong></span> 
     </span>
    </p>
   </div>
   <div class='ocr_carea' id='block_1_20' title="bbox 406 1810 1980 1885">
    <p class='ocr_par' dir='ltr' id='par_1_20' title="bbox 406 1810 1980 1885">
     <span class='ocr_line' id='line_1_20' title="bbox 406 1810 1980 1885; baseline 0.004 -20"><span class='ocrx_word' id='word_1_128' title='bbox 406 1810 746 1866; x_wconf 83' lang='lat' dir='ltr'><strong>voluntatem</strong></span> <span class='ocrx_word' id='word_1_129' title='bbox 784 1810 923 1866; x_wconf 80' lang='lat' dir='ltr'><strong>forte</strong></span> <span class='ocrx_word' id='word_1_130' title='bbox 957 1810 1280 1878; x_wconf 86' lang='lat' dir='ltr'><strong>voluissent,</strong></span> <span class='ocrx_word' id='word_1_131' title='bbox 1314 1826 1423 1868; x_wconf 90' lang='lat' dir='ltr'><strong>non</strong></span> <span class='ocrx_word' id='word_1_132' title='bbox 1469 1824 1656 1868; x_wconf 88' lang='lat' dir='ltr'><strong>tamen</strong></span> <span class='ocrx_word' id='word_1_133' title='bbox 1694 1815 1980 1885; x_wconf 82' lang='lat' dir='ltr'><strong>oportebat</strong></span> 
     </span>
    </p>
   </div>
   <div class='ocr_carea' id='block_1_21' title="bbox 401 1902 1983 1974">
    <p class='ocr_par' dir='ltr' id='par_1_21' title="bbox 401 1902 1983 1974">
     <span class='ocr_line' id='line_1_21' title="bbox 401 1902 1983 1974; baseline 0.003 -18"><span class='ocrx_word' id='word_1_134' title='bbox 401 1916 502 1958; x_wconf 88' lang='lat' dir='ltr'><strong>eos</strong></span> <span class='ocrx_word' id='word_1_135' title='bbox 549 1902 723 1958; x_wconf 82' lang='lat' dir='ltr'><strong>armis</strong></span> <span class='ocrx_word' id='word_1_136' title='bbox 760 1902 834 1957; x_wconf 88' lang='lat' dir='ltr'><strong>ita</strong></span> <span class='ocrx_word' id='word_1_137' title='bbox 887 1903 1108 1973; x_wconf 88' lang='lat' dir='ltr'><strong>aggredi</strong></span> <span class='ocrx_word' id='word_1_138' title='bbox 1160 1919 1263 1961; x_wconf 92' lang='lat' dir='ltr'><strong>nec</strong></span> <span class='ocrx_word' id='word_1_139' title='bbox 1308 1904 1494 1960; x_wconf 87' lang='lat' dir='ltr'><strong>statim</strong></span> <span class='ocrx_word' id='word_1_140' title='bbox 1542 1904 1598 1959; x_wconf 90' lang='lat' dir='ltr'><strong>in</strong></span> <span class='ocrx_word' id='word_1_141' title='bbox 1640 1913 1879 1974; x_wconf 79' lang='lat' dir='ltr'><strong>stragem</strong></span> <span class='ocrx_word' id='word_1_142' title='bbox 1927 1914 1983 1961; x_wconf 88' lang='lat' dir='ltr'><strong>et</strong></span> 
     </span>
    </p>
   </div>
   <div class='ocr_carea' id='block_1_22' title="bbox 401 1995 1985 2066">
    <p class='ocr_par' dir='ltr' id='par_1_22' title="bbox 401 1995 1985 2066">
     <span class='ocr_line' id='line_1_22' title="bbox 401 1995 1985 2066; baseline 0.003 -17"><span class='ocrx_word' id='word_1_143' title='bbox 401 1995 627 2050; x_wconf 82' lang='lat' dir='ltr'><strong>vulnera</strong></span> <span class='ocrx_word' id='word_1_144' title='bbox 664 2011 923 2062; x_wconf 85' lang='lat' dir='ltr'><strong>currere;</strong></span> <span class='ocrx_word' id='word_1_145' title='bbox 962 1997 1111 2066; x_wconf 89' lang='lat' dir='ltr'><strong>quod</strong></span> <span class='ocrx_word' id='word_1_146' title='bbox 1160 2011 1271 2051; x_wconf 93' lang='lat' dir='ltr'><strong>non</strong></span> <span class='ocrx_word' id='word_1_147' title='bbox 1302 1997 1479 2055; x_wconf 86' lang='lat' dir='ltr'><strong>solum</strong></span> <span class='ocrx_word' id='word_1_148' title='bbox 1510 1997 1804 2053; x_wconf 84' lang='lat' dir='ltr'><strong>Saracenis</strong></span> <span class='ocrx_word' id='word_1_149' title='bbox 1842 1998 1985 2053; x_wconf 89' lang='lat' dir='ltr'><strong>indi-</strong></span> 
     </span>
    </p>
   </div>
   <div class='ocr_carea' id='block_1_23' title="bbox 400 2088 1985 2160">
    <p class='ocr_par' dir='ltr' id='par_1_23' title="bbox 400 2088 1985 2160">
     <span class='ocr_line' id='line_1_23' title="bbox 400 2088 1985 2160; baseline 0.001 -19"><span class='ocrx_word' id='word_1_150' title='bbox 400 2103 596 2158; x_wconf 87' lang='lat' dir='ltr'><strong>gnum,</strong></span> <span class='ocrx_word' id='word_1_151' title='bbox 629 2088 723 2144; x_wconf 86' lang='lat' dir='ltr'><strong>sed</strong></span> <span class='ocrx_word' id='word_1_152' title='bbox 786 2090 953 2145; x_wconf 87' lang='lat' dir='ltr'><strong>etiam</strong></span> <span class='ocrx_word' id='word_1_153' title='bbox 992 2088 1240 2159; x_wconf 87' lang='lat' dir='ltr'><strong>quolibet</strong></span> <span class='ocrx_word' id='word_1_154' title='bbox 1275 2089 1475 2160; x_wconf 89' lang='lat' dir='ltr'><strong>populo</strong></span> <span class='ocrx_word' id='word_1_155' title='bbox 1516 2089 1771 2145; x_wconf 72' lang='lat' dir='ltr'><strong>humanae</strong></span> <span class='ocrx_word' id='word_1_156' title='bbox 1815 2088 1985 2144; x_wconf 89' lang='lat' dir='ltr'><strong>admi-</strong></span> 
     </span>
    </p>
   </div>
   <div class='ocr_carea' id='block_1_24' title="bbox 400 2179 1983 2252">
    <p class='ocr_par' dir='ltr' id='par_1_24' title="bbox 400 2179 1983 2252">
     <span class='ocr_line' id='line_1_24' title="bbox 400 2179 1983 2252; baseline 0.003 -18"><span class='ocrx_word' id='word_1_157' title='bbox 400 2179 749 2235; x_wconf 87' lang='lat' dir='ltr'><strong>nistrationis</strong></span> <span class='ocrx_word' id='word_1_158' title='bbox 805 2189 861 2236; x_wconf 90' lang='lat' dir='ltr'><strong>et</strong></span> <span class='ocrx_word' id='word_1_159' title='bbox 915 2180 1354 2236; x_wconf 75' lang='lat' dir='ltr'><strong>convenatiunis</strong></span> <span class='ocrx_word' id='word_1_160' title='bbox 1408 2195 1517 2235; x_wconf 89' lang='lat' dir='ltr'><strong>non</strong></span> <span class='ocrx_word' id='word_1_161' title='bbox 1570 2180 1744 2238; x_wconf 88' lang='lat' dir='ltr'><strong>inscio</strong></span> <span class='ocrx_word' id='word_1_162' title='bbox 1803 2196 1983 2252; x_wconf 86' lang='lat' dir='ltr'><strong>neque</strong></span> 
     </span>
    </p>
   </div>
   <div class='ocr_carea' id='block_1_25' title="bbox 400 2272 1983 2345">
    <p class='ocr_par' dir='ltr' id='par_1_25' title="bbox 400 2272 1983 2345">
     <span class='ocr_line' id='line_1_25' title="bbox 400 2272 1983 2345; baseline 0.002 -19"><span class='ocrx_word' id='word_1_163' title='bbox 400 2273 799 2340; x_wconf 83' lang='lat' dir='ltr'><strong>immemores;</strong></span> <span class='ocrx_word' id='word_1_164' title='bbox 858 2273 952 2327; x_wconf 89' lang='lat' dir='ltr'><strong>sed</strong></span> <span class='ocrx_word' id='word_1_165' title='bbox 992 2272 1145 2342; x_wconf 90' lang='lat' dir='ltr'><strong>prius</strong></span> <span class='ocrx_word' id='word_1_166' title='bbox 1201 2273 1600 2344; x_wconf 81' lang='lat' dir='ltr'><strong>reprehendere</strong></span> <span class='ocrx_word' id='word_1_167' title='bbox 1667 2284 1983 2345; x_wconf 88' lang='lat' dir='ltr'><strong>peccatum,</strong></span> 
     </span>
    </p>
   </div>
   <div class='ocr_carea' id='block_1_26' title="bbox 400 2364 1989 2436">
    <p class='ocr_par' dir='ltr' id='par_1_26' title="bbox 400 2364 1989 2436">
     <span class='ocr_line' id='line_1_26' title="bbox 400 2364 1989 2436; baseline 0.001 -17"><span class='ocrx_word' id='word_1_168' title='bbox 400 2364 663 2433; x_wconf 82' lang='lat' dir='ltr'><strong>injustam</strong></span> <span class='ocrx_word' id='word_1_169' title='bbox 697 2366 889 2435; x_wconf 89' lang='lat' dir='ltr'><strong>agendi</strong></span> <span class='ocrx_word' id='word_1_170' title='bbox 926 2365 1585 2432; x_wconf 64' lang='lat' dir='ltr'><strong>rationemlconvincere,</strong></span> <span class='ocrx_word' id='word_1_171' title='bbox 1632 2380 1840 2436; x_wconf 87' lang='lat' dir='ltr'><strong>eosque</strong></span> <span class='ocrx_word' id='word_1_172' title='bbox 1887 2364 1989 2421; x_wconf 82' lang='lat' dir='ltr'><strong>ad-</strong></span> 
     </span>
    </p>
   </div>
   <div class='ocr_carea' id='block_1_27' title="bbox 403 2454 1979 2526">
    <p class='ocr_par' dir='ltr' id='par_1_27' title="bbox 403 2454 1979 2526">
     <span class='ocr_line' id='line_1_27' title="bbox 403 2454 1979 2526; baseline 0.004 -19"><span class='ocrx_word' id='word_1_173' title='bbox 403 2468 628 2509; x_wconf 85' lang='lat' dir='ltr'><strong>monere</strong></span> <span class='ocrx_word' id='word_1_174' title='bbox 688 2463 747 2509; x_wconf 90' lang='lat' dir='ltr'><strong>ut</strong></span> <span class='ocrx_word' id='word_1_175' title='bbox 800 2454 1189 2524; x_wconf 82' lang='lat' dir='ltr'><strong>resipiscerent</strong></span> <span class='ocrx_word' id='word_1_176' title='bbox 1244 2470 1347 2512; x_wconf 86' lang='lat' dir='ltr'><strong>nec</strong></span> <span class='ocrx_word' id='word_1_177' title='bbox 1396 2454 1551 2526; x_wconf 81' lang='lat' dir='ltr'><strong>justo</strong></span> <span class='ocrx_word' id='word_1_178' title='bbox 1622 2456 1979 2523; x_wconf 78' lang='lat' dir='ltr'><strong>exciderent,</strong></span> 
     </span>
    </p>
   </div>
   <div class='ocr_carea' id='block_1_28' title="bbox 406 2544 1986 2616">
    <p class='ocr_par' dir='ltr' id='par_1_28' title="bbox 406 2544 1986 2616">
     <span class='ocr_line' id='line_1_28' title="bbox 406 2544 1986 2616; baseline 0.004 -16"><span class='ocrx_word' id='word_1_179' title='bbox 406 2560 586 2615; x_wconf 85' lang='lat' dir='ltr'><strong>neque</strong></span> <span class='ocrx_word' id='word_1_180' title='bbox 637 2544 831 2611; x_wconf 88' lang='lat' dir='ltr'><strong>semel,</strong></span> <span class='ocrx_word' id='word_1_181' title='bbox 889 2547 985 2602; x_wconf 90' lang='lat' dir='ltr'><strong>sed</strong></span> <span class='ocrx_word' id='word_1_182' title='bbox 1045 2546 1131 2603; x_wconf 90' lang='lat' dir='ltr'><strong>bis</strong></span> <span class='ocrx_word' id='word_1_183' title='bbox 1188 2554 1245 2603; x_wconf 90' lang='lat' dir='ltr'><strong>et</strong></span> <span class='ocrx_word' id='word_1_184' title='bbox 1281 2549 1522 2616; x_wconf 68' lang='lat' dir='ltr'><strong>sapius;</strong></span> <span class='ocrx_word' id='word_1_185' title='bbox 1579 2548 1684 2606; x_wconf 86' lang='lat' dir='ltr'><strong>nisi</strong></span> <span class='ocrx_word' id='word_1_186' title='bbox 1735 2564 1864 2606; x_wconf 89' lang='lat' dir='ltr'><strong>vero</strong></span> <span class='ocrx_word' id='word_1_187' title='bbox 1916 2550 1986 2607; x_wconf 89' lang='lat' dir='ltr'><strong>ad</strong></span> 
     </span>
    </p>
   </div>
   <div class='ocr_carea' id='block_1_29' title="bbox 400 2636 1984 2711">
    <p class='ocr_par' dir='ltr' id='par_1_29' title="bbox 400 2636 1984 2711">
     <span class='ocr_line' id='line_1_29' title="bbox 400 2636 1984 2711; baseline 0.004 -19"><span class='ocrx_word' id='word_1_188' title='bbox 400 2636 604 2692; x_wconf 86' lang='lat' dir='ltr'><strong>bonum</strong></span> <span class='ocrx_word' id='word_1_189' title='bbox 630 2637 828 2694; x_wconf 83' lang='lat' dir='ltr'><strong>vellent</strong></span> <span class='ocrx_word' id='word_1_190' title='bbox 868 2639 1066 2705; x_wconf 81' lang='lat' dir='ltr'><strong>redire,</strong></span> <span class='ocrx_word' id='word_1_191' title='bbox 1090 2640 1249 2695; x_wconf 70' lang='lat' dir='ltr'><strong>mala</strong></span> <span class='ocrx_word' id='word_1_192' title='bbox 1306 2638 1577 2695; x_wconf 82' lang='lat' dir='ltr'><strong>voluntati</strong></span> <span class='ocrx_word' id='word_1_193' title='bbox 1634 2640 1984 2711; x_wconf 70' lang='lat' dir='ltr'><strong>inlmrcntes,</strong></span> 
     </span>
    </p>
   </div>
   <div class='ocr_carea' id='block_1_30' title="bbox 405 2729 1986 2806">
    <p class='ocr_par' dir='ltr' id='par_1_30' title="bbox 405 2729 1986 2806">
     <span class='ocr_line' id='line_1_30' title="bbox 405 2729 1986 2806; baseline 0.005 -23"><span class='ocrx_word' id='word_1_194' title='bbox 405 2740 538 2783; x_wconf 87' lang='lat' dir='ltr'><strong>tunc</strong></span> <span class='ocrx_word' id='word_1_195' title='bbox 598 2730 747 2784; x_wconf 88' lang='lat' dir='ltr'><strong>omni</strong></span> <span class='ocrx_word' id='word_1_196' title='bbox 802 2729 989 2786; x_wconf 89' lang='lat' dir='ltr'><strong>divina</strong></span> <span class='ocrx_word' id='word_1_197' title='bbox 1057 2731 1410 2801; x_wconf 84' lang='lat' dir='ltr'><strong>humanaque</strong></span> <span class='ocrx_word' id='word_1_198' title='bbox 1468 2732 1675 2788; x_wconf 87' lang='lat' dir='ltr'><strong>ultione</strong></span> <span class='ocrx_word' id='word_1_199' title='bbox 1728 2747 1986 2806; x_wconf 87' lang='lat' dir='ltr'><strong>arrepta,</strong></span> 
     </span>
    </p>
   </div>
   <div class='ocr_carea' id='block_1_31' title="bbox 402 2822 1990 2895">
    <p class='ocr_par' dir='ltr' id='par_1_31' title="bbox 402 2822 1990 2895">
     <span class='ocr_line' id='line_1_31' title="bbox 402 2822 1990 2895; baseline 0.004 -22"><span class='ocrx_word' id='word_1_200' title='bbox 402 2822 746 2877; x_wconf 80' lang='lat' dir='ltr'><strong>eonaremini</strong></span> <span class='ocrx_word' id='word_1_201' title='bbox 799 2822 994 2892; x_wconf 90' lang='lat' dir='ltr'><strong>punire</strong></span> <span class='ocrx_word' id='word_1_202' title='bbox 1021 2833 1075 2876; x_wconf 91' lang='lat' dir='ltr'><strong>et</strong></span> <span class='ocrx_word' id='word_1_203' title='bbox 1104 2822 1401 2893; x_wconf 86' lang='lat' dir='ltr'><strong>reprimere</strong></span> <span class='ocrx_word' id='word_1_204' title='bbox 1434 2823 1731 2878; x_wconf 83' lang='lat' dir='ltr'><strong>amentiam</strong></span> <span class='ocrx_word' id='word_1_205' title='bbox 1762 2838 1829 2879; x_wconf 92' lang='lat' dir='ltr'><strong>eo</strong></span> <span class='ocrx_word' id='word_1_206' title='bbox 1860 2839 1990 2895; x_wconf 86' lang='lat' dir='ltr'><strong>pro-</strong></span> 
     </span>
    </p>
   </div>
   <div class='ocr_carea' id='block_1_32' title="bbox 404 2911 1987 2981">
    <p class='ocr_par' dir='ltr' id='par_1_32' title="bbox 404 2911 1987 2981">
     <span class='ocr_line' id='line_1_32' title="bbox 404 2911 1987 2981; baseline 0.003 -16"><span class='ocrx_word' id='word_1_207' title='bbox 404 2920 639 2971; x_wconf 87' lang='lat' dir='ltr'><strong>vectam.</strong></span> <span class='ocrx_word' id='word_1_208' title='bbox 689 2911 794 2967; x_wconf 84' lang='lat' dir='ltr'><strong>Sed</strong></span> <span class='ocrx_word' id='word_1_209' title='bbox 833 2912 962 2967; x_wconf 90' lang='lat' dir='ltr'><strong>nihil</strong></span> <span class='ocrx_word' id='word_1_210' title='bbox 1000 2913 1193 2968; x_wconf 89' lang='lat' dir='ltr'><strong>horum</strong></span> <span class='ocrx_word' id='word_1_211' title='bbox 1226 2911 1430 2969; x_wconf 77' lang='lat' dir='ltr'><strong>factum</strong></span> <span class='ocrx_word' id='word_1_212' title='bbox 1458 2921 1572 2979; x_wconf 85' lang='lat' dir='ltr'><strong>est;</strong></span> <span class='ocrx_word' id='word_1_213' title='bbox 1605 2912 1737 2981; x_wconf 87' lang='lat' dir='ltr'><strong>imo,</strong></span> <span class='ocrx_word' id='word_1_214' title='bbox 1767 2923 1826 2969; x_wconf 92' lang='lat' dir='ltr'><strong>ut</strong></span> <span class='ocrx_word' id='word_1_215' title='bbox 1850 2914 1987 2980; x_wconf 76' lang='lat' dir='ltr'><strong>disi,</strong></span> 
     </span>
    </p>
   </div>
   <div class='ocr_carea' id='block_1_33' title="bbox 405 3004 2059 3102">
    <p class='ocr_par' dir='ltr' id='par_1_33' title="bbox 405 3004 2059 3102">
     <span class='ocr_line' id='line_1_33' title="bbox 405 3004 2059 3102; baseline 0.001 -41"><span class='ocrx_word' id='word_1_216' title='bbox 405 3004 658 3102; x_wconf 74' lang='lat' dir='ltr'><strong>homines</strong></span> <span class='ocrx_word' id='word_1_217' title='bbox 703 3004 959 3102; x_wconf 78' lang='lat' dir='ltr'><strong>innoxios</strong></span> <span class='ocrx_word' id='word_1_218' title='bbox 998 3006 1267 3102; x_wconf 79' lang='lat' dir='ltr'><strong>culpaque</strong></span> <span class='ocrx_word' id='word_1_219' title='bbox 1348 3020 1570 3072; x_wconf 86' lang='lat' dir='ltr'><strong>vacuos,</strong></span> <span class='ocrx_word' id='word_1_220' title='bbox 1613 3007 1817 3078; x_wconf 89' lang='lat' dir='ltr'><strong>quique</strong></span> <span class='ocrx_word' id='word_1_221' title='bbox 1852 3007 2059 3102; x_wconf 77' lang='lat' dir='ltr'><strong>nihilc</strong></span> 
     </span>
    </p>
   </div>
   <div class='ocr_carea' id='block_1_34' title="bbox 404 3094 1990 3166">
    <p class='ocr_par' dir='ltr' id='par_1_34' title="bbox 404 3094 1990 3166">
     <span class='ocr_line' id='line_1_34' title="bbox 404 3094 1990 3166; baseline 0.003 -15"><span class='ocrx_word' id='word_1_222' title='bbox 404 3094 711 3166; x_wconf 83' lang='lat' dir='ltr'><strong>antiquitus</strong></span> <span class='ocrx_word' id='word_1_223' title='bbox 765 3095 1081 3166; x_wconf 75' lang='lat' dir='ltr'><strong>iuraturum</strong></span> <span class='ocrx_word' id='word_1_224' title='bbox 1126 3095 1495 3163; x_wconf 88' lang='lat' dir='ltr'><strong>violaverunt,</strong></span> <span class='ocrx_word' id='word_1_225' title='bbox 1542 3111 1653 3154; x_wconf 85' lang='lat' dir='ltr'><strong>non</strong></span> <span class='ocrx_word' id='word_1_226' title='bbox 1706 3113 1866 3156; x_wconf 87' lang='lat' dir='ltr'><strong>secus</strong></span> <span class='ocrx_word' id='word_1_227' title='bbox 1922 3114 1990 3157; x_wconf 86' lang='lat' dir='ltr'><strong>ac</strong></span> 
     </span>
    </p>
   </div>
   <div class='ocr_carea' id='block_1_35' title="bbox 406 3186 1042 3245">
    <p class='ocr_par' dir='ltr' id='par_1_35' title="bbox 406 3186 1042 3245">
     <span class='ocr_line' id='line_1_35' title="bbox 406 3186 1042 3245; baseline -0.002 -1"><span class='ocrx_word' id='word_1_228' title='bbox 406 3186 597 3245; x_wconf 79' lang='lat' dir='ltr'><strong>hostes</strong></span> <span class='ocrx_word' id='word_1_229' title='bbox 622 3187 759 3245; x_wconf 88' lang='lat' dir='ltr'><strong>estis</strong></span> <span class='ocrx_word' id='word_1_230' title='bbox 785 3187 1042 3245; x_wconf 84' lang='lat' dir='ltr'><strong>insecuti.</strong></span> 
     </span>
    </p>
   </div>
   <div class='ocr_carea' id='block_1_36' title="bbox 475 3460 1984 3533">
    <p class='ocr_par' dir='ltr' id='par_1_36' title="bbox 475 3460 1984 3533">
     <span class='ocr_line' id='line_1_36' title="bbox 475 3460 1984 3533; baseline 0.001 -18"><span class='ocrx_word' id='word_1_231' title='bbox 475 3462 613 3531; x_wconf 81' lang='lat' dir='ltr'><strong>Quis</strong></span> <span class='ocrx_word' id='word_1_232' title='bbox 643 3461 771 3517; x_wconf 89' lang='lat' dir='ltr'><strong>talia</strong></span> <span class='ocrx_word' id='word_1_233' title='bbox 805 3461 1056 3525; x_wconf 88' lang='lat' dir='ltr'><strong>audiens.</strong></span> <span class='ocrx_word' id='word_1_234' title='bbox 1092 3460 1211 3518; x_wconf 87' lang='lat' dir='ltr'><strong>sive</strong></span> <span class='ocrx_word' id='word_1_235' title='bbox 1249 3475 1446 3517; x_wconf 88' lang='lat' dir='ltr'><strong>eorum</strong></span> <span class='ocrx_word' id='word_1_236' title='bbox 1480 3460 1577 3533; x_wconf 93' lang='lat' dir='ltr'><strong>qui</strong></span> <span class='ocrx_word' id='word_1_237' title='bbox 1625 3476 1774 3518; x_wconf 88' lang='lat' dir='ltr'><strong>nunc</strong></span> <span class='ocrx_word' id='word_1_238' title='bbox 1827 3470 1984 3525; x_wconf 87' lang='lat' dir='ltr'><strong>sunt,</strong></span> 
     </span>
    </p>
   </div>
   <div class='ocr_carea' id='block_1_37' title="bbox 406 3551 1989 3623">
    <p class='ocr_par' dir='ltr' id='par_1_37' title="bbox 406 3551 1989 3623">
     <span class='ocr_line' id='line_1_37' title="bbox 406 3551 1989 3623; baseline -0.003 -12"><span class='ocrx_word' id='word_1_239' title='bbox 406 3554 523 3611; x_wconf 83' lang='lat' dir='ltr'><strong>sive</strong></span> <span class='ocrx_word' id='word_1_240' title='bbox 540 3551 873 3619; x_wconf 81' lang='lat' dir='ltr'><strong>futurorum,</strong></span> <span class='ocrx_word' id='word_1_241' title='bbox 894 3561 1170 3623; x_wconf 88' lang='lat' dir='ltr'><strong>gestorum</strong></span> <span class='ocrx_word' id='word_1_242' title='bbox 1197 3562 1448 3609; x_wconf 87' lang='lat' dir='ltr'><strong>auctores</strong></span> <span class='ocrx_word' id='word_1_243' title='bbox 1474 3567 1683 3623; x_wconf 65' lang='lat' dir='ltr'><strong>magna</strong></span> <span class='ocrx_word' id='word_1_244' title='bbox 1709 3551 1989 3622; x_wconf 72' lang='lat' dir='ltr'><strong>iniustitia</strong></span> 
     </span>
    </p>
   </div>
   <div class='ocr_carea' id='block_1_38' title="bbox 408 3642 1988 3714">
    <p class='ocr_par' dir='ltr' id='par_1_38' title="bbox 408 3642 1988 3714">
     <span class='ocr_line' id='line_1_38' title="bbox 408 3642 1988 3714; baseline -0.001 -14"><span class='ocrx_word' id='word_1_245' title='bbox 408 3661 518 3700; x_wconf 92' lang='lat' dir='ltr'><strong>non</strong></span> <span class='ocrx_word' id='word_1_246' title='bbox 541 3643 970 3700; x_wconf 76' lang='lat' dir='ltr'><strong>condemnabit?</strong></span> <span class='ocrx_word' id='word_1_247' title='bbox 1000 3658 1186 3700; x_wconf 89' lang='lat' dir='ltr'><strong>nonne</strong></span> <span class='ocrx_word' id='word_1_248' title='bbox 1206 3645 1372 3701; x_wconf 86' lang='lat' dir='ltr'><strong>etiam</strong></span> <span class='ocrx_word' id='word_1_249' title='bbox 1403 3642 1642 3713; x_wconf 82' lang='lat' dir='ltr'><strong>majores</strong></span> <span class='ocrx_word' id='word_1_250' title='bbox 1666 3643 1861 3711; x_wconf 86' lang='lat' dir='ltr'><strong>vestri,</strong></span> <span class='ocrx_word' id='word_1_251' title='bbox 1891 3642 1988 3714; x_wconf 91' lang='lat' dir='ltr'><strong>qui</strong></span> 
     </span>
    </p>
   </div>
   <div class='ocr_carea' id='block_1_39' title="bbox 410 3734 1991 3807">
    <p class='ocr_par' dir='ltr' id='par_1_39' title="bbox 410 3734 1991 3807">
     <span class='ocr_line' id='line_1_39' title="bbox 410 3734 1991 3807; baseline -0.002 -15"><span class='ocrx_word' id='word_1_252' title='bbox 410 3735 619 3795; x_wconf 76' lang='lat' dir='ltr'><strong>lmdera</strong></span> <span class='ocrx_word' id='word_1_253' title='bbox 649 3752 773 3793; x_wconf 91' lang='lat' dir='ltr'><strong>cum</strong></span> <span class='ocrx_word' id='word_1_254' title='bbox 811 3736 1283 3807; x_wconf 76' lang='lat' dir='ltr'><strong>Cypriisinierunt</strong></span> <span class='ocrx_word' id='word_1_255' title='bbox 1317 3734 1758 3807; x_wconf 75' lang='lat' dir='ltr'><strong>junmentlsqtte</strong></span> <span class='ocrx_word' id='word_1_256' title='bbox 1788 3734 1991 3791; x_wconf 86' lang='lat' dir='ltr'><strong>contir-</strong></span> 
     </span>
    </p>
   </div>
   <div class='ocr_carea' id='block_1_40' title="bbox 414 3825 1987 3899">
    <p class='ocr_par' dir='ltr' id='par_1_40' title="bbox 414 3825 1987 3899">
     <span class='ocr_line' id='line_1_40' title="bbox 414 3825 1987 3899; baseline -0.003 -15"><span class='ocrx_word' id='word_1_257' title='bbox 414 3836 663 3893; x_wconf 85' lang='lat' dir='ltr'><strong>Inarunt,</strong></span> <span class='ocrx_word' id='word_1_258' title='bbox 703 3827 747 3884; x_wconf 89' lang='lat' dir='ltr'><strong>si</strong></span> <span class='ocrx_word' id='word_1_259' title='bbox 779 3828 905 3899; x_wconf 87' lang='lat' dir='ltr'><strong>quis</strong></span> <span class='ocrx_word' id='word_1_260' title='bbox 934 3825 1206 3883; x_wconf 77' lang='lat' dir='ltr'><strong>defunctis</strong></span> <span class='ocrx_word' id='word_1_261' title='bbox 1252 3834 1501 3881; x_wconf 89' lang='lat' dir='ltr'><strong>remanet</strong></span> <span class='ocrx_word' id='word_1_262' title='bbox 1542 3841 1741 3883; x_wconf 81' lang='lat' dir='ltr'><strong>sensus</strong></span> <span class='ocrx_word' id='word_1_263' title='bbox 1792 3839 1987 3882; x_wconf 87' lang='lat' dir='ltr'><strong>eorum</strong></span> 
     </span>
    </p>
   </div>
   <div class='ocr_carea' id='block_1_41' title="bbox 408 3915 1992 3993">
    <p class='ocr_par' dir='ltr' id='par_1_41' title="bbox 408 3915 1992 3993">
     <span class='ocr_line' id='line_1_41' title="bbox 408 3915 1992 3993; baseline -0.001 -20"><span class='ocrx_word' id='word_1_264' title='bbox 408 3934 532 3993; x_wconf 69' lang='lat' dir='ltr'><strong>quae</strong></span> <span class='ocrx_word' id='word_1_265' title='bbox 558 3920 647 3975; x_wconf 89' lang='lat' dir='ltr'><strong>hic</strong></span> <span class='ocrx_word' id='word_1_266' title='bbox 679 3928 1019 3989; x_wconf 64' lang='lat' dir='ltr'><strong>quaeruntur,</strong></span> <span class='ocrx_word' id='word_1_267' title='bbox 1050 3930 1241 3974; x_wconf 90' lang='lat' dir='ltr'><strong>contra</strong></span> <span class='ocrx_word' id='word_1_268' title='bbox 1262 3933 1360 3973; x_wconf 89' lang='lat' dir='ltr'><strong>vos</strong></span> <span class='ocrx_word' id='word_1_269' title='bbox 1395 3916 1720 3987; x_wconf 83' lang='lat' dir='ltr'><strong>gemebundi</strong></span> <span class='ocrx_word' id='word_1_270' title='bbox 1741 3915 1992 3987; x_wconf 82' lang='lat' dir='ltr'><strong>indigna-</strong></span> 
     </span>
    </p>
   </div>
   <div class='ocr_carea' id='block_1_42' title="bbox 410 4007 1989 4083">
    <p class='ocr_par' dir='ltr' id='par_1_42' title="bbox 410 4007 1989 4083">
     <span class='ocr_line' id='line_1_42' title="bbox 410 4007 1989 4083; baseline -0.004 -12"><span class='ocrx_word' id='word_1_271' title='bbox 410 4016 639 4079; x_wconf 91' lang='lat' dir='ltr'><strong>buntur,</strong></span> <span class='ocrx_word' id='word_1_272' title='bbox 664 4028 871 4083; x_wconf 84' lang='lat' dir='ltr'><strong>vosque</strong></span> <span class='ocrx_word' id='word_1_273' title='bbox 902 4012 1085 4068; x_wconf 89' lang='lat' dir='ltr'><strong>omnis</strong></span> <span class='ocrx_word' id='word_1_274' title='bbox 1117 4008 1593 4066; x_wconf 89' lang='lat' dir='ltr'><strong>condemnationis</strong></span> <span class='ocrx_word' id='word_1_275' title='bbox 1622 4023 1750 4065; x_wconf 88' lang='lat' dir='ltr'><strong>reos</strong></span> <span class='ocrx_word' id='word_1_276' title='bbox 1773 4007 1989 4079; x_wconf 77' lang='lat' dir='ltr'><strong>judica-</strong></span> 
     </span>
    </p>
   </div>
   <div class='ocr_carea' id='block_1_43' title="bbox 411 4100 1988 4175">
    <p class='ocr_par' dir='ltr' id='par_1_43' title="bbox 411 4100 1988 4175">
     <span class='ocr_line' id='line_1_43' title="bbox 411 4100 1988 4175; baseline -0.002 -12"><span class='ocrx_word' id='word_1_277' title='bbox 411 4109 569 4172; x_wconf 89' lang='lat' dir='ltr'><strong>bunt,</strong></span> <span class='ocrx_word' id='word_1_278' title='bbox 624 4114 886 4175; x_wconf 84' lang='lat' dir='ltr'><strong>tanquam</strong></span> <span class='ocrx_word' id='word_1_279' title='bbox 947 4117 1134 4159; x_wconf 85' lang='lat' dir='ltr'><strong>sontes</strong></span> <span class='ocrx_word' id='word_1_280' title='bbox 1173 4118 1285 4159; x_wconf 90' lang='lat' dir='ltr'><strong>non</strong></span> <span class='ocrx_word' id='word_1_281' title='bbox 1335 4102 1517 4159; x_wconf 90' lang='lat' dir='ltr'><strong>solum</strong></span> <span class='ocrx_word' id='word_1_282' title='bbox 1560 4104 1616 4157; x_wconf 92' lang='lat' dir='ltr'><strong>in</strong></span> <span class='ocrx_word' id='word_1_283' title='bbox 1658 4100 1988 4173; x_wconf 83' lang='lat' dir='ltr'><strong>Cypriorum</strong></span> 
     </span>
    </p>
   </div>
   <div class='ocr_carea' id='block_1_44' title="bbox 413 4194 1991 4265">
    <p class='ocr_par' dir='ltr' id='par_1_44' title="bbox 413 4194 1991 4265">
     <span class='ocr_line' id='line_1_44' title="bbox 413 4194 1991 4265; baseline -0.002 -12"><span class='ocrx_word' id='word_1_284' title='bbox 413 4198 673 4262; x_wconf 87' lang='lat' dir='ltr'><strong>insulam,</strong></span> <span class='ocrx_word' id='word_1_285' title='bbox 731 4196 827 4252; x_wconf 87' lang='lat' dir='ltr'><strong>sed</strong></span> <span class='ocrx_word' id='word_1_286' title='bbox 857 4195 1021 4251; x_wconf 89' lang='lat' dir='ltr'><strong>etiam</strong></span> <span class='ocrx_word' id='word_1_287' title='bbox 1055 4195 1109 4250; x_wconf 86' lang='lat' dir='ltr'><strong>in</strong></span> <span class='ocrx_word' id='word_1_288' title='bbox 1151 4195 1324 4265; x_wconf 84' lang='lat' dir='ltr'><strong>ipsos,</strong></span> <span class='ocrx_word' id='word_1_289' title='bbox 1362 4204 1416 4250; x_wconf 87' lang='lat' dir='ltr'><strong>et</strong></span> <span class='ocrx_word' id='word_1_290' title='bbox 1440 4202 1501 4251; x_wconf 89' lang='lat' dir='ltr'><strong>ut</strong></span> <span class='ocrx_word' id='word_1_291' title='bbox 1540 4194 1843 4264; x_wconf 85' lang='lat' dir='ltr'><strong>parricidas</strong></span> <span class='ocrx_word' id='word_1_292' title='bbox 1869 4209 1991 4250; x_wconf 85' lang='lat' dir='ltr'><strong>om-</strong></span> 
     </span>
    </p>
   </div>
   <div class='ocr_carea' id='block_1_45' title="bbox 410 4285 1990 4359">
    <p class='ocr_par' dir='ltr' id='par_1_45' title="bbox 410 4285 1990 4359">
     <span class='ocr_line' id='line_1_45' title="bbox 410 4285 1990 4359; baseline -0.004 -11"><span class='ocrx_word' id='word_1_293' title='bbox 410 4293 576 4348; x_wconf 89' lang='lat' dir='ltr'><strong>nibus</strong></span> <span class='ocrx_word' id='word_1_294' title='bbox 618 4306 717 4347; x_wconf 89' lang='lat' dir='ltr'><strong>vos</strong></span> <span class='ocrx_word' id='word_1_295' title='bbox 761 4288 1069 4345; x_wconf 86' lang='lat' dir='ltr'><strong>maledictis</strong></span> <span class='ocrx_word' id='word_1_296' title='bbox 1102 4288 1449 4344; x_wconf 72' lang='lat' dir='ltr'><strong>onerabunt?</strong></span> <span class='ocrx_word' id='word_1_297' title='bbox 1481 4286 1630 4359; x_wconf 90' lang='lat' dir='ltr'><strong>quod</strong></span> <span class='ocrx_word' id='word_1_298' title='bbox 1677 4287 1725 4345; x_wconf 90' lang='lat' dir='ltr'><strong>si</strong></span> <span class='ocrx_word' id='word_1_299' title='bbox 1769 4287 1895 4359; x_wconf 88' lang='lat' dir='ltr'><strong>quis</strong></span> <span class='ocrx_word' id='word_1_300' title='bbox 1930 4285 1990 4343; x_wconf 87' lang='lat' dir='ltr'><strong>in</strong></span> 
     </span>
    </p>
   </div>
   <div class='ocr_carea' id='block_1_46' title="bbox 2070 417 3677 497">
    <p class='ocr_par' dir='ltr' id='par_1_46' title="bbox 2070 417 3677 497">
     <span class='ocr_line' id='line_1_46' title="bbox 2070 417 3677 497; baseline -0.001 -18"><span class='ocrx_word' id='word_1_301' title='bbox 2070 426 2366 497; x_wconf 81' lang='grc' dir='ltr'><strong>τριακόσια</strong></span> <span class='ocrx_word' id='word_1_302' title='bbox 2393 425 2453 492; x_wconf 77' lang='grc' dir='ltr'><strong>ιε</strong></span> <span class='ocrx_word' id='word_1_303' title='bbox 2493 417 2557 477; x_wconf 72' lang='grc' dir='ltr'><strong>οὗ</strong></span> <span class='ocrx_word' id='word_1_304' title='bbox 2600 424 2874 495; x_wconf 75' lang='grc' dir='ltr'><strong>ὑπόφορος</strong></span> <span class='ocrx_word' id='word_1_305' title='bbox 2909 422 3047 478; x_wconf 71' lang='grc' dir='ltr'><strong>οὖσα</strong></span> <span class='ocrx_word' id='word_1_306' title='bbox 3093 424 3225 494; x_wconf 79' lang='grc' dir='ltr'><strong>ὑμῖν</strong></span> <span class='ocrx_word' id='word_1_307' title='bbox 3263 425 3535 493; x_wconf 72' lang='grc' dir='ltr'><strong>εγεγὸνει,</strong></span> <span class='ocrx_word' id='word_1_308' title='bbox 3568 423 3677 477; x_wconf 75' lang='grc' dir='ltr'><strong>καὶ</strong></span> 
     </span>
    </p>
   </div>
   <div class='ocr_carea' id='block_1_47' title="bbox 2076 515 3677 589">
    <p class='ocr_par' dir='ltr' id='par_1_47' title="bbox 2076 515 3677 589">
     <span class='ocr_line' id='line_1_47' title="bbox 2076 515 3677 589; baseline -0.001 -18"><span class='ocrx_word' id='word_1_309' title='bbox 2076 518 2219 571; x_wconf 77' lang='grc' dir='ltr'><strong>κατὰ</strong></span> <span class='ocrx_word' id='word_1_310' title='bbox 2251 517 2421 589; x_wconf 67' lang='grc' dir='ltr'><strong>μηδὲν</strong></span> <span class='ocrx_word' id='word_1_311' title='bbox 2444 517 2677 587; x_wconf 81' lang='grc' dir='ltr'><strong>ὀφθεῖσα</strong></span> <span class='ocrx_word' id='word_1_312' title='bbox 2702 518 2802 588; x_wconf 80' lang='grc' dir='ltr'><strong>τῆς</strong></span> <span class='ocrx_word' id='word_1_313' title='bbox 2848 517 3094 587; x_wconf 77' lang='grc' dir='ltr'><strong>ὑπηκόου</strong></span> <span class='ocrx_word' id='word_1_314' title='bbox 3118 516 3331 583; x_wconf 81' lang='grc' dir='ltr'><strong>τάξεως</strong></span> <span class='ocrx_word' id='word_1_315' title='bbox 3385 515 3677 588; x_wconf 82' lang='grc' dir='ltr'><strong>μεταϐαλ·</strong></span> 
     </span>
    </p>
   </div>
   <div class='ocr_carea' id='block_1_48' title="bbox 2071 608 3678 680">
    <p class='ocr_par' dir='ltr' id='par_1_48' title="bbox 2071 608 3678 680">
     <span class='ocr_line' id='line_1_48' title="bbox 2071 608 3678 680; baseline -0.001 -18"><span class='ocrx_word' id='word_1_316' title='bbox 2071 608 2303 679; x_wconf 80' lang='grc' dir='ltr'><strong>λομένη,</strong></span> <span class='ocrx_word' id='word_1_317' title='bbox 2353 608 2485 679; x_wconf 67' lang='grc' dir='ltr'><strong>μηδὲ</strong></span> <span class='ocrx_word' id='word_1_318' title='bbox 2528 608 2979 677; x_wconf 74' lang='grc' dir='ltr'><strong>καινοτομήσασά</strong></span> <span class='ocrx_word' id='word_1_319' title='bbox 3011 626 3062 665; x_wconf 90' lang='grc' dir='ltr'><strong>τι</strong></span> <span class='ocrx_word' id='word_1_320' title='bbox 3108 608 3243 678; x_wconf 76' lang='grc' dir='ltr'><strong>περὶ</strong></span> <span class='ocrx_word' id='word_1_321' title='bbox 3279 609 3408 671; x_wconf 76' lang='grc' dir='ltr'><strong>τοὺς</strong></span> <span class='ocrx_word' id='word_1_322' title='bbox 3438 609 3678 680; x_wconf 71' lang='grc' dir='ltr'><strong>φόρους,</strong></span> 
     </span>
    </p>
   </div>
   <div class='ocr_carea' id='block_1_49' title="bbox 2076 700 3679 774">
    <p class='ocr_par' dir='ltr' id='par_1_49' title="bbox 2076 700 3679 774">
     <span class='ocr_line' id='line_1_49' title="bbox 2076 700 3679 774; baseline 0 -19"><span class='ocrx_word' id='word_1_323' title='bbox 2076 700 2214 772; x_wconf 64' lang='grc' dir='ltr'><strong>μηδὲ</strong></span> <span class='ocrx_word' id='word_1_324' title='bbox 2276 701 2405 773; x_wconf 79' lang='grc' dir='ltr'><strong>περὶ</strong></span> <span class='ocrx_word' id='word_1_325' title='bbox 2456 702 2560 774; x_wconf 75' lang='grc' dir='ltr'><strong>τὴν</strong></span> <span class='ocrx_word' id='word_1_326' title='bbox 2594 701 2765 772; x_wconf 76' lang='grc' dir='ltr'><strong>ἀλλην</strong></span> <span class='ocrx_word' id='word_1_327' title='bbox 2814 700 3086 768; x_wconf 78' lang='grc' dir='ltr'><strong>δουλείαν,</strong></span> <span class='ocrx_word' id='word_1_328' title='bbox 3144 701 3279 773; x_wconf 81' lang='grc' dir='ltr'><strong>ὅσην</strong></span> <span class='ocrx_word' id='word_1_329' title='bbox 3325 700 3679 773; x_wconf 78' lang='grc' dir='ltr'><strong>Σαρακηνοῖς</strong></span> 
     </span>
    </p>
   </div>
   <div class='ocr_carea' id='block_1_50' title="bbox 2072 790 3680 865">
    <p class='ocr_par' dir='ltr' id='par_1_50' title="bbox 2072 790 3680 865">
     <span class='ocr_line' id='line_1_50' title="bbox 2072 790 3680 865; baseline 0.001 -19"><span class='ocrx_word' id='word_1_330' title='bbox 2072 790 2352 846; x_wconf 70' lang='grc' dir='ltr'><strong>δουλεύειν</strong></span> <span class='ocrx_word' id='word_1_331' title='bbox 2393 793 2587 865; x_wconf 73' lang='grc' dir='ltr'><strong>ἐχρῆν.</strong></span> <span class='ocrx_word' id='word_1_332' title='bbox 2636 792 2764 865; x_wconf 83' lang='grc' dir='ltr'><strong>μηδ’</strong></span> <span class='ocrx_word' id='word_1_333' title='bbox 2808 794 2951 858; x_wconf 78' lang='grc' dir='ltr'><strong>ὅλως</strong></span> <span class='ocrx_word' id='word_1_334' title='bbox 3016 810 3069 847; x_wconf 90' lang='grc' dir='ltr'><strong>τι</strong></span> <span class='ocrx_word' id='word_1_335' title='bbox 3116 793 3228 848; x_wconf 82' lang='grc' dir='ltr'><strong>τῶν</strong></span> <span class='ocrx_word' id='word_1_336' title='bbox 3282 792 3546 865; x_wconf 78' lang='grc' dir='ltr'><strong>ῑγκλησιν</strong></span> <span class='ocrx_word' id='word_1_337' title='bbox 3571 794 3680 848; x_wconf 67' lang='grc' dir='ltr'><strong>ις-</strong></span> 
     </span>
    </p>
   </div>
   <div class='ocr_carea' id='block_1_51' title="bbox 2074 884 3678 957">
    <p class='ocr_par' dir='ltr' id='par_1_51' title="bbox 2074 884 3678 957">
     <span class='ocr_line' id='line_1_51' title="bbox 2074 884 3678 957; baseline 0 -18"><span class='ocrx_word' id='word_1_338' title='bbox 2074 884 2323 953; x_wconf 83' lang='grc' dir='ltr'><strong>αγὸντων</strong></span> <span class='ocrx_word' id='word_1_339' title='bbox 2344 886 2533 940; x_wconf 87' lang='grc' dir='ltr'><strong>αίτίαν</strong></span> <span class='ocrx_word' id='word_1_340' title='bbox 2554 886 2820 956; x_wconf 78' lang='grc' dir='ltr'><strong>φέρουσα,</strong></span> <span class='ocrx_word' id='word_1_341' title='bbox 2844 887 2909 939; x_wconf 71' lang='grc' dir='ltr'><strong>ἐκ</strong></span> <span class='ocrx_word' id='word_1_342' title='bbox 2935 885 3107 956; x_wconf 81' lang='grc' dir='ltr'><strong>μόνης</strong></span> <span class='ocrx_word' id='word_1_343' title='bbox 3136 884 3402 950; x_wconf 76' lang='grc' dir='ltr'><strong>ἀπονοίας</strong></span> <span class='ocrx_word' id='word_1_344' title='bbox 3441 884 3678 957; x_wconf 72' lang='grc' dir='ltr'><strong>ἀνδρὸς,</strong></span> 
     </span>
    </p>
   </div>
   <div class='ocr_carea' id='block_1_52' title="bbox 2075 976 3678 1051">
    <p class='ocr_par' dir='ltr' id='par_1_52' title="bbox 2075 976 3678 1051">
     <span class='ocr_line' id='line_1_52' title="bbox 2075 976 3678 1051; baseline 0 -20"><span class='ocrx_word' id='word_1_345' title='bbox 2075 978 2172 1031; x_wconf 80' lang='grc' dir='ltr'><strong>καὶ</strong></span> <span class='ocrx_word' id='word_1_346' title='bbox 2205 976 2306 1049; x_wconf 75' lang='grc' dir='ltr'><strong>τὴν</strong></span> <span class='ocrx_word' id='word_1_347' title='bbox 2336 978 2447 1032; x_wconf 84' lang='grc' dir='ltr'><strong>τῶν</strong></span> <span class='ocrx_word' id='word_1_348' title='bbox 2480 979 2830 1051; x_wconf 83' lang='grc' dir='ltr'><strong>Χριστιανῶν</strong></span> <span class='ocrx_word' id='word_1_349' title='bbox 2884 978 3282 1050; x_wconf 77' lang='grc' dir='ltr'><strong>ἀπηρνημένου</strong></span> <span class='ocrx_word' id='word_1_350' title='bbox 3332 978 3541 1044; x_wconf 87' lang='grc' dir='ltr'><strong>πίστιν,</strong></span> <span class='ocrx_word' id='word_1_351' title='bbox 3573 976 3678 1033; x_wconf 78' lang='grc' dir='ltr'><strong>καὶ</strong></span> 
     </span>
    </p>
   </div>
   <div class='ocr_carea' id='block_1_53' title="bbox 2076 1068 3681 1141">
    <p class='ocr_par' dir='ltr' id='par_1_53' title="bbox 2076 1068 3681 1141">
     <span class='ocr_line' id='line_1_53' title="bbox 2076 1068 3681 1141; baseline -0.001 -17"><span class='ocrx_word' id='word_1_352' title='bbox 2076 1068 2139 1124; x_wconf 74' lang='grc' dir='ltr'><strong>τὸ</strong></span> <span class='ocrx_word' id='word_1_353' title='bbox 2168 1069 2509 1141; x_wconf 83' lang='grc' dir='ltr'><strong>Σαρακηνῶν</strong></span> <span class='ocrx_word' id='word_1_354' title='bbox 2567 1070 2738 1133; x_wconf 79' lang='grc' dir='ltr'><strong>σέϐας</strong></span> <span class='ocrx_word' id='word_1_355' title='bbox 2776 1069 3117 1137; x_wconf 71' lang='grc' dir='ltr'><strong>νοθεύοντας,</strong></span> <span class='ocrx_word' id='word_1_356' title='bbox 3154 1070 3517 1141; x_wconf 70' lang='grc' dir='ltr'><strong>ἐξηρήμωται</strong></span> <span class='ocrx_word' id='word_1_357' title='bbox 3575 1069 3681 1124; x_wconf 78' lang='grc' dir='ltr'><strong>καὶ</strong></span> 
     </span>
    </p>
   </div>
   <div class='ocr_carea' id='block_1_54' title="bbox 2076 1154 3681 1234">
    <p class='ocr_par' dir='ltr' id='par_1_54' title="bbox 2076 1154 3681 1234">
     <span class='ocr_line' id='line_1_54' title="bbox 2076 1154 3681 1234; baseline 0.004 -25"><span class='ocrx_word' id='word_1_358' title='bbox 2076 1154 2348 1213; x_wconf 81' lang='grc' dir='ltr'><strong>ἀπόλωλε.</strong></span> <span class='ocrx_word' id='word_1_359' title='bbox 2382 1160 2497 1213; x_wconf 68' lang='grc' dir='ltr'><strong>Καὶ</strong></span> <span class='ocrx_word' id='word_1_360' title='bbox 2524 1161 2574 1212; x_wconf 89' lang='lat' dir='ltr'><strong>oi</strong></span> <span class='ocrx_word' id='word_1_361' title='bbox 2614 1158 2824 1231; x_wconf 78' lang='grc' dir='ltr'><strong>ταύτης</strong></span> <span class='ocrx_word' id='word_1_362' title='bbox 2844 1161 3131 1232; x_wconf 70' lang='grc' dir='ltr'><strong>οἰκήτορες</strong></span> <span class='ocrx_word' id='word_1_363' title='bbox 3161 1161 3210 1213; x_wconf 80' lang='lat' dir='ltr'><strong>oi</strong></span> <span class='ocrx_word' id='word_1_364' title='bbox 3246 1159 3348 1230; x_wconf 75' lang='grc' dir='ltr'><strong>μὲν</strong></span> <span class='ocrx_word' id='word_1_365' title='bbox 3382 1158 3681 1234; x_wconf 78' lang='grc' dir='ltr'><strong>μαχαίρας</strong></span> 
     </span>
    </p>
   </div>
   <div class='ocr_carea' id='block_1_55' title="bbox 2078 1247 3681 1325">
    <p class='ocr_par' dir='ltr' id='par_1_55' title="bbox 2078 1247 3681 1325">
     <span class='ocr_line' id='line_1_55' title="bbox 2078 1247 3681 1325; baseline 0.004 -24"><span class='ocrx_word' id='word_1_366' title='bbox 2078 1247 2266 1319; x_wconf 73' lang='grc' dir='ltr'><strong>ῑργον,</strong></span> <span class='ocrx_word' id='word_1_367' title='bbox 2296 1250 2347 1304; x_wconf 84' lang='lat' dir='ltr'><strong>oi</strong></span> <span class='ocrx_word' id='word_1_368' title='bbox 2376 1249 2436 1305; x_wconf 71' lang='grc' dir='ltr'><strong>δὶ</strong></span> <span class='ocrx_word' id='word_1_369' title='bbox 2467 1251 2763 1306; x_wconf 75' lang='grc' dir='ltr'><strong>ἀνάστατοι</strong></span> <span class='ocrx_word' id='word_1_370' title='bbox 2810 1252 3097 1322; x_wconf 85' lang='grc' dir='ltr'><strong>γεγόνασι,</strong></span> <span class='ocrx_word' id='word_1_371' title='bbox 3128 1251 3291 1307; x_wconf 81' lang='grc' dir='ltr'><strong>τούτο</strong></span> <span class='ocrx_word' id='word_1_372' title='bbox 3325 1253 3491 1324; x_wconf 74' lang='grc' dir='ltr'><strong>μόνον</strong></span> <span class='ocrx_word' id='word_1_373' title='bbox 3514 1254 3681 1325; x_wconf 78' lang='grc' dir='ltr'><strong>εχον-</strong></span> 
     </span>
    </p>
   </div>
   <div class='ocr_carea' id='block_1_56' title="bbox 2076 1342 3671 1417">
    <p class='ocr_par' dir='ltr' id='par_1_56' title="bbox 2076 1342 3671 1417">
     <span class='ocr_line' id='line_1_56' title="bbox 2076 1342 3671 1417; baseline 0.003 -22"><span class='ocrx_word' id='word_1_374' title='bbox 2076 1357 2170 1406; x_wconf 87' lang='grc' dir='ltr'><strong>τες</strong></span> <span class='ocrx_word' id='word_1_375' title='bbox 2205 1342 2482 1415; x_wconf 73' lang='grc' dir='ltr'><strong>ἔγκλημα,</strong></span> <span class='ocrx_word' id='word_1_376' title='bbox 2529 1342 2612 1398; x_wconf 85' lang='grc' dir='ltr'><strong>δτι</strong></span> <span class='ocrx_word' id='word_1_377' title='bbox 2676 1345 2771 1399; x_wconf 68' lang='lat' dir='ltr'><strong>ini.</strong></span> <span class='ocrx_word' id='word_1_378' title='bbox 2826 1344 3197 1417; x_wconf 77' lang='grc' dir='ltr'><strong>μακροτάτοις</strong></span> <span class='ocrx_word' id='word_1_379' title='bbox 3249 1344 3394 1399; x_wconf 75' lang='grc' dir='ltr'><strong>οὕτω</strong></span> <span class='ocrx_word' id='word_1_380' title='bbox 3432 1347 3671 1417; x_wconf 69' lang='grc' dir='ltr'><strong>χρόνοις</strong></span> 
     </span>
    </p>
   </div>
   <div class='ocr_carea' id='block_1_57' title="bbox 2081 1432 3682 1509">
    <p class='ocr_par' dir='ltr' id='par_1_57' title="bbox 2081 1432 3682 1509">
     <span class='ocr_line' id='line_1_57' title="bbox 2081 1432 3682 1509; baseline 0.002 -20"><span class='ocrx_word' id='word_1_381' title='bbox 2081 1432 2381 1490; x_wconf 75' lang='grc' dir='ltr'><strong>ὑπέκειντο</strong></span> <span class='ocrx_word' id='word_1_382' title='bbox 2431 1437 2798 1508; x_wconf 74' lang='grc' dir='ltr'><strong>εὐγνωμόνως</strong></span> <span class='ocrx_word' id='word_1_383' title='bbox 2856 1438 3009 1509; x_wconf 79' lang='grc' dir='ltr'><strong>ὑμῖν,</strong></span> <span class='ocrx_word' id='word_1_384' title='bbox 3047 1438 3146 1493; x_wconf 81' lang='grc' dir='ltr'><strong>καὶ</strong></span> <span class='ocrx_word' id='word_1_385' title='bbox 3196 1437 3351 1492; x_wconf 69' lang='grc' dir='ltr'><strong>οῠδέν</strong></span> <span class='ocrx_word' id='word_1_386' title='bbox 3404 1436 3682 1509; x_wconf 76' lang='grc' dir='ltr'><strong>ὤφθησαν</strong></span> 
     </span>
    </p>
   </div>
   <div class='ocr_carea' id='block_1_58' title="bbox 2077 1527 3681 1603">
    <p class='ocr_par' dir='ltr' id='par_1_58' title="bbox 2077 1527 3681 1603">
     <span class='ocr_line' id='line_1_58' title="bbox 2077 1527 3681 1603; baseline 0.002 -20"><span class='ocrx_word' id='word_1_387' title='bbox 2077 1527 2187 1583; x_wconf 84' lang='grc' dir='ltr'><strong>τῶν</strong></span> <span class='ocrx_word' id='word_1_388' title='bbox 2211 1531 2292 1593; x_wconf 88' lang='grc' dir='ltr'><strong>είς</strong></span> <span class='ocrx_word' id='word_1_389' title='bbox 2324 1530 2603 1603; x_wconf 83' lang='grc' dir='ltr'><strong>ὑμετέραν</strong></span> <span class='ocrx_word' id='word_1_390' title='bbox 2632 1531 2983 1602; x_wconf 75' lang='grc' dir='ltr'><strong>ιλλείψαντες</strong></span> <span class='ocrx_word' id='word_1_391' title='bbox 3032 1530 3363 1603; x_wconf 73' lang='grc' dir='ltr'><strong>θεραπείαν,</strong></span> <span class='ocrx_word' id='word_1_392' title='bbox 3402 1531 3681 1597; x_wconf 76' lang='grc' dir='ltr'><strong>πολλάκις</strong></span> 
     </span>
    </p>
   </div>
   <div class='ocr_carea' id='block_1_59' title="bbox 2081 1625 3681 1705">
    <p class='ocr_par' dir='ltr' id='par_1_59' title="bbox 2081 1625 3681 1705">
     <span class='ocr_line' id='line_1_59' title="bbox 2081 1625 3681 1705; baseline 0.001 -25"><span class='ocrx_word' id='word_1_393' title='bbox 2081 1625 2238 1697; x_wconf 72' lang='grc' dir='ltr'><strong>ὑμῶν</strong></span> <span class='ocrx_word' id='word_1_394' title='bbox 2264 1625 2478 1698; x_wconf 82' lang='grc' dir='ltr'><strong>βαρέως</strong></span> <span class='ocrx_word' id='word_1_395' title='bbox 2512 1627 2919 1698; x_wconf 74' lang='grc' dir='ltr'><strong>ιπενεχθέντων</strong></span> <span class='ocrx_word' id='word_1_396' title='bbox 2944 1628 3133 1693; x_wconf 71' lang='grc' dir='ltr'><strong>αὐτοῖς</strong></span> <span class='ocrx_word' id='word_1_397' title='bbox 3158 1628 3252 1683; x_wconf 75' lang='grc' dir='ltr'><strong>καὶ</strong></span> <span class='ocrx_word' id='word_1_398' title='bbox 3295 1626 3452 1699; x_wconf 81' lang='grc' dir='ltr'><strong>παρά</strong></span> <span class='ocrx_word' id='word_1_399' title='bbox 3494 1644 3681 1705; x_wconf 79' lang='grc' dir='ltr'><strong>προσο</strong></span> 
     </span>
    </p>
   </div>
   <div class='ocr_carea' id='block_1_60' title="bbox 2084 1716 3682 1790">
    <p class='ocr_par' dir='ltr' id='par_1_60' title="bbox 2084 1716 3682 1790">
     <span class='ocr_line' id='line_1_60' title="bbox 2084 1716 3682 1790; baseline 0.002 -19"><span class='ocrx_word' id='word_1_400' title='bbox 2084 1716 2222 1788; x_wconf 84' lang='grc' dir='ltr'><strong>ἧκον</strong></span> <span class='ocrx_word' id='word_1_401' title='bbox 2263 1717 2361 1771; x_wconf 78' lang='grc' dir='ltr'><strong>καὶ</strong></span> <span class='ocrx_word' id='word_1_402' title='bbox 2394 1718 2466 1772; x_wconf 88' lang='grc' dir='ltr'><strong>τά</strong></span> <span class='ocrx_word' id='word_1_403' title='bbox 2528 1718 2687 1774; x_wconf 89' lang='grc' dir='ltr'><strong>κοινά</strong></span> <span class='ocrx_word' id='word_1_404' title='bbox 2712 1718 2901 1774; x_wconf 88' lang='grc' dir='ltr'><strong>δίκαια</strong></span> <span class='ocrx_word' id='word_1_405' title='bbox 2962 1717 3071 1773; x_wconf 83' lang='grc' dir='ltr'><strong>τῶν</strong></span> <span class='ocrx_word' id='word_1_406' title='bbox 3110 1717 3444 1790; x_wconf 79' lang='grc' dir='ltr'><strong>συμφώνων.</strong></span> <span class='ocrx_word' id='word_1_407' title='bbox 3475 1719 3682 1775; x_wconf 77' lang='grc' dir='ltr'><strong>Καίτοι</strong></span> 
     </span>
    </p>
   </div>
   <div class='ocr_carea' id='block_1_61' title="bbox 2082 1807 3677 1885">
    <p class='ocr_par' dir='ltr' id='par_1_61' title="bbox 2082 1807 3677 1885">
     <span class='ocr_line' id='line_1_61' title="bbox 2082 1807 3677 1885; baseline 0.004 -23"><span class='ocrx_word' id='word_1_408' title='bbox 2082 1826 2148 1879; x_wconf 90' lang='grc' dir='ltr'><strong>γε</strong></span> <span class='ocrx_word' id='word_1_409' title='bbox 2178 1809 2337 1878; x_wconf 76' lang='grc' dir='ltr'><strong>εἴπερ</strong></span> <span class='ocrx_word' id='word_1_410' title='bbox 2354 1812 2449 1865; x_wconf 72' lang='grc' dir='ltr'><strong>καὶ</strong></span> <span class='ocrx_word' id='word_1_411' title='bbox 2473 1807 2563 1866; x_wconf 76' lang='grc' dir='ltr'><strong>οἶα</strong></span> <span class='ocrx_word' id='word_1_412' title='bbox 2589 1812 2662 1867; x_wconf 80' lang='grc' dir='ltr'><strong>τά</strong></span> <span class='ocrx_word' id='word_1_413' title='bbox 2683 1812 3006 1883; x_wconf 81' lang='grc' dir='ltr'><strong>ἀνθρώπινα</strong></span> <span class='ocrx_word' id='word_1_414' title='bbox 3027 1811 3325 1881; x_wconf 81' lang='grc' dir='ltr'><strong>σφαλέντες</strong></span> <span class='ocrx_word' id='word_1_415' title='bbox 3344 1812 3677 1885; x_wconf 68' lang='grc' dir='ltr'><strong>ἐτύγχανον.</strong></span> 
     </span>
    </p>
   </div>
   <div class='ocr_carea' id='block_1_62' title="bbox 2082 1900 3682 1978">
    <p class='ocr_par' dir='ltr' id='par_1_62' title="bbox 2082 1900 3682 1978">
     <span class='ocr_line' id='line_1_62' title="bbox 2082 1900 3682 1978; baseline 0.002 -22"><span class='ocrx_word' id='word_1_416' title='bbox 2082 1900 2179 1956; x_wconf 69' lang='lat' dir='ltr'><strong>xui</strong></span> <span class='ocrx_word' id='word_1_417' title='bbox 2200 1903 2529 1968; x_wconf 90' lang='grc' dir='ltr'><strong>ἀπεναντίας</strong></span> <span class='ocrx_word' id='word_1_418' title='bbox 2568 1903 2880 1977; x_wconf 73' lang='grc' dir='ltr'><strong>ἑφρόνησάν</strong></span> <span class='ocrx_word' id='word_1_419' title='bbox 2933 1920 2987 1959; x_wconf 89' lang='grc' dir='ltr'><strong>τι</strong></span> <span class='ocrx_word' id='word_1_420' title='bbox 3012 1904 3110 1960; x_wconf 82' lang='grc' dir='ltr'><strong>τοῦ</strong></span> <span class='ocrx_word' id='word_1_421' title='bbox 3160 1904 3432 1977; x_wconf 67' lang='grc' dir='ltr'><strong>ὑμετέρου</strong></span> <span class='ocrx_word' id='word_1_422' title='bbox 3466 1908 3682 1978; x_wconf 79' lang='grc' dir='ltr'><strong>φρονή-</strong></span> 
     </span>
    </p>
   </div>
   <div class='ocr_carea' id='block_1_63' title="bbox 2086 1994 3685 2069">
    <p class='ocr_par' dir='ltr' id='par_1_63' title="bbox 2086 1994 3685 2069">
     <span class='ocr_line' id='line_1_63' title="bbox 2086 1994 3685 2069; baseline 0.003 -21"><span class='ocrx_word' id='word_1_423' title='bbox 2086 2010 2279 2065; x_wconf 86' lang='grc' dir='ltr'><strong>ματος,</strong></span> <span class='ocrx_word' id='word_1_424' title='bbox 2300 1994 2409 2049; x_wconf 76' lang='grc' dir='ltr'><strong>οὐδ’</strong></span> <span class='ocrx_word' id='word_1_425' title='bbox 2430 1994 2609 2061; x_wconf 78' lang='grc' dir='ltr'><strong>οὕτως</strong></span> <span class='ocrx_word' id='word_1_426' title='bbox 2635 1997 2810 2069; x_wconf 70' lang='grc' dir='ltr'><strong>ιχρῆν</strong></span> <span class='ocrx_word' id='word_1_427' title='bbox 2831 1996 3023 2059; x_wconf 81' lang='grc' dir='ltr'><strong>ὅπλοις</strong></span> <span class='ocrx_word' id='word_1_428' title='bbox 3053 1997 3295 2063; x_wconf 66' lang='grc' dir='ltr'><strong>ἀπιέναι,</strong></span> <span class='ocrx_word' id='word_1_429' title='bbox 3328 1998 3442 2051; x_wconf 73' lang='grc' dir='ltr'><strong>οὐδ’</strong></span> <span class='ocrx_word' id='word_1_430' title='bbox 3470 1999 3685 2054; x_wconf 71' lang='grc' dir='ltr'><strong>αὐτίκα.</strong></span> 
     </span>
    </p>
   </div>
   <div class='ocr_carea' id='block_1_64' title="bbox 2084 2087 3679 2163">
    <p class='ocr_par' dir='ltr' id='par_1_64' title="bbox 2084 2087 3679 2163">
     <span class='ocr_line' id='line_1_64' title="bbox 2084 2087 3679 2163; baseline -0.001 -23"><span class='ocrx_word' id='word_1_431' title='bbox 2084 2087 2221 2157; x_wconf 65' lang='grc' dir='ltr'><strong>πρὸς</strong></span> <span class='ocrx_word' id='word_1_432' title='bbox 2243 2087 2449 2157; x_wconf 76' lang='grc' dir='ltr'><strong>αἵματα</strong></span> <span class='ocrx_word' id='word_1_433' title='bbox 2476 2090 2676 2160; x_wconf 89' lang='grc' dir='ltr'><strong>χωρεῖν</strong></span> <span class='ocrx_word' id='word_1_434' title='bbox 2705 2089 2805 2144; x_wconf 78' lang='grc' dir='ltr'><strong>καὶ</strong></span> <span class='ocrx_word' id='word_1_435' title='bbox 2828 2089 3047 2159; x_wconf 77' lang='grc' dir='ltr'><strong>σφαγάς</strong></span> <span class='ocrx_word' id='word_1_436' title='bbox 3063 2104 3080 2121; x_wconf 90' lang='grc'><strong>·</strong></span> <span class='ocrx_word' id='word_1_437' title='bbox 3110 2088 3275 2147; x_wconf 76' lang='grc' dir='ltr'><strong>τοῦτο</strong></span> <span class='ocrx_word' id='word_1_438' title='bbox 3325 2090 3440 2159; x_wconf 79' lang='grc' dir='ltr'><strong>γὰρ</strong></span> <span class='ocrx_word' id='word_1_439' title='bbox 3466 2089 3569 2163; x_wconf 83' lang='grc' dir='ltr'><strong>οὐχ</strong></span> <span class='ocrx_word' id='word_1_440' title='bbox 3592 2090 3679 2145; x_wconf 82' lang='grc' dir='ltr'><strong>ὃτι</strong></span> 
     </span>
    </p>
   </div>
   <div class='ocr_carea' id='block_1_65' title="bbox 2083 2177 3685 2255">
    <p class='ocr_par' dir='ltr' id='par_1_65' title="bbox 2083 2177 3685 2255">
     <span class='ocr_line' id='line_1_65' title="bbox 2083 2177 3685 2255; baseline 0.004 -24"><span class='ocrx_word' id='word_1_441' title='bbox 2083 2177 2422 2249; x_wconf 76' lang='grc' dir='ltr'><strong>Σαρακηνῶν</strong></span> <span class='ocrx_word' id='word_1_442' title='bbox 2443 2179 2616 2247; x_wconf 79' lang='grc' dir='ltr'><strong>ἀξιον,</strong></span> <span class='ocrx_word' id='word_1_443' title='bbox 2642 2178 2761 2235; x_wconf 83' lang='grc' dir='ltr'><strong>ἀλλ’</strong></span> <span class='ocrx_word' id='word_1_444' title='bbox 2795 2180 2918 2237; x_wconf 80' lang='grc' dir='ltr'><strong>οὐδέ</strong></span> <span class='ocrx_word' id='word_1_445' title='bbox 2942 2198 3092 2247; x_wconf 85' lang='grc' dir='ltr'><strong>τινος</strong></span> <span class='ocrx_word' id='word_1_446' title='bbox 3118 2181 3311 2255; x_wconf 76' lang='grc' dir='ltr'><strong>δτίρου</strong></span> <span class='ocrx_word' id='word_1_447' title='bbox 3352 2181 3546 2247; x_wconf 70' lang='grc' dir='ltr'><strong>ἔθνους</strong></span> <span class='ocrx_word' id='word_1_448' title='bbox 3578 2183 3685 2237; x_wconf 81' lang='grc' dir='ltr'><strong>ἀν-</strong></span> 
     </span>
    </p>
   </div>
   <div class='ocr_carea' id='block_1_66' title="bbox 2085 2267 3681 2343">
    <p class='ocr_par' dir='ltr' id='par_1_66' title="bbox 2085 2267 3681 2343">
     <span class='ocr_line' id='line_1_66' title="bbox 2085 2267 3681 2343; baseline 0.003 -20"><span class='ocrx_word' id='word_1_449' title='bbox 2085 2267 2378 2342; x_wconf 84' lang='grc' dir='ltr'><strong>θρωπίνην</strong></span> <span class='ocrx_word' id='word_1_450' title='bbox 2404 2270 2688 2327; x_wconf 72' lang='grc' dir='ltr'><strong>πολιτείαν</strong></span> <span class='ocrx_word' id='word_1_451' title='bbox 2722 2272 2821 2328; x_wconf 79' lang='grc' dir='ltr'><strong>καὶ</strong></span> <span class='ocrx_word' id='word_1_452' title='bbox 2850 2272 2968 2343; x_wconf 86' lang='grc' dir='ltr'><strong>βίον</strong></span> <span class='ocrx_word' id='word_1_453' title='bbox 3004 2274 3208 2338; x_wconf 85' lang='grc' dir='ltr'><strong>είδότος</strong></span> <span class='ocrx_word' id='word_1_454' title='bbox 3235 2273 3334 2328; x_wconf 75' lang='grc' dir='ltr'><strong>καὶ</strong></span> <span class='ocrx_word' id='word_1_455' title='bbox 3366 2271 3681 2339; x_wconf 75' lang='grc' dir='ltr'><strong>σιίιζοντοςο</strong></span> 
     </span>
    </p>
   </div>
   <div class='ocr_carea' id='block_1_67' title="bbox 2084 2360 3687 2436">
    <p class='ocr_par' dir='ltr' id='par_1_67' title="bbox 2084 2360 3687 2436">
     <span class='ocr_line' id='line_1_67' title="bbox 2084 2360 3687 2436; baseline 0.003 -20"><span class='ocrx_word' id='word_1_456' title='bbox 2084 2360 2225 2415; x_wconf 85' lang='grc' dir='ltr'><strong>ἀλλά</strong></span> <span class='ocrx_word' id='word_1_457' title='bbox 2260 2363 2535 2436; x_wconf 83' lang='grc' dir='ltr'><strong>πρότερον</strong></span> <span class='ocrx_word' id='word_1_458' title='bbox 2562 2364 2826 2434; x_wconf 64' lang='grc' dir='ltr'><strong>ἐγκαλεῖν</strong></span> <span class='ocrx_word' id='word_1_459' title='bbox 2863 2364 2995 2436; x_wconf 77' lang='grc' dir='ltr'><strong>περὶ</strong></span> <span class='ocrx_word' id='word_1_460' title='bbox 3026 2362 3124 2419; x_wconf 77' lang='grc' dir='ltr'><strong>τοῦ</strong></span> <span class='ocrx_word' id='word_1_461' title='bbox 3157 2364 3504 2435; x_wconf 76' lang='grc' dir='ltr'><strong>σφάλματος.</strong></span> <span class='ocrx_word' id='word_1_462' title='bbox 3558 2365 3687 2434; x_wconf 67' lang='grc' dir='ltr'><strong>ιε.-</strong></span> 
     </span>
    </p>
   </div>
   <div class='ocr_carea' id='block_1_68' title="bbox 2087 2452 3682 2529">
    <p class='ocr_par' dir='ltr' id='par_1_68' title="bbox 2087 2452 3682 2529">
     <span class='ocr_line' id='line_1_68' title="bbox 2087 2452 3682 2529; baseline 0.004 -23"><span class='ocrx_word' id='word_1_463' title='bbox 2087 2452 2311 2526; x_wconf 85' lang='grc' dir='ltr'><strong>λέγχειν</strong></span> <span class='ocrx_word' id='word_1_464' title='bbox 2340 2456 2419 2520; x_wconf 81' lang='grc' dir='ltr'><strong>ὡς</strong></span> <span class='ocrx_word' id='word_1_465' title='bbox 2449 2456 2513 2511; x_wconf 82' lang='grc' dir='ltr'><strong>οὐ</strong></span> <span class='ocrx_word' id='word_1_466' title='bbox 2550 2455 2741 2512; x_wconf 88' lang='grc' dir='ltr'><strong>δίκαια</strong></span> <span class='ocrx_word' id='word_1_467' title='bbox 2766 2457 3097 2529; x_wconf 88' lang='grc' dir='ltr'><strong>πράττουσι,</strong></span> <span class='ocrx_word' id='word_1_468' title='bbox 3130 2460 3427 2529; x_wconf 78' lang='grc' dir='ltr'><strong>παραινεῖν</strong></span> <span class='ocrx_word' id='word_1_469' title='bbox 3462 2457 3682 2512; x_wconf 72' lang='grc' dir='ltr'><strong>ἑαυτῶν</strong></span> 
     </span>
    </p>
   </div>
   <div class='ocr_carea' id='block_1_69' title="bbox 2087 2545 3683 2622">
    <p class='ocr_par' dir='ltr' id='par_1_69' title="bbox 2087 2545 3683 2622">
     <span class='ocr_line' id='line_1_69' title="bbox 2087 2545 3683 2622; baseline 0.004 -25"><span class='ocrx_word' id='word_1_470' title='bbox 2087 2545 2365 2614; x_wconf 76' lang='grc' dir='ltr'><strong>γενέσθαι.</strong></span> <span class='ocrx_word' id='word_1_471' title='bbox 2396 2549 2494 2603; x_wconf 70' lang='grc' dir='ltr'><strong>καὶ</strong></span> <span class='ocrx_word' id='word_1_472' title='bbox 2518 2548 2594 2619; x_wconf 74' lang='grc' dir='ltr'><strong>μὴ</strong></span> <span class='ocrx_word' id='word_1_473' title='bbox 2619 2548 2955 2619; x_wconf 65' lang='grc' dir='ltr'><strong>ἐκφέρεσθαι</strong></span> <span class='ocrx_word' id='word_1_474' title='bbox 2993 2548 3089 2604; x_wconf 85' lang='grc' dir='ltr'><strong>τοῦ</strong></span> <span class='ocrx_word' id='word_1_475' title='bbox 3142 2550 3543 2622; x_wconf 72' lang='grc' dir='ltr'><strong>προσήκοντος,</strong></span> <span class='ocrx_word' id='word_1_476' title='bbox 3582 2552 3683 2605; x_wconf 83' lang='grc' dir='ltr'><strong>καὶ</strong></span> 
     </span>
    </p>
   </div>
   <div class='ocr_carea' id='block_1_70' title="bbox 2087 2640 3679 2715">
    <p class='ocr_par' dir='ltr' id='par_1_70' title="bbox 2087 2640 3679 2715">
     <span class='ocr_line' id='line_1_70' title="bbox 2087 2640 3679 2715; baseline 0.003 -19"><span class='ocrx_word' id='word_1_477' title='bbox 2087 2640 2251 2696; x_wconf 80' lang='grc' dir='ltr'><strong>τοῦτο</strong></span> <span class='ocrx_word' id='word_1_478' title='bbox 2278 2642 2380 2715; x_wconf 85' lang='grc' dir='ltr'><strong>οὐχ</strong></span> <span class='ocrx_word' id='word_1_479' title='bbox 2422 2642 2593 2711; x_wconf 80' lang='grc' dir='ltr'><strong>ἀπαε,</strong></span> <span class='ocrx_word' id='word_1_480' title='bbox 2641 2643 2781 2699; x_wconf 89' lang='grc' dir='ltr'><strong>ἀλλά</strong></span> <span class='ocrx_word' id='word_1_481' title='bbox 2809 2645 2905 2698; x_wconf 72' lang='grc' dir='ltr'><strong>καὶ</strong></span> <span class='ocrx_word' id='word_1_482' title='bbox 2935 2644 3020 2707; x_wconf 84' lang='grc' dir='ltr'><strong>δὶς</strong></span> <span class='ocrx_word' id='word_1_483' title='bbox 3070 2645 3168 2700; x_wconf 77' lang='grc' dir='ltr'><strong>καὶ</strong></span> <span class='ocrx_word' id='word_1_484' title='bbox 3193 2644 3379 2703; x_wconf 79' lang='grc' dir='ltr'><strong>πλέον.</strong></span> <span class='ocrx_word' id='word_1_485' title='bbox 3411 2646 3523 2699; x_wconf 74' lang='grc' dir='ltr'><strong>Καὶ</strong></span> <span class='ocrx_word' id='word_1_486' title='bbox 3553 2645 3679 2715; x_wconf 80' lang='grc' dir='ltr'><strong>εῖγε</strong></span> 
     </span>
    </p>
   </div>
   <div class='ocr_carea' id='block_1_71' title="bbox 2087 2731 3684 2811">
    <p class='ocr_par' dir='ltr' id='par_1_71' title="bbox 2087 2731 3684 2811">
     <span class='ocr_line' id='line_1_71' title="bbox 2087 2731 3684 2811; baseline 0.004 -25"><span class='ocrx_word' id='word_1_487' title='bbox 2087 2732 2503 2804; x_wconf 76' lang='grc' dir='ltr'><strong>ἀνεπιστρόφως</strong></span> <span class='ocrx_word' id='word_1_488' title='bbox 2555 2731 2726 2807; x_wconf 83' lang='grc' dir='ltr'><strong>εἶχον,</strong></span> <span class='ocrx_word' id='word_1_489' title='bbox 2780 2735 2877 2790; x_wconf 73' lang='grc' dir='ltr'><strong>καὶ</strong></span> <span class='ocrx_word' id='word_1_490' title='bbox 2940 2736 3066 2792; x_wconf 80' lang='grc' dir='ltr'><strong>ἀντὶ</strong></span> <span class='ocrx_word' id='word_1_491' title='bbox 3103 2735 3200 2791; x_wconf 79' lang='grc' dir='ltr'><strong>τοῦ</strong></span> <span class='ocrx_word' id='word_1_492' title='bbox 3250 2738 3597 2811; x_wconf 76' lang='grc' dir='ltr'><strong>μεταμαθεῖν</strong></span> <span class='ocrx_word' id='word_1_493' title='bbox 3619 2739 3684 2793; x_wconf 69' lang='lat' dir='ltr'><strong>sb</strong></span> 
     </span>
    </p>
   </div>
   <div class='ocr_carea' id='block_1_72' title="bbox 2087 2823 3685 2903">
    <p class='ocr_par' dir='ltr' id='par_1_72' title="bbox 2087 2823 3685 2903">
     <span class='ocr_line' id='line_1_72' title="bbox 2087 2823 3685 2903; baseline 0.005 -26"><span class='ocrx_word' id='word_1_494' title='bbox 2087 2823 2255 2878; x_wconf 75' lang='grc' dir='ltr'><strong>καλὸν</strong></span> <span class='ocrx_word' id='word_1_495' title='bbox 2278 2828 2344 2895; x_wconf 76' lang='grc' dir='ltr'><strong>τῇ</strong></span> <span class='ocrx_word' id='word_1_496' title='bbox 2372 2824 2578 2897; x_wconf 81' lang='grc' dir='ltr'><strong>χείρονι</strong></span> <span class='ocrx_word' id='word_1_497' title='bbox 2626 2827 2985 2896; x_wconf 75' lang='grc' dir='ltr'><strong>προσέκειντο</strong></span> <span class='ocrx_word' id='word_1_498' title='bbox 3042 2826 3265 2903; x_wconf 75' lang='grc' dir='ltr'><strong>γνώμῃ.</strong></span> <span class='ocrx_word' id='word_1_499' title='bbox 3315 2831 3439 2885; x_wconf 82' lang='grc' dir='ltr'><strong>τότε</strong></span> <span class='ocrx_word' id='word_1_500' title='bbox 3490 2827 3685 2887; x_wconf 74' lang='grc' dir='ltr'><strong>πᾶσαν</strong></span> 
     </span>
    </p>
   </div>
   <div class='ocr_carea' id='block_1_73' title="bbox 2087 2913 3677 2993">
    <p class='ocr_par' dir='ltr' id='par_1_73' title="bbox 2087 2913 3677 2993">
     <span class='ocr_line' id='line_1_73' title="bbox 2087 2913 3677 2993; baseline 0.005 -25"><span class='ocrx_word' id='word_1_501' title='bbox 2087 2913 2574 2984; x_wconf 76' lang='grc' dir='ltr'><strong>ἀπεκδυσαμένους</strong></span> <span class='ocrx_word' id='word_1_502' title='bbox 2602 2917 2700 2972; x_wconf 81' lang='grc' dir='ltr'><strong>καὶ</strong></span> <span class='ocrx_word' id='word_1_503' title='bbox 2732 2916 2887 2973; x_wconf 85' lang='grc' dir='ltr'><strong>θείαν</strong></span> <span class='ocrx_word' id='word_1_504' title='bbox 2918 2917 3144 2989; x_wconf 81' lang='grc' dir='ltr'><strong>νέμεσιν</strong></span> <span class='ocrx_word' id='word_1_505' title='bbox 3173 2918 3269 2975; x_wconf 81' lang='grc' dir='ltr'><strong>καὶ</strong></span> <span class='ocrx_word' id='word_1_506' title='bbox 3290 2921 3677 2993; x_wconf 83' lang='grc' dir='ltr'><strong>ἀνθρωπίνην,</strong></span> 
     </span>
    </p>
   </div>
   <div class='ocr_carea' id='block_1_74' title="bbox 2089 3003 3681 3078">
    <p class='ocr_par' dir='ltr' id='par_1_74' title="bbox 2089 3003 3681 3078">
     <span class='ocr_line' id='line_1_74' title="bbox 2089 3003 3681 3078; baseline 0.004 -22"><span class='ocrx_word' id='word_1_507' title='bbox 2089 3003 2393 3077; x_wconf 70' lang='grc' dir='ltr'><strong>ιπιχειρεῖν</strong></span> <span class='ocrx_word' id='word_1_508' title='bbox 2424 3004 2527 3078; x_wconf 77' lang='grc' dir='ltr'><strong>τὴν</strong></span> <span class='ocrx_word' id='word_1_509' title='bbox 2547 3006 2818 3061; x_wconf 75' lang='grc' dir='ltr'><strong>ἀπόνοιαν</strong></span> <span class='ocrx_word' id='word_1_510' title='bbox 2844 3005 2958 3061; x_wconf 84' lang='grc' dir='ltr'><strong>τῶν</strong></span> <span class='ocrx_word' id='word_1_511' title='bbox 2990 3009 3074 3072; x_wconf 88' lang='grc' dir='ltr'><strong>είς</strong></span> <span class='ocrx_word' id='word_1_512' title='bbox 3119 3005 3284 3062; x_wconf 81' lang='grc' dir='ltr'><strong>τοῦτο</strong></span> <span class='ocrx_word' id='word_1_513' title='bbox 3315 3007 3681 3064; x_wconf 66' lang='grc' dir='ltr'><strong>συνελασθένα</strong></span> 
     </span>
    </p>
   </div>
   <div class='ocr_carea' id='block_1_75' title="bbox 2089 3094 3683 3172">
    <p class='ocr_par' dir='ltr' id='par_1_75' title="bbox 2089 3094 3683 3172">
     <span class='ocr_line' id='line_1_75' title="bbox 2089 3094 3683 3172; baseline 0.005 -24"><span class='ocrx_word' id='word_1_514' title='bbox 2089 3094 2203 3148; x_wconf 83' lang='grc' dir='ltr'><strong>τῶν</strong></span> <span class='ocrx_word' id='word_1_515' title='bbox 2241 3097 2549 3169; x_wconf 83' lang='grc' dir='ltr'><strong>τιμωρεῖσο</strong></span> <span class='ocrx_word' id='word_1_516' title='bbox 2562 3114 2619 3154; x_wconf 88' lang='grc' dir='ltr'><strong>αι</strong></span> <span class='ocrx_word' id='word_1_517' title='bbox 2649 3098 2747 3153; x_wconf 83' lang='grc' dir='ltr'><strong>καὶ</strong></span> <span class='ocrx_word' id='word_1_518' title='bbox 2768 3098 3122 3169; x_wconf 79' lang='grc' dir='ltr'><strong>ἀνακρούειν.</strong></span> <span class='ocrx_word' id='word_1_519' title='bbox 3162 3099 3451 3172; x_wconf 79' lang='grc' dir='ltr'><strong>Ἑπράχθη</strong></span> <span class='ocrx_word' id='word_1_520' title='bbox 3482 3100 3543 3155; x_wconf 75' lang='grc' dir='ltr'><strong>δλ</strong></span> <span class='ocrx_word' id='word_1_521' title='bbox 3566 3118 3683 3158; x_wconf 86' lang='grc' dir='ltr'><strong>τοι-</strong></span> 
     </span>
    </p>
   </div>
   <div class='ocr_carea' id='block_1_76' title="bbox 2086 3181 3680 3261">
    <p class='ocr_par' dir='ltr' id='par_1_76' title="bbox 2086 3181 3680 3261">
     <span class='ocr_line' id='line_1_76' title="bbox 2086 3181 3680 3261; baseline 0.004 -22"><span class='ocrx_word' id='word_1_522' title='bbox 2086 3184 2246 3240; x_wconf 78' lang='grc' dir='ltr'><strong>οῦτον</strong></span> <span class='ocrx_word' id='word_1_523' title='bbox 2264 3186 2611 3254; x_wconf 51' lang='grc' dir='ltr'><strong>οὐδένάλλἎ</strong></span> <span class='ocrx_word' id='word_1_524' title='bbox 2642 3189 2784 3261; x_wconf 76' lang='grc' dir='ltr'><strong>ὅπερ</strong></span> <span class='ocrx_word' id='word_1_525' title='bbox 2814 3181 2995 3257; x_wconf 82' lang='grc' dir='ltr'><strong>είπον,</strong></span> <span class='ocrx_word' id='word_1_526' title='bbox 3025 3189 3356 3261; x_wconf 78' lang='grc' dir='ltr'><strong>ἀνθρώπους</strong></span> <span class='ocrx_word' id='word_1_527' title='bbox 3391 3192 3680 3261; x_wconf 79' lang='grc' dir='ltr'><strong>ἀναιτίους</strong></span> 
     </span>
    </p>
   </div>
   <div class='ocr_carea' id='block_1_77' title="bbox 2091 3276 3683 3356">
    <p class='ocr_par' dir='ltr' id='par_1_77' title="bbox 2091 3276 3683 3356">
     <span class='ocr_line' id='line_1_77' title="bbox 2091 3276 3683 3356; baseline 0.006 -25"><span class='ocrx_word' id='word_1_528' title='bbox 2091 3276 2260 3347; x_wconf 75' lang='grc' dir='ltr'><strong>μηδὲν</strong></span> <span class='ocrx_word' id='word_1_529' title='bbox 2312 3279 2670 3352; x_wconf 74' lang='grc' dir='ltr'><strong>ἠδικηκότας,</strong></span> <span class='ocrx_word' id='word_1_530' title='bbox 2722 3281 2895 3354; x_wconf 70' lang='grc' dir='ltr'><strong>μηδὲν</strong></span> <span class='ocrx_word' id='word_1_531' title='bbox 2940 3280 3053 3337; x_wconf 85' lang='grc' dir='ltr'><strong>τῶν</strong></span> <span class='ocrx_word' id='word_1_532' title='bbox 3077 3282 3139 3348; x_wconf 78' lang='grc' dir='ltr'><strong>ιε</strong></span> <span class='ocrx_word' id='word_1_533' title='bbox 3177 3282 3355 3356; x_wconf 79' lang='grc' dir='ltr'><strong>ἀρχῆς</strong></span> <span class='ocrx_word' id='word_1_534' title='bbox 3408 3282 3683 3350; x_wconf 75' lang='grc' dir='ltr'><strong>δοξάντων</strong></span> 
     </span>
    </p>
   </div>
   <div class='ocr_carea' id='block_1_78' title="bbox 2088 3368 3463 3447">
    <p class='ocr_par' dir='ltr' id='par_1_78' title="bbox 2088 3368 3463 3447">
     <span class='ocr_line' id='line_1_78' title="bbox 2088 3368 3463 3447; baseline 0.008 -25"><span class='ocrx_word' id='word_1_535' title='bbox 2088 3368 2451 3441; x_wconf 62' lang='grc' dir='ltr'><strong>ἠθετηκὸτας,</strong></span> <span class='ocrx_word' id='word_1_536' title='bbox 2477 3372 2567 3427; x_wconf 87' lang='grc' dir='ltr'><strong>ῖσα</strong></span> <span class='ocrx_word' id='word_1_537' title='bbox 2594 3374 2689 3429; x_wconf 81' lang='grc' dir='ltr'><strong>καὶ</strong></span> <span class='ocrx_word' id='word_1_538' title='bbox 2718 3373 3008 3445; x_wconf 87' lang='grc' dir='ltr'><strong>πολεμίοις</strong></span> <span class='ocrx_word' id='word_1_539' title='bbox 3037 3374 3463 3447; x_wconf 81' lang='grc' dir='ltr'><strong>διεχειρίσασθε.</strong></span> 
     </span>
    </p>
   </div>
   <div class='ocr_carea' id='block_1_79' title="bbox 2156 3462 3682 3541">
    <p class='ocr_par' dir='ltr' id='par_1_79' title="bbox 2156 3462 3682 3541">
     <span class='ocr_line' id='line_1_79' title="bbox 2156 3462 3682 3541; baseline 0.006 -25"><span class='ocrx_word' id='word_1_540' title='bbox 2156 3462 2477 3535; x_wconf 81' lang='grc' dir='ltr'><strong>ΤίςΙάκούων</strong></span> <span class='ocrx_word' id='word_1_541' title='bbox 2493 3464 2708 3539; x_wconf 80' lang='grc' dir='ltr'><strong>ταῦταῆ</strong></span> <span class='ocrx_word' id='word_1_542' title='bbox 2725 3465 2836 3522; x_wconf 83' lang='grc' dir='ltr'><strong>τῶν</strong></span> <span class='ocrx_word' id='word_1_543' title='bbox 2848 3464 2969 3532; x_wconf 82' lang='grc' dir='ltr'><strong>νῦν,</strong></span> <span class='ocrx_word' id='word_1_544' title='bbox 2989 3467 3464 3540; x_wconf 72' lang='grc' dir='ltr'><strong>ἥτῶνμετέπειτα</strong></span> <span class='ocrx_word' id='word_1_545' title='bbox 3479 3468 3682 3541; x_wconf 62' lang='lat' dir='ltr'><strong>loculo</strong></span> 
     </span>
    </p>
   </div>
   <div class='ocr_carea' id='block_1_80' title="bbox 2086 3556 3681 3629">
    <p class='ocr_par' dir='ltr' id='par_1_80' title="bbox 2086 3556 3681 3629">
     <span class='ocr_line' id='line_1_80' title="bbox 2086 3556 3681 3629; baseline 0.004 -20"><span class='ocrx_word' id='word_1_546' title='bbox 2086 3570 2195 3609; x_wconf 86' lang='grc' dir='ltr'><strong>νων</strong></span> <span class='ocrx_word' id='word_1_547' title='bbox 2214 3556 2338 3627; x_wconf 82' lang='grc' dir='ltr'><strong>οὐχὶ</strong></span> <span class='ocrx_word' id='word_1_548' title='bbox 2377 3557 2625 3629; x_wconf 75' lang='grc' dir='ltr'><strong>μεγάλην</strong></span> <span class='ocrx_word' id='word_1_549' title='bbox 2668 3557 2884 3613; x_wconf 80' lang='grc' dir='ltr'><strong>ἀδικίαν</strong></span> <span class='ocrx_word' id='word_1_550' title='bbox 2910 3556 3020 3614; x_wconf 82' lang='grc' dir='ltr'><strong>τῶν</strong></span> <span class='ocrx_word' id='word_1_551' title='bbox 3039 3557 3235 3626; x_wconf 72' lang='grc' dir='ltr'><strong>ίταῠτα</strong></span> <span class='ocrx_word' id='word_1_552' title='bbox 3258 3559 3681 3629; x_wconf 77' lang='grc' dir='ltr'><strong>καταγνώσεται</strong></span> 
     </span>
    </p>
   </div>
   <div class='ocr_carea' id='block_1_81' title="bbox 2086 3645 3682 3724">
    <p class='ocr_par' dir='ltr' id='par_1_81' title="bbox 2086 3645 3682 3724">
     <span class='ocr_line' id='line_1_81' title="bbox 2086 3645 3682 3724; baseline 0.004 -24"><span class='ocrx_word' id='word_1_553' title='bbox 2086 3645 2625 3720; x_wconf 70' lang='grc' dir='ltr'><strong>διαπεπραγμένωνς</strong></span> <span class='ocrx_word' id='word_1_554' title='bbox 2659 3650 2787 3715; x_wconf 81' lang='grc' dir='ltr'><strong>Πῶς</strong></span> <span class='ocrx_word' id='word_1_555' title='bbox 2806 3649 2864 3706; x_wconf 80' lang='grc' dir='ltr'><strong>δι</strong></span> <span class='ocrx_word' id='word_1_556' title='bbox 2889 3651 2940 3706; x_wconf 86' lang='lat' dir='ltr'><strong>oi</strong></span> <span class='ocrx_word' id='word_1_557' title='bbox 2967 3651 3314 3723; x_wconf 82' lang='grc' dir='ltr'><strong>προπάτορες</strong></span> <span class='ocrx_word' id='word_1_558' title='bbox 3336 3650 3494 3724; x_wconf 79' lang='grc' dir='ltr'><strong>ὑμῶν</strong></span> <span class='ocrx_word' id='word_1_559' title='bbox 3531 3652 3583 3707; x_wconf 81' lang='grc' dir='ltr'><strong>οῖ</strong></span> <span class='ocrx_word' id='word_1_560' title='bbox 3610 3649 3682 3707; x_wconf 76' lang='grc' dir='ltr'><strong>τά</strong></span> 
     </span>
    </p>
   </div>
   <div class='ocr_carea' id='block_1_82' title="bbox 2087 3737 3673 3816">
    <p class='ocr_par' dir='ltr' id='par_1_82' title="bbox 2087 3737 3673 3816">
     <span class='ocr_line' id='line_1_82' title="bbox 2087 3737 3673 3816; baseline 0.005 -23"><span class='ocrx_word' id='word_1_561' title='bbox 2087 3737 2357 3811; x_wconf 77' lang='grc' dir='ltr'><strong>σύμφωνα</strong></span> <span class='ocrx_word' id='word_1_562' title='bbox 2374 3742 2470 3796; x_wconf 88' lang='grc' dir='ltr'><strong>καὶ</strong></span> <span class='ocrx_word' id='word_1_563' title='bbox 2494 3741 2623 3808; x_wconf 80' lang='grc' dir='ltr'><strong>τοὺς</strong></span> <span class='ocrx_word' id='word_1_564' title='bbox 2652 3742 2850 3813; x_wconf 79' lang='grc' dir='ltr'><strong>ὅρκους</strong></span> <span class='ocrx_word' id='word_1_565' title='bbox 2868 3742 3088 3816; x_wconf 84' lang='grc' dir='ltr'><strong>θέμενοι</strong></span> <span class='ocrx_word' id='word_1_566' title='bbox 3106 3744 3247 3816; x_wconf 74' lang='grc' dir='ltr'><strong>πρὸς</strong></span> <span class='ocrx_word' id='word_1_567' title='bbox 3282 3743 3593 3815; x_wconf 77' lang='grc' dir='ltr'><strong>Κυπρίους,</strong></span> <span class='ocrx_word' id='word_1_568' title='bbox 3617 3748 3673 3801; x_wconf 80' lang='grc' dir='ltr'><strong>εί</strong></span> 
     </span>
    </p>
   </div>
   <div class='ocr_carea' id='block_1_83' title="bbox 2089 3831 3684 3909">
    <p class='ocr_par' dir='ltr' id='par_1_83' title="bbox 2089 3831 3684 3909">
     <span class='ocr_line' id='line_1_83' title="bbox 2089 3831 3684 3909; baseline 0.004 -22"><span class='ocrx_word' id='word_1_569' title='bbox 2089 3848 2176 3897; x_wconf 86' lang='grc' dir='ltr'><strong>τις</strong></span> <span class='ocrx_word' id='word_1_570' title='bbox 2201 3831 2320 3887; x_wconf 64' lang='grc' dir='ltr'><strong>ἐστὶ</strong></span> <span class='ocrx_word' id='word_1_571' title='bbox 2337 3832 2448 3887; x_wconf 85' lang='grc' dir='ltr'><strong>τῶν</strong></span> <span class='ocrx_word' id='word_1_572' title='bbox 2466 3835 2527 3889; x_wconf 76' lang='grc' dir='ltr'><strong>ιν</strong></span> <span class='ocrx_word' id='word_1_573' title='bbox 2556 3834 2637 3906; x_wconf 82' lang='grc' dir='ltr'><strong>τῷ</strong></span> <span class='ocrx_word' id='word_1_574' title='bbox 2662 3834 2765 3909; x_wconf 78' lang='grc' dir='ltr'><strong>βίῳ</strong></span> <span class='ocrx_word' id='word_1_575' title='bbox 2778 3834 2957 3907; x_wconf 74' lang='grc' dir='ltr'><strong>τούτῳ</strong></span> <span class='ocrx_word' id='word_1_576' title='bbox 2968 3835 3366 3908; x_wconf 82' lang='grc' dir='ltr'><strong>πραττομένων</strong></span> <span class='ocrx_word' id='word_1_577' title='bbox 3396 3836 3510 3902; x_wconf 86' lang='grc' dir='ltr'><strong>τοῖς</strong></span> <span class='ocrx_word' id='word_1_578' title='bbox 3527 3836 3684 3893; x_wconf 55' lang='lat' dir='ltr'><strong>duo</strong></span> 
     </span>
    </p>
   </div>
   <div class='ocr_carea' id='block_1_84' title="bbox 2086 3922 3682 3998">
    <p class='ocr_par' dir='ltr' id='par_1_84' title="bbox 2086 3922 3682 3998">
     <span class='ocr_line' id='line_1_84' title="bbox 2086 3922 3682 3998; baseline 0.004 -22"><span class='ocrx_word' id='word_1_579' title='bbox 2086 3922 2342 3995; x_wconf 81' lang='grc' dir='ltr'><strong>χομένοις</strong></span> <span class='ocrx_word' id='word_1_580' title='bbox 2375 3922 2755 3997; x_wconf 71' lang='grc' dir='ltr'><strong>συναίσθησις.</strong></span> <span class='ocrx_word' id='word_1_581' title='bbox 2780 3926 2903 3998; x_wconf 71' lang='grc' dir='ltr'><strong>οὐχὶ</strong></span> <span class='ocrx_word' id='word_1_582' title='bbox 2928 3925 3181 3998; x_wconf 75' lang='grc' dir='ltr'><strong>μεγάλως</strong></span> <span class='ocrx_word' id='word_1_583' title='bbox 3202 3924 3524 3994; x_wconf 75' lang='grc' dir='ltr'><strong>στενάξαιτο</strong></span> <span class='ocrx_word' id='word_1_584' title='bbox 3552 3925 3682 3982; x_wconf 77' lang='grc' dir='ltr'><strong>καθ’</strong></span> 
     </span>
    </p>
   </div>
   <div class='ocr_carea' id='block_1_85' title="bbox 2088 4010 3685 4094">
    <p class='ocr_par' dir='ltr' id='par_1_85' title="bbox 2088 4010 3685 4094">
     <span class='ocr_line' id='line_1_85' title="bbox 2088 4010 3685 4094; baseline 0.004 -29"><span class='ocrx_word' id='word_1_585' title='bbox 2088 4010 2268 4083; x_wconf 77' lang='grc' dir='ltr'><strong>ὑμῶν,</strong></span> <span class='ocrx_word' id='word_1_586' title='bbox 2315 4012 2422 4094; x_wconf 30' lang='grc' dir='ltr'><strong>καὶ·</strong></span> <span class='ocrx_word' id='word_1_587' title='bbox 2441 4012 2626 4085; x_wconf 82' lang='grc' dir='ltr'><strong>πάσης</strong></span> <span class='ocrx_word' id='word_1_588' title='bbox 2688 4014 3073 4085; x_wconf 82' lang='grc' dir='ltr'><strong>κατακρίσεως</strong></span> <span class='ocrx_word' id='word_1_589' title='bbox 3145 4013 3372 4086; x_wconf 72' lang='grc' dir='ltr'><strong>δνόχους</strong></span> <span class='ocrx_word' id='word_1_590' title='bbox 3430 4015 3685 4088; x_wconf 71' lang='grc' dir='ltr'><strong>καταψη-</strong></span> 
     </span>
    </p>
   </div>
   <div class='ocr_carea' id='block_1_86' title="bbox 2089 4102 3684 4182">
    <p class='ocr_par' dir='ltr' id='par_1_86' title="bbox 2089 4102 3684 4182">
     <span class='ocr_line' id='line_1_86' title="bbox 2089 4102 3684 4182; baseline 0.005 -24"><span class='ocrx_word' id='word_1_591' title='bbox 2089 4102 2362 4174; x_wconf 78' lang='grc' dir='ltr'><strong>φιοῦνται,</strong></span> <span class='ocrx_word' id='word_1_592' title='bbox 2391 4105 2454 4160; x_wconf 82' lang='grc' dir='ltr'><strong>οὐ</strong></span> <span class='ocrx_word' id='word_1_593' title='bbox 2505 4106 2670 4179; x_wconf 86' lang='grc' dir='ltr'><strong>μόνον</strong></span> <span class='ocrx_word' id='word_1_594' title='bbox 2706 4106 2785 4171; x_wconf 82' lang='grc' dir='ltr'><strong>ὡς</strong></span> <span class='ocrx_word' id='word_1_595' title='bbox 2832 4106 3264 4182; x_wconf 75' lang='grc' dir='ltr'><strong>έξαμαρτῶντας</strong></span> <span class='ocrx_word' id='word_1_596' title='bbox 3303 4108 3387 4173; x_wconf 89' lang='grc' dir='ltr'><strong>είς</strong></span> <span class='ocrx_word' id='word_1_597' title='bbox 3438 4109 3543 4182; x_wconf 68' lang='grc' dir='ltr'><strong>τὴν</strong></span> <span class='ocrx_word' id='word_1_598' title='bbox 3568 4107 3684 4166; x_wconf 78' lang='grc' dir='ltr'><strong>τῶν</strong></span> 
     </span>
    </p>
   </div>
   <div class='ocr_carea' id='block_1_87' title="bbox 2089 4196 3684 4269">
    <p class='ocr_par' dir='ltr' id='par_1_87' title="bbox 2089 4196 3684 4269">
     <span class='ocr_line' id='line_1_87' title="bbox 2089 4196 3684 4269; baseline 0.006 -19"><span class='ocrx_word' id='word_1_599' title='bbox 2089 4196 2363 4269; x_wconf 79' lang='grc' dir='ltr'><strong>Κυπρίων</strong></span> <span class='ocrx_word' id='word_1_600' title='bbox 2390 4196 2579 4268; x_wconf 80' lang='grc' dir='ltr'><strong>νῆσον,</strong></span> <span class='ocrx_word' id='word_1_601' title='bbox 2606 4196 2748 4253; x_wconf 89' lang='grc' dir='ltr'><strong>ἀλλά</strong></span> <span class='ocrx_word' id='word_1_602' title='bbox 2774 4198 2872 4255; x_wconf 83' lang='grc' dir='ltr'><strong>καὶ</strong></span> <span class='ocrx_word' id='word_1_603' title='bbox 2914 4202 2998 4263; x_wconf 88' lang='grc' dir='ltr'><strong>είς</strong></span> <span class='ocrx_word' id='word_1_604' title='bbox 3042 4199 3301 4266; x_wconf 74' lang='grc' dir='ltr'><strong>εκείνους</strong></span> <span class='ocrx_word' id='word_1_605' title='bbox 3326 4199 3551 4267; x_wconf 73' lang='grc' dir='ltr'><strong>αὐτοὺς,</strong></span> <span class='ocrx_word' id='word_1_606' title='bbox 3585 4202 3684 4259; x_wconf 79' lang='grc' dir='ltr'><strong>καὶ</strong></span> 
     </span>
    </p>
   </div>
   <div class='ocr_carea' id='block_1_88' title="bbox 2089 4285 3684 4365">
    <p class='ocr_par' dir='ltr' id='par_1_88' title="bbox 2089 4285 3684 4365">
     <span class='ocr_line' id='line_1_88' title="bbox 2089 4285 3684 4365; baseline 0.004 -24"><span class='ocrx_word' id='word_1_607' title='bbox 2089 4285 2168 4351; x_wconf 83' lang='grc' dir='ltr'><strong>ὦς</strong></span> <span class='ocrx_word' id='word_1_608' title='bbox 2203 4288 2541 4360; x_wconf 83' lang='grc' dir='ltr'><strong>πατραλοίας</strong></span> <span class='ocrx_word' id='word_1_609' title='bbox 2583 4288 2792 4354; x_wconf 80' lang='grc' dir='ltr'><strong>πάσαις</strong></span> <span class='ocrx_word' id='word_1_610' title='bbox 2825 4288 3207 4346; x_wconf 77' lang='grc' dir='ltr'><strong>ὕποϐαλοῦσιν</strong></span> <span class='ocrx_word' id='word_1_611' title='bbox 3232 4290 3446 4365; x_wconf 68' lang='grc' dir='ltr'><strong>ἀραῖςς</strong></span> <span class='ocrx_word' id='word_1_612' title='bbox 3480 4293 3556 4347; x_wconf 75' lang='grc' dir='ltr'><strong>’Β</strong></span> <span class='ocrx_word' id='word_1_613' title='bbox 3582 4292 3684 4349; x_wconf 77' lang='grc' dir='ltr'><strong>ιάν</strong></span> 
     </span>
    </p>
   </div>
   <div class='ocr_carea' id='block_1_89' title="bbox 410 4377 1985 4459">
    <p class='ocr_par' dir='ltr' id='par_1_89' title="bbox 410 4380 1985 4459">
     <span class='ocr_line' id='line_1_89' title="bbox 410 4380 1985 4459; baseline -0.003 -20"><span class='ocrx_word' id='word_1_614' title='bbox 410 4396 621 4459; x_wconf 88' lang='lat' dir='ltr'><strong>patrem</strong></span> <span class='ocrx_word' id='word_1_615' title='bbox 654 4382 833 4438; x_wconf 88' lang='lat' dir='ltr'><strong>adhuc</strong></span> <span class='ocrx_word' id='word_1_616' title='bbox 864 4381 1132 4437; x_wconf 80' lang='lat' dir='ltr'><strong>viventem</strong></span> <span class='ocrx_word' id='word_1_617' title='bbox 1162 4395 1233 4437; x_wconf 95' lang='lat' dir='ltr'><strong>eo</strong></span> <span class='ocrx_word' id='word_1_618' title='bbox 1254 4395 1367 4452; x_wconf 89' lang='lat' dir='ltr'><strong>quo</strong></span> <span class='ocrx_word' id='word_1_619' title='bbox 1398 4380 1776 4447; x_wconf 80' lang='lat' dir='ltr'><strong>insurrexerit,</strong></span> <span class='ocrx_word' id='word_1_620' title='bbox 1805 4386 1985 4435; x_wconf 87' lang='lat' dir='ltr'><strong>notant</strong></span> 
     </span>
    </p>
   </div>
   <div class='ocr_carea' id='block_1_90' title="bbox 2087 4377 3681 4459">
    <p class='ocr_par' dir='ltr' id='par_1_90' title="bbox 2093 4377 3681 4455">
     <span class='ocr_line' id='line_1_90' title="bbox 2093 4377 3681 4455; baseline 0.004 -23"><span class='ocrx_word' id='word_1_621' title='bbox 2093 4393 2179 4443; x_wconf 89' lang='grc' dir='ltr'><strong>τις</strong></span> <span class='ocrx_word' id='word_1_622' title='bbox 2216 4378 2363 4435; x_wconf 87' lang='grc' dir='ltr'><strong>κατά</strong></span> <span class='ocrx_word' id='word_1_623' title='bbox 2417 4377 2516 4436; x_wconf 76' lang='grc' dir='ltr'><strong>τοῦ</strong></span> <span class='ocrx_word' id='word_1_624' title='bbox 2571 4379 2706 4434; x_wconf 88' lang='grc' dir='ltr'><strong>ίδίου</strong></span> <span class='ocrx_word' id='word_1_625' title='bbox 2742 4379 2956 4455; x_wconf 76' lang='grc' dir='ltr'><strong>πατρὸς</strong></span> <span class='ocrx_word' id='word_1_626' title='bbox 3008 4380 3069 4434; x_wconf 73' lang='grc' dir='ltr'><strong>εν</strong></span> <span class='ocrx_word' id='word_1_627' title='bbox 3096 4378 3176 4451; x_wconf 76' lang='grc' dir='ltr'><strong>τῷ</strong></span> <span class='ocrx_word' id='word_1_628' title='bbox 3200 4379 3437 4453; x_wconf 76' lang='grc' dir='ltr'><strong>παρόντι</strong></span> <span class='ocrx_word' id='word_1_629' title='bbox 3466 4381 3571 4455; x_wconf 73' lang='grc' dir='ltr'><strong>βίῳ</strong></span> <span class='ocrx_word' id='word_1_630' title='bbox 3596 4383 3681 4446; x_wconf 85' lang='grc' dir='ltr'><strong>είς</strong></span> 
     </span>
    </p>
   </div>
   <div class='ocr_carea' id='block_1_91' title="bbox 412 4471 1990 4550">
    <p class='ocr_par' dir='ltr' id='par_1_91' title="bbox 412 4471 1990 4550">
     <span class='ocr_line' id='line_1_91' title="bbox 412 4471 1990 4550; baseline -0.003 -17"><span class='ocrx_word' id='word_1_631' title='bbox 412 4476 693 4550; x_wconf 80' lang='lat' dir='ltr'><strong>parricidii</strong></span> <span class='ocrx_word' id='word_1_632' title='bbox 738 4490 845 4531; x_wconf 93' lang='lat' dir='ltr'><strong>non</strong></span> <span class='ocrx_word' id='word_1_633' title='bbox 878 4474 1165 4543; x_wconf 82' lang='lat' dir='ltr'><strong>eﬂ&#39;ugeret,</strong></span> <span class='ocrx_word' id='word_1_634' title='bbox 1196 4488 1384 4531; x_wconf 89' lang='lat' dir='ltr'><strong>nonne</strong></span> <span class='ocrx_word' id='word_1_635' title='bbox 1403 4473 1499 4545; x_wconf 92' lang='lat' dir='ltr'><strong>qui</strong></span> <span class='ocrx_word' id='word_1_636' title='bbox 1528 4471 1775 4530; x_wconf 80' lang='lat' dir='ltr'><strong>defuncti</strong></span> <span class='ocrx_word' id='word_1_637' title='bbox 1815 4471 1990 4545; x_wconf 87' lang='lat' dir='ltr'><strong>patris</strong></span> 
     </span>
    </p>
   </div>
   <div class='ocr_carea' id='block_1_92' title="bbox 411 4561 1994 4634">
    <p class='ocr_par' dir='ltr' id='par_1_92' title="bbox 411 4561 1994 4634">
     <span class='ocr_line' id='line_1_92' title="bbox 411 4561 1994 4634; baseline -0.002 -12"><span class='ocrx_word' id='word_1_638' title='bbox 411 4567 716 4624; x_wconf 88' lang='lat' dir='ltr'><strong>voluntatis</strong></span> <span class='ocrx_word' id='word_1_639' title='bbox 765 4563 1114 4631; x_wconf 88' lang='lat' dir='ltr'><strong>contradicit,</strong></span> <span class='ocrx_word' id='word_1_640' title='bbox 1158 4563 1435 4634; x_wconf 89' lang='lat' dir='ltr'><strong>parricida</strong></span> <span class='ocrx_word' id='word_1_641' title='bbox 1481 4564 1589 4620; x_wconf 89' lang='lat' dir='ltr'><strong>erit</strong></span> <span class='ocrx_word' id='word_1_642' title='bbox 1634 4561 1994 4634; x_wconf 78' lang='lat' dir='ltr'><strong>ejusdemque</strong></span> 
     </span>
    </p>
   </div>
   <div class='ocr_carea' id='block_1_93' title="bbox 411 4652 1994 4733">
    <p class='ocr_par' dir='ltr' id='par_1_93' title="bbox 411 4652 1994 4733">
     <span class='ocr_line' id='line_1_93' title="bbox 411 4652 1994 4733; baseline -0.003 -16"><span class='ocrx_word' id='word_1_643' title='bbox 411 4675 592 4733; x_wconf 69' lang='lat' dir='ltr'><strong>pinnae</strong></span> <span class='ocrx_word' id='word_1_644' title='bbox 637 4657 809 4715; x_wconf 78' lang='lat' dir='ltr'><strong>reus?</strong></span> <span class='ocrx_word' id='word_1_645' title='bbox 840 4655 1064 4728; x_wconf 84' lang='lat' dir='ltr'><strong>Ecquod</strong></span> <span class='ocrx_word' id='word_1_646' title='bbox 1118 4656 1265 4712; x_wconf 92' lang='lat' dir='ltr'><strong>enim</strong></span> <span class='ocrx_word' id='word_1_647' title='bbox 1318 4655 1461 4711; x_wconf 90' lang='lat' dir='ltr'><strong>inter</strong></span> <span class='ocrx_word' id='word_1_648' title='bbox 1506 4654 1625 4712; x_wconf 67' lang='lat' dir='ltr'><strong>hac</strong></span> <span class='ocrx_word' id='word_1_649' title='bbox 1678 4652 1994 4712; x_wconf 84' lang='lat' dir='ltr'><strong>rebellionis</strong></span> 
     </span>
    </p>
   </div>
   <div class='ocr_carea' id='block_1_94' title="bbox 414 4746 1985 4823">
    <p class='ocr_par' dir='ltr' id='par_1_94' title="bbox 414 4746 1985 4823">
     <span class='ocr_line' id='line_1_94' title="bbox 414 4746 1985 4823; baseline -0.003 -14"><span class='ocrx_word' id='word_1_650' title='bbox 414 4760 662 4823; x_wconf 82' lang='lat' dir='ltr'><strong>respectu</strong></span> <span class='ocrx_word' id='word_1_651' title='bbox 692 4752 847 4807; x_wconf 85' lang='lat' dir='ltr'><strong>adest</strong></span> <span class='ocrx_word' id='word_1_652' title='bbox 877 4748 1209 4806; x_wconf 74' lang='lat' dir='ltr'><strong>discrimen?</strong></span> <span class='ocrx_word' id='word_1_653' title='bbox 1237 4748 1368 4820; x_wconf 88' lang='lat' dir='ltr'><strong>quin</strong></span> <span class='ocrx_word' id='word_1_654' title='bbox 1408 4747 1540 4814; x_wconf 87' lang='lat' dir='ltr'><strong>imo,</strong></span> <span class='ocrx_word' id='word_1_655' title='bbox 1573 4748 1621 4803; x_wconf 90' lang='lat' dir='ltr'><strong>si</strong></span> <span class='ocrx_word' id='word_1_656' title='bbox 1650 4748 1778 4818; x_wconf 84' lang='lat' dir='ltr'><strong>quis</strong></span> <span class='ocrx_word' id='word_1_657' title='bbox 1808 4746 1985 4819; x_wconf 85' lang='lat' dir='ltr'><strong>probe</strong></span> 
     </span>
    </p>
   </div>
   <div class='ocr_carea' id='block_1_95' title="bbox 416 4837 1992 4916">
    <p class='ocr_par' dir='ltr' id='par_1_95' title="bbox 416 4837 1992 4916">
     <span class='ocr_line' id='line_1_95' title="bbox 416 4837 1992 4916; baseline -0.006 -13"><span class='ocrx_word' id='word_1_658' title='bbox 416 4844 729 4916; x_wconf 87' lang='lat' dir='ltr'><strong>intelligere</strong></span> <span class='ocrx_word' id='word_1_659' title='bbox 777 4843 929 4905; x_wconf 91' lang='lat' dir='ltr'><strong>velit,</strong></span> <span class='ocrx_word' id='word_1_660' title='bbox 962 4841 1118 4913; x_wconf 79' lang='lat' dir='ltr'><strong>pejus</strong></span> <span class='ocrx_word' id='word_1_661' title='bbox 1166 4852 1257 4898; x_wconf 86' lang='lat' dir='ltr'><strong>est</strong></span> <span class='ocrx_word' id='word_1_662' title='bbox 1285 4841 1341 4897; x_wconf 91' lang='lat' dir='ltr'><strong>in</strong></span> <span class='ocrx_word' id='word_1_663' title='bbox 1370 4839 1685 4897; x_wconf 80' lang='lat' dir='ltr'><strong>defunctum</strong></span> <span class='ocrx_word' id='word_1_664' title='bbox 1719 4853 1885 4911; x_wconf 90' lang='lat' dir='ltr'><strong>quam</strong></span> <span class='ocrx_word' id='word_1_665' title='bbox 1933 4837 1992 4894; x_wconf 88' lang='lat' dir='ltr'><strong>in</strong></span> 
     </span>
    </p>
   </div>
   <div class='ocr_carea' id='block_1_96' title="bbox 415 4931 1993 5006">
    <p class='ocr_par' dir='ltr' id='par_1_96' title="bbox 415 4931 1993 5006">
     <span class='ocr_line' id='line_1_96' title="bbox 415 4931 1993 5006; baseline -0.003 -14"><span class='ocrx_word' id='word_1_666' title='bbox 415 4939 603 4993; x_wconf 85' lang='lat' dir='ltr'><strong>vivum</strong></span> <span class='ocrx_word' id='word_1_667' title='bbox 633 4946 841 5005; x_wconf 87' lang='lat' dir='ltr'><strong>patrem</strong></span> <span class='ocrx_word' id='word_1_668' title='bbox 876 4937 1185 5006; x_wconf 90' lang='lat' dir='ltr'><strong>insurgere,</strong></span> <span class='ocrx_word' id='word_1_669' title='bbox 1217 4950 1329 5006; x_wconf 87' lang='lat' dir='ltr'><strong>quo</strong></span> <span class='ocrx_word' id='word_1_670' title='bbox 1358 4935 1533 5005; x_wconf 85' lang='lat' dir='ltr'><strong>magis</strong></span> <span class='ocrx_word' id='word_1_671' title='bbox 1562 4947 1757 4990; x_wconf 88' lang='lat' dir='ltr'><strong>eorum</strong></span> <span class='ocrx_word' id='word_1_672' title='bbox 1793 4931 1993 4987; x_wconf 90' lang='lat' dir='ltr'><strong>interni</strong></span> 
     </span>
    </p>
   </div>
   <div class='ocr_carea' id='block_1_97' title="bbox 417 5023 1996 5099">
    <p class='ocr_par' dir='ltr' id='par_1_97' title="bbox 417 5023 1996 5099">
     <span class='ocr_line' id='line_1_97' title="bbox 417 5023 1996 5099; baseline -0.002 -16"><span class='ocrx_word' id='word_1_673' title='bbox 417 5030 511 5095; x_wconf 86' lang='lat' dir='ltr'><strong>qui</strong></span> <span class='ocrx_word' id='word_1_674' title='bbox 558 5027 625 5082; x_wconf 91' lang='lat' dir='ltr'><strong>ad</strong></span> <span class='ocrx_word' id='word_1_675' title='bbox 665 5026 904 5082; x_wconf 81' lang='lat' dir='ltr'><strong>futuram</strong></span> <span class='ocrx_word' id='word_1_676' title='bbox 938 5028 1106 5083; x_wconf 87' lang='lat' dir='ltr'><strong>vitam</strong></span> <span class='ocrx_word' id='word_1_677' title='bbox 1138 5035 1506 5099; x_wconf 88' lang='lat' dir='ltr'><strong>pervenerunt</strong></span> <span class='ocrx_word' id='word_1_678' title='bbox 1532 5026 1709 5081; x_wconf 86' lang='lat' dir='ltr'><strong>honor</strong></span> <span class='ocrx_word' id='word_1_679' title='bbox 1750 5039 1780 5079; x_wconf 88' lang='lat' dir='ltr'><strong>a</strong></span> <span class='ocrx_word' id='word_1_680' title='bbox 1806 5023 1996 5080; x_wconf 87' lang='lat' dir='ltr'><strong>liberis</strong></span> 
     </span>
    </p>
   </div>
   <div class='ocr_carea' id='block_1_98' title="bbox 416 5117 1998 5191">
    <p class='ocr_par' dir='ltr' id='par_1_98' title="bbox 416 5117 1998 5191">
     <span class='ocr_line' id='line_1_98' title="bbox 416 5117 1998 5191; baseline -0.003 -14"><span class='ocrx_word' id='word_1_681' title='bbox 416 5120 664 5185; x_wconf 82' lang='lat' dir='ltr'><strong>habitus,</strong></span> <span class='ocrx_word' id='word_1_682' title='bbox 695 5120 1071 5191; x_wconf 85' lang='lat' dir='ltr'><strong>memoriaque</strong></span> <span class='ocrx_word' id='word_1_683' title='bbox 1110 5120 1463 5177; x_wconf 81' lang='lat' dir='ltr'><strong>veneratione</strong></span> <span class='ocrx_word' id='word_1_684' title='bbox 1504 5117 1661 5190; x_wconf 88' lang='lat' dir='ltr'><strong>plena</strong></span> <span class='ocrx_word' id='word_1_685' title='bbox 1692 5125 1857 5189; x_wconf 82' lang='lat' dir='ltr'><strong>atque</strong></span> <span class='ocrx_word' id='word_1_686' title='bbox 1895 5131 1998 5172; x_wconf 83' lang='lat' dir='ltr'><strong>vo-</strong></span> 
     </span>
    </p>
   </div>
   <div class='ocr_carea' id='block_1_99' title="bbox 417 5208 1996 5284">
    <p class='ocr_par' dir='ltr' id='par_1_99' title="bbox 417 5208 1996 5284">
     <span class='ocr_line' id='line_1_99' title="bbox 417 5208 1996 5284; baseline -0.002 -14"><span class='ocrx_word' id='word_1_687' title='bbox 417 5214 647 5270; x_wconf 87' lang='lat' dir='ltr'><strong>luntatis</strong></span> <span class='ocrx_word' id='word_1_688' title='bbox 695 5213 1045 5269; x_wconf 86' lang='lat' dir='ltr'><strong>observantia</strong></span> <span class='ocrx_word' id='word_1_689' title='bbox 1085 5232 1099 5269; x_wconf 93' lang='lat'><strong>:</strong></span> <span class='ocrx_word' id='word_1_690' title='bbox 1133 5214 1299 5269; x_wconf 89' lang='lat' dir='ltr'><strong>homo</strong></span> <span class='ocrx_word' id='word_1_691' title='bbox 1357 5228 1487 5271; x_wconf 79' lang='lat' dir='ltr'><strong>vero</strong></span> <span class='ocrx_word' id='word_1_692' title='bbox 1550 5210 1642 5267; x_wconf 89' lang='lat' dir='ltr'><strong>ille</strong></span> <span class='ocrx_word' id='word_1_693' title='bbox 1696 5208 1996 5284; x_wconf 84' lang='lat' dir='ltr'><strong>(quomodo</strong></span> 
     </span>
    </p>
   </div>
   <div class='ocr_carea' id='block_1_100' title="bbox 419 5303 1999 5376">
    <p class='ocr_par' dir='ltr' id='par_1_100' title="bbox 419 5303 1999 5376">
     <span class='ocr_line' id='line_1_100' title="bbox 419 5303 1999 5376; baseline -0.003 -13"><span class='ocrx_word' id='word_1_694' title='bbox 419 5306 695 5363; x_wconf 86' lang='lat' dir='ltr'><strong>nominem</strong></span> <span class='ocrx_word' id='word_1_695' title='bbox 756 5305 985 5375; x_wconf 89' lang='lat' dir='ltr'><strong>nescio).</strong></span> <span class='ocrx_word' id='word_1_696' title='bbox 1030 5307 1125 5376; x_wconf 87' lang='lat' dir='ltr'><strong>qui</strong></span> <span class='ocrx_word' id='word_1_697' title='bbox 1177 5303 1525 5361; x_wconf 84' lang='lat' dir='ltr'><strong>Christianos</strong></span> <span class='ocrx_word' id='word_1_698' title='bbox 1578 5317 1687 5357; x_wconf 88' lang='lat' dir='ltr'><strong>non</strong></span> <span class='ocrx_word' id='word_1_699' title='bbox 1746 5311 1897 5357; x_wconf 92' lang='lat' dir='ltr'><strong>amat</strong></span> <span class='ocrx_word' id='word_1_700' title='bbox 1943 5311 1999 5359; x_wconf 80' lang='lat' dir='ltr'><strong>et</strong></span> 
     </span>
    </p>
   </div>
   <div class='ocr_carea' id='block_1_101' title="bbox 420 5394 1997 5469">
    <p class='ocr_par' dir='ltr' id='par_1_101' title="bbox 420 5394 1997 5469">
     <span class='ocr_line' id='line_1_101' title="bbox 420 5394 1997 5469; baseline -0.002 -16"><span class='ocrx_word' id='word_1_701' title='bbox 420 5398 826 5455; x_wconf 76' lang='lat' dir='ltr'><strong>Saracenorum</strong></span> <span class='ocrx_word' id='word_1_702' title='bbox 863 5415 951 5455; x_wconf 86' lang='lat' dir='ltr'><strong>res</strong></span> <span class='ocrx_word' id='word_1_703' title='bbox 998 5398 1128 5455; x_wconf 77' lang='lat' dir='ltr'><strong>facit</strong></span> <span class='ocrx_word' id='word_1_704' title='bbox 1160 5398 1602 5469; x_wconf 88' lang='lat' dir='ltr'><strong>contemptibiles</strong></span> <span class='ocrx_word' id='word_1_705' title='bbox 1631 5394 1997 5468; x_wconf 64' lang='lat' dir='ltr'><strong>(Damianum</strong></span> 
     </span>
    </p>
   </div>
   <div class='ocr_carea' id='block_1_102' title="bbox 425 5484 1999 5563">
    <p class='ocr_par' dir='ltr' id='par_1_102' title="bbox 425 5484 1999 5563">
     <span class='ocr_line' id='line_1_102' title="bbox 425 5484 1999 5563; baseline -0.005 -15"><span class='ocrx_word' id='word_1_706' title='bbox 425 5490 590 5562; x_wconf 66' lang='lat' dir='ltr'><strong>dico).</strong></span> <span class='ocrx_word' id='word_1_707' title='bbox 638 5506 817 5561; x_wconf 87' lang='lat' dir='ltr'><strong>neque</strong></span> <span class='ocrx_word' id='word_1_708' title='bbox 858 5491 1147 5563; x_wconf 65' lang='lat' dir='ltr'><strong>praesentia</strong></span> <span class='ocrx_word' id='word_1_709' title='bbox 1193 5490 1547 5547; x_wconf 81' lang='lat' dir='ltr'><strong>considerans</strong></span> <span class='ocrx_word' id='word_1_710' title='bbox 1599 5502 1781 5559; x_wconf 88' lang='lat' dir='ltr'><strong>neque</strong></span> <span class='ocrx_word' id='word_1_711' title='bbox 1815 5484 1999 5541; x_wconf 74' lang='lat' dir='ltr'><strong>futura</strong></span> 
     </span>
    </p>
   </div>
   <div class='ocr_carea' id='block_1_103' title="bbox 418 5576 2001 5648">
    <p class='ocr_par' dir='ltr' id='par_1_103' title="bbox 418 5576 2001 5648">
     <span class='ocr_line' id='line_1_103' title="bbox 418 5576 2001 5648; baseline -0.001 -11"><span class='ocrx_word' id='word_1_712' title='bbox 418 5584 731 5648; x_wconf 90' lang='lat' dir='ltr'><strong>attendens,</strong></span> <span class='ocrx_word' id='word_1_713' title='bbox 760 5584 877 5641; x_wconf 87' lang='lat' dir='ltr'><strong>sola</strong></span> <span class='ocrx_word' id='word_1_714' title='bbox 907 5600 1009 5641; x_wconf 83' lang='lat' dir='ltr'><strong>sua</strong></span> <span class='ocrx_word' id='word_1_715' title='bbox 1051 5584 1291 5640; x_wconf 87' lang='lat' dir='ltr'><strong>amentia</strong></span> <span class='ocrx_word' id='word_1_716' title='bbox 1335 5588 1391 5639; x_wconf 86' lang='lat' dir='ltr'><strong>et</strong></span> <span class='ocrx_word' id='word_1_717' title='bbox 1418 5579 1778 5639; x_wconf 84' lang='lat' dir='ltr'><strong>irrationabili</strong></span> <span class='ocrx_word' id='word_1_718' title='bbox 1814 5576 2001 5635; x_wconf 76' lang='lat' dir='ltr'><strong>furore</strong></span> 
     </span>
    </p>
   </div>
   <div class='ocr_carea' id='block_1_104' title="bbox 424 5669 1997 5748">
    <p class='ocr_par' dir='ltr' id='par_1_104' title="bbox 424 5669 1997 5748">
     <span class='ocr_line' id='line_1_104' title="bbox 424 5669 1997 5748; baseline -0.003 -19"><span class='ocrx_word' id='word_1_719' title='bbox 424 5682 639 5745; x_wconf 73' lang='lat' dir='ltr'><strong>(aptus,</strong></span> <span class='ocrx_word' id='word_1_720' title='bbox 691 5675 911 5745; x_wconf 87' lang='lat' dir='ltr'><strong>impiam</strong></span> <span class='ocrx_word' id='word_1_721' title='bbox 958 5691 1072 5733; x_wconf 79' lang='lat' dir='ltr'><strong>rem</strong></span> <span class='ocrx_word' id='word_1_722' title='bbox 1105 5675 1214 5748; x_wconf 86' lang='lat' dir='ltr'><strong>agit</strong></span> <span class='ocrx_word' id='word_1_723' title='bbox 1238 5672 1453 5732; x_wconf 77' lang='lat' dir='ltr'><strong>eunetis</strong></span> <span class='ocrx_word' id='word_1_724' title='bbox 1498 5671 1714 5732; x_wconf 69' lang='lat' dir='ltr'><strong>mulis</strong></span> <span class='ocrx_word' id='word_1_725' title='bbox 1761 5669 1997 5729; x_wconf 77' lang='lat' dir='ltr'><strong>futuram</strong></span> 
     </span>
    </p>
   </div>
   <div class='ocr_carea' id='block_1_105' title="bbox 2092 4462 3683 4545">
    <p class='ocr_par' dir='ltr' id='par_1_105' title="bbox 2092 4462 3683 4545">
     <span class='ocr_line' id='line_1_105' title="bbox 2092 4462 3683 4545; baseline 0.003 -23"><span class='ocrx_word' id='word_1_726' title='bbox 2092 4468 2471 4525; x_wconf 77' lang='grc' dir='ltr'><strong>έπανάστασιν</strong></span> <span class='ocrx_word' id='word_1_727' title='bbox 2519 4462 2794 4543; x_wconf 67' lang='grc' dir='ltr'><strong>καταστῇ,</strong></span> <span class='ocrx_word' id='word_1_728' title='bbox 2850 4466 2950 4525; x_wconf 78' lang='grc' dir='ltr'><strong>τοῦ</strong></span> <span class='ocrx_word' id='word_1_729' title='bbox 2997 4466 3341 4539; x_wconf 80' lang='grc' dir='ltr'><strong>πατραλοίας</strong></span> <span class='ocrx_word' id='word_1_730' title='bbox 3390 4463 3537 4526; x_wconf 75' lang='grc' dir='ltr'><strong>εἶναι</strong></span> <span class='ocrx_word' id='word_1_731' title='bbox 3583 4470 3683 4545; x_wconf 61' lang='grc' dir='ltr'><strong>τὴν</strong></span> 
     </span>
    </p>
   </div>
   <div class='ocr_carea' id='block_1_106' title="bbox 2090 4558 3682 4636">
    <p class='ocr_par' dir='ltr' id='par_1_106' title="bbox 2090 4558 3682 4636">
     <span class='ocr_line' id='line_1_106' title="bbox 2090 4558 3682 4636; baseline 0.004 -23"><span class='ocrx_word' id='word_1_732' title='bbox 2090 4558 2312 4633; x_wconf 77' lang='grc' dir='ltr'><strong>γραφὴν</strong></span> <span class='ocrx_word' id='word_1_733' title='bbox 2330 4561 2432 4617; x_wconf 83' lang='grc' dir='ltr'><strong>οὐκ</strong></span> <span class='ocrx_word' id='word_1_734' title='bbox 2471 4559 2827 4633; x_wconf 72' lang='grc' dir='ltr'><strong>ικφεῦξεται,</strong></span> <span class='ocrx_word' id='word_1_735' title='bbox 2872 4560 2981 4631; x_wconf 80' lang='grc' dir='ltr'><strong>τῆς</strong></span> <span class='ocrx_word' id='word_1_736' title='bbox 3009 4558 3070 4614; x_wconf 76' lang='grc' dir='ltr'><strong>δι</strong></span> <span class='ocrx_word' id='word_1_737' title='bbox 3102 4560 3395 4636; x_wconf 75' lang='grc' dir='ltr'><strong>παρούσης</strong></span> <span class='ocrx_word' id='word_1_738' title='bbox 3424 4561 3682 4619; x_wconf 80' lang='grc' dir='ltr'><strong>ἀπελθόν-</strong></span> 
     </span>
    </p>
   </div>
   <div class='ocr_carea' id='block_1_107' title="bbox 2089 4650 3679 4725">
    <p class='ocr_par' dir='ltr' id='par_1_107' title="bbox 2089 4650 3679 4725">
     <span class='ocr_line' id='line_1_107' title="bbox 2089 4650 3679 4725; baseline 0.002 -18"><span class='ocrx_word' id='word_1_739' title='bbox 2089 4668 2184 4717; x_wconf 85' lang='grc' dir='ltr'><strong>τος</strong></span> <span class='ocrx_word' id='word_1_740' title='bbox 2217 4652 2385 4723; x_wconf 76' lang='grc' dir='ltr'><strong>ζωῆς,</strong></span> <span class='ocrx_word' id='word_1_741' title='bbox 2416 4652 2514 4707; x_wconf 73' lang='grc' dir='ltr'><strong>ιάν</strong></span> <span class='ocrx_word' id='word_1_742' title='bbox 2558 4651 2631 4709; x_wconf 90' lang='grc' dir='ltr'><strong>τά</strong></span> <span class='ocrx_word' id='word_1_743' title='bbox 2670 4650 2875 4725; x_wconf 73' lang='grc' dir='ltr'><strong>εκείνῳ</strong></span> <span class='ocrx_word' id='word_1_744' title='bbox 2920 4650 3212 4724; x_wconf 74' lang='grc' dir='ltr'><strong>ἀνατρέψῃ</strong></span> <span class='ocrx_word' id='word_1_745' title='bbox 3265 4651 3525 4721; x_wconf 71' lang='grc' dir='ltr'><strong>δόξαντα,</strong></span> <span class='ocrx_word' id='word_1_746' title='bbox 3573 4655 3679 4710; x_wconf 74' lang='grc' dir='ltr'><strong>οὐκ</strong></span> 
     </span>
    </p>
   </div>
   <div class='ocr_carea' id='block_1_108' title="bbox 2092 4742 3680 4817">
    <p class='ocr_par' dir='ltr' id='par_1_108' title="bbox 2092 4742 3680 4817">
     <span class='ocr_line' id='line_1_108' title="bbox 2092 4742 3680 4817; baseline 0.003 -18"><span class='ocrx_word' id='word_1_747' title='bbox 2092 4744 2249 4800; x_wconf 71' lang='grc' dir='ltr'><strong>ισται</strong></span> <span class='ocrx_word' id='word_1_748' title='bbox 2272 4744 2635 4815; x_wconf 77' lang='grc' dir='ltr'><strong>πατραλοίας,</strong></span> <span class='ocrx_word' id='word_1_749' title='bbox 2657 4743 2783 4800; x_wconf 63' lang='lat' dir='ltr'><strong>om</strong></span> <span class='ocrx_word' id='word_1_750' title='bbox 2811 4746 2914 4816; x_wconf 69' lang='grc' dir='ltr'><strong>τῆς</strong></span> <span class='ocrx_word' id='word_1_751' title='bbox 2935 4744 3109 4815; x_wconf 79' lang='grc' dir='ltr'><strong>αὐτῆς</strong></span> <span class='ocrx_word' id='word_1_752' title='bbox 3134 4742 3321 4815; x_wconf 77' lang='grc' dir='ltr'><strong>ινοχος</strong></span> <span class='ocrx_word' id='word_1_753' title='bbox 3342 4745 3680 4817; x_wconf 74' lang='grc' dir='ltr'><strong>καταδίκηςς</strong></span> 
     </span>
    </p>
   </div>
   <div class='ocr_carea' id='block_1_109' title="bbox 2092 4834 3678 4909">
    <p class='ocr_par' dir='ltr' id='par_1_109' title="bbox 2092 4834 3678 4909">
     <span class='ocr_line' id='line_1_109' title="bbox 2092 4834 3678 4909; baseline 0.001 -18"><span class='ocrx_word' id='word_1_754' title='bbox 2092 4834 2162 4891; x_wconf 82' lang='grc' dir='ltr'><strong>Τί</strong></span> <span class='ocrx_word' id='word_1_755' title='bbox 2190 4839 2302 4909; x_wconf 88' lang='grc' dir='ltr'><strong>γάρ</strong></span> <span class='ocrx_word' id='word_1_756' title='bbox 2340 4838 2499 4893; x_wconf 81' lang='grc' dir='ltr'><strong>τοῦτο</strong></span> <span class='ocrx_word' id='word_1_757' title='bbox 2542 4838 2756 4893; x_wconf 59' lang='grc' dir='ltr'><strong>ἑκείνου</strong></span> <span class='ocrx_word' id='word_1_758' title='bbox 2816 4837 2957 4908; x_wconf 75' lang='grc' dir='ltr'><strong>πρὸς</strong></span> <span class='ocrx_word' id='word_1_759' title='bbox 2981 4836 3358 4895; x_wconf 72' lang='grc' dir='ltr'><strong>επανάστασιν</strong></span> <span class='ocrx_word' id='word_1_760' title='bbox 3390 4837 3678 4909; x_wconf 70' lang='grc' dir='ltr'><strong>διαφέρεις</strong></span> 
     </span>
    </p>
   </div>
   <div class='ocr_carea' id='block_1_110' title="bbox 2093 4928 3682 5003">
    <p class='ocr_par' dir='ltr' id='par_1_110' title="bbox 2093 4928 3682 5003">
     <span class='ocr_line' id='line_1_110' title="bbox 2093 4928 3682 5003; baseline -0.001 -17"><span class='ocrx_word' id='word_1_761' title='bbox 2093 4928 2317 4986; x_wconf 74' lang='grc' dir='ltr'><strong>Μᾶλλον</strong></span> <span class='ocrx_word' id='word_1_762' title='bbox 2340 4930 2399 4985; x_wconf 72' lang='grc' dir='ltr'><strong>ὁὶ</strong></span> <span class='ocrx_word' id='word_1_763' title='bbox 2431 4930 2486 4985; x_wconf 88' lang='grc' dir='ltr'><strong>εῖ</strong></span> <span class='ocrx_word' id='word_1_764' title='bbox 2531 4948 2617 4995; x_wconf 88' lang='grc' dir='ltr'><strong>τις</strong></span> <span class='ocrx_word' id='word_1_765' title='bbox 2670 4929 2923 5001; x_wconf 80' lang='grc' dir='ltr'><strong>ἀκριϐῶς</strong></span> <span class='ocrx_word' id='word_1_766' title='bbox 2945 4929 3202 5000; x_wconf 81' lang='grc' dir='ltr'><strong>βούλεται</strong></span> <span class='ocrx_word' id='word_1_767' title='bbox 3238 4930 3499 4999; x_wconf 79' lang='grc' dir='ltr'><strong>συνιδεῖν,</strong></span> <span class='ocrx_word' id='word_1_768' title='bbox 3538 4930 3682 5003; x_wconf 68' lang='grc' dir='ltr'><strong>αὕτη</strong></span> 
     </span>
    </p>
   </div>
   <div class='ocr_carea' id='block_1_111' title="bbox 2097 5020 3683 5095">
    <p class='ocr_par' dir='ltr' id='par_1_111' title="bbox 2097 5020 3683 5095">
     <span class='ocr_line' id='line_1_111' title="bbox 2097 5020 3683 5095; baseline 0.004 -20"><span class='ocrx_word' id='word_1_769' title='bbox 2097 5020 2306 5095; x_wconf 75' lang='grc' dir='ltr'><strong>μείζων</strong></span> <span class='ocrx_word' id='word_1_770' title='bbox 2329 5022 2424 5078; x_wconf 77' lang='grc' dir='ltr'><strong>τοῦ</strong></span> <span class='ocrx_word' id='word_1_771' title='bbox 2446 5021 2611 5089; x_wconf 75' lang='grc' dir='ltr'><strong>ζῶντι</strong></span> <span class='ocrx_word' id='word_1_772' title='bbox 2637 5025 3012 5092; x_wconf 70' lang='grc' dir='ltr'><strong>ἑπαναστῆναι</strong></span> <span class='ocrx_word' id='word_1_773' title='bbox 3043 5022 3123 5091; x_wconf 75' lang='grc' dir='ltr'><strong>τῷ</strong></span> <span class='ocrx_word' id='word_1_774' title='bbox 3152 5023 3332 5090; x_wconf 83' lang='grc' dir='ltr'><strong>πατρὶ</strong></span> <span class='ocrx_word' id='word_1_775' title='bbox 3368 5023 3683 5080; x_wconf 61' lang='lat' dir='ltr'><strong>tandm-</strong></span> 
     </span>
    </p>
   </div>
   <div class='ocr_carea' id='block_1_112' title="bbox 2102 5113 3682 5188">
    <p class='ocr_par' dir='ltr' id='par_1_112' title="bbox 2102 5113 3682 5188">
     <span class='ocr_line' id='line_1_112' title="bbox 2102 5113 3682 5188; baseline 0.001 -19"><span class='ocrx_word' id='word_1_776' title='bbox 2102 5130 2224 5178; x_wconf 82' lang='grc' dir='ltr'><strong>σις,</strong></span> <span class='ocrx_word' id='word_1_777' title='bbox 2261 5117 2375 5187; x_wconf 80' lang='grc' dir='ltr'><strong>ὅσῳ</strong></span> <span class='ocrx_word' id='word_1_778' title='bbox 2404 5115 2499 5171; x_wconf 78' lang='grc' dir='ltr'><strong>καὶ</strong></span> <span class='ocrx_word' id='word_1_779' title='bbox 2534 5114 2737 5188; x_wconf 75' lang='grc' dir='ltr'><strong>μᾶλλον</strong></span> <span class='ocrx_word' id='word_1_780' title='bbox 2774 5114 2943 5169; x_wconf 85' lang='grc' dir='ltr'><strong>πλέον</strong></span> <span class='ocrx_word' id='word_1_781' title='bbox 2963 5113 3240 5185; x_wconf 75' lang='grc' dir='ltr'><strong>ὀφείλεται</strong></span> <span class='ocrx_word' id='word_1_782' title='bbox 3259 5116 3376 5179; x_wconf 88' lang='grc' dir='ltr'><strong>τοῖς</strong></span> <span class='ocrx_word' id='word_1_783' title='bbox 3402 5114 3544 5186; x_wconf 63' lang='lat' dir='ltr'><strong>acpbe</strong></span> <span class='ocrx_word' id='word_1_784' title='bbox 3580 5117 3682 5185; x_wconf 65' lang='grc' dir='ltr'><strong>τὴν</strong></span> 
     </span>
    </p>
   </div>
   <div class='ocr_carea' id='block_1_113' title="bbox 2098 5204 3677 5280">
    <p class='ocr_par' dir='ltr' id='par_1_113' title="bbox 2098 5204 3677 5280">
     <span class='ocr_line' id='line_1_113' title="bbox 2098 5204 3677 5280; baseline 0 -20"><span class='ocrx_word' id='word_1_785' title='bbox 2098 5205 2405 5278; x_wconf 79' lang='grc' dir='ltr'><strong>μέλλουσαν</strong></span> <span class='ocrx_word' id='word_1_786' title='bbox 2426 5205 2839 5278; x_wconf 80' lang='grc' dir='ltr'><strong>μεταϐεϐηκόσι</strong></span> <span class='ocrx_word' id='word_1_787' title='bbox 2888 5205 3042 5280; x_wconf 66' lang='grc' dir='ltr'><strong>ζωὴν</strong></span> <span class='ocrx_word' id='word_1_788' title='bbox 3068 5207 3106 5278; x_wconf 69' lang='grc' dir='ltr'><strong>ἡ</strong></span> <span class='ocrx_word' id='word_1_789' title='bbox 3140 5204 3299 5279; x_wconf 69' lang='grc' dir='ltr'><strong>παρὰ</strong></span> <span class='ocrx_word' id='word_1_790' title='bbox 3323 5204 3439 5261; x_wconf 72' lang='grc' dir='ltr'><strong>τῶν</strong></span> <span class='ocrx_word' id='word_1_791' title='bbox 3460 5206 3677 5263; x_wconf 73' lang='grc' dir='ltr'><strong>τέκνων</strong></span> 
     </span>
    </p>
   </div>
   <div class='ocr_carea' id='block_1_114' title="bbox 2095 5294 3682 5370">
    <p class='ocr_par' dir='ltr' id='par_1_114' title="bbox 2095 5294 3682 5370">
     <span class='ocr_line' id='line_1_114' title="bbox 2095 5294 3682 5370; baseline -0.001 -17"><span class='ocrx_word' id='word_1_792' title='bbox 2095 5299 2255 5368; x_wconf 79' lang='grc' dir='ltr'><strong>τιμὴ,</strong></span> <span class='ocrx_word' id='word_1_793' title='bbox 2318 5298 2413 5352; x_wconf 76' lang='grc' dir='ltr'><strong>καὶ</strong></span> <span class='ocrx_word' id='word_1_794' title='bbox 2462 5298 2499 5368; x_wconf 73' lang='grc' dir='ltr'><strong>ἡ</strong></span> <span class='ocrx_word' id='word_1_795' title='bbox 2538 5299 2640 5353; x_wconf 74' lang='grc' dir='ltr'><strong>σὺν</strong></span> <span class='ocrx_word' id='word_1_796' title='bbox 2711 5296 2971 5370; x_wconf 75' lang='grc' dir='ltr'><strong>εὐλαϐείᾳ</strong></span> <span class='ocrx_word' id='word_1_797' title='bbox 3041 5296 3257 5369; x_wconf 74' lang='grc' dir='ltr'><strong>μνήμη.</strong></span> <span class='ocrx_word' id='word_1_798' title='bbox 3350 5296 3448 5353; x_wconf 79' lang='grc' dir='ltr'><strong>καὶ</strong></span> <span class='ocrx_word' id='word_1_799' title='bbox 3495 5297 3533 5369; x_wconf 65' lang='grc' dir='ltr'><strong>ἡ</strong></span> <span class='ocrx_word' id='word_1_800' title='bbox 3570 5294 3682 5351; x_wconf 82' lang='grc' dir='ltr'><strong>τῶν</strong></span> 
     </span>
    </p>
   </div>
   <div class='ocr_carea' id='block_1_115' title="bbox 2095 5387 3681 5464">
    <p class='ocr_par' dir='ltr' id='par_1_115' title="bbox 2095 5387 3681 5464">
     <span class='ocr_line' id='line_1_115' title="bbox 2095 5387 3681 5464; baseline -0.001 -20"><span class='ocrx_word' id='word_1_801' title='bbox 2095 5391 2547 5463; x_wconf 73' lang='grc' dir='ltr'><strong>διατεταγμένων</strong></span> <span class='ocrx_word' id='word_1_802' title='bbox 2627 5391 2981 5464; x_wconf 78' lang='grc' dir='ltr'><strong>συντήρησις.</strong></span> <span class='ocrx_word' id='word_1_803' title='bbox 3046 5390 3112 5445; x_wconf 77' lang='grc' dir='ltr'><strong>Ὦ</strong></span> <span class='ocrx_word' id='word_1_804' title='bbox 3176 5388 3333 5454; x_wconf 67' lang='grc' dir='ltr'><strong>ὅπως</strong></span> <span class='ocrx_word' id='word_1_805' title='bbox 3385 5388 3528 5445; x_wconf 63' lang='lat' dir='ltr'><strong>dum</strong></span> <span class='ocrx_word' id='word_1_806' title='bbox 3586 5387 3681 5443; x_wconf 79' lang='grc' dir='ltr'><strong>ἀν-</strong></span> 
     </span>
    </p>
   </div>
   <div class='ocr_carea' id='block_1_116' title="bbox 2099 5476 3676 5553">
    <p class='ocr_par' dir='ltr' id='par_1_116' title="bbox 2099 5476 3676 5553">
     <span class='ocr_line' id='line_1_116' title="bbox 2099 5476 3676 5553; baseline -0.001 -20"><span class='ocrx_word' id='word_1_807' title='bbox 2099 5479 2324 5552; x_wconf 85' lang='grc' dir='ltr'><strong>θρωπος</strong></span> <span class='ocrx_word' id='word_1_808' title='bbox 2350 5482 2558 5546; x_wconf 62' lang='grc' dir='ltr'><strong>ἐκεῖνος</strong></span> <span class='ocrx_word' id='word_1_809' title='bbox 2604 5482 2633 5536; x_wconf 75' lang='grc' dir='ltr'><strong>δ</strong></span> <span class='ocrx_word' id='word_1_810' title='bbox 2686 5480 2827 5553; x_wconf 73' lang='grc' dir='ltr'><strong>μήτε</strong></span> <span class='ocrx_word' id='word_1_811' title='bbox 2880 5478 2951 5535; x_wconf 74' lang='grc' dir='ltr'><strong>τά</strong></span> <span class='ocrx_word' id='word_1_812' title='bbox 3000 5477 3353 5551; x_wconf 80' lang='grc' dir='ltr'><strong>Χριστιανῶν</strong></span> <span class='ocrx_word' id='word_1_813' title='bbox 3420 5476 3676 5550; x_wconf 78' lang='grc' dir='ltr'><strong>στέρξας,</strong></span> 
     </span>
    </p>
   </div>
   <div class='ocr_carea' id='block_1_117' title="bbox 2098 5568 3679 5647">
    <p class='ocr_par' dir='ltr' id='par_1_117' title="bbox 2098 5568 3679 5647">
     <span class='ocr_line' id='line_1_117' title="bbox 2098 5568 3679 5647; baseline -0.003 -18"><span class='ocrx_word' id='word_1_814' title='bbox 2098 5572 2198 5629; x_wconf 73' lang='grc' dir='ltr'><strong>καὶ</strong></span> <span class='ocrx_word' id='word_1_815' title='bbox 2296 5571 2367 5627; x_wconf 87' lang='grc' dir='ltr'><strong>τά</strong></span> <span class='ocrx_word' id='word_1_816' title='bbox 2462 5571 2574 5627; x_wconf 77' lang='grc' dir='ltr'><strong>τῶν</strong></span> <span class='ocrx_word' id='word_1_817' title='bbox 2652 5570 2989 5644; x_wconf 77' lang='grc' dir='ltr'><strong>Σαρακηνῶν</strong></span> <span class='ocrx_word' id='word_1_818' title='bbox 3062 5568 3219 5640; x_wconf 79' lang='grc' dir='ltr'><strong>παρὰ</strong></span> <span class='ocrx_word' id='word_1_819' title='bbox 3300 5568 3509 5647; x_wconf 51' lang='lat' dir='ltr'><strong>suam</strong></span> <span class='ocrx_word' id='word_1_820' title='bbox 3591 5568 3679 5624; x_wconf 72' lang='grc' dir='ltr'><strong>θέ-</strong></span> 
     </span>
    </p>
   </div>
   <div class='ocr_carea' id='block_1_118' title="bbox 2104 5660 3679 5741">
    <p class='ocr_par' dir='ltr' id='par_1_118' title="bbox 2104 5660 3679 5741">
     <span class='ocr_line' id='line_1_118' title="bbox 2104 5660 3679 5741; baseline -0.001 -21"><span class='ocrx_word' id='word_1_821' title='bbox 2104 5680 2173 5738; x_wconf 87' lang='grc' dir='ltr'><strong>με</strong></span> <span class='ocrx_word' id='word_1_822' title='bbox 2187 5681 2293 5734; x_wconf 73' lang='grc' dir='ltr'><strong>νος,</strong></span> <span class='ocrx_word' id='word_1_823' title='bbox 2328 5666 2605 5735; x_wconf 80' lang='grc' dir='ltr'><strong>Δαμιανδν</strong></span> <span class='ocrx_word' id='word_1_824' title='bbox 2632 5666 2691 5723; x_wconf 63' lang='grc' dir='ltr'><strong>δὲ</strong></span> <span class='ocrx_word' id='word_1_825' title='bbox 2716 5664 2883 5741; x_wconf 71' lang='grc' dir='ltr'><strong>φησιν</strong></span> <span class='ocrx_word' id='word_1_826' title='bbox 2905 5667 2935 5723; x_wconf 81' lang='grc' dir='ltr'><strong>δ</strong></span> <span class='ocrx_word' id='word_1_827' title='bbox 2969 5664 3150 5734; x_wconf 78' lang='grc' dir='ltr'><strong>λόγος,</strong></span> <span class='ocrx_word' id='word_1_828' title='bbox 3180 5662 3337 5720; x_wconf 71' lang='grc' dir='ltr'><strong>οὕδιν</strong></span> <span class='ocrx_word' id='word_1_829' title='bbox 3364 5660 3549 5721; x_wconf 77' lang='grc' dir='ltr'><strong>λαϐὼν</strong></span> <span class='ocrx_word' id='word_1_830' title='bbox 3585 5662 3679 5721; x_wconf 67' lang='lat' dir='ltr'><strong>hri</strong></span> 
     </span>
    </p>
   </div>
  </div>
