3920 6124
442 376 516 438 39
1309 338 1315 347 ’
1587 372 1898 437 mecm
1944 372 2053 435 cr.
2096 374 2609 438 PATRIARCHB
3648 379 3720 443 to

444 498 573 538 vero
623 482 764 539 mala
816 482 1170 551 inferentem;
1225 484 1375 540 nulla
1430 482 1578 541 enim
1635 486 1691 539 in
1758 484 2017 555 injustitia

2134 488 2230 541 καὶ
2250 487 2361 541 τῶν
2391 488 2678 561 ἡμετέρων
2707 487 3081 559 προϐαλέσθαι
3110 507 3124 521 ν
3162 490 3361 560 μᾶλλον
3390 491 3488 561 μέν
3515 489 3613 546 οὖν
3640 491 3720 555 ὡς

443 575 675 639 utilitas,
710 591 885 646 neque
915 576 1179 647 prodesse
1207 586 1389 647 potest
1416 577 1669 642 avaritia,
1709 577 1805 632 sed
1844 586 2028 632 extre-

444 682 593 723 mum
633 669 897 730 damnum
940 675 1108 738 atque
1138 668 1532 723 detrimentum
1576 669 1644 723 iis
1677 668 1870 724 saltem
1903 667 2025 739 qui,

442 760 585 815 sicut
616 771 673 814 tu
705 761 842 832 ipse,
875 760 1224 831 agnoscendo
1250 761 1397 832 quod
1448 761 1607 817 decet
1641 768 1775 819 sunt
1820 760 2026 817 idonei.

442 849 568 908 llaec
608 861 695 909 est
741 854 979 908 maxima
1026 854 1257 919 utilitas,
1307 856 1413 910 hoc
1452 852 1884 925 incomparabile
1938 854 2027 909 lu-

439 958 622 1012 crum,
675 948 779 1002 sub
828 956 1008 1002 vestra
1062 948 1274 1003 ditione
1321 956 1378 1003 et
1426 948 1928 1011 administratione.
1971 947 2028 1003 in

438 1040 722 1110 propriam
760 1041 997 1111 patriam
1026 1041 1245 1097 restitui
1278 1042 1594 1113 populares,
1636 1057 1666 1096 a
1703 1042 2029 1113 parentibus

441 1132 608 1203 recipi
638 1133 868 1201 liberos,
902 1142 1061 1191 natos
1102 1135 1356 1207 patribus
1403 1137 1586 1192 denuo
1628 1136 1910 1209 coniungi,
1940 1138 2027 1191 vi-

440 1239 532 1280 ros
567 1227 837 1282 uxoribus
887 1226 1065 1294 reddi,
1113 1228 1325 1285 amicos
1352 1227 1716 1284 familiaribus
1742 1228 1871 1295 frui,
1917 1242 2029 1285 uno

436 1319 631 1384 verbo,
656 1334 751 1375 eos
772 1320 866 1389 qui
896 1319 1007 1375 huc
1031 1336 1207 1390 usque
1235 1337 1266 1376 a
1302 1322 1477 1392 patria
1498 1321 1824 1377 exsulabant
1848 1322 2030 1378 omni.

437 1410 542 1467 bus
589 1412 829 1483 gaudere
873 1412 1033 1469 bonis
1074 1430 1198 1484 qua:
1235 1414 1430 1469 tribuit
1475 1415 1690 1485 patria;
1734 1414 1823 1468 illa
1876 1424 2026 1477 sunt,

437 1505 744 1560 amicorum
794 1520 1050 1562 meorum
1082 1509 1312 1577 optime,
1354 1523 1477 1575 qua:
1518 1506 1777 1589 amicitia:
1827 1515 2028 1563 nostra

438 1597 774 1666 principium
826 1612 951 1653 esse
979 1574 1137 1664 volo,
1178 1598 1299 1664 illa,
1334 1574 1460 1669 quae
1498 1574 1665 1655 adll'f'e
1717 1574 1922 1668 geribo,
1956 1599 2025 1656 ad

437 1702 562 1759 qua:
608 1696 665 1743 te
698 1688 915 1755 hostes,
950 1689 1402 1762 quandoquidem
1450 1708 1513 1748 ea
1553 1692 1733 1748 facere
1780 1700 1833 1747 te
1865 1693 2027 1748 decet

433 1789 493 1833 et
520 1796 624 1837 nos
650 1781 721 1836 ad
766 1782 1032 1838 dilectum
1061 1784 1346 1853 scribere;
1386 1792 1646 1841 caeterum
1679 1796 1731 1840 te
1758 1786 1898 1841 bene
1929 1801 2026 1841 va-

2128 580 2482 653 ϐικαιοσὺνην
2513 581 2715 653 τιμῶν,
2744 584 2881 653 πρὸς
2908 584 2968 637 sb
2994 584 3205 638 δίκαιον
3239 586 3476 655 ἀφορῶν,
3516 587 3610 639 καὶ
3640 586 3719 655 μὴ

2129 671 2493 743 ἀπεχόμενος
2519 670 2749 744 κέρδους
2804 675 3031 740 οίκείου,
3071 676 3429 746 καινοτομίαν
3476 677 3533 731 δὲ
3580 677 3722 746 Χρι-

2130 765 2372 827 στιανοῖς
2412 764 2866 820 επιϐωλωψοὺκ
2894 766 3011 819 εστι
3046 767 3237 838 κέρδος
3262 769 3321 820 τδ
3359 769 3562 834 ἀδικον,
3590 769 3719 822 mibi

2129 853 2363 926 ὠφελεῖν
2393 850 2505 911 οἵδε
2534 856 2596 909 τὸ
2622 857 3036 923 πλεονεκτικὸν,
3094 858 3215 913 ἀλλ’
3271 860 3475 929 ἐσχάτη
3534 859 3718 930 βλάϐη

2130 949 2229 1003 καὶ
2252 949 2580 1020 καινοτομία
2597 949 2712 1013 τοῖς
2732 948 2926 1020 ὥσπερ
2960 950 3025 1004 σὺ
3060 946 3214 1005 οὖσιν
3247 952 3453 1014 ίκανοῖς
3480 951 3551 1005 τά
3585 955 3719 1022 πρέ-

2134 1058 2308 1098 ποντα
2331 1041 2738 1111 ἐκλογίζεσθαι.
2773 1043 2946 1097 Τοῦτο
2970 1044 3210 1115 μεγίστη
3247 1044 3508 1113 ὠφέλεια,
3551 1044 3720 1099 τοῦτο

2130 1133 2475 1208 ἀσύγκριτον
2501 1134 2694 1205 κέρδος
2723 1134 2786 1189 τὸ
2813 1138 2910 1190 επὶ
2933 1134 3037 1206 τῆς
3068 1135 3228 1207 ὑμῶν
3247 1136 3426 1207 ἀρχῆς
3451 1137 3549 1190 καὶ
3573 1137 3720 1191 διοι-

2132 1232 2351 1299 κήσεως
2410 1230 2558 1300 πρὸς
2594 1227 2695 1301 τὴν
2733 1230 2944 1284 οἰκείαν
2995 1229 3233 1301 πατρίδα
3272 1232 3400 1293 τοὺς
3431 1229 3722 1301 ὁμοεθνεῖς
3786 1268 3793 1278 ,

2132 1321 2619 1393 ἀποκαταστῆναι,
2649 1322 2712 1376 τὸ
2743 1322 2928 1391 γονεῖς
2957 1321 3261 1378 ἀπολαϐεῖν
3285 1323 3355 1377 τά
3388 1321 3494 1376 ibi:
3526 1323 3719 1387 τέκνα,

2130 1415 2194 1469 τὸ
2218 1414 2390 1468 τέκνα
2422 1416 2539 1477 τοῖς
2569 1415 2814 1485 πατράσι
2846 1413 3214 1485 ωναφθῆναι,
3234 1414 3298 1469 τὸ
3328 1413 3552 1485 γυναιξὶ
3587 1416 3721 1479 τοὺς

2129 1508 2441 1579 ὁμοζύγους
2473 1507 2833 1580 ἀποδοθῆναι,
2868 1508 2932 1563 τὸ
2970 1509 3152 1578 φίλοις
3176 1508 3546 1578 συγγενέσθαι
3582 1508 3721 1571 τοὺς

2131 1596 2344 1668 φίλους,
2384 1599 2483 1651 καὶ
2526 1596 2719 1662 ἁπλῶς
2768 1596 2872 1651 ὅσα
2911 1598 3056 1653 καλά
3082 1598 3300 1652 δίδωσιν
3332 1600 3366 1668 ὴ
3396 1599 3602 1669 πατρὶς
3656 1595 3721 1649 τὸ

2129 1690 2341 1746 τούτων
2395 1692 2653 1763 μετέχειν
2701 1692 2833 1756 τοὺς
2873 1691 3005 1763 ἀχρι
3039 1691 3138 1745 καὶ
3170 1691 3271 1746 νῦν
3316 1689 3419 1760 τῆς
3449 1689 3720 1761 πατρίδος

2130 1783 2606 1855 ἀποξενωμένους.
2636 1782 2849 1846 Ταῦτα,
2875 1782 3049 1853 φίλων
3079 1785 3205 1853 έμοὶ
3232 1781 3450 1855 ἄριστε,
3481 1783 3578 1836 καὶ
3615 1783 3721 1851 ἀρα

435 1875 552 1931 lere
576 1886 835 1948 Optamus
871 1888 928 1934 et
962 1893 1226 1934 securum
1258 1893 1547 1936 remanere
1573 1880 1644 1936 ab
1673 1880 1823 1935 omni
1858 1880 2017 1936 vicis-

2128 1876 2232 1947 χὴν
2266 1853 2532 1946 ποιοῦμαι
2577 1874 2681 1945 τῆς
2712 1876 2852 1947 πρὸς
2878 1876 2940 1929 σὲ
2972 1874 3183 1945 φιλίας,
3217 1853 3317 1930 καὶ
3362 1875 3565 1945 γράφω
3618 1875 3719 1927 καὶ

434 1968 677 2025 situdine
732 1980 789 2025 et
857 1973 1189 2027 necessitate
1238 1987 1362 2041 quae
1433 1970 1652 2027 mortali
1704 1970 1834 2027 huic
1886 1968 2011 2027 vitae

434 2063 711 2135 susdeque
741 2062 1010 2118 voluntati
1060 2063 1240 2119 inesse
1272 2063 1433 2119 solet.

2126 1969 2411 2041 παραινῶ,
2445 1969 2569 2022 tua).
2612 1968 2711 2022 καὶ
2740 1968 2827 2023 σοὶ
2862 1967 3079 2041 πρέπον
3102 1965 3336 2023 τοιαῦτα
3373 1969 3579 2034 ποιεῖν,
3617 1970 3721 2020 καὶ

2129 2062 2266 2134 ἡμῖν
2301 2059 2531 2116 τοιαῦτα
2559 2062 2699 2134 πρὸς
2739 2063 2833 2115 τὸν
2864 2061 3195 2133 φιλούμενον
3240 2059 3500 2131 γράφειν·
3544 2060 3622 2115 τά
3671 2057 3721 2113 δ’

436 2157 573 2213 ἀλλα.
626 2159 905 2231 έρῤὦσθαί
943 2177 1003 2215 σε
1032 2160 1384 2232 ιπευχόμεθα
1433 2162 1769 2235 ὑψηλότερον
1804 2160 2251 2235 συντηρούμενον
2272 2160 2453 2231 πάσης
2492 2159 2759 2231 βιωτικῆς
2794 2159 3117 2233 ἀνωμαλίας
3150 2159 3246 2213 καὶ
3305 2160 3716 2230 περιστάσεως,

435 2259 537 2330 ὂση
568 2258 646 2328 τῷ
671 2256 856 2328 θνητῷ
877 2256 1057 2330 τούτῳ
1087 2257 1189 2330 βίῳ
1211 2260 1326 2314 ἀνω
1353 2260 1451 2313 καὶ
1494 2258 1646 2315 κάτω
1676 2259 2034 2332 στρεφομένῳ
2059 2254 2205 2313 οἶδεν
2244 2255 2737 2330 ιμπολιτεὺεσθαι.

510 2393 601 2451 Ill.
646 2396 727 2469 Ad
758 2395 1120 2469 excellentem,
1161 2398 1548 2469 clarissimum,
1602 2397 1943 2469 spirituum

644 2466 838 2537 (ilium,
869 2465 1162 2523 Simeonem
1189 2467 1468 2541 Bulgaria:
1494 2465 1805 2541 principem.

507 2601 725 2672 Aliquid
779 2599 966 2657 forsan
1021 2602 1411 2673 supervacanel
1463 2603 1644 2658 facere
1688 2600 2021 2668 videbimur,

434 2693 509 2749 illi
542 2694 645 2761 mi,
687 2709 813 2749 cum
872 2703 925 2750 te
958 2694 1054 2748 illo
1095 2692 1288 2750 affectu
1341 2695 1593 2751 volumus
1637 2694 1856 2751 afﬁcere
1900 2695 2020 2766 qui,

434 2797 633 2857 praeter
688 2796 910 2843 nostros
964 2801 1272 2852 sermones,
1313 2788 1369 2842 in
1432 2796 1523 2842 tua
1553 2788 1797 2858 piissima
1842 2797 2026 2843 mente

436 2878 671 2946 insidet;
748 2894 1134 2949 quemcunque
1185 2880 1389 2935 etenim
1464 2881 1742 2935 hominem
1812 2889 2029 2949 Oportet

434 2971 789 3042 compatienti
823 2986 949 3028 esse
979 2974 1166 3026 animo
1207 2988 1334 3041 erga
1387 2989 1539 3028 reum
1594 2987 1884 3044 quemque,
1930 2971 2026 3027 sed

434 3080 562 3120 eum
620 3066 860 3121 maxime
903 3067 997 3137 qui
1041 3066 1109 3121 ad
1155 3081 1429 3122 summam
1471 3075 1556 3122 est
1582 3076 1804 3122 evectus
1832 3075 2027 3137 poten-

433 3158 589 3226 tiam,
645 3158 918 3229 siquidem
970 3174 1000 3213 a
1053 3158 1165 3215 Deo
1210 3160 1457 3213 omnium
1516 3159 1752 3214 Domino
1810 3159 2019 3228 princi-

434 3257 623 3319 patum
658 3250 806 3304 nutla
852 3250 958 3304 alia
988 3250 1055 3304 de
1080 3266 1252 3333 pausa
1284 3252 1619 3321 acceperint,
1654 3251 1759 3307 nisi
1791 3260 1850 3307 ut
1890 3266 2018 3307 eum
2044 3234 2091 3293 θ

435 3343 784 3398 imitarentur
840 3345 935 3413 qui
982 3358 1079 3399 eos
1130 3346 1339 3400 honore
1381 3347 1645 3414 praevenit
1687 3354 1745 3400 et
1794 3345 1863 3400 ad
1914 3343 2019 3399 im-

434 3437 571 3506 perii
608 3451 881 3493 summam
907 3440 1176 3507 provexit.
1198 3439 1445 3494 Prudens
1497 3440 1663 3508 igitur
1705 3453 1833 3494 cum
1858 3438 1937 3494 sis
1965 3448 2020 3495 et

432 3529 675 3582 maxime
721 3531 979 3598 sapiens,
1033 3528 1129 3585 Dei
1198 3530 1596 3585 humanitatem
1652 3537 1707 3584 et
1768 3530 2019 3599 benigni-

434 3627 599 3674 tatem
629 3629 686 3676 et
727 3622 1160 3677 misericordiam
1200 3638 1307 3677 non
1340 3623 1550 3689 nescis;
1597 3622 1716 3693 qui,
1751 3633 2018 3692 quantum

436 3710 606 3768 distat
645 3724 800 3770 ortus
818 3717 900 3769 .ab
952 3716 1258 3784 occidente,
1308 3716 1468 3789 longe
1496 3716 1627 3771 facit
1661 3731 1692 3771 a
1724 3715 1879 3773 nobis
1911 3716 2020 3771 ini-

433 3806 673 3875 quitates
741 3818 992 3874 nostras;
1051 3808 1196 3864 istud
1252 3824 1473 3881 quoque
1521 3809 1633 3865 scis
1694 3808 1864 3879 probe
1919 3822 2016 3865 eos

430 3897 527 3967 qui
575 3899 808 3969 imperio
857 3915 888 3955 a
942 3898 1051 3956 Deo
1103 3903 1232 3956 dato
1287 3917 1414 3957 vere
1470 3910 1600 3957 sunt
1660 3900 1834 3972 digni,
1886 3914 2013 3956 cum

430 3992 543 4045 sint
594 3992 762 4045 multa
821 3994 875 4046 in
928 3994 1130 4063 quibus
1187 3994 1299 4050 Deo
1348 3995 1555 4051 servire
1596 3995 1850 4058 debeant,
1904 4009 2013 4049 non

431 4084 883 4150 przestiantiorem
916 4086 966 4139 ei
1001 4086 1228 4141 reddere
1260 4087 1462 4141 cultum
1489 4101 1652 4155 quam
1687 4100 1782 4156 per
1824 4092 2017 4140 huma-

434 4172 683 4241 nitatem,
732 4185 790 4228 ut
834 4177 969 4242 dixi,
1019 4187 1074 4232 et
1126 4179 1629 4244 mansuetudinem,
1664 4178 2011 4233 clementiam

429 4278 651 4334 quoque
696 4280 761 4320 ac
812 4268 1247 4325 misericordiam
1278 4268 1330 4323 in
1364 4270 1650 4335 subditos;
1705 4284 1815 4323 non
1864 4269 2012 4324 enim

432 4355 556 4411 ideo
602 4360 816 4415 caeteris
848 4370 978 4415 sunt
1010 4360 1250 4430 praefecti
1279 4370 1338 4415 ut
1363 4371 1630 4431 potestate
1658 4376 1759 4417 sua
1800 4361 1867 4417 ad
1899 4364 2011 4415 ira-

435 4447 696 4502 cundiam
736 4460 790 4504 et
838 4452 1121 4506 hominum
1182 4455 1525 4508 vexationem
1589 4463 1845 4517 utantur,
1918 4452 2012 4507 sed

433 4548 494 4594 ut
537 4542 785 4610 paternis
836 4543 1139 4600 visceribus
1190 4545 1426 4610 delicta,
1476 4547 1576 4600 etsi
1639 4546 1841 4615 saepius
1888 4546 2015 4616 quis

427 4630 751 4703 delinquat,
802 4636 1117 4707 corrigant;
1153 4637 1287 4692 satis
1336 4647 1516 4693 autem
1556 4647 1641 4693 est
1690 4638 1781 4692 illa
1842 4638 2013 4694 fuisse

429 4739 518 4779 me
590 4725 909 4795 praefatum,
978 4743 1127 4785 nunc
1184 4730 1511 4799 exponenda
1585 4745 1756 4785 causa
1806 4745 1905 4786 cur
1956 4741 2008 4786 te

427 4831 742 4875 οιοηηιυε.

2197 2391 2273 2450 Γ.
2313 2394 2400 2465 7ξῷ
2453 2393 2949 2465 ὐπερφυεστὰτωί
2986 2393 3381 2463 μεταλοδόξῳ
3437 2410 3717 2464 πνευμαο

2234 2463 2379 2531 ενικῷ
2409 2463 2892 2536 τέκνωΣυμεὼν
2922 2464 3172 2534 ἄρχοντι
3198 2467 3603 2535 Βουλγαριας.

2200 2600 2363 2665 Ἴσως
2391 2601 2653 2672 περιττόν
2678 2618 2733 2654 τι
2761 2603 2941 2655 ποιεῖν
2962 2599 3260 2674 δοκοῦμεν,
3302 2600 3495 2656 τέκνον
3524 2603 3712 2673 ἡμῶν,

2126 2693 2405 2749 δυσωπεῖν
2434 2710 2497 2747 σε
2528 2692 2851 2763 βουλόμενοι
2883 2691 3145 2765 τοιαύτην
3197 2692 3538 2764 δυσώπησιν,
3588 2694 3716 2765 ητις

2124 2788 2225 2843 καὶ
2254 2786 2427 2858 χωρὶς
2459 2784 2571 2839 τῶν
2597 2787 2887 2859 ἡμετέρων
2918 2785 3099 2855 λόγων
3144 2788 3204 2841 ιν
3242 2790 3310 2860 τῇ
3346 2788 3415 2859 σῇ
3468 2785 3717 2855 θεοφιλεῖ

2124 2881 2275 2952 ψυχῇ
2322 2879 2713 2935 ἐναπόκειταιο
2763 2879 2932 2934 παντὶ
2990 2880 3101 2951 γάρ
3152 2877 3430 2951 ἀνθρώπῳ
3477 2877 3716 2949 γνώμην

2125 2972 2394 3045 συμπαθῆ
2418 2973 2609 3044 φέρειν
2641 2970 3000 3044 όφειλομένου
3029 2973 3426 3043 τυγχάνοντος,
3462 2970 3713 3041 μάλιστα

2123 3064 2287 3136 χρέος
2354 3065 2505 3118 ιστὶν
2566 3063 2951 3135 ἀπαραίτητον
2998 3065 3116 3128 τοῖς
3173 3062 3586 3133 ἀναϐεϐηκόσιν
3629 3063 3713 3125 είς

2122 3158 2299 3229 ἀρχῆς
2329 3156 2485 3228 ὕψος,
2512 3155 2675 3210 τοῦτο
2726 3156 3041 3221 διασώζειν,
3105 3157 3232 3210 ἐπεὶ
3286 3158 3381 3212 καὶ
3422 3152 3579 3229 παρά
3612 3152 3712 3207 τοῦ

2123 3252 2349 3307 πάντων
2378 3252 2643 3322 ἄρχοντος
2673 3250 2810 3307 Θεοῦ
2840 3250 3160 3323 παρεσχέθη
3204 3253 3319 3313 τοῖς
3362 3250 3636 3322 ἄρχουσιν
3676 3248 3711 3319 ἡ

2122 3342 2290 3414 ἀρχὴ.
2322 3343 2541 3408 οὐδενὸς
2570 3342 2738 3397 ἀλλου
2769 3342 3014 3416 χάριν,ἢ
3045 3342 3134 3396 ῖνα
3169 3342 3307 3413 πρὸς
3344 3342 3584 3414 μίμησιν
3609 3338 3712 3394 τοῦ

2122 3438 2484 3509 τιμήσαντος,
2514 3438 2612 3492 καὶ
2646 3438 2729 3502 είς
2765 3437 2828 3491 τὸ
2860 3437 3055 3510 ἄρχειν
3092 3435 3535 3500 ἀναϐιϐάσαντος
3564 3437 3711 3491 ἀνα-

2122 3531 2426 3601 φαίνωνται
2445 3529 2809 3595 διαϐιοῦντες.
2832 3532 3057 3595 Πάντως
3085 3529 3143 3583 δι
3173 3531 3434 3601 νουνεχὴς
3479 3527 3558 3583 ὣν
3608 3531 3711 3585 καὶ

2128 3623 2350 3688 συνετὸς
2385 3625 2683 3678 ἐπίστασαι
2710 3624 2810 3696 τὴν
2838 3623 2935 3678 τοῦ
2966 3623 3104 3677 Θεοῦ
3141 3623 3557 3694 φιλανθρωπίαν
3612 3628 3711 3679 καὶ⁵

2120 3715 2222 3784 τὴν
2259 3716 2635 3786 χρηστότητα,
2690 3716 2787 3769 καὶ
2838 3714 2901 3769 τὸ
2958 3713 3272 3785 συμπαθές·
3319 3713 3379 3777 δς
3411 3713 3537 3767 καθ’
3576 3714 3711 3768 ὅσον

2118 3805 2425 3875 ἀπέχουσιν
2448 3805 2715 3861 ἀνατολαὶ
2741 3806 2853 3860 ἀπὸ
2867 3802 3387 3877 δυσμῶν,τοσοῦτον
3411 3808 3444 3877 ἡ
3454 3804 3574 3875 μῶν
3600 3823 3710 3876 μαι

2120 3897 2315 3969 κρύνει
2341 3898 2438 3959 τάς
2468 3896 2749 3969 ἀμαρτίας
2780 3898 2875 3968 ἀφ’
2910 3896 3091 3969 ἡμῶν.
3142 3898 3259 3951 Καὶ
3295 3895 3459 3950 τοῦτο
3485 3895 3542 3948 δὲ
3578 3895 3709 3949 λίαν

2120 3992 2443 4058 ἰπίστασιι,
2474 3992 2556 4047 δτι
2589 3992 2645 4045 οῖ
2683 4010 2748 4063 γε
2791 3992 2868 4056 ὼς
2916 3990 3133 4062 άληθῶς
3193 3990 3337 4054 ἀξιοι
3385 3989 3488 4060 τῆς
3549 3990 3709 4058 παρὰ

2118 4084 2259 4139 Θεοῦ
2283 4086 2578 4157 δεδομένης
2620 4086 2805 4150 αὑτοῖς
2840 4085 3039 4156 ἀρχῆς,
3093 4082 3369 4139 πλείστων
3428 4082 3709 4153 ὑπαρχόν·

2116 4192 2230 4229 των
2272 4176 2344 4229 δι’
2372 4170 2449 4231 ὧν
2490 4177 2644 4229 ἔστιν
2678 4177 2866 4239 αὑτοῖς
2895 4175 3229 4245 θεραπεύειν
3279 4174 3438 4239 Θεὸν,
3490 4176 3711 4245 ταύτην

2122 4268 2366 4339 μάλιστα
2402 4268 2505 4338 τὴν
2532 4267 2816 4341 ἐξαίρετον
2862 4267 3162 4337 θεραπείαν
3194 4268 3593 4339 προσφέρουσι,
3642 4266 3708 4323 τὺ

2120 4360 2510 4430 φιλάνθρωπον
2556 4361 2632 4426 ὡς
2656 4355 2813 4415 εἷπον
2856 4362 2955 4415 atat
2981 4362 3043 4415 τδ
3082 4360 3432 4428 ἀνεξίκακον,
3481 4359 3577 4413 καὶ
3640 4360 3704 4412 τὸ

2118 4455 2256 4526 πρὸς
2284 4455 2412 4517 τοὺς
2448 4456 2799 4528 ὑποχειρίους
2827 4455 3103 4528 ἀόργητόν
3144 4472 3206 4508 τε
3246 4455 3344 4509 καὶ
3382 4452 3703 4524 συμπαθές.

2117 4550 2194 4601 Ob
2229 4548 2340 4619 γάρ
2366 4550 2455 4602 διὰ
2475 4548 2638 4603 τοῦτο
2662 4550 2771 4604 τῶν
2800 4550 3007 4603 λοιπῶν
3039 4547 3480 4620 προεκρίθησαν,
3513 4547 3603 4599 ῖνα
3624 4550 3697 4617 τῇ

2121 4641 2345 4711 ὶξουσία
2375 4640 2514 4710 πρὸς
2555 4640 2731 4710 θυμὸν
2780 4641 3136 4712 ἀποχρῶνται
3178 4643 3277 4694 καὶ
3302 4642 3549 4695 κάκωσιν
3586 4638 3705 4693 τῶν

2120 4733 2456 4804 ἀνθρώπων,
2516 4733 2631 4787 ἀλλ’
2681 4735 2770 4788 ῖνα
2835 4734 3170 4805 σπλάγχνοις
3234 4734 3547 4805 πατρικοῖς,
3594 4732 3703 4786 κᾶν

2128 4824 2394 4888 πολλάκις
2446 4825 2569 4878 τι.νά
2611 4826 2794 4897 συμϐῇ
2832 4826 3248 4898 έξαμαρτῆσαι,
3275 4827 3336 4879 τὸ
3386 4827 3703 4896 ἁμάρτημα

431 4912 821 4985 μεθοδεύωσιν.
873 4915 1064 4987 ’Δρκεῖ
1092 4917 1187 4970 ἰπὶ
1220 4921 1481 4970 τοσοῦτον
1549 4915 2033 4988 προοιμιάζεσθαι,
2083 4918 2260 4991 αὑτήν
2306 4935 2388 4972 σοι
2427 4918 2614 4973 λοιπὸν
2674 4919 3009 4991 ικτιθέμιθα
3059 4921 3160 4990 τὴν
3216 4919 3496 4987 ὑπόθεσιν,
3559 4933 3700 4990 περὶ

424 5020 492 5075 ης
523 5002 907 5074 δυσωποῦμεν.

498 5103 675 5159 llomo
703 5104 950 5174 quidam,
982 5103 1169 5160 nescio
1198 5113 1382 5160 utrum
1412 5104 1611 5177 dignus
1646 5105 1834 5175 fuerit,
1886 5122 2001 5179 pce-

428 5211 529 5250 nas
580 5196 734 5260 dare,
791 5210 859 5249 an
916 5193 1159 5251 humano
1206 5210 1356 5251 more
1392 5198 1444 5250 in
1492 5198 1858 5253 calamitatem
1883 5215 2005 5269 pro-

429 5290 649 5358 lapsus.
713 5286 972 5357 quoniam
1021 5297 1255 5342 vestram
1315 5287 1706 5346 reformidahat
1767 5301 2007 5361 potesta-

427 5391 572 5440 tem.
626 5380 690 5432 ad
759 5380 851 5435 Dei
936 5382 1197 5449 templum
1265 5382 1395 5436 illud
1463 5384 1607 5452 quod
1657 5384 2005 5439 Christianus

428 5472 660 5541 quisque
699 5472 939 5526 universi
991 5476 1140 5528 orbis
1170 5476 1391 5529 oculum
1434 5491 1556 5530 esse
1603 5478 1915 5541 confitetur,
1950 5478 2003 5531 in

426 5576 539 5632 quo
586 5579 705 5626 nos,
749 5566 851 5619 etsi
886 5566 1130 5631 inutiles,
1179 5568 1265 5620 die
1296 5581 1357 5620 ac
1414 5578 1569 5623 nocte
1604 5569 2003 5637 ministramus,

425 5656 705 5728 confugit;
775 5659 906 5729 qui,
1005 5659 1136 5714 dum
1218 5661 1624 5715 inexorabiliter
1693 5678 1723 5718 e
1802 5668 2005 5736 templo

427 5762 733 5822 raperetur,
764 5763 1015 5809 sanctum
1043 5755 1486 5824 prapitiatorium
1536 5756 1847 5824 invocabat,
1896 5774 2001 5817 nec

427 5856 538 5898 nou
587 5852 641 5900 et
685 5844 941 5903 omnibus
988 5842 1318 5904 Christianis
1361 5846 1597 5904 debitam
1648 5848 1740 5907 Dei
1787 5852 1999 5921 templis

2193 5109 2522 5182 Ἄνθρωπός
2548 5126 2627 5173 τις
2656 5107 2758 5162 οὑκ
2786 5104 2903 5163 οῖδα
2947 5107 3157 5171 δίκαιος
3194 5106 3269 5162 ὣν
3301 5110 3562 5181 ὑποσχεῖν
3607 5131 3693 5168 τι-

2118 5205 2359 5275 μωρίαν,
2395 5204 2497 5259 οὑκ
2526 5199 2645 5257 οἶδα
2674 5194 2766 5257 οἷα
2796 5201 2866 5254 τὰ
2890 5198 3216 5272 ἀνθρώπινα
3245 5204 3327 5265 είς
3356 5207 3691 5277 περίστασιν

2114 5294 2397 5365 ἐμπεσὼν,
2426 5295 2613 5349 ἕνεκεν
2652 5295 2748 5348 τοῦ
2776 5295 3066 5363 φοϐεῖσθαι
3106 5296 3205 5367 τὴν
3230 5296 3385 5367 ὑμῶν
3411 5298 3686 5366 ἐξουσίαν,

2113 5390 2192 5459 τῷ
2230 5388 2345 5459 ναῷ
2374 5391 2467 5443 τοῦ
2494 5389 2655 5455 Θεοῦ,
2688 5390 2749 5443 ὃν
2781 5394 2888 5454 πᾶς
2924 5392 3186 5461 ὁμολογεῖ
3229 5392 3559 5463 Χριστιανὸς
3586 5396 3687 5466 ὀφι-

2116 5480 2322 5550 οαλμὺν
2352 5478 2493 5535 εἶναι
2542 5482 2644 5552 τῆς
2698 5485 3024 5553 οἰκουμένης
3058 5490 3501 5554 προσ-πέφευγεν,
3545 5491 3603 5541 εν
3640 5483 3688 5559 ᾧ

2112 5575 2296 5643 ἡμεῖς,
2336 5576 2383 5626 εί
2410 5574 2503 5627 καλ⁸
2554 5577 2767 5646 ἀχρεῖοι
2807 5576 2982 5629 νύκτα
3045 5582 3136 5631 και
3191 5581 3409 5649 ἡμέραν
3451 5583 3550 5654 τὴν
3588 5583 3688 5637 λα-

2111 5665 2297 5736 τρείαν
2331 5668 2742 5739 προσφέρομεν·
2772 5663 2928 5733 οὗτος
2948 5670 3134 5740 ἐπειδὴ
3156 5673 3543 5745 ἀπαραιτήτως
3568 5676 3681 5731 εἴλ-

2113 5775 2239 5811 κετο
2265 5758 2358 5812 τοῦ
2393 5760 2543 5827 ναοῦ,
2591 5762 2759 5816 πολλὰ
2800 5765 2863 5816 τό
2916 5780 2975 5816 τε
3012 5765 3167 5832 ἅγιον
3207 5765 3517 5838 ἱλαστήριον
3564 5773 3687 5824 ἑπι-

2111 5851 2413 5925 ὂοὼμενος,
2443 5857 2535 5911 καλ⁵
2585 5857 2688 5928 τὴν
2719 5855 2919 5920 κοινῶς
2958 5859 3091 5913 πᾶσι
3142 5859 3489 5931 Χριστιανοίς
3528 5862 3681 5933 ὀφει-
