3962 6140
294 364 349 427 41
1716 356 2125 416 ΕΡιδΤυιτΕ.
3488 351 3560 417 42

288 478 500 550 λομὲνην
533 478 653 541 τοῖς
722 476 891 542 θείοις
932 475 1103 546 ἱεροῖς
1153 473 1586 545 σεϐασμιότητα,
1632 471 1732 525 καὶ
1768 471 1868 539 τὴν

1985 466 2381 522 venerationem
2453 474 2509 520 et
2584 462 3019 521 incolumitatem
3068 464 3315 521 omnium
3368 468 3437 523 ad
3494 486 3556 523 ea

286 575 381 626 τῶν
424 574 481 624 εν
512 570 716 636 αὐτοῖς
788 568 1252 643 προσφευγόντων
1293 565 1548 629 ἀσυλίαν,
1611 563 1869 635 ἐκίνησεν

287 665 442 738 ἡμᾶς.
486 665 603 719 Καὶ
635 665 694 718 τί
723 666 833 733 γὰρ
866 664 997 719 ἄλλο
1021 663 1131 717 ἔδει
1171 662 1342 716 ποιεῖν
1369 657 1728 729 λειτουργοὺς
1775 657 1871 708 ὗν-

286 759 459 825 τις,εί
490 760 590 812 καὶ
623 755 912 822 ἀναξίους,
943 755 1039 810 τοῦ
1070 754 1228 823 ἁγίου
1257 753 1674 824 θυσιαστηρίου,
1699 752 1779 814 είς
1811 749 1872 803 τὸ

288 848 411 919 μηδι
454 849 560 915 τὴν
620 846 808 918 ἀρχὴν
852 845 1206 916 συγχωρῆσαι
1243 843 1358 906 τοῖς
1391 841 1743 912 βουλομένοις
1774 838 1873 891 αὺ-

288 942 370 996 τίιν
409 940 599 995 tum
632 957 648 1005 ;
683 940 864 995 Τοῦτο
911 938 1163 1007 παριδεῖν
1202 935 1513 1000 ἐκτελέσαι,
1548 934 1731 988 καίτοι
1776 948 1873 1003 χα-

286 1032 679 1100 λεπαινόντων,
721 1033 819 1085 καὶ
849 1029 1112 1101 σκληρῶς
1143 1030 1277 1100 ἡμῖν
1317 1029 1405 1083 διὰ
1439 1026 1539 1098 τὴν
1580 1028 1680 1093 σὴν
1711 1027 1873 1096 χάριν

288 1123 777 1193 προσφερομένων,
830 1122 982 1193 ὅμως
1058 1119 1556 1191 ἐπαγγελλομένων
1601 1120 1696 1173 καὶ
1738 1119 1873 1172 πᾶσι

286 1217 498 1285 τρόποις
529 1214 917 1283 βεϐαιούντων
952 1214 1125 1285 ἡμᾶς,
1155 1214 1233 1277 ὡς
1284 1212 1443 1265 οὐδὲν
1470 1211 1650 1265 δεινὸν
1701 1214 1874 1281 ἀπερ-

288 1309 445 1380 γάσῃ,
475 1310 684 1363 τέκνου
715 1307 899 1379 ἡμῶν,
937 1307 1077 1361 ἀλλὰ
1128 1305 1467 1377 συγγνώμης
1505 1304 1874 1375 ἀξιωθήσεται

290 1404 429 1471 sapit
496 1403 611 1465 σοὶ,
681 1403 782 1454 καὶ
833 1399 938 1471 τῆς
976 1399 1070 1452 ἐπὶ
1104 1396 1184 1469 τῷ
1226 1398 1541 1467 πταίσματι
1582 1397 1874 1467 συγχωρή-

291 1510 437 1560 σεωῖ,
480 1492 847 1561 ιξηγὰγομεν
884 1490 1049 1546 αὐτὸν
1087 1488 1185 1543 τοῦ
1237 1488 1369 1543 ναοῦ
1424 1489 1522 1541 καὶ
1551 1488 1878 1542 ἀπεστείλαο

292 1603 401 1656 μεν,
424 1585 567 1639 Θεὸν
599 1586 1125 1655 ἐπιμαρτυρόμενοι
1159 1584 1256 1636 καὶ
1290 1582 1354 1635 τὸ
1395 1581 1675 1650 πανάγιον
1706 1581 1876 1637 αὑτοῦ

290 1678 608 1750 ίλαστὴριον
644 1678 745 1732 καὶ
778 1678 923 1731 κατὰ
954 1676 1045 1731 τὸν
1092 1678 1341 1748 παρόντα
1371 1678 1547 1731 αίῶνα
1583 1680 1678 1731 καὶ
1734 1679 1877 1734 κατὰ

1975 559 2426 630 confugientium,
2475 567 2640 629 atque
2685 560 2765 615 sic
2810 574 2911 615 nos
2941 561 3147 626 movit;
3195 561 3326 632 quid
3374 571 3553 617 autem

1979 653 2124 707 aliud
2160 652 2464 719 ministros,
2497 651 2619 706 licet
2648 651 2922 722 indignos,
2960 655 3133 708 sancti
3158 653 3347 710 altaris
3375 654 3558 711 facere

1975 742 2282 815 oportebit?
2338 744 2576 814 primum
2646 743 2956 799 volentibus
3017 761 3142 798 eum
3220 759 3413 815 rapere
3459 762 3556 801 ac-

1976 839 2334 908 quiescerent,
2361 837 2698 906 perlicientes
2722 844 3160 903 contemnerem;
3188 837 3312 892 licet
3342 855 3440 893 nos
3472 840 3554 892 in-

1972 932 2116 1002 juria
2170 930 2486 994 aﬂ'ccerint,
2538 930 2857 999 duriterqne
2905 930 3065 985 nobis
3123 931 3557 986 contradixerint

1977 1033 2195 1096 propter
2240 1033 2387 1078 tuam
2432 1024 2684 1094 gratiam,
2734 1024 2860 1092 quia
2918 1035 3103 1079 tamen
3148 1025 3307 1079 nobis
3346 1026 3559 1079 denun—

1980 1121 2248 1173 tiaverunt
2269 1126 2323 1172 et
2369 1118 2626 1173 omnibus
2663 1117 2841 1172 modis
2878 1133 2978 1173 nos
3014 1119 3275 1174 certiores
3309 1117 3560 1174 fecerunt

1977 1210 2321 1270 enmnihila
2352 1219 2404 1266 te
2455 1211 2597 1266 male
2652 1226 2963 1281 passurum,
3017 1210 3111 1266 sed
3162 1211 3372 1266 veniam
3421 1228 3452 1267 a
3484 1222 3559 1279 te,

1978 1303 2055 1359 ﬁli
2113 1303 2206 1366 mi,
2250 1303 2601 1357 obtenturum
2631 1311 2687 1356 et
2716 1300 2900 1357 delicti
2930 1301 3329 1365 remissionem,
3374 1302 3559 1358 eduxi-

1979 1413 2104 1451 mus
2156 1412 2280 1452 enm
2329 1397 2396 1451 dc
2454 1395 2653 1466 templo
2683 1401 2739 1449 et
2794 1394 3146 1450 demissimus
3185 1394 3358 1449 Deum
3402 1396 3560 1452 testi.

1981 1491 2205 1546 ﬁcantcs
2254 1500 2309 1545 ct
2362 1491 2769 1545 sanctissimum
2822 1475 2942 1557 Ejus
3006 1488 3441 1559 propitiatur-ium
3500 1497 3563 1542 tit

1986 1584 2196 1638 inultus
2226 1597 2327 1638 nec
2359 1584 2412 1637 in
2450 1582 2553 1636 hoe
2583 1582 2784 1636 saeculo
2817 1594 2918 1634 nee
2952 1581 3006 1633 in
3040 1578 3225 1634 futuro
3257 1588 3558 1641 remaneat,

1981 1683 2025 1734 si
2059 1679 2188 1748 quid
2219 1677 2436 1733 molesti
2478 1684 2573 1731 aut
2611 1675 2809 1738 odiosi,
2866 1674 3007 1743 quod
3062 1683 3116 1729 te
3160 1673 3341 1729 facere
3395 1673 3558 1730 absit.

288 1770 371 1825 τὸν
415 1771 724 1840 μέλλοντα,
756 1771 833 1842 μὴ
878 1769 1142 1841 περιιδεῖν
1172 1772 1344 1825 αὐτὸν
1388 1771 1769 1843 ἀνεκδίκητον,
1827 1772 1882 1826 εί

1987 1772 2059 1826 ﬁli
2092 1773 2200 1836 mi,
2234 1772 2284 1826 ei
2335 1771 2567 1827 accidat.
2624 1768 2742 1822 Noli
2793 1784 2924 1835 ergo
2979 1767 3292 1823 existimare
3344 1778 3393 1821 te
3436 1781 3560 1821 eum

290 1882 340 1919 τι
367 1865 618 1935 λυπηρὸν
642 1864 802 1933 αῦτῴ
838 1864 931 1918 καὶ
961 1863 1244 1934 δυσχερὲς,
1270 1863 1407 1934 ὅπερ
1441 1866 1519 1936 μὴ
1548 1862 1761 1932 γένοιτό
1791 1880 1875 1929 σε,

290 1957 468 2011 τεκνον
505 1956 699 2023 ἡμῶν,
753 1954 1187 2028 διαπράξασθαι,
1223 1955 1549 2025 ἀπαντήσει.
1574 1954 1666 2025 Μὴ
1688 1954 1878 2023 νόμιζε

292 2048 374 2103 οῦν
399 2048 599 2103 τοῦτον
640 2050 711 2101 εκ
733 2049 921 2119 χειρὸς
958 2045 1263 2117 λαμϐάνειν
1299 2045 1409 2099 τῶν
1436 2046 1576 2116 πρὸς
1608 2048 1666 2098 σὲ
1700 2061 1881 2116 eratpa-

292 2143 620 2211 γινομίνων,
672 2141 797 2195 ἀλλ’
855 2141 957 2211 ἐμὲ
1020 2139 1242 2209 λογίζου
1282 2139 1451 2194 αὐτὸν
1504 2142 1787 2211 παρεῖναι,
1820 2139 1880 2202 ὃς

293 2232 471 2289 τοῦτον
517 2234 824 2300 ἑξείλκυσα
882 2231 977 2286 τοῦ
1025 2232 1176 2286 θείου
1239 2232 1392 2299 ναοῦ,
1447 2233 1543 2286 καὶ
1595 2234 1745 2303 χειρὶ
1809 2232 1877 2303 τῇ

293 2328 391 2398 tun
426 2331 490 2400 τῇ
523 2332 595 2400 σῇ
641 2327 1008 2399 παραδιδόναι
1057 2328 1228 2400 χειρί.
1261 2327 1465 2381 Σκόπει
1494 2325 1559 2398 δὴ
1598 2326 1749 2389 ὅπως
1782 2326 1881 2379 καὶ

295 2424 352 2474 τὸ
399 2421 551 2492 ιερδν
595 2420 696 2475 τοῦ
727 2418 866 2473 Θεοῦ
896 2418 1169 2492 τιμήσῃς,
1222 2421 1318 2474 καὶ
1360 2418 1451 2473 διὰ
1487 2418 1683 2472 τούτου
1741 2418 1879 2489 πρὸς

294 2515 450 2569 αὑτὸν
481 2515 587 2587 τὴν
613 2515 788 2586 τιμὴν
843 2516 1175 2588 ἁνενέγκῃς,
1210 2513 1309 2567 καὶ
1347 2514 1563 2585 σεαυτῷ
1600 2515 1700 2586 τὴν
1734 2514 1878 2568 ἄνω-

298 2606 381 2660 θεν
410 2608 579 2661 αὐτοῦ
608 2606 909 2677 εὐμένειαν
947 2608 1253 2678 ἐπισπασῃ,
1306 2606 1403 2661 καὶ
1456 2605 1555 2677 τὴν
1589 2606 1746 2676 ἡμῶν
1775 2622 1878 2658 τα-

300 2702 594 2769 πεινότητα
626 2700 718 2753 διὰ
745 2700 845 2769 τῆς
887 2698 1023 2771 πρὸς
1063 2698 1157 2751 τὸν
1196 2697 1488 2770 ἄνθρωπον
1531 2697 1879 2768 συμπαθείας

297 2789 417 2861 lin;
472 2792 936 2862 ὑπερευχομίνην
1002 2807 1085 2844 σοι
1136 2794 1207 2845 τὰ
1268 2790 1449 2858 ἀγαθὰ
1480 2790 1574 2843 καὶ
1608 2790 1879 2861 σωτήρια,

300 2884 429 2939 ἀλλὰ
479 2886 564 2957 μὴ
595 2883 959 2939 καταϐοῶσαν
991 2884 1115 2937 ἀντὶ
1157 2886 1251 2954 τῆς
1302 2888 1382 2947 είς
1413 2883 1507 2937 τὸν
1565 2881 1710 2937 θεῖον
1752 2884 1881 2939 ναὸν

301 2975 525 3048 ὕϐρεως,
555 2979 615 3034 εί
637 2996 744 3045 τις,
768 2978 909 3049 ὅπερ
943 2977 1021 3049 μὴ
1044 2979 1281 3047 γένοιτο,
1312 2976 1561 3049 τιμωρία
1590 2976 1687 3033 καὶ
1720 2977 1883 3032 κόλα-

303 3085 379 3134 σις
415 3072 506 3125 τὸν
545 3071 845 3142 ἄνθρωπον
879 3070 1221 3136 ὑποδέξεται.

1985 1867 2054 1921 ab
2106 1865 2191 1919 his
2243 1867 2335 1935 qui
2408 1865 2503 1920 tibi
2556 1864 2789 1919 aderunt
2864 1862 3123 1931 recipere,
3180 1859 3275 1915 sed
3334 1872 3420 1913 me
3470 1872 3562 1911 ar—

1979 1957 2170 2012 bitrari
2231 1958 2407 2026 ipsum
2459 1957 2687 2022 adesse,
2755 1954 2849 2024 qui
2912 1969 3035 2009 eum
3110 1967 3141 2006 a
3201 1952 3295 2007 Dei
3362 1952 3565 2024 templo

1986 2051 2162 2106 avulsi
2215 2061 2271 2106 et
2314 2066 2476 2104 manu
2523 2064 2641 2104 mea
2704 2048 2758 2102 in
2796 2057 2947 2102 tuam
3004 2060 3229 2101 manum
3292 2045 3559 2115 deposui;

1980 2145 2105 2198 vide
2156 2144 2318 2198 etiam
2381 2140 2661 2213 quomodo
2720 2142 2815 2196 Dei
2881 2143 3142 2213 templum
3200 2140 3473 2195 verebetis
3506 2152 3562 2193 et

1982 2250 2077 2305 per
2098 2236 2260 2291 istum
2292 2236 2555 2289 honorem
2608 2234 2871 2304 rependes
2917 2244 3082 2303 atque
3134 2233 3230 2288 tibi
3261 2246 3554 2303 supernam

1980 2330 2103 2397 ejus
2135 2328 2569 2383 benevolentiam
2617 2326 2959 2390 coneiliabis,
2995 2340 3204 2379 necnon
3233 2335 3288 2381 et
3320 2336 3563 2381 nostram

1983 2420 2347 2476 humilitatem
2407 2428 2628 2490 prepter
2692 2430 2840 2473 tuam
2894 2419 2948 2472 in
3005 2419 3283 2473 hominem
3346 2419 3564 2475 miseri-

1982 2514 2263 2577 cordiam.
2344 2512 2567 2567 habebis
2616 2511 2710 2566 tibi
2760 2519 3077 2566 exorantem
3152 2513 3294 2567 bona
3357 2522 3414 2566 et
3476 2527 3567 2568 sa-

1981 2608 2219 2670 lutaria,
2293 2620 2400 2659 non
2484 2614 2664 2658 autem
2736 2604 3060 2659 clamantem
3158 2614 3347 2659 contra
3424 2604 3570 2675 inju-

1984 2702 2119 2754 riatn
2182 2697 2278 2754 Dei
2343 2698 2547 2767 templo
2598 2697 2841 2764 illatam,
2902 2698 2978 2751 uti
3045 2696 3198 2752 ﬁeret
3259 2699 3306 2753 si
3423 2701 3565 2768 quod

1981 2797 2164 2863 ahsit,
2236 2795 2513 2850 hominem
2594 2809 2752 2865 pinna
2846 2802 2941 2847 aut
3025 2794 3277 2849 multatio
3348 2801 3569 2867 excipe-

1986 2899 2086 2943 I‘CL

367 3160 553 3233 Χωρὶς
603 3163 663 3216 δὲ
687 3162 899 3217 τούτων
930 3163 1339 3234 ἀναμνήσθητι,
1377 3166 1566 3219 τέκνον
1595 3166 1778 3238 ήμῶν,
1804 3165 1881 3229 ὡς

2056 3168 2257 3223 Praeter
2306 3166 2422 3221 haec
2473 3166 2781 3231 recordare,
2834 3164 3023 3233 tilimi,
3060 3174 3113 3221 te
3142 3166 3315 3236 ipsum
3349 3179 3569 3239 propter

305 3251 392 3304 καὶ
430 3250 602 3315 αὐτὸς
638 3253 738 3307 επὶ
774 3253 887 3318 τοῖς
925 3253 1149 3316 οίκείοις
1197 3255 1507 3326 πταίσμασι
1545 3258 1645 3327 τῆς
1693 3256 1884 3329 θεῖκῆς

307 3348 676 3418 χρηστότητος
731 3349 827 3401 καὶ
891 3346 1310 3419 φιλανθρωπίας
1369 3348 1615 3421 χρῄζεις,
1680 3344 1750 3422 ἧς
1785 3352 1885 3402 οὐκ

305 3436 440 3492 εστιν
480 3441 773 3511 ἐπιτυχεῖν
801 3438 877 3511 μὴ
930 3439 1163 3509 ἀφιέντα
1184 3444 1297 3505 τοῖς
1331 3440 1610 3511 ὀφείλουσι
1645 3443 1714 3498 τὰ
1738 3443 1887 3511 ὀφει-

305 3526 538 3597 λήματα.
581 3528 763 3582 Καλὸν
790 3525 886 3582 οῦν
917 3526 1110 3600 ὥσπερ
1155 3528 1281 3583 τινὰ
1336 3529 1646 3601 καταϐολὴν
1698 3531 1884 3585 δοῦναι

307 3618 417 3690 Θεῷ
446 3621 550 3675 τὸν
568 3622 652 3686 είς
675 3623 766 3674 τὸν
786 3620 1077 3691 ἄνθρωπον
1115 3619 1285 3688 ἔλεον,
1340 3622 1428 3677 ῖνα
1459 3622 1559 3675 καὶ
1582 3622 1750 3686 αὐτὸς
1784 3622 1882 3675 τύ-

309 3728 397 3786 χῃς
422 3717 525 3786 τῆς
561 3713 754 3785 θεῖκῆς
796 3713 1203 3785 ἐλεημοσύνηςο
1240 3717 1334 3769 καὶ
1362 3716 1522 3770 τοῦτο
1552 3716 1610 3771 δὲ
1642 3716 1793 3784 ἄξιόν
1824 3734 1884 3771 σε

313 3807 561 3871 συνιδεῖν,
609 3807 694 3859 ὅτι
736 3807 832 3858 καὶ
881 3805 1255 3878 φιλανθρώπῳ
1317 3809 1597 3877 γενομένῳ
1644 3824 1750 3874 σοι,
1789 3808 1886 3861 καὶ

310 3898 437 3971 ὅπερ
470 3900 553 3971 μὴ
582 3900 931 3969 συγχωρήσω
954 3899 1086 3962 Θεὸς
1116 3901 1198 3963 είς
1222 3900 1283 3953 τὸ
1315 3901 1560 3953 ἐναντίον
1609 3901 1887 3973 τρεπομέ-

314 4008 400 4061 νῳ,
425 3992 833 4054 πολλαπλάσιος
871 3992 1030 4047 ἔσται
1065 3993 1101 4060 ἢ
1126 3993 1227 4063 τῆς
1268 3993 1689 4065 φιλανθρωπίας
1717 3995 1750 4066 ἦ
1779 3996 1880 4065 τῆς

313 4084 581 4149 κολάσεως
596 4086 631 4157 ἡ
649 4086 940 4150 ἀντίδοσις.
966 4088 1041 4142 Οὐ
1060 4088 1169 4155 γὰρ
1183 4086 1416 4155 ἁπλοῦν,
1442 4086 1519 4150 ὡς
1534 4088 1690 4159 ὁρᾷς,
1711 4105 1891 4159 πραχ-

314 4174 534 4249 θήσεται
562 4196 649 4233 σοι
687 4178 748 4233 τδ
776 4179 1104 4251 ἁμάρτημα·
1161 4180 1189 4232 ὅ
1228 4196 1287 4233 τε
1314 4180 1423 4250 γὰρ
1448 4180 1572 4245 ναὸς
1606 4180 1888 4250 ὑϐρίζεται

314 4270 401 4325 τοῦ
447 4271 615 4337 Θεοῦ,
675 4275 771 4326 καὶ
797 4276 826 4327 ὁ
872 4276 1069 4326 τούτου
1095 4275 1411 4344 ἀρχιερεὺς,
1458 4274 1509 4325 εί
1539 4274 1633 4326 καὶ
1670 4274 1887 4344 ἐλάχισ-

315 4380 418 4429 τος,
442 4366 542 4418 καὶ
568 4365 818 4434 δόγματι
846 4365 1368 4434 κατασφαλιςόμενα
1397 4364 1497 4435 τὴν
1522 4365 1753 4418 ἀσυλίαν
1775 4371 1887 4429 τοις

316 4454 389 4519 εις
415 4458 475 4509 τὸ
494 4456 643 4526 μέγα
662 4455 823 4507 τοῦτο
850 4454 1192 4523 καταφύγιον
1219 4456 1685 4523 καταφεύγουσιν.
1725 4454 1887 4508 Ἀλλὰ

1986 3260 2209 3330 propria
2260 3258 2494 3320 delicta,
2550 3258 2640 3312 Dei
2689 3258 2933 3314 bonitate
2977 3268 3033 3314 et
3096 3260 3439 3318 humanitate
3487 3264 3569 3317 in-

1988 3352 2207 3422 digere,
2254 3366 2417 3420 quam
2471 3351 2763 3421 impetrare
2819 3367 2926 3407 non
2978 3364 3205 3423 possunt
3251 3356 3345 3424 qui
3409 3355 3565 3411 debi-

1989 3446 2202 3500 toribus
2250 3445 2434 3500 debita
2489 3460 2596 3500 non
2640 3446 2956 3512 dimittunt;
3013 3446 3215 3501 bonum
3272 3460 3357 3505 est
3405 3450 3571 3521 igitur

1987 3534 2098 3591 Deo
2128 3534 2343 3601 oﬂ‘erre,
2399 3546 2658 3606 tanquam
2712 3541 3218 3606 compensationem
3252 3542 3569 3609 quamdam,

1989 3629 2424 3683 misericordiam
2479 3643 2606 3699 erga
2643 3628 2941 3694 hominem,
2990 3640 3050 3685 ut
3096 3631 3214 3703 ipse
3269 3632 3361 3687 Dei
3406 3634 3565 3690 mise-

1991 3720 2280 3776 ricordiam
2327 3721 2609 3785 ohtineas;
2657 3722 2761 3775 hoc
2789 3737 3008 3792 quoque
3041 3730 3094 3777 te
3140 3723 3442 3796 intelligere
3473 3730 3567 3781 de-

1988 3821 2093 3882 cet,
2146 3813 2241 3869 tibi
2293 3814 2689 3870 humanitatem
2742 3817 3052 3886 amplexato
3083 3818 3346 3887 majorem
3374 3820 3565 3875 ltuma:

1988 3907 2178 3963 uitatis
2231 3921 2396 3976 quam
2449 3908 2821 3978 castigationis
2876 3907 2991 3964 fore
3040 3911 3345 3965 mercedem
3392 3915 3568 3982 (quod

1992 4001 2136 4056 Deus
2173 4016 2281 4054 non
2311 4002 2637 4054 concedet-et
2664 4015 2820 4055 verso
2848 4000 2901 4055 itt
2936 4002 3267 4058 contrariam
3301 4015 3506 4073 partem
3515 4024 3568 4076 ις

1990 4112 2098 4151 non
2148 4098 2295 4150 enim
2368 4097 2600 4164 simplex
2669 4096 2927 4150 delictum
2982 4112 3013 4151 a
3048 4107 3120 4163 te,
3151 4099 3228 4153 uti
3270 4100 3435 4161 vides.
3470 4102 3570 4157 ad-

1989 4188 2331 4254 mitteretur;
2382 4188 2645 4259 templum
2689 4188 2959 4259 siquidem
3018 4189 3106 4245 Dei
3153 4193 3351 4259 injuria
3396 4192 3570 4249 amci-

1988 4292 2129 4349 emr,
2156 4283 2389 4351 ejusque
2434 4280 2871 4345 archisaeerdos,
2919 4283 3047 4337 licet
3075 4284 3357 4353 minimus.
3407 4296 3569 4358 atque

1989 4377 2243 4447 dogmata
2260 4375 2613 4432 securitatem
2636 4376 2804 4444 iisqui
2819 4374 2887 4430 ad
2906 4376 3009 4430 hoc
3022 4392 3278 4447 magnum
3296 4379 3567 4449 refugium

1991 4468 2313 4541 confugiunt
2336 4467 2723 4523 asseverantia.
2754 4466 2877 4524 llaec
2909 4471 3053 4524 dicta
3099 4480 3226 4525 sunt
3266 4471 3331 4525 ad
3369 4481 3420 4527 te
3451 4474 3571 4527 hor-

316 4549 477 4604 ταῦτα
516 4549 618 4619 μὲν
646 4549 716 4602 τὰ
755 4550 821 4603 ὲκ
870 4538 971 4618 τῆς
1004 4547 1098 4601 τοῦ
1125 4550 1289 4615 λόγου
1325 4551 1705 4620 παραινέσεως
1757 4550 1882 4619 ἡμῖν

1993 4563 2254 4629 tandum;
2327 4571 2495 4615 restat
2545 4576 2689 4616 nunc
2738 4571 2795 4615 ιιι
2850 4562 3022 4633 magis
3089 4564 3326 4632 Spiritus
3391 4569 3569 4622 sancti

319 4640 673 4711 προσείρηται
714 4653 730 4669 ⁸
780 4636 1078 4692 ῦπόλοιπον
1142 4637 1198 4691 δὲ
1263 4638 1357 4691 καὶ
1414 4640 1496 4691 ετι
1536 4638 1725 4709 δεσμῷ
1790 4638 1885 4692 τοῦ

320 4729 469 4797 ἁγίου
497 4729 819 4800 Πνεῦματος
851 4730 924 4783 τὰ
961 4731 1230 4801 είρημένα
1264 4732 1362 4783 ἰπὶ
1394 4730 1557 4783 πλέον
1582 4731 1885 4801 ὀχυρῶσαι,

319 4825 404 4877 καὶ
440 4823 525 4887 οὶ,
554 4827 749 4876 τέκνον
800 4822 981 4900 ημῶν,
1026 4824 1105 4886 είς
1146 4823 1209 4876 τὸ
1253 4822 1330 4894 μὴ
1360 4824 1583 4890 ἀνάξιόν
1610 4841 1662 4878 τι
1696 4827 1889 4878 παθεῖν

318 4916 408 4987 τῆς
435 4920 537 4988 σῆς
562 4915 936 4987 μεγαλοτίμου
964 4916 1188 4987 ἀρετῆς,
1232 4919 1367 4989 μηδὲ
1396 4916 1731 4990 ιξαμαρτεῖν
1772 4920 1891 4972 δια-

319 5010 699 5079 σφαλίσασθαι·
764 5010 862 5064 καὶ
911 5009 1097 5064 λοιπὸν
1153 5012 1214 5065 εν
1266 5012 1443 5083 Πατρὶ
1505 5018 1601 5067 καὶ
1642 5012 1759 5084 Υίῷ
1795 5014 1890 5067 καὶ

322 5102 451 5173 ἁγίῳ
491 5104 794 5172 Πνεύματι,
858 5104 993 5173 παρ’
1021 5096 1084 5156 οὗ
1114 5103 1248 5173 ἡμῖν
1278 5106 1390 5167 τοῖς
1437 5107 1717 5169 ταπεινοῖς
1740 5105 1892 5170 ἐξου-

319 5196 633 5251 σίαδεδοται
690 5195 915 5267 δεσμεῖν
963 5197 1059 5249 επὶ
1118 5199 1367 5270 σωτηρίᾳ
1422 5198 1604 5269 ψυχῆς
1650 5202 1778 5265 τοὺς
1828 5202 1889 5254 ἐν

320 5290 466 5361 χρείᾳ
516 5288 611 5342 τοῦ
675 5288 876 5359 δεσμοῦ
947 5291 1409 5360 καθισταμένους,
1468 5292 1890 5364 ἁπαγορεύομέν

322 5396 394 5434 σοι
432 5382 569 5453 μηδὲ
625 5384 755 5451 μίαν
804 5383 1024 5437 κόλασιν
1070 5383 1104 5456 ἢ
1144 5388 1415 5457 τιμωρίαν
1466 5387 1773 5456 ἐπαγαγεῖν
1812 5389 1891 5454 τῷ

326 5472 377 5526 ix
404 5474 494 5528 τοῦ
555 5475 704 5545 ίεροῦ
758 5476 908 5528 οίκου
960 5478 1055 5530 τοῦ
1115 5476 1256 5532 Θεοῦ
1315 5479 1595 5550 ληφθέντι,
1646 5480 1771 5551 μηδ’
1809 5482 1890 5543 εις

324 5569 508 5639 πεῖράν
566 5585 715 5631 τινος
774 5568 1075 5633 κακώσεως
1135 5571 1306 5624 αὑτὸν
1363 5574 1724 5642 καταστῆσαι,
1774 5575 1890 5627 ἀλλ’

323 5661 614 5732 οἰκτιρμῶν
639 5660 871 5727 ἀξιῶσαι
903 5664 996 5715 καὶ
1045 5664 1403 5736 συγγνώμης,
1435 5666 1508 5730 ὡς
1561 5667 1629 5720 ἂν
1673 5670 1766 5721 καὶ
1792 5668 1891 5720 αὑ-

321 5756 400 5818 τὸς
437 5757 619 5827 εῦροις
650 5758 745 5810 ἐπὶ
769 5759 890 5820 ταῖς
922 5762 1041 5822 σαῖς
1078 5760 1391 5830 ῖξαιτήσεσι
1432 5761 1755 5832 πειθόμενον
1797 5764 1891 5816 τὸν

326 5850 531 5903 πάντων
565 5852 802 5921 ἄρχοντα
830 5851 924 5903 καὶ
970 5854 1274 5923 Δεσπότην,
1309 5853 1449 5910 ἀλλὰ
1494 5854 1571 5927 μὴ
1603 5855 1891 5928 ὀργιζόμε-

555 5944 833 6006 Ρετιιω..
871 5943 992 6005 Gtt.
1025 5943 1187 6006 CXI.

1986 4654 2206 4709 vinculo
2238 4654 2555 4708 muniantur
2593 4664 2650 4708 et
2698 4663 2782 4719 ιιι,
2827 4656 2924 4720 fili,
2976 4655 3108 4709 nihil
3163 4658 3425 4715 admittas
3482 4660 3569 4715 in-

1988 4750 2216 4819 dignum
2278 4756 2369 4801 tua
2428 4748 2723 4802 reverenda
2777 4750 2981 4802 virtute
3029 4760 3083 4803 et
3134 4761 3323 4805 contra
3379 4767 3575 4821 pucea.

1989 4850 2103 4895 tum
2150 4836 2428 4906 fulciaris;
2479 4851 2534 4893 et
2587 4840 2805 4895 tandem
2873 4843 2926 4895 in
2991 4840 3151 4896 Patre
3213 4855 3267 4898 et
3323 4844 3459 4901 Filio
3517 4857 3573 4902 et

1991 4933 2199 5002 Spiritu
2252 4942 2461 4997 sancto,
2536 4948 2566 4986 a
2612 4948 2720 5002 quo
2768 4934 2928 4989 nobis
2982 4934 3283 4993 humilibus
3331 4938 3458 4994 data
3486 4951 3573 4997 est

1989 5032 2228 5097 potestas
2280 5021 2485 5093 ligandi
2540 5035 2762 5094 propter
2806 5027 3003 5081 anima:
3052 5028 3285 5084 salutem
3341 5045 3437 5087 eos
3474 5034 3568 5105 qui

1990 5117 2221 5173 vinculis
2252 5118 2518 5189 indigent,
2571 5124 2820 5173 velamus
2870 5135 2939 5173 ne
2989 5120 3153 5175 ullam
3208 5137 3422 5193 pinnam
3474 5137 3572 5182 aut

1990 5208 2401 5281 castigationem
2472 5209 2674 5264 homini
2758 5210 2835 5265 illi
2886 5227 2916 5266 e
2963 5213 3163 5281 templo
3224 5214 3319 5270 Dei
3380 5229 3570 5289 erepto

1994 5301 2277 5363 immittas,
2314 5313 2490 5369 neque
2516 5300 2802 5355 vexatione
2831 5302 2938 5357 ulla
2967 5318 3093 5357 eum
3126 5307 3429 5375 Opprimas,
3473 5312 3569 5364 sed

1994 5391 2149 5446 venia
2203 5398 2257 5446 et
2308 5392 2682 5447 misericordia
2730 5408 2856 5449 eum
2916 5398 3256 5466 praevenias,
3334 5411 3393 5454 ut
3445 5401 3567 5472 ipse

1990 5484 2247 5555 precibus
2277 5485 2387 5540 tuis
2412 5485 2709 5555 propitium
2734 5486 2977 5543 invenias
3007 5494 3250 5545 omnium
3278 5492 3564 5549 Dominum

1992 5588 2045 5631 ct
2074 5574 2275 5648 Regem
2312 5593 2419 5631 non
2446 5594 2572 5632 vero
2609 5580 2804 5635 iratum
2849 5594 2902 5636 et
2942 5593 2993 5637 te
3037 5584 3143 5639 illis
3174 5586 3351 5640 verbis
3384 5587 3565 5643 incre-

1992 5680 2208 5741 pantem
2237 5688 2361 5740 quae
2395 5674 2666 5728 minarum
2701 5676 2856 5745 plena
2891 5679 3097 5731 audivit
3128 5694 3319 5733 servus
3343 5681 3431 5735 ille
3452 5682 3565 5750 qui,

1994 5764 2289 5819 multorum
2333 5766 2641 5821 debitorum
2683 5779 2901 5840 accepta
2942 5774 3281 5838 dimissione,
3329 5773 3568 5827 immise-

1994 5857 2168 5915 ricors
2195 5858 2247 5912 in
2281 5873 2440 5914 suum
2477 5866 2789 5929 proximum
2823 5864 3017 5920 fuerat.

3218 5959 3255 6014 ‘2
