3920 6124
329 151 398 212 55
1464 158 1767 220 NICOLM
1804 160 1912 221 (ΣΡ.
1955 161 2465 226 ΡΑΤΒΙᾹΒΟΗᾸΞ
3534 160 3603 243 56

333 281 397 321 ac
429 264 667 336 quietem
704 264 799 320 tibi
827 279 854 318 a
889 264 1217 319 tumultibus
1248 278 1300 319 et
1330 268 1505 321 turbis
1539 268 1906 322 exterioribus

2025 272 2105 326 sal.
2129 273 2561 343 ἀκατάγνωστον
2585 274 2800 345 θέλημα
2828 289 2843 306 ο
2876 275 3115 330 Ἔπειτα
3136 275 3191 330 δὲ
3214 274 3477 344 διανοῖεαι
3508 273 3608 330 καὶ

331 368 548 430 ρτπειθι
586 358 654 413 ad
695 358 962 413 audienda
1012 358 1172 413 verba
1214 373 1331 413 mea
1385 360 1723 429 suadentque
1748 362 1909 414 talem

333 453 447 508 tieri
485 452 701 524 qualem
728 466 1033 522 speramus,
1062 467 1164 507 nos
1198 454 1378 521 potius
1406 453 1717 509 audientem
1743 468 1909 524 quam

337 546 509 602 malos
569 546 708 601 istos
753 544 1005 599 homines
1050 545 1274 616 quinos
1324 544 1512 599 dolore
1546 545 1811 611 alliciunt,
1849 561 1913 601 ac

338 649 603 711 quantum
640 638 694 694 in
733 639 869 709 ipsis
899 646 1006 707 est,
1044 653 1253 709 magna:
1293 650 1399 693 ture
1432 638 1588 692 fatuae
1617 641 1761 708 quod
1789 638 1910 709 pul-

330 734 525 787 chrum
565 742 623 788 et
663 733 864 787 bonum
896 744 979 789 cst
1021 733 1298 798 tollentes,
1330 733 1423 788 sed
1464 748 1563 787 nec
1615 746 1763 788 tuam
1796 735 1909 790 vir-

332 838 501 881 tutem
540 826 993 897 pudefacientem,
1029 843 1207 896 neque
1238 828 1289 881 in
1339 828 1443 881 hoc
1495 829 1693 883 sarculo
1736 844 1912 897 neque

334 925 386 974 iu
421 919 605 976 futuro
649 930 699 975 te
746 928 963 974 aeternae
992 921 1067 974 illi
1099 919 1385 975 facientem
1413 921 1708 975 obnoxium
1753 922 1912 992 igno—

338 1014 520 1068 miniaa
576 1022 740 1083 atque
778 1012 1031 1068 dedecori
1086 1024 1142 1069 et
1190 1012 1527 1069 iueluctabili
1587 1029 1761 1083 paena
1791 1030 1914 1084 qua:

332 1105 513 1174 magni
546 1104 783 1159 nominis
831 1102 1032 1159 Christi
1064 1114 1119 1159 et
1164 1105 1254 1159 Dei
1301 1107 1773 1178 contemptoribus
1813 1108 1911 1163 de-

334 1190 512 1252 b'etur.

400 1382 624 1439 Minime
678 1392 863 1440 autem
928 1385 1153 1456 negabis
1216 1386 1400 1457 magni
1455 1386 1604 1443 illius
1669 1386 1912 1443 nominis

329 1487 701 1550 contemptum
729 1493 853 1534 esse
882 1488 1168 1549 pactorum
1214 1486 1267 1535 et
1288 1480 1731 1549 juramentorum
1777 1495 1911 1535 eon-

330 1580 589 1641 temptum
615 1582 670 1627 et
693 1572 981 1627 consilium
1006 1571 1249 1640 rapiendi
1274 1573 1424 1643 regni
1456 1574 1603 1645 quod
1649 1572 1717 1629 ad
1757 1582 1909 1629 tuum

329 1682 499 1731 genus
566 1665 713 1719 nullo
741 1665 904 1721 modo
963 1665 1253 1735 pertinet:
1308 1681 1374 1721 ex
1414 1668 1671 1724 omnibus
1721 1667 1906 1735 dictis,

332 1770 591 1829 tanquam
625 1759 926 1829 spiritualis
977 1770 1149 1827 pater,
1180 1760 1441 1816 minimus
1464 1761 1614 1825 licet,
1647 1772 1909 1833 tanquam

331 1852 588 1907 sacerdos
621 1861 673 1906 et
719 1852 894 1906 sancti
943 1851 1135 1906 altaris
1183 1852 1453 1921 minister,
1486 1853 1593 1909 etsi
1633 1854 1909 1926 indignus.

333 1961 591 2017 tanquam
656 1962 685 2001 a
732 1945 938 2016 Spiritu
987 1956 1177 2003 sancto
1220 1958 1543 2018 potestatem
1602 1947 1814 2005 habens
1847 1950 1914 2005 li-

330 2042 492 2112 gandi
527 2049 815 2113 peccantes
846 2081 862 2103 .
921 2056 1237 2111 quanquam
1290 2050 1641 2113 peccatorum
1700 2045 1913 2115 primus

333 2148 456 2201 ego,
497 2140 549 2189 te
580 2132 634 2186 in
673 2132 832 2190 Patre
864 2145 920 2187 et
956 2132 1091 2189 Filio
1118 2144 1171 2190 et
1197 2134 1410 2205 Spiritu
1443 2147 1634 2192 sancto
1660 2139 1911 2209 ligamus,

332 2236 412 2292 ut,
445 2225 489 2279 si
524 2225 654 2295 quid
691 2224 999 2283 istiusmodi
1034 2230 1291 2284 statueris
1316 2240 1391 2294 et,
1417 2238 1477 2285 ut
1498 2232 1717 2287 advenit
1746 2230 1913 2299 fama,

332 2318 672 2388 tyrannidem
723 2317 777 2373 in
823 2318 1013 2374 urbem
1057 2318 1301 2389 aﬂectes,
1348 2330 1503 2377 tuum
1530 2324 1793 2395 impetum
1826 2341 1915 2380 re—

333 2412 512 2467 t‘reues
553 2420 607 2466 et
627 2419 718 2465 tua
747 2412 965 2482 propria
996 2421 1262 2482 potestate
1293 2415 1370 2471 sis
1390 2425 1702 2482 contentus,
1724 2433 1914 2488 pacem

329 2519 551 2574 quoque
574 2508 906 2574 praeteritam
940 2520 1145 2569 serves,
1184 2522 1286 2563 nec
1314 2509 1616 2579 quidquam
1646 2510 1913 2566 innovare

329 2596 564 2660 audeas;
600 2595 780 2651 sciens
819 2596 1016 2666 quippe
1050 2607 1119 2662 te,
1164 2600 1208 2652 si
1258 2601 1388 2654 talia
1434 2615 1646 2671 ageres,
1682 2601 1915 2658 vinculis

330 2686 572 2753 Spiritus
617 2688 795 2741 sancti
847 2688 1325 2745 indissolubilibns
1355 2706 1449 2761 per
1503 2693 1763 2747 saeculum
1795 2708 1917 2749 esse

328 2778 820 2847 constringendqu
863 2790 918 2834 et
961 2795 1276 2836 sanctorum
1329 2792 1493 2852 atque
1534 2786 1918 2843 immaculato-

1938 1627 1986 1688 B

2015 368 2081 419 τά
2115 359 2252 431 ὦτα,
2283 366 2380 420 καὶ
2416 368 2659 437 ἠρεμίαν
2679 366 2759 438 τῷ
2788 368 3037 438 λογισμῷ
3066 370 3373 439 παρασχεῖν
3404 371 3467 422 ἐκ
3493 367 3603 420 τῶν

2016 454 2217 522 ἐξωθεν
2249 457 2496 526 θορύϐων
2536 462 2631 511 καὶ
2660 461 2917 531 ταραχῶν
2948 459 3230 512 διακοῦσαι
3262 459 3369 513 τῶν
3399 458 3601 529 ἡμετέ-

2018 567 2128 621 ρων
2164 550 2360 618 λόγων,
2416 553 2513 605 καὶ
2568 554 2754 605 πείσαι
2810 546 2923 605 οἷον
2971 550 3271 621 ἐλπίζομεν
3320 550 3604 620 γενέσθαι,

2016 642 2110 697 καὶ
2141 642 2376 697 ἀκοῦσαι
2406 644 2555 714 ἡμᾶς
2581 646 2704 698 ἀντὶ
2730 645 2840 698 τῶν
2870 645 2966 698 νῦν
2993 643 3250 715 πονηρῶν
3275 643 3472 713 λόγων,
3505 643 3605 695 καὶ

2015 736 2207 807 ὀδύνην
2241 738 2340 805 μὲν
2372 738 2506 809 ἡμῖν
2540 739 2986 810 ιμποιησάντων,
3020 739 3079 793 σὲ
3100 738 3157 792 δὲ
3196 739 3321 792 ὅσον
3350 737 3438 807 ἐφ’
3464 740 3596 791 lau-

2015 832 2128 894 τοῖς
2153 831 2313 900 δόξης
2349 831 2595 902 μεγάλης
2624 832 3029 902 ζημιωσάντων
3058 832 3126 886 τὰ
3161 830 3301 885 καλά
3334 829 3428 885 καὶ
3461 847 3603 898 συμ-

2016 924 2274 994 φέροντα,
2311 926 2407 979 καὶ
2441 924 2517 995 μὴ
2553 924 2881 996 αίσχύνοντα
2918 925 3018 997 τὴν
3052 924 3151 997 σήν
3197 924 3424 994 ἀρετήν,
3460 923 3603 993 μήτε

2015 1019 2075 1071 ἐν
2106 1017 2182 1089 τῷ
2212 1018 2306 1072 νῦν
2331 1018 2489 1072 ali-iw
2521 1023 2658 1088 μήτε
2690 1020 2749 1072 ἐν
2775 1018 2855 1089 τῷ
2884 1018 3135 1089 μέλλοντι
3184 1015 3442 1072 ποιοῦντα
3463 1016 3602 1070 6:6-

2013 1110 2161 1164 δίκον
2193 1110 2417 1164 αἰωνίου
2460 1109 2680 1176 ἀδοξίας
2709 1111 2802 1165 καὶ
2833 1111 3077 1181 ἀτιμίας,
3110 1110 3204 1165 καὶ
3239 1108 3602 1182 ἀπαρηγορή-

2013 1220 2105 1255 του
2141 1203 2442 1269 κολάσεως,
2472 1203 2503 1273 ἢ
2547 1206 2659 1267 τοῖς
2694 1202 2949 1258 ἀθετοῦσι
2984 1204 3043 1258 τὸ
3082 1204 3229 1273 μέγα
3278 1202 3451 1274 δνομα
3498 1201 3600 1258 τοῦ

2014 1293 2253 1365 Χριστοῦ
2280 1294 2373 1349 καὶ
2402 1294 2539 1348 Θεοῦ
2574 1294 2732 1365 ήμῶν
2771 1296 3142 1365 ὲποφείλεται.

2086 1387 2311 1451 Πάντως
2336 1386 2393 1441 δὲ
2424 1388 2525 1442 οὐκ
2547 1387 2914 1458 ἀμφιϐάλλεις
2958 1390 3032 1453 ὡς
3065 1389 3325 1461 άθέτησίς
3354 1388 3474 1443 ἐστι
3502 1387 3597 1442 τοῦ

2018 1478 2258 1551 μεγάλου
2288 1483 2554 1551 ὀνόματος
2582 1482 2614 1553 ἡ
2646 1481 2756 1535 τῶν
2789 1481 3100 1552 συμφώνων
3137 1483 3234 1537 καὶ
3270 1480 3383 1535 τῶν
3418 1482 3602 1552 ὅρκων

2014 1573 2297 1648 ἀθέτησις,
2334 1578 2428 1629 καὶ
2455 1575 2518 1630 τὸ
2546 1574 2874 1646 βουληθῆναι
2898 1575 3146 1640 ἁρπάσαι
3184 1574 3463 1645 βασιλείαν
3499 1574 3602 1642 τὴν

2013 1667 2155 1722 κατὰ
2208 1666 2375 1739 μηδὲν
2418 1666 2498 1736 τῷ
2543 1666 2621 1737 σῷ
2651 1666 2803 1735 γένει
2844 1666 3255 1739 προσήκουσαν.
3287 1667 3416 1720 Ἐπὶ
3461 1666 3601 1718 πᾶσι

2012 1763 2123 1824 τοῖς
2153 1760 2470 1831 εἰρημένοις
2498 1763 2592 1814 καὶ
2625 1759 2702 1825 ὡς
2733 1760 2917 1831 πατὴρ
2962 1758 3106 1813 κατὰ
3144 1758 3388 1829 πνεῦμα,
3426 1758 3475 1811 εί
3506 1761 3604 1811 καὶ

2012 1855 2320 1927 ἐλάχιστος,
2351 1856 2445 1908 καὶ
2467 1853 2544 1918 ὡς
2572 1856 2754 1926 ἱερεὺς
2783 1853 2993 1909 καὶτοῦ
3022 1854 3179 1922 άγίου
3209 1851 3603 1920 θυσιαστηρίου

2015 1950 2399 2018 παραστάτης,
2450 1947 2502 2000 si
2546 1950 2645 2002 καὶ
2692 1946 2933 2014 ἀνάξιος,
2973 1947 3072 2000 καὶ
3120 1944 3301 1999 λαϐὼν
3349 1942 3603 2010 ἐξουσίαν

2016 2040 2168 2111 παρὰ
2208 2040 2303 2095 τοῦ
2355 2040 2628 2110 παναγίου
2687 2038 3009 2111 Πνεὺματος
3068 2037 3251 2110 δεσμῷ
3310 2036 3607 2092 ἦποϐαλεῐν

2011 2135 2139 2197 τοὺς
2196 2132 2701 2206 ἐξαμαρτάνοντας,
2731 2134 2779 2187 εί
2830 2134 2927 2186 καὶ
2971 2132 3197 2187 πάντων
3253 2129 3605 2202 ἁμαρτωλῶν

2017 2224 2131 2295 ἑγὼ
2160 2224 2400 2297 πρῶτος.
2431 2225 2620 2298 δεσμῷ
2667 2225 3050 2295 ὑποϐάλλομέν
3105 2242 3163 2279 σε
3196 2227 3254 2279 ὲν
3286 2224 3463 2298 [Iath
3504 2224 3609 2278 καὶ

2016 2318 2134 2391 Υίῷ
2164 2320 2258 2371 καὶ
2291 2318 2432 2391 ἁγίῳ
2469 2318 2772 2391 Πνεύματι,
2815 2319 2930 2385 ἴνα,
2963 2320 3016 2374 εῐ
3043 2337 3097 2373 τι
3124 2317 3371 2373 τοιοῦτον
3412 2316 3609 2389 βεϐού-

2014 2413 2199 2484 λησαι,
2236 2414 2331 2466 καὶ
2374 2411 2448 2476 ὼς
2491 2414 2526 2485 ή
2577 2414 2734 2484 φήμη
2770 2412 3144 2484 προέδραμεν,
3184 2412 3279 2467 ἐπὶ
3327 2410 3610 2483 τυραννίδι

2016 2507 2156 2577 πρὸς
2187 2508 2284 2575 τὴν
2332 2507 2492 2561 πόλιν
2525 2506 2775 2576 διέγνως,
2827 2506 3188 2578 καταργήσῃς
3239 2506 3301 2559 τὸ
3351 2506 3611 2575 ὅρμημα,

2020 2600 2115 2653 καὶ
2144 2600 2282 2670 πρὸς
2312 2600 2412 2670 τὴν
2440 2600 2651 2653 οἰκείαν
2694 2598 2947 2663 ἐξουσίαν
2977 2600 3348 2673 ὑποστρέψῃς,
3382 2601 3476 2653 καὶ
3507 2600 3612 2671 τὴν

2016 2692 2078 2760 ἑξ
2103 2690 2280 2761 ἀρχῆς
2322 2693 2549 2762 εἰρήνην
2582 2689 2839 2764 στέρξῃς,
2874 2690 2971 2743 καὶ
3012 2689 3181 2760 μηδὲν
3211 2686 3611 2757 καινοτομῆται

2019 2784 2329 2856 τολμήσῃςο
2363 2782 2652 2852 γινώσκων
2684 2783 2782 2848 ὡς,
2822 2784 2872 2837 εί
2896 2781 3055 2837 τοῦτο
3088 2782 3338 2854 πράξεις,
3386 2782 3611 2845 ἀλύτοις

331 2890 451 2929 rum
491 2874 875 2946 mysteriorum
900 2877 1318 2947 participatione
1352 2878 1691 2945 arcendum;
1712 2885 1916 2934 mterno

2025 2877 2239 2947 δεσμοῖς
2270 2878 2363 2930 τὸν
2394 2876 2572 2930 πάντα
2624 2877 2801 2931 αίῶνα
2830 2876 2924 2931 τοῦ
2967 2876 3237 2946 παναγίου
3287 2875 3613 2945 Πιεύματος

327 2983 551 3039 quoque
604 2968 745 3024 solio
792 2978 970 3025 tecum
1032 2973 1242 3035 asrabo,
1308 2972 1607 3029 testiﬁcaris
1667 2986 1776 3040 me,
1817 2987 1915 3043 pro

2027 2970 2471 3041 ὑποϐεϐλημένος
2504 2970 2625 3040 ἔσῃ.
2684 2968 2920 3024 καὶτῶν
2959 2968 3125 3039 ίερῶν
3177 2969 3274 3023 καὶ
3323 2967 3615 3039 ἀκράντων

328 3061 475 3116 νίτίίί
509 3070 684 3132 parte,
714 3078 822 3116 non
854 3064 1115 3125 tacuisse.
1154 3080 1330 3133 neque
1370 3065 1425 3119 in
1462 3064 1621 3119 talem
1656 3080 1912 3136 prorum-

2026 3064 2347 3137 μυστηρίων
2409 3062 2795 3134 ἀκοινώνητος.
2850 3062 2963 3116 Καὶ
3018 3061 3097 3132 τῷ
3146 3061 3350 3131 αίωνίφ
3403 3060 3618 3131 βήματι

328 3166 546 3226 pontem
583 3156 850 3211 insaniam
891 3167 941 3213 te
987 3157 1315 3227 neglexisse.
1373 3174 1551 3230 neque
1576 3168 1685 3215 tua:
1716 3160 1912 3215 Salutis

2025 3160 2165 3230 μετὰ
2213 3157 2308 3211 σοῦ
2363 3156 2816 3226 παραστήσομαι,
2862 3155 3169 3226 ἐξελέγχων
3223 3173 3305 3219 σε,
3342 3158 3425 3211 δτι
3485 3154 3617 3210 ὅσον

331 3265 516 3305 turam
544 3250 831 3320 abiecisse,
864 3252 957 3307 sed
990 3267 1181 3306 omnes
1216 3260 1446 3308 conatus
1476 3254 1818 3323 impendisse
1859 3255 1911 3309 in

2025 3253 2082 3306 τὸ
2110 3250 2197 3305 ἐπ’
2234 3250 2359 3321 ἐμοὶ
2386 3251 2487 3304 οὐκ
2517 3250 2773 3321 ἐσίγησα,
2822 3250 2946 3303 οὐδὲ
2982 3250 3117 3319 πρὸς
3152 3249 3414 3321 τοιαύτην
3448 3248 3621 3319 (pepi-

331 3346 643 3401 revocando
684 3356 736 3401 te
765 3355 818 3401 et
856 3362 884 3400 a
928 3346 1093 3401 noxio
1128 3349 1326 3402 mentis
1373 3355 1480 3402 tua:
1513 3348 1719 3418 impetu
1751 3364 1910 3403 aver-

2025 3362 2186 3414 μενον
2209 3345 2443 3399 ἀτοπίαν
2474 3343 2756 3416 παρεῖδον,
2790 3344 2911 3398 οὐδὲ
2953 3344 3048 3413 τῆς
3078 3346 3178 3415 σῆς
3224 3343 3475 3413 ἠμέλησα
3507 3359 3619 3396 σωο

334 3437 634 3501 ιειιόο,ιηο
685 3438 961 3494 obnoxius
1016 3438 1176 3495 ﬂeres
1221 3440 1441 3496 vinculo
1490 3451 1544 3494 et
1585 3442 1912 3495 inexorabili

2025 3439 2241 3510 τηρίας,
2274 3437 2413 3494 ἀλλὰ
2446 3439 2684 3510 σπουδήν
2716 3438 2923 3509 ἐθέμην
2954 3438 3050 3490 καὶ
3086 3439 3405 3505 ἀνενεγκεῖν
3433 3452 3492 3489 σε
3520 3437 3618 3490 καὶ

335 3529 713 3596 damnationi;
767 3539 894 3587 ante
939 3533 1121 3586 omnia
1170 3541 1349 3588 tamen
1413 3532 1665 3603 indignas
1711 3549 1910 3589 manus

2025 3530 2367 3601 ἀποστρέψαι
2415 3529 2513 3585 τοῦ
2555 3530 2881 3602 ἀσυμφόρου
2931 3532 3237 3600 κινήματος
3284 3528 3386 3596 τῆς
3430 3527 3619 3599 ψυχῆς

338 3636 491 3676 meas
543 3620 610 3677 ad
660 3602 859 3678 cmluiu
907 3625 1128 3680 tendere
1170 3624 1284 3695 jam
1347 3641 1454 3681 non
1515 3625 1793 3691 desinam,
1848 3628 1913 3679 ad

2025 3642 2141 3691 σου,
2178 3626 2273 3679 καὶ
2326 3622 2418 3677 τοῦ
2493 3623 2751 3677 ὑπόδικον
2804 3622 3067 3692 γενέσθαι
3119 3624 3212 3675 καὶ
3264 3621 3360 3675 τοῦ
3410 3620 3619 3691 δεσμοῦ

337 3716 505 3772 Deum
542 3731 731 3787 preces
760 3716 1014 3785 fundens,
1048 3718 1222 3775 donec
1265 3719 1479 3789 justum
1521 3717 1732 3789 judicet
1768 3718 1917 3787 judi-

335 3812 481 3866 cium
510 3811 653 3866 inter
681 3821 828 3867 tuam
855 3810 1115 3883 iniuriam
1147 3826 1200 3867 et
1232 3814 1431 3883 injuste
1455 3814 1637 3869 laesos.

2025 3721 2120 3773 καὶ
2166 3717 2261 3772 τοῦ
2301 3718 2501 3772 άλότου
2539 3717 2981 3788 κατακρίματος.
3017 3716 3130 3785 Πρὸ
3178 3715 3235 3768 δὲ
3262 3714 3471 3767 τούτων
3521 3716 3621 3767 καὶ

2027 3813 2124 3866 νῦν
2168 3813 2268 3876 τάς
2318 3811 2571 3875 ἀναξίους
2626 3829 2729 3882 μου
2770 3812 2965 3882 χεῖρας
3018 3811 3080 3864 οὐ
3126 3808 3474 3864 κατασπάσω
3520 3805 3621 3861 τοῦ

332 3906 593 3978 οὐρανοῦ,
645 3906 902 3977 δεόμενος
934 3907 1036 3978 τῆς
1066 3906 1221 3973 θείας
1261 3910 1570 3979 δυνάμεως,
1621 3910 1819 3983 μέχρις
1855 3911 1923 3966 ἂν
1958 3909 2159 3983 δικάσῃ
2193 3911 2412 3966 δικαίαν
2458 3911 2643 3981 κρίσιν
2710 3908 2916 3980 μεταξὺ
2950 3906 3053 3979 τῆς
3118 3924 3177 3961 τε
3220 3905 3322 3976 σῆς
3349 3903 3617 3975 ἐπηρείας

335 4004 570 4059 καὶτῶν
609 4004 812 4068 ἀδίκως
846 4004 1333 4076 Ξπηρεαζομένων.

868 4144 959 4202 Vl.
1000 4146 1083 4201 Ad
1119 4147 1361 4204 eumdem

408 4279 541 4348 Qua:
585 4280 738 4351 prius
779 4280 1001 4351 scripsi,
1042 4280 1115 4335 iiii
1152 4282 1264 4347 mi,
1297 4297 1611 4340 communis
1636 4285 1914 4342 Romano-

2607 4144 2696 4217 ς’.
2730 4144 2816 4213 Τῷ
2851 4145 3035 4212 αὐτῷ.

2098 4286 2208 4342 Καὶ
2236 4284 2507 4356 πρότερον
2550 4282 2588 4339 ἃ
2621 4284 2868 4357 ἐγράφη,
2903 4284 3101 4339 τέκνον
3143 4281 3298 4353 ῑμδν,
3344 4281 3487 4352 ὑπὲρ
3519 4280 3618 4337 τοῦ

340 4389 461 4430 rum
491 4372 961 4446 Bulgarorumque
1009 4374 1263 4430 utilitatis
1290 4377 1465 4446 gratia
1507 4389 1636 4433 sunt
1663 4378 1867 4448 scripta
1902 4399 1916 4435 :

2028 4383 2184 4453 κοινῇ
2261 4381 2640 4451 συμφέροντος
2732 4378 3026 4448 Ῥωμαίων
3112 4377 3208 4431 καὶ
3286 4376 3620 4447 Βουλγάρων

337 4479 394 4524 et
447 4482 569 4538 qua
616 4483 764 4524 nunc
831 4466 1013 4523 scribo
1064 4468 1132 4524 ad
1181 4468 1429 4538 ejusdem
1484 4470 1715 4533 consilii,
1757 4480 1923 4542 atque

339 4561 511 4619 studii
544 4560 810 4615 rationem
844 4561 1152 4632 pertinent;
1210 4576 1296 4617 me
1327 4563 1601 4635 siquidem
1637 4578 1749 4620 non
1785 4564 1924 4636 fugit

340 4655 559 4727 utrique
589 4653 845 4724 potestati
875 4654 1200 4726 populisque
1226 4657 1460 4713 subditis
1495 4659 1721 4714 noxium
1768 4674 1921 4726 esse,

339 4746 606 4803 dissidere
670 4754 727 4800 et
793 4743 995 4800 bellum
1054 4762 1278 4816 gerere;
1338 4747 1483 4818 quod
1540 4764 1628 4805 me
1689 4749 1922 4805 multum

344 4848 544 4904 movet,
611 4852 721 4894 non
776 4839 954 4894 solum
1015 4840 1144 4909 quia
1202 4843 1376 4897 sancti
1411 4842 1605 4897 altaris
1642 4857 1788 4909 sum,
1819 4842 1920 4898 etsi

342 4934 621 5004 indignus,
673 4931 945 4997 minister,
991 4932 1088 4989 sed
1136 4933 1266 5003 quia
1314 4934 1480 5004 longo
1530 4940 1746 4991 misera;
1800 4936 1925 4990 vitae

346 5042 478 5083 meae
507 5027 686 5095 spatio
716 5040 824 5081 non
853 5040 1016 5093 parce
1059 5025 1223 5080 didici
1256 5042 1323 5081 ex
1352 5027 1707 5097 antiquorum
1744 5028 1923 5083 histo-

345 5121 439 5176 riis
470 5128 526 5174 et
558 5119 625 5175 iis
647 5134 771 5189 qua:
818 5120 1024 5175 nostris
1052 5119 1399 5190 temporibus
1446 5119 1587 5177 facta
1634 5131 1765 5177 sunt
1795 5132 1930 5192 quot

347 5212 486 5266 mala
518 5209 762 5267 dissldiis
794 5212 1078 5278 oriantur;
1132 5212 1392 5282 quoniam
1425 5212 1592 5283 igitur
1618 5214 1733 5269 scio
1761 5229 1928 5285 quam

353 5303 581 5359 iul‘amia
617 5312 671 5360 et
706 5303 1075 5359 lamentabilis
1102 5306 1287 5377 generi
1324 5305 1569 5360 humano
1597 5320 1664 5360 ex
1696 5316 1927 5363 conten-

351 5395 592 5452 tionibus
621 5405 676 5452 et
693 5394 983 5453 discordiis
1018 5395 1359 5463 incumbant,
1390 5396 1513 5453 ideo
1541 5412 1690 5452 nunc
1706 5397 1888 5450 scribo
1913 5412 1929 5463 ;

347 5490 550 5548 durum
584 5489 785 5545 etenim
818 5488 983 5545 unius
1018 5487 1085 5543 ad
1128 5488 1360 5543 alterum
1383 5488 1685 5554 contentio,
1727 5498 1782 5543 ct
1824 5489 1930 5543 nisi

354 5600 453 5653 pax
481 5584 588 5639 cito
618 5582 994 5639 contentiones
1023 5580 1296 5644 conciliet,
1321 5580 1403 5635 vel
1438 5581 1525 5637 hic
1546 5581 1628 5636 vel
1658 5581 1749 5636 ille
1772 5581 1928 5635 dani-

361 5693 491 5734 num
514 5676 749 5749 patietur
782 5685 1129 5741 extremum;
1176 5676 1365 5732 durius
1412 5688 1593 5733 autem
1635 5676 1831 5731 domus
1864 5674 1932 5731 ad

2030 4477 2270 4547 ιγράφη,
2305 4476 2400 4529 καὶ
2428 4475 2527 4528 νῦν
2558 4474 2615 4528 δὲ
2644 4473 2715 4528 τά
2742 4473 3075 4543 γραφόμενα
3102 4470 3205 4541 τῆς
3233 4467 3407 4538 αὐτῆς
3436 4468 3622 4541 ὑπάρ-

2028 4585 2115 4639 χει
2153 4568 2533 4639 προαιρέσεως
2568 4567 2663 4621 καὶ
2693 4564 2936 4635 σπουδῆς
2956 4582 2970 4595 ·
3007 4563 3209 4626 ειδότες
3234 4561 3345 4633 γὰρ
3369 4560 3624 4633 ἀσύμφο-

2030 4679 2127 4733 ρον
2166 4659 2439 4733 ὑπάρχειν
2488 4657 2730 4729 ἑκατέρα
2774 4655 2997 4727 ἑξουσίᾳ
3029 4655 3126 4709 καὶ
3171 4656 3288 4717 τοῖς
3329 4652 3425 4707 ὑπ’
3475 4652 3619 4723 αὐτῇ

2026 4754 2182 4817 λαοῖς
2232 4754 2295 4807 τὸ
2341 4751 2756 4815 διαστασιάζων
2813 4748 3002 4803 καὶτὸ
3060 4748 3475 4817 άντιρήνευτον,
3523 4749 3624 4799 καὶ

2032 4848 2240 4917 σφόδρα
2267 4846 2369 4917 τὴν
2409 4844 2588 4915 ψυχὴν
2622 4844 2714 4897 ἰπὶ
2746 4844 2909 4897 τοῦτο
2953 4842 3327 4912 συνεχόμενοι,
3360 4838 3423 4891 οὐ
3457 4838 3623 4908 μόνον

2028 4940 2113 4993 ὅτι
2155 4939 2468 5009 λειτουργοὶ
2512 4936 2609 4991 τοῦ
2635 4936 2794 5004 ἁγίου
2834 4931 3254 5003 θυσιαστηρίου,
3288 4932 3339 4983 εί
3368 4930 3466 4984 καὶ
3519 4928 3624 5001 τῆς

2030 5028 2292 5102 τοιαύτης
2316 5029 2531 5099 ἀνάξιοι
2555 5029 2928 5099 λειτουργίας,
2953 5026 3069 5080 ἁλλ’
3093 5025 3179 5081 ὅτι
3197 5024 3293 5079 καὶ
3313 5021 3392 5094 τῷ
3422 5024 3625 5095 μακρῷ

2032 5128 2213 5200 χρόνῳ
2236 5128 2338 5197 τῆς
2365 5125 2720 5199 ταλαιπώρου
2751 5124 2899 5194 ζωῆς
2919 5122 3103 5196 ἡμῶν,
3128 5122 3234 5175 οὐκ
3261 5118 3455 5189 ὀλίγην
3498 5134 3628 5173 συν·

2031 5216 2339 5287 ελεξὰμεθα
2398 5219 2465 5271 εκ
2516 5234 2577 5270 τε
2621 5215 2731 5270 τῶν
2773 5214 3154 5286 ίστορημένων
3196 5213 3311 5273 τοῖς
3343 5209 3623 5269 παλαιοῖς.

2034 5312 2131 5364 καὶ
2155 5310 2267 5363 τῶν
2314 5308 2457 5363 κατὰ
2505 5309 2633 5370 τοὺς
2680 5309 2992 5378 ἡμετέρους
3042 5304 3272 5369 καιροὺς
3318 5299 3627 5371 γεγονότων

2038 5401 2280 5469 μάθησιν
2310 5400 2419 5455 τῶν
2467 5399 2888 5469 συμϐαινόντων
2915 5398 2976 5449 ιν
3017 5398 3087 5467 τῇ
3118 5396 3309 5449 στάσει
3342 5390 3624 5463 χαλεπῶν.

2049 5490 2213 5543 Ἀλλά
2242 5490 2352 5561 γάρ
2386 5490 2589 5550 εἰδότες
2625 5489 2694 5542 τά
2723 5486 3225 5557 καταλαμϐάνοντα
3252 5484 3316 5537 τὸ
3345 5479 3625 5553 ἀνθρώπιο

2039 5599 2129 5636 νον
2168 5584 2235 5635 ἐκ
2262 5580 2599 5651 φιλονεικίας
2632 5580 2725 5634 καὶ
2758 5578 2937 5649 ἔριδος
2980 5577 3204 5647 λυπηρὰ
3239 5574 3336 5629 καὶ
3375 5572 3626 5627 ἐπώδυνα

2040 5673 2366 5744 πράγματα,
2396 5672 2488 5727 καὶ
2514 5671 2612 5725 νῦν
2637 5673 2927 5740 γράφομεν
2947 5685 2960 5700 ’
2986 5667 3224 5739 χαλεπὸν
3250 5667 3357 5736 γὰρ
3384 5665 3479 5720 καὶ
3503 5666 3621 5727 Mc
