3920 6124
367 227 438 290 63
1502 239 1813 303 NICOLAI
1856 243 1956 309 (ΖΡ.

2062 246 2511 313 ΑΤΒΙᾹΒΕΗΕ
3572 264 3645 325 68

371 356 552 411 lnmcn
584 353 859 409 vocaverit
878 369 941 409 ac
961 370 1087 410 cum
1117 354 1404 420 Romanis,
1449 358 1596 413 sicut
1627 357 1753 423 iide,
1787 360 1865 415 ita
1899 371 1953 417 et

2062 364 2277 435 ψαντος,
2302 369 2398 422 καὶ
2428 368 2574 439 ὑμᾶς
2603 368 2980 444 ἑλλαμφθῆναι
3004 376 3085 448 τῷ
3115 376 3255 446 φωτὶ
3282 378 3383 450 τῆς
3407 379 3640 449 ὶπιγνῶ.

370 448 639 503 charilate
663 448 1036 517 conjunxerit.
1054 458 1239 504 amota
1262 460 1346 505 est
1382 450 1691 515 inimicitia,
1717 454 1959 509 cessavit

370 555 655 595 armorum
682 541 1007 610 congressio
1032 551 1087 596 et
1106 541 1395 595 discordiae
1424 544 1693 598 successit
1722 545 1962 610 dilectio,

372 632 614 702 nnioqne
641 648 709 688 ac
731 642 919 687 mutua
953 634 1322 689 necessitudo.

2064 474 2203 522 σεως
2234 456 2403 512 αὑτοῦ
2434 459 2860 530 εὐδοκήσαντος,
2894 466 2990 516 καὶ
3015 465 3422 532 καταλύσαντος
3457 467 3560 537 μιν
3582 474 3648 521 τὸ

2064 549 2387 620 μεσὸτοιχον
2434 550 2535 621 τῆς
2586 550 2809 622 ἔχθρας,
2862 556 3345 627 προσκεκληκότος
3391 558 3451 614 δι
3498 558 3648 630 ὑμᾶς

2059 636 2141 699 εἰς
2169 635 2262 688 τὸν
2290 637 2575 706 φωτισμὸν
2605 637 2707 709 τῆς
2733 637 2895 712 δόξης
2938 642 3130 712 αὐτοῦ,
3172 644 3270 699 καὶ
3304 645 3649 718 συνάψαντος

375 728 674 797 Ῥωμαίοις
722 726 915 796 ὥσπερ
953 729 1020 798 τῇ
1063 727 1269 787 πίστει.
1310 725 1485 790 οὕτως
1520 729 1614 782 καὶ
1640 730 1708 799 τῇ
1770 728 1985 803 ἀγάπῃ,
2028 729 2349 798 κατήργητο
2406 729 2509 800 μεν
2532 730 2570 801 η
2614 730 2811 803 ἔχθρα,
2878 732 3134 788 πέπαυτο
3167 736 3224 791 δὲ
3250 736 3363 794 τῶν
3392 738 3579 795 ὅπλων
3608 742 3646 815 η

367 822 601 892 κίνησις,
636 822 729 875 καὶ
764 822 862 893 τὴν
889 822 1176 876 διάστασιν
1212 824 1245 894 ἡ
1276 824 1488 894 ἀγάπη,
1523 823 1619 876 καὶ
1650 825 1683 895 ἡ
1723 823 1943 890 ἒνωσις,
1985 825 2081 878 καὶ
2104 827 2138 896 ἡ
2175 823 2313 895 πρὸς
2343 823 2614 897 ἀλλήλους
2674 825 2958 892 οἰκείωσις
2988 828 3281 901 διεδέχετο.

435 946 595 999 Nnnc
647 954 829 1000 autem
870 946 1045 1016 quid?
1091 944 1243 1001 Eheu
1287 947 1504 1002 scelesti
1539 946 1805 1001 daemonis
1834 962 1951 1001 ma-

369 1036 627 1106 lignitas!
661 1046 786 1109 post
806 1048 916 1093 tam
947 1038 1170 1108 longum
1201 1040 1464 1108 temporis
1506 1040 1718 1110 lapsum
1740 1056 1806 1095 ex
1844 1056 1954 1111 quo

369 1141 577 1185 tantam
631 1131 926 1201 accepistis
963 1131 1215 1201 gratiam,
1277 1139 1400 1200 post
1464 1141 1574 1187 tam
1637 1133 1951 1190 diuturnam

368 1223 718 1287 charitatem.
777 1232 899 1293 post
939 1234 1047 1279 tam
1086 1224 1371 1294 antiquam
1418 1225 1744 1289 amicitiam,
1797 1240 1958 1281 occa-

368 1315 580 1371 sionem
620 1326 817 1372 nactus
850 1317 1096 1372 nei'arins
1128 1318 1369 1384 daemon,
1425 1319 1730 1375 discordias
1775 1317 1959 1376 denuo

365 1418 423 1463 et
486 1408 830 1467 inimicitiam
882 1425 982 1482 pro
1035 1412 1276 1468 amicitia
1350 1422 1407 1468 et
1467 1413 1671 1470 unione
1725 1414 1957 1470 immisit

370 1519 471 1559 nec
506 1504 714 1560 veritus
751 1513 857 1570 est,
889 1504 945 1559 in
970 1516 1236 1575 quantum
1276 1506 1328 1559 in
1356 1521 1423 1559 eo
1455 1505 1575 1569 fuit,
1606 1506 1961 1563 sceleratissi-

371 1612 496 1652 mus
556 1596 647 1653 ille
700 1608 911 1653 tantum
976 1598 1072 1653 Dei
1126 1613 1267 1668 opus
1315 1596 1693 1654 Romanorum
1747 1600 1956 1655 scilicet

367 1686 843 1760 Bulgarorumque
870 1690 1128 1747 unionem
1151 1700 1432 1755 evertere;
1477 1706 1655 1760 neque
1690 1692 1953 1761 temporis
1981 1664 2027 1726 Β

365 1783 784 1841 diuturnitatem
817 1799 994 1856 neque
1024 1783 1312 1855 utriusque
1339 1785 1534 1854 gentis.
1560 1795 1621 1839 ut
1645 1786 1720 1839 ita
1749 1785 1949 1849 dicam,

367 1876 810 1934 commistionem
844 1886 956 1933 tam
1010 1886 1250 1933 veterem
1292 1878 1538 1940 erubuit.
1598 1878 1693 1933 sed
1741 1879 1953 1949 cupivit

367 1971 631 2040 cupitque
659 1970 728 2026 ad
758 1968 996 2025 nihilum
1031 1972 1321 2038 deducere,
1348 1981 1402 2025 et
1448 1970 1675 2041 insuper
1697 1971 1764 2026 ad
1802 1971 1951 2026 illam

370 2062 775 2129 crudelitatem,
826 2078 933 2134 qua
989 2061 1314 2125 delectatur,
1359 2072 1416 2118 et
1462 2062 1622 2133 cujus
1672 2072 1825 2133 pater
1870 2072 1956 2120 est

370 2153 649 2211 Romanos
671 2171 738 2211 ac
767 2155 1034 2225 Bulgaros
1069 2156 1245 2220 ciens,
1288 2154 1499 2211 felicem
1538 2155 1684 2209 illam
1721 2170 1785 2211 ac
1811 2154 1956 2209 divi-

370 2264 497 2303 nam
552 2248 859 2305 dissolvere
899 2250 1248 2306 amicitiam:
1297 2265 1419 2320 qua
1456 2250 1663 2314 omnia,
1726 2247 1798 2303 illi
1855 2247 1951 2312 mi.

366 2339 577 2398 doloris
628 2340 872 2411 quotidie
926 2358 1094 2398 causa
1126 2343 1259 2398 mihi
1293 2353 1413 2407 est;
1480 2342 1748 2413 lacrymas
1818 2340 1952 2395 mihi

371 2448 563 2505 panem
590 2434 832 2491 efﬁciunt
856 2452 873 2500 ;
896 2443 1231 2506 quapropter
1270 2432 1384 2503 jam
1411 2436 1561 2501 prius
1592 2444 1644 2487 te
1668 2434 1951 2495 hortabar,

369 2535 425 2579 te
487 2524 988 2595 reprehendebam,
1046 2523 1452 2595 suadebamque
1501 2523 1598 2578 tibi
1656 2532 1717 2578 ut
1772 2524 1842 2577 ad
1905 2534 1956 2578 te

366 2616 546 2686 ipsum
580 2616 933 2672 rerertcreris
954 2623 1007 2671 et
1037 2630 1358 2672 communes
1378 2630 1595 2669 arceres
1618 2614 1957 2669 calamitates

366 2721 504 2777 quas
536 2721 760 2761 necesse
808 2712 894 2761 est
927 2705 1206 2760 Romanos
1241 2715 1404 2775 atque
1436 2705 1698 2776 Bulgaros
1726 2720 1791 2759 ex
1834 2704 1956 2761 istis

366 2799 677 2854 inimicitiis
738 2806 907 2866 atque
960 2798 1252 2853 discordiis
1324 2788 1645 2863 invadere;~
1681 2806 1736 2852 et
1796 2800 1957 2852 ‘riunc

364 2893 553 2947 eadem
584 2893 789 2948 suadeo
822 2900 987 2961 atque
1033 2893 1316 2957 exhortor,
1350 2890 1424 2946 illi
1456 2893 1565 2957 mi;
1604 2891 1957 2946 reminiscere

366 2984 667 3040 Dominlca:
734 2984 1187 3040 exhortationis:
1255 3003 1275 3035 ι
1328 2982 1434 3051 Qui
1504 2982 1955 3039 scandalizaverit

368 3094 537 3134 unum
567 3093 633 3134 ex
683 3078 770 3135 his
822 3078 1057 3149 pusillis,
1094 3077 1312 3148 expedit
1336 3078 1384 3132 ei
1421 3085 1481 3131 ut
1522 3076 1667 3132 mola
1712 3075 1953 3133 asinaria

362 3172 510 3225 collo
553 3171 675 3240 ejus
705 3172 1073 3242 suspendatur
1117 3178 1172 3225 et
1220 3170 1278 3225 in
1328 3184 1480 3224 mare
1528 3168 1821 3239 deiiciatur
1842 3169 1885 3224 ².
1930 3186 1949 3219 ι

364 3261 639 3320 Δεουηιε
690 3262 976 3319 considera
1028 3280 1042 3317 :
1097 3263 1141 3318 si
1198 3261 1596 3318 scandalizanti
1666 3276 1833 3316 unum
1887 3275 1956 3317 ex

365 3354 585 3425 pusillis
648 3354 724 3409 ita
766 3354 1010 3423 expedit,
1039 3354 1165 3421 quid
1191 3353 1259 3407 de
1292 3353 1383 3406 tali
1419 3369 1482 3407 ac
1512 3360 1664 3407 tanto
1697 3352 1958 3408 seandalo

364 3444 633 3509 dicemus,
661 3445 807 3517 quod
833 3460 941 3499 non
963 3452 1048 3500 est
1080 3444 1147 3497 ad
1178 3459 1370 3509 unum,
1398 3458 1572 3513 neque
1600 3442 1667 3498 ad
1689 3443 1957 3512 quinque,

368 3546 465 3592 aut
515 3537 725 3600 decem.
781 3544 878 3592 aut
951 3545 1199 3599 centum,
1253 3534 1348 3589 sed
1385 3532 1452 3590 ad
1508 3533 1956 3589 innumerabilem

368 3630 817 3686 multitudinem?
866 3644 1045 3697 neque
1085 3627 1151 3683 ad
1183 3627 1423 3697 aliquem
1479 3627 1734 3697 pusillum
1766 3629 1860 3681 sed
1892 3625 1959 3681 ad

368 3724 661 3794 imperium
715 3723 866 3779 omni
924 3723 1171 3777 terrestri
1236 3731 1508 3791 potestate
1558 3721 1961 3803 sublimiorem,

369 3833 531 3887 quam
561 3816 779 3873 unicam
814 3817 1220 3873 unitersornm.
1259 3815 1371 3871 Rex
1405 3814 1460 3869 in
1487 3824 1630 3869 terra
1660 3816 1960 3877 stabilivit;

368 3910 682 3976 considera,
731 3910 805 3965 illi
860 3911 955 3974 mi,
1001 3910 1289 3981 cujnsnam
1343 3911 1415 3965 sit
1461 3924 1643 3963 sermo
1680 3908 1790 3964 ille.
1842 3907 1962 3963 Non

367 4005 596 4074 angelus
643 4004 802 4068 dixit,
854 4020 962 4058 non
1015 4003 1210 4071 aliquis
1256 4004 1540 4057 hominum
1593 4004 1811 4057 illorum
1865 4000 1961 4072 qui

367 4094 465 4151 Dei
514 4097 687 4167 gratia
736 4097 1035 4165 locupletes
1088 4105 1238 4160 sunt,
1306 4112 1432 4167 non,
1492 4096 1800 4165 apostolus,
1853 4108 1959 4149 non

367 4164 657 4259 propheta,
689 4185 785 4244 sed
828 4164 916 4242 ille
968 4189 1083 4255 ipse
1110 4188 1201 4255 qui
1260 4164 1481 4241 omnem
1534 4196 1840 4241 creaturam
1893 4185 1961 4240 ad

368 4280 774 4357 formidandum
810 4294 971 4335 suum
1036 4280 1274 4334 tribunal
1314 4289 1400 4335 est
1439 4290 1772 4343 coacturus;
1812 4279 1960 4332 illam

2126 944 2245 1001 Νῦν
2270 946 2327 1001 δὲ
2364 945 2461 1013 τί;
2491 943 2601 1002 hii
2644 944 2749 1019 τῆς
2798 948 2893 1004 τοῦ
2932 953 3174 1024 πονηροῦ
3206 953 3467 1026 δαίμονος
3506 962 3649 1031 ιπη-

2061 1039 2251 1110 ρείαςί
2318 1038 2458 1111 μετὰ
2495 1036 2771 1097 τόσούτων
2800 1044 3010 1115 χρόνων
3059 1047 3416 1118 παρέλνιυσιν,
3450 1052 3548 1121 ἀφ’
3580 1048 3647 1111 οὗ

2056 1131 2157 1195 τῆς
2187 1128 2447 1201 τοιαύτης
2474 1130 2746 1203 ἡξιὼθητε
2776 1134 3023 1207 χάριτος,
3047 1136 3188 1206 μετὰ
3218 1141 3437 1211 μακράν
3464 1141 3645 1209 οὕτως

2057 1220 2308 1291 ἀγάπην,
2339 1222 2481 1293 μετὰ
2504 1221 2700 1278 πολιὰν
2724 1223 2899 1288 οὕτως
2924 1227 3134 1298 φιλίαν,
3158 1227 3347 1304 χώραν
3384 1236 3643 1309 εὑρηκὼς

2056 1312 2085 1365 ὁ
2112 1315 2348 1387 πονηρὸς
2375 1312 2609 1386 δαίμων,
2662 1317 2831 1372 πάλιν
2864 1318 3177 1387 διάστασιν,
3218 1322 3386 1379 πάλιν
3433 1325 3647 1402 exop"

2060 1406 2185 1461 am
2210 1408 2311 1477 τῆς
2340 1407 2527 1477 φιλίας
2584 1410 2683 1464 καὶ
2711 1413 2815 1481 τῆς
2868 1410 3123 1481 Mem;
3153 1415 3516 1489 ἐπεισήγαγε.
3546 1421 3649 1477 καὶ

2054 1498 2159 1552 οὐκ
2218 1497 2445 1571 ἔφριξεν
2490 1498 2523 1553 6
2555 1501 2881 1573 παμμίαρος
2912 1502 3038 1559 ὅσον
3088 1505 3175 1558 ἀπ’
3215 1506 3365 1579 αὐτῷ
3390 1508 3648 1566 τοσοῦτον

2055 1589 2221 1662 ἔργον
2249 1589 2389 1645 Θεοῦ
2436 1590 2538 1664 τῆς
2568 1592 2865 1661 Ῥωμαίων
2898 1594 2997 1649 καὶ
3042 1595 3367 1671 Βουλγάρων
3394 1600 3645 1669 ἑνώσεως

2055 1681 2355 1738 καταλύειν
2382 1681 2706 1757 ἐπιχειρεῖν.
2745 1685 2882 1741 Οὐδὲ
2919 1687 3013 1742 τὸν
3051 1688 3244 1760 χρόνον
3283 1690 3645 1767 ἐδυσωπήθη,

2053 1777 2175 1831 οὐδὲ
2198 1776 2301 1848 τὴν
2322 1777 2517 1850 ὥσπερ
2551 1779 2859 1852 άνάκρασιν
2903 1781 2973 1837 εκ
3006 1784 3265 1840 τοσούτου
3292 1787 3490 1858 χρόνου
3526 1792 3643 1863 άμε-

2055 1871 2303 1940 φοτέρων
2338 1870 2449 1925 τῶν
2476 1870 2675 1937 ὲθνῶν,
2698 1873 2816 1927 ἀλλ’
2843 1874 3225 1947 ἐφιλονείκησε
3278 1880 3372 1933 καὶ
3405 1880 3645 1949 φιλονει-

2053 1964 2145 2018 κεῖ
2172 1962 2350 2019 ταῦτα
2383 1963 2486 2036 μὲν
2504 1963 2638 2036 παρ’
2663 1965 2819 2020 οὐδὲν
2853 1967 3067 2034 θέσθαι,
3095 1970 3234 2037 πρὸς
3256 1971 3317 2027 δι
3348 1973 3449 2044 τὴν
3478 1973 3647 2047 φίλην

2052 2052 2205 2123 αύτῷ
2242 2053 2597 2125 δυσμένειαν,
2631 2055 2729 2110 καὶ
2765 2049 2834 2129 ἧς
2864 2056 3031 2122 αὐτὸς
3054 2058 3395 2131 ἐχρημάτισε
3432 2062 3644 2134 πατὴρ,

2068 2144 2377 2218 Ῥωμαίους
2409 2147 2507 2203 καὶ
2563 2146 2916 2220 Βουλγάρους
2960 2150 3305 2224 συγκρούων,
3335 2153 3437 2224 τὴν
3461 2172 3648 2227 μακα-

2057 2237 2182 2308 ρίαν
2247 2238 2344 2293 καὶ
2395 2237 2646 2295 θεοποιδν
2697 2240 2939 2296 διαλύειν
2990 2242 3242 2317 άγάπην.
3289 2245 3477 2301 Ταῦτά
3528 2263 3643 2315 μοι,

2054 2332 2249 2387 τέκνον
2274 2333 2435 2403 ἐμὸν,
2466 2332 2704 2401 πένθους
2748 2334 2878 2389 καθ’
2930 2336 3174 2409 ἑκάστην
3204 2337 3468 2403 ὑπόθεσις
3497 2338 3647 2408 γίνε-

2055 2440 2185 2476 ται·
2209 2425 2388 2480 ταῦτά
2438 2444 2533 2499 μοι
2587 2426 2756 2496 ἄρτον
2782 2428 2850 2482 τά
2878 2426 3095 2498 δάκρυα
3144 2432 3313 2486 ποιεῖ.
3346 2432 3446 2484 Διὰ
3486 2431 3646 2487 τοῦτο

2057 2518 2153 2570 καὶ
2207 2519 2478 2591 πρότερον
2516 2518 2824 2592 παρῄνουν,
2872 2520 3193 2577 ἐδυσώπουν
3217 2564 3235 2589 ,
3293 2523 3645 2595 παρεκάλουν

2059 2610 2294 2664 σεαυτοῦ
2318 2610 2602 2680 γενέσθαι,
2634 2614 2732 2668 καὶ
2755 2613 3052 2682 φείσασθαι
3079 2614 3136 2668 δὲ
3166 2617 3260 2670 καὶ
3298 2615 3405 2671 τῶν
3447 2617 3647 2673 κοινῶν

2059 2703 2378 2776 συμφορῶν.
2410 2706 2542 2771 ὅσας
2563 2706 2782 2777 ἀνάγκη
2822 2707 3132 2777 Ῥωμαίους
3168 2710 3264 2762 καὶ
3294 2708 3643 2781 Βουλγάρους

2058 2796 2125 2850 ἐκ
2152 2796 2253 2867 τῆς
2291 2798 2553 2869 τοιαύτης
2592 2798 2797 2870 ἔχθρας
2830 2802 2932 2855 καὶ
2982 2801 3327 2867 διαστάσεως
3375 2805 3648 2871 συναντή-

2060 2904 2177 2942 σειν
2196 2904 2210 2918 ·
2236 2890 2330 2943 καὶ
2359 2888 2454 2943 νῦν
2474 2888 2530 2944 δὲ
2555 2891 2626 2945 τά
2654 2892 2820 2961 ὃμοια
2835 2892 2933 2946 καὶ
2960 2894 3216 2964 παραινῶ
3252 2896 3348 2948 καὶ
3379 2893 3642 2961 δυσωπῶ,

2057 2980 2248 3035 τέκνον
2283 2983 2418 3052 ἐμόν
2445 3000 2460 3015 ο
2494 2984 2882 3055 ἀναμνήσθητι
2914 2985 3016 3055 τῆς
3048 2986 3143 3041 τοῦ
3178 2987 3387 3057 Κυρίου
3428 3003 3646 3058 παραι-

2058 3073 2284 3136 νέσεως,
2327 3072 2395 3144 ὴν
2421 3074 2631 3140 ἐκεῖνός
2696 3093 2854 3145 φησι,
2914 3094 2935 3128 ι
2974 3076 3256 3148 Συμφέρει
3289 3077 3368 3148 τῷ
3412 3080 3650 3133 σκανδα-

2056 3162 2269 3226 λίζοντι
2318 3164 2418 3220 ἕνα
2470 3167 2582 3221 τῶν
2629 3165 2867 3239 μικρῶν,
2930 3168 3101 3239 μύλον
3156 3167 3342 3222 δνικδν
3393 3168 3649 3223 δεδέσθαι

2060 3258 2191 3329 περὶ
2226 3257 2320 3312 τὸν
2348 3258 2645 3331 τράχηλον,
2667 3260 2766 3315 καὶ
2794 3260 2873 3325 είς
2895 3261 2995 3333 την
3016 3260 3300 3316 θάλασσαν
3326 3262 3644 3334 ίρῤίφθαι.»

2062 3349 2309 3421 Πρὸσχες
2344 3352 2655 3422 νουνεχῶς*
2695 3354 2751 3406 εί
2802 3353 2881 3425 τῷ
2927 3354 3341 3419 σκανδαλίζοντι
3382 3354 3482 3408 ἱνα
3535 3354 3652 3409 τῶν

2064 3442 2281 3513 μικρῶν
2307 3442 2465 3498 τοῦτο
2498 3445 2792 3515 συμφέρει,
2825 3444 2880 3499 τί
2917 3444 3157 3516 ἐροῦμεν
3204 3448 3334 3518 περὶ
3382 3448 3650 3502 τοσούτου

2064 3536 2361 3591 σκανδάλου
2383 3536 2413 3590 δ
2441 3537 2502 3591 οὐ
2529 3537 2667 3609 πρὸς
2693 3537 2794 3592 ενα
2833 3538 3123 3605 διαϐαίνει,
3150 3540 3272 3594 οὐδὲ
3306 3540 3445 3613 πρὸς
3481 3545 3650 3596 πέντε

2063 3626 2157 3679 καὶ
2177 3625 2310 3679 δέκα
2338 3627 2433 3680 καὶ
2465 3628 2685 3695 ἑκατὸν,
2714 3629 2853 3683 ἀλλὰ
2878 3628 2964 3693 τίς
3002 3630 3069 3685 ἂν
3093 3631 3394 3705 άριθμήσοι
3422 3634 3483 3687 τὸ
3508 3633 3655 3702 πλῆ-

2064 3713 2192 3781 θος;
2228 3716 2351 3770 οὐδὲ
2381 3717 2517 3786 πρός
2555 3736 2675 3773 τινα
2730 3719 2840 3775 τῶν
2884 3722 3124 3794 μικρῶν,
3158 3723 3296 3779 ἀλλά
3320 3724 3458 3798 πρὸς
3488 3723 3651 3796 βασι-

2064 3806 2216 3862 λείαν
2236 3809 2336 3880 τὴν
2382 3810 2573 3864 ἐπάνω
2604 3812 2786 3884 πάσης
2826 3815 3077 3883 ἐπιγείου
3115 3815 3341 3887 ἀρχῆς,
3373 3819 3445 3888 ην
3476 3817 3653 3890 μόνην

2065 3901 2124 3955 εν
2142 3904 2212 3973 γῇ
2240 3900 2270 3953 δ
2297 3903 2392 3957 τοῦ
2426 3906 2629 3971 παντὸς
2661 3906 2830 3979 ἔπηξε
2866 3908 3147 3978 βασιλεύς.
3200 3910 3431 3978 Ἔννόει,
3456 3912 3652 3967 τέκνον

2066 3996 2246 4067 ήμῶν,
2283 3997 2431 4062 τίνος
2466 4002 2495 4054 ὁ
2521 4000 2678 4069 λόγος
2699 4020 2714 4035 ο
2748 4003 2851 4057 οὐκ
2878 4004 3115 4071 ἄγγελος
3136 4005 3309 4061 ταῦτα
3336 4006 3514 4075 λιγει,
3541 4008 3652 4062 οὐκ

2064 4086 2355 4159 ἄνθρωπός
2408 4106 2495 4153 τις
2538 4091 2650 4145 τῶν
2696 4094 2860 4163 χάριν
2908 4092 3060 4146 θείαν
3106 4094 3511 4161 πλουτούντων,
3541 4098 3651 4149 οὐκ

2066 4182 2387 4249 ἀπόστολος,
2416 4185 2477 4238 οὐ
2511 4186 2826 4256 προφήτης,
2861 4185 2977 4240 ἀλλ’
3012 4187 3178 4251 αὐτὸς
3221 4190 3251 4242 ὁ
3303 4187 3517 4259 μέλλων
3541 4188 3653 4243 πᾶν

2065 4275 2129 4331 τὸ
2181 4275 2415 4347 πλάσμα
2468 4280 2850 4348 συναγαγεῖν,
2905 4280 2999 4333 καὶ
3050 4279 3131 4351 τῷ
3186 4279 3385 4334 ἑαυτοῦ
3435 4281 3653 4354 φρικτῷ

370 4374 503 4431 mihi
548 4379 743 4443 reputa
806 4373 1021 4435 horam,
1077 4387 1203 4427 cum
1264 4372 1566 4441 praemissis
1633 4371 1721 4425 his
1772 4370 1956 4425 dictis.

2070 4366 2275 4439 βήματι
2339 4370 2722 4440 παραστῆσαι.
2772 4370 3023 4442 Ἐκείνην
3057 4372 3384 4440 ἀναλογίζου
3420 4389 3509 4443 μοι
3547 4370 3654 4444 τὴν

373 4469 563 4539 ingens
593 4466 727 4523 illud
756 4468 1075 4522 scandalum
1106 4465 1158 4519 in
1197 4480 1296 4519 sua
1333 4463 1555 4533 iustitia
1586 4462 1959 4528 examinabit;

371 4560 503 4632 quid
556 4570 691 4617 tunc
748 4559 1034 4615 dicemus?
1093 4573 1217 4628 quae
1276 4558 1384 4612 erit
1432 4555 1680 4612 defensio
1738 4554 1967 4611 nostra?

371 4669 536 4723 quam
566 4652 981 4709 excusationem
1032 4651 1424 4722 prmendemus
1469 4650 1537 4705 ad
1589 4649 1962 4719 repellendam

378 4745 671 4801 terriﬁcam
702 4743 1075 4802 sententiam?
1122 4751 1410 4812 praeterea,
1442 4742 1489 4797 si
1533 4739 1859 4810 praemiserit
1902 4751 1958 4794 et

376 4829 551 4894 illud:
597 4856 614 4889 ι
660 4837 801 4906 Quid
837 4836 1056 4907 prodest
1108 4834 1315 4889 homini
1347 4834 1394 4888 si
1444 4832 1759 4887 universum
1799 4847 1959 4884 mun-

375 4933 504 4986 dum
535 4930 800 4994 lucretur,
826 4930 1024 4983 anima:
1052 4942 1180 4981 vero
1209 4943 1321 4982 suae
1364 4926 1750 4980 detrimentum
1779 4924 1954 4995 patia-

376 5020 545 5075 tnr'?
586 5038 605 5073 ι
649 5018 789 5086 Quid
843 5018 1145 5073 iaciemus?
1179 5032 1300 5086 qua:
1342 5032 1465 5072 sors
1516 5015 1736 5070 nostra?
1789 5030 1950 5083 quam

376 5112 814 5183 deprecationem
850 5110 1231 5166 inveniemus?
1260 5110 1390 5181 Ego,
1437 5109 1511 5163 illi
1538 5109 1632 5172 mi,
1657 5118 1780 5163 ante
1802 5109 1951 5162 illam

377 5209 593 5265 horam.
633 5206 747 5261 haec
792 5204 1003 5267 dicens,
1067 5212 1212 5257 totus
1289 5211 1499 5257 terrore
1560 5201 1753 5271 plenus
1808 5216 1957 5266 sum,

377 5309 525 5355 totus
551 5308 786 5353 tremore
828 5300 1134 5352 concutior.
1189 5295 1268 5350 Tu
1304 5311 1430 5350 vero
1477 5295 1662 5351 nescio
1702 5311 1802 5351 cur
1849 5310 1957 5349 non

379 5405 545 5461 paves
589 5398 683 5445 aut
740 5405 849 5445 non
898 5390 1162 5458 trepidas,
1215 5404 1339 5442 cum
1397 5389 1636 5458 prudens
1683 5388 1755 5443 sit
1795 5398 1961 5456 atque

380 5483 636 5553 sapiens;
686 5483 781 5553 qui
815 5492 1124 5538 terrestrem
1172 5482 1401 5551 gloriam
1461 5480 1620 5535 hodie
1650 5478 1956 5543 ﬂorentem,

460 5712 478 5739 ³
511 5709 695 5765 Matth.
730 5725 882 5774 nm,
915 5708 969 5763 ὕ.
1050 5709 1067 5739 ³
1099 5706 1287 5764 Matth.
1325 5725 1433 5771 XVI,
1466 5707 1554 5763 ‘26.

2067 4456 2241 4530 ῶραν,
2279 4459 2371 4513 ὅτε
2402 4462 2529 4524 τοὺς
2560 4461 2756 4530 λόγους
2806 4461 3035 4527 τούτους
3074 4465 3155 4529 είς
3195 4462 3258 4517 τὸ
3312 4465 3482 4534 μέσον
3509 4480 3649 4536 προ-

2067 4552 2329 4623 ενεγκὼν,
2367 4554 2428 4607 τὸ
2460 4555 2603 4626 μέγα
2632 4553 2794 4609 τοῦτο
2829 4557 3124 4612 σκάνδαλον
3150 4559 3215 4629 τῇ
3260 4557 3461 4613 ἑαυτοῦ
3496 4559 3649 4613 δοκι-

2071 4648 2236 4719 μάσει
2256 4648 2600 4721 δικαιοσύνη.
2632 4648 2698 4702 Τί
2734 4648 2974 4720 ἐροῦμεν
3004 4651 3157 4718 τότε;
3188 4650 3256 4703 τί
3312 4652 3653 4723 ἀπολογησό-

2067 4743 2246 4813 μεθα;
2281 4741 2448 4797 Ποίαν
2477 4742 2737 4814 ἀφορμὴν
2765 4743 3191 4814 προσαλούμεθα
3229 4746 3310 4809 είς
3354 4746 3654 4815 ἀπολογίαν

2064 4834 2162 4903 τῆς
2221 4834 2457 4904 φρικτῆς
2521 4835 2945 4906 κατακρίσεως;
3004 4832 3137 4890 Εἶτα
3189 4836 3288 4891 ἐὰν
3348 4836 3653 4894 καὶτοῦτο

2066 4924 2375 4997 προενέγκῃ
2408 4926 2469 4977 τδ
2503 4943 2522 4977 ι
2555 4926 2619 4979 Τί
2658 4925 2937 4996 ὠφελήσει
2982 4927 3275 5001 ἄνθρωπον
3306 4928 3401 4983 ἐὰν
3429 4929 3522 4983 τὸν
3559 4933 3651 4987 κό-

2066 5034 2204 5087 σμον
2234 5020 2353 5072 ὅλον
2374 5019 2636 5091 κερδήσῃ,
2660 5020 2759 5089 τὴν
2778 5019 2833 5073 δὲ
2867 5020 3045 5093 ψυχὴν
3083 5021 3253 5076 αὐτοῦ
3285 5024 3540 5095 ζημιωθῇ
3569 5039 3584 5089 ;
3626 5046 3646 5078 ε

2061 5112 2115 5163 τί
2172 5112 2515 5181 ποιήσομενς
2579 5111 2645 5163 Τί
2704 5112 3036 5182 γενοίμεθα;
3088 5114 3224 5167 ἰ’ίνα
3298 5116 3653 5189 παράκλησιν

2067 5203 2414 5274 εύρήσομεν;
2454 5201 2617 5270 Ἐγὼ,
2648 5202 2841 5257 τέκνον
2880 5206 3036 5274 ἐμὸν,
3074 5205 3170 5258 καὶ
3210 5206 3319 5278 πρὸ
3357 5209 3458 5277 τῆς
3498 5208 3651 5280 ὥρας

2066 5295 2283 5365 ἐκείνης
2330 5295 2502 5349 ταῦτα
2552 5296 2647 5349 νῦν
2672 5296 2869 5365 λέγων,
2900 5298 3022 5362 ὅλος
3066 5298 3389 5369 πληροῦμαι
3415 5299 3648 5372 φρίκης,

2067 5386 2189 5449 ὅλος
2210 5387 2471 5458 ἔντρομος
2502 5387 2642 5456 εἰμι.
2665 5388 2737 5439 Σὺ
2762 5387 2815 5439 δὲ
2836 5383 3073 5443 οὖκοίδα
3101 5389 3149 5440 εί
3169 5388 3247 5459 μὴ
3272 5388 3519 5461 φρίττεις
3552 5391 3648 5445 καὶ

2069 5477 2296 5549 τρέμεις
2319 5478 2534 5542 συνετὸς
2565 5477 2641 5532 ὣν
2676 5478 2770 5532 καὶ
2793 5480 3057 5550 φρόνιμος
3081 5497 3094 5509 ·
3122 5481 3220 5535 καὶ
3244 5482 3371 5536 ὅσον
3395 5482 3495 5552 τῆς
3524 5483 3649 5537 ἑπι-
