3962 6140
200 294 271 357 73
1684 282 2092 353 EPISTOLrE.
3418 288 3490 355 74

207 408 327 461 ἔστι
354 407 465 471 τοῖς
496 396 688 470 τόποις
726 405 886 478 ἔθνη,
915 407 1333 479 προσλήψεσθαι
1366 406 1446 472 είς
1498 404 1599 478 τὴν
1656 405 1800 459 κατά

1914 406 2019 460 rios
2046 398 2250 459 scilicet
2274 400 2341 455 ad
2377 415 2435 456 se
2466 414 2495 455 α
2519 396 2767 470 Bnlgaris
2785 412 2907 453 esse
2935 391 3159 464 missos,
3189 414 3294 455 non
3319 396 3492 456 semel

215 501 514 571 Ῥωμαίων
574 502 769 569 ἔφοδον
817 519 877 555 τε
934 503 1030 556 καὶ
1075 501 1167 556 τὸν
1210 501 1471 571 πόλεμον.
1528 499 1642 553 Καὶ
1679 500 1803 571 οὐχὶ

203 594 387 648 ταῦτα
419 594 516 647 νῦν
550 595 650 667 μὶν
684 595 867 665 λέγει,
909 594 1005 649 νῦν
1038 596 1097 650 δὲ
1147 596 1295 667 σιγᾷ,
1345 593 1484 649 ἀλλά
1532 592 1801 664 διηνεκῶς

202 686 299 740 καὶ
333 686 465 741 καθ’
518 689 766 760 ἑκάστην
792 688 1061 753 τοιούτοις
1084 690 1381 759 γράμμασι
1430 690 1528 743 καὶ
1584 688 1802 759 ῥήμασι

204 780 308 842 τὰς
354 778 534 844 ἀκοὰς
568 780 729 851 ἡμῶν
773 780 867 835 καὶ
916 780 1015 845 τὰς
1051 781 1279 852 καρδίας
1322 778 1673 850 παρενοχλεῖ·
1706 776 1803 829 ἐπὶ

204 872 427 937 τούτοις
460 871 562 926 καὶ
590 874 1047 945 ἀποκρισιαρίους
1081 874 1268 941 ελεγον
1296 872 1590 945 μέχριτῶν
1618 870 1804 939 ἑξκαί-

204 966 341 1019 δεκα
366 966 615 1037 ἥκοντας
657 966 751 1020 τοῦ
786 966 895 1021 τῶν
927 966 1359 1039 Πατζηνακιτῶν
1385 966 1579 1037 γένους
1615 963 1803 1020 τοιαῦ-

203 1074 271 1112 τα
338 1057 813 1127 προσαγγέλλειν,
868 1059 945 1124 ὡς
987 1057 1445 1131 ἐξαπεστάλησαν
1510 1060 1648 1132 πρὸς
1704 1060 1803 1115 αύ-

204 1151 338 1214 τοὺς
390 1153 461 1205 ὲκ
506 1133 855 1222 Βονλῇῖαρίας
902 1154 1317 1224 ἀποκρισιάριοι
1356 1153 1455 1224 οὐχ
1498 1152 1650 1218 ἅπαξ
1681 1152 1803 1207 οὐδὲ

204 1244 313 1309 εἰς,
370 1244 510 1300 ἀλλά
555 1234 652 1301 καλ
700 1247 1026 1319 πλειστάκις
1062 1246 1542 1320 προσκαλούμενοι
1574 1247 1802 1313 τούτους

208 1337 291 1399 είς
335 1337 445 1407 τὴν
498 1338 641 1409 πρὸς
705 1339 935 1403 ἑαυτοὺς
987 1340 1210 1395 ἕνωσινο
1269 1340 1368 1395 καὶ
1424 1339 1681 1395 τοσοῦτον
1740 1341 1803 1396 τὸ

211 1429 457 1500 πρᾶγμα
492 1429 866 1495 σπουδάζεται
894 1430 1254 1503 Βουλγάροις,
1286 1430 1426 1486 ὥστε
1468 1432 1567 1487 καὶ
1614 1434 1799 1503 γάμου

210 1522 477 1594 κοινωνίᾳ
519 1522 631 1575 τῶν
675 1522 898 1577 οίκείων
949 1524 1163 1578 παίδων
1218 1525 1546 1590 σπουδάζειν
1596 1524 1802 1579 ὲνώσαι

209 1618 306 1670 καὶ
340 1617 611 1687 συνδῆσαι
655 1618 757 1690 τὴν
790 1617 927 1690 πρὸς
983 1618 1198 1674 ἑαυτῶν
1228 1620 1548 1693 συμμαχίαν
1580 1618 1803 1692 Πατζη-

207 1711 477 1766 νακιτῶν.
520 1713 609 1777 Ὠς
636 1707 731 1767 οῦν
754 1712 1019 1779 τοιούτοις
1062 1713 1244 1783 λόγοις
1269 1714 1794 1787 διαταρασσόμενοι,

1906 504 1999 551 aut
2031 495 2251 559 iterum,
2277 493 2374 549 sed
2422 492 2627 562 pluries
2672 492 2737 546 ad
2779 491 2956 547 fmdus
2990 494 3350 563 concitantes,
3393 510 3494 551 ne-

1905 588 2225 659 gotiumque
2275 595 2487 641 tantum
2543 580 2793 654 Bulgaris
2842 599 2992 640 cura:
3028 600 3154 641 esse
3196 594 3259 640 ut
3298 587 3493 644 matri-

1907 681 2093 736 monio
2125 693 2353 735 suorum
2405 678 2708 732 liberorum
2768 676 3109 732 ﬁrmaverint
3153 692 3311 735 suam
3363 692 3491 735 cum

1905 772 2269 829 Patzcnacitis
2335 771 2681 826 societatem.
2762 768 2887 826 Istis
2942 771 3109 842 igitur
3140 772 3495 829 sermonibus

1907 866 2235 940 perturbati,
2262 865 2439 933 primo
2468 865 2691 937 quidem
2726 863 2952 935 scriptis
2983 864 3489 934 signiﬁcationibus

1905 971 2070 1034 atque
2108 960 2327 1017 indiciis
2373 958 2705 1015 tentavimus
2751 972 2942 1029 pacem
3011 957 3157 1013 inter
3207 958 3490 1017 Romanos

1905 1062 1961 1111 et
2012 1054 2278 1126 Bulgaros
2344 1053 2637 1121 stabilire;
2696 1067 2821 1108 cum
2876 1048 3074 1109 deinde
3129 1067 3238 1107 non
3274 1042 3343 1109 'id
3390 1066 3495 1123 po-

1912 1148 2230 1213 luissetnns,
2266 1145 2522 1202 venimus
2558 1144 2688 1200 licet
2735 1142 2889 1198 inviti
2924 1144 2993 1198 ad
3055 1143 3109 1197 id
3164 1145 3381 1200 consilii
3432 1152 3494 1203 ut

1906 1240 2311 1314 expeditionem
2354 1238 2620 1295 adversus
2646 1252 2742 1293 eos
2765 1251 3225 1308 praepararcmus,
3258 1237 3326 1292 ad
3353 1252 3490 1292 con-

1906 1334 2189 1392 tinendum
2230 1332 2595 1404 Bulgarorum
2648 1331 2911 1401 impetum
2938 1369 2955 1397 ,
2999 1330 3046 1387 si
3086 1344 3155 1385 eo
3186 1330 3496 1387 modo-ﬁeri

1905 1437 2114 1502 posset,
2146 1444 2255 1483 non
2283 1436 2463 1483 autem
2496 1434 2556 1482 ut
2596 1426 2857 1496 populum
2886 1425 2953 1480 ad
2988 1425 3166 1480 credes
3192 1434 3360 1495 atque
3390 1424 3495 1479 ho-

1908 1520 2130 1577 micidia
2164 1520 2531 1585 mitteremus,
2572 1516 2618 1572 si
2660 1514 2804 1572 forte
2842 1514 3011 1571 donet
3038 1514 3184 1571 Deus
3214 1529 3279 1570 eo
3306 1513 3497 1571 concl-

1907 1615 1982 1673 lio
2012 1630 2109 1671 eos
2135 1614 2204 1669 ad
2254 1612 2556 1669 amicitiam
2605 1624 2869 1667 revocare
2899 1619 2957 1667 et
2986 1610 3267 1667 societatis
3297 1609 3496 1666 vincu-

1909 1710 2023 1767 lum
2066 1708 2329 1766 solidare.

206 1804 527 1877 δπειδήπερ
558 1805 930 1876 προλαεόντες
962 1810 1056 1861 καὶ
1078 1806 1379 1877 δηλώσεσιν
1420 1808 1741 1879 ἐγγράφοις,
1778 1805 1872 1860 καὶ
1905 1803 2223 1878 μηνύμασιν
2250 1803 2525 1874 ἀγράφοις
2562 1798 2804 1873 σπουδὴν
2825 1799 3208 1872 ἐποιησάμεθα
3244 1801 3308 1855 τὸ
3332 1803 3493 1875 εἰρη-

207 1900 357 1955 νιιδν
386 1903 645 1974 φρόνημα
686 1903 892 1971 μεταξῦ
923 1905 1110 1976 τρόπῳ
1168 1903 1500 1975 Βουλγάρων
1526 1904 1621 1957 καὶ
1651 1904 1815 1975 ἡμῶν
1840 1901 2098 1977 ῥιζῶσαι,
2145 1900 2247 1955 οὐκ
2274 1898 2625 1971 ἠδυνήθημεν
2654 1897 2732 1965 δὲ,
2759 1896 3001 1968 tum“
3030 1899 3127 1953 καὶ
3153 1900 3386 1964 ἄκοντες
3414 1901 3496 1965 εἰς

207 1991 471 2065 τοιαύτην
502 1992 811 2064 περίνοιαν,
846 1993 990 2049 ὥστε
1023 1986 1319 2068 στρατείαν
1346 1996 1469 2050 κατ’
1495 1994 1679 2051 αὐτῶν
1720 1995 2089 2068 σχηματίσαι,
2135 1994 2232 2048 καὶ
2266 1992 2603 2066 πειραθῆναι
2638 1989 2717 2060 τῷ
2760 1991 2993 2063 τοιούτῳ
3018 1991 3349 2067 Βουλγάρων
3394 1997 3496 2067 τὴν

217 2090 401 2163 ὁρμὴν
447 2094 725 2163 ιπισχεῖν,
767 2090 882 2148 ἀλλ’
916 2092 1042 2165 ούχὶ
1076 2091 1213 2165 πρὸς
1254 2091 1462 2162 αἵματα
1524 2091 1621 2147 καὶ
1669 2091 1888 2162 σφαγὰς
1928 2090 2022 2146 τὸν
2070 2090 2201 2146 λαὸν
2257 2092 2530 2164 χωρῆσαι,
2570 2094 2626 2149 εί
2660 2111 2779 2159 πως
2814 2094 2932 2165 δοίη
2988 2091 3121 2158 Θεὸς
3150 2093 3239 2147 διὰ
3265 2096 3364 2165 τῆς
3387 2110 3498 2151 τοι.

210 2187 384 2252 αύτης
428 2186 713 2257 περινοίας
762 2186 996 2242 ἑλκύσαι
1028 2189 1176 2259 ημᾶς
1203 2186 1341 2260 πρὸς
1401 2188 1628 2258 ἀγάπην
1676 2188 1899 2253 αὐτοὺς,
1957 2188 2054 2241 καλ⁹
2107 2187 2328 2257 ἀσφαλῆ
2381 2188 2473 2241 τὸν
2511 2189 2712 2259 δεσμὸν
2736 2190 3142 2262 ἐξεργάσασθαι
3166 2192 3266 2262 τῆς
3288 2193 3495 2263 φιλίαςο

280 2275 479 2347 Ἐχεις
517 2277 617 2347 τὴν
651 2278 983 2347 ἀπολογίαν,
1013 2270 1059 2331 ὦ
1096 2276 1280 2349 Πάτερ
1302 2279 1394 2331 καὶ
1428 2277 1689 2343 δέσποτα,
1712 2276 1806 2331 καὶ

1977 2274 2231 2333 Nostram
2283 2277 2454 2335 habes
2486 2277 2889 2347 defensionem,
2935 2280 3094 2336 Pater
3137 2296 3202 2338 ac
3234 2284 3491 2353 domine;

213 2369 288 2442 μὴ
314 2369 548 2441 όργίζου
606 2369 742 2441 μηδὲ
776 2370 1097 2438 ἀγανάκτει.
1130 2368 1278 2439 Ἐγὼ
1308 2370 1366 2424 δὲ
1417 2371 1671 2424 ἀπιστεῖν
1705 2369 1808 2425 οὐκ

214 2457 384 2531 εἶχον,
420 2460 569 2531 πλὴν
600 2462 695 2516 καὶ
725 2460 903 2525 οὓτως
924 2461 1233 2533 ἐπετίμων,
1263 2461 1633 2533 ἐπέπληττον,
1665 2462 1805 2529 ἔξω·

213 2553 471 2620 νείδιζον,
506 2555 602 2607 καὶ
652 2554 727 2619 ὡς
759 2555 870 2607 ἔδει
900 2554 1111 2622 ελεγον,
1138 2558 1235 2610 καὶ
1255 2555 1335 2611 ἔτι
1369 2556 1609 2628 μηνῦσαι
1629 2557 1808 2610 ταῦτα

210 2647 302 2700 διὰ
327 2649 573 2719 γραφῆς.
607 2649 717 2702 Kal
742 2651 791 2702 οί
819 2649 921 2719 μὲν
958 2650 1147 2719 ἠξίουν
1182 2651 1283 2722 ἐμὲ
1320 2655 1579 2722 γράφειν,
1615 2649 1727 2717 ἐγὼ
1760 2649 1806 2706 δ’

213 2740 243 2793 ὁ
273 2741 526 2809 μάταιος,
563 2742 895 2813 ὁμολογήσω
936 2742 1045 2815 γάρ
1082 2742 1181 2815 τὴν
1213 2744 1456 2813 ἐμαυτοῦ
1491 2744 1799 2815 ἁμαρτίαν,

220 2834 309 2886 καὶ
340 2836 719 2907 κατηγορήσω
748 2836 848 2905 τῆς
877 2835 1121 2906 ἐμαυτοῦ
1152 2836 1495 2907 ἀθλιότητος,
1540 2838 1642 2891 ούκ
1685 2832 1805 2891 οἴδα

223 2924 330 2988 πῶς
354 2924 594 2997 ὀκνηρὸς
626 2926 899 2999 ἐγενόμην
929 2928 1068 3001 πρὸς
1096 2927 1301 3000 ταύτην
1340 2929 1442 3000 τὴν
1492 2928 1802 2993 διακονίαν,

220 3018 274 3072 τὺ
306 3020 410 3089 μέν
444 3036 520 3088 τι,
561 3020 637 3085 ὠς
665 3020 836 3086 ἔοικε,
865 3021 977 3075 τῶν
1018 3020 1171 3092 ἐμῶν
1201 3021 1488 3093 ἁμαρτιῶν
1516 3020 1611 3075 τὸν
1642 3022 1805 3075 όκνον

219 3114 702 3185 ὲμποιησαμλνων,
758 3116 821 3168 τὸ
848 3117 905 3169 δὲ
939 3118 1031 3170 καὶ
1081 3116 1469 3169 ὑπολαϐόντων
1507 3116 1684 3187 ἡμῶν,
1731 3116 1808 3182 ὡς

218 3208 449 3277 ἐπείπερ
483 3210 630 3263 κατά
654 3209 779 3273 τοὺς
811 3208 1039 3262 ἐκείνων
1067 3209 1263 3278 λόγους
1297 3210 1377 3273 είς
1409 3208 1599 3280 σχῆμα
1642 3209 1806 3280 μόνον

218 3302 306 3353 καὶ
344 3302 657 3371 φαντασίαν
688 3302 872 3373 μάχης
902 3304 935 3375 ἡ
968 3300 1064 3357 τοῦ
1107 3303 1241 3358 λαοῦ
1276 3304 1597 3373 συγκίνησις
1624 3306 1808 3357 ἐπινε-

220 3395 421 3463 νόηται,
453 3395 517 3448 ού
547 3397 815 3465 προκόψει
839 3398 974 3468 πρὸς
1000 3396 1179 3469 ἀληθῆ
1208 3397 1467 3467 πόλεμον,
1499 3396 1624 3452 οὐδὲ
1666 3396 1807 3468 πρὸς

219 3491 430 3558 σςναγάς
480 3490 576 3543 καὶ
615 3490 803 3560 χύσεις
854 3491 1104 3562 αἱμάτων
1142 3492 1176 3564 η
1228 3494 1457 3561 τοιαύτη
1500 3489 1669 3561 όρμὴ,
1712 3491 1807 3544 καὶ

215 3582 297 3634 διὰ
342 3582 507 3635 τοῦτο
544 3581 654 3635 οὐδ’
704 3588 737 3653 η
767 3581 863 3637 τοῦ
916 3586 1189 3655 ἡμετέρου
1252 3587 1583 3655 γράμματος
1665 3585 1803 3637 ἀπο·-

1910 2383 1983 2425 ne
2014 2367 2273 2424 irascaris
2305 2383 2436 2441 ergo
2458 2410 2475 2437 ,
2519 2384 2698 2440 neque
2750 2370 2971 2443 indigne
3009 2371 3174 2428 feras.
3219 2372 3334 2445 Ego
3367 2388 3499 2431 vero

1911 2461 2225 2519 incredulus
2262 2476 2387 2519 esse
2442 2478 2553 2518 non
2609 2475 2889 2534 poteram,
2948 2466 3255 2536 vituperari
3284 2476 3493 2529 tamen.

1910 2557 2256 2628 exprobravi,
2288 2555 2616 2628 reprehendi
2646 2565 2810 2627 atque
2845 2556 2959 2612 dixi
2991 2571 3247 2629 oportere
3275 2561 3363 2614 illa
3396 2563 3497 2617 deo

1912 2665 2023 2706 nuo
2059 2650 2264 2721 scripto
2298 2651 2569 2718 indicare,
2621 2662 2785 2721 atque
2831 2651 2909 2706 illi
2969 2668 3055 2709 me
3106 2663 3165 2708 ut
3195 2656 3494 2711 scriberent

1911 2753 2266 2812 rogaverunt.
2332 2740 2445 2813 Ego
2486 2754 2692 2809 autem,
2747 2757 2922 2799 vanus
2976 2745 3176 2811 homo,
3209 2756 3493 2817 peccatum

1910 2850 2156 2906 namque
2217 2851 2399 2891 meum
2453 2837 2796 2904 conlitebor,
2858 2837 3252 2910 miseriamque
3316 2856 3494 2897 meant

1910 2928 2270 2990 criminabor,
2304 2931 2491 2985 nescio
2520 2944 2631 2999 quo
2671 2930 2833 2983 modo
2875 2928 3087 2985 tardior
3113 2946 3234 2985 sum
3268 2932 3495 2989 elfectus

1910 3021 1978 3076 ad
2043 3020 2097 3074 id
2150 3035 2376 3086 munus,
2421 3021 2663 3093 peccatis
2723 3023 2897 3088 meis,
2978 3030 3039 3077 ut
3087 3022 3299 3079 videtur
3332 3068 3347 3092 ,
3406 3041 3496 3083 me

1910 3114 2290 3187 gravantibus,
2315 3124 2370 3169 et
2396 3113 2522 3185 quia
2556 3114 2928 3186 supponcbam
2965 3116 3117 3171 illum
3148 3118 3336 3189 populi
3374 3136 3496 3176 lno-

1909 3213 2028 3262 tum
2056 3207 2107 3261 in
2133 3206 2371 3274 speciem
2409 3215 2619 3261 tantum
2654 3222 2717 3262 ac
2753 3208 3052 3279 imaginem
3082 3223 3300 3281 pugnae,
3332 3213 3492 3281 juxta

1909 3311 2097 3353 eorum
2132 3311 2437 3366 sermones,
2467 3298 2692 3364 factum,
2720 3316 2828 3354 non
2857 3300 2910 3354 in
2936 3315 3121 3355 verum
3148 3304 3349 3358 bellum
3374 3317 3498 3361 esse

1909 3405 2223 3459 cessurum,
2264 3408 2442 3464 neque
2479 3392 2547 3447 ad
2571 3394 2748 3450 cmdes
2800 3403 2895 3449 aut
2941 3397 3224 3467 sanguinis
3270 3398 3497 3455 ell‘usio-

1912 3499 2038 3539 nem
2083 3496 2373 3539 venturam
2423 3500 2546 3541 esse
2590 3487 3034 3557 expeditionem,
3082 3492 3225 3545 unde
3283 3491 3496 3550 littera-

1910 3593 2033 3632 rum
2082 3593 2327 3633 mearum
2379 3580 2665 3634 utilitatem
2709 3595 2817 3635 non
2874 3583 3145 3640 videbam.
3179 3581 3306 3641 "me
3344 3594 3496 3654 sunt,

222 3674 375 3745 στολη
408 3675 555 3740 εδοξε
583 3676 1069 3745 περισπούδαστος.
1112 3675 1298 3730 Ταῦτα
1327 3678 1426 3747 τὴν
1478 3677 1620 3747 ἐμὴν
1645 3677 1807 3730 ἀνέσ-

1916 3670 1989 3724 Illi
2070 3671 2168 3736 mi,
2206 3686 2327 3741 quae
2371 3686 2554 3726 meum
2607 3674 2672 3727 ad
2712 3682 2765 3728 te
2812 3675 3113 3746 scribendi,
3145 3690 3273 3734 ante
3331 3680 3496 3751 hujus

221 3768 349 3821 τειλε
388 3768 615 3839 γνώμην
658 3767 751 3821 τοῦ
784 3769 917 3842 πρὸς
955 3772 1035 3834 σὲ,
1079 3770 1269 3823 τέκνον
1327 3771 1507 3840 ἡμῶν,
1570 3771 1807 3841 γράφειν

224 3863 320 3929 πρὸ
352 3862 449 3931 τῆς
484 3860 831 3916 πολυωδύνου
864 3861 958 3915 τοῦ
994 3861 1234 3933 πολέμου
1268 3863 1617 3932 συμϐάσεως.
1664 3864 1806 3917 Ἀλλ’

222 3954 335 4007 εἰπέ
369 3972 460 4024 μοι
496 3958 586 4005 καὶ
640 3956 727 4018 σὺ,
764 3955 953 4007 τέκνον
994 3955 1151 4026 ἡμῶν
1188 3955 1447 4019 δυσωπῶ,
1491 3956 1808 4028 ἀπορρίψας

224 4048 303 4099 τὸν
336 4047 508 4118 θυμὸν
540 4047 636 4101 καὶ
664 4047 763 4118 τῆς
792 4048 970 4119 ψυχῆς
995 4049 1094 4119 τὴν
1122 4049 1367 4120 πικρίαν,
1398 4051 1489 4102 καὶ
1533 4050 1611 4113 ὡς
1649 4066 1807 4103 συνε-

222 4143 303 4206 τὸς
338 4142 483 4214 ὀρθῷ
520 4142 769 4213 λογισμῷ
792 4148 973 4214 κρίνον
999 4144 1190 4197 ταῦτα·
1221 4145 1383 4197 ὁπότε
1421 4144 1484 4215 ἐὴ
1536 4144 1639 4214 τῆς
1689 4146 1811 4199 Ma-

227 4234 460 4300 κεδονίας
514 4238 609 4289 καὶ
650 4236 748 4307 τῆς
797 4236 1021 4308 θρᾲκης
1079 4237 1129 4288 οί
1175 4235 1641 4306 στρατηγοῦντες,
1709 4238 1809 4289 καὶ

226 4327 403 4396 Buri,
436 4328 701 4400 ἑτέρωθεν
741 4329 833 4382 καὶ
862 4332 911 4383 οί
942 4332 1006 4383 ἐκ
1042 4330 1428 4400 Ιιατζηνακίας
1469 4332 1811 4401 ἀποκρισιά·

232 4442 327 4489 pte:
372 4424 537 4477 πάλιν
564 4423 993 4488 διεόεσαιοῦντο,
1023 4426 1117 4478 καὶ
1146 4423 1411 4488 τοιούτοις
1455 4426 1668 4495 ῥήμασι
1714 4423 1811 4487 τάς

234 4522 452 4590 καρδίας
484 4520 663 4573 αὐτῶν
693 4520 975 4583 ἐσάλευον,
1005 4517 1059 4571 τί
1104 4522 1324 4591 φρονεῖν
1351 4520 1550 4581 αὐτοὺς
1583 4520 1692 4572 ἔδει
1720 4521 1813 4572 καὶ

232 4617 415 4676 ποιεῖν,
457 4611 734 4674 τοιαύται,
776 4615 1040 4685 πινηραῖς
1068 4612 1353 4681 ἀγγελίαις
1400 4614 1815 4684 ὲκταρασσομέ-

234 4723 347 4769 νους
379 4724 394 4772 ;
430 4700 561 4759 Οἶδα
590 4704 647 4759 δὲ
692 4707 775 4758 ὅτι
813 4705 1021 4777 κρίνειν
1074 4710 1379 4776 πράγματα
1430 4706 1658 4769 συνετὸς
1713 4703 1810 4767 ὢν,

233 4801 439 4863 πάντως
485 4798 861 4870 ὁμολογήσεις,
913 4798 989 4863 ὡς
1032 4800 1217 4851 ἐκεῖνα
1280 4799 1499 4870 φρονεῖν
1547 4798 1660 4851 ἔδει
1714 4802 1813 4852 παὶ

235 4895 416 4959 ποιεῖν,
456 4891 492 4945 ἃ
538 4892 678 4962 ὑπὲρ
704 4892 977 4963 σωτηρίας
1007 4894 1153 4955 είκος
1178 4888 1248 4964 ἦν
1278 4892 1630 4947 διανοεῖσθαι.

295 4984 501 5036 Τούτου
532 4982 739 5050 ἕνεκεν,
771 4986 896 5035 ὅσον
929 4986 1028 5050 ἐμὲ
1061 4984 1354 5054 πεισθῆναι
1380 4985 1525 5047 εἰκὸς
1561 4979 1629 5056 ἦν
1655 4983 1719 5050 ἐξ
1738 4978 1814 5040 ὧν

1911 3763 2128 3831 lugendi
2168 3764 2293 3819 belli
2325 3764 2563 3831 initium,
2598 3766 2840 3821 studium
2870 3783 3346 3840 compescuerunt.
3388 3773 3495 3829 Sed

1909 3854 1999 3913 dic
2047 3855 2180 3912 inibi
2215 3866 2269 3912 tu
2317 3873 2558 3929 quoque,
2603 3874 2827 3930 quaeso,
2888 3860 2962 3916 fili
3005 3863 3113 3929 mi,
3142 3863 3221 3919 ira
3252 3881 3498 3928 excussa

1913 3949 2205 4020 cerdisque
2245 3951 2638 4019 amaritudine,
2697 3952 2883 4008 omnia
2943 3966 3093 4011 recta
3145 3958 3497 4029 cogitatione,

1912 4044 2004 4113 qni
2041 4044 2277 4112 prudens
2310 4060 2390 4111 es,
2423 4045 2608 4115 judica
2659 4062 2676 4103 :
2712 4062 2836 4103 cum
2888 4048 3217 4107 Macedonia:
3245 4063 3297 4108 et
3328 4052 3502 4110 Thra-

1914 4140 2037 4191 ctiae
2070 4139 2241 4194 duces
2279 4150 2335 4195 et
2363 4156 2429 4195 ex
2478 4142 2649 4196 altera
2683 4153 2839 4213 parte
2882 4142 3057 4216 Bogas
3084 4154 3137 4201 et
3168 4148 3499 4204 Patzenacia:

1917 4231 2238 4301 apocrisarii
2269 4234 2437 4289 semel
2476 4243 2529 4289 et
2576 4250 2768 4290 rursus
2795 4247 3173 4293 asseverarent
3199 4248 3255 4293 et
3300 4242 3500 4295 talibus

1918 4326 2099 4382 verbis
2178 4328 2341 4382 corda
2411 4328 2642 4382 istorum
2714 4339 3150 4396 commorerent,
3182 4332 3310 4401 quid
3378 4334 3500 4391 illos

1915 4418 2121 4475 sentire
2163 4420 2498 4491 oportebat,
2566 4421 2769 4491 quidve
2829 4421 3031 4489 facere,
3101 4425 3338 4481 funestis
3393 4427 3498 4480 illis

1917 4518 2123 4574 nuntiis
2168 4517 2553 4588 perturbatos?
2604 4517 2745 4583 Scio
2776 4517 2948 4587 probe
3005 4528 3056 4573 te
3092 4518 3146 4573 in
3184 4519 3522 4621 judicandtsl

1917 4616 2086 4670 rebus
2114 4616 2445 4685 sapientem,
2478 4613 2715 4683 ideoque
2745 4612 3094 4670 conliteberis
3119 4629 3251 4669 sane
3284 4615 3405 4671 illos
3434 4633 3497 4671 ea

1918 4708 2228 4777 Oporluissc
2271 4707 2475 4762 sentire
2502 4715 2558 4762 et
2599 4720 2762 4775 agere
2794 4720 2917 4778 quae
2950 4721 3051 4777 pro
3107 4707 3283 4765 salute
3319 4721 3503 4767 essent

1917 4801 2299 4871 excogitanda.

1992 4986 2200 5059 Itaque,
2221 4997 2281 5042 ut
2302 4986 2433 5041 mihi
2450 4987 2574 5059 iure
2584 4986 2859 5061 persuasi,
2887 5002 2953 5045 ex
2973 4988 3061 5045 his
3077 5004 3201 5060 quae
3218 4999 3503 5048 assevera-

234 5072 692 5144 ὃιαῦεόαιούμενοι
732 5076 1211 5147 ἐπληροφόρησαν,
1253 5078 1285 5147 ἡ
1319 5073 1412 5128 τοῦ
1446 5078 1684 5146 στρατοῦ
1708 5077 1806 5145 γὲο

1917 5083 2116 5139 bantur
2132 5081 2678 5143 sineintermissioce
2694 5093 2813 5139 orta
2836 5093 2919 5139 est
2938 5084 3028 5139 illa
3050 5084 3318 5142 exercitus
3341 5087 3506 5141 colle-

236 5185 378 5237 γονεν
426 5168 661 5241 συλλογὴ
696 5171 791 5223 καὶ
821 5170 1170 5242 συγκίνησις,
1207 5169 1305 5224 καὶ
1340 5171 1373 5241 ή
1404 5170 1539 5241 πρὸς
1592 5170 1816 5244 [Istqu-

237 5267 448 5327 νακίτας
499 5264 824 5333 διάπεμψις,
875 5265 972 5334 οὐχ
1001 5265 1086 5317 ἵνα
1133 5264 1371 5334 πόλεμον
1422 5267 1812 5335 συγκροτήσω-

238 5374 328 5425 σιν,
368 5356 480 5409 οὐδ’
533 5357 619 5410 ἵνα
668 5358 761 5411 τοῦ
818 5356 914 5408 σοῦ
970 5355 1101 5409 λαοῦ
1159 5357 1378 5426 σφαγὰς
1413 5358 1813 5427 ὲνεργήσωαιν,

239 5450 340 5505 ἀλλ’
369 5451 511 5505 ὥστε
543 5451 702 5504 τοῦτο
744 5452 845 5519 μὲν
876 5452 1089 5514 ἑαυτοῖς
1120 5452 1582 5523 περιποιήσασθαι
1622 5452 1685 5506 τὸ
1718 5452 1818 5505 ἀσ-

237 5546 412 5616 φαλὲς,
441 5544 604 5598 τοῦτο
627 5544 685 5598 δὲ
717 5545 857 5599 ὥστε
895 5544 1049 5615 ὑμῶν
1081 5546 1353 5615 ἀνακόψαι
1378 5544 1477 5617 τὴν
1509 5544 1685 5615 ὁρμὴν
1709 5542 1819 5613 μά-

238 5657 335 5706 νον,
364 5640 437 5704 ὥς
472 5657 627 5708 φασι,
672 5643 770 5692 καὶ
806 5638 1081 5693 συστεῖλαι
1109 5640 1243 5709 πρὸς
1273 5640 1334 5693 τὸ
1382 5640 1455 5710 μὴ
1483 5638 1819 5711 ἐπιδραμεῖν

235 5735 320 5806 την
359 5732 680 5804 Ῥωμαϊκὴν
733 5733 938 5805 χώραν,
996 5732 1181 5797 καθὼς
1210 5735 1244 5805 ἡ
1283 5733 1391 5787 τῶν
1425 5733 1628 5787 ἀθλίων
1667 5730 1821 5786 ὲκεζο

239 5846 330 5882 νων
353 5828 666 5901 ἀνθρώπων
693 5827 784 5879 τοῦ
816 5844 871 5879 τε
903 5827 1065 5894 Βωγᾶ
1092 5830 1184 5881 καὶ
1211 5828 1319 5881 τῶν
1351 5831 1413 5882 ἐκ
1439 5827 1822 5897 Ιίῖτζηνάιιων

594 5924 871 5984 ΡΑΤΒΜ..
915 5932 1003 5982 ’un
1081 5925 1242 5985 CVI.

1925 5178 2033 5231 ctio
2066 5189 2232 5248 atque
2262 5186 2471 5243 motus,
2510 5193 2723 5233 necnon
2755 5186 2808 5233 ct
2839 5178 2906 5233 ad
2941 5177 3323 5236 Patzenacitas
3341 5194 3498 5248 expe-

1926 5270 2085 5335 ditio,
2106 5284 2214 5323 non
2249 5270 2316 5324 ad
2335 5272 2634 5340 gerendum
2664 5271 2892 5338 bellum,
2920 5288 3098 5344 neque
3124 5272 3191 5327 ad
3218 5273 3504 5328 caedendos

1928 5374 2052 5417 tuos
2071 5365 2323 5432 populos,
2350 5364 2443 5419 sed
2470 5373 2583 5420 tum
2606 5375 2663 5419 ut
2681 5382 2795 5421 sua:
2826 5366 3110 5422 securitati
3134 5366 3503 5437 providerent,

1927 5463 2042 5508 tum
2074 5465 2133 5508 ut
2161 5466 2403 5511 vestrum
2456 5457 2803 5514 solummodo
2856 5462 3121 5529 impetum
3156 5458 3501 5522 cohiberent,

1922 5558 1980 5602 ut
2020 5548 2193 5606 aiunt.
2231 5556 2399 5619 atque
2434 5550 2789 5619 prohiberent
2819 5565 2887 5605 ne
2930 5552 2984 5605 in
3019 5551 3297 5607 Romanas
3330 5560 3505 5606 terras

1926 5642 2233 5706 irrueretis,
2286 5644 2752 5713 quemadmodum
2814 5645 3265 5701 renuntiaverant
3317 5646 3503 5701 miseri

1926 5735 2004 5790 illi
2054 5737 2310 5791 homines
2362 5735 2647 5807 Bogasque
2684 5747 2738 5791 et
2788 5734 3266 5793 Patzenacitarum
3316 5737 3501 5809 legati,

1925 5832 2125 5900 quibus
2184 5829 2343 5885 ﬁdem
2415 5830 2791 5887 conciliabant
2839 5840 2895 5888 et
2956 5846 3244 5890 sermones
3301 5832 3502 5888 ducum

3107 5923 3143 5985 3
