3920 6124
380 297 452 357 79
1512 295 1821 356 NICOLM
1866 297 1978 361 (ΣΡ.

2098 290 2536 355 ιΤΗῐᾹῐὶϐῐῐΕ
3590 279 3665 344 80

384 417 553 473 atque
602 401 811 461 hedera
881 402 1021 460 inter
1080 403 1361 461 Romanos
1407 415 1463 462 et
1516 406 1780 475 llulgaros
1831 409 1968 461 inita

2098 405 2160 458 ιιά
2221 403 2318 457 τοῦ
2376 402 2767 473 παναχράντου
2836 398 3215 469 βαπτίσματος
3271 395 3362 448 τὸν
3419 394 3662 466 Χριστὸν

386 497 673 567 utriusque
699 498 990 569 potestatis
1013 497 1149 553 ﬁnes
1172 498 1697 555 determinaverunt.
1720 498 1972 555 Misimus

386 598 567 643 autem
592 589 658 644 ad
688 598 765 656 te,
794 590 889 657 ﬁli,
921 606 1031 645 non
1051 602 1110 646 ut
1144 590 1374 658 donum,
1409 593 1502 649 sed
1534 602 1594 647 ιιι
1616 592 1971 649 mediatorem

384 690 553 751 atque
578 681 876 747 vindicem,
908 693 1153 739 nostram
1190 687 1665 754 exhortationem;
1692 684 1897 742 Christi
1920 694 1976 741 et

386 771 482 829 Dei
531 775 705 831 nostri
757 775 946 831 divina
1009 780 1229 851 eloquia
1274 779 1339 835 ad
1383 795 1482 836 cor
1512 789 1665 836 tuum
1718 781 1973 837 misimus

382 866 628 939 prudens
676 878 752 935 et,
789 880 846 924 ut
870 872 1136 928 arbritror
1158 915 1173 939 ,
1207 885 1579 941 mansuetum,
1613 875 1829 929 etiamsi
1859 874 1976 931 dia-

384 959 496 1014 boli
519 961 778 1017 scandala
811 962 942 1018 illud
977 966 1457 1033 exacerbavcrint;
1484 967 1689 1036 quibus
1714 977 1974 1037 tanquam

384 1049 456 1106 ob
483 1051 676 1110 oculos
708 1053 915 1110 habens
943 1055 1089 1113 illius
1121 1057 1391 1113 salutares
1437 1057 1723 1126 passiones
1756 1059 1979 1127 sangui-

388 1158 627 1215 nemque
676 1160 896 1201 sacrum
931 1164 1031 1218 pro
1063 1149 1251 1202 mundi
1290 1163 1426 1219 pace
1455 1148 1711 1213 cll‘usum,
1741 1165 1847 1205 non
1881 1149 1976 1203 de.

387 1235 690 1305 dignabere
744 1253 897 1293 meos
941 1254 1257 1299 sermones.
1301 1240 1393 1295 sed
1437 1241 1691 1311 recipies,
1717 1251 1977 1311 tanquam

389 1326 537 1383 ﬁlius
554 1339 766 1398 patrem
789 1331 1090 1397 honoratis,
1120 1341 1341 1389 nostras
1361 1333 1790 1400 cohortationes,
1817 1344 1982 1404 atque

390 1419 592 1475 saeculo
615 1422 925 1492 exemplum
956 1424 1240 1496 relinques
1268 1426 1318 1479 in
1343 1425 1575 1495 gloriam
1603 1428 1786 1497 magni
1812 1426 1907 1482 Dei
1929 1437 1984 1484 et

390 1510 696 1571 Salvatoris
728 1515 924 1581 nostri,
956 1517 1012 1571 in
1044 1517 1262 1573 laudem
1290 1534 1511 1589 quoque
1545 1518 1646 1579 tui.
1681 1530 1735 1575 et
1758 1560 1773 1581 .
1799 1520 1845 1577 si
1877 1522 1979 1586 vis,

363 1608 567 1664 .tlicam
603 1610 735 1676 mei,
764 1625 829 1666 ac
860 1612 914 1667 in
951 1612 1294 1683 gloria:ionis
1324 1616 1613 1670 materiam
1647 1618 1783 1671 mihi
1804 1661 1818 1679 ,
1841 1632 1982 1687 quo-

390 1702 537 1755 niam
585 1702 757 1757 ﬁlium
816 1703 1098 1760 habuerim
1128 1706 1357 1761 docilem
1404 1723 1645 1780 utraeque
1684 1710 1984 1766 senectutis

2076 497 2173 551 καὶ
2201 495 2339 549 Θεὸν
2360 495 2471 548 τῶν
2513 494 2659 549 ὅλων
2692 491 3015 561 ἐπιγνῶναι,
3050 490 3147 544 καί¹
3186 490 3258 542 τά
3312 488 3664 558 γεγενημένα

2075 590 2199 645 τότε
2233 589 2503 659 σύμφωνα
2520 587 2632 642 τῶν
2656 605 2715 640 τε
2752 585 3044 655 Ῥωμαίων
3072 586 3166 638 καὶ
3198 582 3529 654 Βουλγάρων
3564 578 3669 649 τὴν

2083 682 2442 752 ἐπικράτειαν
2469 679 2777 752 διορίζοντα
2810 676 3273 748 συμπεφώνηται.
3313 673 3688 730 ’Δπεστείλαε

2081 792 2183 847 μεν
2224 775 2281 828 δὲ
2320 773 2421 846 οὐχ
2478 774 2555 839 ὡς
2606 773 2805 845 δῶρον,
2855 771 2972 827 ἀλλ’
3034 770 3109 836 ὡς
3172 770 3401 841 μεσίτην
3447 769 3673 825 καλοί-

2079 868 2339 924 κειοῦντα
2369 867 2472 941 τὴν
2502 866 2682 939 ἡμῶν,
2710 866 2908 922 τέκνον
2940 866 3095 936 ἐμὸν,
3128 863 3458 935 παραίνεσιν
3501 864 3571 935 τῇ
3599 864 3671 932 σῇ

2080 963 2323 1035 φρονίμη
2348 963 2442 1017 καὶ
2475 960 2703 1033 πραεία,
2747 959 2824 1023 ὡς
2870 957 2983 1026 ἐγὼ
3040 957 3326 1028 πείθομαι,
3366 954 3589 1028 καρδίᾳ,
3622 955 3675 1008 εἰ

2079 1060 2174 1112 καὶ
2198 1057 2266 1111 τά
2297 1056 2395 1113 τοῦ
2442 1056 2684 1128 πονηροῦ
2720 1054 2994 1110 σκάνδαλα
3051 1050 3263 1122 ταύτην
3316 1051 3674 1121 ἐξετράχυνε.

2080 1150 2152 1206 τά
2183 1150 2305 1205 θεῖα
2327 1148 2425 1204 τοῦ
2480 1149 2724 1217 Χριστοῦ
2780 1150 2876 1203 καὶ
2918 1146 3055 1201 Θεοῦ
3115 1163 3220 1217 μου
3255 1144 3450 1214 λόγιαο
3492 1144 3561 1197 δι’
3595 1133 3677 1195 ὧν

2081 1241 2272 1312 ὥσπερ
2295 1242 2355 1294 ἐν
2375 1239 2682 1311 ὀφθαλμοῖς
2713 1240 2856 1310 ἔχων
2904 1239 2976 1292 τά
3002 1239 3217 1292 ἐκείνου
3268 1237 3514 1309 σωτήρια
3561 1232 3678 1288 τῶν

2083 1333 2391 1406 ἀνθρώπων
2448 1334 2621 1407 πάθη,
2656 1335 2717 1389 τὸ
2756 1333 2971 1388 ἐκείνου
3019 1330 3263 1387 κενωθέν
3314 1331 3472 1400 ἀγιον
3532 1322 3679 1399 αἷμα

2083 1429 2226 1501 ὑπὲρ
2255 1432 2485 1503 εἰρήνης
2505 1431 2602 1485 τοῦ
2644 1429 2876 1499 κόσμου,
2913 1428 2988 1501 μὴ
3016 1428 3143 1492 τοὺς
3188 1427 3359 1497 ἐμοὺς
3388 1424 3680 1495 ἀτιμάσῃς

2086 1522 2306 1594 λόγους,
2342 1524 2483 1578 ἀλλά
2511 1522 2665 1589 δέξαι
2708 1523 2785 1587 ὡς
2814 1524 3010 1577 τικνον
3042 1522 3211 1593 τιμᾷν
3244 1520 3484 1589 πατέρα,
3517 1516 3683 1581 είδὼς

2085 1618 2187 1680 τάς
2227 1617 2510 1690 ἡμετερας
2564 1616 2945 1688 παραινέσεις,
3002 1616 3098 1670 καλ⁸
3150 1613 3419 1668 κατάλιπε
3467 1610 3546 1683 τῷ
3577 1608 3683 1680 βίῳ

2088 1711 2451 1785 παράδειγμα
2489 1712 2569 1776 είς
2619 1711 2781 1776 δόξαν
2833 1709 2936 1779 μέν
2991 1707 3086 1762 τοῦ
3137 1707 3377 1777 μεγάλου
3414 1702 3551 1758 Θεοῦ
3585 1702 3687 1757 καὶ

394 1804 802 1864 veneratorem,
839 1798 933 1870 qui
968 1800 1246 1855 scandulis
1279 1801 1513 1858 funestis
1536 1812 1701 1872 atque
1724 1803 1980 1871 pessimis

2098 1804 2337 1875 Εωτῆρος
2377 1802 2559 1875 ἡμῶν,
2596 1804 2677 1868 είς
2736 1803 3004 1874 καύχημα
3029 1800 3087 1855 δὲ
3137 1800 3251 1867 σὸν,
3287 1794 3467 1870 βούλει
3507 1794 3682 1865 λέγω,

391 1904 423 1942 a
457 1889 681 1945 diabolo
713 1890 855 1945 forte
883 1894 1128 1949 evocatis
1176 1909 1520 1966 accensoque
1564 1894 1977 1966 inextinguibili

2098 1898 2175 1951 ιαὶ
2196 1898 2257 1951 τὸ
2291 1897 2444 1970 ἐμὸν.
2481 1897 2577 1952 καὶ
2625 1897 2709 1959 εἰς
2750 1893 3145 1967 σεμνολόγημα
3170 1893 3333 1962 ἐμοὶ,
3365 1891 3451 1945 ὅτι
3496 1885 3687 1943 τοιοῦ-

394 1980 672 2049 incendio,
696 1982 906 2039 nefario
925 1982 1160 2040 daemonii
1186 2002 1292 2041 non
1314 1986 1561 2057 permisit
1600 1987 1854 2043 incendio
1872 2003 1903 2042 a
1921 2002 1980 2045 sc

2098 2009 2173 2045 ιον
2195 1990 2356 2062 ἔσχον
2388 1990 2503 2045 υίὸν
2522 1990 2753 2060 εὐπειθῆ
2772 1990 2869 2044 καὶ
2890 1990 2991 2059 τὴν
3015 1987 3157 2059 ἐμὴν
3179 1986 3373 2041 πολιάν
3398 1984 3680 2055 τιμῶντα,

395 2090 631 2132 accenso
673 2076 886 2133 diutius
922 2078 1167 2150 gloriari,
1198 2082 1293 2136 sed
1321 2081 1555 2137 senioris
1585 2081 1760 2152 patris
1801 2081 1979 2153 lacry-

395 2164 502 2220 mis
537 2166 941 2237 gemitibusque
970 2181 1024 2223 et
1055 2170 1339 2226 doloribus
1400 2172 1598 2227 cedens
1622 2213 1639 2240 ,
1666 2182 1987 2228 mansuetu-

392 2256 511 2313 dini
530 2267 587 2315 et
608 2260 970 2317 moderationi
991 2263 1058 2319 de
1083 2264 1253 2318 animi
1288 2266 1656 2322 amaritudine
1695 2267 1982 2323 victoriam

389 2353 691 2420 eonteessit,
724 2363 891 2425 atque
928 2356 1116 2413 cordis
1148 2358 1331 2428 ignem
1362 2360 1744 2431 exstinguens,
1778 2362 1903 2417 belli
1930 2370 1988 2419 et

395 2458 589 2515 pugna
638 2446 781 2507 mala
819 2448 872 2502 in
916 2464 1142 2519 pacem,
1175 2451 1526 2507 dilectionem
1583 2464 1638 2509 et
1683 2453 1985 2509 amicitiam

397 2543 780 2596 commutavit.
845 2541 1003 2597 Faait
1065 2542 1227 2607 Deus,
1286 2544 1333 2600 si
1378 2560 1555 2615 usque
1607 2546 1772 2601 modo
1827 2548 1985 2618 (proh

396 2632 604 2690 diaboli
634 2636 1011 2708 malignitas!)
1038 2651 1147 2691 non
1171 2637 1300 2692 sivit
1327 2636 1645 2693 inviolatam
1674 2637 1847 2694 fuisse
1866 2655 1988 2694 eam

397 2741 628 2797 pacem,
664 2727 864 2781 amodo
926 2725 1042 2783 fore
1099 2728 1167 2783 ab
1214 2729 1364 2784 omni
1416 2729 1621 2785 damno
1669 2740 1832 2800 atque
1880 2732 1993 2787 dis-

398 2820 659 2875 sensione
710 2818 1088 2886 incolumem.
1143 2822 1525 2893 dmntonisquo
1597 2823 1818 2879 invidia:
1879 2839 1991 2881 non

398 2915 696 2971 obnoxiam
722 2956 737 2978 .
760 2915 857 2973 sed
889 2916 1160 2972 ﬁrmatam
1193 2917 1453 2971 ﬁrmitate
1475 2918 1627 2988 pacis
1660 2917 1805 2974 illius
1826 2934 1991 2988 quam

399 3007 624 3073 reliquit
651 3006 926 3074 Christus,
949 3008 1092 3063 Deus
1114 3018 1299 3064 noster
1314 3007 1565 3075 etPater,
1586 3007 1655 3063 iis
1686 3011 1784 3079 qui
1815 3010 1993 3081 ipsum

398 3097 614 3153 Patrem
643 3098 977 3155 conﬁtentur
1003 3110 1061 3155 et
1085 3101 1316 3173 gloriam
1365 3101 1487 3173 ejus
1529 3110 1697 3173 atque
1719 3100 1999 3158 heredita-

398 3202 507 3248 tem
538 3191 883 3250 desiderant.

2083 2084 2147 2151 ὃς
2175 2101 2309 2138 ποτε
2347 2084 2443 2138 τοῦ
2475 2083 2722 2156 πονηροῦ
2767 2082 3027 2152 δαίμονος
3054 2080 3338 2137 σκάνδαλα
3386 2076 3545 2133 δεινά
3585 2075 3689 2131 καὶ

2078 2177 2325 2251 ⁸μέγιστα
2374 2178 2737 2248 ἐμϐαλόντος,
2766 2177 2866 2231 καὶ
2898 2174 3115 2240 τούτοις
3144 2171 3341 2243 ὥσπερ
3395 2169 3688 2242 πυρκαϊάν

2087 2273 2500 2344 ἀναφλέξαντος
2524 2272 2957 2337 ἀκατάσσεστον,
2989 2272 3092 2325 οὐκ
3137 2270 3341 2324 ἔδωκεν
3390 2266 3576 2339 χώραν
3604 2262 3693 2335 τῷ

2087 2367 2314 2439 πονηρῷ
2341 2365 2560 2438 δαίμονι
2607 2366 2701 2420 ἐπὶ
2732 2364 2871 2420 πολὺ
2906 2361 3287 2434 ἐγκαυχᾶσθαι
3312 2361 3380 2431 τῇ
3412 2358 3545 2428 παρ’
3587 2356 3691 2413 αὖ-

2086 2461 2185 2516 τοῦ
2206 2461 2506 2535 ἐξαφθείσῃ
2532 2460 2810 2532 πυρκαιᾷ·
2850 2458 2987 2514 ἀλλά
3021 2456 3283 2528 γέροντος
3309 2453 3518 2523 πατρὸς
3567 2450 3691 2514 τοῖς

2088 2554 2324 2627 δάκρυσι
2340 2552 2596 2626 προσχὼν
2612 2554 2707 2607 καὶ
2724 2553 2836 2616 τοῖς
2848 2551 3113 2623 ὀδυρμοῖς
3132 2550 3355 2612 καὶτοῖς
3376 2548 3519 2619 ἀλγή
3528 2562 3691 2618 μασι,

2094 2649 2173 2718 τῷ
2196 2648 2361 2719 πράῳ
2379 2648 2474 2701 xui.
2508 2646 2749 2701 ἐπιεικεῖ
2775 2644 2946 2698 ἔδωκε
2985 2642 3206 2713 νικῆσαι
3234 2640 3337 2709 τῆς
3371 2639 3553 2710 ψυχῆς
3586 2637 3689 2710 τὴν

2093 2737 2347 2811 πικρίαν,
2364 2737 2537 2791 καὶτὸ
2556 2738 2669 2811 πῦρ
2692 2734 3006 2799 ἀποσϐέσας
3024 2734 3118 2789 τοῦ
3137 2732 3337 2803 θυμοῦ,
3355 2731 3425 2785 τά
3451 2732 3551 2801 τῆς
3582 2730 3690 2801 μά-

2100 2848 2205 2901 χης
2230 2829 2443 2902 χαλεπά
2471 2831 2567 2883 καὶ
2596 2829 2693 2883 τοῦ
2721 2829 2986 2895 πολέμου,
3014 2826 3320 2899 μετέσαλεν
3340 2825 3423 2890 εἰς
3457 2824 3696 2895 εἰρήνην

2102 2926 2199 2978 καὶ
2221 2923 2453 2993 ἀγάπην
2476 2923 2573 2977 καὶ
2604 2922 2814 2992 φιλίαν.
2840 2922 2944 2976 Ἢν
2977 2920 3251 2992 παράσχοι
3289 2916 3445 2983 Θεὸς,
3499 2918 3551 2972 εί
3595 2916 3696 2970 καὶ

2100 3015 2263 3087 μέχρι
2292 3015 2388 3071 τοῦ
2420 3015 2536 3081 νῦν,
2564 3013 2667 3085 φεῦ
2703 3014 2803 3086 τῆς
2836 3013 2932 3069 τοῦ
2977 3011 3221 3086 πονηροῦ
3250 3010 3522 3082 ἐπηρείας
3546 3010 3561 3063 l
3589 3008 3695 3064 οὐκ

2098 3109 2315 3179 ἀφῆκεν
2335 3112 2773 3182 ἀνεπηρέαστον,
2790 3107 2907 3163 ἀλλ’
2928 3108 3042 3162 ἀπό
3068 3125 3131 3176 γε
3158 3107 3257 3163 τοῦ
3282 3106 3555 3178 παρόντος
3573 3104 3697 3159 δια-

2013 3194 2055 3252 C
2085 3203 2308 3258 τελέσαι
2343 3202 2625 3275 ἀνωτέραν
2650 3202 2824 3275 αὐτὴν
2852 3201 3035 3271 πάσης
3068 3201 3271 3273 βλάϐης
3296 3200 3393 3255 καὶ
3425 3198 3683 3271 διχοστα-

402 3286 547 3351 σίας,
569 3287 665 3341 καὶ
694 3286 791 3341 τοῦ
822 3286 1019 3358 φθόνου
1050 3286 1145 3341 τοῦ
1172 3287 1426 3359 δαίμονος
1455 3287 1743 3359 κρείττονα
1779 3287 2168 3361 διαμένουσαν,
2206 3298 2302 3350 καὶ
2336 3296 2860 3367 κατησφαλισμένην
2884 3297 2951 3367 τῇ
3015 3292 3292 3366 ἀσφαλείᾳ
3317 3291 3418 3360 τῆς
3450 3292 3684 3363 εἰρήνης

400 3380 639 3451 ἐκείνης,
666 3382 738 3454 ἢν
791 3380 1084 3436 κατέλιπεν
1105 3386 1133 3433 ό
1168 3382 1404 3453 Χριστὸς
1434 3384 1527 3437 καὶ
1547 3382 1682 3448 Θεὸς
1718 3382 1897 3455 ἡμῶν,
1927 3386 2025 3439 καὶ
2060 3387 2276 3460 Πατὴρ,
2310 3390 2424 3453 τοῖς
2451 3387 2811 3459 ὁμολογοῦσιν
2852 3386 3017 3440 αὑτὸν
3054 3386 3303 3458 Πατέρα,
3330 3380 3426 3439 καὶ
3454 3384 3556 3455 τὴν
3588 3380 3693 3439 αὐ.

401 3474 495 3531 τοῦ
523 3474 849 3531 ἐπιποθοῦσι
878 3476 1039 3544 δόξαν
1077 3476 1172 3532 καὶ
1208 3476 1599 3547 κληρονομίαν.

476 3575 712 3632 Litteras
751 3575 845 3646 qui
882 3574 1144 3646 portabit,
1180 3574 1266 3629 ille
1292 3582 1384 3630 tua
1414 3574 1797 3631 benevolentia
1842 3573 2000 3630 l‘rua-

405 3683 516 3738 tur,
548 3680 603 3726 et
639 3671 861 3743 quidem
894 3670 968 3725 ob
1010 3685 1167 3725 suam
1206 3668 1465 3725 virtutem
1509 3688 1521 3723 :
1567 3686 1710 3725 unus
1739 3669 1886 3725 enim
1917 3676 2003 3725 est

402 3781 469 3821 es
500 3764 713 3838 Olympi
743 3763 966 3830 ascetis,
1002 3762 1125 3818 ﬁdei
1152 3774 1335 3817 tamen
1368 3762 1596 3817 verbum
1630 3767 1771 3817 inter
1798 3761 2003 3817 Alanos

410 3861 467 3917 ιιι
502 3860 703 3915 virtute
737 3858 978 3928 Spiritus
1009 3857 1187 3913 sancti
1221 3855 1623 3920 disseminavit,
1647 3864 1811 3925 atque
1833 3868 1862 3907 a
1894 3854 2003 3909 Deo

411 3953 621 4023 accepit
655 3951 857 4007 divinis
890 3950 1155 4021 apostolis
1190 3950 1336 4004 haud
1368 3952 1546 4019 impar
1588 3949 1954 4005 ministerium
1984 3965 2000 4014 ;

411 4048 691 4121 quassatis
720 4054 849 4103 sunt
881 4047 948 4102 ad
976 4044 1383 4101 conciliandum
1415 4058 1540 4098 eum
1601 4050 1766 4113 atque
1812 4042 2004 4097 unien-

412 4145 544 4201 dum
578 4142 904 4198 venerandae
933 4148 1041 4197 tua:
1070 4139 1344 4209 maiestati
1375 4156 1391 4206 ;
1435 4145 1491 4195 et
1521 4139 1566 4193 si
1590 4153 1699 4209 qua
1720 4145 1802 4191 est
1830 4136 2004 4190 nostri

415 4239 556 4310 apud
577 4248 630 4292 te
656 4235 821 4299 ratio.
844 4250 966 4291 esse
984 4243 1169 4289 autem
1188 4247 1301 4289 non
1328 4232 1464 4287 mihi
1486 4231 1715 4287 dubium
1730 4240 1835 4297 est,
1860 4229 1932 4285 ob
1952 4230 2005 4286 id

413 4345 639 4403 quoque
674 4340 767 4385 tua
804 4327 914 4383 l‘rui
951 4326 1334 4383 benevolentia
1377 4326 1577 4395 dignus
1604 4323 1892 4386 habeatur,
1926 4330 2008 4376 at-

2194 3574 2254 3628 ὐ
2284 3573 2342 3628 δὲ
2372 3573 2467 3628 τοῦ
2519 3571 2853 3646 γράμματος
2898 3573 3281 3646 ἀποκομιστὴς
3327 3572 3704 3637 ἀπολαυσάτω

2098 3670 2197 3741 τῆς
2221 3670 2320 3742 σῆς
2344 3671 2664 3732 ἐπιεικείας,
2688 3668 2845 3722 τοῦτο
2860 3668 2959 3740 μὲν
2974 3669 3062 3723 διά
3081 3667 3179 3739 τὴν
3202 3667 3515 3741 προσοῦσαν
3545 3669 3704 3743 αὐτῷ

2104 3762 2325 3833 ἀρετὴν,
2360 3762 2455 3816 καὶ
2468 3763 2577 3831 γάρ
2594 3761 2624 3815 δ
2641 3760 2930 3833 ἄνθρωπός
2953 3762 3069 3817 ἐστι
3090 3761 3193 3831 μὲν
3222 3761 3330 3816 τῶν
3348 3762 3408 3817 ὲν
3432 3761 3705 3835 Ὀλύμπῳ

2101 3853 2361 3925 ἀσκητῶν
2395 3853 2835 3924 καθηγούμενος,
2864 3854 2929 3907 οὐ
2964 3852 3070 3923 μὶν
3102 3853 3242 3909 ἀλλά
3272 3854 3368 3909 καὶ
3394 3854 3491 3909 τὸν
3534 3854 3706 3924 λόγον

2099 3950 2203 4018 τῆς
2228 3947 2469 4010 πίστεως
2518 3949 2578 4001 ἐν
2614 3946 2863 4010 Ἀλανοῖς
2900 3939 3060 4011 οὗτος
3110 3948 3169 4001 ἐν
3216 3949 3283 4017 τῇ
3340 3946 3574 4019 δυνάμει
3603 3948 3702 4004 τοῦ

2106 4038 2377 4107 παναγίου
2431 4036 2658 4109 εσπειρε
2697 4035 3038 4109 Πνεύματος,
3087 4036 3183 4092 καὶ
3242 4038 3335 4092 ῐσα
3371 4038 3486 4103 τοῖς
3533 4038 3707 4105 θείοις

2105 4131 2435 4196 ἀποστόλοις
2470 4130 2860 4203 λειτουργῆσαι
2902 4130 3058 4202 παρά
3106 4131 3246 4187 Θεοῦ
3299 4133 3706 4206 ἀποκεκλήρω-

2103 4244 2216 4281 ται.
2264 4227 2421 4281 Ἐστι
2451 4226 2551 4297 μέν
2580 4225 2678 4281 οῦν
2716 4226 2890 4281 ταῦτα
2917 4225 3154 4298 μέγιστα
3180 4226 3319 4299 πρὸς
3355 4227 3419 4282 τὸ
3435 4228 3706 4300 συστῆσαι

2109 4320 2276 4375 αὐτὸν
2306 4320 2403 4375 καὶ
2432 4319 2737 4382 οἰκειῶσαι,
2761 4318 2955 4374 τέκνον
2981 4320 3164 4391 ἡμῶν,
3200 4322 3269 4392 τῇ
3300 4322 3368 4392 σῇ
3392 4319 3710 4393 θεοτιμήτῳ

414 4442 522 4496 que
537 4426 703 4481 citius
727 4424 792 4478 ad
819 4438 919 4479 nos
940 4430 1271 4477 revertatur.
1298 4419 1447 4475 Bene
1465 4417 1736 4473 valentem
1758 4426 1812 4472 te
1829 4430 1991 4471 serve

2110 4411 2533 4485 ἐξουσίαι-εἶδέ
2560 4411 2645 4476 τίς
2669 4414 2807 4477 ἐστι,
2836 4412 2933 4466 καὶ
2978 4413 3141 4486 ἡμῶν
3192 4412 3344 4485 παρά
3389 4414 3475 4467 σοὶ
3520 4413 3704 4482 λόγος,

416 4518 673 4598 Christus
706 4515 851 4571 Deus
874 4527 1063 4571 noster
1092 4524 1148 4569 et
1178 4520 1362 4569 mente
1395 4520 1451 4568 et
1494 4525 1725 4582 corpore
1747 4548 1764 4574 ,
1797 4509 1991 4579 tibiqm

2112 4507 2213 4560 οὐκ
2250 4503 2579 4577 ἀμφιδάλλω
2630 4502 2688 4558 δὲ
2719 4504 2937 4569 πάντως
2985 4505 3070 4560 ὅτι
3112 4505 3259 4573 ἐστὶ,
3291 4508 3387 4561 καὶ
3428 4506 3518 4562 διά
3545 4506 3711 4561 τοῦτο

418 4610 511 4669 det
560 4626 624 4666 ea
655 4610 924 4680 cogitare,
957 4620 1153 4663 curare
1185 4613 1242 4661 et
1270 4617 1436 4681 agere
1474 4617 1597 4674 quae
1631 4615 1685 4658 te
1728 4603 1783 4656 in
1829 4601 1991 4655 futuri

2113 4598 2405 4670 ἀξιωοήτω
2449 4602 2550 4671 τῆς
2594 4599 2695 4670 σῆς
2748 4599 3054 4663 ἐπιεικείας
3112 4598 3448 4667 ἀπολαῦσαι,
3479 4599 3577 4655 καὶΙ
3615 4599 3710 4657 διὰ

419 4706 626 4762 saeculo
681 4703 830 4773 illius
857 4702 1045 4773 gloria:
1080 4699 1351 4756 haeredem
1411 4696 1638 4760 faciant,
1679 4695 1991 4752 beatissima

2115 4692 2318 4764 τάχους
2371 4691 2477 4766 τὴν
2534 4692 2673 4766 πρὸς
2723 4693 2875 4765 ἡμᾶς
2930 4693 3287 4749 ἐπανέλευσιν
3348 4693 3706 4766 ποιήσασθαι.

421 4799 629 4869 gloriae,
678 4796 976 4866 suavisque
1038 4790 1362 4864 voluptatis,
1396 4805 1521 4846 eum
1570 4788 1714 4846 Deus
1744 4789 1885 4843 inter
1918 4802 1991 4842 e01

2128 4786 2477 4859 Ἐρρωμένον
2531 4802 2595 4840 σε
2646 4786 2875 4855 φυλάξοι
2928 4786 3166 4857 Χριστὸς
3194 4787 3381 4852 όΘεὸς
3427 4784 3587 4859 ⁴ἡμῶν
3611 4787 3711 4843 καὶ

419 4893 517 4963 qui
568 4890 674 4949 sibi
714 4891 1045 4963 placuerint,
1083 4887 1299 4943 medius
1350 4894 1544 4949 stans,
1588 4883 1699 4941 illis
1749 4890 1991 4953 tanquau

2112 4878 2262 4952 ψυχῇ
2300 4877 2399 4933 καὶ
2433 4877 2674 4951 σώματι,
2698 4879 2886 4933 ἐκεῖνα
2925 4877 3022 4933 καὶ
3058 4879 3363 4950 φρονοῦντα
3399 4880 3497 4935 καὶ
3543 4879 3712 4953 μελε-

421 4985 529 5041 diis
560 4982 1007 5054 incorruptibiles
1047 4979 1276 5038 delicias
1323 4976 1639 5037 distribuet.

2114 4971 2297 5028 τῶντα
2352 4972 2447 5027 καὶ
2478 4970 2811 5039 πράττοντα,
2866 4970 2969 5026 ὅσα
3022 4971 3200 5046 ἐντῷ
3251 4973 3505 5045 μέλλοντι
3547 4969 3712 5028 αἰῶνι

422 5085 524 5158 τῆς
553 5084 770 5141 ἐκείνου
800 5083 1143 5155 κληρονόμον
1200 5079 1542 5151 καταστησοι
1570 5075 1753 5145 δόξης,
1788 5076 1892 5146 τῆς
1919 5074 2090 5136 δντως
2154 5068 2434 5142 μακαρίας
2498 5066 2660 5139 δόξης
2692 5066 2791 5122 καὶ
2858 5066 3101 5141 τερπνῆς
3163 5066 3449 5137 γλυκείας,
3488 5065 3577 5120 ὅτε
3599 5065 3713 5121 τῶν

426 5181 919 5255 εὐαρεστησάντων
967 5177 1118 5250 αὐτῷ
1152 5177 1212 5232 ἐν
1253 5174 1405 5248 μόσῳ
1459 5173 1594 5235 Θεὸς
1651 5169 1728 5225 ὣν
1756 5168 1831 5233 ὡς
1866 5167 2009 5232 θεοῖς
2043 5164 2453 5237 καθιστάμενος
2494 5160 2594 5229 τὰς
2638 5162 2903 5235 διανομὰς
2972 5162 3203 5236 παρέξει
3272 5162 3383 5219 τῶν
3413 5163 3715 5238 ἀφθάρτων

427 5277 809 5338 ἀπολαύσεων.

990 5411 1063 5469 X.
1097 5411 1179 5466 Ad
1203 5409 1464 5468 eumdem.

2724 5394 2784 5455 ι’.
2823 5396 2907 5464 Τῷ
2951 5396 3138 5462 αὐτῷ.

504 5556 720 5614 Dictum
752 5551 883 5609 illud
914 5555 1092 5621 ipsum
1124 5547 1270 5620 quod
1303 5546 1357 5602 in
1386 5544 1564 5617 capite
1602 5555 1707 5599 tute
1747 5542 2025 5613 praeclara:

434 5664 599 5725 atque
649 5646 911 5721 sapientis
949 5643 1194 5719 epistola
1238 5640 1493 5712 posuisti,
1528 5653 1629 5710 ego
1669 5652 1889 5711 quoque
1935 5636 2026 5693 hic

435 5744 493 5800 in
537 5743 717 5813 capite
766 5754 934 5811 pano.
989 5738 1062 5792 lili
1107 5735 1204 5801 mi,
1239 5735 1283 5792 si
1320 5744 1499 5788 tamen
1534 5731 1705 5787 ﬁlium
1743 5730 2026 5785 nominare

434 5844 669 5909 oportet,
692 5836 784 5907 qni
816 5844 1023 5904 patrem
1050 5829 1251 5903 injuria
1294 5826 1491 5895 allicit;
1526 5836 1680 5897 pater
1718 5834 1897 5881 tamen
1932 5822 2027 5880 tibi

2197 5540 2339 5599 Αὐτὸ
2389 5538 2548 5597 τοῦτο
2601 5541 2701 5609 τῆς
2747 5536 2923 5606 καλῆς
2960 5536 3057 5591 καὶ
3091 5534 3365 5608 φρονίμης
3422 5532 3713 5605 ἐπιστολῆς

2127 5651 2223 5689 σου
2277 5634 2336 5688 τὸ
2375 5630 2799 5705 προηγούμενον
2862 5630 3039 5703 ῥῆμα,
3076 5626 3233 5697 κάγὼ
3294 5624 3715 5700 προηγούμενον

2124 5728 2342 5797 τίθημι,
2389 5727 2578 5779 τέκνον
2636 5722 2816 5795 ἡμῶν,
2871 5721 3029 5795 εἴπερ
3059 5721 3144 5776 δεῖ
3197 5720 3393 5775 τέκνον
3439 5719 3630 5772 καλεῖν
3653 5717 3714 5773 τὸ

2129 5820 2354 5895 ὑϐρίζον
2384 5820 2598 5893 πατέρα
2632 5820 2850 5883 τέκνον,
2880 5814 3062 5888 πατὴρ
3096 5814 3151 5868 δὲ
3207 5813 3316 5881 σὸς,
3364 5811 3427 5867 ἀν
3454 5828 3509 5866 τε
3547 5809 3715 5884 βούλῃ
