3962 6140
240 312 295 376 81
1680 313 2095 377 EPISTOLE.
3424 317 3497 381 82

240 312 295 376 81
1680 314 1807 377 EPt

238 425 296 478 ἄν
323 439 379 477 τε
415 423 492 496 μὴ
522 423 728 500 βούλῃ,
762 424 1064 490 ἐπίσκοπος
1112 424 1162 481 εί
1213 426 1310 479 καὶ
1344 422 1633 496 ἐλάχιστος
1662 425 1693 480 6
1718 424 1811 495 τὴν

1913 314 2095 376 ΟΙΑΕ.
3424 317 3496 381 82

1920 429 2027 488 est,
2065 420 2199 479 velis
2230 422 2392 491 nolis,
2420 422 2732 497 episcopus,
2761 439 3075 497 quanquam
3100 426 3381 495 minimus,
3402 431 3496 500 qui

236 520 306 581 εἰς
329 517 457 571 Θεὸν
484 518 565 589 μη
596 519 997 592 ἀπηρνημένος
1026 518 1334 576 εὐσίδειαν.
1361 516 1475 574 Καὶ
1502 516 1615 590 γὰρ
1643 519 1690 573 εί
1724 517 1820 573 καὶ

239 610 571 681 ἁμαρτωλοὶ,
598 610 722 666 ἀλλ’
747 612 848 682 οὐχ
891 611 1036 684 ὑμᾶς
1070 610 1365 666 ἐπίσκοποι
1419 612 1616 683 κριτάς
1661 608 1822 682 ἔχου-

238 719 346 759 σιν·
390 703 552 775 ὑμῶν
578 704 644 760 δὲ
705 704 895 778 κριταὶ
938 704 1307 776 τυγχάνουσιν
1339 706 1390 761 οι
1423 704 1735 769 ἐπίσκοποι,
1773 704 1829 760 εί

235 814 291 864 γε
320 798 414 867 τῆς
441 796 703 866 Χριστοῦ
752 797 960 870 ἀγέλης
997 798 1144 864 εστὶ,
1186 799 1283 854 καὶ
1334 797 1412 870 μὴ
1462 798 1565 871 τῆς
1606 797 1820 853 ἐκείνου

237 890 458 962 ποίμνης
505 890 904 964 πλανώμενον
959 889 1078 947 ἀλλ’
1129 890 1553 963 δμωράνθημεν,
1585 890 1659 958 ὼς
1685 890 1822 961 ἔφης

213 962 258 1037 ίὸ
282 988 546 1055 φρόνιμος
572 983 644 1038 σύ
672 1000 689 1018 ·
720 962 1180 1057 εὐχαριστοῦμεν.
1223 983 1303 1057 τις)
1360 984 1483 1057 θεῷ
1536 984 1698 1058 ἡμῶν
1740 985 1820 1057 τῷ

233 1075 514 1146 χάριν.τῶν
566 1076 868 1148 ἁμαρτιῶν
892 1079 1053 1149 ἡμῶν
1099 1078 1184 1145 είς
1221 1077 1283 1133 τδ
1310 1077 1512 1150 ἔδαφος
1549 1079 1697 1151 ἡμᾶς
1718 1082 1820 1153 τῆς

235 1164 432 1237 ὕϐρεως
453 1165 716 1239 ῥίψαντι.
750 1165 896 1221 Ἀλλ’
911 1167 1033 1222 εἰπέ
1058 1184 1171 1240 μοι,
1193 1170 1223 1224 6
1244 1167 1410 1239 σοφὸς
1428 1170 1494 1225 σὺ
1508 1168 1607 1225 καὶ
1629 1186 1820 1243 φρονι-

236 1256 493 1331 μώτατος,
516 1259 574 1314 εί
592 1258 712 1330 εγὼ
729 1258 915 1332 μωρὸς
930 1261 959 1315 6
970 1260 1203 1332 γηραιὸς
1220 1260 1423 1333 πατὴρ,
1441 1262 1535 1317 καὶ
1551 1261 1818 1319 δυσωπῶν

232 1351 383 1405 παῖδα
402 1351 637 1406 νεανίαν
653 1352 800 1425 ὑπὲρ
813 1353 1064 1426 είρήνης,
1084 1352 1225 1425 ύπὶρ
1241 1352 1708 1427 διαλ).αγῆς,ύπὲρ
1722 1354 1817 1412 τοῦ

232 1442 377 1514 λῆξαι
435 1443 763 1517 κενούμενα
829 1445 1179 1517 Χριστιανῶν
1230 1446 1466 1518 αῐματα,
1511 1447 1595 1511 τίς
1621 1447 1688 1502 ἂν
1726 1448 1816 1519 εἴη

231 1538 437 1603 νεανίας
491 1538 620 1603 υίὸς
673 1541 702 1593 6
730 1539 824 1594 τδν
880 1543 1099 1611 πατέρα
1152 1540 1408 1611 είρηνικὰ
1461 1540 1817 1596 δυσωποῦντα

232 1629 403 1700 μωρὸν
429 1631 783 1699 ἀποκαλῶν;
814 1631 1059 1705 Πρὸσχες
1090 1627 1181 1688 οἷα
1220 1634 1462 1703 φρονεῖς,
1491 1628 1580 1687 οἷα
1608 1633 1823 1703 λέγεις,

228 1714 308 1775 εἶα
336 1721 605 1791 γράφεις.
634 1740 657 1775 ε
694 1718 872 1790 Εἶδον,
893 1723 1083 1792 ἔλεγεν
1118 1726 1148 1778 6
1170 1726 1485 1797 προφήτης,
1511 1725 1818 1796 ύπερυψού-

1926 514 1984 570 in
2009 512 2177 570 Deum
2210 518 2464 587 pietatem
2496 532 2603 575 non
2626 518 2861 590 negavit.
2900 518 3130 576 Etiamsi
3156 520 3353 577 etenim
3369 536 3500 593 pec-

1924 610 2191 676 caverint,
2223 623 2322 665 vos
2357 608 2567 678 judices
2620 624 2726 666 non
2758 610 2961 667 habent
2987 612 3257 682 episcopi;
3287 612 3500 682 iudices

1920 714 1953 757 e
1970 708 2158 755 contra
2183 701 2349 758 vestri
2367 710 2495 757 sunt
2511 701 2774 774 episcOpi,
2794 702 2843 759 si
2863 711 3042 759 tamen
3062 719 3094 760 e
3113 704 3317 761 Christi
3338 721 3502 776 grege

1919 792 2077 858 estis,
2104 806 2211 847 non
2240 802 2421 849 autem
2452 792 2611 862 longe
2652 792 2722 850 ab
2756 792 2881 865 ejus
2920 793 3050 850 ovili
3092 806 3385 861 errantes;
3406 796 3501 851 sed

1920 883 2249 952 insanimus,
2278 894 2338 941 ut
2366 884 2504 943 dicis
2528 895 2586 943 tu
2612 887 2831 959 sapiens
2856 900 2877 941 :
2909 885 3021 943 Deo
3043 889 3247 959 gratias
3264 888 3498 959 agimus.

1919 980 2012 1050 qui
2046 990 2271 1049 propter
2302 992 2525 1051 peccata
2554 991 2764 1048 nostra,
2795 982 2862 1039 ad
2899 983 3067 1037 imam
3097 983 3352 1054 injuriam
3381 997 3504 1051 pro-

1918 1072 2133 1128 stravit.
2171 1071 2274 1128 Sed
2300 1075 2388 1129 die
2422 1075 2580 1140 mihi,
2623 1086 2681 1131 tu
2703 1076 2925 1145 sapiens
2948 1084 3001 1131 et
3016 1073 3500 1145 prudentissimus,

1919 1164 2095 1237 siego
2130 1167 2361 1223 insanus
2407 1167 2590 1225 senior
2640 1178 2814 1239 pater,
2849 1167 3123 1237 iuniorem
3180 1166 3350 1223 ﬁlium
3406 1181 3505 1237 pro

1917 1272 2051 1330 pace
2082 1259 2399 1326 obsecrans,
2443 1276 2541 1330 pro
2566 1260 2825 1327 induciis,
2859 1273 2959 1330 pro
2998 1261 3300 1317 cessatione
3342 1257 3504 1316 Citri-

1919 1351 2083 1407 stiani
2108 1353 2390 1425 sanguinis
2414 1352 2718 1419 eil‘usionis,
2749 1351 2879 1424 quid
2903 1360 2988 1408 est
3012 1351 3201 1422 junior
3224 1351 3370 1407 tilius
3402 1364 3505 1420 pa-

1921 1450 2059 1498 trem
2086 1459 2184 1514 pro
2209 1458 2341 1515 pace
2375 1444 2751 1501 obsecrantem
2774 1444 3058 1516 appellans
3087 1443 3380 1499 insanum?
3408 1442 3503 1496 At-

1918 1535 2164 1589 tendisne
2185 1549 2307 1605 quae
2326 1536 2553 1603 sentias,
2582 1534 2891 1605 quasdicas,
2919 1550 3042 1607 quas
3069 1532 3502 1598 scribashVidi,

1916 1626 2099 1696 inquit
2126 1626 2410 1697 propheta,
2437 1627 2901 1698 superexaltatum
2930 1636 2984 1683 et
3020 1626 3291 1682 elevatum
3335 1624 3505 1699 (quod

1915 1721 2229 1786 omisimus,
2261 1720 2332 1774 ob
2368 1719 2446 1774 tui
2481 1721 2840 1775 reverentiam
2859 1727 2941 1775 est
2970 1720 3258 1786 omissum,
3289 1733 3504 1775 nouaw

234 1830 383 1883 μενον
417 1817 513 1870 καὶ
547 1815 925 1886 ἐπαιρόμενον
973 1816 1058 1889 (τὸ
1085 1794 1465 1888 παράλειιρθξν
1519 1794 1653 1889 ἡμῖν
1677 1818 1811 1872 εἰδοί

1920 1820 2025 1866 ιειιι
2056 1812 2404 1883 tuignoras),
2434 1812 2682 1880 transivi,
2704 1822 2758 1867 et
2798 1826 2927 1868 ecce
2954 1826 3062 1868 non
3093 1822 3247 1880 erat;
3280 1812 3508 1885 quaesivi
3568 1808 3573 1816 ’

229 1907 292 1975 τῇ
314 1906 450 1974 πρὸς
482 1905 546 1960 σὲ
583 1909 1022 1980 παραλέλειπται
1040 1926 1055 1941 ⁸
1086 1908 1151 1964 σὺ
1174 1909 1232 1963 δι
1256 1911 1358 1963 οὐκ
1383 1910 1704 1981 ἡγνύηκας),
1726 1911 1820 1965 καὶ

227 2000 521 2069 παρῆλθον,
554 2004 660 2057 καὶ
685 2000 795 2056 ίδοὺ
818 2003 920 2056 οὐκ
948 1998 1039 2074 ἦν,
1064 2005 1161 2058 καὶ
1198 2005 1445 2076 ἐζήτησα
1495 2004 1682 2073 αὐτὸν,
1724 2008 1822 2061 καὶ

225 2092 313 2163 οὐχ
347 2093 565 2169 εὗρέϐη
596 2097 626 2149 6
651 2097 816 2159 τόπος
845 2096 1037 2151 αὑτοῦ.
1081 2114 1101 2150 ι
1136 2097 1304 2152 Ἀλλά
1354 2097 1516 2153 τοῦτο
1540 2098 1601 2152 τὸ
1652 2100 1820 2171 μέρος

226 2184 484 2240 τοσοῦτον
537 2188 725 2259 ἐχέτω
771 2188 833 2243 τὸ
873 2189 1149 2261 γράμμα·
1209 2189 1279 2243 τά
1317 2189 1377 2244 δὲ
1401 2189 1602 2261 ἐφεξῆς
1626 2189 1818 2246 ἄκουε.

229 2278 312 2350 Μὴ
340 2278 538 2350 νόμιζε
571 2281 679 2352 τὴν
706 2282 1086 2353 γεγενημένην
1101 2277 1272 2355 ἧτταν
1293 2282 1402 2338 τῶν
1428 2282 1538 2338 σῶν
1573 2284 1820 2352 ματαίων

226 2371 494 2444 λογισμῶν
518 2376 623 2429 ἐπὶ
660 2374 941 2429 τελειώσει
990 2375 1344 2445 γεγενῆσθαι,
1379 2375 1455 2447 μὴ
1488 2375 1649 2431 τοῦτο
1688 2377 1819 2430 ὕπο-

226 2464 490 2534 λάμδανε·
519 2470 573 2522 εί
592 2468 641 2522 δ⁹
680 2467 1115 2539 ὑπολαμϐάνεις,
1138 2471 1213 2533 ὡς
1239 2469 1512 2541 φλυαρίαν
1540 2472 1819 2543 ἀποστράο

227 2559 350 2629 φηοι
371 2559 471 2631 τὴν
502 2560 815 2633 ὑπόληψιν.
851 2561 1020 2619 Ἀλλὰ
1070 2565 1351 2633 νενίκηται
1378 2562 1407 2614 6
1433 2562 1573 2632 πρὸς
1599 2562 1658 2616 σε
1685 2562 1819 2630 λαδς

227 2652 660 2723 ιαστρατεύσας,
684 2653 907 2726 πρῶτον
932 2654 1033 2726 μιν
1067 2654 1335 2726 κρίμασιν
1360 2656 1699 2729 ἀπορρήτοις
1721 2655 1816 2711 τοῦ

228 2744 281 2808 ιξ
325 2746 683 2817 άποκρύιρων
737 2747 982 2818 ταμείων
1037 2747 1136 2813 τὰς
1159 2746 1356 2803 ἑαυτοῦ
1389 2748 1603 2821 κρίσεις
1650 2748 1815 2804 ὁπότε

228 2836 462 2906 βούλοιτο
487 2838 837 2911 προάγοντος
856 2857 869 2869 ·
907 2838 1160 2912 δεύτερον
1185 2839 1264 2905 δὲ,
1295 2841 1421 2894 ὅσον
1444 2838 1562 2893 ἐστι
1594 2842 1690 2895 καὶ
1720 2839 1816 2893 άν-

227 2926 456 2995 Θρὼποις
514 2927 751 2993 εἰδέναι,
807 2926 918 2981 τῶν
953 2926 1176 2981 οἰκείων
1216 2927 1405 2981 ἕνεκεν
1454 2925 1812 2999 σφαλμάτων.

226 3019 417 3085 Κακῶς
466 3023 654 3085 ποιεῖς
694 3020 791 3075 καὶ
844 3020 911 3074 οὐ
959 3019 1453 3091 περιεσκεμμένως
1507 3019 1609 3092 τὴν
1652 3018 1814 3090 νίκην

226 3114 350 3184 «pb;
370 3116 473 3187 τὴν
500 3115 647 3169 ίδίαν
678 3114 944 3185 ἁρπάξων
997 3114 1323 3183 ἐπιθυμίαν,
1369 3114 1463 3169 καὶ
1492 3110 1814 3183 ὑπολογιζό-

1923 1917 2071 1965 ειιιιι,
2099 1912 2155 1959 ει
2183 1919 2290 1958 non
2321 1913 2402 1959 est
2426 1902 2677 1959 inventus
2701 1904 2850 1961 locus
2880 1904 3000 1977 ejus
3018 1903 3059 1963 ‘.
3086 1922 3106 1957 ι
3139 1902 3246 1959 Sed
3281 1904 3371 1959 hic
3403 1913 3510 1960 stet

1922 1996 2037 2050 hate
2062 1996 2365 2053 litterarum
2395 2011 2565 2066 pars;
2606 1997 2750 2066 quod
2794 1998 3040 2069 sequitur
3081 1997 3234 2054 audi.
3269 1997 3347 2052 Ne
3389 1997 3510 2053 exi-

1920 2088 2111 2142 stimes
2142 2102 2261 2143 eam
2294 2104 2415 2159 quae
2441 2090 2642 2145 accidit
2694 2090 2902 2145 cladem
2958 2090 3305 2159 perficiendis
3356 2091 3510 2146 vanis

1921 2178 2164 2234 consiliis
2197 2180 2306 2234 tuis
2335 2194 2457 2236 esse
2474 2180 2866 2251 proiecturam,
2891 2181 2995 2237 hoc
3022 2182 3133 2237 noli
3159 2196 3508 2254 supponere;

1918 2284 1971 2327 et
2001 2272 2047 2327 si
2079 2274 2362 2343 supponis,
2400 2283 2663 2346 tanquam
2686 2290 2861 2346 nugas
2894 2276 3328 2348 suppositionem
3356 2285 3506 2331 tuam

1920 2364 2113 2433 ahjice.
2161 2363 2351 2421 Victus
2406 2374 2489 2421 est
2531 2367 2766 2438 populus
2822 2369 2915 2438 qui
2964 2379 3147 2424 tecum
3204 2368 3507 2436 dimicavit,

1921 2460 2096 2527 primo
2122 2458 2341 2526 quidem
2360 2458 2726 2532 investigabili
2749 2462 2979 2518 consilio
2996 2462 3118 2532 ejus
3139 2463 3257 2534 qui,
3288 2464 3509 2533 quando

1917 2549 2053 2615 vult,
2085 2566 2117 2606 e
2151 2560 2362 2607 secreto
2393 2554 2769 2623 promptuario
2812 2569 2911 2610 sua
2942 2554 3145 2624 judicia
3174 2556 3391 2621 educit;
3419 2570 3511 2612 se-

1917 2644 2095 2700 cundo
2124 2655 2332 2711 autem,
2355 2644 2409 2699 in
2440 2655 2708 2716 quantum
2730 2646 3046 2703 hominibus
3066 2650 3207 2704 scire
3228 2650 3410 2717 datur,
3436 2649 3508 2703 ob

1917 2737 2132 2808 propria
2159 2736 2375 2793 delicta.
2413 2736 2577 2795 Erras
2630 2739 3046 2809 inconsulteque
3080 2743 3273 2808 sentis,
3334 2743 3508 2798 victo-

1914 2832 2053 2886 riam
2084 2830 2150 2887 ad
2186 2832 2451 2901 privatam
2488 2842 2637 2887 tuam
2670 2832 3023 2904 cupiditatem
3052 2834 3297 2894 referens
3327 2846 3381 2893 ct
3403 2853 3509 2909 pu-

1916 2933 2036 2979 tans
2067 2936 2268 2980 cmsutu
2298 2926 2424 2979 esse
2452 2925 2574 2980 ideo
2598 2928 2858 2997 popuium
2888 2926 3197 2985 Romanum
3230 2939 3290 2985 ut
3331 2931 3509 3004 impe-

1916 3018 1999 3072 rio
2031 3031 2224 3072 eorum
2262 3018 2538 3086 potireris.
2578 3016 2774 3074 Junior
2802 3034 2900 3087 cs;
2948 3022 3156 3092 itaque,
3184 3024 3231 3078 si
3259 3023 3370 3094 iam
3396 3041 3504 3083 non

1913 3109 2158 3175 audiisti,
2194 3110 2378 3179 disce;
2415 3111 2486 3178 si,
2519 3119 2811 3185 postquam
2850 3114 3150 3186 audiveris,
3183 3118 3336 3175 luisti
3359 3119 3506 3177 obli-

225 3226 374 3277 μενος
408 3210 490 3275 ώς
544 3211 740 3264 ἕνεκεν
773 3210 868 3264 τοῦ
921 3209 982 3263 σὲ
1024 3208 1138 3264 τῶν
1181 3208 1468 3280 Ῥωμαίων
1515 3207 1811 3277 κατασχεῖν

1919 3212 2030 3270 tus,
2064 3204 2373 3259 recordare.

221 3304 487 3369 ὲξουσίαν,
523 3306 594 3359 τδ
646 3291 873 3374 γεγονὸς
940 3306 1248 3376 ἁμάρτημα
1314 3303 1395 3375 τῷ
1454 3299 1753 3373 Ῥωμαϊκῷ
1815 3300 2017 3370 συνέδη
2045 3299 2183 3368 λαῷ.
2241 3299 2379 3363 Nec;
2409 3296 2492 3354 εί·
2552 3300 2647 3355 καὶ
2675 3302 2725 3355 εί
2755 3302 2855 3375 μὲν
2902 3306 3005 3361 οὐκ
3067 3305 3332 3377 ἡκούσας,
3368 3308 3509 3380 μάν-

223 3397 370 3452 θανε*
404 3401 456 3453 εί
482 3399 545 3454 δὲ
570 3399 815 3462 ἀκούσας
845 3398 1186 3469 ἐπιλέλησαι,
1216 3396 1617 3469 ἀναμνήσθητι.

286 3492 459 3547 Πάλαι
518 3491 654 3545 ποτὲ
691 3494 725 3563 ἡ
778 3492 1025 3563 Περσικὴ
1075 3494 1305 3564 στρατιά
1353 3492 1517 3565 μέχρι
1555 3478 1665 3545 τῶν
1715 3492 1803 3545 ὲν-

220 3584 382 3641 ταῦΘα
409 3587 708 3658 ηὐλίσατο,
733 3587 833 3641 καὶ
860 3585 927 3651 ἃς
968 3586 1217 3651 ἀπειλεῖς
1253 3586 1535 3657 πυρκαϊὰς
1582 3583 1681 3641 καὶ
1720 3584 1804 3639 ol-

222 3677 631 3749 κοδομημάτων
683 3678 1075 3749 καταστροφάς
1122 3676 1480 3750 διεπράξατο.
1551 3677 1693 3733 Ἀλλ’
1755 3679 1805 3732 oi

225 3766 313 3836 μὲν
342 3768 661 3834 ἀπώλοντο,
696 3771 791 3823 καὶ
814 3769 939 3824 ὅσον
973 3771 1055 3832 είς
1089 3770 1314 3841 μνήμην
1344 3770 1609 3837 ὀνόματος
1654 3785 1812 3840 περι-

223 3859 519 3914 λείπονται·
552 3862 587 3932 ἠ
616 3860 676 3914 δὲ
721 3859 1007 3931 Ῥωμαῖκὴ
1039 3860 1296 3931 βασιλεία
1344 3859 1437 3916 επὶ
1463 3862 1566 3927 τῆς
1595 3860 1809 3926 οἰκείας

224 3950 411 4023 ἕστηκε
436 3954 734 4023 κρηπίδος.
779 3954 944 4009 Ἀλλά
976 3954 1073 4008 καὶ
1105 3954 1220 4009 ἄνω
1240 3954 1449 4009 τούτων
1471 3955 1541 4009 τά
1563 3954 1674 4009 τῶν
1723 3954 1811 4009 ’A-

226 4043 398 4116 δάρων
419 4046 590 4118 γένη,
627 4040 704 4101 ὧν
752 4047 915 4117 ὑμεῖς
956 4046 1275 4110 άποσπάδες
1325 4047 1442 4117 (καὶ
1494 4046 1665 4122 μηδὲν
1724 4064 1809 4103 σοι

223 4139 349 4209 πρὸς
383 4138 565 4212 βάρος
594 4142 626 4195 6
650 4137 855 4211 λόγος),
893 4142 989 4195 καὶ
1018 4139 1198 4196 δοῦλοι
1258 4141 1356 4195 καὶ
1400 4138 1670 4212 δραπέται
1704 4156 1803 4210 γε·

225 4233 428 4300 γόνατε,
471 4232 568 4285 ιπὶ
604 4232 861 4288 πλεῖστον
900 4234 998 4304 τὴν
1028 4232 1279 4307 μεγάλην
1314 4233 1525 4307 ταύτην
1573 4232 1671 4289 καὶ
1696 4232 1805 4288 ύπδ

222 4325 280 4394 τῇ
308 4324 540 4381 πάντων
560 4323 819 4397 δεσποίνῃ
836 4326 929 4379 καὶ
949 4324 1120 4397 κυρία
1142 4323 1600 4397 στρατηγουμένῃ
1625 4325 1801 4390 πόλει,

225 4418 376 4489 μέχρι
407 4418 512 4473 καὶ
558 4417 668 4472 τῶν
694 4418 893 4488 τειχῶν
918 4417 1234 4489 ἐπέδραμον
1258 4436 1273 4450 ο
1328 4418 1466 4475 ἀλλὰ
1512 4421 1608 4474 καὶ
1655 4410 1805 4474 οὗτοι

1972 3483 2226 3542 Persicus
2254 3486 2385 3542 olim
2428 3487 2699 3545 exercitus
2720 3489 2827 3547 huc
2850 3506 3023 3562 usque
3050 3497 3417 3566 pernoctavit,
3449 3505 3509 3555 et

1897 3590 2023 3648 qua:
2039 3578 2267 3634 minaris
2285 3578 2533 3635 incendia
2556 3581 3021 3653 aediﬁciorumque
3042 3589 3358 3645 eversiones
3383 3605 3506 3661 per-

1902 3670 2051 3742 egit;
2086 3672 2180 3727 sed
2212 3672 2513 3742 perierunt,
2576 3683 2632 3730 et
2661 3676 2881 3732 nonnisi
2921 3678 2977 3732 in
3011 3680 3251 3737 nominis
3286 3699 3498 3740 memo-

1906 3764 1991 3817 ria
2036 3773 2375 3834 supersunt;
2415 3764 2663 3823 Bomana
2725 3784 2854 3825 vero
2885 3782 3125 3842 potestas
3154 3775 3270 3831 suis
3300 3778 3499 3834 funda-

1911 3856 2114 3911 mentis
2136 3855 2401 3911 constitit.
2431 3856 2538 3913 Sed
2566 3868 2694 3915 aute
2724 3860 3159 3920 illosAvarorum
3185 3883 3338 3939 gens.
3367 3885 3507 3941 quo-

1913 3962 2036 4002 rum
2066 3963 2165 4004 vos
2203 3964 2394 4007 ramus
2420 3952 2553 4008 estis
2575 3955 2801 4009 avulsus
2827 3966 2879 4011 et
2907 3957 3000 4027 (ne
3049 3961 3232 4029 gravis
3282 3962 3379 4020 tibi
3432 3966 3505 4021 sit

1911 4054 2096 4096 sermo
2127 4041 2306 4110 meus)
2336 4046 2481 4098 servi
2511 4052 2565 4100 et
2600 4044 2812 4116 fugitivi
2842 4061 3032 4105 contra
3058 4053 3217 4109 istam
3246 4070 3503 4127 magnam

1909 4132 2125 4199 urbem,
2160 4132 2240 4188 illi
2263 4135 2509 4191 omnium
2553 4137 2793 4195 dominae
2828 4156 2894 4197 ac
2926 4144 3130 4215 regina:
3157 4148 3277 4203 urbi
3316 4149 3505 4222 subje-

1902 4232 2072 4291 ctam,
2129 4226 2569 4285 numerosissimi
2624 4232 2870 4303 adusque
2918 4240 3120 4294 inmitia
3172 4239 3500 4300 irrueruut:

1904 4325 1960 4373 at
1984 4316 2341 4387 perieruntlii
2366 4334 2609 4392 quoque,
2634 4339 2731 4380 nec
2754 4326 2867 4397 jam
2896 4342 3196 4401 supersunt
3218 4338 3396 4404 gentis
3416 4352 3504 4393 re-

1904 4410 2125 4478 liquim;
2158 4412 2277 4469 hac
2306 4429 2438 4471 vero
2467 4416 2640 4488 gloria
2670 4429 2835 4492 atque
2856 4427 3099 4495 potentia
3128 4428 3232 4485 sibi
3252 4446 3282 4484 a
3301 4432 3503 4501 princi-

223 4509 522 4577 άιεώλοντο,
559 4511 653 4564 καὶ
677 4510 802 4564 οὐδὲ
826 4508 1083 4580 λείψανον
1109 4510 1204 4566 τοῦ
1250 4511 1445 4580 γένους
1479 4509 1799 4580 ὑφίσταται,

1913 4505 2003 4576 pio
2017 4505 2162 4561 datis
2180 4507 2451 4577 splendet.
2474 4508 2640 4567 Visne
2656 4514 2824 4569 alium
2843 4532 3061 4587 quoque
3074 4520 3169 4575 tibi
3191 4525 3501 4586 scribamus

223 4599 352 4671 αὕτη
384 4603 449 4655 δὲ
476 4602 577 4655 σὺν
597 4604 665 4672 τῇ
695 4600 939 4673 λαχούσῃ
963 4600 1104 4673 αὐτῇ
1132 4600 1193 4668 ιε
1216 4602 1393 4673 ἀρχῆς
1418 4603 1511 4656 καὶ
1537 4601 1663 4675 δόξῃ
1708 4604 1804 4657 καὶ

223 4691 465 4766 βασιλείᾳ
484 4693 861 4764 φαιδρύνεται.
885 4693 1076 4750 Βούλει
1099 4712 1181 4749 σοι
1199 4701 1291 4750 καὶ
1309 4695 1478 4766 άλλην
1500 4696 1804 4767 γράψωμεν

224 4786 557 4857 τυραννικὴν
590 4786 807 4857 ἔφοδον,
834 4786 929 4841 καὶ
969 4787 1083 4842 οὐδ’
1114 4787 1240 4843 ὅσον
1268 4790 1362 4843 καὶ
1386 4788 1547 4855 ἀξίαν
1577 4787 1803 4861 συγκρί-

223 4879 396 4933 νεσθαι
422 4881 493 4949 τῇ
522 4878 768 4951 ὑμετέρα
795 4879 1007 4949 ἔφὸδῳς
1031 4878 1106 4935 Τδ
1126 4880 1467 4953 Σαρακηνῶν
1498 4881 1655 4951 γένος
1679 4898 1804 4935 ναυ·

224 4970 271 5023 εἴ
304 4971 405 5042 μὲν
441 4970 729 5042 μυριάσιν,
781 4971 989 5045 ἱππότῃ
1017 4972 1075 5027 δι
1135 4975 1231 5029 καὶ
1266 4973 1418 5045 πεζῷ
1462 4974 1580 5045 λαῷ
1629 4976 1801 5047 ὑπερ-

225 5059 489 5127 ϐάλλοντι,
524 5061 627 5135 τὴν
654 5063 906 5133 μεγάλην
934 5064 1145 5134 ταύτην
1179 5066 1276 5119 καὶ
1310 5064 1386 5129 ὡς
1424 5065 1647 5137 άληθῶς
1701 5064 1797 5120 τοῦ

225 5154 348 5210 Θεοῦ
386 5156 549 5211 πόλιν
576 5159 671 5209 επὶ
702 5156 918 5228 χρόνοις
982 5160 1123 5213 ἑπτὰ
1178 5159 1657 5233 περιεκύκλωσαν,
1706 5162 1802 5216 καὶ

230 5248 428 5312 πάντας
484 5245 630 5303 εἶδεν
661 5250 933 5317 ἀπώλεια,
984 5252 1081 5307 καὶ
1127 5252 1414 5319 παντελῶς
1448 5255 1620 5326 ὀλίγοι
1661 5257 1799 5328 πρὸς

227 5339 315 5409 τὴν
366 5341 507 5397 ἰδίαν
538 5341 781 5414 πατρίδα
842 5343 1218 5415 ύπέστρεψανο
1254 5344 1396 5418 αὕτη
1446 5345 1503 5401 δὲ
1550 5347 1798 5419 διαμένει

228 5431 309 5484 καὶ
331 5430 660 5499 διασώζεται
682 5435 782 5503 τῆς
806 5432 868 5503 ἐξ
893 5435 1070 5507 ἀρχῆς
1110 5435 1363 5501 εὐδοκίας
1400 5440 1795 5514 φρουρουμένη

228 5526 334 5587 ταῖς
389 5527 677 5598 πτέρυξιν.
737 5528 1026 5599 Ἦγάπησα
1077 5530 1172 5582 καὶ
1226 5531 1429 5601 ἀγαπῶ
1485 5548 1568 5600 σε,
1605 5532 1800 5587 τέκνον

228 5616 384 5689 ἡμῶν,
415 5623 445 5674 6
479 5621 812 5693 μωρανοεὶς.
839 5622 912 5687 ὡς
941 5624 1003 5676 σὺ
1051 5622 1253 5694 λέγεις,
1288 5625 1493 5698 πατὴρ,
1536 5627 1630 5679 καὶ
1653 5643 1797 5697 συμ-

289 5774 308 5805 ³
334 5775 469 5835 Psal.
511 5794 693 5848 sam,
725 5779 816 5836 35.

1904 4604 2247 4674 tyranuicum
2291 4604 2575 4663 incursum
2607 4626 2715 4665 non
2745 4613 2891 4682 quod
2922 4615 3123 4687 dignus
3156 4620 3228 4675 sit
3245 4621 3342 4692 qui
3370 4638 3497 4680 cum

1905 4707 2092 4752 vestro
2150 4694 2413 4756 incursus
2462 4704 2856 4772 comparetur?
2890 4705 3291 4768 Saracenorum
3338 4730 3496 4786 gens.

1905 4800 2032 4841 cum
2096 4787 2591 4849 innumerabilibus
2645 4797 2903 4866 navibus,
2949 4817 3074 4857 cum
3118 4810 3495 4868 numerosiora

1902 4880 2151 4968 equitatu
2173 4896 2243 4937 ac
2284 4882 2526 4952 peditatu
2557 4901 2655 4956 per
2675 4899 2882 4960 septem
2930 4908 3108 4952 annos
3143 4913 3396 4968 magnam
3431 4902 3494 4957 il-

1904 4953 2012 5028 lam
2030 4983 2084 5029 et
2112 4989 2237 5032 vere
2272 4975 2371 5033 Dei
2400 4978 2588 5035 urbem
2624 4982 3051 5057 circumcinxit;
3084 4953 3493 5065 omneusquepe-

1908 5065 2138 5132 ricrunt,
2154 5076 2209 5123 et
2227 5071 2545 5141 paucissimi
2565 5082 2775 5132 tantum
2796 5078 2849 5132 in
2869 5082 3101 5150 patriam
3119 5096 3247 5141 sunt
3262 5091 3493 5149 reversi.

1911 5157 2038 5217 llasc
2073 5178 2201 5219 vero
2244 5164 2496 5223 subsistit
2518 5179 2572 5225 et
2600 5184 2977 5241 conservatur,
3012 5179 3253 5250 antiquae
3283 5182 3376 5238 Dei
3405 5185 3492 5241 be-

1904 5256 2229 5314 nevolemiae
2245 5262 2591 5332 protectioue
2615 5268 2911 5325 custodita.
2937 5269 3015 5326 Te
3038 5274 3199 5330 dilexi
3234 5284 3398 5338 atque
3413 5281 3496 5336 di-

1902 5348 2035 5419 ligo,
2056 5349 2129 5404 liii
2159 5351 2256 5416 mi,
2279 5352 2523 5421 insanus,
2554 5365 2614 5411 ut
2640 5359 2747 5426 ais,
2779 5346 2955 5431 pater,
2977 5364 3191 5435 tibique
3209 5370 3416 5426 suadeo
3438 5373 3495 5427 in

1902 5456 2057 5509 sana,
2078 5443 2457 5511 utarbitraris,
2485 5463 2612 5505 vere
2636 5461 2947 5510 autemnon
2982 5458 3173 5514 insana
3202 5479 3216 5517 :
3245 5478 3491 5520 errorem

1904 5533 2149 5604 relinque
2168 5550 2358 5593 eorum
2386 5541 2477 5610 qui
2501 5550 2552 5597 te
2570 5545 2883 5616 decipiunt;
2910 5566 3101 5607 vanam
3121 5571 3271 5626 spem
3294 5558 3494 5628 abjicc,

1901 5632 2194 5685 contentus
2249 5630 2326 5685 sis
2359 5648 2421 5687 ea
2450 5643 2714 5703 potestate
2748 5655 2912 5710 quam
2965 5659 2994 5698 a
3031 5647 3141 5701 tuis
3190 5649 3494 5720 majoribus
