3962 6140
425 265 488 331 οι
1556 254 1869 321 NICOLAI
1908 253 2020 316 ΟΡ.

2128 250 2574 313 \TRIARCIIE
3618 245 3695 308 92

427 370 926 445 ferenteslugemus
946 382 1001 429 et
1049 370 1317 443 gemimus
1351 375 1406 425 et
1433 381 1600 440 quam
1632 366 1749 422 scio
1782 373 1834 419 te
1857 360 2011 419 simi-

2128 359 2403 430 γράφομεν
2455 357 2555 445 τῆς
2601 356 2789 429 κοινῆς
2841 356 3139 429 φροντίδος,
3198 358 3264 429 ἢν
3308 354 3497 428 ὥσπερ
3530 361 3697 430 ἡμεῖς

427 468 549 522 liter
584 467 725 521 ferre
753 476 810 523 et
831 481 929 538 pro
962 480 1068 537 qua
1093 464 1348 536 lacryma:
1373 470 1479 516 tua:
1506 459 1603 514 tibi
1629 466 1758 542 sunt
1783 470 1953 528 panes
1986 470 2003 507 :

426 574 487 613 es
528 560 732 616 nostris
779 558 979 615 etenim
1038 564 1217 612 vestra
1251 554 1503 608 novimus
1541 564 1817 620 :quorum
1854 560 2010 602 nam-

426 664 533 718 que
556 666 698 721 opus
724 663 781 706 et
820 646 1186 705 ministerium
1218 653 1346 700 sunt
1380 644 1596 708 eadem,
1628 652 1820 694 eorum
1843 636 2000 692 decet

425 746 644 802 eosdem
676 758 799 801 esse
824 750 880 799 et
909 740 1125 797 dolores
1152 748 1315 808 atque
1338 736 1554 791 labores
1579 748 1595 799 ;
1631 731 1726 788 sed
1762 728 2009 786 eamdem

429 836 585 893 vobis
615 850 679 891 ac
708 834 864 890 nobis
897 847 1019 889 esse
1052 831 1379 886 anxietatem
1414 836 1579 898 atque
1606 824 1849 880 dolorem
1876 820 2013 879 satis

429 939 512 985 est
563 928 636 983 ita
670 925 1085 982 metuoravisse.

510 1204 798 1275 Reliquum
831 1203 992 1276 igitur
1024 1211 1110 1258 est
1149 1200 1264 1273 jam
1320 1207 1380 1256 ut
1411 1198 1566 1270 quasi
1603 1196 1931 1267 colloquium
1961 1205 2016 1252 et

430 1299 906 1368 investigationem
933 1308 1282 1351 communem
1331 1291 1663 1361 incipiamus
1700 1310 1714 1345 :
1747 1290 1837 1343 alii
1870 1288 2014 1343 aliud

429 1399 757 1461 acceperunt
782 1389 837 1444 in
865 1386 1123 1460 praesenti
1158 1388 1267 1441 vita
1292 1383 1687 1447 ministerium,
1708 1381 1836 1438 dico
1858 1394 2016 1452 reges

430 1495 487 1540 et
519 1482 799 1539 civitatum
831 1480 1139 1553 principes,
1198 1478 1412 1550 quique
1458 1476 1584 1531 aliis
1643 1474 2018 1546 praeticiuntur

434 1576 691 1645 negotiis,
719 1583 813 1627 aut
832 1566 1329 1628 administrationis
1364 1567 1775 1636 dispensatores
1800 1563 2008 1621 consti-

436 1675 707 1729 tuuntur,
760 1680 995 1734 quorum
1040 1661 1294 1733 quisque.
1352 1660 1568 1716 muneri
1613 1673 1715 1715 suo
1748 1659 2009 1724 intentus,

2113 450 2479 516 ἀδιαλείπτως
2510 443 2778 522 ’φέροντες
2841 450 3174 521 στενάζομεν
3224 452 3318 505 καὶ
3358 450 3692 523 θρηνοῦμεν,

2111 540 2227 598 οίδα
2261 543 2344 597 ὅτι
2389 542 2485 597 καὶ
2525 543 2688 606 αὐτὸς
2721 542 2922 612 ὁμοίως
2959 543 3166 613 φέρεις,
3198 543 3292 597 καὶ
3318 543 3482 615 ἄρτος
3519 561 3600 597 σοι
3627 544 3700 596 τά

2113 634 2329 705 δάκρυα
2379 634 2615 700 γίνεται·
2646 634 2710 687 ὲκ
2747 632 2856 687 τῶν
2889 633 3175 704 ἡμετέρων
3214 634 3323 705 γάρ
3353 634 3422 688 τά
3447 635 3700 707 ὑμέτερα

2110 725 2497 798 διδασκόμεθα·
2553 720 2629 781 ὧν
2656 726 2766 797 γὰρ
2795 727 2855 779 τὸ
2877 726 3037 797 ἔργον
3062 725 3156 777 καὶ
3180 727 3214 797 ἡ
3246 726 3490 781 διακονία
3509 727 3693 799 κοινὴ,

2111 818 2319 875 τούτων
2346 818 2495 883 είκδς
2526 821 2681 875 κοινὰ
2715 819 2963 889 γίνεσθαι
3000 818 3068 873 τά
3099 819 3247 892 πάθη
3288 820 3385 875 καὶ
3434 822 3562 887 τοὺς
3593 840 3700 877 κα-

2116 913 2341 985 μάτουςσ
2378 912 2494 967 ἀλλ’
2533 914 2617 968 ὅτι
2651 913 2753 984 μὲν
2786 913 2818 985 ἡ
2856 914 2997 985 αὐτὴ
3035 912 3235 985 συνοχὴ
3287 914 3382 969 καὶ
3432 913 3500 969 τά
3529 914 3699 986 ὃμοια

2114 1008 2298 1060 κεντεῖ
2329 1006 2472 1077 ἄλγη
2511 1004 2611 1077 τὴν
2643 1004 2742 1077 σὴν
2774 1004 3028 1075 καρδίαν,
3064 998 3151 1057 οἷα
3184 1003 3281 1060 καὶ
3333 1006 3502 1077 ἡμᾶς,
3532 1009 3705 1078 ἀρκιῖ

2113 1097 2370 1153 τοσοῦτον
2402 1097 2836 1171 ἐπιμνησθῆναι.

2191 1191 2393 1248 Λοιπὸν
2416 1191 2472 1247 δὲ
2499 1191 2598 1264 ἠδη
2629 1190 2728 1261 τῆς
2757 1188 2870 1244 οἷον
2898 1192 3215 1261 συνομιλίας
3240 1193 3333 1247 καὶ
3367 1192 3468 1263 τῆς
3508 1191 3702 1261 κοινῆς

2115 1285 2483 1358 ἀπαρχόμεθα
2506 1285 2966 1355 ωνδιασκέψεως·
3004 1286 3154 1341 ἄλλοι
3218 1288 3318 1358 μὲν
3346 1286 3536 1349 ἄλλαις
3578 1285 3695 1339 ἀπ-

2119 1379 2396 1449 ετάγησαν
2442 1377 2742 1442 διακονίαις
2797 1380 2856 1432 ὲν
2906 1382 2974 1452 τῇ
3029 1378 3279 1455 παρούσῃ
3332 1379 3505 1450 ταύτῃ
3558 1376 3704 1449 ζωῇ,

2119 1470 2363 1543 βασιλεῖς
2415 1469 2562 1540 λέγω
2615 1469 2711 1524 καὶ
2765 1469 3035 1541 ἄρχοντας
3099 1468 3348 1533 πόλεων,
3395 1468 3702 1531 άπιστάτας

2119 1561 2465 1634 πραγμάτων
2494 1561 2694 1626 ἄλλων,
2740 1560 3062 1633 οἰκονόμους
3090 1560 3191 1631 τῆς
3242 1560 3585 1632 διοικήσεως,
3621 1552 3705 1614 ὧν

2117 1654 2346 1719 ἔκαστος
2376 1653 2509 1726 πρὸς
2537 1654 2603 1725 ἢν
2647 1652 2806 1706 ἔλαϐε
2868 1652 3023 1717 τάξιν
3078 1652 3325 1723 ἀφορῶν,
3380 1652 3444 1706 τὸ
3496 1653 3705 1707 οἰκεῖον

435 1758 717 1831 proprium
745 1772 906 1829 opus,
938 1756 983 1809 si
1015 1754 1257 1825 prudens
1314 1762 1419 1820 est,
1459 1759 1715 1807 accurate
1761 1748 2021 1821 perﬁcere

2128 1748 2273 1811 ὅστις
2309 1749 2537 1818 ἔμφρων
2570 1745 2858 1811 σπουδάζει
2882 1747 3192 1818 ἀμέμπτως
3223 1745 3384 1818 ἔργον
3407 1746 3705 1801 ἔπιτελεῖνο

435 1852 656 1917 studet;
686 1863 789 1905 nos
819 1864 948 1903 vero
975 1860 1135 1902 sacro
1195 1844 1357 1900 altari
1418 1854 1602 1901 astare
1631 1842 1773 1915 jussi
1799 1842 1846 1897 si
1901 1843 2024 1898 aliis

436 1943 690 2018 pluribus
734 1941 1051 2001 ministrare
1079 1938 1367 2005 debemus,
1393 1936 1521 1993 ante
1544 1938 1725 1991 omnia
1757 1946 1938 1992 tamen
1956 1936 2023 1991 ad

435 2051 625 2107 pacem
683 2032 1130 2105 promovendam
1198 2040 1367 2101 atque
1415 2044 1485 2085 ex
1550 2029 1730 2083 medio
1788 2026 2023 2082 tollenda

440 2125 697 2184 scandala
730 2123 1164 2191 inimicitiasque
1188 2120 1460 2190 assumpti
1489 2133 1686 2174 sumus
1707 2135 1721 2173 :
1742 2117 2025 2172 tremenda

436 2220 712 2290 siquidem
748 2212 1007 2271 sacriticti
1070 2214 1279 2270 oblatio
1317 2225 1484 2283 quam
1525 2211 1581 2267 in
1613 2212 1764 2268 illius
1812 2225 2027 2267 memo-

438 2314 576 2366 riam
616 2309 851 2364 facimus
889 2308 1006 2378 qui,
1068 2305 1137 2361 ad
1169 2305 1461 2362 solvendas
1500 2314 1740 2361 aeternas
1784 2303 2027 2359 inimici-

446 2404 550 2458 tias
588 2411 643 2457 et
696 2401 1086 2457 destruendum
1146 2398 1444 2452 violentum
1502 2396 1787 2451 hominum
1836 2408 2023 2453 contra

440 2496 609 2550 Deum
644 2479 888 2547 furorem
917 2489 1379 2561 compescendum
1402 2502 1564 2559 quem
1586 2487 1734 2542 nulla
1757 2501 1882 2558 spes
1910 2496 2029 2543 erat

441 2588 498 2643 in
536 2589 687 2660 pacis
726 2586 967 2642 studiqu
1027 2599 1153 2639 esse
1211 2582 1663 2648 convertendum,
1696 2581 1878 2635 omnia
1905 2596 2027 2652 quae

440 2696 637 2751 passus
662 2689 746 2735 est
776 2679 885 2751 pati
938 2678 1129 2743 voluit,
1156 2687 1337 2749 sputa,
1384 2677 1595 2744 alapas,
1624 2675 2021 2730 sceleratorum

441 2782 695 2837 mortem,
718 2785 818 2826 nos
856 2769 1115 2825 admonet
1147 2770 1269 2824 sine
1314 2767 1743 2833 intermissione,
1773 2768 2028 2822 omnibus

441 2866 669 2931 viribus,
701 2862 851 2920 omni
887 2872 1090 2926 mente,
1120 2862 1380 2931 omnique
1403 2875 1677 2925 sermone,
1703 2860 1857 2930 pacis
1904 2876 2026 2916 esse

440 2956 724 3028 adjutores
771 2953 1076 3017 studiosos,
1136 2951 1546 3006 inimicitiarum
1608 2952 1793 3007 hostes
1830 2962 1886 3007 et
1910 2959 2026 3007 toto

2126 1840 2288 1909 ἡμεῖς
2316 1838 2373 1893 δὲ
2426 1839 2476 1891 οἱ
2531 1834 2900 1909 παρίστασθαι
2940 1835 3018 1906 τῷ
3073 1835 3216 1906 ἁγίῳ
3264 1834 3710 1907 ἀποτεταγμένοι

2127 1931 2523 2004 θυσιαστηρίῳ,
2562 1934 2613 1985 εί
2651 1932 2746 1985 καὶ
2776 1928 2989 1983 πολλῶν
3022 1928 3207 1983 ἄλλων
3230 1927 3512 2001 χρεῶσται
3562 1928 3705 1984 καθα

2126 2026 2439 2095 εστήκαμεν
2477 2023 2749 2078 ἐπιτελεῖν
2795 2022 2895 2095 τὴν
2948 2020 3247 2087 διακονίαν,
3301 2020 3439 2078 ἀλλά
3485 2038 3549 2093 γε
3596 2024 3710 2092 πρὸ

2127 2118 2328 2183 παντὸς
2352 2118 2539 2188 ἑτέρου
2568 2116 2629 2169 τὸ
2666 2115 2770 2185 τῆς
2812 2115 3037 2185 εἰρήνης
3064 2114 3227 2184 ἔργον
3253 2115 3348 2168 καὶ
3394 2115 3457 2168 τὸ
3482 2112 3707 2170 διώκειν

2125 2211 2190 2264 ὲκ
2220 2211 2389 2281 μέσου
2416 2209 2483 2263 τὰ
2509 2208 2783 2262 σκάνδαλα
2812 2207 2906 2261 καὶ
2922 2205 3021 2278 τὴν
3036 2204 3255 2277 ἔχθραν,
3288 2207 3369 2270 είς
3398 2207 3709 2280 ὑπουργίαν

2126 2302 2413 2374 ἐλάϐομεν.
2459 2300 2520 2355 Ἡ
2550 2300 2659 2371 γὰρ
2727 2300 2825 2369 τῆς
2881 2297 3116 2370 φρικτῆς
3175 2298 3454 2369 ἱερουργία
3490 2299 3710 2368 Θυσίας,

2128 2396 2191 2467 ἠν
2218 2397 2301 2459 είς
2359 2393 2671 2465 ἀνάμνησιν
2717 2389 3080 2462 ἐπιτελοῦμεν
3134 2390 3231 2442 τοῦ
3277 2392 3366 2446 ἵνα
3424 2393 3706 2465 καταλύσῃ

2126 2488 2226 2560 τὴν
2258 2486 2476 2543 αίὼνιον
2515 2486 2738 2559 ἔχθραν,
2794 2486 2895 2557 τὴν
2926 2486 3107 2556 βιαίαν
3154 2489 3374 2559 ἐκείνην
3403 2490 3541 2559 πρὸς
3569 2487 3709 2542 Θεὸν

2126 2579 2235 2635 τῶν
2293 2578 2600 2651 ἀνθρώπων
2643 2578 2844 2649 μανίαν
2866 2580 2960 2633 καὶ
3022 2580 3349 2635 ἀνέλπιστον
3368 2584 3448 2645 είς
3470 2581 3707 2643 σπουδάς

2129 2676 2352 2746 εἰρήνης
2379 2673 2657 2745 συμϐῆναι
2704 2673 3105 2741 ὑπομείναντος
3144 2676 3246 2728 ὅσα
3296 2674 3578 2744 ὑπέμεινε,
3638 2673 3710 2726 τά

2128 2765 2523 2837 ὲμπτύσματα,
2552 2763 2622 2818 τά
2656 2765 2998 2835 ῥαπίσματα,
3035 2767 3128 2820 τὸν
3161 2768 3396 2820 θάνατον
3446 2765 3556 2819 τῶν
3605 2782 3709 2819 κα-

2128 2858 2401 2929 κούργων,
2428 2856 2586 2911 τοῦτο
2624 2860 2759 2929 ἡμῖν
2812 2859 3250 2928 παρακελεύεται
3277 2860 3369 2913 διὰ
3404 2859 3603 2922 παντὸς
3647 2857 3711 2911 τὸ

2131 2954 2280 3025 πάσῃ
2315 2952 2566 3023 δυνάμει,
2607 2952 2759 3024 πάσῃ
2791 2954 3067 3024 περινοίᾳ,
3122 2955 3288 3007 παντὶ
3316 2954 3460 3024 λόγῳ
3500 2952 3600 3023 τῆς
3626 2954 3709 3005 εί-

439 3050 606 3103 corde
630 3046 768 3101 viam
808 3045 1085 3101 scandalis
1140 3044 1537 3109 intercludere;
1596 3043 1864 3114 siquidem
1901 3056 2022 3099 tan-

2137 3048 2305 3117 ρήνης
2370 3040 2511 3107 εἶναι
2578 3044 2906 3108 σπουδαίους
2971 3045 3312 3115 συμμάχους,
3355 3045 3457 3114 τῆς
3508 3044 3709 3115 ἔχθρας

441 3151 603 3205 quam
637 3137 710 3191 ob
762 3136 953 3191 oculos
1013 3133 1171 3189 nobis
1220 3148 1477 3204 niagnum
1536 3134 1667 3188 illud
1731 3134 2023 3189 ministerii

2135 3137 2447 3208 πολεμίους,
2491 3137 2586 3191 καὶ
2620 3138 2767 3208 πάσῃ
2806 3136 2949 3208 ψυχῇ
3003 3138 3317 3191 ἀποκλείειν
3368 3138 3467 3207 τὴν
3500 3138 3708 3191 εἴσοδον

445 3232 621 3286 nostri
653 3229 973 3297 mysterium
1021 3228 1199 3298 ipsum
1222 3228 1461 3282 ostendit
1490 3225 1688 3281 Filium
1746 3227 2027 3299 benignis-

441 3319 565 3377 simi
599 3318 801 3385 Patris,
857 3319 954 3388 qui
1017 3320 1100 3373 sic
1151 3318 1342 3371 dilexit
1396 3318 1659 3372 mundum
1699 3326 1758 3371 ut
1804 3332 1929 3372 eum
1956 3321 2025 3373 ad

441 3428 545 3471 nos
568 3412 779 3468 miserit
814 3430 829 3466 :
873 3410 968 3467 sed
999 3410 1149 3465 enim
1178 3407 1526 3479 Unigenitum
1564 3411 1739 3474 illum,
1764 3410 2024 3465 dilectum

441 3506 653 3577 Agnum
678 3501 772 3559 Dei
806 3502 1171 3571 immolatum,
1200 3502 1639 3573 propitiationem
1673 3500 1880 3557 factum
1922 3518 2023 3574 pro

443 3596 645 3652 nostris
687 3596 741 3650 in
775 3593 943 3649 Deum
978 3603 1034 3651 et
1057 3594 1619 3658 Patreminimicntiis,
1646 3598 1805 3665 quasi
1840 3596 2027 3649 visibi-

441 3688 547 3743 lem
597 3698 722 3741 ante
751 3688 943 3742 oculos
997 3697 1218 3742 nostros
1251 3688 1445 3742 statuit
1475 3701 1696 3740 sacrum
1732 3687 1869 3741 illud
1907 3702 2027 3758 my-

443 3780 695 3843 sterium,
720 3780 816 3848 qui
869 3778 1070 3835 divina:
1094 3780 1281 3850 gloria:
1328 3777 1505 3835 factus
1536 3781 1709 3833 haeres
1741 3780 2027 3833 confusio-

448 3886 571 3927 nem
604 3881 811 3925 tantam
882 3880 1047 3940 atque
1101 3871 1457 3939 ignominiam
1497 3872 1565 3925 ab
1592 3870 2024 3925 liutninibussibi

444 3963 708 4033 subjectis
806 3964 1045 4017 inustum
1110 3964 1483 4033 contempsit,
1543 3972 1601 4016 ut
1668 3962 2023 4029 abalienalos,

449 4055 728 4121 inimicos,
760 4056 970 4118 hostes,
1006 4068 1104 4124 per
1121 4068 1249 4109 suas
1308 4054 1613 4123 passiones,
1649 4070 1746 4124 per
1774 4055 2025 4118 vulnera,

449 4164 544 4221 per
576 4146 931 4217 ignominiam
988 4146 1268 4212 liberaret,
1318 4145 1437 4214 paci
1492 4147 1805 4200 restitueret
1832 4154 1890 4200 et
1932 4144 2027 4201 Dei

450 4240 744 4293 raittiliares
782 4236 1017 4291 elliceret
1062 4255 1078 4293 :
1122 4238 1255 4307 quid
1317 4247 1469 4307 ergo,
1541 4240 1710 4291 l'rater
1738 4247 1794 4291 et
1823 4237 2012 4307 coepio

448 4347 635 4401 scope,
701 4346 804 4385 nos
870 4329 1049 4385 facere
1118 4329 1376 4399 oportet?
1432 4330 1595 4401 quale
1649 4345 1747 4385 cor
1803 4331 2025 4396 habere,

2126 3232 2237 3285 τῶν
2269 3230 2583 3285 σκανδάλων
2604 3247 2618 3261 ·
2645 3231 2875 3300 ἐπείπερ
2912 3223 3025 3282 οἷον
3082 3228 3171 3282 ἐπ’
3222 3229 3345 3300 δψιν
3375 3232 3505 3300 ἡμῖν
3548 3229 3714 3283 τοῦτο

2128 3325 2192 3396 δὴ
2236 3326 2296 3378 τὸ
2330 3326 2471 3395 μέγα
2511 3323 2613 3394 τῆς
2679 3324 2991 3394 ἱερουργίας
3054 3326 3353 3395 μυστήριον
3396 3324 3711 3377 ὑποδείκνυ-

2130 3434 2235 3482 σιν,
2282 3419 2450 3471 αύτὸν
2484 3417 2575 3469 τὸν
2620 3416 2747 3469 Υίδν
2788 3416 2883 3470 τοῦ
2928 3415 3309 3487 φιλανθρώπου
3362 3417 3597 3487 Πατρδς.
3649 3415 3712 3479 ὃς

2127 3510 2383 3563 τοσοῦτον
2417 3510 2673 3579 ἠγάπησε
2713 3508 2806 3561 τὸν
2845 3508 3072 3574 κόσμον,
3143 3507 3282 3563 ὥστε
3344 3508 3534 3563 τοῦτον
3582 3507 3712 3572 eis.

2130 3600 2413 3655 ποστεῖλαι
2482 3600 2617 3671 πρὸς
2676 3602 2823 3671 ἡμᾶς
2850 3617 2864 3630 ·
2935 3600 3070 3653 ἀλλὰ
3124 3600 3234 3672 γὰρ
3281 3600 3373 3655 τὸν
3429 3600 3713 3668 Μονογενῆ

2126 3694 2336 3757 τοῦτον,
2377 3691 2469 3743 τὸν
2512 3688 2817 3761 ἀγαπητὸν,
2848 3690 2939 3742 τδν
2976 3689 3172 3759 Ἀμνὸν
3201 3691 3295 3743 τοῦ
3345 3688 3481 3742 Θεοῦ
3509 3689 3713 3758 θυόμε-

2129 3801 2217 3838 νον
2264 3784 2362 3837 καὶ
2396 3782 2662 3853 ὲξίλασμα
2699 3781 2984 3851 γινόμενον
3034 3781 3135 3851 τῆς
3189 3780 3468 3852 ἡμετέρας
3510 3780 3713 3850 ἔχθρας

2129 3875 2266 3949 πρὸς
2320 3876 2409 3931 τὸν
2466 3874 2599 3929 Θεὸν
2642 3876 2735 3929 καὶ
2777 3874 3014 3945 Πατέρα,
3066 3875 3180 3937 τοῖς
3206 3873 3505 3944 ὀφθαλμοῖς
3554 3875 3717 3943 ἡμῶν

2128 3966 2321 4037 ὥσπερ
2366 3968 2644 4037 ὁρώμενον
2704 3966 2765 4017 τὸ
2838 3966 3107 4032 πανάγιον
3173 3964 3333 4017 τοῦτο
3405 3965 3713 4034 μυστήριον

2136 4060 2497 4131 παρίστησιν,
2547 4057 2605 4121 ὃς
2642 4054 2983 4125 κληρονόμος
3030 4052 3106 4105 ὣν
3151 4053 3249 4123 τῆς
3301 4055 3491 4124 θεῖκῆς
3528 4051 3712 4124 δόξης.

2130 4149 2538 4220 κατεφρόνησεν
2595 4148 2865 4218 αίσχύνης
2917 4144 3190 4216 τοσαύτης
3234 4144 3330 4197 καὶ
3370 4143 3589 4208 ἀδοξίας
3619 4143 3715 4197 ὑπ’

2128 4244 2432 4316 ἀνθρώπων
2469 4243 2561 4295 ὑπ’
2593 4241 2743 4311 αὐτῷ
2764 4238 3127 4310 τολμηθείσης
3151 4254 3166 4304 ;
3200 4238 3319 4293 Ἵνα
3342 4239 3468 4301 τοὺς
3489 4236 3717 4291 διεστῶο

2129 4352 2248 4401 τας,
2287 4337 2413 4404 τοὺς
2448 4333 2697 4405 ἐχθροὺς,
2747 4334 2872 4395 τοὺς
2911 4329 3203 4399 πολεμίους
3237 4328 3325 4384 διὰ
3358 4330 3468 4384 τῶν
3494 4330 3715 4383 οίκείων

450 4435 742 4489 quamnam
770 4420 1193 4475 sollicitudinem
1224 4430 1279 4475 et
1309 4420 1810 4485 ansietatem.eum
1843 4421 2023 4477 videa-

2136 4426 2346 4492 παθῶν,
2374 4425 2466 4479 διὰ
2485 4426 2595 4478 τῶν
2620 4425 2976 4494 τραυμάτων,
3002 4422 3095 4476 διά
3118 4421 3217 4492 τῆς
3247 4421 3513 4492 αίσχύνης
3534 4420 3717 4475 ἀπαλ-

455 4528 577 4568 mus
614 4514 881 4582 quosdam
919 4513 975 4567 in
1032 4512 1263 4567 invicem
1317 4513 1653 4569 insanientes
1684 4524 1737 4569 et
1765 4530 1864 4581 pro
1900 4528 2032 4583 pace

458 4604 864 4660 mimicitiarum
901 4604 1222 4660 studiosos!
1250 4602 1319 4657 Et
1349 4606 1465 4659 itan:
1518 4605 1641 4659 dico
1677 4604 1744 4659 de
1802 4605 2033 4674 singulis

453 4697 774 4751 ctvieissim
824 4712 841 4749 :
907 4707 1173 4767 quantam
1249 4696 1419 4769 igitur
1470 4697 1727 4752 adhibere
1769 4700 2033 4753 debemus

458 4788 788 4857 vigilantiam
818 4788 886 4841 ad
953 4803 1052 4843 eos
1092 4788 1187 4858 qui
1233 4790 1305 4843 ita
1341 4804 1372 4843 a
1401 4789 1618 4844 diabolo
1675 4800 1803 4844 sunt
1854 4789 2032 4844 allecti

456 4880 850 4946 conciliandos,
906 4882 1245 4935 revocandos
1274 4880 1342 4934 ad
1378 4895 1568 4949 pacem
1596 4889 1651 4935 et
1701 4881 2033 4951 persuaden-

456 4975 553 5027 dos
584 4982 642 5025 ut
696 4987 792 5041 per
843 4972 1175 5028 cbaritatem
1214 4974 1280 5028 ad
1327 4976 1582 5027 unionem
1622 4974 1891 5029 redeant?
1926 4974 2034 5030 Sed

457 5081 578 5119 cum
637 5079 741 5118 neu
773 5080 913 5119 unus
962 5072 1059 5119 aut
1125 5066 1257 5129 duo,
1313 5075 1409 5120 aut
1461 5064 1674 5130 decem,
1721 5066 2035 5122 aut.mult0

457 5157 667 5228 plures,
701 5158 893 5213 domus
941 5165 1078 5236 tota,
1112 5169 1209 5212 aut
1267 5158 1483 5222 civitas,
1519 5160 1613 5214 sed
1652 5168 1706 5214 et
1738 5176 1872 5231 gens
1921 5168 2035 5217 tota

459 5261 650 5308 eontra
706 5260 873 5307 totam
928 5265 1165 5321 gentem,
1224 5251 1337 5308 imo
1398 5251 1641 5321 ejusdem
1684 5254 1829 5320 ﬁdei,
1863 5255 2027 5325 proh!

462 5358 707 5398 nieorum
740 5344 1257 5415 dolorumpondus!
1291 5345 1497 5399 diaboli
1535 5345 1783 5401 efﬁcacia
1812 5347 1866 5400 in
1891 5348 2033 5403 istud

460 5436 661 5488 nmium
694 5435 1021 5507 impingunt,
1045 5436 1177 5505 quid
1210 5437 1476 5491 faciemus
1496 5439 1517 5490 τ
1538 5438 1668 5504 quid
1701 5438 2035 5507 excogitabi-

463 5527 623 5579 tnus?
660 5527 791 5595 quid
829 5525 1142 5597 sapiemus‘l
1190 5540 1311 5596 quae
1368 5526 1489 5581 dies
1516 5536 1609 5581 aut
1655 5542 1774 5595 qua:
1804 5541 2037 5582 nosnos

462 5632 492 5671 a
520 5626 668 5673 tanta
724 5619 1097 5677 sollicitudine
1134 5628 1187 5677 et
1229 5620 1512 5675 anxietate
1574 5620 1913 5690 requiescere
1957 5616 2036 5674 fa-

464 5707 568 5764 ciet
596 5709 616 5764 ’ί

2133 4518 2269 4590 λάξῃ
2300 4518 2394 4571 καὶ
2439 4516 2651 4587 συνάψῃ
2701 4519 2767 4588 τῇ
2796 4516 3008 4587 εἰρήνῃ,
3061 4515 3156 4568 καὶ
3185 4516 3425 4580 οίκείους
3454 4513 3713 4586 ἀπεργά-

2136 4627 2295 4679 σηται
2312 4609 2389 4679 τῷ
2404 4608 2545 4678 Θεῷ.
2572 4609 2639 4661 Τί
2668 4603 2783 4674 οὖν,
2809 4606 3006 4677 ἀδελφὲ
3028 4609 3123 4660 καὶ
3147 4606 3419 4680 συνιερεῦ,
3437 4609 3516 4661 δεῖ
3537 4608 3707 4677 πράτο

2131 4719 2247 4755 τειν
2266 4703 2412 4773 ἡμᾶς
2437 4718 2450 4767 ;
2473 4700 2730 4770 Ποταπὴν
2754 4700 2900 4769 ἔχειν
2924 4699 3179 4769 καρδίαν,
3198 4701 3392 4753 ὁποίαν
3415 4700 3710 4770 μέριμναν,

2135 4792 2331 4862 ἡλίκην
2363 4794 2633 4861 ἀγωνίαν,
2680 4795 2811 4846 ὅταν
2839 4791 2992 4855 τινὰς
3037 4791 3257 4863 ὁρῶμεν
3313 4790 3437 4845 κατ’
3464 4792 3716 4862 ἀλλήλων

2134 4885 2597 4955 ἔκμαινομένους,
2652 4885 2749 4937 καὶ
2803 4884 2903 4950 τὴν
2942 4883 3147 4955 ἔχθραν
3176 4884 3297 4938 ἀντὶ
3345 4884 3446 4955 τῆς
3490 4886 3713 4953 ἀγάπης

2136 4978 2614 5047 ἀλλασσομένους;
2649 4978 2760 5029 Καὶ
2783 4973 2960 5030 ταῦτά
2988 4992 3136 5047 φημι
3167 4978 3297 5048 περὶ
3321 4976 3432 5031 τῶν
3457 4978 3580 5032 καθ’
3613 4977 3711 5031 ἕνα

2133 5072 2270 5134 τέως
2317 5071 2414 5124 καὶ
2464 5072 2567 5126 ἀνὰ
2611 5074 2797 5141 μέρος.
2838 5070 3020 5141 ιίὀσην
3066 5066 3162 5124 οὖν
3209 5074 3711 5142 κεχρεωστήκαμεν

2135 5165 2395 5235 πρόνοιαν
2453 5162 2663 5233 φέρειν,
2712 5160 2853 5215 ὥστε
2907 5162 3049 5225 τοὺς·
3085 5161 3229 5217 οὕτω
3273 5146 3712 5233 διατεθειμένους

2134 5258 2234 5317 τὰς
2264 5256 2441 5326 ψυχὰς
2473 5256 2578 5309 ὑπὸ
2607 5256 2703 5309 τοῦ
2736 5253 2978 5326 πονηροῦ
3018 5255 3382 5326 συμϐιϐάσαι,
3434 5259 3531 5312 καὶ
3555 5259 3711 5331 είρη-

2136 5350 2452 5419 νοποιῆσαι,
2500 5349 2597 5401 καὶ
2655 5349 2843 5400 πεῖσαι
2890 5346 3053 5401 πάλιν
3100 5348 3190 5402 διὰ
3220 5348 3320 5419 τῆς
3376 5348 3598 5421 ἀγάπης
3628 5352 3712 5416 si;

2137 5442 2364 5510 ἑνότητα
2414 5439 2728 5505 συνελθεῑν;
2772 5441 2940 5493 Ὅταν
2973 5441 3030 5493 δὲ
3075 5440 3173 5507 οὐχ
3216 5435 3318 5503 εἷς,
3352 5442 3475 5495 οὐδὲ
3503 5443 3617 5511 δύο,
3643 5445 3709 5497 ού

2137 5532 2291 5597 δέκα,
2331 5532 2455 5586 οὐδὲ
2511 5531 2695 5601 πολλῷ
2729 5532 2934 5585 τούτων
2980 5534 3198 5596 πλείους
3240 5534 3533 5605 ὁλόκληρος
3560 5538 3711 5592 οίκία

2138 5625 2235 5677 καὶ
2265 5622 2442 5687 πόλις,
2479 5622 2596 5675 ἀλλ’
2627 5623 2780 5684 ἔθνος
2812 5623 2934 5676 ὅλον
2964 5622 3099 5693 πρὸς
3141 5624 3260 5678 ὅλον
3286 5626 3438 5689 ἔθνος
3464 5630 3558 5681 καὶ
3587 5628 3710 5681 τότε

2140 5715 2463 5785 ὀμόπιττον,
2514 5715 2660 5784 οἴμοι
2703 5715 2809 5791 τῶν
2846 5716 2995 5785 ἐμῶν
3039 5717 3228 5771 παθῶν
3265 5718 3325 5772 τὸ
3379 5714 3707 5789 βαρύτατον,
