3962 6140
219 307 285 369 93
1673 304 2085 372 EPISTOLIE.
3395 310 3467 367 9i.

215 422 427 492 ὑπὸτῆς
459 424 555 478 τοῦ
588 425 856 497 δαίμονος
887 427 1171 498 ἐνεργείας
1202 428 1284 492 εἰς
1325 429 1386 482 τὸ
1428 430 1598 483 κακὸν
1653 427 1813 480 τοῦτο
1878 426 2347 500 περιηνέχθησαν,
2398 427 2455 483 τί
2511 429 2867 503 ποιήσωμεν;
2941 426 2997 481 τί
3066 421 3480 494 διανοηθῶμενς

210 520 260 570 τί
290 519 684 588 φρονήσωμεν;
719 520 852 573 ποία
879 523 1065 591 ήμέρα
1104 521 1136 591 ἢ
1166 521 1262 588 νὺξ
1289 521 1600 575 ἀναπαύσει
1641 520 1788 591 ἡμᾶς
1823 518 1936 572 ἀπὸ
1976 520 2072 589 τῆς
2102 518 2362 591 τοιαύτης
2410 521 2703 595 μερίμνης,
2730 520 2765 591 ἢ
2790 518 2890 591 τῆς
2929 520 3201 589 συνοχήςς

280 611 525 682 "po-7110:
556 614 663 684 μὶν
701 615 835 687 ἄχρι
862 615 1060 670 τούτου
1094 618 1122 671 6
1152 614 1332 685 λόγος,
1365 615 1555 687 ὥσπερ
1588 614 1792 685 προῆλ-

1965 612 2150 685 Usque
2176 613 2360 679 modo,
2389 624 2448 671 ιιι
2469 615 2667 686 potuit,
2723 612 2993 685 processit
3017 624 3198 668 sermo
3260 616 3482 670 noster;

209 704 298 757 θεν
317 722 331 736 ·
368 707 495 777 ἂρτι
522 705 580 761 δὲ
610 706 809 780 ὥσπερ
843 707 984 763 αὐτὰ
1007 708 1077 763 τὰ
1107 708 1417 780 πράγματα
1447 706 1792 762 ἀναλαϐόντα

210 798 411 868 φωνὴν,
449 800 789 871 τρανότερον
822 798 1145 871 φθέγγεται.
1184 801 1465 873 Ἐκίνησεν
1500 803 1530 852 6
1556 800 1655 871 τῆς
1687 815 1793 855 κα-

208 890 332 952 κὶας
375 893 563 964 πατὴρ
586 889 859 959 διάϐολος,
898 896 927 947 6
956 894 1061 974 τῆς
1104 894 1331 966 εἰρήνης
1374 894 1657 965 πολέμιος,
1697 904 1793 965 με·

208 984 337 1046 ταξὺ
354 981 649 1053 Ῥωμαίων
663 986 760 1040 καὶ
782 986 1109 1058 Βουλγὰρων
1131 986 1273 1042 ὅπλα
1287 988 1384 1042 καὶ
1414 986 1543 1057 ξίφη
1564 1003 1580 1019 ⁸
1597 982 1797 1058 ἐξέμη-

210 1094 297 1128 νεν
317 1077 523 1142 αὐτοὺς
545 1070 671 1132 κατ⁴
695 1079 965 1151 ἀλλήλων,
988 1082 1300 1152 ἐνήργησεν
1333 1081 1436 1135 ὅσα
1484 1066 1795 1152 ἐνήργησεν

214 1168 377 1239 μιχρι
393 1165 497 1240 τῆς
518 1172 784 1242 σήμερον·
802 1172 904 1241 φεῦ
923 1174 1019 1228 τοῦ
1045 1174 1287 1245 πλήθους
1308 1173 1418 1228 τῶν
1441 1171 1593 1243 ἐμῶν
1614 1175 1797 1245 ἁμαρ-

208 1261 365 1316 τιῶνί
387 1262 482 1325 τίς
499 1264 811 1336 όυσωπήσει
834 1282 850 1333 ;
868 1266 949 1331 τίς
967 1269 1263 1338 γενήσεται
1277 1265 1506 1340 μεσίτης
1524 1285 1539 1334 ;
1556 1267 1638 1331 τίς
1653 1263 1794 1321 Θεοῦ

213 1357 868 1430 συναντιλαμσανομένου
910 1360 1103 1432 στήσει
1134 1359 1230 1416 τδν
1273 1358 1532 1416 τοσοῦτον
1566 1360 1793 1430 ὄλεθρον

214 1446 323 1500 τῶν
373 1448 723 1522 ἁνθρὼπωνς
750 1454 836 1518 τίς
887 1454 1250 1527 μιαινομόνην
1274 1452 1374 1527 τὴν
1401 1450 1503 1526 γῆν
1534 1453 1592 1521 ὲε
1635 1451 1802 1522 aind-

218 1555 323 1592 των
344 1540 765 1612 Χριστιανικῶν
788 1544 1144 1614 ἀποπαύσας
1171 1540 1267 1600 καί.
1292 1546 1377 1610 τίς
1399 1542 1616 1612 ¹ςέτεροςς
1644 1542 1804 1597 τοῦτο

218 1630 347 1700 ἐμὸν
395 1634 497 1687 atat
542 1634 636 1688 σδν
682 1634 743 1689 τὸ
774 1631 1151 1708 χρεώστημαο
1188 1636 1304 1691 ἀλλ’
1334 1638 1500 1707 ἡμεῖς
1550 1631 1650 1707 μὲν
1699 1632 1799 1687 a6-

215 1723 324 1795 τδς,
364 1720 410 1795 ᾦ
445 1728 783 1799 παρίσταται
818 1730 974 1786 πᾶσα
1026 1728 1257 1801 καρδίας
1295 1728 1613 1802 ἐνθύμησες,
1642 1726 1803 1794 ἐξεπ-

218 1817 437 1873 ίσταται
473 1819 558 1873 δτι
608 1820 703 1873 καὶ
738 1819 840 1893 τήν
884 1818 1063 1891 ἀρχὴν
1100 1819 1502 1890 ἀπετριψαμεν
1548 1817 1651 1890 τήν
1701 1814 1800 1870 τοῦ

215 1909 455 1979 πολέμου
501 1912 867 1984 ιγχείρησινο
898 1894 994 1967 καί
1043 1912 1141 1967 τοῦ
1188 1912 1361 1967 κακοῦ
1408 1914 1802 1983 ἑκνικήσαντος

213 2004 618 2073 παραινοῦντες
670 2007 734 2060 ού
785 2002 1169 2078 διελειψαμεν,
1207 2003 1354 2061 ὥστε
1403 2006 1561 2079 ῥίψαι
1610 2007 1709 2079 μὲν
1739 2006 1808 2062 τὰ

213 2095 376 2157 ὅπλα,
403 2096 797 2153 ἀντιλαϐέσθαι
818 2095 875 2154 δὲ
901 2094 1006 2171 τῆς
1029 2098 1171 2172 πρὸς
1198 2094 1547 2172 Βουλγάρους
1579 2099 1809 2171 εἰρήνης

219 2189 312 2243 καὶ
344 2191 597 2261 ἀγάπης,
635 2192 732 2246 καὶ
763 2192 863 2261 τῆς
904 2186 1191 2263 πατρικῆς
1221 2192 1362 2264 πρὸς
1394 2192 1595 2257 αὐτοὺς
1626 2192 1810 2248 διαθιο

220 2300 355 2341 σεως
379 2300 395 2315 ’
427 2286 525 2339 καὶ
561 2284 700 2339 Θεοῦ
731 2286 844 2340 τῶν
878 2282 1123 2359 καρδιῶν
1156 2272 1341 2340 αὐτῶν
1373 2284 1682 2355 ἁψαμένου,
1714 2285 1809 2340 καὶ

218 2370 297 2437 οἷς
326 2372 646 2446 ἠπείθησαν
675 2376 946 2449 πρότερον
973 2375 1415 2447 μετεφρόνησαν,
1444 2377 1540 2430 καὶ
1566 2365 1649 2441 οἶς
1673 2378 1809 2447 μετὰ

216 2464 388 2519 ταῦτα
439 2466 863 2540 παρηνέσαμεν,
900 2468 1173 2539 πρόθυμοι
1215 2470 1391 2522 ποιεῖν
1436 2468 1505 2523 τὰ
1542 2485 1810 2539 παραινεσ

218 2558 379 2613 θέντα
410 2558 707 2629 γεγόνασι,
754 2561 851 2615 καὶ
881 2559 942 2627 ἔξ
990 2562 1207 2616 ικείνου
1248 2559 1450 2632 καιροῦ
1501 2559 1598 2614 καὶ
1647 2558 1811 2630 μέχρι

216 2648 311 2701 τοῦ
346 2647 446 2702 νῦν
479 2650 551 2704 τὰ
589 2652 691 2719 τῆς
739 2654 970 2725 εἰρήνης
1020 2651 1372 2725 ἐπιζητοῦσι,
1404 2653 1500 2707 καὶ
1545 2651 1639 2706 τὸν
1684 2651 1814 2706 σύν-

220 2738 422 2808 δεσμον
448 2740 551 2810 τῆς
567 2739 831 2813 ’ἀγάπης,
859 2742 956 2797 καὶ
986 2742 1057 2798 τὰ
1080 2741 1178 2798 τοῦ
1216 2743 1354 2814 πρὸς
1385 2741 1536 2814 ὑμᾶς
1570 2742 1813 2813 πολέμου

223 2831 572 2903 μεμισήκασι
598 2834 925 2907 πράγματα.
971 2829 1135 2890 Ἀλλὰ
1160 2837 1214 2890 τί
1235 2835 1412 2902 altrm;
1454 2837 1514 2889 '0
1545 2836 1604 2901 ἐξ
1635 2832 1813 2908 ἀρχῆς

222 2920 499 2994 φθονήσας
532 2922 611 2995 τῷ
642 2925 976 2998 ἀνθρωπίνῳ
1002 2928 1175 2995 γένει,
1213 2924 1415 3000 δριμὺν
1438 2929 1566 2999 ῑσχε
1602 2930 1697 2983 καὶ
1717 2928 1815 2983 νῦν

221 3010 314 3063 τὸν
343 3013 545 3079 φθόνον
578 3017 724 3068 κατὰ
757 3016 858 3085 τῆς
890 3016 1147 3082 ἑνὼσεως
1180 3014 1513 3090 Βουλγιψων
1542 3021 1638 3071 καὶ
1677 3016 1810 3073 Ῥω·

230 3102 424 3170 μαίων,
458 3106 559 3158 καὶ
585 3107 670 3160 ὅτι
718 3107 956 3177 ἔφθασεν
985 3109 1191 3179 ἀνάψαι
1239 3112 1341 3180 τὴν
1388 3112 1669 3182 πυρκαϊὰν
1714 3112 1814 3179 τῆς

1894 720 2039 760 nunc
2080 716 2211 763 vero
2237 705 2314 761 rei
2346 705 2498 775 ipsae,
2532 705 2692 776 quasi
2723 718 2909 761 vocem
2936 708 3285 771 usurpantes,
3323 700 3484 754 vehe-

1895 781 2132 855 mentius
2166 799 2409 855 clamant
2442 816 2456 854 :
2483 797 2704 854 malitiae
2746 810 2973 868 parens,
3004 794 3262 866 pacisque
3288 788 3481 847 inimi-

1896 905 2015 953 eus.
2042 890 2180 947 bella
2205 891 2347 947 inter
2394 889 2676 948 Romanos
2705 896 2759 944 et
2782 887 3048 960 Biilgaros
3069 884 3329 942 excitavit
3362 883 3481 954 gla-

1896 981 2129 1050 diosque
2190 982 2387 1053 stringi
2450 981 2615 1049 fecit;
2659 982 2783 1038 illos
2804 981 2859 1037 in
2896 980 3129 1036 invicem
3160 976 3347 1031 furore
3381 975 3488 1029 im-

1898 1073 2086 1144 plevit,
2143 1088 2266 1144 qua
2325 1086 2501 1145 usque
2530 1074 2691 1130 modo
2726 1073 2867 1129 facta
2915 1080 3066 1134 sunt,
3100 1068 3267 1131 fecit;
3304 1067 3481 1137 prohl

1900 1164 2222 1221 delictorum
2265 1179 2514 1223 meorum
2547 1163 2881 1221 multitudo?
2913 1162 3038 1234 quis
3078 1161 3185 1217 erit
3210 1154 3488 1229 populus?

1898 1258 2023 1327 quis
2050 1257 2335 1313 mediator
2385 1258 2611 1315 exsistet
2636 1257 2661 1311 τ
2689 1256 2834 1327 quis,
2866 1253 3162 1324 adjuvante
3201 1251 3331 1314 Deo,
3368 1256 3489 1302 tan-

1900 1359 2010 1404 tam
2041 1350 2325 1406 hominum
2355 1350 2652 1421 perniciem
2678 1360 2895 1404 cessare
2916 1344 3113 1401 faciet?
3135 1343 3259 1415 quis
3283 1349 3485 1397 terram

1902 1442 2230 1511 prohibebit.
2264 1458 2335 1498 ne
2384 1442 2524 1498 ultra
2559 1440 2870 1496 Christiano
2890 1438 3156 1509 sanguine
3181 1426 3494 1505 polluatur?

1904 1531 2010 1589 Sed
2045 1532 2170 1602 quis
2195 1532 2375 1590 alius?
2436 1547 2617 1588 meum
2658 1547 2722 1588 ac
2775 1540 2926 1586 tuum
2983 1542 3156 1597 opus;
3194 1541 3294 1582 nos
3328 1540 3482 1588 vero,

1904 1626 2011 1682 scit
2040 1627 2158 1695 ipse
2203 1626 2293 1681 cui
2347 1625 2531 1681 cordis
2556 1632 2744 1694 patent
2794 1621 3177 1693 cogitationes,
3213 1632 3244 1673 ε
3284 1614 3493 1688 print-io

1906 1719 1998 1790 pio
2021 1716 2154 1774 belli
2182 1716 2589 1788 susceptionem
2624 1725 2870 1771 avertere
2922 1716 3104 1767 conati
3158 1725 3350 1766 sumus
3391 1715 3487 1763 :ct

1908 1820 2194 1884 postquam
2229 1808 2391 1866 fuerit
2428 1817 2677 1867 exortum
2709 1806 2844 1862 illud
2880 1806 3107 1869 malum,
3145 1817 3253 1858 non
3274 1799 3488 1859 cessavi

1909 1902 2193 1959 exhortari
2237 1901 2302 1956 ad
2360 1914 2510 1957 arma
2557 1900 2895 1972 projicienda
2926 1939 2941 1963 ,
3000 1895 3497 1966 resumrndamqun

1911 2010 2037 2050 cum
2073 1992 2322 2063 Bulgaria
2354 2006 2543 2062 pacem
2584 2000 2750 2060 atque
2783 1989 3174 2052 dilectionem,
3197 1987 3494 2056 majorem-

1910 2102 2019 2158 que
2070 2091 2271 2143 mentis
2320 2085 2621 2154 allectum;
2684 2084 2831 2140 Deus
2892 2092 3075 2139 autem
3127 2094 3253 2138 cum
3303 2093 3494 2136 eorum

1910 2178 2074 2236 corda
2100 2177 2365 2251 tetigisset
2429 2191 2552 2247 quae
2602 2178 2755 2249 prius
2804 2173 3124 2232 abnuerunt
3178 2174 3498 2239 senserunt.

1911 2284 1963 2329 et
1990 2270 2163 2343 parati
2213 2265 2437 2327 fuerunt
2476 2271 2541 2327 ad
2593 2267 2841 2327 facienda
2901 2277 3247 2340 quaecunque
3301 2277 3487 2337 postea

1912 2364 2086 2424 suasi.
2117 2372 2280 2433 atque
2306 2378 2371 2418 ex
2399 2378 2466 2419 eo
2496 2373 2743 2433 tempore
2775 2361 2843 2419 ad
2907 2371 3084 2432 usque
3122 2375 3274 2415 nunc
3305 2374 3494 2429 pacem

1913 2455 2638 2525 desiderantcharitatisque
2661 2454 3109 2525 eonjunctioncm
3157 2462 3321 2521 atque
3350 2446 3491 2506 bel'a

1913 2549 2041 2605 odio
2067 2549 2300 2615 habent;
2323 2549 2428 2621 sed
2458 2548 2589 2619 quid
2641 2544 2856 2602 dicam?
2890 2545 2984 2616 qui
3025 2560 3055 2599 a
3083 2537 3357 2615 principio
3395 2542 3493 2597 bo-

1916 2651 2125 2706 minum
2155 2650 2341 2722 generi
2400 2648 2615 2715 invidit,
2644 2648 2733 2703 ille
2786 2647 3021 2704 violenta
3061 2646 3222 2702 hodie
3272 2648 3495 2701 en‘ertur

1919 2744 2125 2800 invidia
2176 2750 2367 2799 contra
2455 2739 2830 2799 Romanorum
2892 2750 3057 2811 atque
3135 2739 3497 2812 Bulgarorum

1918 2841 2200 2904 unionem,
2241 2846 2295 2892 et
2332 2850 2570 2893 accenso
2618 2836 2856 2907 primum
2885 2834 3291 2891 inimicitiarum
3317 2834 3501 2890 incen-

1920 2932 2009 2988 dio
2031 2931 2345 3003 pernicioso
2380 2929 2474 2986 il‘o
2543 2929 2669 3001 igne
2713 2944 2862 2985 nunc
2927 2927 3129 2997 gaudet
3152 2942 3216 2984 ac
3241 2927 3498 2982 maximis

1918 3025 2206 3081 conatibus
2227 3022 2373 3081 illius
2403 3020 2652 3078 ﬂammas
2678 3024 2904 3087 excitat,
2936 3036 3038 3077 nec
3073 3021 3203 3076 sinit
3225 3020 3494 3091 optimum

1917 3129 1972 3174 et
2007 3118 2269 3174 dilectum
2328 3130 2394 3173 ac
2448 3112 2928 3186 prudentissimum
2996 3112 3165 3167 illium
3221 3121 3492 3176 nostrum,

227 3194 454 3266 ἰχθρας,
477 3200 660 3270 χαίρει
686 3200 766 3270 τῷ
783 3200 1116 3274 ψυχοφθόρῳ
1140 3202 1316 3273 τούτῳ
1347 3206 1501 3273 πυρὶ,
1528 3204 1622 3257 καὶ
1647 3204 1809 3257 πολὺν

1921 3211 2277 3280 Bulgarorum
2305 3208 2604 3278 principem
2636 3222 2735 3264 sua
2767 3207 2847 3262 uti
2879 3200 3149 3276 probitate
3169 3212 3223 3262 et
3244 3203 3309 3259 ad
3345 3205 3499 3275 pacis

226 3289 315 3341 τὸν
349 3290 546 3358 ἀγῶνα
600 3296 840 3348 ποιεῖται
889 3294 993 3364 τῆς
1042 3297 1236 3352 τούτου
1289 3297 1563 3367 ἀνάψεως,
1611 3297 1709 3351 καὶ
1741 3296 1803 3350 ού

1913 3306 2113 3362 benum
2183 3317 2245 3358 se
2288 3308 2649 3367 convertere,
2732 3299 3135 3370 pristinamque
3198 3295 3497 3353 bonitatem

229 3388 508 3456 συγχωρεῖ
551 3386 630 3456 τῷ
665 3387 817 3458 καλῷ
858 3390 954 3442 καὶ
995 3388 1271 3460 ἀγαπητῷ
1304 3387 1405 3463 υἱῷ
1434 3408 1535 3462 μου
1566 3391 1645 3464 τῷ
1673 3407 1809 3464 φρο-

1918 3410 2073 3453 suam
2100 3394 2391 3450 ostendere
2422 3412 2436 3460 ;
2467 3390 2562 3448 sed
2614 3406 2836 3462 semper
2884 3391 3107 3446 invidus
3166 3391 3256 3446 ille
3299 3404 3364 3445 ac
3405 3389 3503 3444 bo-

229 3478 546 3549 νιμωτάτῳ,
590 3480 668 3551 τῷ
699 3480 988 3545 δεσπόζειν
1032 3482 1367 3552 Βουλγάρων
1417 3484 1660 3554 λαχόντι.
1708 3486 1809 3555 τῆς

1918 3503 2114 3543 norum
2156 3488 2435 3542 insecutor
2474 3485 2703 3540 acerbos
2743 3486 2799 3539 in
2865 3484 3041 3539 lenem
3090 3483 3210 3554 ejus
3266 3489 3505 3539 mentem

229 3566 425 3621 ιαυτοῦ
460 3572 719 3639 γενέσθαι
768 3570 1200 3639 καλοκαγαοίις,
1238 3575 1333 3628 καὶ
1381 3573 1519 3646 πρὸς
1546 3575 1608 3627 τὺ
1647 3573 1809 3628 καλὸν

1920 3578 2243 3640 immittens,
2302 3577 2687 3632 suavissimam
2728 3591 2915 3646 pacem
2941 3589 3200 3632 amovere
3253 3576 3501 3630 molitur.

230 3662 327 3731 τῆς
360 3663 591 3731 εἰρήνης
635 3664 1067 3733 ἐπιστραφῆναι,
1098 3665 1211 3731 ⁸καὶ
1247 3665 1351 3734 τῆς
1392 3666 1630 3737 ἀρχαίας
1655 3663 1913 3731 γενέσθαι
1970 3670 2351 3740 γλυκύτητος*
2387 3666 2503 3721 ἀλλ’
2558 3668 2645 3722 ἀει
2695 3684 2749 3720 τι
2778 3668 2809 3720 6
2866 3666 3152 3738 φθονερὸς,
3208 3667 3237 3722 6
3270 3666 3377 3717 τῶν
3407 3683 3507 3720 κα·-

236 3754 342 3806 ὶῶν
402 3754 643 3821 διώκτης
690 3753 1016 3808 ὑποσάλλων
1069 3754 1268 3825 πικρὸν
1317 3755 1615 3825 ἐνθύμημα
1665 3755 1725 3807 ιν
1783 3754 1852 3824 τῇ
1910 3758 2142 3830 γλυκεῖα
2195 3759 2388 3812 τούτου
2435 3757 2608 3828 ψυχῇ.
2659 3752 2953 3823 σπουδάζει
3017 3756 3117 3828 τὴν
3167 3754 3509 3826 γλυκυτάτην

234 3846 448 3901 διώκειν
488 3847 680 3917 εἰρήνη
690 3865 737 3899 ν.

312 3940 478 3994 Ἀλλὰ
528 3942 600 3993 τὰ
661 3940 763 4010 μὲν
805 3939 903 3996 τοῦ
957 3940 1198 4014 πονηροῦ
1250 3937 1509 4013 δαίμονος
1563 3947 1809 4004 τοιαῦτα.

1995 3941 2092 4004 illa
2126 3944 2315 4002 nefarii
2367 3944 2630 4001 daemonis
2672 3954 2801 4000 sunt
2834 3958 3040 4015 opera;
3095 3958 3200 3999 nos
3235 3957 3366 4000 vero
3402 3943 3511 4001 Dee

244 4035 435 4103 Ἡμεῖς
489 4032 546 4085 δὲ
599 4032 720 4102 Θεῷ
757 4034 1103 4100 πεποιθότες,
1159 4034 1255 4088 καὶ
1305 4037 1370 4107 τῇ
1407 4036 1502 4088 τοῦ
1560 4038 1809 4094 ποθεινοῦ

1923 4038 2260 4094 conﬁdentes
2290 4045 2346 4092 et
2372 4036 2752 4092 desiderabilis
2779 4036 2952 4091 nostri
2988 4033 3081 4090 lilii
3105 4031 3510 4093 mansuetudini

234 4124 347 4179 υἱοῦ
384 4141 491 4196 μου
523 4124 829 4195 ήμερότητι
862 4126 938 4189 ὡς
974 4126 1075 4179 οὐκ
1104 4126 1525 4197 ἀποτευξόμεθα
1563 4129 1658 4183 τοῦ
1686 4147 1809 4185 σκο-

1923 4141 2241 4186 nostrorum
2272 4140 2522 4185 votorum
2554 4136 2836 4199 compotes
2881 4127 3020 4195 fore,
3059 4128 3266 4184 litteras
3294 4125 3362 4183 ad
3383 4144 3510 4186 eum

233 4218 359 4282 ποῦ,
393 4220 637 4289 γράμμα
665 4218 806 4288 πρὸς
839 4218 1002 4272 αὐτὸν
1042 4217 1462 4291 ἐξεπέμψαμεν,
1493 4221 1677 4274 ἐκεῖνα
1707 4238 1809 4276 πα·

1928 4222 2202 4287 misimns,
2234 4220 2397 4277 modo
2425 4221 2803 4287 exhortantes,
2838 4222 2998 4277 modo
3018 4222 3390 4289 obsecrantes,
3423 4237 3503 4277 se-

237 4308 627 4377 ρακαλοῦντες,
675 4310 865 4364 ἐκεῖνα
914 4309 1321 4374 δυσωποῦντες,
1368 4311 1469 4365 ὅσα
1506 4315 1606 4383 τῆς
1650 4313 1809 4368 αὐτοῦ

1926 4314 2164 4370 cundum
2193 4315 2390 4371 mentis
2441 4314 2563 4384 ejus
2597 4313 2889 4385 cordisque
2951 4310 3339 4384 dispositiones
3382 4328 3512 4386 pro-

236 4401 539 4473 φιλαγάϐου
568 4404 689 4457 ἐστὶ
719 4404 895 4476 ψυχῆς
920 4406 1122 4472 οἰκεῖα,
1157 4405 1259 4460 ὅσα
1288 4406 1386 4476 τῆς
1419 4405 1634 4461 ἐκείνου
1684 4425 1809 4481 καρ-

1929 4406 2077 4476 prius
2107 4424 2121 4461 :
2153 4407 2304 4463 brevi
2345 4408 2565 4478 quidem
2596 4416 2860 4478 tempore,
2891 4406 2987 4463 sed
3030 4417 3209 4463 tamen
3244 4403 3367 4474 ejus
3409 4421 3511 4463 na-

236 4495 369 4560 δίας.
405 4495 519 4549 Καὶ
559 4495 669 4567 γὰρ
693 4497 742 4548 εἰ
779 4496 873 4550 καὶ
909 4495 1118 4567 βραχὺν
1145 4498 1364 4568 χρόνον,
1396 4496 1515 4551 ἀλλ’
1544 4499 1696 4569 ὅμως
1727 4501 1809 4555 καί

1932 4507 2135 4563 turam,
2169 4513 2293 4555 eum
2332 4499 2385 4553 in
2428 4498 2548 4568 ejus
2584 4500 2865 4568 praesentia
2895 4512 3165 4561 essemus,
3206 4498 3377 4568 probe
3416 4513 3513 4554 su-

240 4585 417 4656 ἡμεῖς,
468 4586 560 4639 ὅτε
603 4586 687 4648 εἰς
740 4585 865 4656 δψιν
916 4585 1068 4654 αὐτῷ
1118 4586 1492 4657 κατέστημεν,
1546 4587 1815 4659 ἐλάϐομεν

242 4683 431 4751 πεῖραν
460 4678 559 4749 τῆς
587 4678 754 4733 αὐτοῦ
790 4678 1042 4750 φύσεωςο
1099 4681 1198 4735 καὶ
1248 4679 1499 4753 ἔγνωμεν
1550 4681 1650 4752 τὴν
1685 4681 1817 4738 σύν-

236 4789 382 4837 εσινν
401 4771 504 4843 τὴν
546 4770 851 4843 πραότητα,
890 4772 992 4842 τὴν
1040 4771 1369 4837 ἐπιείκειαν,
1432 4772 1532 4846 τήν
1580 4776 1817 4847 χρηστό-

236 4882 395 4934 τητα,
424 4868 521 4917 καὶ
548 4862 625 4926 ὡς
657 4864 837 4934 πάσης
862 4864 1133 4934 dat-nvem;
1171 4859 1268 4918 καὶ
1299 4867 1622 4937 ἰταμότητος
1652 4864 1816 4921 ἀλλο-

239 4956 360 5028 τρία.
394 4957 431 5025 ή
463 4955 662 5009 τούτου
696 4955 860 5022 φύσις
911 4956 1280 5027 καθέστηκεν.
1318 4955 1674 5028 Ἐγράψαμεν
1723 4957 1819 5015 οὖν

240 5050 645 5125 πρεσϐεύοντες
680 5050 824 5118 ὑπὲρ
870 5050 1121 5121 εἰρήνης,
1172 5051 1271 5106 καὶ
1304 5051 1587 5117 εὐέλπιδες
1624 5056 1817 5124 ἐσμεν,

241 5145 312 5210 ὡς
334 5145 659 5215 δυσωπῆσαι
686 5143 787 5214 μὲν
812 5143 1031 5214 πρῶτον
1054 5142 1246 5199 τοῦτον
1269 5146 1299 5199 6
1324 5144 1451 5208 δοὺς
1472 5144 1637 5214 αὐτὸν
1656 5145 1825 5201 Βουλ-

243 5236 429 5311 γάρων
462 5237 753 5300 δεσπόζειν
782 5236 938 5305 Θεὸς,
963 5236 1279 5307 δυσωπήσει
1306 5235 1362 5291 δὲ
1392 5238 1488 5291 καὶ
1532 5237 1595 5291 τὸ
1621 5239 1822 5293 οἰκεῖον

242 5332 449 5402 ἥμερον
480 5330 579 5382 καὶ
615 5328 919 5401 φιλάγαθον
942 5345 959 5361 ο
1010 5326 1471 5399 δυσωπηθήσεται
1500 5327 1559 5381 δὲ
1593 5329 1687 5383 καὶ
1717 5330 1823 5383 ὑπὸ

242 5419 342 5491 τῆς
372 5420 657 5492 ἡμετέρας
682 5419 1104 5492 παρακλήσεως.
1132 5418 1207 5471 Τὸ
1233 5418 1335 5489 μὶν
1356 5418 1626 5490 ήμιτερον
1650 5418 1823 5475 τοιοῦο

242 5528 355 5582 τον,
387 5511 489 5567 καὶ
522 5509 943 5581 ἀποσαλεύομεν
969 5512 1027 5567 ιν
1066 5510 1349 5574 τοιαύταις
1398 5512 1631 5567 ἐλπίσιν.
1665 5514 1820 5566 Ἔστι

246 5604 299 5659 δὲ
322 5605 423 5660 καὶ
442 5604 549 5675 τῆς
576 5604 736 5678 ὑμῶν
769 5592 1184 5675 ἀρχιερωσύνης
1216 5604 1309 5657 ἐπὶ
1336 5606 1448 5669 τοῖς
1475 5608 1674 5669 κοινοῖς
1713 5605 1821 5659 atd—

246 5694 393 5751 οεσιν
453 5694 877 5765 ἀλγυνομὲνης,
922 5695 1042 5759 ταῖς
1102 5696 1311 5757 κοιναῖς
1365 5699 1700 5767 συμφοραῖς,
1759 5696 1825 5768 τῇ

247 5792 483 5869 τοσαύτῃ
499 5794 609 5848 τῶν
630 5790 826 5847 κακῶν
855 5791 1161 5862 περιλύσει,
1179 5791 1274 5845 καὶΙ
1300 5792 1373 5857 ὡς
1398 5791 1608 5847 οἴκοθεν
1634 5810 1831 5865 κεκτη.

1924 4607 2047 4649 mus
2080 4590 2322 4660 experti;
2362 4590 2689 4661 agnovimus
2722 4589 2921 4661 quippe
2969 4585 3091 4661 ejus
3140 4590 3509 4660 prudentiam.

1923 4683 2427 4747 mansuetudinem,
2488 4680 2942 4749 moderationem,
3009 4683 3327 4757 bonitatem,
3380 4684 3511 4739 alie-

1923 4788 2159 4845 namque
2188 4786 2416 4846 prorsus
2447 4774 2517 4829 sb
2544 4774 2692 4829 omni
2723 4772 3044 4830 crudelitate
3087 4783 3144 4830 et
3175 4775 3510 4846 impudentia

1924 4877 2175 4923 naturam
2210 4885 2226 4921 :
2258 4882 2356 4937 pro
2384 4881 2516 4937 pace
2541 4867 2707 4939 igitur
2735 4867 3132 4924 intercedentes
3154 4867 3505 4937 scripsimus,

1922 4982 1977 5026 et
2008 4971 2149 5025 bona
2181 4971 2338 5026 nobis
2358 4980 2442 5025 est
2469 4985 2596 5041 spes
2623 4986 2745 5024 eum
2800 4986 2923 5027 esse
2973 4965 3298 5025 ﬂectendum
3332 4971 3513 5042 primo

1923 5062 2087 5118 εἰ)οο
2141 5062 2239 5135 qui
2266 5065 2315 5117 ei
2365 5062 2722 5135 Bulgarorum
2748 5062 3172 5119 dominationem
3217 5062 3509 5126 concchit,

1926 5154 2122 5209 deinde
2177 5156 2396 5224 propria
2458 5152 2747 5210 lenitateet
2820 5148 3204 5226 benignitate:
3263 5152 3510 5207 ﬂectetur

1924 5244 2088 5300 etiam
2135 5247 2341 5301 nostris
2370 5245 2875 5312 exhortationibus;
2910 5245 3036 5301 talia
3059 5245 3289 5301 fecimus
3338 5254 3392 5299 et
3416 5243 3513 5298 tali

1927 5353 2023 5407 spe
2056 5336 2383 5405 innitimur;
2418 5338 2583 5394 vestri
2650 5352 2812 5407 porro
2848 5344 2931 5391 est
2980 5334 3509 5407 archiepiscopatus,

1929 5429 2055 5499 quia
2077 5443 2242 5501 super
2259 5429 2645 5486 communibus
2674 5428 3083 5484 calamitatibus
3110 5427 3329 5497 lugetis,
3360 5442 3511 5483 eom-

1934 5522 2296 5594 tnuuibusque
2344 5521 2647 5587 doloribus,
2671 5538 2735 5577 ac
2762 5529 2910 5577 tanta
2961 5521 3227 5575 malorum
3282 5520 3514 5574 inunda-

1936 5612 2103 5676 tione.
2134 5623 2189 5671 et
2217 5616 2343 5686 quia
2373 5615 2529 5687 quasi
2570 5616 2850 5686 proprium
2881 5614 3039 5670 vobis
3072 5626 3158 5669 est
3182 5613 3310 5668 illud
3345 5628 3511 5683 nego-

1936 5705 2091 5769 tium,
2148 5722 2324 5761 meam
2379 5707 2638 5777 adjuvare
2676 5706 3023 5779 legationem,
3086 5705 3406 5778 piacarequc
3460 5712 3513 5759 (ι

1936 5797 2250 5867 suppliciter
2283 5797 2537 5856 dilectum
2574 5808 2817 5855 nostrum
2856 5798 3024 5854 lilium
3060 5811 3309 5853 exorare.
