3962 6140
390 283 463 349 95
1518 282 1828 345 NICOLAI
1869 280 1974 343 CP.

2077 280 2300 342 ΛἸἮΙΑ
2314 282 2461 345 RCH
2474 282 2536 343 ιΕ
3565 270 3645 340 96

392 397 562 468 μένης
618 397 679 452 τδ
723 398 818 453 τοῦ
875 398 1198 472 πράγματος
1268 397 1624 472 χρεὼστημα,
1694 393 2154 451 σννεπιλαδὲσθαι
2204 397 2271 466 τῇ
2336 397 2583 468 ἡμετέρᾳ
2632 394 2921 470 πρεσϐείᾳ,
2946 392 3427 467 ἐξενμενίσασθαι,
3496 394 3646 450 καθ·-

393 488 671 546 ικετεῦσαι
706 489 799 545 τδν
831 492 1182 564 ἠγαπημένον
1206 494 1323 547 νίδν
1357 494 1540 563 ήμῶν.

462 582 705 643 Plurima
748 598 878 645 sunt
928 604 1050 661 quae
1099 600 1246 645 tuam
1304 590 1737 645 obsecratioiicm
1785 585 2056 659 jurareA

395 690 624 760 possunt
661 697 677 738 :
720 681 897 751 primo
942 682 1159 753 quidem
1209 684 1357 754 quod
1419 682 1569 754 prius
1607 682 1868 743 diximus.
1918 679 1974 735 id

394 780 481 826 est
532 771 735 830 Christi
773 782 829 829 et
871 774 964 829 Dei
998 774 1169 829 nostri
1210 773 1619 830 inconsolabilis
1645 772 1802 830 dolor
1829 770 1974 843 quod

394 864 488 933 qui
531 866 849 935 praeclarum
902 867 1023 936 ejus
1056 884 1253 923 nomen
1283 874 1523 937 portant.
1551 864 1695 937 quod
1726 874 1785 921 ut
1817 861 1975 920 nobis

396 955 626 1012 donaret
672 957 814 1013 sicut
840 959 960 1015 ovis
1017 958 1085 1015 ad
1123 960 1457 1015 occisionem
1512 957 1710 1015 ductus
1734 964 1818 1012 est
1839 957 1883 1021 ’.
1918 956 1975 1013 in

398 1044 631 1099 invicem
674 1045 907 1101 bellniua
944 1046 1155 1104 feritate
1181 1047 1500 1113 cﬂcrantur,
1538 1056 1726 1104 sancta
1754 1060 1977 1117 quoque

397 1137 598 1205 templa
646 1138 700 1192 in
746 1137 948 1207 quibus
998 1139 1162 1196 Deum
1193 1139 1444 1210 implorat
1474 1154 1574 1210 pro
1619 1154 1679 1196 se
1706 1138 1844 1210 ipso,
1876 1154 1976 1209 pro

395 1228 650 1299 conjuge,
688 1247 791 1300 pro
826 1232 1012 1288 liberis
1036 1241 1091 1289 cl
1123 1234 1375 1289 universa
1401 1240 1557 1303 gente
1580 1235 1739 1302 cuius
1769 1231 1976 1288 consti-

395 1327 546 1374 tutus
585 1328 670 1376 est
705 1320 979 1393 princeps,
1027 1337 1243 1379 sacrum
1272 1322 1437 1378 etiam
1468 1330 1519 1377 et
1567 1323 1974 1379 immaculatum

394 1424 594 1481 corpus
622 1421 676 1465 et
698 1413 944 1484 sanguis,
961 1430 1081 1484 quae
1114 1415 1450 1470 manducans
1476 1423 1531 1470 et
1552 1414 1741 1471 bibens
1762 1416 1973 1471 llrmam

396 1517 555 1572 spem
623 1504 785 1559 habet
838 1505 1144 1562 sanctitatis
1188 1507 1305 1563 lieri
1355 1522 1414 1565 se
1470 1506 1787 1579 participem
1819 1523 1835 1574 ;
1864 1506 1976 1564 tuis

392 1594 735 1650 sermonibus
755 1595 825 1651 ob
857 1596 1004 1653 illius
1026 1597 1214 1655 oculos
1241 1613 1412 1670 pone,
1442 1615 1562 1672 quae
1587 1599 1821 1671 propriis
1846 1614 1978 1655 ocu-

392 1685 462 1740 lis
483 1694 539 1740 et
576 1696 702 1743 ante
731 1698 823 1744 tua
862 1689 1004 1744 dicta
1031 1690 1168 1746 vidit
1207 1705 1305 1749 nec
1330 1693 1584 1763 ignorare
1624 1701 1822 1762 potest,
1854 1693 1976 1748 uni-

391 1788 611 1830 versam
649 1792 814 1846 quam
859 1781 1167 1849 peragravit
1201 1789 1399 1837 terram
1440 1782 1667 1839 omnino
1702 1781 1974 1838 desertam

393 1866 513 1921 loco
538 1866 755 1936 pristini
787 1880 1038 1938 ornatus,
1092 1888 1346 1943 agrorum
1393 1874 1761 1931 miserandam
1788 1872 1973 1932 defor-

2156 588 2340 660 Ἔχεις
2383 588 2586 654 πολλὰς
2640 589 2901 661 ἀφορμὰς
2949 585 3322 655 συνεργούσας
3369 582 3508 654 πρδς
3544 581 3652 653 τὴν

2078 680 2291 736 ἐκείνου
2324 681 2642 751 δυσώπησιν
2662 698 2679 714 ο
2716 682 2936 751 πρῶτον
2985 680 3106 749 μὲν,
3134 679 3236 733 ὅσα
3261 679 3291 733 δ
3320 674 3477 746 λόγος
3510 692 3651 747 προ-

2072 770 2257 826 λαϐὼν
2281 768 2428 832 εἷπε.
2460 774 2558 829 τοῦ
2590 770 2831 844 Χριστοῦ
2864 771 2958 826 καὶ
2982 768 3118 824 Θεοῦ
3156 768 3317 841 ήμῶν
3343 767 3405 821 τὸ
3429 767 3653 836 ἀπαρα-

2077 863 2318 937 μύθητον
2348 865 2537 934 ἀλγος.
2570 866 2657 935 ιφ’
2678 861 2760 929 οἷς
2783 865 2835 919 οι
2860 866 2922 919 τδ
2944 864 3156 919 ἐκείνου
3177 861 3359 932 τίμιον
3384 858 3651 929 φέροντες

2073 959 2246 1027 ὄνομα
2277 958 2355 1022 ὥς
2386 957 2659 1030 πρόϐατον
2693 958 2788 1012 ἰπὶ
2815 955 3029 1027 σφαγὴν
3059 953 3340 1026 ἀχθέντος.
3371 952 3460 1006 ῑνα
3486 948 3655 1005 τοῦτο

2074 1050 2207 1121 ἡμῖν
2242 1048 2303 1105 τδ
2334 1050 2506 1119 ὄνομα
2555 1048 2871 1123 χαρίσηται,
2919 1048 3044 1103 κατ’
3070 1045 3317 1116 ἀλλήλων
3344 1041 3650 1116 ὶξεθηριὼ-

2074 1141 2268 1211 θησαν,
2296 1143 2422 1204 τοὺς
2479 1141 2660 1213 ἱεροὺς
2702 1141 2862 1204 ναοὺς
2891 1141 2950 1193 εν
2981 1134 3062 1204 οἷς
3089 1137 3225 1208 πρὸς
3266 1133 3505 1202 ῐντενξιν
3533 1134 3654 1190 εισ-

2073 1233 2292 1305 ερχεται
2350 1232 2444 1286 τοῦ
2494 1231 2631 1287 θεοῦ
2672 1230 2814 1304 ὑπὲρ
2843 1228 3040 1286 ἑαυτοῦ
3062 1270 3076 1296 ,
3104 1228 3250 1302 ὑπὲρ
3282 1227 3509 1293 παίδων,

2073 1325 2198 1379 ὅλου
2245 1324 2392 1395 φημὶ
2443 1323 2539 1378 τοῦ
2592 1322 2804 1392 ιθνονς,
2854 1316 2919 1379 οὗ
2965 1321 3252 1387 δεσπόζειν
3291 1319 3553 1386 κατέστη,
3583 1319 3654 1373 τὸ

2073 1414 2230 1485 ἀγιον
2258 1417 2351 1471 καὶ
2402 1416 2777 1488 πανάχραντον
2824 1415 2988 1486 σῶμα
3031 1415 3127 1469 καὶ
3159 1410 3322 1485 αἷμα,
3348 1407 3424 1469 ὧν
3447 1410 3653 1467 ἐσθίων

2074 1506 2171 1562 καὶ
2202 1507 2379 1561 πίνων
2417 1506 2783 1570 άδιστάκτους
2826 1506 3048 1571 ἐλπίδας
3090 1503 3205 1576 ἔχει
3233 1500 3512 1574 ἁγιασμοῦ
3543 1500 3651 1571 μι-

2075 1615 2231 1670 τοχος
2259 1599 2525 1668 γίνεσθαι,
2565 1598 2928 1670 Παράστησον
2974 1596 3126 1668 αύτῷ
3153 1595 3244 1652 διὰ
3281 1594 3393 1649 τῶν
3417 1592 3529 1648 σῶν
3553 1591 3655 1647 λόε-

2073 1707 2191 1761 γων
2215 1694 2274 1747 ὲν
2324 1690 2629 1760 ὀφθαλμοῖς
2675 1692 2776 1745 ὅσα
2822 1690 3030 1754 ἐκεῖνος
3074 1688 3306 1752 οἰκείαις
3346 1686 3506 1756 ὄψεσι
3550 1688 3656 1741 καὶ

2073 1784 2183 1855 πρὸ
2210 1782 2319 1837 τῶν
2351 1783 2460 1837 σῶν
2486 1781 2666 1852 λόγων
2699 1781 3031 1854 τεθεαμένος
3054 1783 3156 1835 οὐκ
3189 1780 3393 1849 ἀγνοεῖ,
3425 1777 3521 1848 τῆς
3542 1776 3655 1847 γῆς

2074 1875 2208 1946 δσην
2262 1875 2448 1947 διῆλθε
2488 1875 2590 1945 τὴν
2616 1874 2853 1946 ἐρημίαν
2894 1875 2996 1943 τὴν
3047 1872 3170 1927 ἀντὶ
3216 1871 3315 1941 τῆς
3363 1869 3653 1941 δρωμένης

395 1960 640 2015 mitatem
672 1963 744 2017 ob
791 1973 999 2033 segetes
1032 1964 1330 2035 vineasque
1359 1976 1413 2022 et
1437 1967 1694 2035 arbores;
1727 1982 1971 2024 comme-

2077 1971 2206 2043 ἀχρι
2235 1968 2330 2023 τοῦ
2369 1967 2464 2023 νῦν
2519 1966 2880 2040 ὡραιότητος,
2906 1966 3018 2022 τῶν
3065 1965 3260 2038 χωρῶν
3297 1964 3397 2035 ὂση
3449 1964 3514 2017 ἐκ
3537 1963 3655 2017 τῶν

392 2066 547 2105 mora
567 2068 849 2108 sacrarum
870 2054 981 2111 Deo
1010 2057 1208 2113 mdium
1227 2059 1586 2119 eversionem.
1611 2059 1974 2131 quaspiorum

2080 2062 2350 2133 σταχύων,
2383 2064 2486 2132 ὅση
2517 2062 2575 2129 ἐξ
2604 2060 2891 2131 ἀμπέλων,
2920 2060 3021 2130 δση
3051 2058 3116 2113 ὲκ
3139 2057 3250 2113 τῶν
3278 2058 3457 2115 ἀλλων
3480 2056 3656 2126 ἀκρο-

397 2157 595 2198 manus
628 2144 681 2198 in
704 2143 796 2199 Dei
834 2146 1061 2214 gloriam
1109 2155 1259 2205 tanto
1291 2148 1477 2205 labore
1526 2150 1974 2220 mdiiicaverunt;

2077 2157 2255 2225 δρύων
2302 2154 2542 2225 ἐλεεινὴν
2593 2153 2896 2224 ἀμορφίαν.
2949 2151 3288 2222 ’Δνάμνησον
3338 2148 3503 2204 αὑτὸν
3549 2148 3653 2219 τῆς

395 2233 533 2289 adde
585 2236 747 2291 etiam
792 2239 1004 2294 ruinam
1061 2240 1452 2297 venerabilium
1492 2242 1974 2311 monasteriorum,

2077 2247 2464 2318 καταστροφῆς
2491 2246 2603 2301 τῶν
2632 2245 2804 2316 ἁγίων
2842 2243 2938 2299 τοῦ
2979 2243 3117 2298 Θεοῦ
3149 2244 3339 2306 οἴκων,
3370 2242 3463 2307 οὓς
3493 2241 3653 2296 εύσεο

395 2325 451 2378 in
481 2326 680 2395 quibus
715 2331 990 2397 monachi,
1022 2331 1077 2387 in
1108 2333 1309 2403 quibus
1339 2334 1578 2406 virgines
1600 2334 1835 2404 hymnos
1862 2332 1973 2391 Deo

2077 2338 2188 2393 δῶν
2218 2340 2402 2410 χεῖρες
2446 2337 2525 2401 εἰς
2558 2337 2717 2402 δόξαν
2764 2336 2899 2391 Θεοῦ
2946 2336 3085 2404 μετά
3123 2334 3334 2389 πολλῶν
3384 2334 3654 2403 καμάτων

396 2418 515 2473 sine
546 2420 955 2481 intermissione
977 2425 1267 2494 canebant,
1301 2442 1531 2499 quaque
1570 2442 1716 2483 nunc
1732 2426 1970 2499 iacentia

2077 2429 2392 2502 ἀνήγειραν.
2422 2428 2663 2499 Πρόσθες
2684 2429 2785 2501 τὴν
2818 2427 3099 2482 άπιῖιλειαν
3127 2426 3235 2481 τῶν
3261 2425 3480 2498 σεμνῶν
3509 2424 3650 2478 διαι-

394 2510 795 2580 relinquuntur.
826 2514 979 2572 Adde
1007 2532 1226 2588 quoque
1249 2519 1498 2577 diversas
1531 2520 1809 2576 hominum
1855 2534 1965 2577 ote-

2077 2522 2351 2593 τημάτων,
2392 2521 2451 2574 ιν
2500 2513 2582 2583 οἷς
2624 2517 2973 2591 μονάζοντες,
3021 2519 3082 2572 ιν
3117 2510 3200 2581 οἷς
3250 2514 3513 2587 παρθὼοι
3558 2513 3651 2571 διὰ

391 2602 507 2667 des,
541 2604 704 2673 proh!
731 2606 898 2663 nimia
928 2610 1191 2667 daemonis
1214 2612 1427 2668 scelesti
1450 2613 1530 2669 vis
1561 2613 1758 2668 misera
1791 2613 1805 2666 l
1839 2626 1967 2669 san-

2077 2615 2270 2677 παντὸς
2294 2610 2497 2683 ὕμνους
2517 2612 2833 2681 ἀνέπεμπον
2865 2610 2945 2678 τῷ
2975 2610 3117 2682 Θεῷ,
3139 2609 3235 2663 καὶ
3263 2608 3360 2662 νῦν
3399 2609 3459 2661 ὲν
3486 2607 3639 2677 ἐρει-

392 2704 606 2750 ctorum
639 2700 1342 2775 mouachorum,virginum
1371 2706 1771 2777 mulierumque
1798 2706 1966 2760 rada-

2077 2707 2217 2771 πίοις
2245 2706 2529 2760 λέλειπται
2574 2704 2954 2776 κατακείμενα
2975 2719 2990 2736 ο
3025 2701 3265 2773 πρόσθες
3295 2701 3392 2755 ἰπὶ
3430 2699 3646 2763 τούτοις

386 2800 517 2842 vera
544 2789 790 2859 dispersa
821 2801 986 2864 atque
1016 2795 1306 2867 insepulta,
1328 2798 1666 2869 canibusque
1696 2807 1752 2856 et
1774 2797 1968 2854 bestiis

2077 2802 2169 2862 τὰς
2200 2797 2573 2871 πολυτρόπους
2606 2796 2719 2850 τῶν
2762 2796 3068 2868 ἀνθρώπων
3092 2794 3331 2865 σφαγὰς,
3368 2794 3515 2861 οἴμοι
3542 2791 3649 2861 τῆς

387 2880 628 2950 praedam
667 2885 901 2956 objecta.

2070 2892 2340 2964 τοσαύτης
2362 2889 2456 2946 τοῦ
2488 2890 2729 2961 πονηροῦ
2760 2888 3015 2961 δαίμονος
3050 2887 3256 2959 ἰσχύος,
3288 2886 3397 2942 τῶν
3426 2882 3646 2957 ίεριων,

386 2976 499 3032 τῶν
548 2981 895 3051 μοναξόντων
941 2985 1176 3058 ἀνδρῶν,
1235 2988 1510 3057 γυναικῶν
1556 2989 1825 3064 ἐρραμένα
1893 2990 2149 3061 σώματα,
2195 2991 2291 3045 καὶ
2368 2987 2494 3063 μηδ’
2532 2986 2664 3042 αὐτὸ
2726 2987 2887 3041 τοῦτο
2926 2985 3109 3056 ταφῆς
3145 2982 3446 3055 ἠξιωμένα,
3505 2976 3649 3036 ἀλλά

390 3074 519 3127 κυσὶ
548 3078 642 3130 καὶ
669 3078 882 3149 θηρίοις
906 3079 988 3142 είς
1018 3079 1225 3150 βρῶσιν
1256 3082 1681 3155 προτεθειμένα.

460 3165 597 3231 Quid
626 3178 807 3226 autem
830 3186 894 3226 ea
912 3172 1075 3227 dico?
1110 3172 1355 3245 Magnam
1374 3175 1542 3231 habes
1571 3184 1626 3231 et
1641 3174 1966 3232 ineﬂ‘abilem

2148 3172 2259 3227 Καὶ
2296 3171 2349 3227 τί
2371 3171 2517 3242 λέγω
2541 3170 2751 3234 ταύτας
2786 3171 2970 3242 Ἔχεις
2997 3167 3199 3239 πολλὴν
3239 3167 3333 3221 καὶ
3364 3163 3648 3236 ἀμύθητον

387 3258 669 3328 copiamin
694 3261 785 3316 illa
816 3279 924 3319 non
955 3266 1136 3321 audita
1165 3269 1428 3336 tragmdia
1459 3276 1514 3323 et
1542 3269 1882 3339 potissimum
1913 3270 1966 3325 in

2077 3268 2137 3317 hc
2174 3264 2271 3333 τῆς
2300 3265 2657 3335 ἀνιστορήτου
2679 3262 2882 3333 ταύτης
2906 3259 3212 3333 τραγῳδίας
3232 3259 3332 3331 τὴν
3355 3256 3645 3329 εὐπορίαν,

391 3354 809 3410 mansuetudine
841 3368 897 3413 et
929 3358 1320 3426 perfectissima
1354 3359 1497 3415 illius
1526 3375 1685 3431 quem
1708 3361 1965 3418 obsecra-

388 3440 473 3499 his
494 3444 799 3514 prudentia,
838 3450 981 3505 unde
1008 3449 1296 3521 adjuvetur
1312 3452 1672 3510 intercessio:
1702 3455 1797 3511 sed
1818 3456 1962 3511 enim

388 3535 525 3592 meis
572 3536 788 3611 tuisque
814 3542 978 3597 simul
1015 3542 1202 3598 dolore
1238 3552 1293 3599 et
1315 3558 1417 3614 pro
1461 3545 1741 3601 communi
1788 3546 1966 3602 saluto

384 3633 440 3679 ct
460 3642 595 3696 pace
618 3638 898 3698 permotus
916 3631 1107 3688 'debita
1141 3632 1534 3700 sollicitudine,
1556 3650 1618 3691 ea
1650 3636 1813 3691 etiam
1842 3651 1963 3706 qua

385 3715 454 3771 ad
484 3732 609 3773 cum
663 3722 936 3789 pertinent
963 3722 1278 3780 demonstra
1326 3743 1342 3781 :
1386 3735 1637 3781 nostrum
1669 3741 1832 3797 porro
1866 3742 1965 3798 pro

385 3810 545 3869 nobis
578 3812 814 3870 cilicium
864 3829 931 3871 eo
982 3816 1146 3871 modo
1178 3816 1341 3887 imple
1390 3833 1501 3887 quo
1538 3819 1857 3889 nosmetipsi
1916 3820 1960 3876 si

384 3902 702 3960 adessemus
738 3923 755 3961 :
784 3920 979 3963 manus
1013 3906 1159 3965 illius
1198 3908 1580 3979 complectere,
1609 3925 1805 3982 -genua
1838 3926 1965 3981 pre-

386 3993 584 4063 hende,
616 4004 690 4063 et,
724 3998 769 4052 si
804 4012 943 4069 opus
974 4008 1079 4066 est,
1106 4000 1273 4056 etiam
1305 4001 1489 4071 pedes,
1515 4016 1624 4057 uno
1652 4002 1842 4070 verbo,
1875 4001 1963 4058 ni-

2069 3357 2166 3410 καὶ
2189 3357 2282 3410 ἐπὶ
2314 3358 2450 3409 πᾶσι
2483 3357 2583 3429 τήν
2611 3355 2706 3410 τοῦ
2737 3354 3136 3424 δυσωπημένου
3179 3352 3516 3425 ήμερότητα,
3547 3352 3648 3403 καὶ

2065 3448 2168 3518 τὴν
2199 3448 2547 3518 τελειοτάτην
2579 3447 2843 3519 φρόνησιν
2873 3448 2952 3511 είς
2980 3445 3042 3500 τὸ
3076 3440 3646 3515 συγκαταπράξασθαι

2065 3544 2168 3615 τὴν
2210 3541 2546 3613 πρεσϐείανο
2595 3540 2733 3597 ἀλλά
2776 3542 2887 3614 γάρ
2924 3540 3245 3609 κινούμενος
3296 3541 3415 3603 ταῖς
3445 3534 3647 3599 κοινῶς

2064 3635 2169 3706 ἐμὲ
2198 3651 2258 3689 τε
2291 3636 2382 3689 καὶ
2417 3634 2478 3687 οὶ
2507 3633 2898 3705 ἀπαραιτήτως
2921 3631 3276 3701 συνεχούσαις
3300 3629 3516 3693 ὀδύναις
3544 3628 3647 3682 καὶ

2064 3729 2186 3790 ταῖς
2229 3725 2483 3797 ἀκούσαις
2512 3726 2661 3795 ήμάς
2701 3723 2988 3793 ὀφειλέτας
3033 3723 3328 3795 μερίμναις
3362 3720 3506 3792 ὑπὲρ
3538 3718 3648 3789 τῆς

2066 3819 2253 3889 κοινῆς
2290 3816 2565 3888 σωτηρίας
2607 3815 2701 3869 καὶ
2730 3814 2975 3888 εἰρήνης,
3011 3813 3279 3880 ἐπίδειξαι
3319 3814 3417 3884 μιν
3447 3812 3545 3866 καὶ
3567 3813 3644 3866 τὰ

2068 3908 2201 3980 παρ’
2236 3907 2432 3963 ἑαυτοῦ
2457 3922 2471 3937 ·
2511 3906 2802 3979 πλήρωσον
2833 3904 2891 3959 δε
2923 3903 3019 3958 καὶ
3047 3903 3164 3958 ἀνθ’
3201 3903 3359 3975 ήμῶν
3393 3902 3463 3956 τά
3494 3901 3641 3974 ήμι-

2063 4018 2200 4073 τερα
2224 4002 2323 4055 ὅσα
2347 4001 2394 4053 εί
2422 3998 2689 4070 παρόντες
2710 3997 2778 4053 ἂν
2800 3996 2957 4051 αὐτοὶ
2979 3995 3392 4067 διεπραξάμεθα
3410 4010 3425 4025 '
3452 3999 3643 4067 χεῖρας

384 4086 462 4142 hil
495 4097 586 4142 aut
625 4088 829 4155 dicere,
888 4100 982 4146 aut
1015 4090 1193 4146 facere
1242 4093 1483 4158 omittas.
1523 4095 1826 4166 usquedum
1888 4095 1956 4151 ad

2077 4092 2425 4163 περίπτυξαι,
2457 4089 2625 4144 λαϐοῦ
2665 4091 2930 4159 γονάτων,
2966 4091 3017 4144 εί
3054 4089 3235 4161 δεήσει
3260 4089 3356 4143 καὶ
3386 4088 3498 4142 τῶν
3537 4103 3642 4140 πο-

386 4180 539 4249 pacis
606 4181 810 4236 bonum
886 4197 1121 4253 superna
1187 4185 1607 4239 mansuetudine
1666 4186 1960 4241 inclinetur

2077 4187 2190 4249 Βῶν,
2220 4188 2315 4237 καὶ
2354 4182 2543 4246 ἁπλῶς
2598 4181 2779 4251 λόγοις
2825 4183 2919 4236 καὶ
2962 4182 3255 4253 πράγμασι
3294 4180 3370 4252 μή
3418 4180 3639 4252 ἀπόσχῃ

385 4270 563 4327 dulcis
602 4272 696 4327 lilii
724 4274 895 4328 nostri
927 4274 1166 4337 animus,
1214 4274 1427 4346 virique
1464 4276 1533 4331 ab
1570 4291 1637 4331 eo
1677 4276 1960 4332 mittantur

2077 4279 2243 4333 πάντα
2286 4276 2476 4340 ποιῶν,
2512 4276 2618 4341 ἕως
2651 4275 2717 4329 ἀν
2746 4277 2813 4347 τῇ
2853 4275 3063 4331 ἀνωθεν
3111 4272 3368 4345 εὐμενείᾳ
3399 4274 3535 4343 πρὸς
3572 4271 3637 4327 τὸ

385 4377 482 4433 per
507 4378 646 4432 quos
677 4374 1007 4421 renoventur
1029 4368 1181 4436 pacis
1207 4365 1435 4431 fcedera,
1468 4377 1795 4424 evanescant
1832 4368 1957 4424 belli

2077 4371 2159 4441 τῆς
2185 4371 2410 4441 εἰρήνης
2461 4366 2626 4423 καλὸν
2664 4370 2699 4440 ή
2734 4368 2962 4437 γλυκεῖα
2993 4366 3089 4422 τοῦ
3130 4366 3404 4437 ἡμετέρου
3436 4365 3633 4419 τέκνου

385 4453 911 4529 inimicitiarumque
935 4460 1097 4525 mala,
1139 4462 1371 4531 pellatur
1394 4460 1644 4516 diabolus
1672 4462 1767 4533 qui
1799 4476 1955 4517 com-

2077 4460 2297 4535 συνέλθῃ
2326 4460 2497 4534 ψυχὴ,
2526 4460 2623 4514 καὶ
2652 4459 2931 4529 ἄνθρωποι
2972 4460 3100 4529 παρ’
3126 4456 3292 4511 αὐτοῦ
3328 4454 3637 4523 ἐξαποστα-

382 4550 642 4607 munibus
674 4549 1042 4607 Romanorum
1073 4553 1537 4626 Bulgarorumque
1562 4555 1718 4610 malis
1739 4554 1953 4625 gaudet,

2077 4553 2218 4618 ιῶσι,
2254 4551 2322 4605 δι’
2352 4545 2426 4606 ὧν
2465 4548 2992 4618 ἀνακαινισοήσεται
3019 4546 3121 4618 μιν
3139 4548 3210 4601 τά
3246 4546 3348 4617 τῆς
3384 4546 3631 4615 εἰρήνης,

384 4641 611 4698 redeant
663 4644 830 4699 libere
860 4645 1187 4701 venerabilis
1239 4645 1457 4701 dilectio
1487 4646 1854 4717 praeclaraque
1887 4647 1954 4701 il-

2077 4642 2543 4713 ιαταργηθήσεται
2569 4641 2626 4694 δὲ
2654 4640 2723 4692 τά
2744 4639 2851 4692 τῶν
2874 4638 3128 4710 πολέμων
3160 4636 3256 4691 καὶ
3279 4636 3378 4706 τῆς
3410 4635 3632 4707 ιχθρας,

384 4735 490 4791 lius
526 4735 666 4790 bona
695 4751 791 4807 per
806 4753 928 4809 qua:
950 4736 1131 4793 laetitia
1161 4738 1539 4810 honorumque
1566 4737 1720 4807 copia
1742 4738 1959 4809 utrique

2077 4734 2466 4805 ἱπελαθήσεται
2497 4733 2553 4788 δὲ
2592 4732 2685 4787 καὶ
2711 4730 2956 4795 διάϐολος
2983 4734 3011 4784 ὁ
3040 4732 3162 4795 ταῖς
3192 4730 3397 4793 κοιναῖς
3423 4744 3636 4798 συμφο-

385 4826 584 4896 popqu
615 4828 881 4884 accedent
925 4844 990 4885 ac
1019 4829 1525 4885 crudelissimorum
1563 4844 1757 4886 sensus
1790 4828 1959 4883 malo-

2077 4830 2183 4891 »αἶς
2214 4826 2540 4897 Βοολγάρων
2576 4824 2673 4878 καὶ
2718 4823 3005 4893 Ῥωμαίων
3028 4821 3455 4893 ἐπορχούμενος,
3489 4819 3634 4891 παῤ-

384 4932 531 4982 rum,
559 4920 740 4979 vultus
768 4921 1032 4979 demissio
1052 4924 1241 4995 ﬁatque
1286 4921 1549 4980 maestitia
1581 4936 1611 4977 e
1645 4920 1825 4978 medio
1858 4921 1962 4977 tol-

2077 4921 2386 4991 Βησιάσεται
2423 4918 2479 4973 δὲ
2536 4918 2699 4972 πάλιν
2738 4919 2771 4989 ή
2818 4917 3125 4987 τιμιωτάτη
3184 4916 3397 4988 ἀγάπη,
3433 4914 3526 4968 καὶ
3561 4913 3633 4968 vi

384 5008 585 5067 lentur.
2058 5013 2279 5083 ἐκείνης
2306 5012 2466 5082 τίμια
2497 5013 2823 5081 πράγματα,
2855 5011 2913 5079 ιε
2946 5008 3021 5066 ὦν
3050 5009 3358 5079 εὐφροσύνη
3391 5008 3487 5062 καὶ
3517 5005 3632 5062 τῶν

384 5100 569 5155 καλῶν
605 5102 908 5170 ἀπόλαυσις
952 5104 1284 5177 ἀμφοτέροις
1328 5108 1439 5171 τοῖς
1468 5104 1619 5169 λαοῖς
1677 5106 2139 5175 προσγενήσεται,
2170 5106 2279 5158 τῶν
2347 5102 2752 5176 χαλεπωτάτων
2807 5103 2864 5157 δὲ
2928 5100 3511 5174 πραγμάτωνήπείρα
3532 5100 3631 5155 καὶ

386 5197 420 5267 ή
452 5197 724 5268 κατήφεια
749 5200 845 5252 καὶ
866 5200 901 5269 ή
933 5200 1329 5272 σκυθρωπότης
1356 5199 1463 5255 τῶν
1482 5197 1789 5270 προσώπων
1808 5199 2259 5271 ἀφανισθήσεται.

603 5330 743 5388 Xlll.
767 5333 849 5387 Ad
877 5336 1105 5404 primunt
1141 5334 1399 5391 Simeonis
1427 5335 1712 5391 hominem.

2236 5330 2335 5389 ll".
2373 5331 2460 5397 Τῷ
2488 5335 2697 5403 πρώτῳ
2730 5332 3018 5403 ἀνθρώπῳ
3057 5332 3164 5389 τοῦ
3189 5333 3454 5406 Συμεών.

453 5462 808 5521 Ilaximarum
849 5469 1207 5539 potentlarum
1238 5470 1475 5528 ministri
1507 5470 1757 5525 ruaximis
1778 5471 1946 5526 virtu-

2130 5469 2253 5524 Τῶν
2306 5471 2559 5541 μεγάλων
2612 5470 2873 5537 ἐξουσιῶν
2922 5472 2973 5523 οἱ
3022 5469 3289 5542 ὑπηρέται
3338 5466 3626 5541 μεγίσταις

381 5559 525 5613 tibus
551 5571 606 5613 et
636 5576 736 5615 me:
752 5560 840 5617 itis
875 5573 1160 5631 ornantur,
1211 5564 1282 5619 lili
1317 5565 1411 5629 ini,
1444 5578 1616 5635 coque
1648 5565 1817 5633 magis
1839 5578 1947 5635 quo

2077 5564 2303 5633 ιρετιϊς,
2343 5562 2531 5616 τέκνον
2581 5563 2759 5633 ήμῶν,
2818 5561 3149 5634 κοσμοῦνται
3195 5560 3290 5616 καὶ
3345 5558 3624 5632 κατορθὼο

457 5739 477 5770 ⁸
514 5738 617 5794 lsa.
648 5754 763 5806 tui,
798 5737 848 5791 Ἰ.
