3920 6124
247 301 305 366 97
1660 295 2071 359 EPISTOUE.
3398 288 3468 352 98

249 425 387 479 μασι,
414 407 503 463 καὶ
532 409 778 482 τοσούτῳ
811 411 1033 481 μᾶλλον,
1058 412 1183 465 ὅσον
1215 411 1307 463 καί
1339 409 1660 480 οἰκειότεροι
1694 410 1778 465 δν-

1888 407 2011 478 plus
2041 407 2106 461 ad
2137 422 2231 463 cas
2263 406 2739 478 appropinquant;
2770 415 2821 463 te
2842 402 3108 475 eiusmodi
3138 416 3261 459 esse
3290 402 3466 456 scien-

250 517 327 564 τες
343 497 715 572 γνωρίζονται.
744 503 1006 558 Τοιοῦτόν
1032 522 1093 556 σε
1123 504 1254 557 ὄντα
1288 506 1667 573 ἐπιστάμενοι,
1697 503 1792 557 καὶ

255 594 385 650 τοῦτο
414 595 864 666 συνεπιστάμεθα
902 597 986 651 ὅτι
1031 596 1125 652 καὶ
1155 597 1327 669 χωρὶς
1356 596 1465 651 τῶν
1506 596 1793 668 ἡμετέρων

247 687 403 756 λόγων
450 689 637 741 ἐκεῖνα
680 688 892 761 διανοῇ,
934 688 1036 743 ὅσα
1077 689 1153 758 τῷ
1187 688 1409 759 μεγέθει
1452 688 1652 759 πρέπει
1692 687 1792 757 τῆς

250 779 335 849 τῆς
356 778 569 850 ἀρετῆς.
614 779 773 833 Ἐπεὶ
816 776 910 835 οὖν
937 780 1109 845 οὕτως
1146 780 1345 853 ἔχομεν
1387 782 1518 851 περὶ
1564 779 1681 845 σοῦ,
1711 779 1792 845 είς

244 872 328 943 τὴν
360 871 639 941 παροῦσαν
673 871 931 928 ὑπόθεσιν
968 873 1064 928 τοῦ
1100 876 1427 946 γράμματος
1457 872 1792 945 ἐκινήθημεν

222 952 469 1037 ζμεγάλην
494 980 557 1017 τε
590 963 778 1030 οὖσαν,
804 966 901 1018 καὶ
933 964 1021 1019 διὰ
1049 966 1149 1037 τῆς
1180 969 1280 1035 σῆς
1318 967 1632 1037 φρονήσεως
1662 981 1793 1018 κατ-

219 1032 529 1125 Ῑνρθωθῆναι
577 1054 924 1126 ὀφείλουσαν.
978 1032 1139 1111 Ἔστι
1210 1032 1267 1111 δέ
1320 1032 1641 1128 sitq-napi
1689 1056 1791 1126 τῆς

237 1142 467 1218 εἰρήνης,
510 1148 581 1219 ἢν
611 1147 816 1203 ἔδωκεν
869 1150 1001 1221 ήμτν
1043 1150 1280 1222 Χριστὸς
1328 1151 1358 1205 6
1411 1149 1546 1214 Θεὸς
1606 1148 1787 1221 ήμῶν,

235 1237 351 1307 περὶ
394 1236 490 1293 τοῦ
542 1237 752 1294 παῦσαι
778 1240 881 1306 τὰς
924 1244 1142 1312 σφαγὰς
1186 1242 1279 1298 καὶ
1325 1242 1427 1308 τὰς
1463 1242 1650 1315 χύσεις
1680 1242 1790 1299 τῶν

234 1329 467 1399 αίμάτων
494 1332 593 1387 καὶ
623 1332 725 1405 τῆς
758 1335 926 1406 ἄλλης
962 1334 1285 1405 κακώσεως,
1325 1336 1429 1407 ὅση
1450 1337 1514 1390 ἐκ
1546 1336 1658 1390 τῶν
1688 1352 1791 1391 που

231 1420 395 1490 λὲμων
422 1424 758 1496 γνωρίζεται
778 1442 794 1459 ·
818 1417 895 1482 ὧν
920 1427 1073 1481 οὒδὶν
1104 1426 1315 1499 μεῖζον,
1348 1427 1471 1482 οὐδὲ
1505 1428 1789 1499 φρονίμων

233 1512 520 1583 ἀνθρώπων
551 1517 645 1571 καὶ
682 1519 941 1588 μέγιστον
979 1518 1140 1584 κλέος
1168 1520 1404 1591 ἐχόντων
1435 1520 1602 1592 ἔργον
1639 1523 1790 1577 ἐστὶν

233 1603 349 1659 ἰδεῖν
388 1606 746 1680 οἰκειότερον.
798 1609 939 1680 Περὶ
975 1611 1163 1664 τούτου
1212 1610 1537 1682 ἐγράψαμεν
1572 1612 1665 1667 καὶ
1708 1611 1787 1682 τῷ

229 1689 560 1765 μεγαλοδόξῳ
602 1695 701 1749 καὶ
755 1696 1128 1772 πεποθημένῳ
1171 1698 1328 1770 ήμῶν
1372 1699 1499 1773 υίῷ,
1553 1702 1649 1757 καὶ
1685 1703 1787 1757 οὐκ

225 1780 537 1854 ἀγνοοῦμεν,
570 1785 646 1851 ὡς
677 1787 712 1857 ή
754 1788 969 1845 ἐκείνου
1002 1790 1305 1860 φιλάγαθος
1334 1790 1483 1865 ψυχὴ
1514 1794 1549 1866 ή
1583 1795 1787 1866 πραεῖα

226 1874 309 1929 καὶ
335 1874 569 1947 ἥμερος.
614 1880 665 1933 εί
701 1881 797 1936 καὶ
820 1881 884 1935 τὸ
919 1882 1123 1956 πλῆθος
1158 1884 1268 1937 τῶν
1312 1884 1463 1958 ἐμῶν
1497 1885 1787 1958 ἁμαρτιῶν

223 1966 381 2040 ταύτῃ
437 1971 669 2042 πικρίας
724 1973 952 2046 ἐνέθηκε
1005 1976 1321 2049 σπέρματα,
1372 1977 1631 2051 προσέξει
1674 1982 1788 2047 τοῖς

225 2057 501 2130 ἡμετέροις
537 2061 720 2132 λόγοις
756 2064 1026 2137 εὐμενῶς.
1065 2068 1259 2139 Ὅμως
1295 2070 1389 2125 καὶ
1429 2069 1489 2123 at
1528 2068 1786 2141 κινοῦμεν

223 2147 303 2202 διὰ
331 2151 425 2206 τοῦ
459 2154 796 2225 γράμματος
843 2157 1303 2214 συνεπιλαϐέσθαι
1348 2162 1442 2216 καὶ
1486 2160 1562 2227 ὡς
1593 2161 1788 2218 εὔνουν

226 2241 374 2297 αὐτοῦ
422 2246 521 2300 καὶ
568 2250 773 2304 οίκεϊον
812 2250 1121 2323 θεράποντα
1169 2252 1269 2328 τήν
1314 2253 1485 2316 ὅντως
1539 2256 1786 2329 μεγάλης

223 2330 363 2406 δόξης
384 2337 536 2410 αὑτῷ
569 2340 833 2412 πρόξενον
884 2345 1187 2418 ὑπουργίαν
1241 2345 1779 2420 ἐξυπηρετήσασθαι.

232 2422 310 2479 Ἕν
334 2428 545 2494 nonor;
573 2433 674 2503 μὲν
711 2435 821 2505 γάρ
863 2435 1069 2505 ἄλλοις,
1104 2438 1180 2501 ὡς
1213 2437 1450 2511 καθαρὸν
1484 2439 1678 2504 σώζων
1716 2439 1780 2495 τὸ

222 2517 425 2591 φίλτρον
455 2523 596 2594 πρὸς
622 2526 812 2594 αὐτὸν,
840 2529 917 2592 ὡς
959 2530 1060 2600 τῆς
1091 2528 1259 2583 αὐτοῦ
1289 2532 1578 2603 ἐφιέμενος
1611 2532 1779 2605 τιμῆς

219 2627 272 2665 τε
317 2614 403 2668 καὶ
450 2614 612 2686 δόξης
673 2617 1132 2691 ἐξυπηρετεῖσθαι
1180 2621 1357 2694 τούτῳ
1408 2624 1772 2694 σπουδάζεις,

1894 508 1996 565 tes,
2029 500 2082 554 id
2129 515 2344 569 quoque
2378 499 2603 573 scimus,
2642 507 2693 554 te
2752 498 3001 554 videlicet
3055 505 3183 549 ante
3248 502 3465 549 nostras

1892 591 2102 649 litteras
2130 605 2194 647 ea
2213 591 2417 649 sentire
2448 604 2571 661 quae.
2598 598 2701 645 tua:
2736 588 2953 645 virtutis
2982 585 3180 643 decent
3207 590 3470 655 praestan-

1893 686 2058 753 tiam;
2090 702 2154 742 ea
2180 686 2247 741 de
2270 695 2320 741 te
2342 688 2641 742 sentientes
2675 686 2925 740 venimus
2955 682 3021 738 ad
3058 695 3297 752 praesens
3329 677 3466 735 scri-

1890 779 1967 849 pti
2002 778 2171 833 nostri
2202 778 2475 849 objectnm
2523 777 2667 848 (μισῇ
2707 778 2925 848 quidem
2952 775 3251 829 maximum
3281 782 3364 828 est
3414 780 3470 826 et

1890 879 1979 925 tua
2010 868 2297 940 prudentia
2329 868 2534 942 indiget
2571 886 2587 924 :
2622 869 2690 925 de
2718 882 2849 938 pace
2880 881 2967 924 res
2998 874 3101 941 est,
3124 879 3288 937 quam
3308 860 3470 918 nobis

1888 960 2113 1018 donavit
2136 961 2387 1020 Christus
2443 962 2585 1019 Deus
2618 971 2825 1027 noster,
2882 960 2948 1016 de
2978 959 3085 1015 line
3112 970 3329 1029 quoque
3360 970 3468 1010 ca:-

1888 1054 2061 1119 dium,
2106 1056 2386 1125 sanguinis
2411 1054 2694 1111 eﬂ'usionis
2732 1061 3162 1122 ceterarumque
3189 1048 3472 1106 calamita-

1889 1153 2062 1202 tatum
2084 1162 2222 1219 quas
2243 1164 2309 1204 ex
2341 1149 2482 1203 bello
2498 1148 2649 1203 nasci
2672 1155 2860 1203 notum
2877 1154 2959 1201 est
2983 1163 2997 1201 :
3030 1158 3140 1215 quo
3163 1142 3342 1212 majus
3360 1153 3467 1193 non

1889 1250 1972 1296 est
2010 1254 2151 1310 opus
2182 1257 2283 1298 nec
2319 1241 2536 1311 dignius
2570 1238 3007 1297 consideratione
3042 1238 3283 1292 virorum
3334 1246 3466 1302 pru-

1888 1328 2136 1387 dentium
2191 1343 2246 1387 et
2296 1330 2791 1389 illustrissimorum
2824 1329 2937 1385 :de
2986 1342 3096 1400 quo
3146 1323 3466 1396 scripsimus

1882 1424 1996 1494 jam
2029 1423 2097 1479 ad
2131 1424 2429 1497 gloriosum
2471 1435 2635 1495 atque
2687 1422 3105 1480 desiderabilem
3149 1419 3319 1474 lilium
3361 1432 3465 1471 no-

1889 1529 2083 1580 suum.
2112 1536 2211 1575 nec
2246 1517 2603 1589 desperamus
2642 1518 2775 1589 quin
2799 1515 2949 1572 illius
2979 1515 3212 1583 optima,
3237 1509 3380 1565 lenis
3409 1516 3466 1565 et

1889 1618 2175 1669 mansueta
2209 1625 2385 1677 mens,
2424 1610 2547 1665 licet
2585 1618 2928 1679 peccatorum
2983 1612 3295 1660 nostrorum
3324 1598 3462 1655 mul-

1889 1702 2064 1760 titudo
2088 1703 2134 1759 ei
2169 1702 2553 1759 amaritudinis
2584 1700 2793 1758 semina
2812 1697 3081 1770 iniecerit,
3106 1695 3311 1752 nostris
3350 1708 3466 1750 ser-

1818 1766 1861 1825 Β
1890 1799 2147 1855 monibus
2177 1797 2410 1871 benigne
2452 1796 2697 1853 attendat
2731 1814 2747 1852 :
2784 1802 2839 1851 te
2869 1766 3058 1850 tamen
3090 1790 3240 1847 hisce
3264 1787 3467 1845 exhor-

1894 1899 2075 1947 tamur
2108 1890 2304 1947 litteris
2350 1889 2418 1945 ad
2463 1903 2566 1945 nos
2629 1885 3019 1959 adiuvandum,
3068 1892 3145 1950 et,
3203 1875 3462 1952 tanquam

1891 1981 2209 2038 benevolum
2236 1988 2292 2038 et
2316 1980 2635 2037 familiarem
2664 1978 3229 2049 ministrum,operam
3246 1973 3297 2031 ei
3328 1989 3467 2045 pra:-

1888 2070 2128 2130 bendum
2164 2088 2286 2146 quae
2318 2071 2368 2129 ei
2399 2086 2647 2144 magnam
2677 2084 2811 2126 sane
2840 2069 3066 2140 gloriam
3103 2066 3415 2124 conciliabit
3442 2078 3459 2119 :

1890 2166 1937 2223 si
1972 2165 2162 2223 multis
2204 2164 2403 2238 quippe
2431 2165 2572 2233 aliis,
2622 2172 2684 2221 ut
2709 2163 2800 2235 qui
2852 2164 3118 2233 integrum
3164 2174 3292 2231 erga
3334 2170 3461 2211 eum

1891 2274 2136 2317 amorem
2166 2267 2349 2316 servat
2396 2258 2652 2329 illiusque
2682 2257 2944 2315 honorem
2978 2263 3034 2311 et
3062 2252 3287 2325 gloriam
3320 2250 3465 2305 desi-

1889 2352 2068 2418 derat,
2100 2352 2178 2411 illi
2208 2351 2518 2408 ministrare
2548 2351 2757 2416 studes,
2786 2348 2838 2404 in
2879 2365 2937 2404 re
2969 2355 3148 2402 autem
3190 2345 3334 2400 nulla
3359 2344 3463 2399 alia

1889 2445 2037 2502 illius
2072 2445 2246 2515 magis
2276 2458 2569 2515 procurare
2602 2444 2865 2499 honorem
2898 2452 2952 2496 et
2974 2438 3200 2512 gloriam
3241 2435 3459 2492 videbe-

1888 2537 1965 2594 ris
2025 2552 2199 2610 neque
2248 2537 2540 2594 ostendere
2596 2543 2748 2591 tuum
2787 2549 2915 2608 erga
2936 2549 3055 2591 eum
3096 2546 3333 2587 amorem
3366 2544 3461 2584 ar-

1886 2629 2129 2702 densque
2153 2631 2206 2686 in
2238 2629 2526 2686 Dominum
2557 2627 2822 2687 studium.

219 2704 332 2800 ἀλλῖ
356 2709 534 2764 οὐδενὶ
566 2711 655 2764 ἐπ’
685 2711 831 2785 ἄλλῳ
865 2714 1177 2785 πράγματι,
1204 2717 1283 2782 ὡς
1349 2720 1411 2773 ἐν
1440 2719 1636 2793 τούτῳ,
1702 2725 2055 2799 γνωρισθήση
2126 2726 2633 2800 ἐξυηρετοὺμενος
2674 2728 2744 2782 τὰ
2792 2726 2875 2790 εἰς
2940 2724 3107 2796 τιμὴν
3145 2722 3241 2780 καὶ
3297 2719 3459 2788 δόξαν

220 2798 371 2872 αὐτῷ,
402 2801 528 2857 οὐδὲ
567 2800 632 2858 τὸ
663 2803 798 2876 πρὸς
835 2804 1000 2861 αὐτὸν
1028 2808 1252 2882 φίλτρον
1279 2811 1635 2868 ἐπιδεικνύων
1676 2817 1771 2871 καὶ
1801 2818 1863 2872 τὸ
1892 2818 1987 2875 τοῦ
2010 2798 2211 2891 ἔρωτος
2239 2798 2501 2894 διάπυρον
2537 2822 2674 2893 πρὸς
2716 2820 2807 2875 τὸν
2829 2819 3025 2873 οίκεῖον
3051 2816 3352 2887 Δεσπότην.

293 2896 657 2970 ἐνθυμήθητι
697 2900 829 2972 γὰρ,
867 2899 1060 2958 τέκνον
1092 2903 1274 2976 ἡμῶν,
1302 2907 1371 2962 τὰ
1401 2906 1495 2961 τοῦ
1535 2910 1776 2983 πολέμου

1957 2915 2216 2986 Recogita
2250 2916 2547 2988 siquidem,
2576 2916 2649 2973 (ili
2683 2916 2782 2983 mi,
2812 2915 2937 2973 belli
2968 2915 3110 2970 mala
3131 2914 3461 2986 doloresque

222 2988 371 3083 κακὰ,
405 2989 509 3083 ᾲτὰ
558 2991 770 3048 ἐκεῖθεν
818 2994 946 3059 τοὺς
1008 2995 1329 3068 ἀνθρώπους
1394 3001 1775 3061 καταλαϐόντα

1886 3006 2134 3067 homines
2168 3012 2488 3069 invadentes
2518 3021 2573 3068 et
2595 3027 2811 3069 rursum
2848 3012 2999 3083 pacis
3040 3010 3179 3067 bona
3205 3009 3458 3066 delicias-

214 3081 449 3151 ἀλγεινὰ,
484 3084 584 3141 καὶ
635 3084 802 3141 πάλιν
825 3087 895 3141 τά
936 3090 1037 3161 τῆς
1089 3092 1312 3164 εἰρήνης
1344 3094 1507 3161 καλὰ,
1540 3095 1637 3151 καὶ
1673 3098 1774 3169 τὴν

1884 3116 1983 3171 que
2028 3117 2094 3156 es
2146 3116 2207 3158 ea
2264 3102 2579 3159 hominibus
2625 3112 2818 3171 natas;
2866 3101 3064 3173 quibus
3117 3100 3402 3172 perpensis
3437 3139 3455 3164 ,

214 3173 268 3240 ἐξ
308 3175 474 3247 αὐτῆς
521 3176 886 3250 ἐγγινομένην
922 3183 1035 3245 τοῖς
1084 3182 1398 3255 ἀνθρώποις
1442 3188 1769 3248 ἀπόλαυσιν.

216 3265 316 3320 Καὶ
340 3267 516 3323 ταῦτα
566 3268 900 3341 συγκρίνων,
932 3271 1131 3341 σκέψαι
1171 3275 1350 3349 πόσης
1388 3277 1536 3349 αὺτῷ
1565 3282 1772 3356 γενήσῃ

212 3356 455 3429 πρόξενος
486 3359 660 3431 τιμῆς
690 3363 786 3416 καὶ
807 3361 989 3433 δόξης,
1016 3366 1065 3418 εἰ
1094 3364 1234 3420 Θεοῦ
1267 3370 1774 3441 συνεπιλαμϐάνονο

208 3466 293 3514 σος
323 3453 440 3506 ἀντὶ
475 3452 587 3506 τῶν
617 3452 899 3524 πολέμων,
931 3455 1054 3510 ἀντὶ
1081 3457 1192 3511 τῶν
1231 3459 1479 3529 σφαγῶν,
1512 3463 1635 3517 ἀντὶ
1661 3466 1772 3519 τῶν

208 3543 613 3614 αίχμαλωσιῶν,
638 3545 830 3611 άπλῶς
860 3547 982 3601 ἀντὶ
1023 3547 1119 3602 τοῦ
1154 3552 1391 3620 μεγάλου
1421 3553 1530 3607 τῶν
1563 3554 1773 3627 ἀνθρώ.

210 3651 315 3689 πων
345 3636 592 3709 ὀλέθρου,
635 3636 1072 3712 ἐξυπηρετήσεις
1100 3643 1255 3716 αὐτῷ
1294 3645 1502 3722 ταύτην
1550 3649 1650 3718 τὴν
1683 3650 1773 3703 εν-

210 3727 321 3784 θεον
357 3730 688 3802 ὑπηρεσίαν,
719 3731 781 3786 τὸ
807 3734 1152 3789 ἐπαινεῖσθαι
1199 3738 1288 3792 διὰ
1328 3739 1395 3793 τὰ
1449 3740 1631 3808 ἀγαθὰ
1670 3743 1772 3813 τῆς

209 3823 441 3893 είρήνης,
479 3825 575 3878 καὶ
599 3823 943 3892 δοξάζεσθαι,
981 3826 1120 3882 ἀλλὰ
1154 3831 1228 3901 μὴ
1257 3832 1329 3885 τά
1359 3834 1583 3888 ἐναντία
1613 3836 1774 3907 πορί-

209 3913 387 3979 ζεσθαι
417 3917 509 3971 διὰ
533 3921 601 3974 τά
630 3919 698 3973 ἐκ
726 3918 837 3974 τῶν
871 3919 1125 3993 πολέμων
1156 3926 1322 3978 κακά.
1360 3926 1436 3981 Οὐ
1468 3928 1542 3997 μὴ
1570 3927 1771 3999 δεηθῇς

208 4005 370 4078 λόγων
398 4010 634 4076 πολλῶν,
662 4010 774 4066 οὐδ’
801 4013 1291 4087 ἀποστραφήσεται
1324 4036 1417 4073 σου
1448 4022 1549 4091 τήν
1585 4020 1770 4091 δέησιν

207 4103 239 4173 ή
273 4103 410 4175 καλὴ
456 4107 679 4159 ἑκείνου
709 4107 803 4160 καὶ
833 4105 1121 4177 φιλάρετος
1154 4110 1323 4181 ψυχὴ,
1358 4112 1520 4180 μόνον
1566 4114 1773 4183 προθυ-

207 4195 418 4266 μήθητι,
452 4196 619 4267 μόνον
639 4198 961 4268 δυσωπῆσαι
984 4199 1273 4272 βουλήθητι
1294 4220 1309 4235 ι
1347 4204 1441 4257 καὶ
1463 4204 1770 4277 πέπεισμαι

205 4284 272 4347 ὡς
291 4285 507 4353 ἕτοιμον
526 4285 657 4340 ὅντα
678 4286 799 4356 ὄψει
824 4290 925 4359 τὴν
951 4289 1105 4345 θείαν
1128 4295 1353 4363 εἰρήνην
1378 4294 1767 4366 ἐπιζητοῦντα.

206 4376 365 4432 Τοῦτο
396 4379 453 4432 δέ
486 4380 587 4451 οὐχ
617 4380 805 4446 ἁπλῶς
831 4380 998 4451 λέγω,
1033 4385 1170 4438 ἀλλὰ
1204 4388 1572 4458 πεπεισμένος
1600 4390 1661 4455 ἐξ
1691 4386 1767 4444 ὦν

200 4470 229 4523 6
254 4469 634 4543 φιλάνθρωπος
678 4472 810 4537 Θεὸς
857 4475 1193 4545 εἰργάσατοο
1244 4480 1371 4543 τοὺς
1405 4481 1513 4553 γάρ
1554 4483 1764 4549 αἰτίους

201 4562 287 4619 τοῦ
314 4565 576 4637 πολέμου,
608 4568 701 4621 καὶ
732 4567 834 4639 τῆς
868 4569 1142 4643 τοσαύτης
1191 4576 1535 4644 μιαιφονίας,
1564 4578 1771 4649 κρίμα-

202 4672 281 4709 σιν
300 4654 379 4724 oi;
409 4658 579 4725 αὐτὸς
608 4656 717 4715 οῐδε
753 4661 1012 4731 δικαίοις,
1052 4663 1118 4717 ἐκ
1148 4665 1316 4735 μέσου
1343 4668 1637 4739 πεποίηκε,
1665 4670 1771 4742 τὴν

202 4747 345 4815 ἀξίαν
372 4752 537 4825 δίκην
570 4755 665 4807 καὶ
697 4754 1049 4826 ἁρμόζουσαν
1076 4758 1144 4828 τῇ
1188 4756 1426 4831 τοσαύτῃ
1455 4760 1640 4815 αὐτῶν
1670 4778 1769 4817 ποο

200 4843 349 4915 νηρίᾳ
382 4843 616 4909 ἐπιθείς.
654 4846 755 4902 Διὰ
787 4845 951 4901 τοῦτο
982 4847 1094 4901 οὐδ’
1124 4850 1291 4921 ἡμεῖς
1320 4853 1482 4907 πλέον
1521 4852 1766 4922 ἐγνώκαο

202 4952 288 5004 μιν
324 4936 599 4993 ἐκτείνειν
628 4938 722 4994 τὸν
774 4938 953 5008 λόγον,
986 4940 1096 4995 οὐδ’
1128 4942 1367 5013 ἐνοχλεῖν
1395 4960 1456 4997 σε
1490 4945 1568 5017 τῷ
1599 4948 1766 5018 μήκει

198 5028 279 5084 τοῦ
315 5028 675 5101 γράμματος,
720 5029 860 5086 ἀλλὰ
903 5031 1075 5103 μόνην
1124 5033 1292 5104 εὐχὴν
1340 5038 1767 5108 προσεπιτιθέα-

203 5133 301 5186 μιν,
337 5120 417 5185 ὡς
472 5122 559 5193 εἴη
603 5122 842 5194 Χριστὸς
869 5125 899 5179 ὁ
936 5123 1073 5191 Θεὸς
1102 5126 1261 5199 ήμῶν
1300 5132 1554 5187 κάκεῖνον
1585 5132 1766 5204 τιμῶν

1878 3191 2003 3246 vide
2039 3199 2231 3261 quanti
2286 3192 2511 3250 honoris
2557 3206 2885 3266 quantaeque
2934 3192 3119 3266 gloriae
3154 3192 3233 3248 illi
3267 3201 3458 3247 auctor

1876 3282 2008 3351 eris,
2041 3285 2084 3338 si
2116 3282 2224 3339 Deo
2256 3284 2567 3355 adiuvante,
2600 3300 2698 3357 pro
2729 3286 2906 3353 bellis,
2945 3300 3044 3357 pro
3068 3284 3329 3351 caedibus,
3355 3297 3456 3355 pro

1876 3376 2300 3448 captivitatibus,
2339 3393 2448 3433 uno
2496 3380 2683 3445 verbo,
2739 3394 2836 3449 pro
2868 3377 3119 3450 ;niaxima
3168 3377 3452 3434 hominum

1873 3470 2129 3538 pernicie,
2156 3469 2393 3526 divinam
2416 3470 2465 3526 ei
2493 3485 2712 3541 operam
2744 3486 2907 3527 naves
2947 3479 3007 3526 ut
3042 3471 3108 3525 ad
3134 3470 3285 3540 pacis
3313 3471 3452 3523 bona

1873 3563 2059 3618 redeat
2092 3562 2433 3634 gloriamque
2466 3564 2568 3618 sibi
2602 3561 2873 3628 conciliet,
2910 3577 3016 3617 non
3045 3572 3224 3617 autem
3248 3576 3369 3631 qua:
3383 3576 3448 3615 ex

1874 3655 1999 3709 belli
2037 3656 2215 3721 malis,
2255 3654 2531 3710 infamiam
2564 3671 2579 3708 :
2611 3655 2795 3709 multis
2844 3654 3023 3708 verbis
3060 3668 3165 3708 non
3206 3654 3311 3709 erit
3354 3651 3453 3708 tibi

1874 3764 2034 3819 opus,
2060 3756 2204 3802 tuam
2236 3762 2343 3803 non
2369 3746 2574 3819 rejicict
2605 3748 3041 3818 deprecationem
3075 3746 3218 3801 illius
3247 3746 3452 3812 optima

1872 3858 2029 3898 mens
2068 3843 2389 3912 virtutisque
2433 3858 2660 3909 amans;
2691 3840 2931 3896 confidas
2959 3848 3170 3895 tantum
3211 3854 3275 3895 ac
3320 3852 3453 3909 sup.

1872 3936 2077 4005 plicare
2110 3936 2263 3997 velis,
2298 3944 2353 3990 et
2380 3934 2512 3989 mihi
2542 3948 2834 4004 persuasus
2870 3948 2989 3987 sum
3021 3932 3173 3988 illum
3203 3930 3321 3987 fore
3350 3946 3449 4001 pa-

1874 4038 2051 4081 ratum
2086 4026 2390 4097 divinaeque
2416 4028 2565 4098 pacis
2594 4025 2883 4097 cupidum;
2921 4026 2973 4081 id
3015 4035 3197 4081 autem
3223 4041 3331 4081 non
3362 4025 3451 4079 in-

1873 4119 2120 4173 consulte
2149 4118 2292 4184 dico,
2324 4117 2415 4174 sed
2445 4120 2512 4174 iis
2535 4134 2657 4190 qua:
2705 4118 2833 4174 fecit
2858 4118 3001 4175 Deus
3032 4117 3273 4173 clemens
3324 4133 3449 4189 per-

1871 4200 2069 4265 suasus
2100 4225 2115 4264 :
2147 4222 2397 4265 auctores
2445 4210 2645 4264 etenim
2689 4207 2814 4265 belli
2877 4222 2931 4266 et
2987 4221 3095 4267 tam
3155 4211 3447 4267 multorum

1873 4301 2313 4369 bomiciiliorutn,
2334 4302 2560 4373 judicio,
2592 4314 2648 4358 ut
2671 4305 2786 4374 ipse
2819 4304 2991 4368 novit,
3018 4305 3190 4374 justo,
3221 4321 3250 4359 e
3272 4304 3451 4359 medio

1874 4392 2119 4458 sustulit,
2155 4408 2366 4462 mquam
2417 4402 2688 4464 tantasque
2726 4395 2945 4450 malitias
2984 4408 3284 4450 consonam
3326 4407 3447 4465 pa:-

1869 4499 1995 4539 nam
2033 4494 2315 4555 repetens;
2345 4497 2625 4556 propterea
2655 4501 2963 4541 sermonem
2988 4500 3096 4540 non
3129 4486 3447 4555 protrahere

1868 4576 2125 4633 duximus
2150 4592 2217 4634 ne
2247 4578 2489 4649 longiore
2511 4579 2737 4649 cpistola
2759 4579 2853 4635 tibi
2884 4579 3099 4634 tardium
3130 4577 3445 4646 aﬂ'eramus,

1869 4670 1963 4725 sed
2019 4670 2162 4725 hanc
2211 4669 2387 4726 solum
2446 4671 2696 4728 addimus
2758 4672 3181 4743 precationem:
3234 4672 3443 4727 utinam
3542 4722 3543 4725 η

1866 4760 2121 4817 Christus
2153 4759 2294 4819 Deus
2333 4771 2517 4818 noster
2543 4763 2692 4818 illum
2726 4764 2901 4833 ipsum
2934 4766 3139 4819 honore
3164 4772 3217 4819 et
3244 4764 3442 4832 gloria,

1868 4868 1967 4924 pro
1993 4854 2280 4910 conciliata
2308 4870 2462 4921 pace,
2496 4855 2550 4911 in
2578 4857 2682 4913 hac
2716 4858 2825 4912 vita
2857 4855 3110 4926 praesenti
3154 4865 3209 4912 et
3244 4857 3297 4911 in
3348 4856 3440 4911 fu-

1869 4954 1993 5002 tura
2020 4956 2268 5013 exornet,
2295 4957 2349 5003 et
2398 4959 2467 5015 te,
2499 4946 2569 5003 illi
2596 4948 2690 5015 nti,
2746 4948 2971 5005 domino
3004 4958 3095 5005 tuo
3133 4950 3443 5006 cliarioren.

1866 5046 1922 5094 et
1960 5040 2366 5099 familiariorem
2405 5040 2587 5109 I'aciat,
2614 5050 2667 5097 et
2696 5056 2795 5113 pro
2826 5042 2929 5098 isto
2951 5050 3045 5097 tuo
3073 5041 3256 5098 studio
3277 5052 3442 5116 atque

1865 5134 2167 5207 diligentia,
2199 5136 2367 5195 bonis
2407 5138 2611 5193 donare
2639 5137 2888 5209 dignetur
2913 5137 3281 5208 sempiternis.

202 5214 278 5266 ul
309 5214 555 5282 δοξάζων
586 5217 681 5272 καὶ
712 5218 772 5271 ἐν
804 5216 885 5290 τῷ
918 5222 1151 5289 παρόντι
1182 5221 1284 5294 βίῳ
1326 5225 1421 5279 καὶ
1447 5225 1507 5279 ἐν
1525 5226 1603 5299 τῷ
1672 5229 1925 5300 μέλλοντι
1956 5232 2021 5286 ἐκ
2064 5230 2159 5285 τοῦ
2184 5230 2285 5303 τὴν
2341 5233 2565 5303 εἰρήνην
2629 5229 2962 5297 ἐπιτελέσαι,
3004 5231 3099 5285 καὶ
3130 5230 3211 5297 σε,
3247 5229 3437 5284 τέκνον

202 5310 362 5383 ήμῶν,
394 5313 659 5370 ἐπι-πλέον
696 5317 899 5371 οἰκεῖον
941 5319 1159 5387 δεικνὺς
1191 5320 1271 5394 τῷ
1298 5324 1487 5396 οἰκείῳ
1521 5323 1760 5400 δεσπότῃ
1799 5327 1896 5383 καὶ
1926 5326 2021 5382 ὑπ’
2058 5326 2227 5384 αὑτοῦ
2290 5330 2680 5399 ἀγαπώμενον,
2710 5329 2807 5383 καὶ
2870 5326 3013 5398 ὑπὲρ
3046 5326 3144 5399 τῆς
3176 5330 3439 5396 τοιαύτης

201 5410 567 5477 προαιρέσεως
610 5409 705 5464 καὶ
763 5412 1002 5483 σπουδῆς
1051 5416 1162 5471 τῶν
1208 5418 1448 5475 αἰωνίων
1486 5419 1761 5487 καταξιῶν
1798 5421 2041 5492 ἀγαθῶν.

598 5548 700 5604 IA'.
726 5549 971 5620 Συμεὼν
998 5553 1345 5626 Βουλτάρῳ.

253 5661 453 5717 τέκνον
492 5662 654 5735 ήμῶν
705 5664 1108 5736 ποθεινότατον,
1140 5670 1263 5741 καὶ,
1290 5672 1463 5742 φίλων
1507 5673 1755 5747 ἀρχαίων

2191 5549 2332 5615 XN.
2367 5558 2450 5615 Ad
2478 5558 2742 5616 Simonem
2778 5560 3089 5634 Bmgarnm.

1933 5670 2033 5728 Fili
2057 5674 2130 5729 mi
2173 5672 2653 5740 desideratissime,
2685 5683 2927 5729 veterum
2972 5682 3136 5745 atque
3166 5684 3432 5730 novorum

202 5750 286 5807 ut
330 5750 467 5809 νέων
492 5753 524 5808 ό
554 5751 899 5824 γλυκύτατος
955 5759 1133 5831 φίλος,
1170 5757 1407 5817 ἄκουσον
1453 5762 1530 5827 ὡς
1562 5764 1753 5821 τέκνον

1884 5766 2159 5824 unicorum
2181 5766 2503 5825 suavissime
2520 5808 2535 5835 ,
2556 5777 2613 5825 ut
2636 5768 2842 5839 ﬁliustet
2861 5778 2918 5826 ut
2935 5766 3294 5835 amicus,autli
3314 5780 3434 5824 ver-
