3962 6140
470 301 543 365 99
1602 301 1653 363 Ν
1659 298 1913 363 ICOLAI
1952 302 2063 365 (ΣΡ.

2169 301 2625 365 ATRlARClI/E

3629 287 3763 356 100

470 409 648 467 Patris
675 409 767 480 qui
799 418 853 465 te
873 423 902 466 a
930 408 1199 483 principio
1250 409 1438 467 dilexit
1456 418 1511 468 et
1536 412 1839 468 etiamnum
1868 411 2051 486 diligit

2169 416 2253 471 καὶ
2294 414 2451 486 φίλος
2498 415 2723 486 ῥήματα
2771 411 2978 482 πατρὸς
3009 409 3070 476 ἐξ
3098 408 3274 481 ἀρχῆς
3306 424 3366 461 σε
3400 404 3763 476 φιλήσαντος

466 511 521 556 et
554 501 828 573 geminam
880 517 1009 574 erga
1038 512 1092 559 te
1141 501 1467 560 cltaritatem
1526 506 1581 560 ln
1613 504 1821 576 Spiritu
1863 515 2054 561 sancto

468 601 669 657 servat,
698 580 908 664 iisquae
930 593 1242 659 scribimus,
1277 594 1661 673 attendehtlli;
1691 595 1746 656 in
1778 596 1889 653 Deo
1906 600 2052 654 enim

472 700 794 756 persuasum
844 686 1104 743 habemus
1160 688 1489 746 oblectantia
1544 699 1600 747 et
1648 691 1895 764 jucunda
1952 708 2055 749 nos

471 779 794 850 scriptums,
826 778 985 836 factis
1025 782 1293 838 amicitia!
1326 797 1524 840 nomen
1575 786 1999 843 corroborantes
2036 805 2051 843 :

472 872 624 937 audi,
677 886 899 928 rursum
950 873 1096 938 dico,
1134 882 1194 930 ut
1243 873 1329 931 vir
1359 874 1479 943 Dei,
1527 892 1597 934 ne
1642 879 1801 951 plura
1846 879 2051 947 dicam,

470 963 657 1018 nuntia
673 962 911 1019 divinam
929 974 1339 1024 tuam‘mentem
1366 977 1624 1025 sanatura
1658 988 1673 1025 :
1702 972 1749 1028 si
1781 972 1925 1029 enim
1953 988 2054 1045 pro

470 1058 756 1127 temporali
800 1066 1087 1128 potestate,
1110 1061 1360 1117 excitatis
1381 1076 1413 1117 a
1434 1061 1650 1119 diabolo
1672 1065 1946 1122 scandalis
1958 1080 2056 1137 per

468 1163 564 1205 eos
592 1150 685 1221 qui
721 1161 914 1206 contra
947 1161 1098 1208 tuum
1123 1154 1257 1208 mibi
1285 1154 1540 1213 dilectum
1571 1156 1923 1215 decertavere
1960 1174 2054 1216 ca-

472 1252 590 1312 put,
617 1244 704 1299 ira
733 1255 1039 1303 commotus
1063 1246 1235 1315 fuisti,
1265 1259 1431 1320 atque
1457 1266 1567 1307 non
1600 1253 1758 1322 juxta
1782 1269 1901 1311 mea
1930 1256 2055 1312 vota

473 1338 671 1403 sentis,
705 1340 821 1394 scio
859 1350 1039 1395 tamen
1084 1341 1364 1398 evidenter
1382 1351 1436 1400 te
1481 1342 1550 1401 de
1578 1344 1841 1403 Ecclesia:
1871 1348 2053 1414 malis,

470 1432 650 1499 idest,
703 1434 1095 1490 dilaceratione
1148 1446 1204 1492 ct
1258 1438 1494 1494 ﬁliorum
1545 1440 1668 1511 ejus
1708 1442 2050 1514 dissidentia,

469 1526 851 1583 contristatum
893 1544 1113 1600 quoque
1162 1545 1286 1587 esse
1309 1540 1365 1587 et
1392 1543 1703 1590 nostrarum
1729 1537 2051 1595 acerbarum

470 1618 851 1674 tumstiJarum
882 1619 1052 1675 luisse
1080 1623 1419 1693 participem,
1448 1623 1503 1682 in
1547 1626 1633 1682 bis
1682 1629 1848 1684 etiam
1890 1628 2056 1687 Chri-

470 1717 616 1764 stum
646 1712 1008 1768 honorautem
1040 1713 1204 1768 Deum
1231 1725 1478 1772 nostrum
1513 1731 1544 1772 a
1564 1733 1675 1789 quo
1698 1718 1793 1775 tibi
1823 1734 2054 1791 regnare

467 1812 522 1856 et
552 1804 841 1860 incolumis
879 1821 1002 1861 esse
1055 1805 1244 1863 datum
1286 1820 1391 1875 est,
1436 1819 1494 1865 et
1524 1810 1579 1865 in
1618 1810 1804 1868 futuro
1848 1815 2052 1871 saeculo

465 1896 686 1951 dabitur
719 1896 869 1954 salus
904 1906 957 1954 et
985 1898 1105 1955 sine
1126 1897 1231 1955 line
1251 1899 1445 1970 gloria,
1477 1908 1535 1957 ut
1558 1902 1801 1972 {oramus
1841 1912 1898 1961 et
1927 1919 2055 1978 spe-

470 2002 678 2045 ramus.

545 2266 895 2337 Nuntiamus,
929 2271 1004 2327 tili
1036 2274 1132 2339 mi,
1185 2277 1375 2332 nuntia
1434 2292 1557 2348 quae
1589 2280 1779 2337 audire
1807 2282 2055 2339 omnium

470 2362 568 2418 tibi
592 2362 988 2435 gratissimum,
1027 2368 1297 2439 nobisque
1323 2372 1575 2428 nuntiare
1606 2376 2060 2434 convenientissi-

474 2471 621 2512 mum
648 2472 712 2512 ac
749 2460 985 2515 maxime
1022 2463 1338 2533 proprium;
1370 2464 1520 2522 unita
1554 2475 1639 2523 est
1665 2466 1759 2524 Dei
1788 2466 2055 2536 Ecclesia,

468 2549 707 2605 cessavit
766 2551 911 2606 illius
948 2553 1041 2624 qui
1068 2568 1098 2607 a
1127 2555 1396 2626 principio
1426 2572 1546 2612 eam
1572 2559 1906 2615 conturbare
1938 2575 2060 2615 ma-

472 2643 619 2713 ligne
652 2655 881 2701 conatus
917 2656 1020 2711 est,
1054 2648 1311 2717 procella,
1348 2649 1497 2705 unita
1527 2660 1612 2707 est
1651 2652 2060 2722 quodammodo

466 2746 523 2791 ot
550 2739 783 2793 cessavit
812 2738 1080 2807 proceila:
1110 2742 1201 2811 qui
1227 2742 1447 2813 quidem
1488 2759 1549 2800 se
1581 2760 1608 2798 a
1645 2744 1809 2801 nobis
1835 2761 2061 2816 separa—

471 2841 663 2885 vet-ant
685 2840 739 2886 et
765 2847 861 2886 sna
891 2836 1230 2904 separatione
1278 2836 1475 2891 rationi
1532 2838 1933 2908 valedixcrant,
1964 2853 2060 2895 eos

467 2937 585 2983 sua
627 2925 941 2981 ambitionis
976 2928 1230 2998 paenituit
1263 2940 1318 2984 et
1348 2930 1437 2985 Dei
1474 2932 1650 3002 gratia
1687 2932 1757 2989 ad
1809 2944 2057 2990 nostrum

478 3032 701 3073 sensum
737 3030 866 3074 sunt
924 3021 1170 3087 reversi;
1216 3023 1362 3091 quod
1424 3024 1639 3092 petebat
1675 3024 1942 3091 Ecclesia,
2006 3026 2062 3081 id

2155 509 2254 565 καὶ
2289 508 2574 577 φιλοῦντος
2606 506 2701 561 καὶ
2750 504 3018 571 σώζοντος
3063 501 3306 574 στοργὴν
3333 499 3567 571 γνησίαν
3595 497 3765 570 πρὸς

2157 602 2217 655 σὲ
2266 600 2325 653 ἐν
2365 600 2508 671 ἀγίῳ
2560 598 2865 669 Πνεύματι,
2922 596 3185 667 πρόσχες,
3218 592 3412 648 τέκνον
3463 590 3621 662 ὲμδν,
3655 585 3765 651 οἷς

2155 691 2445 764 γράφομεν
2470 704 2485 717 °
2540 688 2884 759 πεποίθαμεν
2913 687 3025 760 γάρ
3050 688 3112 742 ιν
3158 686 3283 760 Θεῷ
3310 686 3399 740 δτι
3436 683 3507 738 τά
3546 698 3766 737 συνευο

2157 786 2461 857 φραὶνοντα
2494 786 2594 840 καὶ
2641 783 2942 857 συνήδοντα
2992 782 3304 856 γράφομεν,
3351 778 3452 835 καὶ
3497 779 3594 833 ἐπὶ
3625 778 3764 840 τοῖς

2156 876 2340 949 ἔργοις
2391 877 2452 931 τὸ
2480 878 2652 945 δνομα
2694 876 2797 947 τῆς
2820 876 3004 946 φιλίας
3060 872 3425 946 βεϐαιοῦντες.
3467 870 3763 925 Ἄκουσον

2156 971 2254 1027 καὶ
2298 971 2463 1027 πάλιν
2511 971 2655 1043 φημὶ
2686 970 2764 1034 dt;
2806 970 2900 1024 τοῦ
2928 969 3068 1024 Θεοῦ
3112 966 3404 1039 ἄνθρωπος
3455 966 3765 1036 συντόμως

2155 1064 2353 1128 εἰπεῖν,
2387 1064 2681 1133 εὐαγγέλια
2728 1063 2908 1136 ψυχὴν
2959 1061 3184 1134 θεοφιλῆ
3234 1059 3654 1130 θεραπεύοντα⁹
3691 1058 3759 1112 ei.

2154 1156 2267 1226 γὰρ
2296 1156 2390 1208 καὶ
2424 1155 2559 1227 πρὸς
2582 1155 2686 1229 τὴν
2714 1154 2991 1229 κοσμικὴν
3016 1154 3273 1224 ἕξουσίαν
3305 1152 3401 1207 τοῦ
3427 1153 3644 1207 Σατανᾶ
3672 1150 3760 1205 τὰ

2156 1248 2431 1307 σκάνδαλα
2466 1250 2829 1321 κεκινηκότος
2875 1248 2947 1303 δι’
2973 1242 3049 1304 ὧν
3080 1247 3227 1303 κατά
3254 1246 3357 1318 τῆς
3386 1246 3488 1318 σῆς
3531 1244 3756 1316 ἠγωνί-

2156 1358 2325 1396 σαντο
2342 1341 2533 1413 τιμίας
2562 1341 2690 1411 ἐμοὶ
2711 1340 2961 1411 κεφαλῆς
2992 1338 3417 1412 ὲξετραχύνθης,
3445 1338 3541 1392 καὶ
3563 1336 3755 1401 ἄλλως

2153 1436 2187 1506 ἢ
2221 1436 2299 1501 ώς
2354 1434 2691 1507 ἐστιν,εύχή
2741 1452 2833 1506 μοι
2880 1433 3210 1499 διατίθεσαι,
3267 1430 3388 1488 ἀλλ’
3434 1429 3756 1500 ἐπίσταμαι

2155 1527 2403 1598 ἀκριϐῶς
2430 1528 2513 1581 ὅτι
2544 1527 2639 1581 ἐπὶ
2676 1525 2754 1597 τῷ
2784 1524 2950 1580 πάθει
2973 1524 3073 1595 τῆς
3118 1522 3471 1595 Ἐκκλησίας,
3501 1519 3652 1591 λέγω
3678 1519 3755 1591 δὴ

2154 1620 2233 1692 τῷ
2264 1620 2585 1693 σπαραγμῷ
2620 1619 2716 1675 καὶ
2740 1622 2805 1690 τῇ
2847 1619 3130 1674 διαστάσει
3168 1617 3279 1672 τῶν
3305 1615 3517 1670 τέκνων
3545 1614 3754 1682 αὐτῆς.

2155 1717 2253 1772 καί
2280 1714 2591 1786 συνήλγεις,
2621 1714 2715 1769 καὶ
2747 1713 2996 1783 συνείχου
3029 1711 3149 1784 μεθ’
3176 1709 3334 1782 ἡμῶν
3362 1710 3589 1779 πικραῖς
3621 1709 3754 1771 ταῖς

2154 1802 2393 1876 ὀδύναις,
2455 1808 2636 1878 τιμῶν
2684 1808 2779 1862 καὶ
2834 1808 2897 1860 ὲν
2942 1804 3117 1877 τούτῳ
3175 1803 3423 1876 Χριστὸν
3466 1805 3560 1858 τὸν
3609 1801 3758 1857 Θεὸν

2154 1903 2341 1973 ἡμῶν,
2373 1904 2505 1974 παρ’
2532 1894 2594 1956 οὗ
2637 1918 2718 1955 σοι
2772 1900 2869 1956 καὶ
2906 1900 2969 1953 τὸ
3001 1898 3170 1971 ἄρχον
3210 1899 3303 1953 καὶ
3349 1896 3414 1952 τὸ
3444 1894 3756 1962 σώζεσθαι,

2155 1996 2251 2052 ’καὶ
2282 1998 2315 2066 ἡ
2342 1997 2403 2050 ιν
2440 1994 2519 2066 τῷ
2560 1993 2813 2064 μέλλοντι
2860 1992 3018 2047 αίῶνι
3062 1990 3423 2045 ἀποκείσεται
3471 1988 3755 2060 σωτηρία,

2158 2094 2255 2147 καλ⁵
2298 2088 2438 2161 τιμὴ
2486 2088 2869 2161 ἀτελεύτητος,
2918 2085 2996 2151 ὥς
3048 2101 3113 2154 γε
3143 2080 3421 2155 εὐχόμεθα
3460 2083 3557 2137 καὶ
3584 2080 3757 2135 thr!-

2159 2184 2347 2257 ζομεν.
2886 2185 2890 2189 ⁴
3230 2261 3233 2264 ἠ

2230 2277 2722 2351 Εὑαγγελιζόμεθᾶ
2750 2292 2856 2344 σοι,
2882 2274 3079 2329 τέκνον
3109 2261 3293 2345 ἡμῶν,
3322 2270 3644 2340 εὐαγγέλια,
3669 2261 3753 2325 ὧν

2161 2372 2258 2428 καὶ
2310 2374 2395 2426 σοὶ
2428 2372 2490 2425 τὸ
2518 2369 2754 2425 ἀκοῦσαι
2803 2367 3026 2421 πάντων
3057 2364 3348 2437 ἡδύτατον,
3386 2365 3481 2417 καὶ
3525 2364 3662 2434 ἡμῖν
3689 2364 3754 2417 τὸ

2161 2465 2629 2537 εὐαγγελίσασθαι
2668 2463 3126 2533 πρεπωδέστατον
3158 2461 3379 2513 πάντων
3420 2458 3514 2510 καὶ
3546 2457 3755 2510 οἰκειό-

2161 2577 2345 2615 τατον.
2382 2560 2632 2613 Ἦνωται
2660 2558 2693 2628 ἡ
2725 2556 2821 2610 τοῦ
2852 2554 2991 2610 Θεοῦ
3030 2554 3354 2626 Ἐκκλησία,
3406 2551 3623 2621 ιπαύθη
3648 2549 3751 2604 τοῦ

2162 2654 2223 2721 ἐξ
2275 2652 2455 2724 ἀρχῆς
2500 2647 2991 2721 πονηρευσαμένου
3042 2647 3249 2715 ταύτην
3305 2644 3671 2714 ἐκταράσσειν
3714 2642 3752 2710 ἠ

2164 2748 2446 2816 καταιγὶς,
2485 2746 2696 2816 ἥνωται
2721 2744 2780 2797 δὲ
2811 2743 2930 2807 πᾶς
2958 2742 3054 2796 καὶ
3080 2740 3112 2813 ἡ
3150 2739 3406 2806 καταιγὶς
3437 2739 3755 2791 πέπαυται.

2161 2842 2229 2895 Οἱ
2262 2839 2363 2909 μὲν
2408 2836 2470 2903 ἐξ
2513 2835 2674 2909 ἡμῶν
2708 2831 3108 2905 κεχωρισμένοι
3157 2832 3254 2884 καὶ
3291 2827 3386 2882 τοῦ
3422 2828 3557 2881 ίδίου
3591 2829 3759 2881 ἀντε-

2164 2936 2386 3006 χόμενοι
2419 2928 2707 3004 χωρισμοῦ
2734 2926 3075 2991 ἀπετάξαντο
3102 2923 3181 2994 τῷ
3200 2923 3389 2991 οἰκείῳ
3415 2922 3756 2994 φρονήματι,

2167 3026 2525 3098 μετέγνωσαν
2558 3022 2647 3091 ἐφ’
2674 3014 2758 3083 οἷς
2805 3016 3198 3088 ἐφιλονείκουν,
3236 3013 3331 3067 καὶ
3360 3012 3622 3079 συνῆλθεν
3651 3013 3760 3081 χά-

471 3110 711 3165 confessi
737 3119 903 3176 sunt;
939 3120 1013 3189 et,
1046 3128 1114 3167 ne
1140 3112 1299 3183 plura
1324 3113 1527 3180 dicant,
1579 3131 1740 3172 suum
1779 3128 2060 3189 peccatum

2169 3138 2282 3194 ριτι
2334 3116 2475 3173 Θεοῦ
2513 3116 2592 3186 τῷ
2626 3112 2886 3186 ἡμετέρῳ
2939 3110 3285 3181 φρονήματι·
3328 3105 3425 3160 καὶ
3463 3103 3493 3161 δ
3524 3106 3588 3177 τῇ
3632 3104 3764 3158 Ἐκ-

472 3198 793 3256 conﬁtcntes
820 3203 872 3255 in
906 3203 1162 3259 Ecclesiae
1194 3205 1351 3259 ulnas
1384 3206 1616 3277 benigne
1640 3220 1863 3280 apertas
1900 3226 2065 3267 vene-

475 3302 639 3359 runt;
673 3295 1155 3353 occludebatenim
1188 3315 1360 3369 usque
1389 3301 1552 3358 ntodo
1580 3319 1712 3359 suas
1755 3305 1913 3360 ulnas
1964 3304 2068 3360 Ec-

471 3383 639 3439 clesia
671 3385 910 3444 humano
953 3405 1126 3455 more,
1157 3392 1285 3461 quia
1319 3392 1396 3447 illi
1443 3394 1689 3449 ltutnano
1715 3397 1878 3450 etiam
1914 3412 2067 3451 more

470 3489 761 3534 senserant
775 3488 827 3534 et
843 3496 951 3551 qua
980 3485 1165 3538 nescio
1189 3486 1253 3539 de
1270 3501 1435 3541 causa
1454 3488 1824 3544 contradicere
1846 3504 2067 3546 amave-

473 3573 625 3634 rant;
659 3580 941 3642 postquam
959 3578 1260 3631 autctnnlla
1279 3580 1461 3634 omnia
1487 3583 1753 3637 removeri
1782 3581 1889 3638 Deo
1908 3582 2071 3653 placi-

473 3668 586 3716 tum
608 3659 792 3731 fuerit,
812 3666 990 3721 divina
1014 3668 1407 3727 interveniente
1426 3688 1581 3744 pace,
1604 3684 1655 3729 In
1682 3691 1845 3729 unum
1860 3676 2069 3731 coalui-

473 3766 596 3807 mus
618 3762 671 3808 et
697 3755 896 3827 recepti
925 3770 1058 3815 sunt
1089 3772 1349 3832 tanquam
1381 3768 1624 3835 germani
1662 3766 1756 3820 lilii
1803 3768 1898 3836 qui
1932 3768 2067 3823 huc-

476 3859 650 3915 usque
717 3863 747 3902 a
814 3850 976 3908 nobis
1045 3854 1420 3920 discetlerant,
1470 3856 1578 3913 illis
1616 3858 1776 3927 quasi
1837 3861 2070 3930 propriis

481 3942 745 3997 membris
799 3947 1025 4002 adunati
1087 3965 1278 4004 smnus
1312 3960 1368 4005 et
1401 3951 1917 4009 tandem‘Ecclcsia
1976 3954 2067 4009 Dei

474 4048 645 4088 unum
682 4045 770 4092 est
828 4049 1012 4108 caput,
1074 4042 1251 4110 primo
1307 4042 1563 4111 pontiﬁce
1611 4036 1665 4099 et
1720 4043 1833 4101 Deo
1880 4057 2071 4103 nostro

477 4133 530 4181 et
568 4127 727 4183 nobis
761 4129 1021 4201 indignis,
1058 4135 1471 4208 archiepiscopo
1512 4147 1715 4204 tamen,
1763 4154 2069 4211 congruen-

477 4227 561 4274 ter
588 4234 810 4292 quoque
842 4236 1221 4295 coagmentata
1245 4238 1298 4284 et
1322 4247 1516 4285 secure
1551 4232 1855 4301 gubernata
1881 4250 1897 4288 ι
1931 4249 2070 4304 pra:-

476 4318 562 4367 ter
589 4328 810 4384 paucos,
845 4316 962 4387 qui,
997 4334 1123 4375 cum
1175 4332 1399 4389 possent
1432 4324 1573 4379 bona
1618 4318 1815 4397 agendi
1862 4327 2072 4383 ratione

480 4400 843 4475 innotescere,
916 4426 985 4465 ne
1051 4413 1216 4466 vitam
1270 4414 1390 4470 sine
1424 4416 1647 4471 nomine
1684 4419 2070 4495 transigerent,

481 4499 748 4556 suadente
805 4519 903 4558 sua
945 4506 1173 4569 malitia,
1210 4522 1317 4562 non
1354 4519 1483 4563 sunt
1510 4510 1687 4575 veriti,
1722 4525 1821 4567 sua
1852 4527 2075 4583 separa-

484 4593 634 4649 tione
661 4594 965 4665 cupientes,
998 4608 1264 4668 quantum
1302 4603 1355 4655 in
1394 4601 1526 4671 ipsis
1551 4612 1717 4669 esset,
1744 4604 2074 4680 clarescere,

483 4684 739 4744 Ecclesia!
753 4688 1016 4745 unitatem
1047 4690 1410 4761 labefactare;
1440 4704 1697 4751 caeterum
1718 4712 1827 4753 non
1849 4698 2078 4753 omnino

485 4776 598 4833 illis
632 4781 765 4833 Satis
794 4780 899 4834 erit
937 4790 1103 4851 caput
1129 4782 1328 4839 habere
1353 4801 1611 4856 magnum
1657 4786 1824 4844 Deum
1852 4799 2077 4845 etsum-

486 4884 637 4925 mum
668 4873 986 4941 pontilicetn
1022 4883 1294 4943 nostrum,
1323 4877 1419 4931 sed
1440 4878 1556 4933 sive
1585 4880 1866 4949 nunc;sive
1886 4891 2073 4951 postea

487 4978 589 5020 suo
625 4965 787 5036 capiti
822 4979 882 5021 se
904 4964 1231 5035 adjungcnt;
1261 4969 1355 5041 qui
1390 4970 1444 5024 ni
1480 4968 1707 5038 faciant,
1740 4972 1879 5029 nihil
1904 4974 2030 5031 inde
2061 4992 2076 5031 :

489 5060 590 5131 ipsi
608 5062 757 5117 enim
786 5064 840 5116 in
872 5062 994 5119 loco
1015 5063 1234 5135 quidem
1254 5082 1283 5119 a
1306 5082 1363 5121 se
1400 5067 1575 5124 eiecto
1612 5069 1872 5139 jacebunt
1897 5088 1913 5138 ;
1952 5088 2081 5128 san-

489 5165 575 5211 cta
612 5170 740 5211 vero
777 5153 872 5210 Dei
903 5156 1143 5212 Ecclesia
1202 5160 1631 5228 perturbationis
1664 5177 1776 5219 suae
1799 5178 1961 5220 causa
1982 5180 2078 5219 ex-

491 5253 699 5316 empta,
726 5250 946 5318 propria
970 5250 1264 5305 stabilitate
1292 5250 1491 5322 gaudet
1517 5251 1741 5310 Christo
1760 5268 1859 5310 suo
1875 5270 2079 5325 sponso

494 5336 701 5411 gratias
732 5354 897 5410 agens
929 5341 1074 5411 quod
1123 5342 1396 5399 scandulis
1447 5344 1518 5400 sit
1566 5344 1793 5400 liberata
1841 5362 2081 5415 suosque

496 5432 704 5488 circum
743 5448 801 5487 se
834 5432 1038 5489 liberos
1070 5444 1275 5492 stantes
1324 5437 1648 5507 conspiciat,
1706 5454 2079 5508 quoscumque

2170 3211 2374 3283 κλησία
2402 3210 2668 3281 ἐζητεῖτο,
2701 3206 2858 3276 κοινῇ
2900 3201 3111 3264 τούτοις
3156 3197 3619 3271 συνωμολογήθη’
3660 3198 3763 3253 καὶ

2170 3307 2455 3377 συντόμως
2481 3292 2659 3357 εἰπεῖν
2691 3299 2754 3355 τὸ
2778 3299 2980 3355 οίκεῖον
3008 3295 3449 3369 ὁμολογήσαντες
3476 3293 3759 3362 πταῖσμα,

2167 3401 2289 3462 ταῖς
2339 3395 2613 3464 ἀγκάλαις
2676 3389 2988 3463 προσῆλθον
3027 3388 3129 3458 τῆς
3172 3386 3505 3456 Ἐκκλησίας
3562 3385 3763 3454 φιλανθ

2170 3490 2410 3562 θρώπως
2450 3484 2873 3553 ὑπανοιγείσαις
2915 3482 3121 3543 αὐτοῖς.
3165 3478 3452 3534 ’Ᾱπέκλειε
3506 3478 3606 3546 μὲν
3645 3475 3761 3548 γὰρ

2173 3584 2341 3656 μέχρι
2377 3581 2474 3653 τοῦ
2506 3579 2780 3653 παρόντος
2821 3580 2857 3648 ἡ
2899 3574 3197 3646 Ἐκκλησία
3242 3572 3341 3637 τὰς
3366 3572 3639 3639 ἀγκάλας,
3665 3565 3761 3624 οἷα

2170 3678 2242 3732 τὰ
2278 3675 2601 3746 ἀνθρώπινα
2645 3670 2916 3727 κάκείνων
2962 3667 3325 3739 ἀνθρωπίνως
3366 3665 3759 3735 διακειμένων,

2172 3773 2268 3826 καὶ
2299 3770 2400 3824 οὐκ
2430 3763 2548 3822 οῐδα
2587 3767 2775 3828 ποίαις
2804 3763 3010 3825 αἰτίαις
3039 3759 3383 3830 ἀγαπώντων
3418 3756 3512 3812 τοῦ
3546 3758 3767 3813 ἀντιλέ-

2172 3884 2314 3936 γειν.
2362 3862 2515 3918 Ἐπεὶ
2544 3860 2604 3915 δὲ
2652 3860 2835 3913 πάντα
2864 3858 3052 3911 ἐκεῖνα
3086 3843 3222 3909 Θεοῦ
3263 3852 3486 3925 εὐδοκία
3534 3851 3764 3935 γέγονεν

2173 3950 2440 4019 ἐκποδῶν,
2477 3952 2577 4022 τῆς
2624 3949 2771 4014 θείας
2822 3947 3232 4019 μεσιτευσάσης
3279 3947 3526 4018 εἰρήνης,
3563 3941 3769 4017 συνήλ-

2174 4050 2343 4119 θομεν
2389 4048 2469 4111 είς
2520 4044 2775 4114 ἑνότητα,
2838 4041 2927 4097 καὶ
2971 4038 3388 4111 προσελάδομεν
3444 4038 3573 4101 τοὺς
3621 4036 3766 4099 τέως

2173 4138 2235 4205 εξ
2266 4137 2424 4209 ἡμῶν
2454 4134 2839 4206 διισταμένους
2880 4131 2955 4195 ὡς
2984 4133 3167 4185 οίκεῖα
3197 4130 3387 4193 τέκνα,
3425 4128 3522 4182 καὶ
3551 4127 3625 4192 ώς
3664 4126 3766 4199 μι-

2173 4234 2326 4287 λεσιν
2381 4230 2537 4294 ἰδίοις
2591 4227 2975 4299 συνήφθημεν,
3025 4226 3123 4281 καὶ
3180 4223 3369 4279 λοιπὸν
3417 4222 3629 4295 εστινή
3666 4221 3765 4277 τοῦ

2173 4324 2311 4379 Θεοῦ
2370 4321 2673 4393 Ἐκκλησία
2711 4320 2812 4391 μία
2860 4317 3075 4388 κεφαλὴ
3124 4315 3203 4387 τῷ
3254 4314 3457 4387 πρώτῳ
3511 4313 3771 4386 ἀρχιερεῖ

2181 4419 2272 4471 καὶ
2295 4415 2417 4488 Θεῷ
2446 4419 2480 4488 ἡ
2492 4414 2632 4487 μῶν,
2674 4415 2770 4468 καὶ
2807 4414 2946 4483 ἡμῖν
2973 4413 3087 4475 τοῖς
3119 4409 3386 4477 ἀναξίοις,
3413 4408 3564 4478 ὅμως
3591 4405 3638 4461 δ’
3667 4401 3768 4461 οὖν

2181 4507 2603 4580 ἁρχιερατεύειν
2650 4503 3005 4576 ἠξιωμένοις,
3041 4502 3137 4556 καὶ
3183 4497 3763 4573 συναρμολογουμένη,

2186 4603 2278 4656 καὶ
2307 4600 2602 4674 ἀταράχως
2631 4598 3049 4669 διευθυνομένη.
3082 4596 3235 4681 Πλὴν
3266 4594 3464 4665 ὀλίγων
3496 4595 3683 4658 τινῶν,
3714 4592 3768 4647 οῖ

2181 4694 2243 4748 τδ
2273 4691 2645 4765 γνωρίζεσθαι
2687 4689 2905 4762 ἔχοντες
2957 4688 3019 4754 ιξ
3062 4686 3272 4756 ἀγαθοῦ
3300 4684 3529 4758 τρόπου,
3573 4684 3663 4739 ἵνα
3690 4683 3770 4756 μὴ

2183 4787 2275 4841 τὸν
2308 4786 2425 4858 βίον
2459 4784 2745 4855 ἀνώνυμον
2779 4782 3144 4854 διαπερῶσιν,
3179 4783 3245 4836 ἑκ
3284 4780 3384 4851 τῆς
3417 4778 3629 4834 ἑαυτῶν
3669 4796 3770 4833 πε-

2189 4877 2529 4952 ρινοούμενοι
2569 4878 2769 4942 κακίας
2808 4875 2870 4931 re
2896 4875 3047 4947 δῆλοι
3073 4872 3370 4945 τυγχάνειν
3402 4871 3531 4926 ὅσον
3557 4870 3647 4925 ἃττ’
3669 4869 3773 4926 αύ-

2188 4976 2299 5037 τοῖς
2330 4972 2407 5041 τῷ
2459 4972 2648 5044 οἰκείῳ
2696 4970 2973 5045 μερισμῷ,
3022 4969 3217 5024 λυπεῖν
3261 4966 3363 5037 τὴν
3416 4965 3651 5037 ἑνότητα
3706 4965 3768 5019 ού

2186 5062 2597 5120 διευλαὸοῦνται
2621 5063 2721 5134 τῆς
2736 5061 3090 5134 Ἑκκλησίας·
3110 5058 3248 5132 πλὴν
3272 5059 3369 5114 καὶ
3390 5050 3536 5113 οὗτοι
3555 5056 3773 5119 πάντως

2188 5159 2237 5212 εί
2285 5157 2387 5227 τῆς
2434 5157 2679 5227 κεφαλῆς
2712 5156 2874 5226 ἡμῶν
2907 5158 3013 5209 τίσι
3066 5154 3160 5210 τοῦ
3219 5151 3457 5225 μεγάλου
3508 5149 3646 5205 Θεοῦ
3676 5150 3772 5204 καὶ

2188 5250 2492 5323 ἀρχιερέως
2522 5250 2703 5322 ἡμῶν,
2731 5251 3081 5321 ἀγαπήσουσι
3126 5246 3289 5319 τυχὸν
3320 5247 3421 5318 μὲν
3464 5244 3581 5310 νῦν,
3608 5248 3769 5316 τυχὸν

2192 5346 2247 5399 δὲ
2278 5344 2419 5415 μετά
2446 5342 2607 5398 τοῦτο
2636 5340 3087 5416 συναρμοσθῆναι
3110 5344 3176 5413 τῇ
3210 5339 3423 5397 ἑαυτῶν
3447 5339 3696 5410 κεφαλῇ’
3720 5340 3771 5393 εί

2192 5439 2247 5492 δὲ
2278 5438 2376 5509 μὴ,
2420 5439 2657 5507 πρᾶγμα
2686 5436 2874 5492 οὐδέν’
2909 5438 2956 5489 οἱ
2992 5436 3090 5506 μὲν
3136 5438 3248 5506 γὰρ
3281 5434 3553 5487 κείσονται
3586 5433 3667 5493 είς
3702 5430 3768 5503 ἢν

498 5540 606 5581 non
641 5526 921 5597 potuitqui
954 5527 1229 5584 hominem
1252 5544 1282 5585 a
1319 5531 1585 5602 principio
1603 5532 1745 5589 felici
1768 5534 2060 5603 despoliavi

2193 5533 2226 5603 ἡ
2258 5531 2465 5585 τούτων
2496 5530 2726 5584 ἀπόνοια
2759 5529 3044 5598 ἐξελέξατο
3080 5526 3266 5599 χώραν
3290 5542 3305 5558 °
3340 5529 3373 5598 ἠ
3405 5526 3464 5580 δὲ
3501 5525 3633 5595 ἁγία
3672 5520 3766 5578 τοῦ

506 5618 765 5684 amicitia,
794 5634 950 5677 sacra
980 5637 1125 5677 nunc
1159 5622 1493 5693 plenitudine
1521 5626 1811 5683 abducere.

2193 5626 2325 5680 Θεοῦ
2390 5625 2693 5696 Ἐκκλησία
2757 5625 2858 5693 τῆς
2921 5622 3300 5691 ταραττούσης
3356 5618 3528 5690 αὐτὴν
3589 5616 3767 5679 αἰτίας

510 5712 924 5785 ἀντηλλαγμένη,
958 5715 1068 5786 ἔχει
1109 5717 1208 5786 τὴν
1274 5718 1410 5773 ίδίαν
1475 5718 1630 5784 τάξιν
1682 5720 1938 5792 εὐσταθῆ,
1990 5720 2419 5791 ,εὐχαριστοῦσα
2471 5718 2693 5790 Χριστῷ
2774 5717 2853 5788 τῷ
2892 5717 3113 5787 νυμφίῳ
3172 5714 3365 5784 αὐτῆς,
3400 5710 3541 5782 ὑπὲρ
3601 5703 3675 5764 ὧν
3707 5727 3762 5762 τε

515 5807 622 5865 τῶν
652 5808 963 5865 σκανδάλων
993 5812 1359 5884 ἀπήλλακται,
1399 5816 1490 5869 καὶ
1524 5816 1664 5887 ὑπὲρ
1706 5808 1778 5869 ὧν
1806 5816 1872 5870 τὰ
1899 5818 2074 5873 οίκεῖα
2110 5815 2297 5884 κύκλῳ
2368 5812 2539 5883 αὐτῆς
2576 5813 2964 5884 παριστάμενα
2994 5811 3203 5883 καθορᾷ
3277 5807 3464 5875 τέκνα,
3497 5804 3653 5868 ὅσους
3690 5804 3765 5874 μὴ
