3920 6124
243 320 318 387 lOl
1637 309 2045 375 EPISTOL/E.

3378 302 3480 373 102

235 438 330 503 όὲξ
362 437 531 507 ἀρχῆς
561 434 930 507 summa;
958 434 1049 491 τόν
1079 433 1372 505 ἄνθρωπον
1402 429 1499 501 τῆς
1533 426 1816 500 μακαρίας
1847 422 2187 496 οἰκειότητος
2214 422 2307 478 καὶ
2362 422 2458 479 νῦν
2498 421 2844 495 ἀποσυλῆσαι
2904 437 3001 477 του
3034 419 3315 493 ἱερατικοῦ
3350 425 3478 496 πλη-

239 536 478 607 ρώματος
505 532 826 602 δεδύνηται.

299 627 476 682 Ταῦτά
510 644 620 692 σοι,
671 627 868 683 τέκνον
897 626 1077 699 ἡμῶν,
1111 629 1179 682 τά
1226 625 1551 698 εὐαγγέλια,
1593 619 1673 687 οἷς
1704 619 1796 674 πέ-

1974 613 2098 674 llaec
2125 626 2275 686 sunt,
2306 616 2378 672 [ili
2409 618 2506 683 mi,
2540 618 2729 672 nuntia
2762 615 2963 687 quibus
2998 614 3130 671 mihi
3182 619 3482 689 persuadeo

234 739 455 794 πεισμαι
484 722 588 793 τὴν
649 723 752 790 σὴν
781 718 1154 791 εὐφρανθῆναι
1202 720 1382 793 ψυχὴν
1426 720 1551 773 ὅσον
1588 716 1677 771 ἐπ’
1706 714 1799 768 οὺ-

233 815 339 869 δενὶ
391 813 535 884 ἄλλῳ
582 814 699 868 τῶν
741 814 802 868 ἐν
860 811 1171 885 ἀνθρώποις
1229 813 1490 884 παρέχειν
1534 808 1803 880 εὐφροσύ-

233 925 326 978 νην
372 908 608 961 εἰδότων.
655 905 729 960 Τὸ
772 904 821 961 δ’
852 907 960 961 ἀπὺ
1007 908 1198 960 τούτου
1240 905 1326 972 τίς
1390 922 1483 976 μοι
1526 903 1605 975 τῷ
1657 902 1802 972 λόγῳ

232 998 695 1070 contaminent;
760 999 859 1061 Τίς
915 997 1265 1054 συλλαλοῦντί
1324 1015 1418 1069 μοι
1482 998 1547 1068 τῇ
1615 993 1804 1066 φιλαν-

231 1090 427 1161 θρώπῳ
457 1091 556 1144 καὶ
583 1091 905 1165 γλυκυτάτη
924 1091 1072 1163 ψυχῇ
1104 1091 1493 1161 συμπαρέσται
1525 1086 1800 1142 κοινωνῶν

229 1182 303 1252 τῷ
328 1181 505 1253 λόγῳ;
538 1183 649 1237 Καὶ
674 1182 1068 1255 ἀναμνήσομέν
1100 1201 1159 1237 σε
1188 1180 1322 1236 Θεοῦ
1345 1179 1581 1242 διδόντος
1608 1178 1668 1232 οὐ
1702 1181 1800 1248 μὲν

228 1268 317 1325 οὖν
364 1273 802 1345 ἐπιλελησμένον
854 1275 955 1345 τῆς
997 1276 1208 1338 οἰκείας
1256 1273 1627 1345 ἡμερότητος,
1685 1270 1799 1324 ἀλλ’

227 1365 327 1418 ὑπὸ
352 1366 664 1436 ἀνθρώπιον
697 1368 800 1421 οὐκ
843 1361 962 1421 οίδα
991 1366 1048 1419 τί
1080 1367 1213 1438 περὶ
1241 1366 1423 1420 αὐτῶν
1461 1365 1622 1429 simu,
1657 1362 1800 1433 πλὴν

224 1456 304 1511 ὅτι
332 1458 518 1523 κακῶς
568 1458 853 1513 διαθέσθαι
878 1459 961 1513 τὰ
1005 1458 1338 1532 Βουλγάρων
1367 1459 1462 1511 καὶ
1504 1456 1797 1527 Ῥωμαίων

227 1551 523 1623 πράγματα
572 1550 1011 1622 διανοηθέντων,
1067 1549 1181 1605 εἴτε
1227 1549 1470 1615 οἴκοθεν,
1526 1549 1636 1603 εἴτε
1693 1549 1801 1603 ῦπδ

219 1640 470 1714 δαίμονος
517 1644 763 1717 πονηροῦ
820 1645 959 1717 πρὸς
1009 1644 1171 1699 τοῦτο
1217 1645 1623 1717 κεκινημένων,
1662 1644 1801 1709 τέως

218 1736 575 1807 παρεξελθεῖν
628 1738 1005 1811 βιασαμένων,
1054 1738 1146 1794 καὶ
1176 1739 1259 1802 είς
1301 1739 1606 1812 πράγματα
1632 1754 1802 1792 κατα-

220 1828 417 1899 στῆσαι
466 1829 505 1885 ἀ
555 1831 828 1903 μηδέποτε
880 1831 1006 1886 οὔτε
1055 1832 1221 1898 αὐτὸς
1266 1831 1525 1903 ἤλπισας,
1571 1830 1656 1884 υίέ
1695 1847 1799 1902 μου

219 1923 727 1995 φιλανθρωπότατε,
775 1927 901 1981 οὔτε
952 1928 1140 1998 ἡμεῖς,
1174 1925 1299 1980 οὔτε
1338 1943 1424 1991 τις
1474 1924 1632 1990 ἄλλος
1686 1924 1798 1980 τῶν

215 2019 312 2087 τὴν
363 2017 465 2087 σὴν
519 2018 907 2086 γινωσκόντων
963 2019 998 2091 ἢ
1046 2018 1357 2074 ἀκουόντων
1410 2018 1798 2089 φιλάνθρωπον

217 2108 307 2160 καὶ
355 2110 735 2181 ήμερωτάτην
780 2109 985 2181 ψυχήν.
1015 2110 1113 2175 Τίς
1144 2108 1254 2182 γὰρ
1288 2111 1447 2165 τοῦτο
1496 2111 1627 2166 ποτὶ
1666 2113 1799 2185 πρὶν

216 2200 474 2268 γενέσθαι
512 2201 941 2272 προσεδόκησεν,
972 2204 1054 2257 ὅτι
1087 2202 1314 2275 Συμεὼν
1354 2205 1382 2256 6
1408 2202 1498 2258 διὰ
1530 2202 1798 2275 φρόνησιν

218 2292 486 2364 μεγάλην,
528 2294 558 2346 6
601 2294 691 2348 διὰ
732 2295 793 2348 τδ
850 2295 1101 2366 θεοφιλὴς
1142 2290 1282 2351 εἶναι
1332 2299 1411 2361 είς
1451 2298 1594 2367 μέγα
1635 2296 1798 2368 δόξης

217 2387 271 2441 τὸ
300 2386 639 2458 Βουλατάρων
667 2386 822 2451 ἔθνος
854 2389 1101 2457 ἀγαγὼν,
1128 2390 1157 2444 ό
1189 2390 1456 2462 πονηρίαν
1478 2392 1531 2445 εί
1549 2389 1634 2455 τίς
1664 2408 1796 2446 ποτε

212 2476 524 2547 ἀνθρώπων
557 2478 758 2547 μισῶν,
789 2480 818 2532 6
841 2480 1190 2550 δικαιοσύνην
1223 2482 1421 2554 τιμῶν,
1442 2482 1471 2535 6
1501 2480 1796 2552 βδελυσσό-

214 2587 371 2641 μενος
413 2571 704 2634 ἀδικίαν,ό
747 2571 1013 2643 κρείττων
1062 2573 1302 2644 ἡδονῶν,
1333 2577 1363 2628 ό
1409 2574 1508 2648 τὴν
1553 2576 1795 2647 γαστέρα

213 2664 503 2737 κατάγχων
530 2663 686 2718 οὐδὲν
716 2660 883 2737 ἧττον
924 2664 1007 2731 οἷς
1046 2669 1106 2722 ὲν
1129 2667 1373 2741 όρεσινὴ
1410 2668 1546 2742 ζωὴ,
1585 2671 1617 2725 ό
1647 2670 1793 2726 οίνου

208 2756 501 2825 ἄγευστος,
540 2759 571 2811 6
612 2758 736 2812 κατ’
762 2758 918 2815 οὐδὲν
963 2751 1365 2834 παραλλάσσων
1404 2764 1516 2819 τῶν
1564 2764 1671 2831 ἔξω
1697 2767 1795 2821 τοῦ

210 2850 421 2920 κόσμου
450 2849 558 2923 ζῇν
603 2850 1129 2922 ιπατγελλομένων,
1163 2854 1196 2925 ἢ
1225 2856 1284 2909 ὲν
1318 2856 1454 2930 μόνη
1496 2859 1564 2929 τῇ
1595 2858 1797 2932 κυῦερο

212 2944 361 3017 νησει
394 2945 500 3017 τῆς
549 2946 701 3017 πσρά
750 2944 888 3000 Θεοῦ
939 2946 1231 3020 δεδομένης
1267 2950 1416 3022 αὐτῷ
1462 2951 1664 3023 ἀρχῆς.
1696 2953 1798 3019 Τίς

210 3037 275 3091 ἀν
320 3035 425 3093 οὖν
476 3037 809 3109 προσδοκίαν
835 3038 1095 3110 ἔσχενὼς
1135 3043 1164 3095 6
1216 3044 1460 3107 τοιοῦτος
1506 3048 1605 3097 καὶ
1651 3045 1797 3100 οὕτω

209 3131 469 3203 θεοφιλὴς
500 3129 790 3204 ἄνθρωπος
823 3136 903 3197 είς
936 3133 1004 3188 τά
1034 3132 1130 3188 νῦν
1173 3135 1553 3191 καταλαϐόντα
1582 3138 1796 3209 χαλεπὰ

218 3228 542 3299 Ῥωμαίους
600 3229 925 3300 περιστήσει
986 3228 1082 3283 καὶ
1120 3229 1487 3302 Βουλτάρους.
1550 3235 1647 3288 καὶ
1697 3236 1796 3307 τὴν

1906 708 2083 779 magis
2110 707 2372 765 ohleetari
2402 718 2551 764 tuam
2583 716 2819 763 mentem
2869 722 3033 779 quam
3067 711 3259 777 quavis
3288 709 3394 764 alia
3424 727 3482 766 re

1905 814 2031 870 qum
2080 800 2221 855 inter
2265 799 2514 854 homines
2558 798 2732 871 possit
2783 800 3200 857 oblectationem
3232 800 3480 869 aﬂerre;

1902 893 1996 949 sed
2016 893 2214 949 exinde
2237 893 2363 965 quis
2382 908 2502 949 meo
2521 893 2761 949 sermoni
2783 893 3001 963 adjutor
3028 894 3171 961 erit:
3189 892 3322 962 Quis
3346 895 3479 953 mihi

1902 995 2051 1042 tuam
2078 987 2530 1043 humanissimum
2562 985 3051 1057 suavissimamque
3083 998 3319 1043 mentem
3350 990 3483 1043 allo-

1902 1080 2089 1151 quenti
2103 1080 2278 1136 aderit
2294 1094 2351 1137 se
2368 1080 2725 1135 consocians?
2753 1079 2817 1135 Et
2842 1088 2915 1146 te,
2929 1080 3165 1137 donante
3186 1080 3483 1147 Deo,com-

1904 1171 2273 1227 monelaciam
2285 1171 2645 1243 ,nonlquidem
2661 1171 2884 1227 oblitum
2905 1181 3009 1228 tusi
3024 1173 3482 1242 mansuetudinis,

1901 1264 1995 1320 sed
2027 1265 2412 1320 exaeerbatum
2446 1266 2517 1319 ab
2556 1264 2874 1321 hominibus
2895 1266 2963 1321 de
3002 1266 3201 1337 quibus
3228 1265 3362 1338 quid
3393 1266 3479 1322 di-

1901 1371 2021 1411 cam
2053 1358 2236 1413 nescio
2267 1356 2370 1411 nisi
2424 1371 2522 1413 eos
2570 1356 2837 1428 cogitasse
2873 1371 2962 1413 res
3010 1355 3364 1430 Bulgarorum
3394 1369 3480 1413 at-

1901 1464 2007 1521 que
2052 1447 2421 1506 Romanorum
2450 1449 2591 1505 male
2618 1463 2965 1521 componere,
2987 1451 3103 1507 sive
3130 1466 3198 1507 ex
3238 1467 3299 1507 se
3324 1451 3479 1523 ipsis,

1900 1544 2017 1598 sive
2045 1556 2077 1595 a
2116 1541 2355 1597 scelesto
2414 1546 2662 1599 daemone
2691 1542 2758 1598 ad
2794 1540 2847 1597 id
2901 1554 3098 1611 motos,
3136 1550 3187 1599 te
3213 1559 3388 1616 usque
3415 1561 3483 1601 co

1900 1636 2154 1707 progredi
2184 1635 2435 1708 coegisse
2462 1643 2516 1691 et
2535 1636 2603 1691 ad
2640 1634 2783 1693 facta
2815 1636 3098 1707 impulisse
3125 1652 3246 1708 qua:
3266 1646 3321 1693 tu
3342 1653 3480 1692 nun-

1900 1745 2089 1801 quam,
2130 1728 2526 1786 humanissime
2553 1728 2650 1797 tili,
2690 1744 2995 1802 sperasses,
3029 1744 3205 1801 neque
3230 1743 3353 1795 nos,
3378 1744 3481 1784 nec

1901 1823 2082 1894 quivis
2106 1824 2247 1878 alius
2274 1823 2418 1879 inter
2446 1837 2543 1879 eos
2579 1823 2671 1895 qui
2694 1822 2991 1878 humanam
3026 1832 3082 1880 et
3109 1822 3480 1879 dulcissimam

1900 1927 2050 1973 tuam
2100 1925 2338 1973 mentem
2375 1929 2597 1983 norunt,
2665 1926 2761 1971 aut
2789 1916 2859 1972 de
2898 1930 2962 1971 ea
2999 1916 3288 1973 audierunt
3318 1935 3330 1971 :
3357 1917 3484 1989 quis

1901 2012 2046 2068 enim
2079 2025 2359 2082 nunquam
2383 2009 2474 2067 illa
2512 2019 2777 2065 eventura
2800 2024 2925 2065 esse
2960 2008 3370 2066 existimasset‘!
3392 2010 3483 2064 Si-

1903 2119 2175 2171 meonem,
2202 2104 2429 2169 scilicet,
2458 2103 2637 2169 illum,
2671 2102 2765 2175 qui
2790 2101 2862 2157 ob
2884 2117 3136 2174 magnam
3164 2117 3319 2159 suam
3347 2117 3482 2175 pru-

1899 2193 2163 2260 dentiam,
2199 2196 2269 2249 ob
2301 2193 2579 2263 pietatem,
2616 2190 2971 2264 Bulgarorum
2998 2201 3211 2265 gentem
3261 2190 3329 2248 ad
3359 2208 3481 2249 ma-

1900 2303 2061 2356 gnam
2087 2285 2312 2358 gloriam
2336 2286 2536 2353 evexit,
2559 2286 2653 2357 qui
2686 2284 2972 2353 malitiam,
3008 2296 3068 2340 nt
3098 2286 3193 2359 qui
3222 2293 3481 2355 max'ime,

1898 2385 2107 2445 oderat,
2156 2379 2251 2449 qui
2289 2377 2555 2451 justitiam
2589 2377 2825 2443 colebat,
2866 2376 3299 2450 injustitiamque
3317 2392 3480 2436 exse-

1898 2474 2176 2536 crahatur,
2234 2472 2328 2542 qui
2365 2470 2670 2542 voluptates
2728 2470 3040 2540 superabat,
3090 2471 3185 2542 qui
3236 2480 3479 2527 ventrem

1902 2578 2009 2617 non
2042 2562 2224 2618 minus
2248 2559 2535 2617 coercebat
2561 2574 2725 2631 quam
2742 2559 2837 2631 qui
2864 2559 2918 2613 in
2949 2560 3225 2616 montibus
3254 2560 3479 2635 degunt,

1899 2656 1994 2728 qui
2021 2656 2205 2709 viuum
2249 2668 2360 2709 non
2398 2652 2676 2724 gustabat,
2706 2654 2800 2724 qui
2828 2652 2963 2706 nihil
2989 2652 3269 2710 dili'erebat
3293 2656 3363 2709 ab
3397 2657 3483 2711 his

1899 2751 1991 2825 qui
2022 2762 2171 2807 extra
2204 2750 2467 2805 mundum
2504 2749 2688 2806 vivere
2728 2749 3119 2820 praedicantur,
3170 2749 3274 2806 nisi
3303 2750 3357 2806 in
3389 2753 3484 2808 ad-

1899 2843 2305 2898 ministratione
2338 2840 2621 2912 dignitatis
2660 2839 2757 2896 tibi
2794 2858 2826 2894 a
2864 2839 2977 2897 Deo
3014 2855 3324 2898 concessae:
3358 2844 3484 2914 quis

1899 2950 2029 3005 ergo
2058 2934 2426 2989 existimassct
2457 2934 2618 2989 talem
2654 2936 2834 2988 virum
2894 2945 3003 2989 tam
3053 2936 3202 3000 pium
3252 2934 3306 2991 in
3345 2950 3484 3007 pra:-

1899 3028 2075 3083 sentia
2109 3025 2251 3082 mala
2286 3028 2567 3082 Romanos
2589 3035 2643 3082 et
2672 3024 2939 3095 Bulgaros
2964 3041 3086 3082 esse
3116 3025 3479 3097 dejecturum,

1901 3120 1956 3175 in
1976 3118 2339 3175 euarrabilem
2371 3118 2655 3190 sanguinis
2686 3116 3033 3186 effusionem,
3058 3120 3113 3174 In
3148 3122 3357 3175 tantam
3388 3132 3483 3173 va.

1901 3213 2211 3278 stationem,
2257 3212 2396 3283 proh
2435 3211 2622 3267 dolori
2660 3209 2755 3267 Dei
2800 3210 3177 3278 ecclesiarum,
3207 3218 3483 3268 monaste-

207 3320 446 3392 ἄπειρον
470 3317 587 3374 τῶν
615 3318 867 3392 αίμάτων
897 3319 1058 3392 χύσιν
1101 3320 1199 3377 καὶ
1230 3300 1628 3396 τὴν-τοσαύτην
1660 3300 1795 3398 ἐρη-

1904 3304 2225 3374 riorumque
2257 3301 2558 3373 virginum,
2598 3314 2835 3373 quarum
2874 3300 2998 3356 vita:
3023 3301 3325 3372 saepissime
3353 3317 3480 3372 par-

207 3413 363 3483 μίαν,
399 3409 553 3482 οἴμοι
594 3410 835 3483 ἀρημίαν
873 3409 1184 3482 ἐκκλησιῶν
1213 3411 1371 3479 Θεοῦ,
1419 3412 1797 3483 διαιτημάτων

210 3502 531 3575 παρθένιον,
574 3503 635 3559 αἶ
683 3504 949 3570 πολλάκις
988 3506 1086 3559 καὶ
1131 3505 1194 3559 τδ
1241 3506 1507 3560 ἀναπνεῖν
1529 3507 1623 3561 τὸν
1656 3508 1797 3580 ἀέρα

209 3597 515 3669 ίφείδοντο,
553 3594 941 3668 μοναστηρίων
973 3595 1209 3667 ἀνδρῶν,
1239 3589 1302 3652 οῦ
1329 3596 1502 3653 νύκτα
1532 3600 1627 3653 καὶ
1656 3601 1768 3670 ὴμέ

212 3707 311 3761 ραν
340 3690 481 3756 Θεδς
504 3689 864 3762 ὑμνολογείτο
894 3692 990 3746 καὶ
1021 3688 1324 3756 ἐδοξάζετο.
1373 3744 1381 3752 ,

280 3785 349 3838 Τί
378 3801 449 3855 με
472 3784 557 3839 δεῖ
580 3784 760 3855 λέγειν
789 3782 1020 3851 πόλεων,
1052 3782 1239 3856 χώρας
1261 3782 1450 3856 ἄλλης,
1476 3783 1668 3854 οίκων,
1694 3785 1796 3840 ὅσα

206 3881 323 3943 τοῖς
372 3875 695 3949 ἀνθρώποις
738 3877 819 3940 είς
876 3876 1235 3946 παραμυθίαν
1289 3876 1653 3941 σπουδάζεται
1697 3881 1798 3947 τῆς

212 3971 382 4043 ζωῆς,
408 3970 511 4042 τὴν
536 3968 706 4038 ἀλλην
731 3969 1041 4039 συμφορὰν,
1064 3968 1164 4037 δση
1192 3967 1255 4023 τδ
1294 3966 1639 4040 ἀνθρώπινον
1668 3986 1797 4023 συν·

209 4066 363 4137 ιτχε,
414 4060 647 4132 χηρείαν
689 4064 855 4131 φημὶ,
904 4060 1193 4132 ὀρφανίαν,
1244 4056 1491 4133 ἀδελφῶν
1561 4064 1797 4119 ἀποστέ-

210 4174 401 4229 ρησιν,
432 4153 842 4225 αίχμαλωσίαν,
873 4152 1148 4217 δουλείαν,
1180 4154 1278 4211 καὶ
1316 4154 1502 4219 ἁπλῶς
1529 4154 1651 4210 ἀντὶ
1695 4156 1796 4227 τῆς

209 4251 413 4321 πρώην
445 4246 779 4317 Βουλγάρων
801 4246 896 4299 καὶ
938 4241 1229 4315 Ῥωμαίων
1274 4246 1528 4314 εὐζωίας,
1560 4247 1660 4319 τὴν
1679 4246 1798 4302 ne-

207 4340 363 4411 si.th
390 4338 604 4410 ταύτην
638 4335 965 4410 μεταϐολὴν,
996 4339 1076 4401 είς
1097 4336 1165 4408 ἦν
1195 4338 1261 4391 ἐκ
1289 4337 1397 4393 τῶν
1426 4337 1520 4392 τοῦ
1554 4338 1795 4411 πολέμου

207 4436 404 4492 κακῶν
450 4433 858 4506 πτριέστησεν;
905 4431 1021 4486 οὐκ
1050 4431 1263 4505 ἐχθρῶν
1291 4432 1450 4487 τοῦτο
1494 4432 1799 4505 διαπραξα-

211 4526 422 4599 μένων,
452 4524 520 4578 οὐ
547 4522 659 4579 τῶν
680 4522 789 4590 ἔξω
812 4522 912 4593 τῆς
942 4521 1186 4593 μάνδρας
1208 4519 1303 4576 τοῦ
1324 4522 1581 4593 ἀληθινοῦ
1601 4524 1799 4595 ποιμέ-

209 4634 302 4680 νος
328 4613 582 4688 Χριστοῦ
609 4612 707 4669 τοῦ
743 4613 881 4669 Θεοῦ
914 4611 1094 4683 ἡμῶν,
1119 4613 1181 4666 οὐ
1225 4614 1338 4668 τῶν
1368 4613 1669 4687 ἀλλοτρίων
1695 4616 1796 4688 τῆς

1904 3395 2073 3450 eitum
2114 3402 2252 3458 erat,
2307 3391 2767 3447 monasteriorum
2796 3403 3019 3461 quoque
3075 3390 3341 3458 virorum,
3389 3392 3480 3449 ubi

1904 3483 1994 3541 die
2022 3498 2087 3541 ac
2117 3494 2276 3540 nocte
2309 3483 2376 3537 ad
2405 3481 2573 3539 Deum
2605 3480 2794 3552 hymni
2824 3491 2879 3536 et
2906 3480 3095 3538 laudes
3121 3481 3485 3540 decantabun-

1905 3588 2013 3634 ιυτ.

1972 3762 2113 3833 Quid
2152 3777 2239 3818 me
2266 3771 2482 3832 oportet
2503 3761 2688 3817 dicere
2717 3759 2953 3827 urbium,
2985 3774 3258 3832 agrorum,
3288 3759 3482 3819 domo-

1904 3873 2025 3913 rum
2055 3864 2110 3913 et
2134 3856 2381 3911 omnium
2414 3868 2536 3926 quae
2560 3851 2804 3909 homines
2828 3852 2894 3906 ad
2921 3855 3040 3909 vitae
3056 3849 3478 3910 consolationem

1903 3956 2115 4013 curant,
2148 3949 2386 4011 ruinam,
2418 3944 2759 4009 viduitatem,
2792 3940 3022 4007 scilicet,
3049 3941 3345 3998 liberorum
3386 3958 3481 3999 or-

1904 4041 2155 4106 bitatem,
2204 4036 2435 4093 fratrum
2489 4032 3279 4105 privationem,captivitatem,
3305 4036 3484 4090 servi.

1906 4142 2102 4198 tutcm,
2131 4143 2240 4187 uno
2274 4128 2461 4193 verbo,
2502 4141 2605 4198 pro
2635 4124 2863 4196 pristina
2892 4122 3249 4194 Bulgarorum
3278 4132 3331 4178 et
3372 4123 3484 4179 lio-

1905 4238 2193 4281 manorum
2230 4220 2506 4283 felicitate,
2537 4218 2685 4274 illam
2714 4214 3077 4272 miserandam
3105 4216 3480 4280 mutationem,

1904 4319 1973 4376 ad
2027 4332 2189 4387 quam
2230 4314 2357 4371 belli
2406 4312 2562 4368 malis
2594 4300 2980 4366 devenerunt?
3030 4308 3146 4364 Non
3179 4320 3359 4365 autem
3414 4308 3485 4365 ab

1905 4410 2153 4468 hostibus
2175 4422 2240 4464 ea
2273 4406 2413 4461 facta
2458 4414 2611 4470 sunt,
2647 4415 2748 4457 nec
2787 4400 2857 4456 ab
2896 4400 2964 4455 iis
3017 4399 3108 4471 qui
3157 4406 3312 4454 extra
3342 4397 3485 4454 ovile

1904 4504 2019 4559 veri
2043 4500 2303 4573 pastoria,
2329 4494 2534 4554 Christi
2567 4493 2659 4550 Dei
2680 4492 2872 4558 nostri,
2910 4500 3060 4554 sunt,
3092 4497 3187 4545 aut
3212 4491 3282 4546 ab
3312 4491 3483 4545 haere-

1906 4599 2074 4655 ditate
2121 4593 2247 4653 lidei
2276 4591 2544 4655 extranei,
2588 4587 2685 4643 sed
2736 4602 2766 4642 ο
2803 4584 3045 4657 quibus?
3080 4582 3257 4641 Eheul
3295 4582 3477 4639 Eheu!

207 4675 591 4789 κληρονομίας
631 4713 731 4785 τῆς
778 4675 1038 4777 πίστεως,
1074 4675 1211 4767 ἀλλά
1249 4712 1450 4778 τίνωνς
1488 4675 1578 4779 Αἱ,
1612 4712 1668 4768 at

1903 4690 2255 4764 gravissimos
2288 4698 2441 4741 meos
2468 4680 2722 4737 doloresl
2769 4678 2938 4749 proh!
3002 4675 3316 4732 miserabile
3358 4691 3480 4729 ver-

205 4812 363 4882 ιμῶν
398 4809 728 4882 βαρυτάτων
746 4806 973 4861 παθῶνί
1006 4805 1109 4877 φεῦ
1135 4805 1230 4859 τοῦ
1256 4806 1490 4860 ἰλεεινοῦ
1523 4806 1797 4881 διηγήμα-

204 4907 331 4973 τοςί
374 4906 516 4976 πρὸς
563 4905 694 4968 τοὺς
727 4903 786 4956 ὲν
820 4899 1043 4972 Χριστῷ
1083 4900 1330 4971 πατέρας
1366 4899 1797 4973 ιεεδαρϐαρὼθη

206 5004 276 5058 τά
306 5002 512 5065 τέκνα,
538 4998 638 5055 καὶ
669 4995 743 5050 τὰ
773 4994 1027 5065 πρόϐατα
1057 4992 1152 5047 τοῦ
1197 4993 1437 5065 Χριστοῦ
1475 4994 1597 5048 κατ’
1628 4994 1795 5067 ἀλλη-

208 5096 317 5151 λων
347 5091 827 5165 ὲξεθηριὼθησαν,
856 5090 906 5144 οί
933 5087 1265 5158 κληρονόμοι
1305 5086 1406 5157 τῆς
1434 5089 1675 5153 πίστεως
1700 5089 1799 5143 καὶ

214 5185 659 5259 συγκληρονόμοι
688 5183 787 5253 τῆς
816 5182 977 5252 δόξης
1007 5179 1107 5234 τοῦ
1136 5179 1377 5253 Χριστοῦ
1404 5178 1545 5251 πρὸς
1570 5180 1798 5245 ἑαυτοὺς

209 5278 734 5354 ίξεπολιμώθησαν.
758 5274 855 5339 Τίς
884 5273 951 5328 ἀν
975 5288 1110 5326 ποτε
1132 5272 1329 5343 ηλπισε
1354 5270 1450 5324 καὶ
1497 5269 1662 5325 πάλιν
1683 5270 1798 5341 δρῶ

208 5375 442 5433 τοιαῦτα
473 5372 650 5442 πάθη.
692 5367 794 5424 καὶ
830 5364 1090 5421 τοιούτων
1124 5364 1423 5437 συμφορῶν
1466 5365 1793 5437 πράγματα,

211 5470 317 5541 πρὸ
351 5465 452 5520 τοῦ
495 5464 556 5517 ιν
594 5461 716 5533 δψει
744 5455 923 5514 ταῦτα
964 5456 1115 5523 ίόεῐν,
1151 5454 1460 5526 Ῥωμαίους
1497 5457 1591 5510 καὶ
1628 5451 1795 5506 Βουλ-

215 5552 865 5635 γάρους,καταλα6εῐν;
936 5548 1102 5604 Ἀλλά
1157 5546 1293 5616 γὰρ,
1355 5546 1549 5598 τέκνον
1604 5542 1759 5614 ἡμῶν

215 5634 639 5725 θεόφρούρητον,
672 5648 723 5700 εί
764 5643 861 5699 καὶ
890 5641 1156 5701 κατέλαϐε
1191 5637 1438 5702 τοιαῦτα,
1471 5636 1546 5700 ὡς
1580 5636 1711 5689 εἴθε-
1723 5634 1800 5707 μὴ

219 5745 417 5815 ὢφελε,
455 5737 761 5796 κατέλαϐεν
810 5735 872 5803 ἐξ
898 5735 1164 5806 ἐπηρείας
1195 5730 1291 5833 τοῦ
1325 5728 1583 5833 πονηροῦ.
1607 5727 1789 5833 δαίμοὶ

220 5857 327 5906 νος,
350 5834 660 5893 κατέλαϐεν
692 5834 755 5889 ὲκ
799 5828 996 5903 φθόνου
1037 5826 1132 5881 τοῦ
1179 5825 1316 5881 πᾶσι
1351 5822 1451 5896 μὲν
1489 5818 1800 5892 ἀνθρώποις

1895 4782 2066 4843 hum!
2122 4779 2326 4836 Contra
2384 4788 2516 4832 suos
2568 4775 2621 4828 in
2677 4771 2899 4828 Christo
2948 4779 3201 4840 parentes
3263 4765 3482 4821 barbari

1898 4878 2028 4936 l'acti
2058 4883 2187 4933 sunt
2210 4872 2331 4939 lilii,
2365 4868 2683 4937 Christique
2714 4880 2843 4918 oves
2887 4864 2941 4917 in
2991 4864 3221 4916 invicem
3248 4860 3484 4915 Lelluina

1896 4972 2111 5030 feritate
2128 4967 2334 5025 efferati
2357 4972 2508 5030 sunt,
2523 4962 2649 5018 lidei
2678 4958 2939 5020 bcredes,
2960 4955 3274 5026 Christique
3298 4953 3482 5027 gloria:

1895 5063 2210 5124 coha:redes
2237 5060 2305 5115 ad
2338 5057 2571 5113 invicem
2598 5058 2971 5124 pugnaverunt
3008 5066 3023 5104 :
3060 5047 3182 5120 quis
3214 5061 3479 5117 unquam,

1901 5171 2127 5217 rursum
2164 5155 2310 5220 dico,
2342 5159 2424 5207 tot
2457 5147 2598 5203 mala
2635 5150 2930 5217 sperasset,
2972 5149 3161 5212 totque
3196 5140 3482 5195 calamita-

1900 5261 2007 5317 tes,
2057 5259 2351 5319 antequam
2398 5258 2587 5300 coram
2621 5240 2796 5296 oculis
2852 5236 3068 5300 viderit,
3119 5234 3397 5289 Romanos
3427 5242 3482 5285 et

1904 5346 2166 5417 Bulgaros
2186 5355 2308 5397 esse
2334 5324 3192 5411 deprehensurasexistlmasset2
3217 5325 3347 5388 Sed,
3382 5324 3480 5389 lili,

1905 5440 1998 5497 Dei
2028 5436 2286 5512 pmsidio
2307 5432 2451 5501 fulti,
2475 5430 2522 5488 si
2547 5429 2664 5496 illa,
2699 5441 2822 5498 qua:
2861 5424 3069 5480 utinam
3100 5435 3212 5512 non
3234 5417 3483 5512 accidere

1901 5508 2364 5606 oportuissetmos
2391 5524 2533 5581 mala
2559 5518 3164 5606 deprehenderuntmon
3179 5508 3477 5606 deprehen.

1902 5600 2119 5689 derunt,
2156 5622 2260 5677 nisi
2284 5618 2487 5674 malitia
2530 5613 2723 5671 nefarii
2756 5609 3041 5671 damonis,
3088 5603 3193 5661 nisi
3237 5601 3357 5672 ejus
3394 5600 3481 5652 in-

1901 5718 2047 5775 vidia
2069 5718 2161 5787 qui
2192 5712 2444 5771 omnibus
2478 5706 2789 5764 hominibus
2816 5700 3041 5764 invidet,
3082 5696 3314 5751 maxime

1903 5783 2233 5870 Christianis
2284 5821 2299 5860 :
2345 5808 2538 5860 contra
2596 5795 2940 5856 Christianus
2991 5806 3225 5862 namque
3270 5783 3482 5842 invidia
