3962 6140
452 272 553 339 103
1581 268 1891 332 NICOLAI
1932 269 2038 331 CP.

2149 262 2595 330 \TRIARCHA!
3623 271 3701 337 10
3720 270 3757 333 ι

448 391 622 462 magis
650 388 974 446 accenditur
1003 388 1148 459 quod
1174 402 1269 445 cos
1304 396 1495 444 contra
1527 401 1586 442 se
1619 387 1821 441 bellum
1855 400 2038 456 gerere

2152 382 2500 455 φθονοῦντος.
2532 381 2771 453 μάλιστα
2803 381 2861 437 δὲ
2894 384 3247 455 Χριπιανοῖς
3268 402 3283 420 ο
3313 389 3457 444 κατὰ
3485 408 3767 462 χριστια-

455 484 627 548 novit,
662 483 808 552 quod
837 498 932 553 per
955 482 1304 538 Christianos
1330 482 1590 536 universo
1623 480 1755 534 orbe
1786 477 2038 532 extermi-

2149 476 2255 531 νῶν
2280 476 2391 547 γὰρ
2421 476 2625 547 μᾶλλον
2659 477 2797 542 πρὸς
2832 476 3030 546 φθόνον
3061 477 3356 547 ἐξάπτεται
3391 481 3420 535 ό
3461 482 3765 549 διάϐολος,

452 584 613 633 natus
636 586 744 639 est,
778 586 833 631 et
864 575 1167 631 Christiani
1218 590 1391 646 usque
1430 574 1594 628 modo
1632 572 1778 628 illius
1810 581 2038 642 potesta-

2149 569 2279 622 διότι
2308 569 2537 633 τούτους
2577 566 2687 623 οἶδε
2720 570 3173 642 πολεμιωτάτους
3214 575 3387 648 αὐτῷ,
3424 577 3560 631 διότι
3586 578 3767 649 παρὰ

450 679 558 724 ι·ιιι
598 669 893 723 lmmiliant
932 679 981 722 et
1012 684 1178 738 quam
1216 682 1475 739 perverse
1516 665 1754 722 instituit
1802 665 2038 737 tyranni-

2149 661 2498 734 Χριστιανῶν
2534 666 2600 716 ἐκ
2631 665 2814 735 πάσης
2841 663 3100 737 ἀπηλάθη
3132 664 3232 737 τῆς
3260 670 3616 742 οἰκουμένης,
3649 669 3769 726 καὶ

451 762 573 814 dum
614 760 859 829 quotidie
898 769 1187 825 evertunt;
1219 775 1340 830 qua:
1363 769 1583 829 propter
1612 759 1665 813 in
1696 759 2038 816 Christianos

2149 753 2470 824 Χριστιανοὶ
2502 754 2668 827 μέχρι
2698 757 2791 811 καὶ
2820 764 3065 831 σήμερον
3089 759 3189 832 τὴν
3220 760 3541 819 δυναστείαν
3568 764 3769 819 αὑτοῦ

447 851 656 907 insanit
692 860 747 904 et
776 860 1040 921 quantum
1073 851 1124 907 in
1152 867 1212 907 se
1238 862 1340 917 est,
1377 852 1636 907 omnibus
1666 853 1843 908 modis
1867 855 2038 910 studet

2149 847 2506 917 ταπεινοῦσι,
2561 850 2657 903 καὶ
2700 850 2768 920 ἢν
2814 851 3004 919 κακῶς
3045 852 3367 927 ᾠκοδόμησε
3417 858 3766 930 τυραννίδα,

442 956 539 994 eos
571 939 900 995 contristare
954 940 1194 995 vicissim
1236 952 1291 995 et
1330 940 1489 997 malis
1523 938 1789 1009 obruere;
1832 957 1899 997 ex
1922 941 2038 997 dia-

2149 938 2353 1008 ταύτην
2386 938 2473 994 διὰ
2499 942 2701 1009 παντὸς
2743 943 3100 1000 καταλύουσι.
3140 948 3454 1006 Δια-ταῦτα
3482 950 3767 1022 μαίνεται

445 1032 553 1087 buli
588 1034 831 1103 quidem.
876 1043 933 1089 ut
962 1033 1100 1100 dixi,
1143 1034 1352 1091 malitia
1406 1046 1531 1089 nata
1578 1043 1706 1091 sunt
1737 1035 1875 1090 mala
1913 1035 2038 1102 ista,

2149 1030 2286 1083 κατᾶ
2313 1031 2687 1101 Χριστιανῶν,
2721 1034 2810 1089 διὰ
2838 1033 3013 1091 ταῦτα
3039 1040 3292 1105 παντοῖος
3325 1040 3536 1109 γίνεται
3568 1043 3652 1106 είς
3682 1041 3767 1095 τὸ

444 1140 608 1179 omne
648 1124 851 1179 malum
904 1127 1217 1195 superantia
1247 1142 1261 1179 :
1291 1124 1388 1180 sed
1424 1125 1591 1180 etiam
1622 1140 1687 1180 ex
1724 1124 2038 1182 hominibus

2149 1124 2269 1177 καθ’
2302 1125 2428 1180 ὅσον
2459 1126 2689 1180 δύναται
2732 1129 3055 1185 ἀντιλυπεῖν
3085 1131 3182 1188 καὶ
3228 1136 3543 1205 συμφοραῖς
3575 1151 3764 1205 περι-

446 1222 560 1272 sive
589 1219 733 1272 illius
763 1217 985 1273 malitia:
1013 1217 1459 1287 cooperantibus,
1494 1217 1608 1273 sive
1632 1225 1814 1275 mente
1841 1220 2038 1289 captis,

2149 1214 2365 1269 ϐάλλειν
2395 1218 2618 1282 αὐτούς.
2652 1210 2797 1273 Ἧκε
2833 1221 2935 1293 μὲν
2963 1222 3078 1290 οὖν,
3105 1224 3184 1287 ὡς
3213 1217 3397 1290 εἷπον,
3424 1227 3490 1282 ὲκ
3509 1226 3610 1311 τῆς
3638 1224 3756 1281 τοῦ

449 1321 505 1366 et
540 1313 620 1365 sic
646 1310 820 1365 bonos
854 1312 1028 1379 magis
1049 1310 1285 1366 discerni
1327 1309 1695 1377 facientibus;
1722 1312 1815 1381 qui
1838 1311 2038 1368 bellum

2149 1312 2394 1370 διαϐόλου
2447 1314 2647 1381 κακίας
2675 1317 2745 1370 τὰ
2770 1317 2923 1372 δεινὰ
2958 1316 3134 1373 ταῦτα
3185 1320 3280 1375 καὶ
3317 1323 3464 1392 πέρα
3508 1309 3754 1377 cenvoy-

451 1412 643 1459 contra
676 1403 1104 1470 suseilaverunt,
1137 1402 1251 1458 sive
1283 1401 1497 1458 nefario
1537 1404 1773 1459 daemoni
1830 1419 2038 1475 coope-

2149 1400 2255 1477 ἦκε
2290 1406 2346 1460 δὲ
2375 1409 2469 1461 καὶ
2503 1406 2565 1474 ἐξ
2598 1408 2927 1481 ἀνθρώπων,
2962 1412 3125 1470 τοῦτο
3156 1412 3258 1486 μὲν
3288 1416 3355 1488 τῇ
3387 1414 3601 1470 ἐκείνου
3634 1433 3755 1470 κα-

446 1506 658 1560 rantes,
710 1497 823 1554 sive
853 1497 1051 1551 mentis
1080 1496 1379 1552 infortunio
1408 1496 1463 1551 in
1502 1496 1555 1551 id
1587 1499 1877 1556 consilium
1911 1498 2039 1566 acti,

444 1588 945 1655 suavissimannpie
981 1597 1129 1640 tuam
1160 1596 1397 1640 mentem
1425 1587 1491 1642 ad
1534 1588 1691 1644 istam
1726 1588 2041 1660 dispositio-

444 1691 567 1732 nem
617 1682 974 1749 redegerunt;
1049 1687 1109 1732 ut
1149 1694 1295 1748 saepe
1330 1679 1529 1734 etenim
1561 1681 1763 1737 accidit
1810 1680 2038 1736 minima

446 1769 686 1824 scintilla
755 1768 982 1824 aecendi
1040 1769 1316 1825 tlarnmam
1374 1771 1898 1842 inexstinguibilem,
1968 1772 2037 1829 ita

442 1876 663 1933 quoque
697 1878 761 1918 ex
800 1863 1035 1918 istorum
1076 1862 1361 1920 hominum
1408 1864 1638 1921 stultitia
1677 1866 1937 1922 decidens
1985 1868 2038 1922 in

441 1977 539 2015 cor
569 1971 721 2017 tuum
758 1961 993 2016 scintilla
1029 1976 1284 2031 magnam
1311 1959 1459 2015 illam
1482 1957 1759 2018 ﬂammam
1787 1962 2040 2018 accendit

443 2068 616 2122 usque
643 2053 806 2107 modo
837 2052 1361 2124 inexstinguibilem.

2144 1500 2238 1572 κίρ
2292 1502 2742 1573 ὑπουργούντων,
2772 1504 2934 1559 τοῦτο
2963 1505 3019 1562 δὲ
3066 1506 3162 1562 καὶ
3206 1506 3627 1579 δυστυχούντων
3657 1511 3756 1573 εις

2143 1599 2376 1666 φρένας,
2401 1597 2496 1651 καὶ
2527 1597 2629 1666 τὴν
2668 1598 2904 1671 ἐκλογὴν
2938 1600 3144 1671 μᾶλλον
3188 1600 3302 1656 τῶν
3332 1601 3518 1658 καλῶν
3544 1620 3756 1660 ποιου-

2146 1690 2327 1760 μένων
2350 1704 2365 1720 ⁶
2396 1689 2448 1742 οἳ
2479 1692 2574 1743 καὶ
2605 1692 2694 1746 τὸν
2728 1693 2865 1765 πρὸς
2905 1693 2968 1748 σε
3007 1694 3286 1767 ἀνήραντο
3317 1694 3581 1769 πόλεμον,
3624 1698 3755 1752 εἴτε

2070 1808 2116 1871 Β
2143 1780 2222 1853 τῷ
2251 1781 2475 1854 πονηρῷ
2522 1783 2741 1855 δαίμονι
2786 1786 3204 1860 συνεργοῦντες,
3230 1789 3344 1843 εἴτε
3394 1789 3483 1844 διά
3513 1788 3756 1862 φρενῶν

2144 1872 2443 1944 δυστυχίαν
2472 1873 2634 1928 τοῦτο
2668 1875 3049 1946 βουληθέντες,
3080 1879 3178 1934 καὶ
3211 1879 3312 1951 τὴν
3340 1880 3441 1951 σὴν
3466 1879 3756 1958 γλυκεῖαν

2143 1966 2326 2039 ψυχὴν
2369 1967 2516 2023 οὕτω
2557 1969 2979 2036 διατεθεικότες.
3026 1972 3184 2029 Ἐπεὶ
3216 1974 3313 2029 καὶ
3349 1976 3563 2044 πέφυκε
3594 1975 3755 2049 μιξολ-

2143 2058 2303 2124 λάκις
2328 2061 2420 2114 καὶ
2453 2061 2651 2133 μικρὲς
2682 2063 2921 2136 σπινθὴρ
2953 2064 3223 2120 ἄσϐεστον
3248 2066 3423 2137 φλόγα
3450 2068 3749 2136 ἐξάπτειν,

436 2150 586 2204 οὕτω
636 2151 730 2203 καὶ
773 2147 880 2201 τῶν
927 2148 1237 2221 ἀνθρώπιον
1276 2148 1508 2204 ικείνων
1553 2151 1582 2203 δ
1612 2149 1671 2216 ἐξ
1714 2150 2029 2225 ἀφροσύνης
2070 2155 2331 2227 ἒμπ;σὼν
2388 2160 2627 2233 σπινθὴρ
2661 2163 2742 2226 είς
2793 2161 2894 2234 τὴν
2974 2164 3075 2235 σὴν
3142 2164 3376 2236 καρδίαν
3414 2166 3588 2237 ἀνῆψε
3637 2166 3756 2240 τὴν

450 2242 705 2318 μεγάλην
735 2241 947 2312 ταύτην
978 2242 1178 2311 φλόγα,
1211 2242 1306 2297 καὶ
1337 2243 1481 2309 τέως
1512 2244 1644 2316 ἄχρι
1674 2244 1770 2300 τοῦ
1801 2244 1897 2300 νῦν
1919 2249 2361 2311 άκατάσϐεστον.

516 2337 645 2402 Sed,
680 2336 753 2389 tili
780 2337 854 2388 mi
878 2334 1373 2401 desideratissime,
1402 2350 1470 2391 ne
1498 2338 1581 2393 sic
1616 2337 1836 2392 vincant
1864 2339 2038 2404 mala;

446 2443 625 2498 neque
676 2427 757 2483 vir
789 2425 933 2492 talis,
969 2426 1149 2496 qualis
1200 2442 1286 2492 es,
1339 2442 1446 2483 non
1502 2427 1709 2484 habens
1750 2431 2039 2501 prudentia

440 2521 705 2591 aequalem
748 2518 891 2573 inter
914 2529 1221 2574 coaetaneos
1250 2526 1304 2574 et
1334 2518 1502 2575 animi
1550 2525 1910 2590 generositate
1954 2524 2042 2580 in-

441 2614 854 2685 comparabilis,
881 2614 951 2668 ab
984 2614 1303 2670 hominibus
1328 2614 1645 2687 vulgaribus
1668 2626 1723 2672 ct
1755 2618 1842 2672 vix
1878 2622 2039 2675 unius

441 2708 586 2763 oboli
617 2706 823 2761 malitia
861 2707 1122 2773 viucaris,
1160 2723 1359 2776 neque,
1394 2723 1461 2764 eo
1502 2708 1647 2780 quod
1698 2710 1855 2767 istius
1888 2713 2036 2766 modi

445 2801 693 2856 homines
717 2810 767 2855 te
790 2799 1263 2863 exacerbaverint,
1291 2799 1654 2856 immortalem
1678 2817 1862 2860 serves
1889 2820 2039 2859 ama-

445 2892 741 2947 ritudinem
778 2900 970 2945 contra
1008 2890 1316 2945 Romanum
1374 2890 1664 2962 imperium
1693 2908 1722 2949 a
1755 2910 1864 2965 quo
1916 2898 2040 2967 plu-

2233 2344 2393 2399 Ἀλλὰ
2415 2345 2546 2416 μὴν,
2569 2345 2758 2402 τέκνον
2781 2365 2883 2421 μου
2908 2350 3184 2418 ποθεινὸν,
3206 2352 3284 2424 μὴ
3299 2350 3444 2409 οὕτω
3464 2354 3748 2426 νικήσωσι

2148 2438 2217 2493 τά
2249 2441 2398 2493 κακά
2422 2452 2437 2467 ⁸
2497 2438 2637 2511 μηδὲ
2672 2441 2928 2514 θεοφιλὴς
2974 2444 3266 2515 ἄνθρωπος
3319 2447 3506 2513 ὁποῖος
3537 2442 3592 2501 ei
3644 2448 3747 2515 σὺ,

2148 2533 2244 2585 xal.
2282 2534 2359 2604 μὴ
2413 2532 2554 2605 ἔχων
2604 2536 2662 2588 ἐν
2716 2539 2981 2608 φρονήσει
3037 2540 3445 2612 παρισούμενον
3489 2544 3557 2614 τῇ
3608 2541 3745 2598 καθ’

2146 2626 2359 2681 ἑαυτῶν
2386 2631 2572 2697 γενεᾷ,
2607 2630 2702 2682 καὶ
2729 2628 2811 2693 είς
2839 2628 3021 2703 ψυχῆς
3055 2633 3342 2701 εὐγένειαν
3376 2636 3741 2708 ἀσύγκριτος,

2144 2718 2455 2789 ἀνθρώπων
2506 2720 2769 2790 χυδαίων,
2814 2723 2913 2777 καὶ
2966 2725 3021 2779 τί
3080 2726 3212 2781 ἄλλο
3257 2727 3293 2800 ἡ
3348 2729 3489 2800 μηδὲ
3538 2730 3743 2784 ὀϐολοῦ

2146 2812 2339 2878 ἀξίων,
2374 2813 2617 2884 ἡττηθῇς
2640 2815 2739 2885 τῆς
2768 2815 2992 2883 κακίας,
3030 2819 3155 2889 μηδ’
3179 2819 3263 2873 ὅτι
3296 2820 3605 2892 ὲπίκραναν
3634 2822 3742 2877 ἄν-

2145 2907 2356 2981 θρωποι
2406 2908 2660 2977 τοιοῦτοι,
2712 2909 2803 2966 διὰ
2847 2910 3008 2967 τοῦτο
3058 2912 3420 2985 βουληθῶμεν
3460 2916 3745 2971 ἀθάνατον

446 2983 583 3038 rima
608 2994 663 3037 et
689 2998 882 3052 magna
915 2997 1022 3036 non
1060 2985 1242 3038 nescis
1272 2986 1550 3053 accepisse
1569 2985 1869 3057 beneﬁcia;
1904 2991 2035 3059 quid

2149 2999 2291 3069 ἔχειν
2344 3001 2573 3073 πικρίαν
2615 3001 2759 3055 κατὰ
2803 3001 2905 3075 τῆς
2958 3004 3286 3077 Ῥωμαῖκῆς
3320 2983 3605 3073 ἔξουσίας,
3667 3003 3741 3080 ἧς

445 3076 592 3131 enim
633 3075 700 3129 ad
733 3074 1039 3130 Romanum
1097 3076 1386 3146 imperium
1442 3087 1494 3133 et
1524 3079 1589 3134 ad
1632 3083 1751 3151 ejus
1806 3084 2036 3153 populos

2149 3090 2441 3145 ἐπίστασαι
2470 3093 2685 3147 πολλῶν
2714 3096 2809 3148 καὶ
2840 3074 3100 3165 μεγάλων
3140 3074 3478 3170 εὐεργεσιῶν
3509 3101 3567 3154 ἂν
3595 3074 3746 3153 ἀπο-

441 3167 698 3240 pertinet,
732 3169 777 3222 si
811 3167 900 3222 hic
929 3167 1013 3221 vel
1050 3168 1141 3221 ille
1175 3169 1382 3224 nullius
1410 3171 1563 3240 pretii
1590 3172 1886 3229 homuncio
1912 3190 2038 3230 con-

2149 3182 2339 3237 λαύσει
2396 3186 2720 3254 γενόμενος.
2779 3186 2847 3244 Τί
2905 3190 3018 3261 γάρ
3071 3192 3211 3263 πρὸς
3241 3167 3367 3265 ’τὴν
3413 3192 3742 3268 Ῥωμαϊκὴν

442 3267 527 3314 tra
568 3267 621 3314 te
647 3258 908 3315 audacter
935 3257 1006 3314 sit
1041 3259 1330 3313 invectus?
1359 3259 1499 3325 Quid
1528 3264 1595 3315 ad
1625 3277 1804 3332 regem
1836 3266 2038 3321 nullius

2149 3276 2323 3347 ἀρχὴν
2352 3278 2449 3331 καὶ
2476 3277 2567 3331 τὸν
2593 3257 3127 3357 ιἠοχείριονήαίιτῆς⁷
3140 3284 3292 3352 λαὸν,
3321 3257 3372 3340 ξι
3402 3287 3433 3340 ὁ
3459 3257 3611 3343 δείνα
3638 3257 3744 3343 κὲι

441 3350 521 3408 rei
557 3353 862 3416 conscium,
894 3350 937 3405 si
971 3350 1197 3421 quidam
1249 3350 1522 3419 homines,
1580 3371 1668 3410 res
1720 3355 1866 3411 illius
1903 3358 2038 3412 male

2149 3368 2173 3421 ὑ
2202 3369 2351 3422 δεῖνα
2381 3368 2545 3433 λόγου
2582 3350 2811 3443 μηδενὸς
2848 3350 3212 3448 ἀνθρωπάρια
3256 3350 3338 3445 είς
3368 3381 3431 3434 τὸ
3462 3383 3606 3437 κατὰ
3637 3383 3740 3439 σοῦ

442 3454 716 3517 gerentes,
757 3444 809 3497 id
843 3444 1056 3500 consilii
1095 3447 1359 3501 adversus
1390 3457 1440 3501 te
1473 3448 1758 3516 ceperint?
1788 3451 2038 3506 Attamen

2149 3462 2521 3534 ὲξηνὲχθησαν
2571 3464 2815 3537 οράσος;
2854 3469 2918 3522 Τί
2954 3444 3133 3526 ταῦτα
3180 3474 3319 3544 πρὸς
3370 3475 3466 3529 τὸν
3500 3476 3743 3546 βασιλέα

446 3538 801 3592 contristatus
832 3552 892 3591 es
939 3552 954 3591 :
992 3536 1349 3593 suilictentem
1410 3554 1626 3609 pcenam
1678 3544 1938 3613 repetiisti
1974 3545 2041 3599 ab

445 3628 533 3686 his
575 3632 667 3701 qui
698 3643 750 3685 te
787 3632 1263 3695 contristaverant,
1300 3634 1407 3687 imo
1451 3649 1580 3690 vero
1618 3651 1834 3707 a‘quum
1872 3641 2042 3693 multo

441 3734 831 3794 superantem;
863 3740 1031 3795 quum
1066 3727 1192 3796 quis
1233 3730 1377 3781 enim
1412 3727 1490 3782 illi
1517 3730 1610 3799 qui
1647 3730 1751 3785 sibi
1781 3731 2040 3801 injuriam

447 3816 655 3874 inferre
686 3820 893 3885 studet,
926 3820 1124 3889 azquali
1164 3820 1366 3876 damno
1391 3822 1595 3887 aﬂecit,
1631 3825 1735 3879 nisi
1790 3827 2043 3882 acerbior

447 3912 541 3976 sit,
581 3915 717 3967 satis
747 3913 944 3977 habet;
985 3928 1153 3981 quum
1206 3923 1392 3969 autem
1449 3916 1616 3970 minio
1667 3918 1882 3987 majori,
1917 3918 2042 3990 quis

442 4006 555 4074 jam
598 4005 752 4060 locus
791 4005 1111 4075 indignaudi
1158 4014 1213 4060 et
1248 4006 1463 4061 volendi
1508 4008 1682 4078 magis
1716 4012 2043 4067 contristare

448 4114 481 4153 a
514 4113 625 4169 quo
663 4099 1159 4154 contristatusest?
1184 4096 1303 4154 Non
1359 4100 1484 4156 dico
1525 4101 1594 4156 de
1643 4103 1827 4174 aliquo
1887 4119 2042 4159 man-

451 4198 633 4254 sueto,
670 4203 729 4245 ut
762 4202 818 4244 tu
847 4194 982 4261 ipse,
1011 4203 1065 4247 et
1096 4194 1356 4260 humano,
1397 4194 1490 4249 sed
1516 4196 1851 4267 quicumque
1879 4198 2046 4253 inhu-

449 4296 646 4336 manus
703 4291 759 4337 et
785 4281 935 4338 ferox
993 4285 1412 4342 amaritudinem
1465 4302 1680 4343 omnem
1749 4292 2039 4361 relinquet,

445 4374 649 4430 luroris
704 4376 883 4444 ignem
929 4378 1275 4447 comprimet,
1307 4379 1601 4451 [adusque
1655 4399 1779 4436 cum
1829 4399 1894 4438 eo
1946 4385 2039 4453 qui

442 4467 649 4522 insulse
672 4477 913 4537 coeperat
942 4486 1141 4525 manus
1200 4471 1404 4527 inferre
1456 4474 1688 4543 injustas
1723 4474 1884 4530 inibit
1920 4494 1935 4532 :
1980 4488 2038 4532 tu

442 4574 665 4629 quoque
718 4562 901 4631 igitur,
952 4564 1027 4617 liti
1072 4564 1168 4627 nti,
1206 4565 1340 4619 iram
1372 4566 1607 4633 dimitte,
1647 4570 1714 4623 ad
1761 4575 2035 4641 propriam

447 4654 888 4722 redilenitatem,
918 4654 1113 4726 {aeque
1143 4673 1360 4713 cessare
1381 4660 1676 4717 homicidia
1696 4674 2037 4734 exterasque

442 4749 786 4805 calamitates
812 4765 934 4820 quae
968 4766 999 4805 a
1029 4751 1360 4809 Christianis
1384 4771 1559 4824 usque
1587 4757 1751 4813 modo
1769 4756 2036 4814 Christia-

441 4857 542 4897 nos
576 4844 922 4899 invaserunt.

2141 3556 2234 3609 τὸν
2265 3557 2435 3628 μηδὲν
2470 3560 2775 3627 συνειδότα,
2806 3562 2854 3616 εί
2883 3564 3166 3636 ἂνθρωποι
3195 3568 3265 3621 τά
3299 3569 3513 3623 ἐκείνου
3547 3572 3740 3641 πράγ-

2146 3664 2294 3719 ματα
2337 3649 2523 3713 κακῶς
2574 3650 2926 3717 διοικοῦντες,
2962 3656 3061 3725 τὴν
3108 3655 3282 3727 αὐτὴν
3336 3658 3566 3730 γνώμην
3602 3661 3740 3733 περὶ

2144 3743 2241 3796 σοῦ
2276 3743 2648 3812 άνελάϐοντο;
2691 3747 2841 3819 Πλὴν
2872 3750 3152 3820 nomen;
3175 3765 3187 3777 '
3227 3751 3371 3821 ἔχεις
3404 3754 3600 3824 ἱκανὴν
3627 3758 3741 3825 τὴν

2143 3834 2298 3906 δίκην
2333 3839 2476 3891 κατὰ
2523 3839 2633 3894 τῶν
2676 3840 3058 3911 λυπησάντων,
3116 3845 3319 3915 μᾶλλον
3366 3847 3426 3902 δὲ
3458 3849 3593 3902 πολὺ
3636 3848 3740 3903 τοῦ

2146 3928 2336 3982 ἱκανοῦ
2388 3931 2817 4001 ὑπεραίρουσαν.
2854 3936 3027 3990 Ὅταν
3069 3937 3179 4006 γάρ
3222 3955 3310 4002 τις
3345 3940 3439 3993 τὸν
3473 3940 3738 4013 ἀδικῆσαι

2147 4023 2523 4094 μελετήσαντα
2556 4027 2701 4080 κατὰ
2734 4029 2793 4082 τὸ
2830 4029 2948 4085 ἴσον
2986 4031 3237 4102 ὑποϐάλῃ
3269 4034 3368 4104 τῆς
3395 4034 3625 4105 ζημίας,
3656 4038 3738 4109 μὴ

2143 4114 2266 4168 λίαν
2302 4116 2499 4187 πικρὸς
2538 4116 2638 4185 ὣν,
2675 4119 2793 4191 εχει
2840 4121 2899 4174 τὸ
2934 4122 3153 4176 ίκανόνο
3184 4124 3316 4177 ὅταν
3343 4125 3401 4180 δὲ
3432 4128 3528 4180 καὶ
3564 4130 3643 4193 είς
3675 4130 3740 4185 τὸ

2143 4206 2602 4279 άπειροπλάσιον,
2637 4213 2756 4276 πῶς
2783 4214 2896 4285 ἔχει
2923 4215 3112 4288 χώραν
3144 4217 3226 4270 ἔτι
3253 4221 3609 4288 χαλεπαίνειν
3637 4227 3737 4280 καὶ

2147 4302 2314 4355 πλέον
2366 4303 2560 4361 λυπεῖν
2618 4306 2908 4375 βούλεσθαι
2966 4310 3059 4366 τὸν
3112 4313 3467 4386 λυπήσαντας
3512 4320 3622 4374 Καὶ
3668 4322 3735 4376 οὐ

2144 4395 2288 4462 λέγω
2320 4399 2443 4466 περί
2481 4416 2623 4461 τινος
2650 4400 2746 4453 τοῦ
2780 4404 2922 4457 κατὰ
2955 4404 3016 4457 σὲ
3053 4408 3261 4478 ἡμέρου
3289 4411 3382 4463 καὶ
3421 4411 3735 4484 φιλανθρώ-

2146 4502 2270 4551 που,
2306 4490 2421 4542 ἀλλ’
2472 4486 2583 4555 οἶος
2632 4491 2702 4547 ἂν
2834 4497 3259 4571 ἀφιλάνθρωπος
3316 4507 3411 4557 καὶ
3453 4506 3735 4577 ἀνήμερος

2144 4578 2417 4633 παύσεται
2466 4584 2684 4649 πάντως
2718 4587 2822 4657 τῆς
2863 4591 3118 4661 πικρίας,
3155 4595 3251 4648 καὶ
3304 4597 3639 4653 κατασσέσει
3670 4602 3734 4655 τὸ

2144 4670 2260 4741 πῦρ
2290 4671 2385 4724 τοῦ
2421 4672 2621 4743 θυμοῦ,
2653 4678 2748 4732 καὶ
2792 4680 3080 4737 σπείσεται
3107 4683 3247 4755 πρὸς
3288 4688 3380 4740 τὸν
3414 4687 3576 4760 ἄρξαι
3610 4708 3734 4763 χει-

2145 4760 2254 4829 ρῶν
2292 4762 2497 4819 ἀδίκων
2524 4768 2926 4841 ἁπονοηθέντα.
2957 4775 3067 4829 Καὶ
3094 4776 3180 4850 δὴ,
3213 4781 3403 4835 τέκνον
3423 4760 3733 4855 ἡμῶνξλῆ-

2139 4855 2350 4952 εον-καὶ
2376 4859 2542 4925 αὐτὸς
2567 4864 2668 4931 τῆς
2698 4864 2895 4937 ὀργῆς,
2927 4870 3026 4924 καὶ
3049 4872 3185 4945 πρὸς
3206 4875 3269 4930 τὸ
3290 4877 3494 4933 οίκεῖον
3516 4880 3732 4952 ἥμερον

442 4935 730 5002 ἐπάνελθε,
765 4938 863 4990 καὶ
892 4937 979 5002 δὺς
1013 4936 1218 4992 παῦσιν
1244 4940 1367 5003 ταῖς
1399 4938 1899 5012 άνθρωποφονίαις,
1933 4942 2031 4997 καὶ
2068 4948 2188 5012 ταῖς
2226 4949 2415 5016 ἄλλαις
2462 4935 2798 5025 συμφοραίς,
2828 4935 2963 5017 -δσαι
3034 4935 3188 5037 παρά
3270 4935 3617 5040 Χριστιανῶν
3633 4935 3733 5029 ἐκ

443 5032 809 5102 Χριστιανοὺς
842 5035 1008 5105 μέχρι
1037 5034 1137 5087 τοῦ
1168 5035 1437 5104 παρόντος
1472 5039 1756 5105 γεγόνασι.

510 5128 640 5183 liae
663 5144 834 5197 nunc,
886 5131 961 5187 ﬁli
1006 5133 1079 5187 mi
1115 5134 1465 5199 suavissime,
1510 5150 1605 5204 per
1663 5148 2035 5196 atramentum

441 5222 540 5276 tibi
588 5222 747 5287 dico;
774 5223 865 5277 sed
910 5223 955 5277 si
987 5224 1262 5291 Christus,
1300 5224 1443 5281 Deus
1481 5237 1689 5295 noster,
1720 5246 1826 5301 pax
1870 5249 2034 5289 exsu.

442 5330 641 5385 peraus
663 5332 884 5372 omnem
919 5334 1165 5386 sensum,
1192 5337 1293 5376 sua
1340 5321 1720 5379 exhortatione
1748 5325 1823 5380 ita
1875 5343 2030 5383 men-

444 5420 553 5462 tem
622 5419 773 5463 tuam
832 5412 1091 5480 disponat
1140 5422 1198 5466 ut
1251 5429 1353 5469 nos
1378 5430 1567 5470 coram
1602 5426 1656 5473 te
1707 5421 2033 5479 assistamus

442 5512 497 5556 et
543 5506 764 5572 proprio
814 5519 909 5559 ore
955 5505 1069 5559 huic
1098 5508 1225 5561 etsi
1268 5510 1397 5577 quid
1458 5510 1605 5563 aliud
1664 5513 1903 5581 postulet
1930 5531 2038 5577 res,

442 5586 759 5665 ioquamur,
782 5596 849 5650 ad
885 5599 1207 5653 veniendum
1243 5601 1307 5653 ad
1339 5611 1388 5654 te
1412 5605 1643 5673 prompti
1674 5606 1903 5670 erimus,
1939 5621 2037 5662 nec

2215 5146 2373 5214 Λέγω
2398 5164 2482 5202 σοι
2516 5150 2714 5215 ταῦτα,
2742 5154 2933 5210 τέκνον
2974 5175 3080 5228 μου
3108 5140 3473 5233 γλυκύτατον,
3505 5166 3601 5223 νῦν
3626 5174 3730 5243 μὲν

2143 5235 2231 5291 διὰ
2280 5240 2512 5309 μέλανος
2535 5257 2547 5269 ·
2582 5243 2635 5294 εί
2669 5244 2724 5296 δὲ
2749 5245 2988 5314 Χριστὸς
3026 5254 3055 5305 ὀ
3080 5251 3214 5317 Θεὸς
3266 5257 3447 5325 ήμῶν,
3488 5235 3726 5333 ηπάντα

2141 5330 2267 5385 νοῦν
2312 5332 2659 5405 ὑπερέχουσα
2703 5340 2919 5411 εἰρήνη,
2949 5342 3037 5397 διά
3070 5347 3170 5417 τῆς
3220 5350 3389 5405 αὐτοῦ
3433 5330 3726 5431 παρακλή-

2146 5442 2285 5483 σεως
2314 5427 2415 5497 τὴν
2472 5428 2573 5497 σὴν
2601 5430 2693 5483 ἐπὶ
2742 5434 2918 5506 τούτῳ
2946 5436 3195 5511 διαθήσει
3253 5443 3457 5517 ψυχὴν,
3506 5448 3593 5504 ἵνα
3634 5427 3727 5508 καὶ

2146 5519 2306 5588 ἡμεῖς
2338 5521 2495 5575 αὐτοὶ
2522 5524 2665 5577 κατά
2697 5528 2990 5595 πρόσωπόν
3015 5549 3103 5586 σοι
3142 5538 3596 5613 ὲμφανισθῶμεν,
3630 5550 3726 5603 καὶ

2140 5614 2318 5684 οἰκείᾳ
2353 5614 2578 5691 γλώσσῃ
2606 5620 2779 5675 ταῦτά
2804 5640 2865 5676 τε
2897 5628 2991 5679 καὶ
3018 5629 3072 5681 εἴ
3096 5647 3149 5683 τι
3177 5632 3367 5703 ἕτερον
3398 5638 3723 5713 ἐπιζητήσει

444 5698 784 5745 senectutem
805 5691 1140 5757 timebimus,
1161 5694 1254 5749 sed
1274 5711 1445 5765 neque
1463 5698 1835 5755 iutirmitatem
1855 5716 2031 5771 neque

447 5780 656 5804 ε.;..-..ε-
691 5785 899 5804 I-L-___,
982 5787 1013 5804 I.
1132 5797 1172 5804 ,κ
1234 5799 1242 5804 .
1466 5792 1474 5804 ι
1621 5793 1673 5804 ι..
1791 5795 1802 5804 .
1986 5788 1991 5793 ε

2149 5707 2205 5761 τά
2260 5708 2564 5779 πράγματα
2632 5717 2901 5786 είπωμεν,
2966 5721 3177 5793 ἕτοιμοί
3237 5691 3409 5799 ἐσμεν

447 5780 661 5840 itineris
688 5785 927 5850 labores,
964 5787 1093 5841 dum
1132 5792 1517 5847 tantummodo
1553 5793 1681 5848 velit
1737 5795 1804 5850 ad
1832 5788 2026 5864 pacein

2149 5802 2313 5867 ήκειν.
2346 5806 2445 5858 καὶ
2488 5807 2549 5861 οὐ
2588 5780 2893 5884 δειλιῶμεν
2920 5817 2979 5873 τὸ
3015 5780 3214 5891 γῆρας,
3251 5780 3715 5899 adniti-1:200;
