3962 6140
591 215 691 283 187
1734 227 2047 291 NICOLAI
2086 230 2175 291 (ΞΡ

2291 231 2755 295 ATRIARCIHZ
3760 234 3886 301 188

584 335 964 408 bellorumque
1000 378 1013 402 ,
1044 346 1096 392 et
1126 354 1465 410 qumunque
1514 341 1712 398 misrra
1738 360 1798 400 ex
1824 344 1980 400 hellis
2002 346 2182 402 oriun-

2294 349 2388 417 ἀφ’
2414 343 2476 404 οὗ
2498 348 2731 414 Mearm,
2767 348 2862 405 καὶ
2891 350 3085 422 πεῖραν
3130 350 3229 422 τῆς
3265 350 3481 408 ἐκείνου
3536 354 3903 427 ἀγαθότητος

585 437 696 492 tur,
721 437 884 498 atque
906 429 1100 485 iterum
1132 432 1185 486 in
1220 433 1456 503 priscam
1490 434 1801 492 felicitatem
1830 439 2105 496 lloutanos
2125 451 2179 496 et

2291 442 2505 509 ελαδες,
2561 444 2837 516 ἐπόθησας
2894 448 2988 499 καὶ
3048 446 3255 511 ποθείς.
3297 449 3409 504 Καὶ
3438 450 3551 521 γὰρ
3598 453 3698 507 καὶ
3738 454 3901 525 πρὸς

587 520 849 593 Diligaros
913 524 1387 597 redintegrandos.
1458 528 1626 593 lmo,‘
1678 531 1997 599 priusquam
2048 546 2173 588 cum

2291 538 2518 601 ἐκεῖνον,
2557 538 2745 592 τέκνον
2771 538 2952 610 ἡμῶν,
2973 541 3306 610 ἐπαγγελίας
3330 544 3606 616 παρέσχες
3626 520 3899 619 είρηνης,

586 631 772 672 nostro
829 618 1148 674 Christiano
1200 622 1533 690 imperatore
1574 625 1927 689 convenires.
1961 628 2028 682 ad
2092 643 2179 683 me

2291 630 2375 683 καὶ
2404 630 2485 682 ὅτι
2520 630 2773 700 λήξουσιν
2811 631 2869 687 at
2918 634 3154 703 σφαγαὶ,
3184 635 3281 688 καὶ
3309 638 3358 690 οἱ
3403 637 3657 709 πόλεμοι,
3684 618 3794 693 καὶ
3822 640 3906 693 τὰ

589 710 868 780 indignum
924 727 954 766 e
1023 709 1275 783 Bulgaria
1335 714 1641 786 scripseras
1696 727 1749 774 te
1812 719 1978 775 rebus
2035 736 2178 791 prae-

2291 726 2341 776 ἐκ
2362 722 2569 776 τούτων
2598 723 2838 796 δυστυχῆ
2907 727 3233 797 πράγματα,
3285 729 3384 784 καὶ
3443 730 3610 786 πάλιν
3657 733 3740 797 είς
3778 731 3903 803 τὴν

586 805 834 859 sentibus
874 806 1232 873 incumbere,
1277 823 1469 879 pacem
1524 810 1639 866 fieri
1669 811 1881 876 volens,
1934 828 2179 869 cessare.

2291 813 2562 885 προτέραν
2624 814 2979 887 εὐδαιμονίαν
3060 819 3325 890 Ῥωμαῖοι
3396 823 3490 877 καὶ
3572 822 3901 895 Βούλγαροι

587 913 717 966 quo,
759 898 867 952 nco
901 900 1218 971 adjuvante,
1270 900 1411 957 bella
1441 910 1496 958 et
1525 918 1677 958 arma
1710 920 1833 976 qua:
1874 903 2176 963 Christiani

2291 908 2745 979 ιαταστήσονται.
2800 909 2965 966 Ἀλλά
3012 911 3107 967 καὶ
3156 913 3264 984 πρὸ
3306 916 3404 985 τῆς
3453 918 3746 989 συντυχίας
3779 916 3902 987 τῆς

588 991 678 1045 alii
716 992 766 1044 in
801 992 939 1048 alios
976 993 1291 1049 movebant.

2291 998 2421 1069 πρὸς
2444 999 2540 1053 τὸν
2562 998 2909 1072 φιλόχριστον
2935 1003 3095 1075 ἡμῶν
3126 1003 3375 1076 βασιλέα,
3402 1007 3540 1078 πρὸς
3565 1010 3666 1078 την
3714 1008 3904 1078 ἡμῶν

587 1084 724 1152 ἔφης
763 1084 1093 1139 ταπείνωσιν
1143 1088 1208 1141 ὲκ
1258 1086 1600 1159 Βουλγαρίας
1636 1088 1707 1145 τά
1736 1090 1973 1147 ἐνταῦθα
2038 1090 2399 1156 καταλαϐεῖν,
2425 1091 2653 1163 εἰρήνην
2717 1093 2974 1163 γενέσθαι
3045 1094 3397 1167 βουλόμενος,
3440 1097 3538 1153 καὶ
3558 1100 3901 1155 ἀποπαῦσαι

591 1181 688 1231 σὺν
718 1177 837 1248 Θεῷ
868 1179 965 1252 τὴν
992 1180 1116 1235 κατ’
1158 1181 1408 1255 ἀλλήλων
1436 1184 1546 1240 τῶν
1594 1185 1946 1258 Χριστιανῶν
1980 1188 2163 1259 μάχην
2203 1187 2299 1243 καὶ
2326 1186 2435 1241 τῶν
2453 1186 2638 1243 ὃπλων
2664 1188 2769 1256 την
2797 1190 3038 1263 κίνησιν.

661 1273 865 1330 llarum
925 1295 1106 1335 rerum
1168 1283 1514 1341 indelebilem
1560 1286 1881 1343 memoriam
1930 1288 1983 1342 in
2016 1287 2182 1344 corde

2365 1283 2589 1339 Τούτων
2624 1284 2842 1358 ἔχοντες
2876 1287 2974 1360 τὴν
3006 1287 3263 1360 μνήμνην
3301 1288 3666 1361 ἀνεπίλησιον
3705 1290 3764 1343 ιν
3820 1267 3899 1339 τῇ

591 1368 875 1439 habentes,
907 1385 1308 1449 noscentesque
1333 1388 1483 1434 tuam
1519 1378 1763 1435 veritatis
1792 1380 2180 1445 reverentiam,

2291 1378 2497 1451 καρδίᾳ
2522 1377 2707 1449 ἡμῶν,
2739 1381 2835 1435 καὶ
2863 1380 3232 1449 γινώσκοντες
3255 1381 3354 1451 τὴν
3393 1382 3545 1453 παρά
3583 1380 3676 1435 σοῦ
3703 1397 3900 1451 τιμω·

591 1476 885 1531 praesentes
929 1469 1259 1539 scripsimus
1306 1470 1544 1536 litteras,
1578 1479 1639 1525 ut
1686 1471 1800 1542 jam
1844 1472 2180 1544 supplicavi-

2291 1473 2463 1544 μένην
2489 1472 2777 1545 ἀλήθειαν,
2809 1474 2873 1529 τδ
2898 1475 3075 1547 παρὸν
3117 1476 3451 1549 ἆγράψαμεν
3495 1477 3754 1548 γράμμα,
3796 1470 3903 1530 οἵα

593 1574 716 1613 mus
748 1567 802 1614 et
834 1578 979 1616 nunc
1011 1565 1402 1634 supplicantes.
1437 1564 1651 1633 Praehe,
1683 1582 1717 1620 ο
1746 1565 1843 1634 fili,
1869 1566 2030 1622 linem
2056 1582 2182 1622 ver-

2291 1567 2554 1632 πολλάκις
2586 1566 2975 1640 ίκετεύσαμεν,
3008 1568 3105 1624 καὶ
3138 1569 3235 1622 νῦν
3272 1568 3639 1633 ἱκετεύοντες.
3666 1562 3901 1634 Δεῖξον,

594 1651 784 1706 btrum
818 1654 991 1722 gloria
1045 1665 1136 1711 tua
1166 1655 1393 1727 dignum
1424 1675 1439 1726 ;
1480 1659 2066 1732 promissaaditnple,
2124 1669 2182 1718 ut

2292 1661 2486 1716 τέκνον
2523 1659 2706 1732 ἡμῶν,
2755 1659 2868 1715 τῶν
2893 1659 3005 1714 σῶν
3053 1661 3319 1733 ῥημάτων
3368 1662 3430 1716 τὸ
3461 1662 3618 1725 τέλος
3656 1661 3903 1724 ἐπάξιον

596 1745 735 1800 Deus
788 1748 1162 1816 gloriticetur,
1198 1766 1398 1806 nomen
1451 1760 1607 1807 tuum
1661 1752 1976 1808 immortale
2042 1755 2182 1825 apud

2292 1754 2396 1825 τῆς
2430 1751 2826 1826 προσηκούσης
2863 1769 2951 1807 σοι
2975 1754 3157 1824 δόξης⁶
3192 1753 3483 1825 πλήρωσον
3516 1757 3615 1819 τὰς
3642 1756 3903 1826 ὑποσχέ-

594 1847 842 1907 posteros
862 1842 952 1897 ﬁat
967 1860 982 1901 :
1000 1859 1241 1914 grexque
1260 1844 1467 1901 Christi
1492 1844 1715 1915 duplex,
1743 1846 1960 1920 Bulgari
1982 1849 2182 1906 scilicet

2294 1864 2433 1911 σεις,
2464 1847 2555 1904 ῐνα
2610 1848 2707 1901 καὶ
2741 1847 2879 1912 Θεδς
2910 1847 3180 1920 δοξασθῇ,
3210 1850 3305 1901 καὶ
3332 1848 3391 1902 τὸ
3444 1848 3539 1904 σὺν
3567 1849 3742 1925 ὄνομα
3795 1849 3905 1919 γέ-

592 1950 657 1988 ne
718 1932 973 1999 Romani,
1012 1939 1307 2008 perniciem
1358 1941 1701 2010 Spiritualem
1744 1952 1798 1996 et
1845 1942 2182 2013 corporalem

2291 1957 2455 2012 νηται
2486 1941 2826 2012 ἀείμνηστον
2872 1939 2970 1995 καὶ
3019 1942 3079 1994 ὲν
3125 1942 3245 2006 ταῖς
3275 1940 3472 1996 ιπειτα
3514 1946 3751 2011 γενεαῖς,
3792 1946 3903 1997 καὶ

593 2025 861 2097 i-tfugiens
902 2032 1239 2100 corporalem
1277 2033 1519 2103 requiem
1548 2048 1672 2088 cum
1716 2034 1986 2102 spirituali
2016 2036 2182 2090 salute

2292 2032 2585 2105 ἀμφότερα
2625 2032 2698 2086 τὰ
2730 2031 2958 2106 ποίμνια
2986 2032 3083 2087 τοῦ
3124 2032 3389 2107 Χριστοῦ,
3426 2033 3576 2103 λέγω
3612 2036 3677 2105 δὴ
3723 2035 3789 2089 τό
3832 2053 3902 2089 τε

594 2122 857 2176 obtineat.
894 2121 1118 2180 Minime
1168 2128 1313 2182 enim
1376 2137 1432 2183 te
1495 2126 1632 2201 fugit
1694 2128 1958 2199 Bulgaros
1998 2140 2051 2185 et
2085 2130 2182 2185 flor

2291 2123 2622 2198 Βουλγάρων
2653 2124 2811 2188 ἔθνος
2855 2124 2950 2178 καὶ
2978 2125 3041 2179 τὸ
3100 2125 3387 2195 Ῥωμαίων
3420 2128 3597 2203 γένος,
3628 2126 3903 2181 ἀπαλλα-

595 2228 789 2271 manos
827 2233 931 2273 non
988 2220 1151 2274 modo
1214 2222 1558 2291 corporalem
1602 2221 1767 2278 vitam
1827 2223 2182 2281 miserrimam

2291 2219 2431 2289 γῶσι
2488 2217 2726 2289 ψυχικοῦ
2766 2219 2865 2272 καὶ
2919 2219 3242 2286 σωματικοῦ
3293 2218 3552 2287 ὀλέθρου,
3596 2220 3695 2273 καὶ
3742 2218 3903 2273 irro-

595 2305 817 2377 habt-rc,
852 2312 944 2366 sed
969 2316 1158 2376 etiam,
1195 2314 1279 2368 hei
1314 2316 1447 2368 mihi
1486 2314 1827 2372 infortunato
1868 2318 1882 2373 ι
1913 2320 2182 2389 spirituali

2293 2312 2534 2367 λαύσωσι
2578 2314 2675 2367 καὶ
2718 2310 3051 2383 σωματικῆς
3091 2311 3357 2377 ἀνέσεως,
3383 2314 3478 2366 καὶ
3498 2313 3739 2383 ψυχικῆς
3776 2331 3901 2367 σω-

596 2401 702 2457 vita
722 2405 943 2472 privari.
966 2408 1115 2467 liam.
1139 2408 1212 2464 liti
1233 2409 1327 2474 mi,
1349 2411 1760 2481 exstinguamus
1777 2412 1871 2467 ira:
1887 2411 2182 2483 flammam,

2291 2408 2511 2479 τηρίας.
2546 2403 2671 2461 Οἵδε
2716 2407 2826 2478 γάρ
2861 2408 2895 2479 ἡ
2947 2407 3016 2479 σὴ
3058 2406 3273 2479 μεγάλη
3305 2406 3546 2473 σύνεσις,
3573 2409 3657 2460 ὄτι
3692 2408 3756 2462 οὐ
3794 2409 3901 2478 μό-

2290 2519 2382 2555 νον
2407 2501 2506 2572 τὴν
2539 2502 2866 2573 σωματικὴν
2894 2499 3043 2570 ζωὴν
3062 2500 3311 2563 ἐλεεινῶς
3355 2501 3682 2572 ζημιοῦνται
3738 2501 3900 2556 Ῥω-

2293 2598 2444 2665 μαῖοι
2491 2595 2587 2649 καὶ
2628 2594 2935 2666 Βούλγαροι
2969 2593 3237 2666 ἀλλήλους
3268 2593 3706 2665 ἀποσφάζοντες,
3742 2596 3901 2653 ἀλλὰ

594 2686 814 2753 quando
834 2689 913 2742 ira
940 2700 1106 2753 mota,
1130 2690 1237 2745 alia
1268 2693 1321 2745 in
1350 2691 1455 2745 alia
1484 2692 1694 2749 irruere
1723 2698 1776 2749 et
1800 2704 2033 2761 certare,
2063 2713 2182 2767 qua:

2291 2688 2517 2758 καὶτῆς
2545 2688 2747 2760 ψυχῆς,
2788 2689 2937 2759 οῐμοι
2984 2688 3063 2758 τῷ
3122 2689 3314 2755 ἀλοίῳ,
3366 2690 3898 2761 ἀποστερίσκονται·

595 2779 741 2835 brevi
777 2781 914 2837 iram
966 2781 1289 2853 futuresque
1317 2786 1582 2841 sedabant
1612 2797 1668 2843 et
1701 2787 1767 2842 ad
1792 2802 1977 2857 pacem
2003 2803 2182 2846 rever-

2291 2782 2422 2848 Ναὶ,
2451 2782 2649 2835 τέκνον
2679 2798 2809 2853 μου,
2837 2779 3131 2851 σϐἐσωμεν
3166 2779 3263 2833 τοῦ
3312 2779 3486 2851 Θυμοῦ
3517 2783 3619 2851 τὴν
3680 2782 3898 2852 φλόγα,

596 2876 872 2932 tebantur.
945 2877 1081 2932 Cum
1134 2888 1315 2933 autem
1366 2879 1627 2934 animalia
1682 2883 1893 2937 ratione
1935 2883 2182 2938 carentia

2291 2875 2357 2947 ἣν
2392 2875 2502 2929 εἴτε
2542 2876 2785 2946 πονηρὸς
2813 2874 3046 2947 δαίμων,
3078 2876 3188 2929 εἴτε
3248 2874 3528 2945 ἄνθρωποι
3580 2876 3899 2945 ἀνέφλεξαν

595 2971 732 3025 iram
760 2970 1066 3036 continere,
1111 2972 1273 3042 eique
1306 2972 1466 3026 tinem
1498 2973 1779 3042 imponere
1811 2975 2007 3037 sciant.
2037 2986 2091 3032 et
2114 2980 2180 3032 ad

2291 2970 2550 3042 ἄφρονες.
2596 2968 2742 3039 Ἐγὼ
2794 2970 2890 3025 καὶ
2926 2970 3143 3041 ἀλόγων
3189 2972 3321 3043 γένη
3381 2971 3694 3043 ἐθεασάμην
3747 2977 3899 3028 ποτὲ

594 3076 779 3131 picem
807 3076 1221 3129 convertantur,
1244 3081 1372 3119 num
1398 3066 1675 3132 ltOtnines,
1699 3083 1839 3135 quos
1862 3069 2000 3123 ratio
2020 3069 2177 3141 regit,

2291 3066 2393 3119 ὑπὸ
2425 3064 2600 3137 θυμοῦ
2629 3065 2947 3137 κινηθέντα,
2974 3070 3070 3121 καὶ
3094 3067 3214 3121 κατ’
3271 3066 3521 3137 ἀλλήλων
3550 3070 3897 3139 ὁρμήσαντα

595 3156 685 3224 qui
723 3172 890 3211 unum
912 3156 1077 3211 Deum
1098 3160 1449 3222 confitentur,
1486 3177 1596 3215 uno
1634 3161 1837 3216 Christi
1881 3160 1972 3217 Dei
2003 3164 2175 3219 nostri

2291 3160 2381 3212 καὶ
2416 3158 2727 3231 μαχόμενα,
2768 3159 2887 3215 ἀλλ’
2917 3160 3232 3215 ἐπαύσαντο
3262 3160 3424 3214 πάλιν
3453 3160 3546 3216 τοῦ
3576 3160 3755 3233 ουμοῦ
3788 3165 3897 3218 καὶ

593 2510 757 2567 quam
820 2500 935 2554 sive
981 2504 1251 2560 scelestus
1275 2503 1551 2570 diabolus,
1585 2506 1699 2563 sive
1734 2506 1989 2563 homines
2018 2523 2188 2565 sensu

594 2601 842 2648 caretues
891 2596 1315 2653 suscitaverunt.
1341 2599 1453 2668 Ego
1488 2608 1541 2655 et
1590 2601 1695 2653 vidi
1738 2602 2039 2656 animantia
2092 2604 2192 2658 ali-

595 3250 817 3305 nomine
849 3250 1208 3321 appelluntur,
1233 3256 1493 3320 quoniam
1528 3269 1677 3306 arma
1726 3254 1777 3308 in
1806 3254 2035 3309 invicem
2061 3270 2179 3310 mo-

592 3345 791 3409 verint,
816 3358 1034 3414 semper
1058 3348 1375 3411 movebunt,
1414 3347 1620 3401 mutuis
1650 3346 1889 3402 cmdibus
1923 3348 2043 3404 sine
2073 3348 2180 3403 fine

594 3438 915 3506 gloriantes,
941 3454 1218 3507 nunquam
1250 3441 1460 3495 ratione
1486 3441 1617 3509 quid
1650 3442 1720 3495 sit
1745 3441 1877 3511 ipsis
1904 3443 2035 3496 utile
2056 3442 2177 3497 exi-

594 3532 1112 3603 stimabunt,ueque
1145 3533 1461 3603 aliquando,
1508 3534 1633 3589 licet
1674 3536 1882 3589 tardius
1922 3536 2176 3605 sanguini

593 3637 824 3699 parcent
862 3628 1123 3683 llsmduc
1152 3637 1341 3682 natura
1362 3627 1600 3682 humana
1626 3630 1873 3700 dignum,
1895 3631 1960 3683 ad
1986 3629 2180 3699 imagi-

595 3737 718 3779 nem
745 3722 836 3778 Dei
860 3721 1115 3790 formata,
1136 3722 1220 3779 cui
1244 3723 1380 3776 ratio
1404 3723 1675 3785 peculiare
1696 3724 1903 3781 decus?
1924 3722 2029 3779 Sed
2047 3724 2179 3794 quid

594 3818 896 3899 longiorem
949 3819 1233 3887 epistolam
1288 3818 1475 3873 facio?
1519 3818 1662 3873 Satis
1694 3821 1801 3875 sint
1829 3835 1950 3889 qua:
1976 3821 2181 3888 scripta

594 3918 745 3966 sunt.
808 3909 883 3963 Ex
942 3910 1051 3964 Deo
1096 3909 1240 3963 enim
1300 3908 1516 3964 conﬁdo
1580 3925 1667 3965 res
1717 3909 1788 3964 ita
1833 3909 2085 3982 futuras,
2125 3920 2183 3965 nt

595 4000 783 4056 dixisti
809 4000 1039 4070 loquens
1064 4001 1130 4054 ad
1162 4001 1526 4055 humilitatem
1555 4016 1728 4056 meam
1754 4010 1806 4055 et
1836 4001 1903 4056 ad
1931 4010 2179 4057 nostrum

597 4088 982 4159 imperatorem
1022 4088 1130 4145 Deo
1165 4100 1422 4153 amatum,
1451 4090 1785 4162 fratremque
1806 4092 1900 4147 tibi
1919 4092 2182 4149 dilectum

596 4192 649 4237 et
682 4199 781 4254 pro
834 4185 1030 4239 talibus
1053 4184 1262 4241 meritis
1286 4185 1475 4254 longos
1497 4186 1594 4240 tibi
1629 4201 1658 4239 a
1694 4185 1802 4241 Deo
1833 4187 2185 4256 exposcimus

595 4277 906 4333 felicitatem
936 4278 988 4332 in
1017 4277 1117 4334 hac
1138 4279 1265 4344 vita,
1290 4289 1341 4333 et
1362 4280 1412 4331 in
1446 4278 1629 4333 futura
1661 4278 2183 4336 illiushaereditatem

2285 3250 2382 3304 τοῦ
2453 3252 2750 3322 μάχεσθαι,
2806 3252 2902 3305 καὶ
2942 3250 3291 3322 κατέστησαν
3334 3250 3475 3321 πρὸς
3520 3249 3583 3304 τὸ
3644 3250 3893 3321 ἥμερον.

2287 3339 2446 3409 Εῐτα,
2470 3346 2664 3398 τέκνον
2716 3362 2843 3416 μου,
2878 3346 2948 3397 τὰ
2991 3343 3091 3414 μὲν
3123 3344 3293 3411 ἄλογα
3334 3344 3410 3414 μὴ
3440 3344 3760 3416 κεκτημένα
3796 3342 3897 3398 λό-

2287 3454 2383 3506 γον
2404 3438 2670 3509 επὲχοντα
2716 3440 2811 3490 τὸν
2841 3436 3037 3507 θυμὸν,
3082 3436 3201 3490 ἀλλ’
3223 3436 3328 3489 ὑπὸ
3366 3436 3595 3505 ἀλογίας
3629 3435 3891 3505 ἀγόμενα

2288 3533 2614 3588 ἐπίστανται
2665 3531 2758 3585 τοῦ
2815 3532 2991 3603 Θυμοῦ
3036 3530 3375 3596 ἀπόπαυσιν,
3449 3531 3549 3585 καὶ
3593 3530 3696 3601 τῆς
3752 3533 3894 3586 κατ’

2288 3625 2537 3696 ἀλλήλων
2566 3626 2896 3694 ἀφίστανται
2919 3624 3121 3695 μάχης,
3148 3625 3242 3678 καὶ
3278 3622 3708 3694 μεταϐάλλονται
3735 3622 3890 3693 πρὸς

2288 3719 2532 3788 ε’ρήνηγ
2567 3716 2851 3788 ἄνθρωποι
2882 3715 2938 3770 δὲ
2976 3716 3119 3787 λόγῳ
3149 3714 3587 3785 κυϐερνώμενοι,
3613 3715 3710 3769 ἕνα
3742 3715 3891 3768 Θεὸν

2289 3808 2700 3881 ὁμολογοῦντες,
2740 3810 2818 3863 ἑνὶ
2843 3810 3071 3880 ὀνόματι
3104 3807 3183 3879 τῷ
3217 3807 3314 3860 τοῦ
3341 3807 3583 3880 Χριστοῦ
3609 3807 3706 3861 καὶ
3734 3807 3888 3865 Θεοῦ

2291 3903 2449 3974 ἡμῶν
2503 3901 2957 3973 ἐπικεκλημένοι,
3013 3902 3151 3955 διότι
3193 3900 3441 3971 ἔφθασαν
3469 3900 3593 3955 κατ’
3627 3898 3889 3973 ἀλλήλων

2289 3995 2432 4050 δπλα
2468 3997 2714 4065 κινῆσαι,
2760 3994 2975 4058 τούτοις
3017 3996 3318 4067 χρήσονται
3373 3993 3462 4049 διὰ
3499 3993 3729 4059 παντὸς,
3779 3995 3887 4051 καὶ

2289 4095 2413 4155 ταῖς
2448 4091 2567 4146 κατ’
2596 4090 2847 4160 ἀλλήλων
2878 4090 3116 4159 σφαγαῖς
3137 4086 3327 4159 ὥσπερ
3361 4086 3731 4169 ἐντρυφῶντες
3758 4086 3891 4143 διαο

2292 4185 2628 4248 τελίσουσιν,
2647 4183 2763 4239 ἀλλ’
2796 4182 2917 4257 οὐχὶ
2936 4182 3186 4254 λογισμῷ
3198 4180 3446 4254 κρινοῦσι
3476 4183 3546 4236 τὰ
3567 4184 3882 4254 πρέποντα,

2293 4284 2388 4335 καὶ
2416 4279 2515 4350 ὀψέ
2547 4294 2678 4332 ποτε
2702 4278 2801 4347 τῆς
2839 4275 2961 4333 κατ’
3012 4276 3263 4348 ἀλλήλων
3295 4278 3513 4347 σφαγῆς
3544 4274 3883 4345 ἀφέξονται;

596 4372 799 4439 gloriae,
834 4387 955 4441 quae
1004 4384 1233 4426 cunctos
1277 4371 1529 4427 homines
1588 4371 1696 4425 Deo
1741 4380 1925 4442 gratos
1958 4382 2165 4427 manet.

2291 4372 2383 4426 (at
2401 4370 2500 4424 ποῦ
2530 4368 2687 4424 τοῦτο
2715 4366 2866 4436 ἀξιον
2896 4366 2998 4438 τῆς
3025 4366 3375 4440 ἀνθρωπίνης
3388 4367 3714 4438 φύσεωςτῆς
3730 4384 3849 4421 κατ
3868 4365 3888 4383 ⁸

596 4464 783 4518 εἰκόνα
838 4463 975 4518 Θεοῦ
1027 4464 1478 4530 διαπλασθείσης,
1529 4462 1624 4516 καὶ
1670 4462 1815 4533 λόγῳ
1834 4461 2247 4534 τετιμημένηςό
2302 4462 2468 4519 Ἀλλὰ
2499 4462 2551 4515 τί
2581 4460 2849 4534 μακρύνω
2887 4460 2947 4514 τδ
2982 4461 3259 4535 γράμμα;
3324 4457 3711 4532 ’Δρκεσθῶμεν
3756 4462 3888 4529 τοῖς

598 4559 933 4629 εἰρημένοις·
968 4559 1206 4612 πέποιυα
1237 4558 1347 4629 γὰρ
1389 4560 1447 4613 ἐν
1480 4557 1620 4627 Θεῷ,
1668 4558 1748 4613 ὅτι
1770 4556 1964 4629 ὥσπερ
1990 4557 2185 4630 παρὼν
2222 4557 2493 4628 έλάλησας
2522 4557 2663 4628 πρὸς
2695 4556 2795 4628 τὴν
2828 4554 2988 4627 ἡμῶν
3057 4553 3418 4622 ταπείνωσιν,
3453 4555 3548 4610 καὶ
3605 4552 3744 4625 πρὸς
3778 4551 3883 4607 τδν

598 4653 951 4724 φιλόχριστον
975 4652 1201 4723 βασιλέα
1274 4649 1433 4723 ἡμῶν
1462 4651 1556 4704 τὸν
1616 4652 1699 4705 σοὶ
1762 4651 2105 4719 ποθούμενον
2162 4650 2415 4723 ἀδελφὸν,
2460 4651 2603 4705 οὕτω
2633 4650 2730 4705 καὶ
2763 4650 3079 4720 γενήσεται·
3122 4645 3242 4701 ἀνθ’
3291 4638 3368 4701 ὧν
3419 4644 3765 4717 ἐπευχόμεοά
3788 4664 3882 4701 σοι

601 4749 927 4821 μακρότητα
954 4748 1203 4819 ἡμερῶν,
1249 4748 1343 4799 καὶ
1403 4746 1545 4800 κατά
1577 4746 1677 4815 τὴν
1720 4745 2001 4812 παροῦσαν
2071 4745 2219 4818 ζωὴν
2256 4744 2573 4818 εὐετηρίαν,
2614 4745 2711 4799 καὶ
2752 4744 2811 4798 ιν
2839 4745 2907 4816 τῇ
2956 4738 3231 4814 μελλούση
3306 4739 3671 4812 κληρονομίαν
3709 4737 3880 4811 δόξης

599 4844 696 4913 τῆς
722 4842 1094 4913 ἀποκειμένης
1132 4841 1271 4893 πᾶσι
1306 4843 1417 4903 τοῖς
1458 4838 1536 4909 τῷ
1568 4840 1690 4910 Θεῷ
1719 4840 2177 4912 εὐαρεστήσασιν.

1197 4931 1393 4987 XXXI.
1434 4931 1644 4987 Eidem.

671 5033 825 5102 Smpe
866 5031 965 5087 tibi
1012 5046 1133 5103 qua:
1183 5029 1568 5086 existimabant
1626 5037 1681 5082 et
1727 5043 1872 5084 nunc
1926 5029 2184 5085 existimo

601 5128 843 5181 utilia'et
871 5125 1268 5185 convenientia,
1293 5124 1510 5192 scripsi.
1548 5122 1717 5176 Hodie
1741 5120 1809 5175 de
1853 5122 2016 5178 rebus
2046 5138 2183 5191 quas

601 5221 708 5293 jam
769 5218 1014 5285 tractavi;
1063 5218 1309 5271 ultimam
1360 5216 1541 5271 scribo
1608 5216 1932 5286 epistolam,
1997 5215 2184 5272 dolore

604 5326 699 5363 cor
732 5326 912 5365 meum
941 5319 1165 5380 urgente
1197 5318 1415 5378 propter
1450 5307 1763 5362 communia
1802 5309 1939 5361 mala
1983 5309 2182 5377 quibus

606 5402 838 5471 populus
888 5399 1009 5463 Dei,
1043 5416 1135 5455 seu
1170 5400 1458 5469 llulgarus,
1487 5415 1581 5453 seu
1612 5398 1893 5454 Romanus
1920 5400 2185 5454 exhauri-

608 5508 715 5548 tur.
758 5491 901 5549 Gens
932 5497 1075 5549 enim
1118 5495 1477 5565 Dulgarorum
1513 5508 1637 5547 vere
1665 5494 1895 5562 populus
1931 5493 2022 5548 Dei
2054 5504 2137 5549 est
2166 5533 2181 5559 ,

608 5589 699 5657 qui
726 5586 847 5643 illos
882 5590 1098 5659 proprio
1130 5589 1393 5658 sanguine
1450 5586 1696 5651 redemit,
1730 5586 2035 5654 fratresque
2058 5588 2185 5643 fecit

608 5696 705 5749 per
738 5679 972 5749 Spiritus
998 5681 1170 5736 sancti
1212 5682 1581 5750 adoptionem,
1623 5679 1746 5732 licet
1778 5685 1830 5730 tu
1886 5679 1978 5731 tibi
2013 5693 2182 5748 popu-

615 5776 725 5828 lum
760 5792 999 5847 arroges,
1034 5777 1148 5849 qui,
1181 5774 1340 5830 hodie
1371 5773 1659 5843 imperium
1704 5770 1907 5827 habens
1943 5782 2064 5827 cras
2090 5771 2181 5826 da-

2806 4932 2934 4987 ΛΜ.
2979 4926 3066 4996 Τῷ
3118 4925 3303 4993 αὐτῷ.

2362 5027 2618 5101 Ἔγραψα
2644 5025 2927 5089 πολλάκις,
2947 5023 3023 5087 ὡς
3048 5021 3151 5093 μὶν
3176 5020 3287 5091 ἐγὼ
3307 5017 3740 5091 δνόμιζον,ἀλλά
3772 5022 3877 5075 καὶ

2283 5121 2367 5176 ετι
2393 5119 2625 5191 νομίζω,
2645 5120 2740 5175 καὶ
2757 5116 3012 5186 ὠφέλιμα
3042 5116 3139 5170 καὶ
3158 5113 3532 5186 συμφέροντα.
3552 5111 3759 5186 Γράφω
3770 5114 3880 5170 νῦν

2283 5214 2379 5268 ἐπὶ
2401 5214 2587 5277 πᾶσιν,
2608 5207 2690 5275 οἷς
2719 5208 3072 5282 προέγραψα,
3090 5207 3250 5262 τοῦτο
3264 5206 3330 5278 δὴ
3348 5206 3411 5262 τδ
3426 5207 3657 5279 ισχατον
3686 5208 3877 5281 γράμ-

2290 5326 2366 5380 μα
2387 5348 2401 5374 ,
2436 5307 2554 5377 ἅμα
2616 5306 2715 5375 μὲν
2750 5303 3072 5374 κινούμενος
3102 5301 3209 5356 ὑπὸ
3232 5302 3332 5371 τῆς
3356 5302 3415 5355 ὲν
3437 5303 3502 5373 τῇ
3528 5302 3635 5373 ιμῇ
3665 5302 3873 5377 καρδίᾳ

2284 5400 2621 5472 ἔγκειμένης
2693 5398 2785 5452 διὰ
2839 5397 3043 5460 παντὸς
3092 5396 3284 5467 ὀδύνης
3333 5396 3493 5468 χάριν
3523 5394 3631 5449 τῶν
3671 5397 3876 5451 κοινῶν

2285 5494 2474 5548 παθῶν
2525 5492 2635 5546 τῶν
2705 5488 3223 5545 καταδαπανῶντων
3271 5489 3368 5544 τὸν
3419 5489 3553 5543 λαὸν
3596 5489 3692 5545 τοῦ
3729 5488 3872 5544 Θεοῦ

2282 5587 2373 5640 τὸν
2401 5588 2461 5639 ὲν
2499 5583 2833 5654 Βουλγάροις
2868 5583 2961 5636 καὶ
2994 5578 3291 5651 Ῥωμαίοις
3331 5580 3872 5653 συναριθμούμενον.

2296 5676 2540 5736 Ἐκεῖνον
2594 5676 2703 5746 γάρ
2732 5677 2847 5730 ἔστι
2879 5673 3007 5739 λαὸς
3039 5673 3254 5744 ἀληθῶς
3293 5672 3387 5728 καὶ
3422 5673 3484 5728 τδ
3536 5672 3873 5746 Βουλγάρων

2283 5772 2438 5841 γένος
2466 5770 2557 5825 τοῦ
2594 5768 3027 5839 ἑξαγοράσαντος
3053 5767 3249 5833 αὐτοὺς
3286 5767 3472 5837 οἰκείῳ
3514 5768 3737 5838 αἵματι,
3773 5763 3873 5819 τοῦ
