4068 6176
520 205 621 268 199

1649 206 1956 269 NlCOLAI
1997 210 2106 270 CP.
2149 206 2664 270 PATRIARCHE

3706 201 3876 265 200

514 319 738 376 deberet
786 328 839 375 ct
896 320 1285 376 administrare
1316 334 1403 376 res
1439 335 1632 378 omnes
1663 337 1786 394 quae
1816 323 2098 379 ministro-

2216 322 2451 395 παλατίῳ
2504 323 2790 393 προσεῖναι
2825 320 2922 392 τὴν
2953 319 3267 376 διοικοῦσαν
3318 318 3384 372 τὰ
3436 318 3907 375 ἐπιϐάλλοντα

514 428 637 469 rum
685 423 902 468 tuorum
960 413 1286 484 conjugibus
1323 414 1685 481 incumbunt,
1734 418 1955 470 tertium
2007 431 2103 487 po-

516 509 622 564 tuit
672 506 899 563 concedi
939 508 1375 572 matrimonium,
1434 509 1705 577 siquidem
1765 508 1874 565 lilia
1926 508 1981 563 in
2036 524 2105 564 eo

514 613 628 658 crat
662 614 717 655 nt
754 612 1035 672 paternam
1079 600 1302 656 domum
1338 600 1690 671 relinqueret.
1746 601 1901 657 Adde
1954 599 2105 672 quod

518 696 601 747 vel
635 696 777 748 sacri
814 708 1056 747 canones
1112 707 1221 745 non
1268 691 1504 746 .omnino
1566 691 1864 761 prohibent
1918 692 2105 747 tertias

521 788 761 857 nuptias,
817 787 913 840 sed
970 786 1275 853 indulgent,
1330 784 1458 839 licet
1505 793 1765 855 tanquam
1821 784 2102 841 sordidum

518 879 651 948 quid
684 888 739 932 et
783 876 1027 932 Ecclesia
1065 878 1353 947 indignum
1384 892 1481 932 eas
1530 878 1969 935 considerantes.
2027 878 2107 936 De

518 980 716 1039 quarto
759 980 942 1025 autem
999 971 1371 1033 matrimonio.
1437 970 1584 1041 quod
1640 971 1806 1026 etiam
1867 972 2104 1043 Agareni

518 1072 742 1124 norunt,
779 1065 906 1116 licet
938 1078 1045 1115 non
1075 1063 1254 1131 quoad
1283 1062 1611 1120 divisionem
1657 1079 1917 1129 uxorum,
1949 1080 2105 1135 qure-

516 1171 642 1208 nam
694 1156 800 1209 erit
847 1154 1167 1209 excusatio?
1216 1156 1296 1209 Ad
1322 1170 1615 1226 quemnam
1658 1167 1982 1227 prrelextum
2018 1174 2105 1213 re-

516 1259 739 1298 currere
769 1244 975 1310 licebit,
1028 1246 1330 1314 prasertim
1373 1247 1464 1300 ubi
1506 1249 1690 1303 scelus
1732 1249 1801 1304 ad
1831 1265 2103 1305 summam

516 1335 837 1405 dignitatem
888 1352 998 1406 qua
1042 1338 1249 1408 gaudes
1301 1348 1686 1410 comparatum
1719 1340 1929 1397 fuerit?
1986 1341 2108 1399 Rex

516 1428 717 1483 dicitur
748 1444 871 1484 esse
900 1428 988 1483 lex
1024 1444 1132 1484 non
1164 1430 1389 1500 scripta,
1443 1432 1587 1487 haud
1640 1443 1701 1488 ut
1730 1434 1904 1506 legem
1940 1436 2110 1492 violet

517 1530 575 1577 et
598 1521 963 1591 quodcunque
988 1520 1229 1576 lubuerit
1274 1522 1463 1590 faciat,
1504 1524 1600 1580 sed
1639 1524 1805 1583 factis
1840 1528 1957 1583 suis
1984 1544 2108 1599 ιιιιω

518 1613 653 1682 legis
701 1627 809 1669 non
862 1622 1082 1684 scriptae
1129 1631 1323 1669 norma
1371 1617 1707 1688 diriguntur,
1754 1622 1952 1676 similis
1984 1637 2107 1677 esse

2207 416 2316 471 τῶν
2348 417 2459 470 σῶν
2513 418 2794 489 ἀρχόντων
2828 416 2944 475 ταῖς
2968 412 3238 485 γυναιξὶν,
3271 414 3384 468 ἔστι
3446 412 3909 484 συγχώρησις

2209 507 2286 581 τῷ
2330 510 2524 580 τρίτῳ,
2581 509 2680 578 τῆς
2753 507 3029 578 θυγατρὸς
3088 505 3401 561 ικδιδοσθαι
3469 505 3898 577 μελλούσης.

2210 603 2357 675 Πλὴν
2382 604 2465 656 ὅτι
2501 605 2599 656 καὶ
2634 602 2774 675 ἱεροὶ
2803 602 3029 666 κανόνες
3056 600 3148 654 τὸν
3181 600 3365 669 τρίτον
3409 601 3510 653 οὐκ
3552 597 3897 654 ἀποσάλο

2211 695 2365 749 λουσι
2396 693 2706 758 παντελῶς,
2762 692 2904 749 ἀλλά
2936 691 3340 765 συγχωροῦσιν,
3393 692 3444 745 εἰ
3471 693 3566 746 καὶ
3602 690 3703 754 ὡς
3754 687 3896 761 ῥύ-

2209 804 2315 841 πον
2375 786 2731 858 παρορῶντες
2784 790 2885 860 τῆς
2958 785 3314 857 Ἑκκλησίας,
3372 785 3514 857 ὑπὲρ
3594 784 3661 837 δὲ
3742 777 3886 835 τοῦ

2207 880 2474 946 τετάρτου
2521 878 2617 930 καὶ
2648 875 2679 930 6
2715 879 2830 940 τοῖς
2889 876 3217 947 Ἀγαρηνοτς
3273 873 3576 946 γνώριμον,
3615 872 3681 925 εἰ
3737 871 3883 922 καὶ

2213 973 2290 1044 μὴ
2339 973 2482 1025 κατά
2528 970 2798 1042 διαίρεσιν
2838 968 3140 1038 γυναικῶν,
3195 967 3282 1032 τίς
3329 966 3628 1035 ἀπολογίας
3686 959 3881 1019 Ἐπὶ

2209 1063 2372 1120 ποίαν
2401 1062 2457 1119 δὲ
2492 1061 2951 1133 καταφευξόμεθα
2998 1060 3275 1133 πρόφασιν
3298 1100 3315 1126 ,
3358 1058 3600 1129 μάλιστα
3667 1053 3871 1126 πρὸς

2206 1156 2271 1210 τδ
2301 1153 2537 1226 μέγεθος
2582 1153 2685 1224 τῆς
2718 1153 2815 1224 σῆς
2862 1152 3025 1222 δόξης
3052 1152 3149 1205 τοῦ
3188 1150 3501 1225 μιάσματος
3547 1145 3920 1242 cgnato-

2212 1250 2422 1321 μένους
2476 1246 2773 1310 Βασιλεὺς,
2826 1247 3015 1316 φασὶν.
3066 1247 3318 1314 ἄγραφος
3346 1244 3535 1313 νόμος.
3580 1242 3690 1312 οὐχ
3736 1242 3907 1327 τνιξ

2210 1341 2508 1414 παρανομῇ
2569 1340 2666 1394 καὶ
2725 1339 2943 1409 πράττῃ
3009 1336 3201 1402 ἁπλῶς
3256 1338 3325 1391 τά
3354 1334 3645 1403 δοκοῦντα,
3683 1334 3861 1391 ἀλλ’
3892 1360 3905 1371 -

2209 1435 2353 1490 ὥστε
2430 1434 2683 1486 τοιοῦτον
2746 1426 2889 1485 εἴναι
2934 1428 3025 1486 διὰ
3070 1430 3181 1484 τῶν
3225 1428 3405 1500 ἔργων
3465 1427 3638 1483 αὑτοῦ
3700 1424 3857 1478 τῶν
3924 1495 3933 1503 ⁸

2209 1527 2504 1600 ἀγράφων,
2546 1520 2658 1590 οἷος
2692 1526 2721 1579 6
2750 1528 2915 1596 νόμος
2951 1528 2981 1578 6
3009 1523 3314 1594 ἔγγραφος.
3359 1523 3423 1577 Ei
3480 1521 3591 1592 γὰρ
3649 1518 3858 1590 βασι-

2209 1621 2337 1684 λεὺς
2383 1621 2495 1674 τῶν
2528 1620 2712 1690 νόμων
2758 1618 2952 1691 ἐχθρὸς
2983 1619 3077 1672 καὶ
3112 1616 3396 1687 πολέμιος,
3442 1614 3527 1678 τις
3553 1613 3683 1677 τοὺς
3724 1610 3851 1664 νό-

516 1706 678 1761 dehet
710 1706 813 1776 legi
847 1707 1089 1777 scriptm.
1167 1709 1386 1764 Etenim
1443 1728 1536 1767 rex
1585 1713 1632 1769 si
1667 1714 1878 1785 legibus
1907 1714 2102 1770 adver-

2216 1730 2346 1785 μους
2358 1689 2688 1784 φοϐήσεταις
2718 1710 2790 1764 Ἦ
2806 1689 2926 1780 ουχὶ
2943 1709 3103 1763 τοῦτο
3120 1706 3419 1763 ἀκόλουθον
3448 1709 3510 1759 τὸ
3539 1708 3676 1777 πρὸς
3702 1703 3835 1767 οὓς

519 1809 695 1862 satur,
722 1798 977 1869 quisnam
1015 1802 1354 1857 reverebitur
1385 1804 1546 1859 illas?
1601 1804 1794 1862 Nonne
1823 1807 2107 1879 consequi-

518 1896 610 1942 tur
658 1890 992 1956 necessario,
1045 1908 1182 1961 quas
1231 1894 1378 1964 leges
1422 1895 1676 1967 princeps
1720 1899 1905 1954 hostili
1939 1901 2107 1956 modo

520 1982 825 2051 infregerit,
858 1987 1079 2039 easdem
1110 1987 1276 2041 etiam
1313 2003 1340 2041 a
1367 1989 1632 2060 subjectis
1670 1991 1827 2047 nihili
1856 1993 2103 2049 hahitum

520 2075 611 2139 iri,
645 2074 771 2130 licet
796 2093 955 2132 nemo
993 2078 1061 2133 ad
1094 2078 1145 2132 id
1183 2080 1450 2149 cogatur?
1498 2082 1601 2139 [Ilii
1645 2100 1779 2140 vero
1804 2089 2108 2144 necessitas

520 2168 770 2240 quaedam
821 2181 876 2225 et
923 2171 1184 2242 impetus,
1236 2174 1540 2243 prasertim
1595 2187 1827 2244 naturae,
1873 2181 2103 2248 accedit,

522 2260 808 2331 quomodo
868 2280 976 2318 non
1033 2265 1100 2319 ad
1156 2266 1405 2321 eamdem
1464 2269 1735 2325 sentiendi
1799 2272 2109 2343 agendique

518 2353 788 2409 rationem
826 2355 1199 2418 inclinabunt.
1243 2359 1331 2413 cui
1373 2360 1678 2433 principem
1710 2378 1993 2421 summum
2025 2368 2110 2423 in-

519 2446 743 2517 dulgere
766 2448 999 2506 vident?

592 2539 691 2598 llis
715 2541 878 2598 dictis
909 2545 1133 2613 perrexi
1165 2545 1270 2602 hoc
1300 2551 1464 2606 modo
1496 2570 1511 2608 :
1548 2551 1872 2625 Considera,
1897 2554 2108 2627 quaso,

521 2632 693 2688 solem
726 2649 790 2689 ac
821 2639 1033 2703 stellas,
1086 2640 1235 2709 quod
1286 2643 1376 2697 ubi
1430 2660 1537 2699 una
1570 2661 1639 2701 ex
1689 2646 1777 2703 his
1817 2649 2110 2720 splendore

526 2726 796 2795 privatur.
828 2744 917 2785 res
941 2739 1024 2786 est
1058 2731 1262 2789 nullius
1296 2734 1407 2791 fere
1438 2740 1742 2808 momenti;
1775 2751 1832 2795 at
1882 2744 1973 2798 ubi
2005 2745 2108 2799 soli

526 2821 621 2875 tali
667 2821 799 2891 quid
834 2825 1117 2892 acciderit,
1167 2832 1478 2887 necessario
1530 2841 1679 2889 totus
1710 2834 1950 2891 mundus
1980 2838 2112 2892 cali-

2209 1806 2277 1861 ἃν
2309 1809 2338 1860 6
2367 1805 2554 1875 ἄρχων
2599 1802 2811 1874 ἐχθρῶς
2846 1802 2951 1876 ἔχῃ
3011 1801 3106 1856 καὶ
3141 1800 3442 1871 πολεμίως,
3496 1802 3632 1870 πρὸς
3674 1797 3844 1851 τού-

2206 1914 2333 1963 τους
2368 1897 2465 1951 καὶ
2491 1897 2554 1950 τδ
2587 1896 2905 1967 ὑποχείριον
2938 1895 3038 1965 τὴν
3063 1895 3260 1964 ὁμοίαν
3288 1893 3592 1961 φυλάσσειν
3622 1890 3844 1945 διάθε-

2209 2005 2315 2058 σιν,
2366 1989 2471 2044 κᾶν
2505 1988 2695 2061 μηδεὶς
2724 1990 2753 2041 6
2781 1987 3108 2058 βιαζόμενος
3148 1982 3218 2058 ᾗς
3266 1988 3397 2040 Ὅτε
3452 1985 3512 2038 δὲ
3562 1984 3659 2037 καὶ
3687 1983 3837 2055 βίᾳ.

2208 2084 2308 2137 καὶ
2342 2083 2582 2151 μάλιστα
2610 2080 2855 2150 φύσεως,
2887 2078 3009 2142 πῶς
3032 2079 3157 2148 οὐχὶ
3192 2078 3329 2151 πρὸς
3363 2079 3544 2131 ἐκεῖνο
3572 2074 3635 2129 τὸ
3672 2075 3835 2146 φρό-

2208 2194 2359 2250 νημα
2407 2174 2901 2247 ύπενεχθήσονται,
2966 2173 3104 2243 πρὸς
3156 2172 3185 2227 ὃ
3240 2172 3337 2225 καὶ
3390 2173 3419 2226 6
3464 2173 3653 2243 ἄρχων
3702 2173 3833 2240 τὴν

2210 2269 2387 2342 ῥοπὴν
2415 2268 2573 2341 l2m;

2282 2552 2514 2621 Ἔλεγον
2554 2548 2653 2605 καὶ
2684 2547 2899 2604 ταῦτα’
2974 2547 3181 2602 Ἐννόει
3228 2566 3318 2618 μοι
3374 2547 3469 2601 τὸν
3501 2546 3656 2619 ἥλιον
3697 2548 3807 2601 καὶ

2208 2647 2336 2709 τοὺς
2357 2646 2621 2716 ἀστέρας,
2640 2642 2737 2697 καὶ
2765 2644 2847 2697 ὅτι
2880 2642 3074 2714 ἀστέρι
3100 2644 3203 2712 μὲν
3224 2640 3634 2712 ὑποδραμόντος
3656 2642 3820 2704 τινος

2211 2739 2578 2806 σκιάσματος,
2628 2733 2784 2788 οὐδὲν
2839 2734 2899 2786 τὸ
2954 2734 3278 2801 γινόμενον*
3337 2732 3491 2803 ἡλίου
3533 2733 3588 2785 δὲ
3644 2732 3819 2786 τοῦτο

2212 2832 2497 2895 παθόντος,
2526 2826 2948 2899 σκυθρωπάζειν
2992 2828 3207 2895 ἀνάγκη
3234 2827 3327 2879 τὸν
3354 2827 3587 2896 κόσμον.
3628 2825 3818 2892 Πρεσ-

529 2914 656 2984 gine
707 2914 1027 2972 involvitur.
1077 2918 1244 2988 Item,
1307 2923 1355 2977 si
1406 2925 1654 2993 corporis
1703 2925 1810 2981 alia
1862 2928 2109 2984 membra

2216 2922 2426 2976 ετίοουν
2475 2921 2571 2973 καὶ
2635 2918 2722 2971 ὅτι
2781 2917 2887 2970 τῶν
2940 2917 3146 2970 λοιπῶν
3174 2916 3276 2970 τοῦ
3317 2916 3570 2987 σώματος
3624 2915 3818 2986 μελῶν

521 3006 776 3062 sordibus
816 3010 1156 3079 polluuntur,
1191 3028 1285 3069 seu
1328 3014 1532 3069 lateant
1563 3016 1754 3073 sordes
1780 3033 1875 3072 seu
1902 3034 2010 3073 non
2034 3020 2111 3074 la-

2219 3013 2632 3087 ρυπανθέντων,
2674 3011 2707 3080 ἢ
2739 3010 2998 3065 λανθάνει
3029 3013 3058 3063 6
3084 3009 3281 3080 ῥύπος,
3324 3010 3489 3081 ἧκᾶν
3542 3010 3620 3082 μὴ
3681 3010 3819 3063 λαν-

521 3106 693 3165 tcant,
744 3102 794 3154 id
849 3102 982 3155 nihil
1036 3102 1153 3159 fere
1201 3104 1426 3174 pudoris
1470 3106 1667 3172 habet;
1716 3108 1833 3177 jam
1873 3124 2006 3165 vero
2053 3108 2100 3165 si

2216 3107 2372 3179 θάνῃ,
2425 3103 2579 3157 οὐδὲν
2615 3105 2760 3171 μέγα
2805 3104 2887 3162 εἰς
2921 3100 3225 3172 αἰσχύνηνο
3280 3100 3375 3154 τοῦ
3414 3102 3473 3154 δι
3506 3102 3814 3172 προσώπου

523 3188 665 3247 τοι-ιο
697 3208 758 3247 os
786 3192 1134 3251 immunditie
1165 3198 1380 3264 horret,
1431 3200 1547 3255 ﬁeri
1584 3215 1689 3255 non
1742 3212 1922 3273 potest
1970 3206 2103 3272 quin

2216 3197 2611 3270 ὶρρυπωμένου
2661 3193 3057 3264 τυγχάνοντος,
3120 3194 3276 3249 οὐδὲν
3326 3196 3643 3268 εὑρίσκεται
3706 3199 3814 3267 τῆς

523 3299 741 3340 summo
802 3288 1005 3356 pudore
1057 3289 1461 3347 suﬂ'undamur.
1533 3292 1655 3349 Noli
1719 3295 1927 3366 igitur,
1977 3313 2104 3353 cum

527 3389 738 3443 magna
768 3376 969 3432 divina:
996 3378 1332 3436 haereditatis
1362 3398 1449 3449 os,
1494 3382 1606 3439 imo
1656 3393 1821 3455 caput
1845 3388 2109 3455 exsistas,

525 3481 726 3537 corpus
765 3467 970 3524 Christi
1008 3471 1357 3540 pudefacere,
1388 3486 1485 3530 aut
1512 3476 1658 3546 apud
1694 3478 1943 3535 inﬁdeles
1973 3494 2107 3550 quo.

526 3575 634 3630 que
666 3561 803 3616 adeo
834 3564 1197 3629 confundere,
1229 3576 1290 3619 ut
1330 3584 1361 3621 a
1394 3577 1483 3622 tua
1513 3569 1783 3641 dignitate
1814 3573 1943 3627 mali
1975 3573 2111 3626 vitu-

527 3659 660 3728 perii
691 3659 1037 3716 occasionem
1068 3660 1314 3734 arripere
1344 3674 1573 3734 queant.
1626 3663 1896 3723 Prnterea
1938 3669 2111 3724 multa

527 3749 637 3804 dixi
667 3765 789 3819 qua:
816 3765 1259 3806 commemorare
1304 3769 1414 3809 non
1470 3765 1556 3810 est
1606 3756 1771 3826 hujus
1823 3758 1951 3814 loci.
1992 3758 2113 3815 Uno

527 3843 721 3910 verbo,
774 3847 1052 3915 peroravi,
1096 3847 1423 3917 supplicavi,
1474 3851 1779 3905 obsecravi.
1837 3854 1975 3908 Cum
2016 3869 2117 3909 au-

528 3947 638 3992 tem
683 3936 770 3991 his
820 3937 1170 3993 sermonibus
1224 3940 1371 3995 illius
1414 3941 1749 3996 voluntatem
1794 3944 2114 4015 neutiquam

532 4028 677 4083 ﬂecti
710 4042 873 4097 posse
893 4028 1160 4094 viderem,
1195 4031 1300 4086 hoc
1328 4034 1492 4087 modo
1523 4047 1647 4087 eum
1681 4033 1910 4091 adortus
1939 4052 2060 4091 sum
2097 4054 2112 4093 :

532 4122 576 4180 0
624 4140 719 4179 rex
766 4133 822 4178 et
874 4124 981 4189 iiIi,
1036 4135 1329 4195 postquam
1384 4128 1655 4198 maiestati
1690 4140 1797 4184 tua:
1824 4132 2003 4184 visum
2033 4140 2119 4185 est

533 4228 786 4289 quartam
817 4222 1107 4291 coniugem
1136 4222 1192 4276 in
1228 4221 1641 4277 matrimonium
1674 4222 1881 4277 ducere
1901 4263 1917 4285 .
1969 4223 2117 4278 nulla

534 4310 776 4365 indecori
828 4313 1044 4368 ratione
1079 4312 1289 4377 habita,
1332 4316 1518 4385 accipe
1559 4314 1672 4386 iam
1706 4331 1736 4369 a
1770 4326 1924 4385 patre
1954 4323 2117 4385 atque

532 4404 710 4457 amico
762 4419 981 4460 summo
1026 4407 1235 4462 amoris
1282 4404 1479 4463 aﬂectu
1533 4414 1586 4461 te
1625 4407 1888 4477 diligente
1942 4408 2112 4463 hocce

531 4498 822 4553 consilium
860 4517 875 4553 :
911 4500 1126 4569 Coniux
1168 4502 1421 4570 privatim
1455 4501 1616 4571 degat
1645 4515 1822 4571 neque
1860 4515 1986 4555 cum
2020 4507 2111 4554 tua

536 4587 823 4656 majestate
894 4603 1313 4657 commoretur,
1381 4600 1437 4646 et
1503 4594 1841 4649 advocentur
1913 4592 2114 4647 veteris

540 4680 725 4737 Itonia:
758 4685 1103 4756 aliarumque
1164 4684 1556 4755 pontiﬁcalium
1605 4686 1816 4740 sedtum
1850 4684 2113 4755 prasules

539 4782 593 4827 et
622 4774 713 4828 alii
747 4777 840 4844 qui
882 4777 1179 4846 episcopali
1209 4776 1475 4847 dignitate
1524 4776 1767 4832 eminent
1812 4788 1867 4831 et
1897 4777 2111 4832 muneri

536 4864 858 4919 sacerdotali
912 4868 1083 4922 decus
1135 4869 1515 4938 honoremque
1564 4866 1819 4933 aﬂerunt,
1876 4882 2111 4937 quorum

538 4964 994 5025 congregatarum
1022 4956 1232 5025 judicio
1267 4971 1334 5013 ac
1375 4958 1671 5023 sententia,
1722 4958 1982 5026 quoniam
2016 4957 2113 5012 tibi

539 5044 620 5097 sic
651 5045 886 5110 videtur,
946 5044 1181 5103 fortasse
1228 5046 1359 5101 illud
1389 5046 1537 5115 quod
1569 5046 1706 5115 petis
1736 5054 1912 5100 ratum
1946 5046 2114 5101 habe—

539 5136 706 5198 hitur,
757 5137 801 5191 si
854 5138 1112 5191 nimirum
1168 5139 1276 5193 hac
1305 5138 1619 5193 calamitate
1667 5153 1773 5192 non
1825 5138 2117 5192 inducatur

540 5226 647 5279 a—lia
681 5228 853 5281 multo
907 5231 1150 5298 gravior,
1203 5230 1461 5285 Ecclesia
1512 5229 1721 5286 scilicet
1751 5230 2113 5299 perturbatio,

540 5333 703 5385 quam
737 5321 1023 5390 hucusque
1056 5338 1276 5378 summo
1305 5338 1431 5377 cum
1479 5323 1668 5391 vigore
1715 5337 1779 5376 ac
1831 5321 2116 5390 prudentia

542 5415 881 5477 compescuit
939 5414 1198 5469 Ecclesiae
1249 5414 1588 5484 praedicatio,
1640 5414 1713 5467 ita
1774 5423 1833 5467 ut
1881 5429 2005 5481 spes
2048 5415 2120 5466 sit

543 5502 660 5557 fore
691 5516 771 5565 ut.
825 5517 948 5573 post
991 5508 1261 5576 synodum
1294 5508 1557 5573 habitam,
1614 5506 1923 5560 interdictio
1973 5505 2118 5560 illius

546 5596 692 5663 pravi
748 5596 1127 5665 illegitimique
1201 5598 1535 5651 matrimonii
1607 5598 1927 5665 accipiatur.
2013 5595 2117 5650 Sed

543 5689 730 5743 omnia
761 5704 881 5759 qnze
913 5688 1045 5749 dixi.
1100 5690 1255 5744 irrita
1292 5703 1567 5756 mansere,
1623 5691 1749 5761 quia
1780 5704 1987 5745 amoris
2018 5692 2115 5743 im-
2169 5738 2175 5743 .

2207 3290 2473 3361 αἰσχύνης
2491 3284 2870 3358 παραμύθιον.
2905 3288 3212 3358 Πρόσωπον
3239 3282 3291 3340 εἴ
3304 3287 3405 3357 τῆς
3431 3287 3676 3358 μεγάλης
3705 3290 3811 3344 τοῦ

2210 3383 2347 3437 Θεοῦ
2361 3383 2752 3454 κληρονομίας,
2772 3382 2973 3450 μᾶλλον
2986 3380 3042 3433 δὲ
3057 3381 3271 3453 κορυφή
3294 3395 3306 3407 '
3345 3381 3421 3452 μὴ
3440 3384 3501 3436 τὸ
3527 3384 3687 3454 σῶμα
3704 3384 3811 3441 τοῦ

2216 3474 2459 3545 Χριστοῦ
2490 3472 2894 3546 καταισχύνῃς.
2944 3474 3040 3526 καὶ
3068 3474 3306 3545 ποιήσῃς
3336 3476 3433 3528 καὶ
3490 3477 3645 3546 παρά
3690 3480 3813 3541 τοις

2212 3568 2465 3630 ἀπίστοις
2494 3565 2882 3637 αἰσχύνεσθαι,
2911 3565 3005 3618 διὰ
3058 3563 3155 3621 τοῦ
3188 3567 3333 3620 κατὰ
3361 3566 3464 3635 τῆς
3519 3568 3620 3634 σῆς
3645 3569 3811 3637 δόξης

2212 3659 2310 3713 καὶ
2330 3660 2665 3727 σεμνότητος
2695 3660 2953 3727 ἀφορμὴν
2986 3657 3172 3720 αὐτοῖς
3202 3660 3513 3726 παρασχετν
3554 3659 3808 3729 πονηρᾶς

2223 3750 2565 3822 ὶπιλήψεως.
2602 3752 2829 3819 Ἔλεγον
2859 3750 3036 3804 ταῦτα
3078 3751 3175 3803 καὶ
3197 3749 3428 3802 πλεῐστα
3454 3751 3638 3819 ἔτερα,
3661 3743 3738 3805 ὧν
3767 3750 3805 3821 ἠ

2217 3846 2408 3916 μνήμη
2460 3844 2555 3898 καὶ
2584 3842 2881 3913 πρόσθεσις
2926 3844 3194 3913 περιττή·
3243 3842 3383 3912 πλὴν
3414 3842 3624 3909 ἔλεγον,
3652 3842 3807 3895 ἐδυσ-

2213 3937 2427 4000 ὡπουν,
2479 3933 2751 3988 ἱκέτευον.
2809 3931 2920 3986 Καὶ
2953 3932 3190 4003 ἐπείπερ
3220 3932 3412 4003 ἑώρων
3440 3934 3570 3995 τοὺς
3609 3933 3806 3998 λόγους

2215 4029 2443 4089 τούτους
2476 4025 2831 4096 ἡττωμένους
2864 4024 2966 4094 τῆς
2999 4024 3214 4078 ἐκείνου
3239 4024 3585 4094 βουλήσεως,
3617 4026 3805 4094 ἐστρε-

2220 4118 2410 4188 φόμην
2446 4114 2534 4186 ἐφ’
2572 4115 2742 4185 ἕτερα
2768 4112 2997 4167 τοιαῦτα
3029 4113 3207 4181 λέγων
3242 4130 3260 4147 ο
3311 4114 3599 4185 Ἐπειπερ,
3628 4108 3675 4168 ὦ
3707 4112 3802 4183 βα·

2220 4208 2372 4263 σιλεῦ
2421 4209 2517 4264 καὶ
2578 4209 2791 4271 τέκνον,
2850 4206 3002 4272 ἅπαξ
3027 4208 3107 4277 τῷ
3153 4206 3346 4281 κράτει
3406 4224 3501 4260 σου
3535 4205 3683 4271 εδοξε
3709 4207 3802 4261 καὶ

2220 4299 2461 4370 τετάρτῃ
2514 4298 2740 4364 γυναικὶ
2771 4297 3072 4368 συνῆφθαι,
3117 4300 3213 4353 καὶ
3256 4300 3356 4353 οὐκ
3406 4299 3705 4372 ἀναλογιζῃ
3743 4300 3800 4353 τδ

2149 4388 2194 4443 υ
2221 4393 2445 4457 ἄτοπον,
2493 4389 2644 4457 δέξαι
2689 4390 2849 4461 φίλου
2887 4390 2985 4443 καὶ⁵
3019 4389 3232 4463 πατρὸς
3286 4388 3717 4461 ύπερφιλοῦντός
3742 4406 3796 4443 σε

2218 4482 2358 4545 τέως
2405 4480 2543 4551 γοῦν
2609 4481 2819 4552 ταύτην
2868 4484 2971 4552 τὴν
3029 4480 3375 4555 συμϐουληνο
3449 4482 3641 4552 εστωή
3670 4483 3799 4551 γυνὴ

2225 4575 2372 4639 ἰδίως
2412 4575 2681 4642 διάγουσα
2732 4574 2826 4626 καὶ
2864 4574 2938 4644 μὴ
2967 4573 3304 4627 συνοικοῦσα
3352 4572 3432 4642 τῷ
3466 4574 3658 4646 κράτει
3684 4588 3795 4635 σου,

2221 4669 2317 4723 καὶ
2351 4664 2865 4738 προσκληθήτωσαν
2886 4665 2987 4735 τῆς
3035 4682 3095 4718 τε
3143 4664 3521 4736 πρεσσυτέρας
3560 4663 3795 4734 Ῥώμης,

2223 4760 2316 4815 καὶ
2362 4759 2471 4812 τῶν
2516 4756 2693 4812 ἄλλων
2733 4758 3142 4830 ἀρχιερατικῶν
3196 4756 3402 4827 θρόνων
3467 4755 3683 4825 ἄνδρες.
3711 4756 3798 4810 καὶ

2222 4849 2612 4923 αρχιερωσύνῃ
2651 4850 3033 4920 τετιμημένοι,
3063 4849 3295 4911 καὶτοῖς
3353 4847 3534 4911 ἄλλοις
3594 4841 3679 4910 οἷς
3719 4863 3800 4901 σε·

2226 4941 2917 5014 μνύνεταιάρχιερωσύνῃ,
2963 4944 3059 4994 καὶ
3113 4940 3213 4993 σὺν
3266 4939 3453 5001 αὐτοῖς
3502 4938 3797 5007 ινουμένων

2224 5039 2377 5107 κοινῇ
2426 5034 2705 5103 ἐπικρίσει
2729 5034 2825 5087 καὶ
2857 5032 3076 5101 γνώμῃ,
3118 5032 3353 5103 ἐπείπερ
3370 5029 3532 5085 τούτω
3562 5046 3644 5083 σοι
3675 5046 3796 5093 παρ»

2228 5130 2441 5182 (σταται
2472 5170 2489 5195 ,
2521 5129 2654 5191 ῐσως
2700 5128 2914 5195 γίνεται
2963 5125 3023 5178 τὸ
3055 5124 3420 5195 ζητούμενον·
3467 5124 3515 5177 ει
3542 5120 3622 5192 τῷ
3651 5120 3795 5192 κακῷ

2221 5219 2395 5290 τούτῳ
2444 5220 2521 5290 μὴ
2571 5217 2858 5289 συνδράμῃ
2888 5217 2983 5270 καὶ
3037 5218 3221 5286 χεῖρον
3258 5214 3388 5268 ἄλλο
3435 5212 3537 5283 τῆς
3582 5212 3797 5281 Ἑκκληο

2226 5313 2345 5374 σίας
2376 5313 2405 5366 6
2432 5314 2693 5381 τάραχος.
2730 5311 2914 5363 Ταῦτα
2936 5309 2991 5361 δὲ
3012 5311 3074 5361 τι»
3111 5307 3348 5379 σφοδρὸν
3382 5309 3491 5377 τῆς
3532 5307 3675 5360 κατὰ
3702 5304 3793 5373 τῆς

2239 5402 2568 5471 Ἐκκλησεας
2608 5402 2785 5472 ὁρμῆς
2808 5402 3131 5470 ἀνακρούων
3153 5402 3183 5453 6
3209 5400 3389 5468 λόγος,
3444 5399 3585 5460 τέως
3611 5400 3793 5467 διῳκο-

2227 5495 2645 5562 νόμειλὶλπϋος
2675 5491 2839 5564 οὔσης
2862 5493 2937 5557 ὼς
2968 5493 3182 5555 πάντως
3218 5490 3555 5561 τελουμένης
3587 5489 3791 5542 συνόδου

2225 5590 2607 5657 αιὸεσιὶησεται
2640 5588 2850 5657 ταύτης
2901 5588 3002 5655 τὴν
3039 5587 3417 5655 ἀπαγόρευσιν
3471 5582 3572 5651 τῆς
3604 5583 3789 5637 ἀτόπου

2231 5688 2323 5736 καὶ
2354 5681 2597 5751 ἀθέσμου
2649 5677 2974 5744 συζεύξεως.
3041 5679 3183 5733 Ἀλλ’
3234 5673 3305 5748 ἦν
3338 5676 3515 5731 πάντα
3558 5676 3712 5743 κωφὰ
3734 5674 3789 5725 τὶ
