4048 6140
414 290 517 355 2H

1546 290 1859 352 NICOLAI
1897 292 2004 352 CP.
2050 290 2564 352 PATRIARCIL’E

3563 292 3668 357 ‘21?

415 421 525 466 tur.
565 406 823 461 Provebit
870 403 1013 461 Deus
1063 406 1301 475 aliquem
1356 406 1423 461 ad
1478 408 1884 477 magistratum,
1924 407 1988 460 ad

2105 406 2551 478 ἱναστελλόμενοι
2613 406 2715 475 τῆς
2785 410 3029 479 πονηρᾶς
3099 411 3508 481 προαιρέσεως,
3572 412 3669 466 καὶ

414 514 664 571 regnum,
694 496 759 552 ad
787 496 1110 565 dignitatem
1141 495 1596 567 qualemcunque,
1624 513 1729 553 non
1753 507 1833 563 nt,
1861 499 1991 568 quia

413 592 589 664 magis
618 606 780 663 quam
810 590 996 645 caeteri
1042 605 1071 644 a
1119 590 1229 645 Deo
1264 592 1568 648 honoratus
1610 600 1714 656 est,
1747 590 1989 661 seipsnm

412 697 466 740 et
492 701 618 741 eum
654 686 748 755 qui
783 687 1046 741 honorem
1090 684 1344 749 contulit,
1380 684 1583 755 probro
1616 698 1679 739 ac
1722 683 1992 740 dedecore

413 778 634 842 alliciat,
666 786 760 833 aut
783 780 1031 833 divinum
1058 777 1126 832 de
1156 778 1273 847 ipso
1297 776 1567 845 judicium
1599 777 1756 848 quasi
1790 774 1989 831 falsum

410 886 813 939 erroneutnque
851 871 1121 935 ostendat,
1148 870 1242 925 sed
1278 878 1335 923 ut
1361 869 1565 925 virtute
1597 886 1696 925 sua
1729 879 1991 939 appareat

413 961 610 1031 dignus
636 960 903 1017 sententia
935 961 1140 1021 divina,
1167 968 1222 1015 et
1248 960 1375 1015 dum
1400 960 1491 1015 Dei
1511 961 1738 1029 gloriam
1770 976 1989 1031 promo-

414 1053 642 1109 vendam
664 1063 839 1117 curat,
867 1053 968 1107 sibi
996 1069 1216 1123 quoque
1240 1053 1455 1107 laudem
1485 1053 1753 1123 acquirat.
1782 1052 1840 1107 Si
1862 1068 1989 1107 vero

413 1145 537 1214 quis
563 1146 817 1216 quoniam
847 1161 876 1198 a
912 1145 1019 1200 Deo
1052 1146 1314 1216 majorem
1341 1146 1565 1215 adeptus
1593 1155 1674 1201 est
1700 1146 1990 1213 honorem,

415 1237 535 1291 ideo
566 1236 738 1306 magis
780 1236 883 1291 sibi
925 1235 1089 1291 licere
1122 1245 1279 1306 putat
1325 1236 1635 1290 divinarum
1669 1235 1848 1306 legum
1889 1236 1988 1289 lto-

414 1340 601 1384 norem
631 1339 1004 1395 contemnere,
1033 1330 1253 1385 nescius
1282 1328 1348 1383 ad
1371 1330 1654 1385 brutorum
1700 1344 1797 1398 per
1826 1328 1991 1385 satie-

414 1431 577 1476 tatem
613 1421 1011 1477 lascivientium
1067 1423 1483 1478 similitudinem
1528 1422 1824 1478 delabitur.
1858 1420 1991 1476 Pra-

414 1528 539 1567 vum
574 1513 736 1583 igitur
766 1514 1001 1582 opinari,
1035 1514 1427 1584 pravissimum
1445 1529 1572 1570 vero
1595 1514 1781 1571 dicere
1808 1532 1822 1569 :
1846 1511 1987 1581 Quia

414 1619 531 1673 rex,
554 1605 676 1659 ideo
694 1605 911 1661 licentia
934 1607 1132 1677 gaudet
1152 1607 1434 1677 peccandi,
1455 1606 1706 1677 quamvis
1729 1607 1835 1664 hoc
1853 1606 1986 1663 sub~

412 1698 651 1754 diturum
688 1699 889 1755 nemini
920 1701 1272 1755 concedatur.
1300 1698 1557 1757 Potentes
1586 1708 1836 1773 potenter
1858 1715 1990 1757 exa-

414 1789 793 1857 minabunlur,
846 1792 1175 1861 sapientium
1228 1792 1428 1862 aliquis
1464 1768 1618 1848 dixit.
1675 1792 1733 1848 Si
1765 1793 1868 1847 hoc
1918 1768 2067 1849 itaB

413 1890 521 1945 est,
549 1881 641 1936 ubi
680 1882 859 1937 locum
900 1882 1118 1938 habebit
1148 1892 1326 1938 vestra
1356 1883 1734 1955 indulgentia?
1767 1884 1859 1941 Vel
1892 1883 1996 1939 mi-

413 1972 493 2027 liti
529 1974 780 2045 gregario
812 1988 877 2029 ac
905 1973 1033 2028 duci
1060 1975 1153 2044 qui
1187 1975 1241 2029 in
1275 1990 1382 2030 una
1412 1975 1716 2048 eademque
1751 1990 1810 2032 re
1838 1974 1993 2032 dele-

414 2076 633 2130 cerunt,
671 2080 777 2121 non
829 2066 1018 2121 eadem
1063 2066 1170 2122 erit
1199 2083 1380 2138 poma,
1444 2068 1542 2125 sed
1610 2068 1723 2125 dux
1772 2068 1994 2140 quidem

416 2159 718 2213 secundum
755 2158 903 2213 illum
940 2173 1102 2228 quem
1140 2160 1377 2215 obtinuit
1408 2160 1680 2225 ordinem,
1716 2161 1873 2217 miles
1901 2174 1999 2215 au-

417 2261 526 2304 tem
550 2250 797 2306 inferiori
822 2251 987 2305 statui
1013 2253 1403 2309 convenienter
1426 2252 1767 2309 multabitur.
1794 2252 1994 2308 Eodem

417 2344 583 2398 tuodo
609 2343 728 2399 calo
766 2355 820 2399 et
857 2346 1223 2415 gubernator,
1270 2353 1457 2416 atque,
1483 2346 1528 2401 si
1560 2346 1666 2411 vis,
1712 2362 1905 2407 servus
1933 2362 1998 2404 ac

416 2436 694 2500 dominus,
733 2437 985 2508 quamvis
1015 2437 1068 2493 in
1100 2439 1292 2493 eodem
1324 2438 1638 2510 deliquerit,
1670 2452 1782 2494 non
1817 2434 1996 2496 eidem

417 2528 757 2584 accusationi
782 2537 835 2583 et
861 2528 1541 2587 condemnationiohnoxii
1567 2538 1768 2601 erunt;
1791 2531 1887 2590 sed
1910 2532 1995 2587 di-

417 2623 643 2694 gnitatis
676 2622 817 2679 ratio
847 2622 1159 2679 habebitur.

486 2913 558 2968 At
586 2912 1049 2983 dispensationem
1085 2911 1138 2967 in
1171 2912 1274 2967 hoc
1302 2909 1587 2991 Romanus
1618 2910 1822 2983 praesul
1870 2924 2001 2964 san-

2094 501 2321 565 ἄκοντες
2356 499 2493 571 μετά
2525 499 2619 553 τοῦ
2651 500 2924 571 βελτίονος
2966 503 3229 569 γένοιντο.
3280 504 3500 573 Ἀνὰγει
3535 504 3672 568 Θεὸς

2096 593 2173 655 εἰς
2208 590 2404 664 ἀρχὴν,
2437 593 2619 647 εἶτουν
2665 592 2748 656 εἰς
2797 591 3078 664 βασιλείαν
3112 594 3145 665 ἢ
3184 593 3401 663 ἑτέραν,
3435 594 3535 666 οὐχ
3579 596 3671 651 ἵνα

2092 684 2228 739 διότι
2257 684 2417 739 πλέον
2444 684 2551 738 τῶν
2579 683 2757 739 ἄλλων
2785 682 3103 751 δεδόξασται
3132 683 3286 754 παρὰ
3314 682 3474 749 Θεοῦ,
3503 685 3668 749 αὐτὸς

2094 777 2352 847 ἀτιμάζοι
2378 778 2572 831 ἑαυτόν
2600 793 2659 830 τε
2691 776 2790 832 καὶ
2831 776 2922 831 τὸν
2967 777 3293 845 δοξάσαντα,
3316 777 3430 831 οὐδ’
3456 777 3545 830 ἶνα
3571 779 3675 844 τὴν

2094 870 2247 923 θείαν
2283 869 2465 941 κρίσιν
2512 868 2704 941 ὥσπερ
2753 867 3105 941 ἀσφαλμένην
3153 868 3242 940 ιφ’
3288 868 3470 939 ἑαυτῷ
3498 869 3673 941 δείξῃ,

2092 960 2210 1015 ἀλλ’
2260 960 2351 1015 ἵνα
2413 960 2483 1015 δι’
2532 960 2742 1027 οἰκείας
2774 962 2998 1033 ἀρετῆς
3044 959 3195 1025 ἁξιος
3252 959 3395 1030 ὀφθῇ
3436 958 3533 1013 καὶ
3572 960 3677 1031 τῆς

2094 1053 2283 1127 θεῖκῆς
2334 1054 2591 1126 κρίσεως,
2627 1054 2722 1108 καὶ
2771 1053 3091 1120 δοξάζεσθαι
3147 1054 3248 1125 μὲν
3292 1053 3424 1107 Θεὸν
3486 1070 3672 1123 napa-

2094 1146 2360 1218 σκευάσῃ,
2376 1146 2698 1218 προσθήκην
2728 1144 2785 1200 δὲ
2807 1145 2966 1216 δόξης
2987 1148 3082 1201 καὶ
3104 1145 3283 1215 ἑαυτῷ
3307 1149 3679 1216 περιποιήση-

2089 1260 2203 1298 ται.
2234 1242 2297 1296 Εἰ
2326 1242 2383 1297 δέ
2409 1259 2495 1306 τις
2530 1241 2667 1296 διότι
2698 1240 2863 1296 πλέον
2894 1239 3081 1312 εἴληχε
3117 1238 3273 1310 παρά
3314 1237 3451 1293 Θεοῦ
3481 1236 3676 1307 τιμῆς,

2091 1337 2181 1390 6ιά
2206 1336 2368 1391 τοῦτο
2404 1334 2610 1407 μᾶλλον
2648 1335 2820 1389 οἴεται
2846 1332 2909 1387 τὸ
2962 1333 3163 1401 ἐξεῖναι
3199 1332 3351 1403 αὐτῷ
3380 1330 3479 1402 τῆς
3507 1330 3678 1400 τιμῆς

2089 1431 2200 1485 τῶν
2238 1429 2401 1485 θείων
2427 1430 2612 1501 νόμων
2637 1428 3030 1497 καταφρονεῖν,
3062 1425 3290 1497 λέληθεν
3333 1424 3528 1481 ἑαυτὸν
3566 1441 3677 1478 πι-

2094 1523 2398 1594 ραπλήσιος
2412 1519 2492 1576 ὢν
2507 1521 2623 1586 τοῖς
2635 1520 2725 1576 διὰ
2746 1520 2910 1591 κόρον
2927 1516 3212 1590 ὑϐρίζουσι
3226 1520 3469 1592 κτήνεσι.
3491 1516 3690 1573 Κακδν.

2091 1614 2183 1671 οὖν
2211 1614 2389 1685 δόγμα
2420 1614 2516 1669 καὶ
2552 1613 2840 1683 πάγκακον
2886 1612 2948 1665 τὸ
2982 1607 3353 1681 λέγειν,’διότι
3394 1610 3677 1683 βασιλεὺς.

2094 1707 2517 1780 συγκεχώρηται
2558 1705 2919 1778 ἁμαρτάνειν,
2948 1706 2977 1760 δ
3005 1705 3082 1779 μὴ
3124 1707 3241 1770 τοῖς
3270 1704 3376 1759 ὑπὸ
3403 1705 3562 1777 χεῖρά
3589 1721 3681 1768 τις

2096 1799 2498 1872 συγχωρήσειε.
2546 1798 2774 1853 Δυνατοὶ
2824 1797 3068 1862 δυνατῶς
3123 1797 3546 1870 δτασθήσονται,
3587 1799 3681 1850 λέ-

2096 1912 2189 1964 γει
2239 1909 2344 1948 που
2390 1891 2498 1947 τῶν
2536 1892 2835 1963 σωφρόνων
2862 1893 2890 1947 ό
2917 1890 3076 1960 λόγος
3103 1907 3118 1922 ·
3155 1894 3204 1945 εί
3234 1891 3292 1947 δὲ
3344 1891 3526 1957 τοῦτο.
3568 1892 3676 1948 ποῦ

2096 1987 2282 2060 χώραν
2332 1985 2447 2054 ῑεει
2504 1986 2566 2040 τὸ
2619 1967 2887 2059 ὑμέτερον
2940 1982 3317 2054 συγχώρημας
3381 1983 3525 2055 Ἐγὼ
3580 1986 3679 2039 καί⁸

2098 2077 2417 2152 στρατιώτῃ
2465 2080 2562 2133 καὶ
2613 2074 2911 2149 στρατηγῷ
2937 2076 3003 2132 τδ
3047 2079 3184 2133 αὐτὸ
3222 2076 3547 2143 πταίσασιν,
3577 2080 3684 2132 οὐκ

2096 2169 2213 2226 οἰδα
2240 2172 2341 2244 τὴν
2373 2172 2499 2242 ίσην
2524 2170 2881 2241 ἐπαγομένην
2921 2169 3139 2246 ποινὴν,
3172 2168 3292 2225 ἀλλ’
3313 2172 3349 2225 ό
3377 2170 3478 2239 μιν
3510 2184 3686 2243 στρα-

2095 2268 2267 2338 τηγὸς
2306 2262 2689 2332 ἀναλογοῦσαν
2719 2262 2833 2329 ἔξει
2880 2261 2961 2333 τῷ
3000 2262 3226 2334 μεγέθει
3254 2263 3357 2334 τῆς
3377 2266 3545 2333 τιμῆς
3583 2263 3685 2332 τὴν

2095 2358 2443 2429 τιμωρίαν,ό
2501 2357 2559 2411 δὲ
2612 2354 2958 2427 στρατιώτης
3006 2358 3151 2411 κατά
3205 2355 3267 2411 τὸ
3326 2355 3527 2427 μέτρον
3580 2354 3683 2424 τῆς

2097 2451 2328 2515 τάξεως.
2373 2448 2540 2505 Ἀλλά
2588 2448 2687 2503 καὶ
2716 2447 2890 2519 ναύτῃ
2921 2447 3018 2502 καὶ
3046 2446 3387 2520 κυϐερνήτῃ.
3417 2447 3468 2500 εἰ
3498 2446 3684 2517 βούλει

2096 2543 2157 2599 δὲ
2204 2543 2301 2597 καὶ
2346 2542 2588 2614 δεσπότῃ
2661 2540 2757 2595 καὶ
2804 2539 2995 2612 οἰκέτῃ
3054 2536 3133 2610 τῷ
3193 2535 3344 2607 αὐτῷ
3395 2538 3682 2606 σφάλματι

2100 2635 2594 2709 περιπεπτωκόσιν
2638 2633 2739 2704 οὐχ
2767 2634 2803 2703 ἡ
2842 2630 2982 2703 αὐτὴ
3024 2631 3336 2700 ἀπαντήσει
3375 2629 3685 2700 κατηγορία

2099 2731 2224 2787 οὐδὲ
2260 2728 2614 2801 κατάκρισις,
2644 2726 2785 2783 ἀλλά
2818 2728 2886 2798 τῇ
2939 2725 3181 2796 διαφορᾷ
3219 2723 3331 2778 τῶν
3372 2722 3685 2793 προσώπων

2102 2823 2408 2878 συνδιατιθε
2418 2821 2577 2893 μένη.

2185 2914 2326 2968 Ἀλλ’
2354 2912 2675 2983 οἰκονομίαν
2728 2910 2817 2965 ἐπ’
2860 2909 3011 2983 αὐτῷ
3053 2910 3087 2981 η
3135 2909 3430 2979 Ῥωμαῖκὴ
3461 2906 3691 2975 ἐξουσία

417 3007 567 3073 civit,
604 3022 703 3062 nec
735 3007 816 3063 las
873 3014 957 3062 est
992 3006 1087 3061 tali
1134 3003 1534 3082 dispensationi
1575 3003 1862 3076 refragari,
1902 3002 1997 3059 sed

2105 3009 2423 3081 πεποίηται,
2462 3009 2558 3062 καὶ
2586 3007 2669 3061 δεῖ
2721 3005 2859 3078 πρὸς
2908 3004 2973 3059 τὸ
3020 3002 3382 3075 οἰκονομηθὶν
3416 3002 3497 3073 μὴ
3541 3000 3686 3057 ἀντι-

416 3099 631 3158 sancita
669 3099 929 3155 revereri.
976 3095 1118 3165 Quid
1164 3097 1345 3152 dicis?
1377 3096 1516 3152 Num
1552 3096 1678 3151 licet
1730 3094 1997 3152 Romanis

2105 3106 2304 3174 λέγειν,
2337 3103 2478 3159 ἀλλά
2504 3101 2573 3157 τά
2607 3092 2740 3173 ἡμῖν
2767 3098 3070 3170 δεδογμένα
3117 3098 3311 3167 τιμᾷν.
3361 3094 3428 3150 Τί
3468 3094 3683 3163 λέγειςς

418 3193 659 3255 sancire.
690 3202 749 3248 ut
774 3192 868 3261 qui
912 3192 1060 3263 leges
1089 3190 1355 3262 infringit,
1392 3207 1608 3262 poenam
1632 3190 1776 3245 haud
1818 3188 1997 3245 solvat

2105 3199 2219 3256 Καὶ
2264 3197 2445 3265 ἔξεστι
2486 3195 2650 3251 τοῦτο
2695 3190 2992 3262 Ῥωμαίοις
3036 3189 3369 3259 οἰκονομεῖν,
3400 3186 3545 3242 ὥστε
3578 3203 3687 3242 πα-

416 3297 512 3342 aut
549 3285 781 3354 impuris
811 3284 1067 3341 manibus
1086 3299 1241 3340 sacra
1274 3282 1609 3340 contrectet?
1643 3281 1863 3338 Licetne
1892 3281 2002 3337 llo-

2110 3291 2454 3366 ρανομοῦντά
2476 3306 2600 3343 τινα
2627 3286 2702 3358 μὴ
2728 3285 2885 3355 δίκην
2912 3283 3173 3353 ὑπέχεινς
3200 3283 3295 3336 καὶ
3320 3280 3465 3336 ὥστε
3494 3280 3687 3353 χερσὶν

418 3379 598 3433 manis
627 3391 723 3433 eos
743 3376 837 3447 qui
865 3376 936 3430 ob
958 3376 1231 3445 piaculum
1254 3392 1283 3431 e
1303 3375 1490 3430 divina
1523 3375 1640 3429 aede
1662 3373 1823 3445 ejecti
1871 3382 2002 3430 sunt

2105 3381 2443 3449 ἀκαθάρτοις
2523 3378 2634 3431 τῶν
2706 3375 2880 3445 ἁγίων
2948 3371 3338 3443 ἐφάπτεσθαι,
3390 3373 3487 3426 καί
3561 3371 3690 3434 τοὺς

417 3483 713 3541 antequam
741 3466 871 3523 illud
914 3468 1275 3523 cmundatum
1307 3469 1417 3532 sit,
1449 3468 1716 3523 reducere
1760 3480 1826 3522 eo
1853 3465 2001 3521 unde

2107 3474 2506 3546 ἐλαυνομένους
2534 3471 2645 3527 τῶν
2688 3468 2849 3524 θείων
2903 3465 3210 3537 περιϐόλων
3249 3465 3342 3520 ἐπὶ
3386 3467 3687 3536 μιάσματι,

412 3562 537 3633 iure
563 3564 869 3635 merithuc
896 3561 1257 3619 exsularuntl
1287 3559 1541 3631 Magnam
1568 3559 1783 3616 scilicet
1806 3569 2004 3614 nactus

2106 3569 2337 3633 τούτους
2368 3566 2461 3636 ,μὴ
2500 3563 2882 3634 ἀποθεμένους
2922 3560 2983 3615 τὸ
3040 3560 3258 3631 μίασμα
3286 3560 3531 3627 εἰσάγειν
3564 3557 3691 3611 ὅθεν

417 3673 570 3714 esses
596 3667 949 3730 potestatem,
969 3656 1188 3729 qualem
1222 3670 1292 3710 ne
1323 3655 1414 3710 ille
1445 3651 1669 3724 quidem
1692 3651 1789 3723 qui
1815 3651 2004 3706 mundi

2109 3661 2293 3726 καλῶς
2324 3662 2419 3715 καὶ
2454 3660 2678 3721 ἐνδίκως
2702 3654 3116 3726 ἀπελήλανταις
3153 3651 3415 3722 Μεγάλης
3443 3652 3510 3705 ἂν
3540 3651 3693 3718 laoc-

418 3763 638 3825 peccata
671 3753 797 3809 tulit
834 3754 939 3811 sibi
973 3751 1276 3823 arrogavit,
1307 3765 1376 3803 ne
1400 3748 1531 3804 dum
1557 3746 1850 3819 quisquam
1880 3759 2008 3801 san-

419 3855 633 3901 ctorum
679 3847 805 3917 ejus
830 3845 1244 3918 discipulorum,
1285 3850 1382 3899 aut
1428 3842 1574 3898 ullus
1619 3855 1650 3895 e
1682 3838 2005 3894 doctoribus

419 3940 834 3997 ecclesiasticis.
867 3937 1032 3994 Venit
1055 3938 1206 3993 enim
1236 3947 1293 3992 ut
1333 3942 1557 4007 peccata
1588 3931 1761 3989 ferret
1790 3942 2005 3997 nostra,

423 4034 520 4088 sed
547 4040 679 4089 tunc
704 4032 927 4088 demum
951 4030 997 4087 si
1045 4043 1274 4101 peccare
1302 4028 1707 4085 desineremus.
1738 4041 1918 4099 neque
1944 4026 2013 4081 iis

422 4128 808 4183 insisteremus
832 4134 928 4182 aut
945 4124 1095 4179 omni
1123 4122 1339 4194 abiecto
1363 4121 1573 4191 pudore
1602 4137 1667 4179 ea
1695 4130 2015 4194 perpetrare

420 4236 771 4291 pergeremus
789 4235 911 4292 qua
938 4220 1027 4274 ille
1050 4216 1298 4273 abstulit.
1313 4215 1493 4273 Audio
1508 4217 1655 4272 enim
1676 4231 1802 4273 eum
1828 4216 2017 4272 diccn'

423 4326 532 4371 tem
559 4316 768 4370 homini
787 4330 950 4385 quem
979 4317 1269 4369 sanavcrat
1290 4325 1305 4363 :
1327 4307 1465 4366 Ecce
1491 4326 1660 4387 sanus
1683 4308 1912 4366 effectus
1934 4324 2019 4374 es,

422 4423 493 4463 ne
515 4408 752 4478 amplius
773 4423 986 4477 pecces.
1010 4404 1693 4477 Animadvertequomodo
1712 4402 2017 4465 interdicit,

2110 3759 2233 3817 σίας
2275 3755 2396 3824 εἴης
2452 3749 2882 3823 ἔπειλημμὲνος,
2920 3748 3017 3802 καὶ
3057 3740 3125 3818 ἧς
3159 3745 3271 3799 οὐδ’
3308 3744 3473 3807 αὐτὸς
3524 3744 3554 3799 ὁ
3591 3743 3693 3805 τὰς

2113 3846 2388 3919 ἁμαρτίας
2421 3844 2595 3916 αἴρων
2634 3839 2731 3894 τοῦ
2764 3838 2974 3909 κόσμου
3008 3838 3362 3903 ἐπείληπται,
3401 3834 3476 3905 μὴ
3503 3834 3583 3889 ὅτι
3625 3848 3693 3901 γε

2113 3940 2272 4002 ἄλλος
2313 3939 2346 4009 ἢ
2390 3934 2497 3990 τῶν
2532 3933 2747 3989 ἐκείνου
2788 3931 2954 4002 ἰερῶν
2989 3927 3275 4000 μαθητῶν,
3307 3926 3341 3995 ἢ
3371 3925 3482 3980 τῶν
3516 3924 3695 3979 ἀλλων

2114 4033 2217 4103 τῆς
2246 4027 2417 4085 αὑτοῦ
2467 4023 2801 4097 Ἐκκλησίας
2850 4020 3213 4077 διδασκάλων.
3281 4019 3398 4073 Ηκε
3450 4017 3696 4090 μὲνγὰρ

2116 4124 2217 4189 τὰς
2264 4120 2423 4192 ἡμῶν
2462 4118 2742 4190 ἁμαρτίας
2776 4116 3069 4188 βαστάσαι,
3097 4112 3235 4169 ἀλλὰ
3276 4112 3436 4184 δῆλον
3478 4112 3561 4165 ὅτι
3595 4110 3695 4164 τοῦ

2121 4212 2461 4285 ἁμαρτάνειν
2504 4210 2665 4282 ἡμῶν
2727 4208 3121 4278 παυσαμένων,
3176 4205 3277 4260 οὐκ
3322 4204 3697 4277 ὶπιμενόντων

2119 4309 2200 4373 δὲ,
2229 4305 2353 4361 οὐδὲ
2386 4303 2745 4377 πραττόντων
2784 4300 2961 4365 ἀδεῶς
3011 4293 3085 4355 ὧν
3135 4300 3350 4362 ἱκείνος
3405 4296 3505 4370 τὴν
3534 4298 3699 4366 ἁρσιν

2124 4403 2384 4457 ποιεῖται.
2424 4395 2639 4453 ’Δκούω
2668 4396 2779 4466 γάρ
2810 4393 2891 4466 τῷ
2942 4392 3408 4464 τεθεραπευμένῳ
3466 4391 3560 4445 τοῦ
3604 4391 3698 4445 ὑπ’

422 4515 531 4555 non
550 4510 732 4555 autem
749 4501 1017 4571 permittit
1029 4515 1256 4570 peccare
1267 4516 1368 4557 eos
1383 4500 1476 4570 qui
1501 4497 1673 4568 ipsius
1691 4495 2004 4553 misericor-

2116 4488 2286 4547 αὑτοῦ
2317 4488 2568 4552 δοθέντος
2617 4485 3110 4559 παραγγέλματος,
3140 4485 3216 4538 [δε
3251 4483 3411 4555 ὑγιὴς
3443 4482 3700 4554 γέγονας,

424 4593 513 4647 dia
527 4593 679 4665 digni
694 4605 821 4648 sunt
836 4594 1239 4651 babiti.Eodem
1255 4593 1417 4648 modo
1432 4606 1531 4646 nec
1542 4588 1759 4654 Petrus,
1772 4602 1871 4643 nec
1882 4585 1993 4640 Pau

426 4689 534 4752 lus,
546 4704 651 4746 nec
664 4691 803 4744 alius
828 4691 952 4760 quis
967 4705 1205 4761 unquam
1221 4698 1445 4763 peccato
1455 4684 2013 4757 neglectolibertatem

421 4798 453 4837 a
468 4785 827 4854 responsabili
838 4793 943 4840 tate
954 4781 1505 4853 promisitpeceatori.
1528 4780 1565 4835 U
1576 4780 1625 4834 bi
1645 4778 1859 4834 tandem
1874 4790 2018 4843 repe-

425 4876 544 4931 risti
559 4875 855 4932 absurdam
874 4877 1033 4931 istam
1049 4875 1515 4946 dispensationem
1530 4887 1653 4943 qua
1671 4867 1881 4943 peccati
1897 4882 2015 4938 gra-

422 4972 647 5027 vitatem
688 4987 796 5026 non
822 4972 1123 5037 imminuit,
1145 4972 1241 5028 sed
1260 4971 1438 5042 potius
1471 4965 1743 5038 adauget?
1760 4978 1881 5035 qua:
1902 4975 2011 5017 non

422 5063 654 5118 salutem
674 5062 840 5134 parit,
880 5063 975 5121 sed
989 5062 1232 5119 interitui
1248 5063 1436 5129 tradit,
1459 5075 1580 5132 qure
1596 5074 1705 5115 non
1723 5056 2013 5128 depurgat,

422 5153 520 5211 sed
538 5154 663 5224 plus
698 5153 948 5210 sordium
986 5153 1217 5222 adjicit?
1240 5153 1375 5219 Quis
1400 5166 1572 5220 usque
1589 5149 1656 5204 ad
1676 5149 1825 5204 hunc
1870 5144 2012 5200 diem

428 5248 591 5302 talem
626 5245 1095 5317 dispensationem
1126 5245 1321 5301 novit?
1354 5242 1703 5313 Dispensatio
1735 5239 1880 5296 enim
1926 5244 2008 5293 est

431 5341 690 5400 salutaris
716 5340 1137 5397 condcscensio.
1173 5353 1297 5408 quae.
1321 5345 1671 5408 peccatorem
1716 5331 2006 5398 salviﬁcat,

433 5449 654 5491 manum
704 5433 1103 5489 auxiliatricem
1148 5431 1379 5503 porrigit
1420 5432 1745 5500 lapsumque
1792 5441 1824 5482 a
1872 5440 2004 5481 casn

431 5528 616 5599 erigit,
640 5542 750 5582 non
773 5535 955 5583 autem
977 5541 1100 5597 quae
1122 5540 1254 5583 casu
1278 5523 1551 5593 deiectum
1573 5522 1758 5593 jacere
1790 5518 1903 5576 sint
1923 5518 2007 5572 vel

428 5621 616 5692 petitis
634 5620 689 5677 in
704 5618 914 5676 foveam
931 5620 1129 5675 misere
1141 5617 1401 5675 detrudit.
1429 5615 1773 5685 Dispettsatio
1784 5620 1870 5669 est
1888 5610 2014 5666 imi-

431 5716 566 5772 tatio
584 5714 782 5772 divina
801 5712 1086 5771 charitatis
1102 5726 1224 5779 quae
1246 5727 1312 5768 ex
1327 5708 1579 5769 faucibus
1601 5706 1789 5764 bestiae
1819 5712 2009 5761 contra

437 5824 539 5871 nos
569 5809 835 5885 rugienti:
864 5807 1027 5884 eripit
1051 5820 1178 5869 cum
1203 5806 1297 5879 qui
1341 5806 1397 5864 in
1431 5818 1498 5862 eo
1540 5811 1785 5860 versatur
1823 5806 1885 5857 ut
1941 5797 2009 5855 ab

2123 4584 2326 4657 μηκέτι
2363 4582 2656 4653 ἁμάρτανε
2686 4594 2703 4612 ο
2754 4578 3016 4649 πρόσχες,
3065 4577 3143 4640 ὡς
3175 4573 3400 4642 κωλύει,
3427 4574 3530 4629 ούκ
3579 4574 3698 4629 ἑπι-

2118 4678 2313 4746 τρέπει
2342 4674 2402 4729 τὸ
2431 4672 2781 4745 ἁμαρτάνειν
2816 4674 2931 4733 τοίς
2953 4670 3053 4725 τοῦ
3087 4669 3278 4732 ἐλέους
3322 4667 3494 4723 αὐτοῦ
3524 4684 3700 4740 κατη-

2119 4764 2727 4838 ξιωμένοις.οὖμενουν
2757 4763 2881 4816 οὐδὲ
2908 4763 3140 4833 Πέτρος,
3156 4761 3273 4815 ἁλλ’
3304 4761 3428 4817 οὐδὲ
3458 4760 3696 4824 Παῦλος.

2117 4861 2241 4915 οὐδὲ
2269 4876 2357 4923 τις
2390 4857 2552 4920 ἄλλος
2595 4856 2732 4911 ποτὶ
2758 4855 2921 4926 ὤφθη
2965 4854 3234 4926 παρορῶν
3278 4853 3379 4924 μιν
3408 4854 3474 4908 τὸ
3512 4853 3697 4927 ἁμάρ-

2117 4968 2295 5023 τημα,
2321 4949 2400 5021 τῷ
2425 4949 2483 5003 δὲ
2512 4948 2887 5020 ἁμαρτάνοντι
2921 4945 2983 5001 τδ
3013 4944 3311 4999 ἀνεύθυνον
3359 4944 3697 5014 ιπαγγελλό-

2121 5062 2305 5116 μενος.
2341 5042 2454 5098 Ποῦ
2491 5039 2696 5110 ταύτην
2735 5041 2838 5109 τὴν
2872 5040 3076 5095 ἄτοπον
3120 5038 3440 5110 οἰκονομίαν
3472 5036 3700 5109 ἑξεῦρες

2116 5138 2217 5208 τὴν
2241 5136 2346 5191 οὐκ
2399 5132 2816 5205 ὲλαφρύνουσαν
2842 5133 2902 5187 τὺ
2938 5133 3108 5204 βάρος
3151 5130 3249 5186 τοῦ
3295 5132 3700 5204 ἁμαρτήματος

2118 5231 2257 5287 ἀλλὰ
2284 5229 2589 5302 βαρύτερον
2628 5227 2760 5281 αὐτὸ
2786 5225 3090 5288 ποιοῦσανς
3140 5226 3242 5298 τὴν
3284 5225 3361 5297 μὴ
3395 5224 3697 5289 σώζουσαν,

2118 5322 2255 5379 ἁλλὰ
2296 5323 2364 5391 τῇ
2394 5320 2645 5391 ἀπωλείᾳ
2676 5317 3114 5390 παριδιδοῦσανς
3148 5318 3248 5387 τὴν
3293 5318 3368 5388 μὴ
3401 5315 3699 5386 καθαίρου⁴

2119 5434 2240 5480 σαν,
2266 5414 2382 5469 ἀλλ’
2434 5413 2527 5467 ἐπὶ
2572 5414 2739 5467 πλέον
2770 5412 2863 5467 τὸν
2909 5412 3084 5484 ῥύπον
3127 5412 3554 5484 προστιθεϊσαν;
3599 5411 3699 5475 Τίς

2117 5525 2249 5562 ποτε
2284 5505 2541 5579 τοιαύτην
2581 5504 2897 5575 οἰκονομίαν
2936 5503 3069 5576 ἄχρι
3112 5497 3209 5558 τοῦ
3258 5504 3351 5558 νῦν
3386 5504 3564 5573 ἔγνως
3601 5506 3696 5559 Οἰ-

2118 5600 2348 5672 κονομία
2398 5597 2498 5671 μὲν
2543 5597 2654 5669 γάρ
2702 5595 3059 5667 σωτηριώδης
3108 5596 3232 5651 ἔστι
3265 5596 3696 5664 συγκατάσασις,

2119 5694 2368 5763 σώζουσα
2388 5692 2479 5747 τὸν
2506 5691 2897 5764 ἡμαρτηκότα,
2929 5692 3088 5763 χεῖρα
3136 5689 3391 5761 βοηθείας
3424 5690 3697 5762 ὀρέγουσα

2120 5791 2214 5847 καὶ
2263 5785 2540 5844 ἀνιστῶσα
2578 5784 2673 5841 τοῦ
2713 5784 3007 5855 πτώματος
3042 5782 3132 5840 τὸν
3184 5782 3444 5850 πεσόντα,
3468 5780 3590 5852 οὐχὶ
3618 5781 3697 5853 τῷ
