4068 6176
430 292 533 354 2ιὸ

1557 295 1866 357 NiCtlLM
1918 296 2029 355 (ΞΡ.
2074 295 2515 358 ιἈΤΙΠᾹΠΟΠ
2545 295 2589 353 Ε

3577 297 3693 364 216

423 416 543 457 esse
588 401 873 469 imitanda,
910 402 1020 457 imo
1066 419 1309 459 nostrum
1361 420 1504 469 esse,
1544 405 1823 475 pejnt‘ibtts
1868 421 1999 473 cog-

2108 409 2216 478 γὶρ
2247 410 2447 475 κοινῶς
2474 409 2627 479 παρὰ
2658 408 2793 462 πᾶσι
2818 409 3032 476 κρατεῖ.
3054 407 3116 462 τδ
3146 407 3222 477 μή
3253 406 3387 479 πὼς
3420 408 3486 462 τὰ
3516 412 3694 481 χείρω

424 495 576 557 nitis.
635 494 699 547 ad
756 496 857 549 hoc
903 506 1169 565 quantum
1218 500 1270 551 in
1327 499 1486 554 nobis
1532 508 1618 553 est
1659 500 1996 564 incumbere,

424 605 491 643 ne
523 589 714 644 eodem
753 589 1115 659 abripiamur,
1168 593 1263 648 scd
1314 593 1495 665 potius
1545 593 1612 648 ad
1642 592 1869 648 meliora
1917 593 2000 649 in-

419 680 702 736 clinemus.
1892 739 1899 745 τ

492 775 633 840 Quid
675 777 838 845 igitur
881 777 1012 831 mihi
1053 793 1454 835 commemoras
1492 780 1873 836 Valcntianum
1905 791 1999 836 aut

421 868 587 923 alium
638 870 1063 939 quemcunque?
1115 870 1172 925 Si
1224 874 1368 927 enim
1421 874 1568 930 illius
1608 874 1807 929 factum
1839 872 1999 930 laude

420 968 503 1015 est
535 959 785 1031 dignum,
836 961 1036 1016 imitari
1064 962 1347 1028 debemus,
1379 974 1433 1019 ut
1464 965 1653 1020 eadem
1688 964 1847 1021 laude
1879 965 2000 1035 dig-

424 1068 524 1105 nos
550 1068 650 1106 nos
678 1051 970 1109 reddamus
1007 1071 1021 1108 :
1055 1054 1099 1109 si
1146 1071 1275 1111 vero
1324 1056 1741 1126 vituperandum
1795 1066 1880 1112 est
1931 1071 1997 1112 ac

420 1144 848 1215 reprobandum,
879 1146 1007 1216 quid
1060 1148 1222 1217 jubes
1262 1164 1349 1205 me
1396 1151 1573 1208 facere
1621 1167 1743 1223 qua:
1794 1152 1892 1208 tibi
1931 1167 1998 1209 ac

422 1238 581 1295 nobis
632 1238 796 1294 simul
844 1240 897 1293 in
951 1242 1281 1312 vituperinm
1331 1244 1571 1300 cedunt?
1638 1245 1705 1299 At
1764 1245 1991 1318 (inquis)

422 1331 805 1387 sanctissimus
828 1331 1097 1389 Damasus
1127 1337 1367 1391 admisit.
1393 1336 1599 1405 Quodsi
1626 1339 1765 1394 hanc
1786 1338 1998 1408 opinio-

425 1439 548 1479 nem
580 1434 694 1481 toto
723 1426 909 1481 animo
938 1428 1175 1498 suscipis
1225 1443 1457 1500 eamque
1504 1431 1644 1486 bene
1690 1445 1749 1486 se
1795 1431 1997 1488 habere

420 1517 722 1580 existimas.
775 1519 965 1591 quidni
1006 1535 1071 1577 eo
1116 1537 1289 1593 usque
1318 1524 1661 1596 progrederis
1689 1533 1750 1580 ut
1780 1526 1996 1583 saucias

420 1607 586 1665 licere
612 1610 750 1666 duas
796 1626 995 1668 uxores
1044 1613 1206 1669 simul
1238 1615 1476 1671 habere?
1521 1616 1625 1672 Sed
1670 1617 1773 1674 hoc
1800 1618 1997 1691 dogma

421 1701 664 1758 declinas
725 1719 901 1775 neque
952 1706 1033 1761 sic
1065 1706 1160 1761 tibi
1194 1708 1429 1763 videtur.
1478 1708 1534 1765 Si
1581 1710 1748 1782 igitur
1791 1725 1858 1765 eo
1904 1725 1996 1767 us-

422 1808 529 1862 que
555 1809 665 1850 non
709 1796 982 1865 procedis,
1029 1806 1078 1852 te
1111 1812 1221 1854 rem
1254 1799 1425 1870 ipsam
1462 1776 1691 1870 rejicere
1714 1810 1767 1856 et
1799 1801 2000 1859 admis-
2030 1776 2076 1837 Β

423 1886 631 1941 sionem
667 1888 809 1943 haud
843 1889 1039 1945 bonam
1085 1905 1210 1948 esse
1256 1892 1467 1963 opinari
1521 1904 1765 1964 apparet.
1819 1889 1999 1952 Aaron

421 1978 552 2035 olim
579 1980 781 2038 vitulos
818 1980 1048 2049 cllinxit.
1091 1993 1146 2041 et
1174 1984 1316 2042 Deus
1354 1988 1454 2041 hoc
1486 1988 1599 2042 t‘u-ri
1646 1990 1794 2055 sivit,
1831 1987 2002 2060 εἰψιθο

424 2073 545 2127 dem
577 2073 667 2129 ille
699 2091 890 2146 poenas
919 2078 1065 2133 haud
1096 2078 1277 2135 solvit.
1328 2078 1448 2136 Jam
1475 2096 1604 2138 vero
1631 2082 1865 2139 Aaronis
1898 2084 2003 2139 im-

425 2167 648 2231 punitas
692 2168 799 2225 illis
841 2170 934 2240 qui
980 2180 1164 2240 postea
1213 2172 1418 2230 vitulos
1464 2174 1819 2231 emirmarere
1862 2176 2001 2231 nihil

425 2263 632 2332 proruit
653 2262 785 2333 quin
817 2263 981 2335 hujus
1007 2264 1269 2323 facinoris
1303 2284 1493 2341 poenas
1523 2268 1736 2326 darent.
1767 2268 2004 2340 Videsne

426 2372 523 2411 eos
551 2371 785 2427 quorum
829 2372 919 2412 res
964 2358 1105 2413 male
1136 2358 1333 2416 habent
1370 2361 1445 2416 nil
1480 2361 1615 2417 lucsi
1652 2362 1778 2419 inde
1809 2378 2003 2435 capere

423 2448 468 2502 si
522 2449 591 2504 ad
623 2449 894 2521 majorum
949 2462 1170 2524 peccata
1226 2452 1584 2525 confugiant?
1632 2454 1733 2511 Cui
1779 2458 1923 2511 bono
1946 2464 2005 2512 et

422 2541 612 2597 civiles
637 2543 783 2615 leges
812 2555 865 2600 et
897 2545 1065 2601 divini
1102 2561 1343 2602 canones
1373 2546 1667 2613 ferrentur,
1706 2549 1752 2605 si
1783 2563 1848 2606 ea
1876 2564 2003 2627 qua:

422 2635 553 2691 olim
601 2637 977 2705 obtinuerunt,
1029 2654 1259 2712 prorsus
1308 2640 1528 2710 impune
1582 2641 1786 2697 imitari
1833 2642 2000 2697 debev

426 2730 648 2784 remus?
698 2728 971 2786 Feruntur
998 2747 1132 2787 sane
1159 2732 1304 2797 ideo.
1349 2748 1417 2788 ne
1445 2733 1694 2790 homines
1727 2733 1819 2807 qui
1857 2743 2006 2791 vete—

424 2821 579 2875 ribus
627 2824 867 2892 peccatis
915 2824 1230 2891 illabuntur.
1267 2826 1342 2881 uti
1394 2826 1609 2896 possint
1640 2827 1745 2883 hac
1772 2842 2004 2884 excusa-

424 2916 572 2971 tione
606 2933 621 2971 :
659 2916 813 2984 Quod
844 2918 1093 2989 peccavi,
1139 2919 1245 2975 hoc
1285 2919 1569 2975 mihicum
1607 2920 1791 2992 aliquo
1826 2921 2004 2992 majo-

425 3024 546 3063 ruin
580 3024 870 3068 commune
900 3023 1005 3069 CSI.

499 3198 615 3253 Non
643 3197 877 3254 absohit
902 3198 1085 3269 igitur,
1118 3215 1151 3253 ο
1185 3199 1402 3263 fratres.
1434 3210 1726 3271 prmtextns
1770 3202 1870 3260 istc
1908 3220 2003 3263 eos

427 3295 521 3363 qui
576 3293 643 3347 ad
696 3290 828 3346 illud
873 3291 1200 3364 confugiunt
1241 3304 1295 3349 et
1340 3294 1468 3351 inde
1513 3308 1768 3366 quartum
1799 3313 2007 3355 connu-

427 3385 575 3439 hium
608 3383 855 3440 stabilire
917 3394 1209 3449 conantur,
1262 3387 1356 3443 sed
1412 3386 1596 3458 potius
1649 3390 2002 3459 condemnat,

423 3479 553 3549 quia
581 3491 688 3533 non
712 3485 880 3542 recta.
918 3478 1015 3533 sed
1048 3478 1271 3550 obliqua
1336 3479 1424 3535 via
1462 3495 1548 3535 res
1577 3481 2003 3551 ecclesiasticas,

426 3587 548 3641 qua!
586 3586 801 3641 semper
848 3571 1170 3627 rectissima:
1228 3587 1351 3629 esse
1388 3572 1617 3640 debent,
1688 3574 2007 3645 dispensare

427 3666 664 3721 student.
698 3665 869 3720 Porro
904 3666 948 3722 si
984 3667 1107 3738 quis
1154 3682 1439 3723 servorum
1503 3679 1744 3733 tuorum.
1784 3670 2005 3741 quando

427 3761 648 3814 domum
674 3769 767 3813 aut
791 3768 991 3814 vestem
1029 3758 1326 3829 polluit,ad
1371 3760 1537 3816 alium
1570 3763 1663 3832 qui
1696 3762 1836 3817 idem
1856 3762 2006 3834 prius

429 3853 617 3908 iecerit
651 3868 770 3909 sese
817 3851 1067 3908 referens
1100 3853 1301 3908 dixerit
1332 3872 1346 3909 :
1384 3854 1659 3921 Quoniam
1712 3856 1852 3911 alius
1878 3855 2006 3927 quis

427 3960 815 4000 conservorum
853 3960 1101 4002 meorum
1151 3946 1290 4001 idem
1329 3946 1626 4015 commisit,
1687 3948 1811 4004 ideo
1839 3949 2004 4005 etiam

429 4038 563 4094 mihi
610 4039 715 4094 hoc
751 4037 935 4096 facere
993 4040 1168 4101 licuit.
1229 4040 1372 4096 hanc
1434 4042 1847 4100 excusationem
1895 4058 2003 4100 non

429 4132 708 4195 admittes,
750 4130 846 4188 sed
877 4131 1175 4203 castigabis
1225 4147 1289 4188 ac
1317 4126 1634 4190 verberabis
1672 4148 1739 4191 eo
1770 4133 1915 4206 quod
1937 4134 2005 4191 ad

430 4225 593 4281 talem
667 4224 947 4281 licentiam
1004 4225 1355 4297 processerit,
1433 4241 1557 4283 cum
1641 4226 1823 4298 potius
1883 4236 2009 4299 post

429 4318 681 4374 conservi
716 4333 959 4374 errorem
1005 4332 1035 4372 ε
1089 4318 1181 4374 tali
1210 4317 1459 4375 facinore
1521 4316 1629 4375 sibi
1687 4320 1885 4376 cavere
1911 4318 2008 4374 de-

433 4412 633 4467 buerit.
661 4410 795 4478 Qnre
829 4427 956 4466 vero
990 4410 1046 4467 in
1074 4410 1320 4468 Ecclesia
1345 4411 1487 4467 male
1516 4420 1777 4484 aguntur.
1829 4411 2006 4482 majo-

2028 3144 2075 3204 ιζ

2105 503 2204 573 τὴν
2240 503 2479 574 μίμησιν
2532 502 2828 563 ποιεῖσθαι,
2870 498 2989 553 ἀλλ’
3028 503 3126 571 ὅση
3180 502 3416 566 δύναμις
3461 504 3523 554 ἐκ
3586 504 3690 571 τῆς

2105 597 2215 650 τῶν
2265 598 2533 667 χειρόνων
2577 595 2919 666 κατηγορίας
2964 593 3365 661 ἀσφαλίζεσοαι
3401 595 3548 663 ἡμᾶς
3582 597 3688 648 αὖ·

2106 691 2255 756 τοὺς,
2290 689 2367 763 μὴ
2405 691 2521 755 τοῖς
2570 692 2708 754 ίσοις
2753 690 3103 762 περιπεσεῖν,
3137 687 3275 741 ἀλλὰ
3309 687 3512 759 μᾶλλον
3548 688 3689 758 προς

2104 784 2170 839 τά
2202 784 2449 854 βελτίονα
2476 783 2769 856 φέρεσθαι.

2179 877 2244 931 Τί
2303 875 2397 933 οὖν
2448 894 2541 947 μοι
2589 877 2683 931 τόν
2728 874 3126 931 Ούαλεντιανὺν
3176 874 3473 945 παράγεις,
3516 873 3551 945 ἦ
3596 874 3692 926 τὸν

2103 974 2251 1028 δεῖνα
2298 970 2395 1025 καὶ
2424 971 2518 1024 τὸν
2544 969 2722 1036 δεῖνας
2762 968 2824 1023 Εί
2853 968 2954 1039 μὲν
2984 968 3019 1039 ἡ
3056 966 3249 1021 τοῦτον
3282 964 3484 1038 πρᾶξις
3518 966 3687 1019 ὲπαι-

2103 1065 2253 1135 νετὴ,
2291 1061 2664 1134 μιμησὼμεθα
2719 1062 2811 1114 καὶ
2865 1060 3050 1131 ἡμεῖς,
3082 1059 3170 1112 ἵνα
3220 1057 3331 1112 τῶν
3362 1056 3494 1111 ἴσων
3530 1056 3692 1111 ἐπαί-

2104 1175 2212 1212 νων
2260 1155 2799 1227 κληρονομήσωμεν·
2837 1152 2885 1207 εί
2932 1152 2990 1206 δὲ
3045 1153 3238 1224 μῶμον
3288 1152 3403 1222 ἔχει
3443 1152 3538 1207 καί
3566 1152 3691 1206 διας

2105 1251 2398 1322 ϐέϐληται,
2435 1249 2489 1304 τί
2520 1266 2588 1319 με
2645 1249 2821 1302 ποιεῖν
2871 1245 3229 1317 προτρέπεις,
3260 1242 3297 1301 ά
3322 1244 3418 1297 καὶ
3452 1243 3539 1298 σοὶ
3586 1243 3693 1313 τὴν

2103 1344 2359 1418 διαϐολὴν
2390 1342 2486 1397 καὶ
2524 1342 2657 1412 ἡμῖν
2699 1341 2895 1411 φέρεις
2943 1338 3086 1394 Ἀλλ’
3123 1336 3344 1404 ἐδέξατο
3376 1336 3630 1405 Δάμασος
3659 1335 3693 1387 ό

2106 1437 2439 1508 ἁγιώτατος.
2469 1436 2531 1490 El
2580 1434 2681 1505 τὴν
2731 1432 3052 1505 παραδοχὴν
3096 1432 3196 1505 ὅλῃ
3241 1430 3391 1502 ψυχῇ
3439 1428 3691 1499 ἀποδέχῃ

2104 1531 2201 1586 καὶ
2226 1528 2469 1601 νομίζεις
2491 1528 2664 1597 αὐτὴν
2694 1526 2881 1591 καλῶς
2902 1524 3073 1595 ἔχειν,
3104 1523 3159 1577 τί
3199 1523 3294 1576 καὶ
3329 1522 3394 1575 σὺ
3430 1520 3507 1591 μὴ
3547 1518 3687 1593 θαρσ-

2104 1627 2207 1696 ρᾖ
2253 1622 2377 1678 δυσὶ
2428 1619 2648 1692 γυναιξὶ
2692 1617 2835 1675 κατὰ
2883 1616 2946 1671 τὺ
2979 1616 3112 1672 αὐτὸ
3146 1617 3389 1669 συνεῖναι
3424 1611 3693 1680 δογματί-

2104 1718 2257 1785 (aut;
2298 1714 2462 1772 Ἀλλὰ
2487 1713 2717 1784 φεύγεις
2747 1711 2819 1766 τδ-
2835 1710 3037 1781 δόγμα,
3072 1712 3169 1763 καὶ
3190 1710 3290 1763 οὐκ
3317 1708 3382 1764 ἄν
3416 1723 3500 1761 σοι
3522 1705 3692 1785 τοῦτο

2103 1811 2251 1882 δόξῃ.
2272 1806 2553 1880 Οῠμενουν
2580 1808 2684 1860 οὐκ
2721 1804 2789 1861 ἂν
2817 1802 3117 1875 άρνηθείης
3147 1800 3501 1874 προτρέπειν,
3523 1797 3691 1866 δῆλος

2105 1900 2157 1958 εἷ
2186 1902 2619 1971 καταγινώσκων
2641 1897 2737 1952 τοῦ
2769 1897 3122 1971 πράγματος,
3148 1894 3245 1949 καὶ
3278 1893 3380 1964 τὴν
3413 1890 3689 1962 ἀποδοχὴν

2108 1996 2184 2067 μὴ
2207 1994 2377 2065 καλὴν
2406 1987 2573 2046 οὖσαν
2598 1987 3031 2060 ὑπολαμϐάνειν.
3073 1982 3516 2058 Ἐμοσχοποίησέ
3551 1998 3691 2036 ποτε

2117 2087 2355 2159 Ἀαρὼν,
2417 2085 2515 2139 καὶ
2578 2082 2932 2164 συνεχώρησε
3006 2078 3171 2135 τοῦτο
3242 2078 3419 2143 Θεόςο
3466 2077 3528 2131 ού
3576 2076 3691 2146 γάρ

2106 2179 2325 2252 ὑπήχθη
2351 2181 2418 2251 τῇ
2447 2178 2597 2250 δίκῃ.
2627 2176 2745 2231 ἀλλ’
2771 2176 2872 2231 οὐκ
2918 2175 3156 2248 ἤρκεσεν
3194 2173 3309 2235 τοῖς
3348 2168 3488 2243 μετά
3514 2168 3695 2223 ταῦτα

2108 2270 2504 2347 μοτχοποιοῦσι
2534 2269 2598 2324 τὸ
2626 2267 2721 2323 τοῦ
2766 2267 2982 2339 Ἀαρὼν
3006 2266 3438 2332 ἀκατάγνωστον
3488 2262 3570 2326 είς
3624 2258 3694 2312 τὸ

2108 2365 2184 2438 μὴ
2229 2363 2414 2419 δοῦναι
2458 2362 2620 2432 δίκην
2668 2360 2773 2432 τῆς
2808 2359 3187 2431 μοσχοποιίις.
3220 2355 3389 2428 Ὀρᾷς
3423 2352 3541 2416 πῶς
3582 2352 3692 2423 οὺχ

2107 2456 2292 2512 ίκανδν
2319 2456 2433 2517 τοῖς
2465 2454 2541 2526 μὴ
2572 2452 2755 2517 καλῶς
2782 2451 2849 2506 τὲ
2883 2451 3063 2505 οἰκεῖα
3109 2445 3512 2517 διατιθεμένοις
3543 2443 3688 2512 πράο

2102 2567 2292 2623 γματα
2336 2547 2736 2621 ὲπανατρέχειν
2779 2548 2859 2609 είς
2888 2543 3300 2615 προγενέστερα
3350 2539 3692 2611 σφάλματας

2104 2646 2265 2711 Τίνος
2288 2645 2345 2700 δὲ
2372 2644 2535 2718 χάριν
2564 2643 2660 2697 καὶ
2682 2640 2956 2696 πολιτικοὶ
2987 2638 3142 2709 νόμοι
3169 2638 3266 2691 καὶ
3288 2636 3427 2690 θεῖοι
3462 2632 3695 2697 κανόνες

2106 2739 2467 2805 ικτέθεινται,
2516 2736 2566 2791 εί
2614 2734 2685 2790 τά
2744 2732 3092 2807 προλαϐόντα
3137 2726 3255 2802 εἶχε
3306 2730 3407 2796 τὴν
3451 2727 3695 2797 μίμησιν

2104 2833 2517 2903 ἀκιτάκριτονς
2558 2825 2725 2883 Ἀλλά
2775 2825 3003 2911 σκοπὸς,
3056 2823 3145 2880 ἵνα
3198 2824 3275 2895 μὴ
3314 2825 3431 2886 τοῖς
3482 2820 3697 2892 προλα-

2106 2926 2294 2982 ϐοὖσιν
2334 2923 2708 2997 ἁμαρτήμασι
2762 2920 3191 2991 περιπίπτοντες
3240 2915 3547 2987 ἄνθρωποι.
3595 2928 3696 2966 κα-

2104 3018 2431 3088 ταφεύγοιεν
2459 3016 2540 3075 είς
2574 3011 2895 3081 ἀπολογίαν,
2923 3009 2999 3075 ὡς
3022 3010 3083 3064 τὸ
3119 3007 3514 3081 ὴμαρτημὶηκν
3539 3005 3698 3076 ἐμοὶ,

2106 3110 2204 3166 καὶ
2233 3109 2379 3180 ἄλλῳ
2406 3106 2517 3162 τινὶ
2550 3103 2970 3175 προγενεστέρῳ
3002 3100 3379 3172 ἐξείργασται.

2179 3200 2294 3255 οὔκ
2322 3197 2553 3254 ἀπολύει
2583 3191 2701 3261 οὖν,
2732 3193 2979 3263 ἀδελφοὶ,
3006 3191 3118 3247 οὐδ’
3154 3192 3189 3262 ἠ
3240 3190 3514 3263 πρόφασις
3548 3184 3703 3257 αὕτη

2104 3296 2235 3359 τοὺς
2286 3290 2739 3363 καταφεύγοντας
2791 3289 2880 3341 ἐπ’
2907 3286 3102 3356 αὐτὴν,
3140 3286 3240 3340 καὶ
3280 3284 3371 3339 διὰ
3402 3280 3561 3337 τοῦτο
3594 3280 3696 3333 σύ-

2109 3404 2300 3444 στασιν
2328 3388 2395 3458 τῇ
2430 3382 2781 3457 τετραγαμίᾳ
2832 3379 3274 3453 παρεχομένους.
3322 3375 3479 3430 Ἀλλὰ
3518 3388 3696 3429 κατα-

2108 3482 2283 3557 κρίνει
2342 3480 2563 3551 μᾶλλον,
2607 3477 2690 3532 δτι
2723 3478 2798 3547 μὴ
2846 3475 2914 3530 ἐκ
2960 3473 3057 3529 τοῦ
3101 3471 3309 3538 εὐθέος,
3352 3468 3471 3525 ἀλλ’
3499 3469 3564 3521 ἐκ
3591 3465 3694 3520 τοῦ

2105 3573 2550 3646 διεστραμμένου
2617 3570 2687 3623 τὰ
2762 3567 2969 3639 πολλῆς
3041 3565 3340 3636 εὐθύτητος
3417 3560 3697 3633 χρῄζοντα

2107 3670 2416 3741 πράγματα
2450 3667 2551 3736 τῆς
2596 3650 2932 3734 Ἐκκλησίας
2976 3660 3253 3731 ἐγνώκασι
3281 3658 3528 3712 διοικεῖν.
3559 3650 3698 3709 Εἶτα

2107 3764 2163 3818 εῖ
2212 3778 2297 3825 τις
2342 3759 2454 3814 τῶν
2512 3758 2621 3814 σῶν
2672 3755 2906 3811 οἰκετῶν
2960 3754 3057 3809 τὸν
3111 3749 3317 3823 οἴκονῆ
3348 3750 3442 3803 τὸν
3489 3748 3697 3821 χιτῶνα

2111 3856 2369 3928 μολύνας,
2405 3853 2498 3907 ἐπί
2525 3870 2577 3906 τι
2615 3853 2911 3924 πρόσωπον
2944 3850 3135 3920 ἕτερον
3174 3847 3307 3901 αὐτὸ
3354 3844 3515 3898 τοῦτο
3563 3858 3698 3913 προ-

2107 3948 2603 4020 διαπεπραγμένον
2646 3948 2942 4018 ἀναφέρων
2968 3947 3111 4016 ipsi,
3150 3943 3226 4007 ὡς
3256 3941 3449 4011 ἐπειδὴ
3490 3938 3699 4010 προλα⁹

2108 4046 2221 4099 σὺν
2246 4043 2438 4117 ἱτερός
2468 4059 2552 4105 τις
2572 4026 2686 4095 τῶν
2715 4038 3171 4109 συνθεραπόντων
3202 4032 3361 4088 τοῦτο
3388 4033 3695 4104 ἐξήμαρτε,

2107 4134 2200 4192 διὰ
2247 4133 2409 4191 τοῦτο
2454 4132 2632 4205 κάμοὶ
2681 4130 2949 4202 πράττειν
2992 4125 3165 4189 οὕτως
3206 4124 3464 4195 ἐπῆλθεν,
3500 4122 3602 4175 ούκ
3629 4120 3700 4175 ἂν

2108 4228 2235 4303 δέξῃ
2275 4228 2377 4303 τὴν
2420 4224 2743 4294 ἀπολογίαν,
2777 4219 2917 4276 ἀλλὰ
2950 4217 3320 4292 στριϐλώσεις
3351 4217 3447 4271 καὶ
3493 4229 3698 4286 μαστι-

2109 4322 2311 4391 γώσεις
2369 4318 2446 4383 ὡς
2510 4319 2593 4382 είς
2660 4314 2924 4383 τοιαύτην
2980 4312 3193 4383 ἥκοντα
3258 4307 3700 4379 καταφρόνησιν,

2113 4413 2471 4486 ὀφειλομένου
2506 4410 2663 4473 ὄντος
2694 4410 2759 4463 ἐκ
2783 4405 2880 4461 τοῦ
2922 4403 3439 4477 προημαρτημένου
3464 4398 3542 4471 τῷ
3572 4415 3701 4452 συν-

436 4521 553 4560 rum
586 4505 837 4574 exemplo
857 4502 1231 4559 conﬁrmanda
1271 4514 1324 4559 et
1355 4503 1668 4558 excusanda
1703 4502 1911 4574 putas?
1938 4501 2005 4557 Et

2111 4508 2429 4580 θεράποντι,
2462 4502 2658 4558 τοῦτον
2691 4501 2795 4573 τὴν
2844 4499 3046 4571 πρᾶξιν
3082 4494 3453 4567 φυλάξασθαι.
3486 4490 3599 4546 Καὶ
3625 4492 3699 4547 τὰ

434 4599 595 4653 aliter
629 4599 697 4652 de
736 4598 897 4653 rebus
934 4595 1047 4651 tuis
1080 4611 1146 4651 ac
1183 4594 1350 4651 domo
1382 4604 1473 4651 tua
1496 4596 1732 4666 iudicas,
1772 4604 1827 4650 ct
1854 4596 2013 4651 aliter

436 4695 502 4743 de
548 4690 619 4745 iis
642 4704 764 4761 qua:
823 4688 894 4761 ad
924 4687 1225 4745 Ecclesiae:
1276 4689 1571 4759 pertinent,
1600 4695 1655 4742 et
1689 4688 1816 4758 quia
1878 4687 2009 4742 olim

438 4783 706 4849 ejusmodi
789 4789 1008 4853 peccata
1076 4781 1382 4861 condonata
1438 4794 1504 4836 ac
1554 4779 1805 4847 neglecta
1864 4790 2010 4843 sunt,

436 4880 736 4934 etiamnum
773 4876 966 4947 negligi
1017 4875 1225 4945 iubes?
1252 4873 1389 4943 Quis
1431 4883 1614 4930 autem
1652 4875 1855 4929 mentis
1899 4889 2014 4929 sua:

436 4988 660 5043 compos
692 4982 744 5027 te
801 4970 948 5041 iuste
1006 4984 1167 5041 agere
1205 4968 1449 5025 dixerit?
1494 4969 1766 5026 Caeterum
1805 4969 1851 5025 si
1912 4969 2007 5040 qui

437 5078 568 5126 sunt
615 5068 708 5139 qui
743 5065 974 5135 gratiam
998 5062 1325 5135 (Evangelii)
1351 5079 1474 5117 cuin
1504 5063 1842 5134 antiquitate
1877 5076 2011 5116 cono

438 5166 579 5218 ferre
636 5168 691 5215 et
740 5160 956 5214 beatum
1010 5156 1266 5212 Davidem
1340 5156 1575 5227 allegare
1654 5162 2011 5226 praesumant,

439 5255 585 5311 haud
607 5253 763 5308 video
788 5250 917 5321 quid
948 5248 1057 5306 illis
1078 5249 1180 5303 hoc
1207 5248 1467 5319 prodesse
1497 5250 1690 5317 possit,
1720 5248 1822 5304 nisi
1848 5248 2012 5303 etiam

439 5345 702 5401 Jacobutn
734 5359 858 5399 cum
908 5342 1123 5399 duabus
1169 5341 1436 5398 uxoribus
1487 5343 1667 5414 iisque
1724 5342 2013 5398 sororibus

441 5440 600 5496 nobis
626 5437 974 5499 adduxerim.
1022 5444 1140 5499 aut,
1180 5435 1225 5491 si
1252 5435 1420 5503 lubet,
1466 5436 1630 5490 etiam
1676 5434 2012 5499 Samuelem,

438 5532 534 5605 qui
566 5534 621 5587 in
649 5532 968 5604 sanguinem
992 5530 1141 5601 Agag
1188 5543 1376 5583 ensem
1420 5527 1663 5593 intinxit,
1690 5541 1743 5583 ct
1779 5527 2017 5584 circum-

439 5627 705 5684 a-isionem
738 5632 794 5677 et
826 5622 1098 5687 victimas,
1122 5628 1176 5675 et
1206 5634 1547 5691 quaecunque
1571 5620 1715 5690 apud
1759 5620 2018 5691 antiquos

443 5724 497 5775 in
532 5736 632 5776 usu
662 5718 833 5773 fuisse
863 5715 1092 5771 historia
1123 5714 1283 5770 nobis
1315 5713 1520 5770 retulit.

2109 4600 2301 4665 κακῶς
2339 4601 2408 4671 τῇ
2448 4594 2756 4667 Ἐκκλησία
2798 4593 3209 4664 συμπίπτοντα,
3241 4591 3305 4643 ὲκ
3341 4586 3454 4642 τῶν
3490 4584 3701 4659 προλαο

2110 4697 2321 4749 ϐόντων
2349 4693 2522 4759 ἀξιοῖς
2573 4686 3023 4761 παραδέχεσθαι;
3072 4686 3185 4741 Καὶ
3210 4683 3311 4756 τὴν
3340 4684 3464 4755 ῖσην
3501 4683 3561 4736 οὺ
3600 4696 3701 4750 τη-

2116 4791 2229 4861 ρείς
2274 4787 2369 4840 επὶ
2396 4785 2499 4856 τῆς
2554 4783 2889 4853 Ἐκκλησίας
2919 4780 3150 4850 γνώμην
3192 4779 3311 4839 τοῖς
3342 4776 3474 4845 περὶ
3499 4773 3559 4827 σὲ
3599 4774 3701 4827 καὶ

2113 4886 2213 4957 τὴν
2256 4881 2357 4954 σὴν
2396 4879 2576 4935 οίκίαν
2629 4877 3055 4949 πραττομένοις,
3088 4872 3228 4927 ἀλλά
3271 4872 3506 4935 δικαιοῖς
3555 4868 3698 4923 αὐτὶ

2115 4974 2368 5046 παρορᾷν
2421 4972 2512 5025 διὰ
2572 4969 2673 5041 τὴν
2728 4967 2839 5022 τῶν
2908 4964 3300 5036 προλαϐόντων
3358 4960 3699 5033 σφαλμάτων

2114 5068 2459 5141 παρόρασιν;
2489 5063 2599 5117 Καὶ
2627 5061 2713 5125 τίς
2744 5059 2813 5113 ἂν
2836 5060 2985 5112 είποι
3013 5071 3073 5109 σε
3103 5055 3293 5110 είκότα
3327 5055 3526 5116 ποιεῖν,
3557 5051 3699 5123 opus

2112 5161 2339 5233 φρονεῖν
2389 5155 2797 5224 ἂπιστάμενοςς
2827 5151 2902 5205 Τὸ
2931 5148 2991 5204 δδ
3025 5148 3122 5203 καὶ
3172 5148 3310 5220 πρὸς
3343 5146 3444 5218 τὴν
3472 5145 3697 5199 παλαιό-

2111 5268 2252 5324 τητα
2283 5246 2601 5318 συγκρίνειν
2630 5246 2732 5318 τὴν
2766 5246 2930 5319 χάριν
2963 5244 3061 5297 καὶ
3092 5242 3190 5296 τὸν
3220 5240 3496 5311 μακάριον
3535 5237 3704 5292 Δαϐἰδ

2115 5347 2197 5409 είς
2227 5342 2393 5415 μέσον
2427 5340 2719 5411 παράγειν,
2753 5338 2856 5392 οὐκ
2892 5331 3012 5390 οἶδα
3040 5333 3094 5389 τί
3130 5330 3701 5401 συναντιλαμϐάνεται

2114 5438 2228 5499 τοῖς
2251 5434 2411 5489 τοῦτο
2442 5430 2821 5506 προφέρουσιν
2843 5443 2858 5459 ·
2894 5430 2945 5483 εί
2980 5426 3059 5499 μὴ
3088 5427 3201 5497 ἄρα
3232 5422 3329 5479 καὶ
3367 5422 3459 5477 τὸν
3499 5420 3700 5478 Ἰακὼϐ

2116 5532 2215 5585 σὺν
2247 5531 2368 5593 ταῖς
2396 5529 2518 5584 δυσὶ
2539 5528 2813 5597 γαμεταῖς
2833 5522 3001 5581 αὐτοῦ
3037 5522 3302 5591 ἀδελφαῖς
3331 5517 3528 5583 obeat;
3562 5518 3701 5590 ἡμῖν

2120 5624 2539 5697 προσοίσουσιν·
2592 5622 2642 5676 εἰ
2691 5620 2875 5692 βούλει
2903 5619 2964 5673 δὲ
3012 5619 3106 5673 καὶ
3142 5617 3231 5671 τὸν
3258 5613 3515 5687 Σαμουὴλ
3555 5613 3698 5669 κατὰ

2118 5715 2219 5787 τῆς
2250 5714 2469 5786 σφαγῆς
2514 5712 2609 5767 τοῦ
2656 5714 2841 5781 ’Δγαγ
2867 5711 2927 5765 τὸ
2959 5710 3115 5781 ξίφος
3140 5710 3443 5781 βάπτοντα,
3477 5706 3572 5761 καὶ
3599 5706 3699 5778 τὴν

442 5810 767 5889 πτριτοειὴν,
802 5809 896 5865 καὶ
936 5806 1005 5863 τὰ
1049 5808 1276 5879 σφάγια,
1312 5808 1408 5863 καὶ
1443 5812 1544 5865 ὅσα
1574 5810 1640 5880 τῇ
1682 5807 2007 5879 παλαιότητι
2050 5796 2401 5884 πραττόμενα
2425 5807 2560 5872 τέως
2586 5803 2937 5877 ὲγνωρίζετο.
