4068 6176
282 209 382 274 221
1772 218 1885 279 EPl
1903 218 2183 283 STOLE.
3482 218 3590 283 ‘22?

294 329 648 402 ’ίίχκλησιῶν
681 331 777 386 τοῦ
804 331 969 399 Θεοῦ,
997 330 1177 387 ταῦτα
1224 332 1319 387 καὶ
1349 332 1521 403 χωρὶς
1555 334 1653 402 τῆς
1685 332 1904 404 ἡμετέ-

2012 332 2131 397 Dei,
2188 333 2401 403 hocque
2428 331 2593 387 etiam
2624 330 2834 401 absque
2879 338 3069 386 nostra
3102 329 3509 393 exhortatione,
3535 342 3588 386 et

281 439 384 490 Ρις
440 424 859 495 παραινέσεως,
914 428 1010 480 καὶ
1059 425 1247 497 διανοῇ
1307 427 1405 478 καὶ
1434 424 1715 496 πράττεις.
1755 424 1899 492 Πλὴν

2009 430 2216 501 cogites
2246 438 2302 485 et
2335 444 2490 499 agas.
2539 427 2793 483 Attamen
2858 441 2983 480 cum
3036 424 3103 479 ad
3142 439 3244 479 nos
3318 425 3584 495 pertineat

276 514 399 568 ἀλλ’
470 517 603 572 ἐπεὶ
651 519 687 591 ὴ
736 518 838 591 ὅλη
877 520 1122 592 μέριμνα
1156 519 1251 573 καὶ
1295 519 1327 590 ἡ
1360 518 1581 591 φροντὶς
1611 521 1746 587 ἡμῖν
1781 518 1900 570 ἐπί-

2009 524 2186 578 omnis
2208 518 2769 578 curaetsollieitudo
2827 518 3225 581 Ecclesiarum,
3288 516 3589 573 scribimus

276 627 478 665 κειται
516 612 631 666 τῶν
671 610 1037 684 Ἑκκλησιῶν,
1070 613 1365 683 γράφομέν
1408 628 1490 664 σοι
1524 611 1619 666 καὶ
1649 613 1829 681 ἡμεῖς,
1865 612 1903 665 ἃ.

2009 613 2100 668 tibi
2128 622 2180 669 et
2211 629 2330 678 nos,
2367 628 2487 683 qure
2512 621 2564 667 et
2608 611 2704 666 tibi
2752 609 3055 666 mercedem
3088 612 3365 667 cmlestem
3405 609 3591 663 conci-

276 701 375 753 καὶ
407 704 504 756 σοὶ
537 702 738 773 μισθὸν
766 704 1022 776 οὐράνιον
1070 704 1347 776 προξενεῖ,
1385 703 1485 758 καὶ
1506 706 1628 767 ταῖς
1663 701 1901 772 Ἐκκλη-

2009 708 2234 772 liabnnt,
2286 716 2341 763 et
2377 705 2644 762 Ecclesiis
2702 706 2855 759 utilia
2906 705 3051 771 sint;
3092 704 3187 761 sed
3239 703 3307 758 ad
3348 715 3589 771 praesens

276 794 439 857 σέαις
470 796 554 859 είς
584 795 878 867 συμφέρον
926 796 1107 849 ἐστίν·
1152 795 1291 849 ἀλλὰ
1322 794 1461 859 τέως
1502 795 1601 866 μὲν
1636 794 1764 863 περὶ
1794 794 1900 847 τῶν

2009 800 2225 871 quidem
2244 799 2312 856 de
2352 799 2567 854 ueteris
2592 806 2894 853 taceamus.
2927 796 3195 862 Quoniam
3222 810 3353 850 vero
3384 801 3588 849 sancta!

274 884 475 939 ἄλλων
511 887 786 958 σιγῶμεν.
819 887 978 941 Ἐπεὶ
1006 888 1062 941 δὲ
1096 887 1350 960 περὶτῆς
1375 887 1486 941 τῶν
1514 886 1709 956 Θηϐῶν
1738 885 1899 954 ἁγίας

2009 894 2319 951 Thebarum
2374 894 2638 951 Ecclesia:
2691 892 3009 947 audivimus
3048 890 3283 946 clericos
3327 890 3471 943 inter
3527 904 3591 943 se

274 979 663 1050 ἀνεμάθομεν
690 978 1046 1047 Ἐκκλησίας,
1100 980 1176 1041 ὡς
1206 980 1254 1033 oi
1291 978 1547 1049 κληρικοὶ
1579 978 1703 1031 κατ’
1734 976 1903 1047 αλλή-

2009 987 2423 1053 dissentientes,
2458 989 2659 1042 nedum
2680 990 2790 1042 sint
2816 985 2903 1041 his
2934 986 3025 1056 qui
3066 985 3135 1042 de
3193 985 3397 1040 mundo
3436 992 3586 1046 sunt,

276 1068 401 1123 λων
439 1071 861 1137 στασιάζοντες,
888 1072 1011 1125 ἀντὶ
1030 1070 1125 1125 τοῦ
1154 1070 1325 1134 τύπος
1347 1066 1487 1123 εἶναι
1514 1069 1902 1131 καταστάσεως

2009 1082 2267 1137 virtutum
2298 1081 2601 1152 exemplar,
2647 1080 2922 1135 tumultus
2951 1089 3000 1135 ct
3046 1094 3257 1151 pugnas
3312 1078 3587 1133 concitare

273 1164 404 1223 τοῖς
468 1165 796 1233 κοσμικοῖς,
832 1164 987 1217 αὐτοὶ
1056 1161 1359 1234 ἀταραξίας
1415 1160 1512 1217 καὶ
1564 1162 1743 1231 μάχας
1781 1178 1904 1213 συν-

2009 1176 2259 1245 quodque
2319 1174 2693 1227 miserrimum
2746 1181 2851 1234 est,
2884 1173 3069 1243 plagas
3101 1172 3205 1227 sibi
3232 1171 3465 1226 invicem
3498 1171 3587 1225 in—

289 1256 532 1324 ιστῶσι,
564 1259 662 1311 καὶ
688 1258 748 1310 τὸ
778 1257 1151 1312 ὲλεεινότατον
1182 1258 1276 1309 καὶ
1304 1255 1520 1325 πληγὰς
1550 1254 1904 1325 ἐπιφέρουσιν

2009 1266 2174 1331 ferre,
2200 1267 2251 1321 id
2272 1265 2567 1320 statuimus
2601 1276 2656 1319 ut
2677 1280 2771 1320 eos
2798 1274 2887 1319 tua
2913 1263 3201 1335 prudentia
3223 1264 3290 1318 ad
3322 1265 3583 1319 unitatem

279 1348 591 1419 ἀλληλοις,
644 1348 905 1440 ὁρίζομεν
954 1351 1037 1402 ἶνα
1082 1348 1305 1408 τούτους
1337 1348 1417 1411 είς
1465 1347 1585 1418 ἒνὴ
1622 1347 1691 1415 σὴ
1730 1360 1901 1416 προσ-

2009 1371 2252 1422 revoces,
2281 1358 2471 1429 eisque
2499 1364 2553 1411 et
2600 1356 2786 1412 verbis
2841 1364 2896 1410 et
2936 1355 3411 1410 exhortatiOnibus
3462 1369 3587 1424 pcr-

279 1439 611 1510 καλέσ-ηται
631 1436 871 1503 σύνεσις,
892 1441 989 1493 καὶ
1015 1438 1196 1509 λόγοις
1222 1440 1317 1491 καὶ
1349 1437 1708 1508 παραινέσεσι
1740 1436 1904 1508 πείσῃ

2009 1447 2241 1504 suadeas
2325 1454 2384 1502 ut
2455 1445 2764 1502 istiusmodi
2835 1445 3161 1500 tumultibus
3238 1446 3587 1506 abstineant;

278 1529 399 1601 τῆς
424 1532 691 1601 τοιαύτης
718 1530 945 1596 ἀταξίας
990 1531 1330 1601 ἀποσχέσθαι
1356 1546 1371 1562 ο
1424 1530 1520 1584 καὶ
1557 1529 1903 1602 παραγγείλῃ

2009 1552 2062 1599 rt
2095 1542 2181 1598 his
2206 1541 2301 1614 qui
2333 1540 2752 1609 archiepiscopo
2808 1538 3252 1597 comministrant
3297 1537 3588 1592 denunties

284 1623 434 1681 τοὺς
488 1621 632 1691 μετὰ
679 1619 776 1673 τοῦ
826 1621 1262 1690 ἀρχιεπισκόπου
1316 1617 1900 1688 συλλειτουργοῦντας.

284 1686 552 1777 ἑκείνοῦς
597 1714 701 1783 τὴν
749 1686 1049 1781 modum
1082 1711 1419 1785 Ἐκκλησίαν
1479 1686 1753 1782 κατέχειν,
1802 1709 1899 1763 καὶ
1932 1686 1979 1747 Β

285 1808 404 1876 τὴν
468 1809 530 1861 ὲν
584 1807 723 1876 αὐτῇ
759 1804 1075 1874 δοξολογίαν
1122 1806 1219 1859 τοῦ
1264 1804 1403 1859 Θεοῦ
1433 1803 1741 1859 ἔπιτελεῖνσ
1769 1804 1897 1865 τοὺς

288 1898 358 1954 δι
390 1898 613 1965 ἄλλους,
666 1899 720 1953 οἳ
747 1898 887 1958 τέως
926 1897 1003 1969 τῷ
1033 1899 1461 1971 ἀρχιεπισκόπῳ
1493 1896 1620 1953 οὔτε
1652 1898 1895 1952 συνελει-

291 1994 644 2063 τούργησαν,
687 1990 815 2047 οῦτε
870 1991 1265 2062 ἐκοινώνησαν,
1299 1994 1359 2045 ιν
1396 1993 1519 2057 ταῖς
1546 1990 1761 2057 λοιπαῖς
1798 1992 1895 2045 ἑκ-

296 2084 567 2155 κλησίαις
596 2083 934 2154 συνάγεσθαι
960 2086 1349 2151 καθ’ἑαυτοῦς,
1385 2086 1476 2141 ἵνα
1502 2084 1679 2150 οὓτως
1725 2086 1897 2154 ἀσύγ-

296 2197 470 2250 χυτος
496 2182 532 2248 ἡ
574 2178 819 2248 ίερατεία
852 2177 1133 2250 διαμείνῃ,
1193 2178 1388 2252 μέχρις
1439 2177 1508 2233 ἂν
1529 2179 1557 2233 ὀ
1580 2177 1739 2247 ἅγιος
1767 2178 1901 2244 Θεὸς

299 2270 581 2343 εὐδοκήσῃ
610 2267 1119 2340 τι,οῑκοδομηθῆναι
1162 2270 1243 2333 εἰς
1272 2272 1340 2322 τα
1387 2270 1731 2341 κατασχόντα
1758 2271 1899 2340 πρά-

300 2382 498 2435 γματα
550 2365 643 2420 διὰ
702 2365 801 2426 τὰς
837 2362 1118 2435 ἁμαρτίας
1174 2362 1334 2434 ἡμῶν
1380 2362 1483 2433 τὴν
1531 2362 1697 2431 ἁγίαν
1733 2360 1904 2418 αὑτοῦ

318 2459 675 2531 Ἒκκλησίαν.
741 2459 948 2513 Τούτου
1015 2459 1126 2531 γὰρ
1162 2460 1458 2531 γενομένου
1498 2461 1591 2515 καὶ
1639 2459 1697 2514 οἱα
1748 2460 1902 2529 παρά

303 2555 401 2607 τοῦ
434 2553 573 2607 Θεοῦ
621 2553 1051 2625 διατηρηθέντες
1095 2554 1384 2626 ἄμεμπτοι
1428 2556 1488 2608 ὲν
1511 2556 1581 2626 τῇ
1617 2554 1902 2625 ίερουργίᾳ

304 2646 514 2709 αὐτῶν,
552 2647 617 2700 οὐ
664 2646 742 2717 μὴ
792 2646 1215 2717 προσκὸψωσιν·
1254 2648 1352 2701 καὶ
1390 2648 1440 2702 οἱ
1482 2646 1825 2719 ἀνθρώπινόν
1849 2665 1902 2701 τι

306 2740 578 2805 παθόντες
610 2743 702 2793 καὶ
738 2741 1059 2811 σφαλέντες,
1122 2741 1262 2811 μετὰ
1304 2740 1407 2809 τῆς
1448 2740 1659 2812 ἀγαθῆς
1691 2740 1904 2807 ἐλπίδος

306 2837 529 2891 [certat
591 2836 955 2905 ἀναμένοντες
982 2834 1081 2906 τὴν
1126 2835 1257 2905 περὶ
1292 2834 1489 2898 αὐτοὺς
1527 2833 1903 2904 γενησομένην

303 2929 649 2998 οἰκονομίαν,
690 2930 822 2982 ὅταν
855 2930 883 2981 ὁ
922 2929 1096 2999 μέγας
1126 2927 1286 2999 ἡμῶν
1324 2926 1617 2998 ἀρχιερεὺς
1654 2926 1912 2990 καὶΘεδς

304 3020 468 3077 τῦτσ
502 3023 780 3095 εὐδοκησῃ
818 3021 1262 3091 ἐπιτελεσθῆναι.
1303 3019 1652 3090 Ἐρῤωμένον
1684 3036 1743 3072 σε
1781 3005 1899 3073 διὰ-
1932 3060 1977 3121 c

306 3112 548 3183 φυλάξαι
596 3114 627 3167 ὁ
663 3112 868 3182 Κύριος
890 3152 904 3176 ,
950 3112 1143 3165 τέκνον
1172 3109 1330 3181 ἡμῶν
1369 3108 1642 3173 ποθεινὸν,
1683 3111 1742 3161 ὲν
1769 3110 1903 3164 πᾶσι

309 3208 497 3271 καλοῖς
558 3205 945 3277 προκόπτοντα
1000 3205 1095 3258 καὶ
1147 3201 1567 3274 εὐδοκιμοῦντα,
1622 3203 1720 3256 καὶ
1773 3202 1905 3257 ὄντα

308 3298 574 3363 παντοίας
605 3296 871 3368 ἐπηρείας
896 3295 1190 3368 ἀνώτερον.

662 3437 786 3491 ΛΕ⁹.
829 3434 1150 3507 Στρατηγῷ
1191 3437 1556 3508 Στρυμόνος.

384 3575 535 3639 Βῖδα.
564 3576 757 3633 τέκνον
778 3578 940 3649 ἡμῶν
970 3578 1350 3648 ἠγαπημένον,
1372 3579 1454 3633 ὅτι
1509 3577 1605 3631 καὶ
1638 3580 1905 3651 φρονήσει

310 3674 407 3729 καὶ
438 3674 659 3727 συνέσει
712 3672 1111 3741 κοσμούμενος,
1161 3672 1348 3726 ἐκεῖνα
1392 3673 1613 3743 φρονεῖς
1643 3671 1772 3743 περὶ
1804 3671 1906 3741 τῆς

308 3769 403 3823 τοῦ
448 3768 602 3822 Θεοῦ.
637 3766 970 3837 Ἐκκλησίας
1035 3767 1139 3821 ὅσα
1172 3766 1382 3837 πρέπον
1423 3767 1572 3819 ἐστὶν
1617 3765 1905 3835 ἄνθρωπον

309 3861 538 3934 θεοφιλῆ
566 3862 664 3917 καὶ
698 3864 850 3933 παρὰ
893 3861 1029 3914 Θεοῦ
1062 3862 1158 3915 καὶ
1198 3860 1295 3914 νῦν
1326 3861 1629 3930 τιμηθέντα
1691 3862 1789 3914 καὶ
1814 3861 1905 3915 δο-

310 3954 617 4021 ξασθέντα,
661 3955 769 4011 καὶ,
812 3955 892 4019 είς
916 3957 1009 4007 τὸν
1051 3954 1312 4023 μέλλοντα
1367 3953 1542 4009 αἰῶνα
1599 3953 1768 4021 δόξαν
1810 3955 1907 4007 καὶ

307 4051 483 4123 τιμὴν
519 4048 711 4103 λαϐεῖν
741 4050 875 4117 παρ’
941 4048 1109 4101 αὐτοῦ
1159 4047 1481 4112 ἐλπίζονταο
1523 4048 1616 4102 καὶ
1645 4048 1775 4109 ἴσως
1808 4065 1905 4100 πε-

309 4144 503 4213 ρισσόν
525 4158 581 4194 τι
620 4137 887 4209 ποιοῦμεν
917 4138 1016 4209 τὴν
1068 4140 1168 4209 σὴν
1200 4138 1577 4207 διανοηθέντες
1614 4141 1905 4209 παραινεῖν

308 4234 539 4303 θεοφιλῆ
570 4230 747 4303 ψυχὴν
781 4230 911 4300 περὶ
946 4230 1039 4283 τοῦ
1086 4231 1454 4300 προΐστασθαι
1488 4230 1596 4285 τῶν
1637 4230 1905 4301 πραγμά-

306 4346 417 4381 των
460 4330 563 4397 τῆς
622 4323 866 4396 μεγάλης
926 4323 1020 4377 τοῦ
1062 4322 1198 4377 Θεοῦ
1250 4322 1600 4393 Ἐκκλησίας,
1657 4323 1714 4375 ὲν
1812 4323 1905 4374 καὶ

2009 1641 2068 1688 ut
2100 1632 2203 1704 ipsi
2226 1630 2552 1686 catholicam
2584 1630 2882 1685 Ecclesiam
2939 1638 3245 1701 protegant,
3278 1638 3355 1694 et,
3386 1643 3509 1699 quae
3533 1628 3589 1689 in

2007 1741 2071 1782 ea
2103 1734 2207 1793 est,
2246 1724 2341 1780 Dei
2374 1724 2607 1795 gloriam
2661 1723 2991 1793 perﬁciant;
3027 1722 3241 1777 caiteris
3269 1732 3451 1775 autem
3493 1721 3586 1789 qui

2007 1820 2276 1876 hactenus
2302 1818 2720 1889 archiepicopo
2753 1831 2932 1888 neque
2987 1814 3586 1875 comministraveruut,

2010 1928 2185 1987 neque
2211 1913 2780 1976 communicaverunt,
2813 1920 2873 1965 ut
2900 1910 2955 1966 in
2984 1908 3210 1980 reliquis
3244 1906 3506 1964 Eeclesiis
3532 1905 3589 1960 in

2010 2021 2180 2063 unum
2210 2015 2428 2071 coeant,
2464 2014 2523 2061 ut
2551 2005 2626 2060 ita
2658 2004 3027 2060 sacerdotium
3059 2001 3404 2058 inconfusum
3466 2013 3587 2054 ma-

2008 2107 2156 2168 neat,
2187 2097 2544 2170 quoadusque
2574 2095 2684 2151 Dco
2708 2104 2897 2151 sancto
2921 2096 3098 2151 visum
3149 2092 3316 2150 fuerit
3348 2106 3588 2163 quonam

2008 2196 2175 2253 modo
2212 2193 2516 2249 mdilicctur
2545 2200 2738 2246 sancta
2793 2205 2891 2245 sua
2926 2187 3178 2245 Ecclesia
3228 2187 3283 2241 in
3315 2186 3423 2251 bis,
3467 2200 3592 2256 qua:

2008 2300 2232 2364 propter
2283 2297 2504 2359 peccata
2540 2296 2727 2341 nostra
2756 2284 3132 2346 obtinuerunt,
3160 2276 3586 2336 calamitatibus.

2008 2385 2124 2442 Hoc
2154 2385 2298 2442 enim
2335 2382 2499 2446 facto,
2535 2392 2588 2436 et
2604 2382 2681 2445 lii,
2716 2378 2808 2449 qui
2842 2394 2871 2433 a
2906 2376 3016 2433 Deo
3079 2370 3589 2444 irreprehensihiles

2009 2479 2212 2537 sci-vati
2255 2487 2383 2532 sunt
2418 2474 2470 2529 in
2497 2489 2598 2529 suo
2622 2472 2953 2539 ministerio,
2979 2485 3088 2525 non
3117 2466 3412 2531 oﬂendeut,
3445 2472 3501 2521 et
3536 2466 3590 2520 lii

2008 2572 2103 2643 qui
2138 2569 2363 2624 humani
2396 2565 2599 2639 aliquid
2634 2566 2784 2638 passi
2823 2570 2973 2630 sunt,
3003 2572 3056 2618 et
3085 2568 3424 2624 erraverunt,
3462 2573 3589 2614 cum

2012 2664 2149 2719 bona
2215 2676 2313 2732 spe
2392 2658 2791 2731 cxspectabunt
2830 2655 3230 2710 ordinationem
3274 2652 3343 2708 de
3394 2650 3591 2719 seipsis

2010 2757 2273 2821 futuram,
2308 2754 2528 2825 quando
2579 2752 2710 2806 illud
2758 2763 2974 2807 summo
3022 2755 3214 2803 nostro
3244 2744 3591 2802 sacerdotict

2010 2849 2122 2906 Deo
2156 2848 2416 2920 perlicere
2464 2847 2641 2902 visum
2674 2844 2857 2899 fuerit.
2911 2842 3247 2898 Incolumem
3284 2848 3337 2895 te
3401 2844 3589 2891 servet

2013 2943 2302 3007 Dominus,
2366 2938 2830 2996 desideratissime
2865 2945 3052 2992 noster
3100 2933 3199 2999 Illi,
3230 2932 3285 2989 in
3332 2929 3593 2987 omnibus

2012 3035 2169 3091 bonis
2193 3034 2566 3106 proficientem
2624 3042 2677 3086 et
2706 3030 2844 3086 bene
2899 3028 3208 3085 audientem
3242 3030 3297 3080 et
3320 3021 3472 3081 omni
3507 3020 3591 3075 iu-

2007 3125 2161 3199 iuria
2205 3124 2602 3196 superiorem.)
2962 3115 2966 3119 ’

2429 3446 2649 3503 XXXV.
2685 3445 2817 3501 Daci
2847 3445 3174 3516 Strymonis.

2077 3584 2238 3652 Novi,
2266 3584 2461 3640 dilecte
2518 3583 2677 3638 nobis
2704 3580 2802 3647 ﬁli,
2833 3590 2884 3635 te
2914 3589 2966 3635 et
3011 3579 3298 3649 prudentia
3345 3587 3402 3633 et
3434 3577 3593 3631 intel-

2009 3676 2151 3733 lectu
2196 3684 2449 3731 ornatum
2492 3674 2596 3729 hoc
2655 3673 2865 3729 sentire
2888 3672 2955 3727 de
3009 3671 3102 3726 Del
3163 3669 3403 3725 Ecclesia
3447 3668 3590 3739 quod

2009 3771 2167 3825 decct
2196 3768 2477 3823 hominem
2516 3766 2615 3821 Dei
2681 3773 2957 3821 amantem
2992 3772 3045 3818 et
3069 3777 3099 3816 a
3128 3760 3240 3816 Deo
3272 3762 3382 3831 jam
3422 3764 3592 3816 hone-

2008 3870 2212 3916 statum
2238 3856 2702 3929 ctgloriiicatum,
2737 3863 2791 3910 et
2841 3863 3154 3925 sperantem
3191 3868 3251 3907 se
3306 3854 3358 3906 in
3391 3850 3596 3906 seculo

2011 3932 2199 4007 futuro
2231 3952 2402 4023 gloria
2426 3961 2480 4005 et
2536 3951 2741 4006 honore
2771 3949 2840 4004 ab
2866 3963 2934 4003 eo
2986 3946 3321 4003 donandum.
3358 3946 3423 4002 Et
3453 3947 3595 4001 forte

2010 4060 2412 4116 supervacuum
2468 4043 2675 4113 aliquid
2721 4040 2980 4107 facimus,
3022 4042 3273 4098 arbitrati
3320 4053 3467 4098 tuam
3500 4040 3591 4097 Dei

2008 4152 2279 4195 amantem
2299 4138 2695 4195 exhortandam
2714 4152 2832 4194 esse
2858 4140 3118 4202 animam,
3142 4138 3379 4193 utrebus
3404 4137 3593 4207 praesis

2012 4249 2218 4303 magna:
2250 4232 2509 4287 Ecclesiae
2539 4231 2632 4286 Dei
2668 4234 2721 4287 in
2744 4247 2849 4302 qua
2872 4231 3281 4301 glorificatuscs
3308 4247 3337 4286 a
3377 4230 3588 4303 Spiritu

2011 4336 2201 4379 sancto
2230 4340 2325 4394 per
2356 4324 2761 4394 impositionum
2800 4324 3091 4379 humilium
3136 4340 3397 4379 manuum
3439 4339 3591 4380 mea-

307 4419 606 4489 ιδοξάσθης
631 4416 785 4488 παρὰ
821 4415 916 4471 τοῦ
949 4415 1112 4484 ἁγίου
1149 4415 1490 4485 Πνεύματος,
1524 4413 1615 4469 διὰ
1652 4416 1752 4483 τῆς
1786 4415 1905 4467 ἑπι-

2017 4434 2161 4483 rum,
2198 4416 2581 4473 benedictione
2643 4418 2696 4471 in
2753 4418 3047 4489 patriciam
3104 4428 3350 4487 accepta,
3396 4420 3449 4472 in
3484 4434 3591 4488 qua

308 4516 517 4577 θέσεως
549 4511 660 4566 τῶν
706 4509 985 4565 ταπεινῶν
1010 4507 1171 4577 ἡμῶν
1206 4506 1407 4579 χειρῶν
1438 4505 1538 4577 τὴν
1571 4506 1664 4560 ἐπὶ
1695 4509 1762 4578 τῇ
1797 4523 1906 4559 παι

307 4607 623 4678 τρικιότητι
678 4602 934 4671 εὐλογίαν
982 4603 1312 4672 δεξάμενος·
1363 4602 1421 4654 ὲν
1464 4592 1750 4673 ᾖπάντως
1812 4600 1907 4651 καὶ

308 4702 410 4764 τὰς
476 4697 701 4761 ἐλπίδας
755 4696 922 4768 ἔχεις,
962 4695 1245 4749 τουτέστιν
1285 4694 1365 4755 είς
1410 4693 1511 4762 τὴν
1548 4693 1607 4745 ἂν
1644 4692 1781 4761 αὐτῇ
1817 4690 1905 4744 διὰ

310 4790 517 4853 παντὸς
576 4788 945 4843 κατοικοῦσαν
978 4786 1139 4857 χάριν
1171 4783 1267 4839 τοῦ
1321 4782 1595 4851 παναγίου
1651 4779 1905 4851 Πνεῦμα-

309 4902 424 4950 τος.
483 4883 628 4938 Ἀλλ’
688 4884 838 4953 ὅμως
882 4880 1071 4949 ἐπειδὴ
1128 4878 1366 4950 γράμμα
1410 4874 1720 4945 ἐδεξάμεθα
1754 4874 1905 4945 παρὰ

312 4980 403 5034 τοῦ
456 4978 569 5032 τῶν
616 4975 919 5046 κτημάτων
949 4974 1121 5043 αὐτῆς
1168 4970 1536 5044 προεστῶτος,
1576 4969 1811 5041 λέγομεν
1840 4967 1904 5037 δὴ

310 5070 401 5125 τοῦ
427 5066 942 5142 Στρογγυλίζοντος,
980 5065 1289 5135 ὑπόμνησιν
1318 5059 1621 5131 ποιούμεθα
1651 5060 1745 5114 τοῦ
1774 5060 1910 5130 γράο

308 5165 402 5233 ψαι
431 5163 571 5235 πρδς
600 5161 705 5232 τὴν
747 5159 904 5231 ὑμῶν
949 5157 1453 5228 μεγαλοπρέπειαν,
1498 5155 1640 5209 ὥστε
1680 5155 1776 5224 τῆς
1808 5157 1907 5225 σῆς

308 5253 710 5329 ἁντιληπτικῆς
758 5250 941 5323 χειρὸς
987 5253 1043 5304 ὲν
1097 5248 1399 5303 ἀπολαύσει
1450 5249 1616 5302 αὐτόν
1668 5268 1722 5302 τε
1778 5265 1908 5317 τυγ-

312 5351 535 5423 χάνειν,
596 5348 694 5400 καὶ
731 5346 858 5407 τοὺς
920 5341 1540 5407 καταπεπιστευμένους
1599 5340 1751 5410 αὐτῷ
1802 5340 1906 5411 τῆς

322 5440 651 5513 Ἑκκλησίας
673 5438 901 5502 τόπους,
946 5428 1008 5489 οὗ
1035 5435 1151 5506 ανῆ
1176 5434 1339 5506 χρεία
1367 5433 1534 5504 καλῇ,
1565 5433 1662 5503 τὴν
1692 5433 1904 5488 ἐκείνου

312 5533 649 5607 πληροῦντες
679 5531 1020 5602 ὑπόμνησιν,
1056 5527 1234 5583 ταῦτὰ
1264 5544 1347 5581 σοι
1374 5527 1443 5580 τὰ
1465 5526 1770 5598 γράμματα
1790 5527 1903 5581 δια⁸

312 5630 624 5701 πέμπομεν,
650 5626 756 5681 καὶ
780 5623 970 5696 ὥσπερ
1012 5623 1283 5694 παρόντες
1324 5620 1391 5675 δι’
1417 5621 1600 5677 αὐτῶν
1631 5640 1902 5693 προσομι-

312 5719 523 5793 λοῦμεν,
568 5719 669 5774 καὶ
709 5712 1085 5788 παραινοῦμεν
1117 5709 1213 5767 τοῦ
1242 5711 1318 5783 μὴ
1341 5713 1602 5784 περιορᾷν
1636 5714 1759 5785 τοὺς
1779 5712 1901 5783 βου-

2013 4512 2239 4566 omnino
2280 4520 2333 4565 et
2364 4526 2462 4581 spe
2499 4510 2723 4576 frueris,
2777 4514 2963 4581 gratia:
3009 4511 3219 4566 scilicet
3249 4511 3593 4567 sanctissimi

2014 4604 2255 4674 Spiritus
2288 4620 2409 4673 qua:
2430 4604 2484 4659 in
2510 4619 2573 4659 ea
2604 4603 2979 4660 indeﬁcienter
3012 4604 3302 4660 inhabitat.
3340 4604 3603 4661 Attamen:

2008 4697 2269 4769 quoniam
2320 4699 2533 4755 litteras
2582 4700 2895 4769 accepimus
2929 4702 2996 4753 ab
3015 4714 3080 4755 eo
3111 4700 3206 4771 qui
3265 4700 3431 4755 rebus
3473 4699 3611 4767 eius.

2007 4798 2224 4861 praeest,
2256 4805 2285 4843 a
2319 4790 2579 4861 ιιι-πίθοιο
2620 4791 3058 4864 Strongylizonte
3089 4807 3212 4863 quze
3273 4792 3592 4847 memoriam

2009 4885 2216 4940 faciunt
2240 4882 2518 4942 scribundi
2547 4884 2615 4940 ad
2646 4894 2791 4940 tuam
2830 4886 3264 4956 amplitudinem,
3300 4902 3366 4941 eo
3395 4886 3501 4941 line
3535 4896 3597 4941 ut

2010 4987 2101 5031 tua
2126 4985 2375 5047 prompta
2400 4991 2564 5032 manu
2585 4977 2816 5044 fruatur,
2837 4987 2949 5032 tum
2970 4979 3105 5047 ipse,
3126 4988 3239 5033 tum
3265 4978 3317 5033 hi
3336 4977 3596 5035 Ecclesia:

2008 5069 2117 5125 loci
2154 5070 2245 5141 qui
2281 5070 2332 5126 ei
2392 5072 2829 5139 committuntur,
2864 5072 2977 5127 ‘ubi
3043 5088 3182 5142 opus
3232 5072 3420 5138 fuerit,
3454 5075 3596 5131 hanc

2012 5162 2371 5217 munitionem
2402 5165 2669 5227 exsecuti,
2698 5164 2796 5221 has
2828 5165 2923 5219 tibi
2955 5166 3165 5220 litteras
3218 5167 3515 5233 mittimus,
3542 5177 3596 5223 et

2009 5264 2105 5319 per
2134 5248 2281 5318 ipsas
2318 5259 2370 5304 te
2394 5252 2550 5321 quasi
2586 5262 2879 5319 przcscntes
2919 5255 3276 5324 alloquimur,
3307 5266 3363 5311 et
3392 5258 3595 5312 exher-

2011 5352 2193 5396 tamur
2248 5359 2315 5398 ne
2348 5344 2618 5413 despicias
2688 5362 2780 5402 eos
2807 5347 2902 5418 qui
2970 5349 3285 5404 inordinate
3334 5364 3501 5405 sensu
3539 5361 3593 5405 et

2021 5435 2522 5505 impetu,invadere
2582 5439 2807 5495 tendunt
2860 5442 2915 5498 in
2978 5445 3091 5498 loca
3147 5446 3324 5499 sancti
3401 5445 3586 5514 templi

2006 5528 2190 5599 magni
2224 5526 2315 5584 Dei
2347 5540 2401 5584 et
2430 5528 2733 5589 Salvatoris
2758 5536 2950 5597 nostri,
2976 5544 3031 5589 ct
3063 5545 3117 5588 ut
3137 5537 3340 5591 avellas
3365 5539 3583 5605 quidem

2005 5635 2102 5677 cos
2124 5636 2190 5677 ex
2219 5623 2337 5693 ejus
2367 5623 2594 5693 ditione,
2626 5628 2683 5681 in
2733 5638 2881 5681 tuam
2942 5638 3124 5683 autem
3186 5633 3457 5699 propriam
3503 5632 3585 5683 ili-

2008 5715 2209 5772 tionem
2252 5716 2481 5792 redigas.
2542 5716 2682 5775 Sunt
2721 5730 2928 5788 autem,
2987 5731 3044 5777 ut
3096 5722 3373 5789 audimus,
3410 5722 3574 5791 hujus
