4068 6176
481 349 589 413 239

1618 352 1933 415 NICOLAI
1973 353 2084 417 ΕΡ.
2126 353 2642 417 PATRIARCII/E

3626 349 3741 416 ειο

476 463 776 520 tristitiam.
829 459 985 532 Apud
1038 460 1404 532 nosmetipsos
1438 461 1655 529 simus;
1697 473 1751 518 et
1782 463 2042 519 cedamus

2152 481 2296 538 κρυα
2327 466 2428 537 τὴν
2454 466 2783 538 κατήφειαν.
2813 463 3102 539 Γενώμεθα
3130 468 3157 538 η
3168 470 3284 540 μῶν
3307 464 3507 537 αὐτῶν,
3529 474 3621 526 καὶ
3639 489 3745 528 πα-

476 555 570 611 Dei
618 553 862 627 judiciis,
912 553 1007 625 qui
1055 553 1205 610 dedit
1235 563 1290 610 et
1314 554 1504 619 vitam,
1555 564 1717 625 prout
1746 555 1848 626 ipsi
1874 556 2053 612 visum

474 657 581 711 est.
618 658 673 704 et
701 646 1015 703 convictum
1049 643 1216 716 bujus
1254 645 1595 702 suavissima:
1636 646 1844 703 sororis
1876 662 2051 717 quan—

475 752 588 795 tum
646 741 952 796 conducere
998 736 1348 803 existimavit,
1378 737 1634 810 illamque
1667 738 1734 794 ad
1763 755 1822 795 se
1852 735 2057 811 recepit

475 834 776 888 secundum
807 847 971 888 suum
1018 832 1350 900 profundum
1378 831 1658 889 decretum
1687 830 2049 903 etjudicium.

474 921 662 977 Melius
694 922 785 977 ille
812 936 974 992 quam
1000 921 1147 989 quod
1181 936 1280 977 nos
1311 922 1567 976 volumus
1598 928 1694 976 aut
1733 935 2051 992 precamur,

474 1028 603 1068 vere
666 1012 945 1067 beneficus
1011 1010 1173 1065 Pater
1227 1018 1415 1067 nostra
1482 1011 1671 1082 dirigit
1718 1020 1774 1067 et
1831 1011 2058 1069 deducit

475 1106 543 1161 ad
578 1114 818 1161 nostram
875 1102 1191 1161 utilitatem.
1241 1105 1353 1159 Nos
1417 1104 1534 1160 sola
1589 1105 1850 1161 ducimur
1897 1106 2056 1177 cupi-

475 1197 665 1266 ditate,
694 1207 750 1254 et
769 1196 837 1253 ad
863 1198 1035 1269 ipsam
1056 1195 1435 1253 existimamus
1460 1196 1592 1253 utile
1623 1196 2052 1255 conferendum:

474 1302 530 1349 et
582 1292 628 1347 si
663 1291 878 1361 quidem
915 1305 1004 1346 res
1028 1300 1338 1360 congruunt
1383 1289 1689 1359 cupiditati,
1729 1288 1867 1345 bene
1896 1291 2054 1347 nobis

473 1395 698 1445 currere
733 1382 897 1435 vitam
931 1394 1217 1436 censemus
1253 1394 1269 1433 :
1301 1378 1385 1434 sin
1412 1389 1621 1445 autem,
1672 1379 1828 1449 quasi
1876 1378 1931 1435 in
1966 1381 2052 1435 in-

473 1471 747 1527 toleranda
796 1470 905 1526 vita
954 1470 1351 1539 augustiamur.
1399 1467 1499 1526 Hic
1542 1479 1725 1525 autem
1759 1483 1868 1525 non
1897 1471 2050 1538 item,

476 1563 569 1620 sed
599 1577 696 1633 per
731 1576 796 1617 ea
822 1576 945 1632 quae
978 1562 1174 1618 acerba
1226 1571 1283 1617 et
1318 1561 1544 1617 molesta
1589 1560 1862 1629 videntur,
1931 1563 2055 1634 plus

473 1651 747 1708 commodi
768 1651 997 1722 largitur
1018 1666 1182 1722 quam
1202 1649 1327 1721 quis
1350 1650 1640 1706 crediderit
1691 1666 1757 1705 es
1792 1650 2055 1722 iucundis

476 1746 764 1801 utilitatem
799 1744 1097 1814 percipere.
1133 1742 1501 1800 Transeamus
1537 1744 1699 1814 igitur
1725 1746 1794 1799 ad
1847 1747 2054 1816 gratia-

2157 559 2573 630 ραχωρίισωμεν
2586 560 2696 622 τοῖς
2723 559 2959 630 κρίμασι
2979 559 3076 614 τοῦ
3097 558 3257 629 Θεοῦ,
3280 561 3341 627 ὃς
3370 564 3618 636 παρέσχε
3639 569 3741 621 καὶ

2153 648 2255 722 την
2279 649 2496 718 γένεσιν
2524 650 2707 716 καθὼς
2734 651 2899 716 αὐτὸς
2932 650 3249 724 ἐδοκίμασε,
3277 654 3375 709 καὶ
3413 657 3708 728 συμϐιοτεύ
3728 687 3745 698 -

2158 758 2250 795 σαι
2275 744 2412 814 ἡμῖν
2440 742 2539 815 τὴν
2570 741 2919 817 γλυκυτάτην
2945 744 3185 818 ἀδελφὴν
3215 747 3342 802 ὅσον
3371 746 3556 822 ἔκρινε
3590 766 3739 821 συμ-

2155 829 2370 903 φέρειν,
2432 830 2529 885 καὶ
2587 830 2956 902 προσελάϐετο
2990 833 3198 904 ταύτην
3227 833 3370 888 κατά
3413 836 3514 907 τὴν
3568 835 3738 893 αὑτοῦ

2155 924 2465 996 ἀπόρρητον
2500 923 2698 997 βουλὴν
2726 926 2820 979 καὶ
2859 923 3061 998 κρίσιν.
3078 925 3271 980 Πλεῖον
3294 928 3520 994 ἐκεῖνος,
3548 927 3583 1000 ἢ
3611 930 3741 985 ὅσον

2153 1016 2320 1086 ἡμεῖς
2359 1013 2662 1086 βουλόμεθα
2699 1014 2797 1068 καὶ
2828 1013 3126 1086 εὐχόμεθα,
3154 1017 3184 1070 ὀ
3204 1015 3509 1087 φιλόψυχος
3564 1018 3738 1083 δντως

2156 1107 2353 1180 Πατὴρ
2379 1104 2450 1161 τὰ
2480 1107 2728 1178 ἡμέτερα
2754 1107 3024 1162 διευθετεῖ
3056 1109 3151 1162 καὶ
3203 1108 3441 1179 διεξάγει
3476 1110 3615 1183 πρὸς
3672 1112 3743 1167 τὸ

2157 1199 2464 1271 συμφέρον.
2517 1197 2709 1270 Ἦμεῖς
2747 1202 2884 1273 μόνη
2909 1203 2977 1272 τῇ
3020 1199 3292 1274 ἐπιθυμίᾳ
3321 1202 3622 1273 ἑλκόμεθα,
3641 1205 3742 1258 καὶ

2156 1290 2295 1363 πρὸς
2333 1290 2539 1360 ταύτην
2568 1290 2865 1363 νομίζομεν
2898 1290 2996 1345 καὶ
3031 1289 3096 1345 si)
3132 1289 3411 1362 ὠφέλιμον
3466 1292 3743 1363 συμειῧάο

2155 1385 2271 1451 ζειν
2300 1400 2317 1421 θ
2342 1384 2451 1439 κᾶν
2487 1384 2590 1455 μὶν
2627 1387 2903 1456 συντρέχῃ
2930 1382 3000 1440 τὰ
3025 1384 3328 1453 πράγματα
3346 1385 3414 1456 τῇ
3449 1384 3737 1456 ιπιθυμίᾳ.

2155 1472 2336 1538 καλῶς
2369 1474 2505 1544 ημῖν
2556 1471 2821 1544 φέρεσθαι
2870 1472 2962 1526 τὸν
3005 1472 3123 1543 βίον
3166 1471 3651 1544 ὑπολαμϐάνομεν,
3682 1476 3739 1529 εί

2153 1562 2211 1618 δι
2255 1563 2353 1634 μὴ,
2384 1562 2460 1627 ὥς
2480 1562 2581 1617 ῖπ’
2605 1561 2913 1631 ἀσυμφόρῳ
2936 1560 3039 1631 τῆς
3053 1560 3199 1633 ζωῆς
3227 1563 3735 1634 στενοχωρούμεθα.

2168 1656 2406 1721 Ἐκεῖνος
2435 1654 2493 1710 δὲ
2522 1654 2621 1725 οὐχ
2649 1653 2845 1719 οὕτως.
2873 1652 3011 1708 ἀλλά
3046 1654 3141 1708 καὶ
3168 1654 3257 1709 διά
3289 1653 3400 1707 τῶν
3419 1653 3614 1709 λυπεῖν
3639 1657 3740 1711 καὶ

2154 1747 2382 1821 στύφειν
2402 1746 2727 1813 δοκούντων,
2757 1745 2924 1800 πλέον
2954 1745 3014 1800 τδ
3034 1744 3229 1815 ὄφελος
3251 1745 3492 1810 δίδωσιν,
3550 1748 3584 1819 η
3612 1749 3742 1802 ὅσον

476 1850 597 1891 rum
619 1836 914 1901 actionem,
943 1835 1010 1891 ad
1038 1834 1279 1903 laudem,
1333 1836 1401 1890 ad
1432 1836 1887 1905 benedictionem,
1922 1853 2047 1912 gra-

2152 1844 2217 1899 ἀν
2243 1859 2329 1906 τις
2355 1843 2622 1913 ἡγήσαιτο
2661 1840 2749 1895 διά
2776 1838 2884 1894 τῶν
2916 1839 3221 1911 ἡδυνόντων
3251 1839 3607 1908 ὠφελεῖσθαι.
3626 1841 3740 1896 ὡσ-

478 1927 583 1984 tias
616 1930 833 1999 quidem
865 1936 1090 1995 agentes
1128 1942 1229 1999 pro
1258 1937 1466 1997 quanto
1507 1938 1752 2001 tempore
1795 1934 2052 1987 convictu

479 2019 627 2076 illius
679 2019 761 2076 usi
803 2034 1022 2086 smnus,
1055 2022 1262 2091 gratias
1288 2034 1509 2093 quoque
1543 2038 1689 2077 nunc
1728 2022 2055 2080 exhibentes

478 2113 625 2183 quod
664 2112 735 2169 de
776 2128 913 2169 vana
957 2116 1059 2169 hac
1089 2124 1147 2169 et
1191 2114 1425 2169 molesta
1478 2128 1714 2186 vereque
1765 2115 2054 2186 multiplici

475 2206 627 2262 luctu
651 2205 852 2262 referta
887 2204 996 2263 vita
1028 2204 1246 2261 sublata
1277 2219 1456 2274 soror,
1488 2205 1555 2261 ad
1587 2207 1801 2263 beatam
1854 2221 2051 2279 perve-

477 2297 561 2353 nit
589 2301 751 2354 vitam
779 2305 834 2354 et
865 2300 1104 2366 quietem
1134 2300 1285 2353 omni
1316 2298 1508 2354 dolore
1538 2308 1593 2355 et
1613 2298 1836 2355 tristitia
1862 2314 2054 2357 exem-

475 2401 645 2461 ptam,
663 2399 719 2447 et
738 2390 1139 2461 proiudcdigna
1166 2403 1273 2444 non
1292 2404 1413 2460 qttas
1441 2390 1710 2459 lugeatur.
1730 2391 1826 2448 sed
1852 2392 1939 2448 cui
1956 2406 2057 2465 po-

477 2486 581 2539 tius
622 2484 947 2553 invideatur,
983 2490 1038 2539 et
1089 2480 1248 2553 cujus
1278 2480 1562 2538 beatitudo
1582 2483 1907 2539 celebretur.

688 2784 916 2843 XLVIII.
954 2784 1204 2856 Gregorio
1236 2782 1429 2852 Ephesi
1468 2783 1837 2852 metropolita'.

542 2905 744 2961 Praeter
799 2915 1069 2959 tumrores
1127 2899 1315 2955 multis
1366 2897 1650 2954 doloribus
1712 2898 2051 2955 laborantem

473 2997 711 3057 animam
750 3006 994 3052 nostram
1046 3000 1379 3063 prementes,
1428 2989 1503 3044 Iili
1531 2990 1605 3045 ml
1650 2991 2049 3057 sacratissime,

474 3094 549 3148 ita
583 3106 669 3146 me
710 3088 1011 3144 aﬂ'ecerunt
1044 3085 1293 3141 nuntiata
1337 3099 1434 3157 per
1467 3091 1591 3140 tuas
1637 3084 1851 3143 litteras
1906 3086 2051 3142 mala

2155 1954 2219 1991 τε
2251 1934 2649 2008 μεταϐάλωμεν
2684 1935 2764 1998 είς
2794 1933 3168 2005 εὐχαριστίαν,
3205 1932 3289 1996 εις
3335 1927 3507 1997 αίνον,
3539 1932 3621 1997 είς
3649 1930 3742 1985 δο-

2159 2026 2407 2096 ξολογίαν
2440 2025 2601 2098 χάριν
2635 2026 2735 2096 μὶν
2770 2024 2974 2088 εἰδότες
3005 2026 3091 2093 ἐφ’
3129 2024 3255 2078 ὅσον
3277 2024 3471 2094 καιρὸν
3489 2022 3741 2078 ἀπελαύ-

2159 2135 2334 2190 σαμεν
2361 2118 2459 2190 τῆς
2491 2116 2872 2189 συμϐιώσεως,
2902 2116 3066 2188 χάριν
3084 2115 3141 2169 δὲ
3168 2114 3264 2170 νῦν
3317 2113 3741 2186 ὁμολογοῦντες.

2155 2211 2237 2266 ὃτι
2268 2210 2346 2279 ἐκ,
2368 2208 2469 2279 τῆς
2519 2208 2885 2279 ματαιότητος
2927 2205 3134 2277 ταύτης
3180 2205 3409 2274 καὶτῆς
3456 2202 3741 2259 ιπωδύνου

2157 2305 2254 2359 καὶ
2308 2303 2481 2367 δντως
2518 2299 2890 2365 πολυπενθοῦς
2934 2298 3080 2371 ζωῆς
3150 2299 3477 2370 ἀπάρασαή
3530 2296 3741 2369 ἀδελφή

2155 2394 2299 2467 πρὸς
2324 2393 2427 2466 τὴν
2469 2393 2753 2465 μακαρίαν
2807 2392 3114 2463 κατήντησε
3163 2390 3259 2445 καὶ
3288 2390 3436 2461 ζωὴν
3476 2390 3570 2443 καὶ
3593 2389 3740 2443 ἀπὸ.

2154 2484 2374 2550 λαυσιν,
2395 2484 2493 2539 καὶ
2523 2484 2707 2555 πάσης
2727 2480 2908 2553 λύπης
2944 2481 3237 2553 ἐλευθέραν
3260 2482 3360 2535 καὶ
3406 2480 3735 2551 κατηφείαςο

2155 2576 2254 2632 tta't
2280 2574 2372 2632 διὰ
2423 2573 2585 2630 τοῦτο
2619 2573 2777 2643 ἀξίας
2826 2572 2994 2647 οὔσης
3038 2575 3164 2645 οὐχὶ
3208 2572 3549 2639 πενθεῖσθαι,
3597 2573 3744 2630 ἀλλά

2156 2665 2454 2738 ζηλοῦσθαι
2487 2665 2692 2736 μᾶλλον
2724 2665 2819 2721 καὶ
2872 2664 3304 2738 μακαρίζεσθαι.

2294 2776 2439 2831 Μιιν.
2480 2777 2532 2832 Γ
2526 2776 2790 2847 ρηγορίφ
2852 2777 3262 2848 μητροπολίτῃ
3317 2776 3596 2849 Ἐφέσου.

2234 2891 2365 2948 Ἐπὶ
2407 2895 2523 2958 τοῖς
2556 2894 3157 2965 προκατειργασμένοις
3233 2892 3334 2966 τὴν
3399 2893 3740 2950 πολυὼδυνον

2154 2984 2314 3058 ἡμῶν
2343 2984 2546 3058 ψυχὴν,
2573 2984 2765 3041 τέκνον
2807 2985 2965 3058 ἡμῶν
3025 2988 3349 3059 ἱερώτατον,
3396 2988 3736 3058 ἀλγήμασιν,

2153 3076 2298 3133 οὕτω
2327 3076 2548 3151 διέθηκε
2570 3078 2641 3134 τὰ
2672 3076 2771 3134 νῦν
2804 3079 3185 3134 καταλαϐὁντα
3235 3078 3324 3133 διά
3348 3078 3447 3150 τῆς
3488 3080 3599 3133 τῶν
3626 3079 3739 3134 σῶν

477 3196 537 3239 ut
577 3198 711 3255 pene
752 3190 907 3237 extra
966 3194 1055 3234 me
1095 3179 1308 3250 positus
1342 3179 1473 3245 sint,
1506 3187 1561 3233 et
1596 3192 1709 3248 pra:
1747 3179 1918 3235 multa
1953 3194 2050 3234 an-

2155 3172 2505 3244 γραμμάτων
2558 3170 2906 3242 ἀπαγγελίας
2950 3169 3201 3240 ἀλγεινά,
3235 3170 3312 3234 ὡς
3353 3168 3554 3241 μικροῦ
3598 3170 3739 3240 πρὸς

475 3274 653 3345 gustia
691 3271 902 3341 aliquid
947 3268 1129 3325 simile
1161 3282 1356 3340 passus
1382 3268 1485 3323 sim
1526 3267 1612 3325 bis
1645 3268 1762 3338 qui,
1800 3271 1856 3325 in
1882 3270 2050 3326 vehe—

474 3366 816 3422 mentissima
848 3368 1196 3433 tempestate,
1249 3360 1497 3417 biscente
1548 3362 1685 3416 mari
1725 3362 2053 3433 deprehensi

472 3474 692 3514 omnem
725 3456 995 3526 dejiciunt
1037 3468 1191 3525 spem
1236 3452 1468 3520 salutis;
1509 3452 1615 3509 nisi
1658 3452 1790 3523 quia
1822 3454 2055 3524 prtebuit

472 3551 569 3621 qui
595 3548 797 3619 ubique
838 3546 1004 3603 adest
1031 3546 1327 3601 auxiliator
1351 3545 1419 3600 ad
1455 3558 1517 3601 se
1552 3544 1751 3612 redire,
1788 3554 1843 3602 et
1887 3546 2052 3603 Iidem

474 3642 602 3698 let-it
634 3642 704 3698 iis
727 3640 929 3712 quibus
963 3654 1140 3711 usque
1174 3638 1355 3695 adhuc
1385 3652 1607 3694 manum
1639 3637 1835 3695 fortem
1872 3640 2052 3711 porri-

474 3750 601 3806 gere
658 3746 766 3789 non
801 3732 1034 3799 destitit,
1076 3747 1176 3789 nec
1205 3732 1443 3788 cessavit
1489 3741 1711 3802 propter
1757 3732 2050 3788 inenarra-

476 3830 638 3883 bilem
712 3827 1015 3882 bonitatem
1063 3823 1133 3882 de
1194 3825 1500 3881 innumeris
1546 3834 1599 3881 et
1652 3825 2051 3897 multiplicibus

476 3921 699 3977 casibus
730 3918 1031 3975 Ecclesiam
1098 3930 1277 3972 suam.
1325 3916 1406 3971 Ita
1435 3916 1581 3971 enim
1614 3916 1771 3973 nobis
1802 3916 2049 3974 animum

478 4009 869 4080 recipientibus
952 4022 1077 4077 spes
1135 4005 1393 4061 meliores
1461 4019 1795 4062 conservare
1855 4010 2045 4079 capit.

472 4100 606 4166 Qua:
634 4097 839 4153 utinam
870 4104 1178 4160 serventur,
1207 4094 1425 4155 Christe
1457 4092 1711 4151 Salvator
1736 4111 1912 4163 meus,
1947 4114 2050 4153 nec

472 4200 694 4263 propter
728 4186 997 4243 infinitam
1045 4194 1395 4258 peccatorum
1444 4201 1695 4243 meorum
1744 4189 2049 4245 multitudi-

473 4296 599 4335 nem
647 4279 781 4334 mibi
816 4286 873 4333 et
925 4284 1129 4333 sancta:
1155 4276 1412 4332 Ecclesiae
1452 4285 1559 4332 tuae
1603 4282 1874 4348 pereant!
1919 4280 2047 4337 Haec

474 4372 592 4438 tibi,
618 4372 691 4427 Illi
723 4370 816 4438 mi,
849 4370 1021 4425 habeo
1043 4367 1305 4425 scribere.
1334 4367 1409 4424 De
1433 4371 1667 4436 caeteris,
1699 4386 1895 4443 nempe
1921 4387 2047 4443 qua:

473 4478 641 4537 penes
667 4471 795 4520 sunt
826 4460 1129 4527 hominem,
1160 4460 1400 4523 auxiliis.
1435 4464 1572 4518 scito
1592 4476 1694 4518 nos
1712 4463 1769 4518 in
1794 4472 2042 4523 extrema

473 4556 721 4629 angustia
758 4554 986 4621 versari,
1036 4568 1219 4624 neque
1258 4553 1423 4609 ullam
1467 4554 1559 4611 hic
1597 4564 1695 4611 aut
1731 4555 1843 4613 illic
1884 4571 2044 4630 opem

473 4655 616 4707 terre
653 4664 835 4721 posse.
865 4645 1057 4703 Potius
1108 4646 1275 4717 igitur
1302 4662 1394 4704 res
1416 4655 1722 4719 exposcunt
1754 4658 1813 4705 ut
1848 4658 1900 4706 te
1934 4651 2046 4706 cito

471 4749 539 4801 ad
571 4760 668 4801 nos
697 4741 966 4813 recipias;
1004 4740 1247 4812 illudque
1271 4740 1390 4797 sine
1415 4741 1524 4795 ulla
1552 4755 1706 4796 mora
1736 4740 2046 4799 Iactendum

470 4848 575 4895 est.
614 4836 673 4890 Id
702 4835 872 4897 enim.
896 4832 945 4889 si
982 4833 1113 4904 quid
1137 4833 1306 4900 aliud,
1333 4832 1499 4889 rebus
1532 4834 1638 4889 erit
1665 4833 2046 4900 utilissimum,

471 4932 819 4999 scilicettma
841 4941 984 4992 esse,
1014 4934 1074 4981 ut
1101 4936 1307 4989 mente,
1334 4926 1407 4982 ita
1440 4935 1495 4981 et
1532 4941 1767 4997 corpore
1799 4942 1816 4980 :
1847 4935 2047 4984 caetera

471 5037 652 5081 autem
705 5029 868 5092 prout
926 5033 1138 5090 magna
1178 5027 1233 5075 et
1275 5018 1640 5089 investigabili
1685 5020 1893 5076 Christi
1946 5019 2045 5078 Dei

472 5118 645 5172 nostri
685 5111 963 5184 sapientia
990 5111 1283 5184 disponere
1307 5112 1485 5168 visum
1522 5111 1710 5168 fuerit.
1744 5112 1873 5169 Vale
1903 5113 2043 5182 jam,

474 5211 547 5266 tili
585 5209 660 5263 mi
700 5206 1091 5271 sacratissime,
1123 5206 1192 5261 ab
1234 5205 1385 5261 omni
1424 5204 1735 5262 calamitate
1764 5214 1880 5262 tum
1913 5208 2049 5266 visi-

476 5302 572 5366 »ιιι
596 5311 707 5355 tum
735 5296 994 5353 invisibili
1016 5296 1217 5353 divinis
1248 5298 1349 5353 alis
1375 5296 1645 5353 obtectus.

2156 3264 2416 3322 ἔκστασιν
2438 3263 2647 3319 ἑαυτῶν
2676 3264 3039 3334 καταστῆναι,
3059 3264 3150 3317 καὶ
3163 3266 3227 3335 τῇ
3259 3262 3429 3335 πολλῇ
3448 3263 3737 3335 ἀμηχανίῃ.

2155 3355 2343 3429 ὅμοιόν
2372 3372 2428 3410 τι
2460 3353 2658 3410 παθεῖν
2685 3357 2800 3420 τοῖς
2823 3357 2881 3409 ιν
2906 3356 3139 3427 χειμῶνι
3163 3355 3513 3427 σφοδροτάτῳ
3542 3357 3739 3426 ἀχανεῖ

2155 3447 2649 3520 δναπειλημμένοις
2680 3448 2935 3518 πελάγει,
2994 3452 3089 3502 καὶ
3134 3447 3225 3501 διὰ
3269 3446 3432 3501 τοῦτο
3479 3448 3735 3519 ῥίπτουσι

2156 3540 2339 3605 πάσας
2383 3541 2485 3611 τῆς
2513 3540 2792 3612 σωτηρίας
2816 3538 3063 3603 ἑλπίδας.
3097 3540 3245 3612 Πλὴν
3268 3540 3351 3594 ὅτι
3400 3541 3678 3610 παρέσχεν
3704 3540 3735 3592 6

2154 3630 2389 3687 πάντοτε
2414 3632 2833 3703 παριστάμενος
2864 3631 3100 3703 βοηθὸς.
3136 3632 3231 3687 καὶ
3250 3633 3571 3701 ἀνενεγκεῖν
3603 3630 3733 3686 ἔδω·

2155 3742 2251 3782 κεν
2280 3726 2704 3797 ἐπιλογίσασθαι
2734 3719 2819 3791 οἷς
2841 3727 3012 3799 μίχρι
3054 3730 3150 3782 καὶ
3179 3725 3273 3780 νύν
3303 3727 3365 3780 οὐ
3394 3725 3603 3780 διίλιπε
3631 3726 3733 3797 τὴν

2157 3821 2403 3895 μεγάλην
2438 3821 2727 3893 επορέγων
2768 3822 2950 3894 χεῖρα,
2992 3819 3092 3877 καὶ
3122 3820 3385 3893 ῥυόμενος
3426 3820 3496 3875 δι’
3523 3818 3732 3889 ἄφατον

2152 3913 2469 3986 άγαθότητα
2505 3915 2613 3971 τῶν
2642 3914 3004 3986 πολυτρόπων
3058 3916 3155 3969 καὶ
3192 3912 3595 3985 πολυμηχάνων
3630 3912 3731 3985 τὴν

2152 4006 2482 4079 Ἐκκλησίαν
2530 4005 2695 4063 αὑτοῦ
2730 4007 3131 4078 περιστάσεων.
3164 4003 3257 4070 Et;
3280 4004 3441 4058 τοῦτο
3472 4004 3582 4074 γάρ
3605 4004 3731 4059 ἀνευ

2151 4097 2442 4169 νεγκοῢσιν
2472 4100 2607 4171 ἡμῖν
2643 4099 2745 4163 τάς
2781 4098 3157 4171 χρηστοτέρας
3196 4094 3406 4167 ὑπῆρξε
3431 4093 3728 4159 διασώζειν

2149 4189 2393 4255 tamen.
2416 4190 2526 4245 Καὶ
2553 4190 2746 4263 εἴησαν
2782 4188 3201 4260 διασωζόμεναι,
3259 4187 3462 4258 Χριστέ
3496 4204 3601 4256 μου
3635 4188 3729 4241 καὶ

2149 4279 2359 4350 Σῶτερ,
2388 4282 2485 4336 καὶ
2526 4281 2605 4353 μὴ
2625 4280 2705 4353 τῷ
2733 4280 2948 4352 ἀπείρῳ
2968 4280 3079 4334 τῶν
3109 4280 3260 4350 ιμῶν
3281 4276 3568 4349 ἁμαρτιῶν
3595 4279 3726 4349 πλη-

2149 4370 2231 4426 θει
2254 4373 2391 4444 ἡμῖν
2417 4388 2479 4428 τε
2517 4373 2612 4426 καὶ
2638 4375 2707 4444 τῇ
2738 4375 2805 4445 σῇ
2834 4372 2969 4444 ἁγίᾳ
2994 4371 3385 4426 διαπίπτουσαι
3434 4368 3726 4441 ἔκκλησίᾳ.

2149 4458 2337 4515 Ταῦτά
2363 4476 2468 4529 σοι,
2506 4461 2702 4516 τέκνον
2732 4460 2913 4533 ἡμῶν,
2941 4460 3178 4530 γράφειν
3203 4459 3331 4531 ἔχω.
3372 4458 3509 4531 Περὶ
3538 4460 3595 4513 δὶ
3627 4459 3730 4530 τῆς

2078 4533 2121 4610 υ
2147 4551 2339 4625 ἄλλης,
2361 4554 2463 4609 ὅσα
2498 4570 2563 4621 γε
2602 4553 2674 4607 τά
2704 4551 3053 4624 ἀνθρώπινα,
3103 4551 3358 4623 βοηθείας
3388 4549 3501 4605 ίσθι
3534 4553 3594 4605 ιν
3643 4553 3733 4605 εσυ

2148 4647 2290 4719 χάτῃ
2308 4645 2470 4711 δντας
2497 4645 2700 4718 ἀπορίᾳ
2726 4645 2820 4699 καὶ⁵
2844 4644 2972 4700 οὗτε
2998 4646 3111 4707 τοῖς
3134 4642 3323 4698 αὐτόθι
3350 4640 3630 4712 ιπαμῦναί
3653 4658 3729 4702 τι.

2149 4733 2274 4789 οὔτε
2319 4737 2434 4799 τοῖς
2463 4734 2700 4789 ἐνταῦθά
2725 4735 2878 4787 ιστιν
2912 4732 3089 4805 ίσχύς.
3119 4732 3338 4788 Μᾶλλον
3367 4732 3471 4803 μιν
3512 4727 3607 4786 οὖν
3637 4732 3734 4788 καὶ

2152 4826 2213 4882 σὲ
2259 4827 2331 4882 τὰ
2361 4828 2665 4900 πράγματα
2704 4826 2960 4899 ιπιζητεῐ
3010 4826 3099 4882 διὰ
3144 4825 3349 4899 τάχους
3396 4825 3733 4881 καταλαδεῖν

2153 4922 2291 4995 πρὸς
2317 4922 2485 4993 ἡμᾶς,
2518 4923 2615 4977 καὶ
2654 4921 2816 4976 τοῦτο
2837 4920 2964 4992 δίχα
2998 4920 3185 4992 πάσης
3215 4918 3486 4990 ἀναϐολῆς
3530 4919 3613 4972 δεῖ
3639 4933 3734 4986 τεο

2152 5012 2364 5069 νέσθαι.
2409 5011 2587 5068 Τοῦτο
2634 5014 2746 5086 γὰρ
2794 5013 2961 5087 εῖπερ
3001 5030 3057 5067 τι
3097 5014 3228 5069 ἄλλο
3260 5014 3374 5076 τοῖς
3409 5014 3735 5083 πράγμασιν

2153 5109 2599 5180 ὠφελιμώτατον,
2621 5108 2940 5178 ἡνωμένους
2960 5101 3101 5163 εῐναι
3124 5106 3312 5176 ὥσπερ
3334 5104 3412 5175 τῷ
3432 5104 3735 5173 πνεύματι,

2153 5202 2298 5258 οὕτω
2324 5202 2418 5255 καὶ
2453 5199 2531 5271 τῷ
2567 5200 2811 5272 σώματι,
2848 5200 2941 5256 καὶ
2974 5198 3036 5254 τὸ
3059 5198 3189 5270 ἑξῆς
3226 5198 3303 5262 ὡς
3326 5187 3400 5252 ’ἂν
3424 5199 3458 5268 ή
3484 5192 3578 5249 τοῦ
3602 5194 3739 5264 Χτιιο

2156 5296 2283 5352 στού
2323 5296 2421 5353 καὶ
2450 5294 2589 5349 Θεοῦ
2610 5293 2773 5365 ἡμῶν
2808 5292 3020 5365 μεγάλη
3046 5296 3144 5349 καὶ
3176 5291 3586 5363 άνεξιχνίαστος
3607 5287 3740 5342 διο;ο

478 5397 643 5467 κῆσαι
682 5390 939 5465 βούληται
967 5390 1204 5453 σύνεσις.
1235 5389 1487 5461 Ἐρῤωσό
1513 5406 1628 5460 μοι,
1663 5388 1852 5446 τέκνον
1885 5390 2045 5463 ημῶν
2083 5393 2399 5467 ἱερώτατον,
2430 5392 2549 5455 ταῖς
2569 5389 2744 5454 θείαις
2812 5390 3042 5462 πτέρυξι
3104 5390 3285 5462 πάσης
3311 5386 3576 5461 ιπηρείας
3600 5387 3742 5457 δρω-

483 5490 648 5559 μένης
677 5502 733 5538 τε
769 5484 863 5537 καὶ
891 5481 1124 5552 ἀοράτου
1155 5478 1580 5549 φυλαττόμενος.

480 5600 663 5657 XLIX.
743 5596 1013 5666 Episcopis
1075 5604 1247 5717 ραιεᾳὸ
1303 5595 1720 5651 communionem
1787 5602 2049 5654 exsistat-

1199 5681 1216 5717 t
1254 5680 1335 5717 us.

1199 5680 1335 5719 10!“.

549 5802 692 5859 Sane
721 5804 795 5859 ita
828 5810 930 5870 est,
964 5809 1020 5858 ut
1069 5799 1278 5857 caelesti
1300 5799 1394 5857 illo
1423 5813 1520 5858 ore
1551 5798 1751 5859 Paulus
1786 5801 2042 5868 ai‘tirmat.

2382 5589 2517 5645 ΜΘθ.
2546 5586 2881 5669 Πρὸς-τοὺς
2921 5587 3366 5669 μητροπολίτας
3395 5587 3521 5644 ἔσω

2541 5657 2650 5728 τῆς
2698 5657 3068 5728 munera;
3104 5657 3303 5726 ὄντας.

2154 5806 2159 5811 ‘
2224 5796 2572 5870 ’Λνθρὼπους
2612 5795 2901 5870 πείθομεν,
2928 5796 3095 5869 φησὶν
3120 5797 3150 5851 6
3189 5795 3336 5863 θεῖος
3383 5796 3735 5868 ’Δπόστολος,
