4048 6140
359 337 462 405 251

1831 344 2243 409 EPISTOLIE.

3520 348 3632 414 258

348 454 713 528 ἀφαλόμενην
746 456 1080 513 εὐστάθειαν
1104 456 1200 513 καὶ
1222 456 1526 529 ἀταραξίαν
1563 458 1701 529 αὐτῇ
1732 474 1935 529 προμη-

2056 473 2120 513 ex
2141 472 2247 529 quo
2274 455 2635 527 judieiisqum
2660 457 2812 513 novit
2845 453 3014 524 Deus,
3043 458 3111 512 ad
3141 455 3436 514 Ecelesiam
3480 463 3637 518 redu-

348 547 676 604 (εύσασθαι.
720 548 874 605 Ἀλλ’
905 548 1152 622 ἐδηλώθη
1186 549 1285 620 μὲν
1313 548 1488 603 ταῦτα
1510 549 1794 615 πολλάκις.
1819 550 1950 604 ’1δ,ὺ

346 639 539 710 χρόνος
568 639 820 707 ἐννατος,
853 640 913 709 ἐξ
940 636 1003 696 οὗ
1043 642 1313 712 κρίμασιν
1336 635 1420 706 οἷς
1445 637 1554 696 οἶδε
1582 642 1717 708 Θεὸς
1749 643 1829 707 εἰς
1856 644 1955 715 τὴν

358 729 696 801 Ἐκκλησίαν
727 731 1138 805 επανηλθομεν,
1179 730 1241 796 ἐξ
1259 726 1325 801 ἧς
1353 733 1455 787 οὐκ
1484 734 1542 787 ἐν
1566 731 1701 804 ’δίκῃ
1736 732 1954 802 ἀπηλά-

343 820 549 891 θημεν,
578 823 677 877 καὶ
724 824 889 879 οὕδὶν
937 823 1074 887 ὅλως
1129 825 1262 896 ἡμῖν
1299 826 1430 893 περὶ
1472 824 1681 895 ταύτης
1707 824 1951 897 ἐδηλώθη

345 913 446 982 τῆς
474 912 814 979 ὑποθέσεως.
843 913 991 989 Πλὴν
1025 914 1207 987 ἐῶμεν
1244 917 1426 972 πάντα
1447 930 1463 946 ·
1506 914 1673 970 τοῦτο
1703 916 1762 970 δὲ
1793 919 1860 989 τῇ
1885 920 1950 988 σῇ

348 1007 725 1077 μακαριότητι
772 1005 1140 1081 γνωρίζομεν,
1186 1008 1273 1063 ὅτι
1303 1007 1638 1079 ἐϐράϐευσεν
1666 1009 1694 1060 ὁ
1737 1008 1955 1078 πρῶτος

344 1097 644 1171 ἀρχιερεὺς
704 1100 868 1171 ἡμῶν
923 1101 1020 1155 καὶ
1075 1101 1212 1164 Θεὸς
1267 1101 1496 1173 εἰρήνην
1538 1103 1608 1172 τῇ
1648 1103 1770 1155 καθ’
1805 1102 1955 1173 ⁴ἡμᾶς

359 1189 687 1265 Ἐκκλησία,
708 1191 820 1246 τῶν
854 1193 1025 1249 πάλαι
1077 1193 1393 1264 σφαλέντων
1426 1193 1489 1247 τδ
1524 1194 1725 1248 οἰκεῖον
1759 1194 1957 1265 εξομοο

346 1280 748 1355 λογησαμένων
785 1286 1122 1361 ἁμάρτημα,
1148 1290 1247 1344 καὶ
1287 1289 1572 1359 τυχόντων
1598 1288 1955 1361 συγγνώμης,

345 1376 447 1430 καὶ
466 1374 544 1441 ῶς
569 1375 788 1449 μέλεσιν
807 1378 941 1449 ἡμῖν
962 1379 1367 1449 συναφθέντων,
1382 1380 1524 1452 πλην
1548 1381 1747 1449 ὀλίγων
1764 1379 1951 1444 τινῶν,

343 1467 398 1522 οἳ
412 1469 516 1539 τῆς
540 1471 764 1543 είρήνης
784 1471 848 1526 τὸ
870 1472 1185 1537 στασιάζειν
1203 1472 1581 1545 προτιμῶντες
1603 1473 1683 1527 ἔτι
1713 1472 1953 1543 φιλονει-

349 1558 536 1625 κοῦσι,
565 1560 644 1633 τῷ
675 1563 794 1633 ἰδίῳ
820 1564 1089 1635 χωρισμῷ
1142 1564 1242 1635 τὴν
1268 1566 1362 1620 ἐπὶ
1388 1568 1454 1637 τῇ
1489 1566 1822 1621 καταστάσει
1852 1564 1954 1634 τῆς

348 1654 518 1725 ἀγίας
565 1654 902 1727 Ἐκκλησεας
930 1657 1326 1729 συνταράττειν
1352 1655 1618 1728 γαλήνην.
1646 1657 1748 1709 Διά
1795 1652 1955 1708 τοῦτο

343 1746 640 1818 γράφομεν
684 1746 1063 1818 ἀποσταλῆναι
1101 1749 1239 1819 πρὸς
1272 1750 1423 1820 ἡμᾶς
1454 1748 1556 1820 τῆς
1594 1748 1749 1821 ὑμῶν
1776 1764 1953 1820 μακα-

2058 566 2149 607 ces
2176 563 2458 613 sumus,ex
2496 564 2601 619 qua
2622 551 2823 623 injuste
2852 551 3062 622 expulsi
3087 550 3387 617 fueramus,
3416 563 3471 609 et
3498 553 3637 609 niliil

2054 641 2281 696 omnino
2311 638 2473 694 nobis
2508 639 2655 694 circa
2683 638 2784 695 hoc
2811 641 3153 710 propositum
3192 648 3477 695 ostensum
3519 652 3633 697 est.

2063 734 2167 789 Sed
2198 733 2682 804 praetermittamus
2706 732 2912 789 omnia.
2948 730 3063 787 Hoc
3105 742 3284 788 autem
3322 745 3429 788 tua:
3460 735 3634 790 beati-

2067 825 2246 881 tudini
2271 835 2461 882 notum
2489 822 2742 891 facimus,
2786 823 2932 895 quod
2961 825 3228 881 concessit
3257 823 3465 893 primus
3496 824 3637 879 Pon-

2056 918 2189 975 ιιι-ι
2212 927 2398 974 noster
2422 927 2476 972 et
2504 916 2649 973 Deus
2672 931 2859 987 pacem
2892 916 3149 972 Ecclesia:
3185 927 3406 983 nostrae,
3443 933 3567 973 cum
3599 917 3636 973 ii

2055 1009 2441 1080 quiquondam
2462 1018 2781 1065 erraveraut
2799 1025 2960 1065 suum
2990 1008 3226 1065 confessi
3255 1008 3458 1065 fuerint
3485 1025 3639 1067 erro-

2057 1117 2169 1155 rem
2190 1110 2243 1156 et
2261 1100 2467 1156 veniam
2493 1100 2910 1169 obtinuerint,et
2929 1100 3089 1157 nobis
3104 1112 3359 1172 tauquam
3378 1103 3639 1158 membris

2056 1193 2416 1258 adlimserint,
2462 1193 2653 1262 paucis
2694 1193 2959 1263 exceptis,
3009 1192 3102 1262 qui
3143 1195 3260 1263 paci
3307 1194 3635 1250 seditionem

2064 1288 2441 1357 prail‘erentes,
2476 1285 2655 1340 adbuc
2688 1285 3023 1340 contendunt
3057 1294 3116 1342 ut
3148 1295 3350 1343 sanctae
3377 1285 3638 1343 Ecclesiae

2060 1381 2522 1452 tranquillitatem
2573 1381 2924 1437 conturbent.
2987 1380 3284 1449 Propterea
3314 1381 3637 1437 scribimus

2055 1472 2409 1531 utmittantur
2437 1473 2503 1527 ad
2530 1486 2633 1528 nos
2654 1482 2846 1528 vestite
2877 1472 3238 1529 beatitudinis
3269 1473 3427 1544 legati
3456 1472 3548 1542 qui
3580 1480 3638 1528 ct

2056 1566 2161 1637 ipsi
2204 1575 2526 1637 quartarum
2573 1565 2905 1635 nuptiarum
2950 1564 3405 1620 abominationem
3444 1565 3637 1621 nobis-

2056 1675 2184 1718 cum
2235 1659 2463 1715 omnino
2513 1660 2880 1715 condemnent
2929 1669 2983 1714 et
3033 1657 3474 1715 Christianorum
3509 1658 3635 1713 fidei

2055 1767 2344 1808 communt
2375 1749 2636 1823 suffragio
2669 1751 2982 1807 ﬁrmitatem
3016 1750 3265 1819 aderant,
3298 1752 3369 1808 ita
3397 1762 3456 1806 ut
3496 1765 3638 1806 nun-

348 1839 602 1910 ριότητος
642 1839 1000 1904 ἀποστόλους,
1058 1838 1110 1894 οι
1145 1844 1239 1894 καὶ
1285 1839 1366 1896 [τι
1416 1840 1480 1894 τὸ
1529 1841 1632 1912 τῆς
1685 1856 1935 1912 τετραγα·

2055 1860 2219 1916 quam
2249 1844 2356 1901 illa
2384 1844 2733 1900 detestabiles
2757 1845 2963 1914 nuptiae
3004 1844 3147 1913 apud
3175 1843 3521 1900 Christianos
3555 1843 3635 1898 vi-

349 1930 485 2002 μξας
523 1929 695 2002 μῦσος
735 1933 837 1986 σὺν
880 1932 1016 2003 ἡμῖν
1046 1930 1335 1995 παντελῶς
1386 1931 1819 2003 ἀποκηρύξουσι,
1851 1932 1949 1987 καὶ

2069 1944 2266 2008 geant;
2308 1944 2363 1991 et
2406 1936 2455 1991 si
2497 1936 2630 2005 quid
2660 1936 2804 1991 inter
2832 1938 2974 2006 banc
2997 1947 3053 1991 et
3083 1944 3328 1992 sanctam
3354 1934 3635 1991 Romano-

345 2025 415 2094 τῇ
456 2023 563 2077 τῶν
599 2025 951 2095 Χριστιανῶν
987 2023 1173 2079 πίστει
1216 2024 1383 2095 κοινῷ
1410 2024 1642 2096 δόγματι
1663 2024 1725 2080 τό
1765 2026 1935 2093 ἀσφα-

2054 2045 2177 2084 rum
2214 2027 2543 2093 Ecclesiam,
2600 2029 2796 2084 barum
2830 2030 3163 2099 nuptiarum
3189 2044 3376 2095 causa,
3421 2028 3635 2084 dissidii

346 2112 442 2177 λὲς
498 2114 975 2186 περιποιὴσονται,
1029 2114 1172 2170 ὥστε
1235 2115 1505 2187 μηδαμῶς
1577 2114 1660 2167 ἔτι
1708 2116 1935 2169 τοιοῦτοῖ

2053 2117 2277 2185 accidit,
2329 2119 2462 2174 illud
2493 2119 2808 2184 dirimatur,
2850 2129 2906 2178 et
2946 2121 3145 2191 prioris
3178 2119 3459 2177 sententia
3499 2133 3633 2176 con-

346 2203 757 2275 βδελυρώτατον
806 2209 987 2279 γάμον
1018 2210 1084 2262 ὲκ
1130 2208 1482 2279 Χριστιανοῖς
1521 2207 1935 2262 πολιτεύεσθαιε

2039 2211 2244 2266 .cordia
2276 2211 2606 2267 restaurat'to
2638 2209 2752 2266 liat.

345 2294 444 2350 καὶ
471 2296 525 2349 εῐ
548 2314 601 2351 τι
634 2298 840 2368 μεταξὺ
888 2298 1092 2372 ταύτης
1120 2316 1181 2353 τε
1225 2301 1322 2369 τῆς
1345 2298 1675 2370 Ἐκκλησίας
1710 2301 1805 2354 καὶ
1837 2300 1937 2369 τῆς
1974 2300 2136 2370 ἀγίας
2163 2302 2274 2356 τῶν
2308 2301 2599 2371 Ῥωμαίων
2656 2302 2816 2373 χάριν
2842 2301 2938 2355 τοῦ
3004 2301 3250 2356 τοιούτου
3269 2304 3450 2372 γάμου
3478 2300 3636 2354 ἔναν.

341 2392 463 2446 τίον
509 2393 852 2467 συμϐέϐηκε,
902 2398 999 2451 καὶ
1042 2397 1201 2451 τοῦτο
1242 2396 1588 2468 διαλυθῆναι,
1626 2398 1719 2451 καὶ
1744 2398 1825 2461 είς
1870 2400 1930 2452 τὸ
1968 2399 2027 2466 te
2051 2399 2228 2470 ἀρχῆς
2260 2399 2515 2469 φρόνημα
2577 2400 2673 2452 καὶ
2709 2399 2811 2469 τὴν
2843 2398 2975 2469 μίαν
3038 2397 3345 2470 σύμπνοιαν
3366 2399 3462 2453 καὶ
3495 2397 3631 2468 ὁμόο

343 2500 497 2540 νοιαν
524 2486 625 2557 τὴν
654 2488 1103 2543 ἀποκατάστασιν
1135 2492 1510 2560 ἐγγεγονέναι.

852 2602 982 2661 ΝΖ’.
1016 2605 1100 2672 Τῷ
1120 2604 1430 2662 Συνάᾶων.

414 2716 533 2771 Καὶ
564 2716 700 2774 αὐτὸ
744 2718 808 2773 τὸ
866 2720 1113 2793 εντυχετν
1171 2724 1287 2789 τοῖς
1323 2725 1619 2795 γράμμασι
1660 2726 1756 2796 τῆς
1788 2725 1941 2797 ὑμῶν

338 2808 655 2881 ὁσιότητος,
707 2813 933 2882 ἐγένετο
988 2817 1121 2887 ἡμῖν
1170 2816 1251 2880 εἰς
1314 2816 1664 2889 παραμύθιον
1698 2820 1806 2873 τῶν
1848 2819 1943 2873 λυ-

340 2900 617 2971 πούντων,
652 2905 746 2958 καὶ
778 2905 977 2977 ἡδονῆς
1014 2907 1249 2980 ἔσχομεν
1284 2913 1671 2981 πνευματικῆς
1698 2912 1940 2966 ἀπόλαυε

340 3007 433 3046 σιν
459 3010 475 3025 ·
500 2994 599 3049 καὶ
623 2995 659 3066 η
681 2995 769 3050 διὰ
798 2996 894 3050 τοῦ
922 2999 1324 3056 εὐλαϐεστάτου
1351 3001 1468 3055 υίοῦ
1494 3002 1651 3073 ἡμῶν
1689 3004 1938 3058 Ἰωάννου

338 3083 661 3153 ἀπαγγελία
704 3089 835 3161 περὶ
859 3090 954 3144 τοῦ
986 3090 1167 3164 χάριτι
1198 3091 1335 3146 Θεοῦ
1378 3096 1436 3145 ἐν
1480 3093 1641 3164 ὑγεία
1674 3094 1941 3150 διατελεῖν

2460 2602 2617 2660 LVII.
2664 2604 2918 2675 Episcopo
2962 2605 3217 2678 Syuudte.

2113 2719 2261 2775 Istud
2312 2719 2517 2790 ipsum,
2576 2719 2871 2789 perlegisse
2923 2722 3235 2778 sanctitatis
3292 2732 3484 2780 vestrae
3531 2725 3627 2782 lit-

2045 2820 2212 2875 teras,
2254 2812 2409 2867 nobis
2443 2811 2638 2867 solatio
2670 2809 2775 2866 fuit
2828 2828 3019 2867 eorum
3066 2814 3264 2884 quibus
3314 2815 3628 2887 aﬂligimus,

2043 2914 2099 2958 et
2143 2903 2450 2973 spiritualis
2498 2904 2685 2974 gaudii
2730 2916 3012 2974 compotes
3064 2904 3293 2963 fuimus.
3358 2909 3423 2963 Et
3475 2911 3624 2981 quod

2045 2996 2202 3051 nobis
2232 3011 2329 3066 per
2362 2998 2838 3067 religiosissimum
2871 2997 3041 3052 lilium
3074 3009 3326 3054 nostrum
3356 2997 3619 3058 Joannem

2044 3089 2269 3145 allatum
2296 3101 2381 3146 est
2410 3091 2688 3157 nuntium,
2717 3108 2812 3147 vos
2839 3092 3047 3147 scilicet
3085 3091 3173 3146 Dei
3212 3095 3385 3162 gratia
3416 3097 3621 3163 valere,

339 3174 518 3245 ὑμᾶς,
539 3179 620 3241 είς
647 3177 870 3235 πλείονα
908 3183 1244 3252 κατέστησεν
1272 3183 1632 3256 εὐφροσύνην.
1673 3186 1935 3259 ’ἀνεπέμ-

2045 3195 2145 3236 nos
2185 3181 2240 3235 in
2289 3181 2483 3251 majori
2513 3182 2805 3237 constituit
2852 3182 3060 3237 laetitia.
3105 3180 3414 3240 Extulimus
3457 3185 3625 3256 igitur

336 3265 526 3337 ψαμεν
549 3268 644 3326 οὖν
675 3270 776 3344 τὴν
801 3272 1009 3345 συνήθη
1035 3274 1117 3346 τῷ
1147 3276 1266 3345 Θεῷ
1318 3277 1693 3347 εὐχαριστίαν,
1715 3279 1810 3333 καὶ
1837 3281 1929 3334 εύ-

337 3358 559 3427 χόμεθα
582 3361 635 3414 εί
701 3363 801 3419 καὶ
852 3363 1167 3435 ἁμαρτωλοὶ
1200 3363 1474 3435 άνώτερόν
1498 3381 1557 3418 σε
1582 3362 1723 3420 εἶναι
1750 3368 1932 3437 πάσης

336 3447 540 3518 πείρας
579 3450 681 3521 ὅση
713 3452 811 3506 καὶ
871 3452 930 3505 σε
962 3453 1148 3516 λυπεῖ,
1193 3455 1291 3508 καὶ
1341 3455 1467 3517 τοὺς
1520 3454 1807 3522 φιλοῦντας
1832 3457 1932 3527 τῆς

338 3542 535 3613 φήμης
570 3543 962 3616 διαϐαινούσης
983 3548 1064 3610 εἰς
1081 3545 1260 3615 λύπην
1284 3545 1704 3617 καθίστησιν.⁶“Λ
1726 3548 1779 3601 δὲ
1804 3551 1932 3619 περὶ

336 3632 437 3689 τοῦ
488 3637 861 3710 μοναστηρίον
912 3637 1162 3712 ἔγραψας
1208 3640 1572 3713 διοικηθῆναι,
1619 3641 1791 3695 ταῦτα
1837 3644 1933 3695 καὶ

339 3726 479 3795 ἡμῖν
514 3727 665 3795 εδοξε
706 3728 889 3794 καλῶς
931 3729 1103 3802 εχειν,
1152 3730 1202 3784 εί
1244 3732 1321 3803 μή
1359 3748 1506 3797 τινες
1546 3732 1696 3786 ἄλλοι
1724 3733 1933 3787 ἀνακύ-

336 3816 506 3888 tivum
526 3820 676 3889 λόγοι
701 3820 839 3899 πρός
867 3821 967 3887 τάς
989 3823 1262 3895 ὑμετέρας
1295 3824 1461 3890 ἀκοάς
1482 3824 1634 3879 οὔπω
1666 3825 1933 3891 ἐλθόντες,

341 3910 442 3964 καὶ
468 3912 604 3975 ίσως
630 3914 759 3976 τοὺς
809 3913 1257 3984 φιλονεικοῦντας
1300 3917 1383 3971 ετι
1420 3917 1749 3989 διεγείρουσι
1794 3920 1933 3991 πρὸς

338 4004 405 4057 τδ
440 4002 768 4075 φιλόνεικον.
814 4007 1177 4081 Ἐγράψαμεν
1226 4010 1284 4064 δὲ
1330 4011 1745 4083 καὶπρότερον,
1793 4012 1934 4083 γρά-

340 4111 523 4168 ςσομεν
542 4097 596 4151 δὲ
636 4100 731 4153 καὶ
762 4098 882 4155 νῦν.
944 4096 1090 4155 Ἧκε
1119 4101 1255 4176 πρὸς
1294 4104 1462 4174 ἡμᾶς,
1485 4104 1578 4169 οὓς
1613 4107 1729 4175 μετ’
1754 4102 1933 4174 ὀλίγον

340 4188 476 4250 ἴσως
528 4187 626 4241 καὶ
674 4187 999 4262 βουλόμενος
1052 4190 1183 4245 ἰδεῖν
1235 4194 1338 4245 οὐκ
1373 4191 1519 4260 ὕψει,
1559 4193 1657 4248 τοῦ
1696 4196 1932 4265 πέρατος

338 4278 443 4350 τῆς
479 4278 649 4347 ζωῆς,
707 4281 832 4335 ὅσον
886 4282 1012 4335 κατ’
1067 4281 1209 4355 ιμὴν
1266 4283 1544 4356 αἴσθησιν,
1593 4285 1733 4340 κατὰ
1762 4286 1931 4349 πόδας

341 4371 634 4444 παρόντος.

834 4488 970 4546 NH'.
1014 4490 1099 4558 Τῷ
1149 4492 1433 4555 Ἰκονίου.

417 4602 488 4660 Ἥ
532 4602 884 4676 συνεισφορά,
925 4603 1120 4660 τέκνον
1173 4604 1336 4677 ⁴ἡμῶν
1394 4606 1635 4677 ίερδν,ή
1687 4607 1754 4661 ὲκ
1811 4606 1921 4662 τῶν

349 4694 691 4768 Ἐκκλησιῶν
752 4694 847 4750 τοῦ
906 4695 1045 4751 Θεοῦ
1093 4698 1386 4769 γινομένη,
1452 4699 1637 4768 ἀλγεῖν
1697 4713 1757 4754 σε
1814 4716 1920 4754 πα-

337 4785 694 4859 ρασκευάζει,
735 4786 832 4841 καὶ
868 4787 1052 4851 καλῶς
1079 4787 1303 4857 ἀλγεῖς*
1351 4789 1463 4844 ῐσθι
1505 4790 1565 4845 δι
1604 4791 1688 4846 ὅτι
1733 4793 1826 4846 καὶ
1857 4792 1921 4847 τὸ

336 4881 611 4952 ἡμέτερον
665 4879 831 4949 ἄλγος
892 4879 987 4931 επὶ
1028 4882 1095 4951 τῇ
1147 4880 1373 4952 τοιαύτῃ
1419 4880 1771 4953 αἰχμαλωσίᾳ
1810 4882 1919 4938 τῶν

349 4968 690 5039 ἐκκλησιῶν
720 4967 814 5022 τοῦ
852 4967 992 5022 Θεοῦ
1024 4970 1159 5023 πολὺ
1189 4971 1522 5042 πικρότερον
1548 4971 1642 5025 καὶ
1683 4974 1919 5043 ἀνιαρῶ-

335 5077 517 5134 τερον.
558 5060 719 5115 Ἀλλά
758 5060 813 5115 τί
843 5062 1167 5135 ποιήσωμεν
1191 5079 1209 5131 ς
1236 5062 1498 5135 τοιαύτης
1541 5066 1791 5137 ἀνάγκης
1823 5066 1911 5121 6ιά

338 5156 438 5224 τῆς
482 5151 642 5224 ἡμῶν
678 5152 958 5225 ἁμαρτίας
1008 5153 1449 5225 καταλαόούσης,
1484 5155 1625 5209 ὥστε
1676 5161 1783 5211 κᾶν
1840 5158 1917 5231 μὴ

335 5248 606 5318 θέλωμεν,
654 5246 757 5315 τὴν
803 5243 1001 5317 ὀδύνην
1047 5244 1256 5316 ταύτην
1307 5244 1627 5317 ύποίσομεν.
1681 5249 1744 5302 ’Δ
1786 5248 1843 5302 δὲ
1888 5252 1919 5304 ό

332 5338 731 5408 Καταφλὼρων
776 5338 861 5402 εις
917 5338 1022 5409 την
1074 5337 1230 5409 ὑμῶν
1282 5338 1541 5408 ὁσιότητα
1591 5337 1912 5404 ἐνεδείξατο,

331 5435 505 5487 ταῦτα
542 5431 593 5485 εί
624 5430 719 5484 καὶ
753 5428 1000 5500 λυπηρά,
1045 5429 1107 5483 σε
1140 5430 1243 5498 μὲν
1272 5429 1546 5503 ὠφελήσει
1597 5430 1788 5502 πράως
1819 5432 1915 5486 καὶ

337 5524 712 5596 μακροθύμως
742 5523 846 5593 τὴν
871 5524 1139 5593 ἐπήρειαν
1166 5521 1421 5590 φέροντα,
1460 5523 1670 5575 ἐκεῖνον
1699 5521 1755 5576 δὲ
1781 5523 1918 5576 πάν-

333 5631 437 5678 τως
469 5616 532 5669 τδ
570 5614 714 5667 θετον
752 5612 851 5667 καὶ
878 5612 1393 5684 ἀπωσωπὸληπτον
1425 5612 1603 5684 ὄμμα,
1624 5615 1673 5667 εί
1710 5615 1805 5667 καὶ
1837 5614 1913 5685 μὴ

333 5704 449 5771 νῦν,
480 5705 600 5760 ἀλλ’
636 5704 789 5761 ιστιν
835 5703 928 5760 ὅτε
981 5704 1257 5775 βλοσυρῶς
1308 5706 1701 5774 emendem.
1734 5707 1803 5762 ὐ
1836 5709 1910 5779 μὴ

334 5797 585 5874 γενέσθαι
616 5798 693 5866 ὡς
731 5797 1032 5870 ἀρχιερεὺς
1065 5796 1157 5853 τοῦ
1203 5797 1362 5871 Θεοῦ,
1396 5799 1490 5855 καὶ
1534 5798 1611 5866 ὡς
1659 5800 1914 5872 μεμαθη-

2034 3272 2226 3326 solitas
2259 3271 2324 3325 ad
2350 3270 2516 3327 Deum
2542 3275 2775 3342 gratius,
2804 3282 2860 3327 et
2884 3288 3195 3343 precamur,
3226 3276 3475 3345 qttaiuris
3498 3292 3623 3345 pec-

2037 3371 2275 3422 catores.
2304 3372 2355 3416 te
2388 3376 2512 3417 esse
2537 3360 2688 3417 omni
2716 3362 3042 3419 adversitate
3074 3366 3436 3435 superiorem,
3467 3385 3617 3440 qua:-

2041 3469 2257 3524 cuuque
2291 3464 2348 3509 et
2401 3462 2452 3509 te
2483 3454 2693 3526 aﬂligit,
2725 3465 2779 3511 ct
2806 3468 3052 3512 amantes
3084 3469 3134 3513 te
3169 3461 3221 3513 in
3250 3461 3620 3531 alIlictiouem,

2034 3543 2180 3600 fatua
2233 3555 2552 3616 grassante,
2606 3547 2840 3603 inducit.
2885 3547 3038 3615 Quod
3090 3565 3269 3606 autem
3327 3556 3616 3622 scripsisti,

2036 3639 2428 3695 monasterium
2489 3640 2627 3695 bene
2695 3642 2958 3708 ordinari,
3029 3642 3133 3700 boc
3188 3645 3343 3701 nobis
3391 3662 3615 3717 quoque

2035 3730 2170 3786 bene
2200 3731 2401 3786 habere
2434 3732 2612 3787 visum
2641 3741 2747 3797 est,
2777 3731 2879 3787 nisi
2908 3734 3052 3805 quod
3088 3735 3177 3789 alii
3224 3736 3441 3803 quidem
3473 3741 3617 3793 revi-

2044 3822 2267 3878 viscunt
2322 3838 2603 3879 sermones
2653 3825 2747 3894 qui
2777 3825 2846 3877 ad
2899 3836 3110 3880 vestras
3160 3842 3321 3882 aures
3367 3830 3611 3887 nomium

2034 3920 2428 3983 pervenerunt,
2464 3923 2518 3968 et
2538 3913 2843 3985 iurgiorum
2881 3924 3149 3971 amatores
3176 3917 3353 3972 adhuc
3384 3920 3455 3973 ad
3480 3919 3607 3991 jur-

2033 4006 2119 4075 gia
2154 4006 2419 4059 excitant.
2456 4006 2789 4075 Scripsimus
2816 4015 2999 4061 autem
3047 4007 3159 4078 jam
3195 4019 3375 4076 antea,
3420 4013 3613 4067 set-ibi-

2033 4110 2156 4151 mus
2185 4110 2315 4151 vero
2353 4106 2409 4151 et
2435 4111 2579 4151 nunc
2612 4113 2627 4151 ε
2664 4095 2799 4153 Veni
2862 4098 2926 4153 ad
2960 4114 3061 4153 uos
3093 4116 3231 4169 quos
3270 4110 3391 4171 post
3434 4104 3611 4158 modi-

2031 4204 2156 4243 cum
2207 4188 2390 4243 forsan
2442 4188 2631 4246 videre
2677 4195 2864 4245 volens
2922 4205 3029 4245 non
3062 4191 3293 4257 videbis,
3327 4209 3448 4249 eum
3490 4201 3611 4253 vita:

2032 4282 2322 4348 terminus,
2355 4292 2622 4352 quantum
2652 4283 2853 4338 sentire
2882 4295 3129 4354 possum,
3157 4283 3269 4354 jam
3294 4288 3486 4341 instet.

2466 4484 2647 4543 LVIII.
2689 4484 2863 4543 Icouii
2902 4488 3163 4558 episcopo.

2101 4597 2352 4665 Tributa,
2405 4598 2479 4655 illi
2529 4601 2602 4655 mi
2648 4610 2885 4664 sacrate,
2940 4617 3061 4669 qua:
3094 4601 3161 4656 de
3204 4602 3457 4660 Ecclesiis
3505 4603 3601 4662 Dei

2025 4690 2187 4757 ﬁunt,
2242 4689 2488 4762 afﬂigunt
2518 4703 2569 4748 te
2591 4701 2646 4748 et
2673 4692 2904 4747 multum
2940 4693 3117 4749 doles.
3163 4693 3313 4751 Scito
3339 4704 3520 4753 autem
3547 4712 3605 4755 et

2022 4790 2272 4838 nostrum
2306 4782 2550 4839 dolorem
2594 4782 2662 4838 de
2694 4782 2785 4837 tali
2818 4785 3079 4841 servitute
3109 4783 3476 4842 Ecclesiarum
3505 4790 3600 4847 Dei

2021 4875 2197 4930 multo
2249 4875 2577 4930 amarioretn
2626 4883 2683 4929 et
2728 4876 3052 4932 tristiorem.
3101 4874 3208 4932 Sed
3259 4879 3388 4949 quid
3430 4880 3601 4937 facia-

2021 4965 2188 5020 mus?
2232 4978 2357 5019 cum
2406 4964 2521 5018 hac
2558 4964 2809 5033 angustia
2856 4975 3075 5034 propter
3155 4974 3377 5036 peccata
3412 4977 3596 5023 nostra

2020 5055 2419 5129 supervenerit,
2478 5055 2619 5110 hanc
2661 5053 3036 5121 aﬂictionem,
3086 5056 3300 5114 etiamsi
3354 5061 3599 5116 nolueri-

2021 5164 2165 5215 mus,
2200 5147 2618 5204 sustinebimus.
2658 5146 2791 5212 Qua:
2830 5158 3012 5203 autem
3042 5148 3374 5220 Catapliloro
3403 5162 3593 5207 contra

2019 5250 2258 5297 vestram
2285 5241 2631 5295 sanctitatem
2660 5239 3019 5305 denuntiavit,
3044 5241 3177 5303 haec,
3208 5244 3313 5295 etsi
3334 5243 3590 5309 dolenda,

2021 5334 2076 5387 in
2111 5340 2345 5386 vestram
2380 5330 2601 5400 quidem
2639 5328 2933 5384 utilitatem
2965 5329 3185 5396 cedent,
3215 5346 3341 5386 cum
3380 5334 3593 5403 placido

2017 5435 2071 5482 et
2098 5439 2296 5495 maguo
2322 5423 2509 5478 animo
2541 5421 2799 5491 iniuriam
2831 5423 3186 5491 pertuleritis.
3224 5421 3380 5479 Hunc
3406 5436 3588 5481 autem

2016 5517 2111 5573 Dei
2162 5516 2356 5572 oculus
2402 5514 2496 5586 qui
2548 5530 2656 5569 non
2704 5523 2789 5568 est
2830 5530 3188 5585 personarum
3223 5526 3497 5586 acceptor,
3541 5520 3589 5573 si

2015 5627 2125 5666 non
2170 5622 2338 5675 nunc,
2374 5607 2567 5663 saltem
2599 5606 2895 5676 aliquando
2926 5607 3100 5663 iratus
3142 5608 3387 5678 aspiciet.
3429 5610 3584 5675 Quod

2015 5717 2083 5759 ne
2119 5704 2231 5769 ttat,
2277 5711 2333 5754 tu
2381 5707 2639 5769 tanquam
2691 5697 2782 5753 Dei
2814 5699 3081 5769 pontifex,
3127 5708 3184 5755 et
3227 5700 3315 5771 qui
3346 5700 3588 5757 didicisti

2014 5794 2471 5870 persequentibus
2508 5791 2833 5849 benedicere
2860 5802 2916 5851 et
2944 5809 3042 5864 pro
3073 5794 3374 5851 tortoribus
3400 5809 3583 5857 orare.
