4048 6140
438 223 555 290 263
1637 212 1948 275 NICOLAI
1986 212 2041 271 Cl

2145 211 2333 272 PATll
2346 211 2365 269 Ι
2378 213 2415 266 Α
2427 208 2649 270 ΙὶΟΗῈ
3612 204 3719 269 264

441 356 473 396 a
511 338 672 395 nobis
710 336 974 403 scriptum
999 342 1084 390 est
1115 332 1179 386 ad
1207 346 1303 386 cos
1331 327 1422 400 qui
1451 327 1631 383 idonei
1662 336 1789 381 sunt
1809 326 2032 395 scriptis

2145 326 2338 394 γει).εν,
2373 328 2404 394 ἡ
2438 323 2671 377 δοκοῦσα
2702 323 2937 392 πρέπειν
2971 320 3234 394 ἐξηνέχθη
3264 322 3548 385 διάστασις
3574 337 3586 351 ·
3627 314 3721 374 καὶ

442 429 784 505 perﬁciendi.
839 429 1111 483 Czcterum
1152 425 1293 489 vale,
1344 434 1545 481 nostrze
1597 419 1923 476 humilitatis
1970 419 2025 472 in

2145 417 2321 469 λοιπὸν
2381 414 2523 468 οὕτω
2581 416 2873 485 γενήσεται
2905 413 3088 478 καθὼς
3118 415 3249 486 παρ’
3299 413 3461 483 ἡμῶν
3499 411 3718 482 ἐγράφη

444 526 553 582 tuis
585 523 790 580 sanctis
816 522 1073 593 precibus
1105 533 1335 574 memor.

833 824 1017 881 LXIV.
1061 820 1332 894 Tryphoni
1367 818 1644 874 monacho.

519 969 836 1028 Gaudemus
860 966 1006 1036 quod
1044 963 1305 1020 sanctitas
1338 969 1523 1015 vestra
1554 957 1610 1012 in
1645 962 1793 1011 tanta
1820 950 2031 1011 sollici-

446 1068 635 1122 tudine
670 1080 769 1118 nos
815 1060 1051 1123 habeat;
1105 1072 1233 1112 nam
1264 1064 1315 1109 et
1351 1055 1454 1109 hoc
1485 1064 1741 1122 magnum
1775 1056 1861 1103 est
1885 1046 2033 1103 sola-

453 1161 589 1216 :ium
618 1157 859 1219 obtritis,
896 1156 1040 1209 sicut
1070 1162 1125 1206 et
1154 1148 1493 1206 contrarium
1527 1145 1879 1200 vehementer
1897 1156 2033 1197 con-

447 1256 627 1309 tristat
664 1265 760 1306 eos
800 1250 894 1317 qui
928 1248 1090 1300 talem
1118 1246 1377 1300 invocant
1411 1239 1769 1295 voluntatem.
1813 1234 1887 1289 De
1919 1248 2033 1304 quo

446 1356 502 1402 et
546 1343 827 1414 Scriptura
869 1338 1048 1393 dicit:
1089 1353 1109 1388 ι
1159 1334 1225 1389 Et
1270 1331 1511 1388 sustinui
1551 1329 1647 1397 qui
1699 1325 1863 1382 simul
1896 1338 2034 1379 con-

446 1441 785 1499 tristaretur,
830 1441 886 1489 et
928 1445 1037 1485 non
1076 1428 1219 1494 fuit;
1266 1424 1641 1486 consolantes,
1687 1427 1745 1474 et
1790 1432 1900 1474 non
1944 1415 2034 1470 in-

445 1530 571 1587 veni
598 1531 639 1584 '.
689 1546 709 1581 ι
770 1527 831 1580 In
874 1523 1135 1580 omnibus
1181 1517 1329 1573 enim
1379 1510 1811 1570 communicatio
1860 1506 2035 1563 levius

447 1622 582 1679 facit
605 1634 747 1675 onus
779 1616 984 1686 quibus
1015 1614 1147 1667 illud
1174 1607 1383 1665 ferendi
1412 1604 1714 1661 necessitas
1742 1597 2032 1657 incumbit.

2133 511 2246 574 τοῖς
2280 509 2421 564 κατὰ
2473 508 2659 580 χώραν
2696 511 2902 573 ἱκανοῖς
2959 504 3082 562 οὖσι
3131 508 3356 562 διοικεῖν
3389 506 3460 561 τὰ
3508 505 3717 578 γραφό·

2137 621 2301 674 μενα.
2330 603 2412 658 Τὰ
2450 600 2496 656 δ’
2517 602 2653 658 ἄλλα
2685 602 2896 675 ἔρρωσό
2933 619 3023 673 μοι
3055 603 3154 673 τῆς
3196 601 3353 673 ἡμῶν
3382 600 3716 672 ταπεινότηο

2132 713 2226 763 τος
2253 698 2312 751 ὲν
2338 696 2463 761 ταῖς
2489 696 2671 761 ὁσίαις
2700 696 2889 767 εὐχαῖς
2921 712 3015 749 σου
3049 696 3427 767 μεμνημένος.

2553 806 2675 865 ΞΔθ.
2714 808 2981 878 Τρύφωνι
3018 805 3289 879 μοναχῷ.

2204 948 2487 1021 Χαίρομεν
2514 947 2601 1018 ὐφ’
2631 942 2713 1012 οἷς
2737 950 2770 1021 ἡ
2797 947 3016 1019 ὁσιότης
3050 946 3209 1019 ὐμῶν
3245 946 3390 1002 οὕτω
3426 945 3517 1003 διὰ
3550 963 3723 1019 φρον-

2132 1038 2277 1102 τίδος
2304 1038 2418 1111 εχει
2444 1039 2648 1109 πολλῆς
2686 1042 2756 1093 τὰ
2785 1041 3034 1111 ἡμέτερα
3055 1055 3069 1069 ⁸
3104 1039 3230 1093 ἐπεὶ
3262 1038 3357 1092 καὶ
3387 1038 3549 1092 τοῦτο
3570 1038 3722 1107 μέγα

2136 1132 2490 1204 παραμύθιον
2549 1136 2663 1197 τοῖς
2712 1132 3083 1203 θλιϐομένοις,
3132 1130 3327 1205 ὥσπερ
3384 1130 3452 1204 δη
3507 1132 3604 1185 καὶ
3660 1131 3725 1185 τὸ

2136 1224 2384 1280 ἐναντίον
2424 1224 2675 1298 σφοδρῶς
2712 1226 2839 1297 ἀνιᾷ
2870 1224 2998 1288 τοὺς
3028 1225 3111 1288 είς
3150 1224 3505 1296 παράκλησιν
3536 1222 3727 1277 τοιαύ-

2136 1334 2236 1390 της
2257 1320 2656 1390 προαιρέσεως
2694 1321 2825 1391 περὶ
2851 1313 2912 1375 οὗ
2942 1320 3123 1376 καὶτὸ
3143 1319 3343 1385 Δόγιον
3365 1319 3524 1390 φησι,
3557 1337 3579 1373 ι
3610 1319 3724 1372 Καὶ

2138 1409 2412 1480 ὑπέμεινα
2459 1410 2908 1482 συλλυπούμενον
2939 1412 3037 1466 καὶ
3076 1412 3177 1481 οὐχ
3206 1410 3442 1480 ὑπῆρξε·
3479 1411 3578 1465 καὶ
3614 1427 3726 1464 πα-

2139 1493 2542 1577 ρακαλοῦντας,
2574 1506 2669 1558 καὶ
2686 1504 2786 1574 οὐχ
2817 1503 2998 1576 εὖρον.
3027 1524 3048 1557 ι
3095 1506 3185 1559 Ἐν
3201 1505 3368 1559 παντὶ
3403 1505 3510 1575 γὰρ
3534 1520 3731 1559 κοινω-

2138 1597 2229 1651 νία
2255 1597 2589 1669 κουφότερον
2618 1601 2767 1651 ποιεῖ
2790 1599 2852 1652 τδ
2880 1598 3045 1669 βάρος
3074 1597 3186 1651 τῶν
3208 1600 3459 1671 ἀνάγκην
3488 1600 3729 1670 ἑχόντων

447 1714 644 1784 Igitur,
672 1720 733 1766 ut
751 1710 888 1771 dixi,
919 1702 1234 1775 hujusmodi
1260 1698 1460 1771 gaudio
1488 1696 1725 1752 fruimur
1750 1701 1805 1746 et
1823 1689 2032 1762 gratias

2145 1690 2327 1784 φέρειν
2359 1690 2514 1746 αὐτό.
2548 1691 2637 1756 Ὠς
2667 1688 2762 1747 οὖν
2788 1692 2928 1763 ἔφην
2954 1694 3133 1763 χαρᾶς
3162 1694 3221 1747 έν
3251 1692 3430 1764 τούτῳ
3450 1692 3530 1763 τῷ
3562 1694 3729 1764 μέρει

449 1782 564 1859 Ideo
620 1808 814 1857 sancto
859 1795 1075 1868 agimus
1123 1793 1217 1863 qui
1268 1806 1362 1846 vos
1405 1790 1481 1843 ita
1534 1784 1725 1841 movit.
1776 1782 2033 1835 Attamen

451 1892 689 1967 procella
726 1903 850 1960 quae
879 1887 951 1944 ob
980 1894 1206 1958 peccata
1238 1892 1430 1939 nostra
1460 1880 1530 1935 ab
1576 1876 1734 1932 initio
1764 1872 1922 1928 nobis
1946 1871 2035 1927 in-

448 1997 558 2045 stat
611 1986 975 2042 nibilominus
1032 1979 1212 2034 adhuc
1261 1975 1439 2040 saevit,
1498 1987 1625 2027 cum
1680 1975 2035 2041 peccatorum

449 2088 767 2136 nostrorum
812 2074 990 2129 nubes
1030 2084 1361 2142 magnopere
1396 2062 1761 2128 concreverit,
1802 2059 2035 2116 necdum

452 2147 786 2227 sdlutionem
817 2182 847 2219 a
881 2165 1072 2220 divina
1107 2159 1485 2217 benevolentia
1524 2156 1837 2227 acceperit;
1868 2165 2035 2224 quam

454 2271 513 2316 tu
547 2260 755 2317 sanctis
782 2256 1038 2329 precibus
1071 2253 1282 2310 ﬂectas.
1324 2250 1493 2306 Forte
1533 2263 1661 2305 sero
1690 2247 1909 2303 tandem
1947 2258 2038 2299 se-

456 2351 745 2405 renitatem
798 2344 949 2401 dabit
997 2343 1158 2399 nobis
1216 2334 1393 2396 bonus
1445 2339 1610 2404 Deus,
1663 2345 1719 2393 et
1761 2334 2039 2406 respirare

452 2439 715 2497 concedet
756 2452 912 2494 suam
961 2434 1267 2492 Ecclesiam
1310 2433 1379 2487 ab
1422 2446 1487 2486 ea
1531 2445 1639 2503 qua
1690 2437 1903 2486 tenetur
1933 2440 2038 2482 an-

452 2532 655 2606 gustia.

791 2732 955 2791 LXV.
988 2733 1189 2789 Joauni
1221 2733 1467 2802 episcopo
1493 2731 1692 2789 Amisi.

524 2870 657 2927 Tuae
685 2870 1003 2927 sanctitatis
1026 2869 1221 2925 littera:
1243 2866 1518 2938 duplicem
1547 2866 1707 2922 nobis
1729 2864 2041 2935 iniecerunt

458 2981 706 3030 sensum,
777 2978 847 3018 ex
900 2963 1153 3034 Opposita
1211 2976 1381 3016 causa
1439 2960 1845 3030 procedentem.
1904 2956 2043 3014 Hinc

457 3060 604 3115 enim
646 3056 892 3112 laetitiam
933 3055 1291 3125 comparavit,
1338 3054 1484 3124 quod
1510 3053 1634 3108 vita:
1670 3062 1865 3107 vestra:
1895 3050 2041 3106 uoti-

459 3154 589 3208 tiam
620 3150 777 3206 nobis
804 3146 1211 3213 manifestavit;
1244 3147 1370 3200 hinc
1400 3154 1581 3200 autem
1613 3144 1830 3199 dolendi
1858 3143 2041 3198 lacum

459 3245 612 3310 fecit,
646 3244 793 3315 quod
824 3241 1116 3296 didicimus
1147 3252 1199 3296 te
1240 3255 1351 3310 pra:
1376 3239 1633 3293 violentis
1657 3248 1710 3293 et
1736 3236 2042 3293 ambitiosis

455 3333 774 3393 inferiorem
798 3331 1142 3396 discessisse,
1167 3334 1294 3387 dum
1322 3331 1522 3385 malam
1555 3330 1631 3384 illi
1659 3328 2043 3400 fuitestamque

462 3427 750 3484 victoriam
782 3425 1123 3481 retulissent.
1157 3424 1292 3479 illud
1323 3433 1505 3477 autem
1536 3432 1873 3494 reputantes,
1899 3422 2042 3492 quod

461 3521 557 3577 Dei
600 3520 777 3592 gratia
823 3518 1032 3573 nullum
1067 3516 1229 3594 bonae
1264 3515 1564 3572 voluntatis
1593 3528 1648 3571 et
1684 3516 1852 3570 studii
1877 3513 2047 3570 detri~

461 3622 711 3667 mentum
758 3626 920 3683 passa
968 3620 1051 3666 est
1087 3620 1176 3665 tua
1212 3610 1418 3676 virtus;
1471 3623 1574 3664 nec
1613 3620 1764 3664 certe
1791 3610 2042 3664 laborum

462 3719 605 3777 quos
654 3720 752 3775 per
792 3701 1068 3759 dillicilem
1106 3704 1249 3755 viam
1292 3701 1509 3757 subiisti
1542 3701 1849 3756 mercedem
1874 3714 1904 3754 a
1932 3699 2045 3755 Deo

463 3799 560 3855 tibi
594 3798 961 3868 abripuerunt
1000 3795 1095 3866 qui
1147 3795 1438 3850 victoriam
1490 3792 1745 3849 retulisse
1788 3792 1894 3848 sibi
1940 3791 2043 3847 visi

462 3901 616 3959 sunt,
664 3890 1099 3947 consolationem
1148 3904 1256 3943 non
1302 3888 1574 3943 modicam
1620 3888 1932 3943 invenimus
1976 3900 2046 3939 ne

464 3984 818 4039 doleremus:
847 3980 993 4053 quod
1021 3989 1077 4035 et
1107 3988 1215 4035 tua:
1241 3980 1335 4034 σοι
1356 3979 1542 4033 virtuti
1566 3993 1708 4049 quae,
1734 3976 1829 4031 Dei
1847 3978 2044 4047 gratia,

466 4075 654 4129 omnia
697 4073 926 4129 materia
980 4073 1149 4126 libera
1197 4080 1284 4126 est
1324 4079 1381 4127 et
1427 4072 1495 4125 ad
1544 4072 1661 4124 sola
1691 4070 1747 4125 in
1776 4082 2043 4124 aeternum

466 4176 748 4223 reservata
797 4165 951 4222 lucra
1003 4165 1260 4219 intendit.
1302 4162 1743 4219 Contumeliosos
1775 4171 1961 4219 autem
1990 4172 2047 4218 et

466 4260 765 4325 derisores,
797 4258 1117 4329 quicunque
1156 4256 1290 4319 sint,
1320 4270 1445 4311 cum
1477 4256 1671 4311 iisdem
1697 4255 2046 4311 contumeliis

464 4363 522 4409 et
551 4352 927 4410 derisionihus
960 4349 1027 4403 ad
1072 4348 1307 4403 nihilum
1332 4347 1680 4412 reducamus,
1706 4347 1857 4402 nullo
1883 4347 2047 4401 modo

2065 3100 2112 3163 C

2136 1781 2511 1853 ἀπολαύομεν,
2544 1785 2640 1837 καὶ
2688 1783 3128 1855 εὐχαριστοῦμεν
3169 1783 3249 1857 τῷ
3292 1785 3438 1855 ἁγίῳ
3478 1783 3598 1856 Θεῷ
3640 1784 3725 1857 τῷ

2136 1874 2299 1929 τοῦτο
2345 1876 2492 1945 ὑμᾶς
2532 1874 2905 1946 συγκινοῦντι.
2963 1877 3112 1950 Πλὴν
3140 1878 3169 1930 ὁ
3196 1876 3406 1949 χειμὼν
3434 1879 3465 1932 ὸ
3490 1877 3579 1932 διὰ
3624 1878 3729 1941 τὰς

2137 1967 2417 2037 ἁμαρτίας
2447 1968 2605 2038 ⁴ἡμῶν
2630 1968 2689 2035 ἐξ
2724 1970 2897 2039 ἀρχῆς
2926 1972 3059 2041 ἡμῖν
3099 1969 3534 2041 ἑπιτεθειμένος,
3568 1970 3727 2024 οὐδὲν

2138 2060 2362 2116 ἔλαττον
2394 2062 2489 2115 καὶ
2522 2062 2605 2116 ἔτι
2646 2064 2918 2134 χειμάζει,
2954 2063 3176 2127 πάντως
3223 2062 3321 2117 τοῦ
3373 2065 3570 2134 νέφους
3614 2062 3728 2116 τῶν

2136 2153 2431 2225 ἡμετέρων
2467 2152 2809 2224 σφαλμάτων
2838 2154 3040 2227 πολλὴν
3072 2155 3171 2226 τὴν
3202 2157 3485 2210 πύκνωσιν
3516 2172 3724 2224 κεκτη·

2142 2246 2328 2317 μένου,
2365 2246 2461 2301 καὶ
2499 2245 2656 2302 οὔπω
2701 2248 2799 2314 τῆς
2834 2248 3023 2321 θεῖκῆς
3073 2249 3367 2318 εὐμενείας
3396 2247 3585 2302 λαϐεῖν
3625 2248 3729 2317 τὴν

2138 2339 2295 2395 λύσιν
2324 2338 2634 2404 ἐθέλοντος·
2672 2340 2739 2411 ἢν
2764 2342 2888 2406 ταῖς
2917 2345 3039 2406 σαῖς
3074 2342 3252 2407 ὁσίαις
3278 2342 3484 2407 rerum
3511 2340 3725 2410 εὐχαῖς.

2141 2434 2303 2498 Ἴσως
2323 2432 2422 2504 ὀψέ
2467 2449 2601 2486 ποτε
2643 2432 2805 2486 δώσει
2838 2432 3060 2504 αίθρίαν
3096 2436 3231 2506 ἡμῖν
3259 2435 3289 2487 ὀ
3318 2432 3728 2503 Φιλάνθρωπος,

2142 2524 2237 2581 καὶ
2260 2525 2601 2581 ἀναπνεῦσαι
2630 2527 2908 2597 παράσχοι
2936 2528 3036 2598 τὴν
3071 2527 3409 2599 Ἐκκλησίαν
3447 2526 3549 2599 τῆς
3594 2543 3729 2581 συν-

2145 2617 2378 2691 εχούσης
2403 2618 2570 2673 αὐτοῦ
2602 2619 3000 2691 χαλεπότητος.

2388 2733 2511 2789 Ξεν.
2561 2735 2812 2805 Ἰωάννῃ
2845 2736 3162 2805 ἐπισκόπῳ
3199 2739 3476 2810 Ἀμίσου.

2212 2872 2290 2926 Τὸ
2338 2872 2575 2944 γράμμα
2640 2872 2741 2943 τῆς
2803 2871 2961 2944 ὑμῶν
3014 2862 3301 2945 ὁσιότητος
3341 2874 3540 2947 διπλῆν
3596 2876 3731 2949 ἡμῖν

2146 2964 2433 3033 ἐνεποίησε
2477 2964 2579 3035 τὴν
2617 2963 2865 3018 διάθεσιν
2899 2966 2958 3033 ἐξ
3008 2966 3272 3020 ἐναντίων
3310 2969 3733 3039 προερχομένην

2142 3056 2253 3109 τῶν
2304 3056 2592 3125 ἀφορμῶν.
2649 3056 2715 3109 'ﬂ
2746 3057 2988 3128 μὲνγὰρ
3051 3059 3436 3129 παρεσκεύαζε
3490 3063 3733 3132 χαίρειν,

2141 3146 2242 3216 τῆς
2272 3145 2548 3218 ὑμετέρας
2580 3146 2730 3217 ζωῆς
2761 3148 2863 3217 τὴν
2904 3148 3109 3217 γνῶσιν
3139 3152 3273 3219 ἡμῖν
3307 3151 3690 3222 ἐμφανίζουσα
3709 3169 3728 3186 ο

2143 3241 2178 3310 η
2208 3238 2264 3291 δὲ
2305 3239 2369 3291 τὸ
2395 3239 2689 3294 λυπεῖσθαι
2739 3240 3027 3313 προεξένει
3056 3258 3071 3273 ο
3120 3240 3190 3295 δι’
3238 3236 3318 3297 ὧν
3348 3244 3734 3315 ἑμανθάνομεν

2142 3331 2218 3395 ὡς
2254 3332 2408 3401 παρὰ
2438 3330 2551 3385 τῶν
2582 3330 2774 3401 βιαίων
2796 3335 2891 3387 καὶ
2914 3335 3055 3405 πρὸς
3090 3336 3259 3404 μόνην
3283 3336 3382 3406 τὴν
3410 3337 3730 3402 πλεονεξίαν

2143 3422 2418 3493 ὁρώντων,
2451 3422 2514 3476 τὸ
2542 3421 2769 3476 ἔλαττον
2797 3424 2957 3486 αὐτὸς
2999 3425 3325 3495 ἀπηνέγκω,
3350 3427 3531 3497 κακὴν
3555 3427 3729 3490 ὅντως

2146 3514 2243 3568 καὶ
2308 3513 2552 3585 ὀλέθρων
2620 3515 2781 3586 νίκην
2848 3517 3074 3572 ἐκείνων
3133 3519 3531 3589 νενικηκότων·
3588 3518 3731 3590 πλὴν

2143 3607 2325 3661 έκεῖνο
2377 3606 2797 3678 ἐνθυμηθέντες,
2834 3608 2918 3661 ὅτι
2965 3613 3149 3681 χάριτι
3208 3610 3346 3664 Θεοῦ
3396 3611 3551 3664 οὐδὲν
3593 3613 3727 3683 ἐζη-

2150 3700 2352 3770 μίωται
2382 3700 2417 3771 ἡ
2450 3702 2521 3773 σὴ
2568 3701 2764 3774 ἁρετὴ,
2801 3701 2905 3773 τῆς
2949 3706 3049 3773 σῆς
3092 3698 3328 3773 ὰγαθῆς⁶
3349 3704 3729 3776 προαιρέσεως

2146 3792 2239 3847 καὶ
2266 3793 2522 3865 σπουδῆς.
2564 3794 2675 3849 Ναὶ
2705 3795 2769 3867 δὴ
2818 3796 2914 3849 καὶ
2941 3796 3036 3850 τοῦ
3071 3797 3238 3850 πόνου
3275 3798 3369 3851 καὶ
3401 3799 3511 3851 τῶν
3538 3799 3729 3869 καμά-

2145 3901 2278 3951 των,
2311 3885 2411 3951 οὒς
2440 3886 2532 3941 διὰ
2562 3887 2664 3956 τῆς
2697 3887 2941 3959 χαλεπῆς
2973 3889 3215 3961 ὑπέστης
3245 3889 3583 3963 ὁδοιπορίας,
3624 3892 3728 3946 οὐκ

2146 3980 2533 4051 ἀπεστέρησαν
2590 3981 2691 4050 τῆς
2766 3983 2917 4051 παρὰ
2982 3981 3122 4035 Θεοῦ
3187 3982 3618 4052 μισθαποδοσίας
3680 3987 3732 4040 oi

2148 4070 2400 4139 δόξαντες
2448 4072 2827 4144 ἀποφέρεσθαι
2878 4074 2978 4144 τὴν
3032 4075 3215 4145 νίκην,
3264 4075 3616 4147 παραμύθιον
3667 4080 3734 4131 οὐ

2150 4165 2350 4235 μικρὸν
2380 4164 2618 4237 εὕρομεν
2648 4164 2745 4220 τοῦ
2778 4167 2854 4237 μὴ
2900 4166 3213 4235 λυπεῖσθαι,
3239 4172 3378 4242 ὅπερ
3409 4176 3505 4225 καὶ
3545 4175 3614 4243 τῇ
3660 4176 3731 4243 σῇ

2149 4259 2320 4328 ἀρετῇ
2370 4257 2617 4325 γενέσθω
2672 4260 2856 4330 χάριτι
2902 4258 3037 4312 Θεοῦ
3087 4262 3269 4331 πάσης
3304 4262 3436 4335 ὕλης
3470 4262 3735 4337 ἐλευθέρᾳ

2148 4348 2517 4423 τυγχανοὺσῃ.
2542 4351 2637 4404 καὶ
2680 4352 2817 4423 πρὸς
2850 4354 2991 4423 μόνα
3020 4354 3089 4408 τὰ
3116 4354 3460 4424 ἀποκείμενα
3491 4357 3731 4422 αίωνξως

465 4451 729 4503 curantes
766 4444 884 4501 sive
928 4442 1294 4498 contumelias
1323 4440 1537 4511 pluant,
1578 4441 1692 4496 sive
1720 4441 1868 4495 aliud
1910 4442 2041 4511 quid

2150 4441 2317 4513 κέρδη
2352 4441 2698 4516 ἀτενιζούσῃ.
2730 4444 2871 4509 Τοὺς
2899 4446 2957 4498 δὲ
2989 4446 3254 4517 ὑϐριστὰς
3285 4449 3381 4503 καὶ
3411 4450 3644 4522 εἴρωνας
3679 4448 3735 4504 οε

464 4537 776 4609 excogitent
819 4544 1009 4591 contra
1028 4549 1149 4589 nos.
1164 4532 1435 4588 Caeterum
1460 4532 1645 4587 valere
1658 4540 1708 4587 te
1725 4532 1883 4588 nobis
1909 4548 2045 4588 con-

468 4629 631 4684 cedat
655 4627 798 4684 Deus
820 4636 1069 4691 sanctus,
1099 4639 1399 4680 memorem
1448 4632 1652 4681 nostra:
1695 4625 2042 4681 humilitatis.

2151 4551 2295 4599 τινες
2323 4535 2454 4588 ποτέ
2483 4538 2589 4589 εισι
2624 4540 2762 4607 μετὰ
2791 4538 2891 4607 τῆς
2933 4540 3106 4610 αὐτῆς
3139 4540 3454 4612 δυσφημίας
3504 4542 3599 4597 καὶ
3649 4542 3731 4596 εί-

2155 4628 2377 4699 ρωνίας,
2412 4629 2492 4691 είς
2521 4629 2582 4683 τὸ
2615 4632 2781 4702 μηδὲν
2811 4632 3230 4705 ἀπορρίψωμεν,
3262 4635 3537 4706 μηδεμίαν
3560 4652 3736 4706 φρον-

465 4723 591 4778 τίδα
645 4723 984 4792 ποιούμενοι,
1038 4719 1152 4772 εἴτε
1211 4717 1506 4773 πλύνουσιν
1556 4716 1801 4789 ὕϐρεσιν,
1853 4721 1963 4774 εἴτε
2002 4737 2055 4773 τι
2093 4720 2286 4794 ἓτερον
2366 4725 2446 4787 εἰς
2493 4722 2738 4781 ιπίνοιαν
2783 4729 3013 4800 φέρουσι
3069 4729 3165 4784 τοῦ
3259 4729 3383 4785 καθ’
3414 4733 3573 4804 ημῶν
3614 4736 3734 4791 ιιι-

466 4814 805 4873 δείκνυσθαι.
856 4814 938 4867 Τὰ
965 4812 1011 4867 δ’
1038 4812 1175 4867 ἄλλα
1202 4812 1482 4885 ίρρῶσθαί
1510 4831 1569 4870 σε
1606 4818 1740 4890 ἡμῖν
1767 4818 2040 4891 παράσχοι
2063 4821 2093 4873 ὁ
2121 4820 2277 4889 ἅγιος
2309 4820 2465 4886 Θεὸς,
2497 4824 2852 4894 μεμνημένον
2902 4825 3003 4897 τῆς
3054 4826 3215 4897 ἡμῶν
3267 4829 3640 4900 μετριότητος.

1034 4931 1219 4991 LXVI.
1252 4934 1482 4993 Incerto.

544 5048 751 5105 Diiecte
793 5049 954 5106 nobis
1004 5048 1111 5115 liii;
1154 5065 1242 5106 res
1269 5051 1472 5118 evenit,
1510 5062 1570 5109 ut
1611 5055 1835 5126 quidam
1870 5056 2047 5123 aiunt,

474 5144 701 5200 minime
738 5144 903 5216 digna
931 5144 1036 5200 ista
1081 5145 1237 5212 urbe,
1265 5145 1323 5201 in
1353 5162 1463 5217 qua
1504 5150 1686 5204 otnuis
1707 5152 1863 5216 ordo,
1886 5151 2051 5205 disci-

472 5237 620 5304 plina
650 5235 961 5291 Christiana
986 5245 1040 5291 et
1065 5238 1242 5307 pietas
1268 5251 1479 5310 regnat,
1498 5250 1554 5295 et
1580 5256 1746 5297 omne
1765 5243 2051 5313 sapientiai

473 5328 690 5382 culmen
728 5335 785 5382 et
821 5342 994 5383 sacrae
1040 5330 1454 5387 constitutionis
1500 5332 1814 5401 sinceritas,
1874 5350 2050 5405 neque

478 5417 773 5474 Ecclesiam
822 5419 1033 5477 doloris
1083 5431 1181 5478 aut
1239 5424 1690 5493 reprehensionis
1746 5426 2047 5483 immunem

475 5522 764 5582 prastans.
819 5511 969 5568 Talia
1001 5513 1151 5570 cnim
1197 5515 1456 5573 dicuntur
1507 5517 1652 5574 facta
1698 5533 1823 5576 esse
1867 5519 2048 5589 qualia

543 5692 563 5725 ³
604 5688 751 5752 Psal.
777 5706 969 5755 vam.
997 5691 1089 5750 2|.

2731 4942 2870 5013 εἰς’.
2918 4944 3169 5015 34611.1(,»

2226 5054 2430 5111 Τέκνον
2490 5071 2593 5125 μου
2648 5056 3048 5127 ἠγαπημένον·
3102 5058 3336 5128 πρᾶγμα
3382 5060 3603 5129 ἐγένετο
3657 5061 3736 5127 ὡς

2146 5148 2370 5219 λέγουσί
2417 5164 2565 5213 τινες
2612 5151 2752 5220 μήτε
2810 5152 2876 5220 τῇ
2923 5150 3049 5224 δόξῃ
3101 5152 3314 5221 πρέπον
3367 5151 3465 5220 τῆς
3522 5154 3734 5217 πόλεως

2148 5240 2352 5311 ταύτης
2402 5241 2461 5292 έν
2504 5233 2539 5312 ᾖ
2568 5241 2721 5292 πᾶσα
2750 5240 2905 5304 τάξις
2948 5239 3300 5312 χριστιανικὴ
3332 5242 3425 5293 καὶ
3455 5244 3606 5294 πᾶσα
3634 5243 3698 5297 εὐ

2150 5334 2337 5387 σέϐεια
2381 5330 2749 5400 πολιτεύεται,
2781 5335 2876 5387 καὶ
2921 5336 3072 5387 πᾶσα
3107 5335 3298 5404 σοφίας
3346 5336 3590 5405 ἀκρότης
3637 5338 3733 5389 καὶ

2150 5428 2305 5499 ἱερᾶς
2350 5425 2739 5490 καταστάσεως
2785 5426 3067 5497 ἀκρίὸεια,
3100 5428 3241 5498 μήτε
3283 5427 3349 5481 τὸ
3392 5428 3600 5482 ἄλυπον
3635 5430 3733 5482 καὶ

2150 5520 2443 5593 ἄμεμπτον
2468 5523 2535 5591 τῇ
2566 5519 2866 5591 Ἐκκλησία
2900 5520 3299 5593 παρεχόμενον.
3332 5521 3571 5593 Λέγουσι
3617 5524 3729 5592 γὰρ
