4048 6140
304 283 409 349 399

1781 298 2192 364 Ειτιετοιλζ.

3464 317 3570 378 330

303 402 588 476 ἀνώτερον
652 408 839 478 πάσης
866 408 1041 480 λύπης
1104 410 1372 465 διατελεῖν
1429 412 1748 476 ἐπιθέσεωςο
1806 414 1883 465 κα

2009 414 2364 469 sanctissrmo
2400 413 2510 472 Deo
2544 415 2612 472 de
2650 418 2750 473 hoc
2782 420 2985 491 gratias
3014 421 3244 490 egitnns,
3280 434 3331 478 et
3356 439 3579 482 oranuts

301 498 380 567 τῷ
420 498 572 570 ἁγίῳ
621 498 748 570 Θεῷ
802 502 832 570 ἡ
881 501 975 552 ἐπὶ
1011 500 1172 556 τοῦτο
1216 502 1542 574 εὐχαριστία
1586 506 1720 574 ἡμῖν
1760 504 1899 557 ἀπο-

2000 508 2227 561 omnino
2259 516 2318 563 ut
2345 508 2505 563 talem
2531 509 2599 565 de
2620 518 2673 565 te
2700 512 2949 566 nuntium
2980 527 3195 581 semper
3222 515 3572 586 accipiamus.

298 589 541 655 δέδοται,
574 591 669 645 καὶ
703 592 981 662 εὐχόμεθα
1012 594 1247 648 πάντοτε
1276 593 1539 664 τοιαύτης
1569 594 1702 663 περὶ
1742 594 1883 665 ὐμῶι

2000 594 2269 661 Quoniam
2342 612 2472 652 vero
2520 612 2705 653 rerum
2752 602 3014 672 auguralia:
3070 616 3173 657 nos
3226 619 3331 659 non
3394 605 3582 662 sinunt

298 682 577 751 ἀγγελίας
606 684 904 755 τυγχάνειν
943 684 1206 753 ἀγγέλου.
1254 686 1474 756 Ἐπειδὴ
1500 685 1557 741 δὲ
1610 685 1723 739 τῶν
1748 704 1888 759 πρα-

298 775 539 841 γμάτων
571 775 633 828 αί
686 777 1043 846 περιστάσεις
1078 778 1182 830 οὐκ
1211 775 1375 831 ἐῶσιν
1419 778 1567 848 ἡμᾶς
1613 779 1896 843 ἀναπνεῖν,

300 864 397 917 καὶ
428 862 512 929 ὡς
549 868 612 919 ὲν
636 866 909 930 τοιούτοις
938 868 1489 939 περιστοιχιζόμενοι,
1516 867 1776 939 δεόμεθα,
1797 870 1895 924 ἄν·

2003 687 2296 757 respirare,
2350 699 2400 743 et
2433 691 2540 744 illis
2571 692 2727 761 quasi
2772 692 2935 749 cincti
2971 695 3301 764 indigemus,
3332 698 3582 756 homines

2002 779 2227 845 inﬁrmi,
2276 782 2655 838 assistentium
2692 786 3071 842 consolatione
3104 787 3237 856 (scis
3276 800 3459 845 autem
3490 792 3583 846 ni-

2002 871 2077 925 hil
2111 873 2182 927 ita
2215 874 2488 930 consolari
2514 886 2571 931 ut
2600 876 2835 934 ﬁliorum
2868 882 3385 954 conversationem),
3421 893 3581 955 opta-

298 955 525 1025 θρωποε
574 960 829 1012 ταπεινοὶ
873 958 1050 1024 ὅντες,
1082 958 1180 1012 καὶ
1227 959 1330 1031 τῆς
1365 960 1433 1012 ἐκ
1474 958 1583 1013 τῶν
1627 960 1883 1012 συνόντωι

1999 962 2196 1021 bamus
2221 974 2281 1020 ut
2311 965 2601 1023 nobiscum
2635 984 2803 1026 esses.
2842 972 2898 1026 Si
2934 973 3099 1043 igitur
3128 990 3238 1030 non
3272 981 3583 1033 necessario

297 1049 664 1119 παρηγορίας
690 1046 863 1119 (οἶδας
890 1048 945 1102 δὲ
969 1050 1051 1103 ὅτι
1076 1048 1234 1139 οὐδὲν
1258 1048 1405 1103 οὕτω
1439 1051 1775 1121 παρηγορεῖ,
1820 1051 1883 1113 ὡς

2003 1065 2055 1109 te
2087 1071 2175 1112 res
2212 1056 2336 1114 istic
2368 1060 2625 1127 retinent,
2658 1063 2777 1118 veni
2805 1064 2871 1120 ad
2902 1080 3023 1122 nos.
3073 1065 3130 1121 Si
3163 1078 3318 1139 urget
3343 1073 3585 1127 necessi-

296 1137 331 1205 ἡ
372 1136 492 1191 τῶν
532 1139 748 1193 τέκνων
793 1138 1131 1210 συνομιλία),
1169 1138 1510 1209 ἐϐουλόμεθα
1554 1142 1615 1194 ἐν
1663 1141 1883 1210 τοιούτιι

2002 1157 2110 1210 tas,
2164 1148 2357 1204 saltem
2407 1160 2676 1221 quantum
2726 1156 2933 1224 poteris
2981 1157 3139 1214 nobis
3174 1136 3281 1215 tuis
3326 1161 3581 1231 precibus

296 1230 483 1302 καιρῷ
520 1230 627 1286 σὺν
658 1233 792 1303 ἡμῖν
827 1227 990 1286 εἶναι.
1041 1232 1102 1285 Et
1140 1231 1243 1300 μὲν
1269 1228 1367 1287 οὖν
1396 1232 1499 1286 οὐκ
1549 1232 1699 1286 ἔστιν
1728 1233 1883 1301 ἀναγ-

2002 1236 2209 1292 adesto.
2255 1245 2331 1293 Ac
2360 1249 2450 1293 tua
2477 1242 2790 1311 praesentia,
2835 1246 3092 1316 quoniam
3121 1261 3231 1302 non
3278 1227 3426 1304 nunc
3455 1264 3579 1320 per-

295 1322 571 1393 καιότερα
601 1324 674 1377 τὰ
698 1324 757 1377 ὲν
781 1324 895 1387 τοῖς
924 1322 1115 1377 αὐτόθι
1151 1323 1455 1396 πράγματα
1484 1323 1625 1394 πρδς
1646 1324 1749 1396 την
1790 1325 1883 1396 σὴι

2000 1329 2253 1395 mittitur,
2285 1332 2380 1386 lict
2421 1336 2648 1388 omnino
2682 1338 2902 1406 quando
2937 1337 3079 1393 Deus
3107 1339 3359 1396 voluerit.
3405 1339 3581 1397 Caete-

294 1416 623 1487 ὲπίσχεσιν,
666 1418 986 1488 παραγενοῦ
1031 1417 1171 1489 πρὸς
1200 1419 1375 1489 ἡμᾶς.
1433 1417 1499 1471 Et
1538 1415 1584 1471 δ’
1637 1418 1755 1471 ἔστι
1807 1434 1883 1481 τις

1995 1436 2116 1475 rum
2150 1436 2249 1490 pro
2290 1433 2380 1477 tua
2427 1424 2661 1482 sanitate
2708 1439 2832 1484 vota
2892 1428 3197 1497 fundimus,
3238 1440 3292 1487 et
3325 1433 3580 1505 cupimus

290 1508 519 1577 ἀνάγκη
556 1508 931 1582 δυνατωτέρα,
979 1510 1118 1575 τέως
1153 1513 1290 1582 ἡμῖν
1321 1512 1442 1575 ταῖς
1473 1510 1654 1575 ὁσίαις
1700 1511 1883 1582 εὐχαῖς

1994 1520 2054 1566 ιιι
2088 1522 2287 1569 nostra!
2318 1516 2645 1573 humilitatis
2672 1520 3008 1578 memineris.

287 1602 394 1676 ὅση
418 1603 667 1671 δύναμις
720 1605 1037 1669 συνίστασο,
1086 1606 1185 1661 καὶ
1230 1604 1594 1678 ἠπαρουσία,
1640 1607 1765 1660 ἐπεὶ
1817 1604 1893 1678 μὴ
1936 1605 2032 1659 νῦν
2082 1611 2475 1681 συγχωρεϊται,
2548 1613 2770 1679 πάντως
2811 1616 2942 1671 ὅταν
2982 1618 3113 1684 Θεὸς
3152 1622 3281 1693 διδῷ
3344 1626 3577 1700 γενησε-

288 1712 403 1753 sat.
442 1698 541 1752 Τὰ
565 1696 610 1751 δ’
639 1696 774 1753 ἄλλα
802 1698 1081 1771 ἐρρῶσθαί
1123 1715 1183 1753 σε
1212 1698 1585 1771 ὲπευχόμεθα,
1617 1699 1712 1753 καὶ
1741 1698 2061 1772 μεμνῆσθαι
2088 1701 2188 1769 τῆς
2215 1702 2378 1775 ἡμῶν
2418 1708 2796 1779 μετριότητος.

733 1811 878 1869 PlI".
909 1815 1140 1883 Νικήτᾳ
1182 1814 1462 1885 Ἀθηνῶν.

2395 1818 2579 1878 CXIII.
2610 1824 2814 1881 Niceta:
2840 1828 3162 1887 Atheniensi.

363 1923 485 1980 Καὶ
529 1922 870 1997 κυϐερνήτης
898 1926 1124 1997 ἀριστος
1154 1925 1266 1981 τῶν
1307 1926 1682 1997 βαπτιζόντων
1711 1929 1883 2001 κυμά-

291 2034 403 2071 των
449 2016 566 2089 τὴν
618 2016 864 2072 ἔκκλισιν
917 2019 1155 2072 ποιεῖται
1187 2019 1277 2075 διά
1318 2020 1600 2092 προνοίας,
1624 2020 1743 2075 ἀλλ’
1771 2022 1895 2093 οὐχὶ

292 2109 435 2177 πρὸς
466 2110 669 2163 suam
708 2107 1031 2163 συνωθεῖται
1059 2108 1129 2163 δι’
1170 2102 1250 2164 ὧν
1309 2111 1494 2180 μέλλει
1526 2110 1691 2166 πλιον
1724 2129 1893 2168 κατα-

295 2199 691 2265 ϐαπτίζασθαι.
721 2200 833 2256 Καὶ
880 2199 1065 2273 ίατρδς
1095 2196 1142 2272 ᾧ
1176 2217 1240 2272 γε
1286 2200 1355 2255 δι’
1385 2203 1702 2274 ἐπιμελείας
1744 2206 1893 2259 ἐστὶν

292 2294 623 2365 ὴσωτηρία
662 2293 760 2348 τοῦ
805 2293 1133 2365 κάμνοντος,
1182 2296 1420 2367 σπουδὴν
1464 2296 1809 2370 ἀναδέχεται,
1840 2301 1891 2352 εί

299 2386 374 2459 μὴ
410 2385 655 2440 δυνατὸν
710 2386 989 2449 παντελῶς
1041 2386 1418 2456 θεραπεῦσαι,
1476 2389 1612 2445 ἀλλά
1650 2407 1714 2460 γε
1752 2392 1889 2457 τέως

293 2480 615 2534 ἐλαττῶσαι
636 2481 697 2533 τὸ
724 2479 1037 2550 διενοχλοῖη
1082 2482 1433 2553 ἀρρώστημα
1456 2482 1731 2554 φάρμακα
1758 2501 1887 2538 συν-

292 2576 539 2631 τιθέναι.
579 2574 809 2638 Συνίεις,
846 2571 1019 2644 οἶμαι,
1051 2576 1145 2628 τοῦ
1177 2576 1469 2647 προοιμίου
1496 2577 1556 2630 τὸ
1594 2576 1842 2649 βούλημα
1871 2594 1884 2609 ’

296 2672 343 2721 εί
376 2670 457 2739 μὴ
522 2666 746 2732 ἑκόντες
796 2668 1026 2732 ἑαυτοὺς
1072 2670 1137 2741 τῇ
1186 2669 1380 2741 ἀγνοίᾳ
1420 2662 1793 2742 ⁸ῗιαρέσχομεν,
1853 2673 1886 2744 ὴ

296 2761 387 2815 τοῦ
414 2758 569 2813 Θεοῦ
610 2758 914 2830 Ἐκκλησία
957 2760 1017 2813 ἐν
1046 2761 1284 2833 τοσαύτῃ
1326 2761 1465 2833 ζάλῃ
1501 2764 1594 2816 καὶ
1623 2764 1886 2833 τρικυμία

296 2854 647 2923 καθέστηκε,
672 2852 768 2906 καὶ
798 2850 1054 2916 τοσοῦτος
1083 2853 1210 2908 καθ’
1227 2855 1385 2926 ημῶν
1404 2853 1495 2908 διά
1520 2854 1630 2909 τῶν
1659 2855 1883 2922 ἐσωθεν,

297 2945 389 2999 καὶ
409 2944 506 2999 διὰ
542 2942 654 2998 τῶν
684 2944 889 3012 ἔξωθεν
927 2946 1201 3014 ἐγείρεται
1244 2945 1473 3013 κλύδων,
1511 2947 1587 3011 ὡς
1618 2948 1888 3003 καθ’ἑκά-

298 3053 431 3107 στην
467 3036 720 3108 ἡμέραν,
756 3036 962 3105 μᾶλλον
991 3036 1049 3091 δὲ
1101 3039 1278 3092 είπεῐν
1304 3038 1481 3111 ὥραν,
1517 3041 1617 3112 τὴν
1646 3042 1884 3112 παντελῆ

2065 1930 2318 2003 Optimus
2352 1934 2591 2007 quisque
2620 1940 2957 2010 gubernator
3000 1949 3297 2015 prudenter
3332 1950 3577 2011 intume-

1995 2033 2212 2081 scentes
2243 2027 2379 2082 vitat
2407 2026 2632 2099 ﬂuctus,
2655 2040 2711 2088 et
2735 2033 2803 2089 ad
2838 2035 2960 2092 illos
2996 2051 3188 2094 navem
3228 2056 3333 2099 non
3365 2043 3571 2119 dirigit,

1992 2116 2195 2186 quibus
2248 2119 2468 2188 penitus
2513 2123 2883 2193 obrueretur;
2924 2128 3006 2185 sic
3054 2131 3301 2190 medicus
3332 2116 3573 2209 quoque.

1993 2210 2086 2278 qui
2120 2219 2239 2267 arte
2287 2226 2386 2268 sua
2434 2212 2784 2273 inﬁrmorum
2830 2234 3022 2277 curam
3057 2226 3311 2297 suscipit,
3344 2243 3569 2300 operam

1993 2301 2284 2371 impendit,
2331 2306 2436 2363 etsi
2493 2316 2829 2379 aegrotantes
2884 2313 3044 2384 plane
3090 2319 3320 2376 reddere
3345 2324 3572 2381 sanitati

1993 2409 2098 2446 non
2126 2397 2319 2464 possit,
2348 2399 2652 2456 remedium
2680 2403 2923 2472 adhibet,
2955 2413 3015 2462 ut
3040 2409 3327 2467 molestam
3358 2415 3574 2473 minuat

1993 2485 2387 2544 infirmitatem.
2433 2487 2554 2546 Jam
2592 2493 2767 2558 vides,
2806 2496 2883 2549 uti
2928 2506 3079 2566 puto,
3130 2515 3242 2571 quo
3280 2504 3569 2562 exordium

1992 2578 2200 2635 tendat.
2232 2579 2295 2635 Ni
2321 2581 2574 2638 lubenter
2616 2587 2982 2657 nosmetipsos
3033 2591 3356 2663 ignorantiae
3387 2598 3569 2652 trada-

1991 2684 2135 2737 tnus,
2169 2672 2354 2731 videre
2391 2683 2475 2731 est
2503 2676 2806 2734 Ecclesiam
2844 2679 2940 2735 Dei
2969 2682 3024 2736 in
3057 2691 3207 2740 tanta
3245 2694 3570 2759 tempestate

1990 2764 2250 2834 positam,
2291 2767 2455 2825 tantis
2504 2769 2865 2844 undecunque
2907 2774 3219 2836 furentibus
3264 2779 3565 2841 ﬂuctibus:

1990 2866 2171 2913 tantas
2230 2860 2379 2915 enim
2448 2862 2593 2919 circa
2652 2880 2750 2922 vos
2832 2867 3071 2925 volvitur
3104 2870 3247 2928 intra
3303 2885 3357 2931 et
3407 2885 3564 2936 extra

1987 2950 2222 3007 excitata
2265 2967 2486 3025 vorago,
2536 2966 2596 3013 ut
2674 2973 2770 3028 per
2796 2960 3045 3033 singulos
3072 2963 3213 3030 dies,
3242 2965 3350 3022 imo
3370 2974 3566 3040 quavis

1989 3043 2122 3097 hora
2157 3060 2226 3100 ne
2258 3044 2507 3106 funditus
2543 3050 2929 3124 demergamur
2960 3057 3033 3113 sit
3063 3061 3439 3120 metuendum.
3480 3066 3565 3123 Tu

298 3129 607 3182 κατάδυσιν
630 3128 872 3195 ἐλπίζειν
895 3145 911 3161 ·
942 3130 1038 3184 καὶ
1061 3130 1125 3183 σὺ
1150 3132 1488 3196 ἐπισκόπους
1507 3132 1616 3186 τῶν
1656 3134 1883 3207 Ἐκκλη-

1990 3144 2171 3193 autem
2210 3154 2277 3195 ex
2354 3142 2604 3200 ecclesiis
2648 3146 2936 3217 episcopos
2982 3151 3053 3205 ab
3091 3152 3203 3209 illis
3259 3156 3563 3229 ordinatos,

300 3222 431 3276 σιῶν
492 3220 749 3286 suam;
789 3222 917 3286 τοὺς
972 3222 1065 3277 ὑπ’
1113 3223 1340 3277 ἐκείνων
1383 3223 1882 3294 χειροτονηθέντας,

298 3313 390 3377 οὓς
436 3312 607 3367 οὔπω
652 3314 760 3369 ὐπὺ
810 3314 1135 3387 καθαίρεσιν
1195 3318 1451 3387 προφανῆ
1510 3319 1881 3390 πεποιήμεθα.

301 3408 368 3461 Ἦ
399 3405 607 3476 λέληθὲ
632 3423 692 3461 σε
742 3406 819 3470 ὡς
850 3406 977 3461 οὔτε
1017 3408 1219 3476 Σάὸας,
1251 3409 1281 3461 δ
1304 3409 1414 3480 πρὸ
1444 3409 1541 3465 σοῦ
1574 3412 1665 3465 τὸν
1691 3413 1883 3483 θρόνον

296 3499 501 3553 διέπων
532 3498 644 3551 τῶν
684 3495 951 3568 Ἀθηνῶν,
982 3497 1107 3553 οὔτε
1130 3516 1215 3564 τις
1244 3502 1433 3572 ἱτερος
1460 3502 1569 3556 τῶν
1592 3503 1882 3573 ὁμοταγῶν

298 3592 497 3662 ἐκείνῳ
538 3590 642 3644 ὑπὸ
662 3589 986 3662 καθαίρεσιν
1013 3594 1228 3660 γέγονε,
1260 3594 1403 3665 πλὴν
1431 3594 1540 3649 τῶν
1556 3594 1882 3664 φθασάντων

297 3686 594 3755 τεσσάρων
618 3682 983 3755 καθῃρῆσθαι,
1020 3684 1116 3738 τοῦ
1158 3703 1219 3740 τε
1254 3688 1568 3760 Δημητρίου
1596 3690 1762 3761 φημὶ,
1787 3694 1884 3745 καὶ

300 3775 573 3848 Γαὸριὴλ,
596 3774 690 3829 καὶ
731 3775 1056 3848 Γρηγορίου,
1112 3778 1208 3831 καὶ
1246 3780 1465 3849 Κοσμά,
1507 3781 1566 3844 ὃς
1598 3784 1648 3835 εί
1678 3784 1771 3836 καὶ
1804 3784 1882 3853 μὴ

188 3898 201 3911 ο
298 3869 385 3921 διά
413 3870 523 3939 τὴν
588 3868 759 3939 αὐτὴν
808 3872 992 3923 αἰτίαν
1043 3873 1158 3932 τοῖς
1187 3872 1371 3936 ἄλλοις
1418 3875 1618 3945 τρισὶν,
1647 3873 1787 3929 ἀλλά
1815 3890 1879 3943 γε

297 3960 385 4013 διά
446 3962 551 4025 τὰς
589 3962 649 4013 ὲν
692 3964 762 4032 τῇ
804 3961 993 4032 Ῥώμη
1042 3962 1422 4031 ψευδολογίας,
1460 3967 1526 4037 τῇ
1560 3965 1880 4036 καθαιρέσει

299 4052 711 4123 ὐποὸέδληται;
739 4053 921 4107 Πάντα
950 4052 1130 4124 καιρῷ
1170 4054 1285 4126 ίδίῳ
1330 4055 1665 4110 διευθύνεται
1686 4073 1700 4090 ο
1731 4058 1794 4111 τδ
1821 4057 1878 4111 δὲ

296 4146 451 4214 παρὰ
504 4144 601 4198 τὸν
647 4146 1001 4216 προσήκοντα
1060 4145 1252 4215 καιρὸν
1311 4148 1625 4217 γινόμενον,
1688 4148 1879 4221 ὥσπερ

297 4237 495 4301 ἀτελές
517 4239 667 4291 ἔστι·
694 4239 753 4291 τὸ
780 4238 835 4291 δὲ
861 4238 1050 4301 ἀτελὴς
1074 4239 1292 4311 ἀνάγκη
1335 4242 1757 4311 ἀποστερεῖσθαι
1785 4244 1879 4297 καὶ

296 4329 588 4401 διαμονῆς.
625 4329 774 4383 Ἔδει
826 4327 922 4384 οὖν
978 4347 1039 4383 σε
1073 4331 1167 4385 τὸν
1206 4332 1400 4401 καιρὸν
1439 4336 1875 4406 κατανοήσαντα,

299 4422 396 4477 καὶ
422 4422 537 4477 τῶν
560 4425 908 4494 πραγμάτων
937 4424 1037 4495 τὴν
1070 4426 1411 4494 ἀνωμαλίαν,
1442 4427 1610 4498 μηδὶν
1644 4427 1877 4497 διαπρά-

1988 3243 2130 3297 quos
2179 3233 2426 3289 nondum
2480 3238 2698 3306 publice
2742 3241 3123 3311 deposuimus.
3180 3260 3422 3307 amoves.
3480 3253 3563 3309 An

1989 3318 2128 3391 iugit
2157 3335 2230 3386 te,
2263 3338 2365 3381 nec
2388 3326 2613 3395 Sabam,
2648 3331 2742 3401 qui
2772 3340 2903 3389 ante
2941 3345 2995 3390 te
3036 3337 3221 3393 sedem
3255 3357 3565 3415 occupave-

1986 3424 2073 3468 rat
2102 3415 2543 3484 Atbeniensium,
2577 3437 2679 3478 nec
2721 3425 2891 3481 alium
2939 3444 3272 3503 quemquam
3319 3449 3352 3491 ο
3395 3440 3564 3496 sociis

1986 3503 2298 3574 depositum
2349 3508 2522 3565 fuisse
2566 3522 2767 3582 pra-ter
2805 3527 3043 3586 quatuor
3093 3525 3418 3591 anteriores,
3457 3529 3559 3585 De-

1986 3598 2243 3652 metrium
2286 3602 2429 3667 dico,
2458 3601 2791 3673 Gabrielem,
2828 3607 3154 3681 Gregorium
3184 3625 3240 3670 et
3270 3617 3559 3688 Cosmum,

1983 3689 2077 3756 qui
2108 3691 2328 3759 quidem
2358 3707 2466 3748 non
2501 3696 2572 3750 ob
2612 3698 2884 3763 eamdem.
2916 3716 2982 3755 ac
3033 3709 3143 3758 tres
3177 3705 3272 3761 alii
3312 3723 3559 3777 causam,

1984 3782 2078 3835 sed
2129 3792 2350 3855 propter
2398 3787 2704 3845 calumnias
2736 3789 2925 3847 Roma:
2955 3808 3283 3867 propagatas
3342 3817 3375 3857 ε
3429 3807 3560 3862 sede

1985 3882 2229 3930 remotus
2287 3883 2395 3932 est.
2448 3878 2641 3937 Omnia
2698 3891 2755 3938 et
2808 3884 3021 3955 singula
3079 3903 3182 3944 suo
3232 3892 3559 3952 ordinantur

1985 3972 2275 4034 tempore;
2330 3969 2597 4040 quidquid
2659 3983 2839 4030 autem
2912 3982 3253 4036 convenienti
3314 3994 3557 4056 tempore

1984 4067 2266 4126 peractum
2307 4075 2416 4116 non
2456 4063 2644 4129 fuerit,
2683 4068 2790 4122 erit
2836 4067 3260 4142 imperfectum;
3302 4076 3559 4147 imperfe-

1981 4159 2128 4203 ctum
2168 4160 2349 4207 autem
2398 4157 2709 4212 necessario
2758 4174 2868 4214 non
2921 4163 3107 4217 stabit.
3143 4165 3299 4231 Quod
3321 4169 3368 4223 si
3417 4177 3556 4226 tem-

1982 4256 2113 4310 pora
2155 4244 2519 4313 ponderasses
2553 4256 2607 4303 et
2645 4264 2827 4306 rerum
2862 4252 3235 4322 difﬁcultates,
3273 4275 3553 4331 nunquam

1982 4331 2209 4390 fecisses
2240 4352 2361 4405 qua:
2386 4340 2483 4393 abs
2513 4347 2567 4395 te
2603 4351 2734 4396 sunt
2760 4357 3002 4413 peracta.
3039 4349 3303 4418 Equidem
3337 4353 3554 4409 nescius

1981 4439 2127 4492 sum,
2163 4429 2441 4496 quomodo
2474 4433 2539 4487 ad
2569 4433 2658 4488 illa
2691 4436 2949 4495 incitatus
2979 4440 3165 4496 fueris.
3219 4442 3278 4499 Si
3326 4461 3432 4516 qua
3456 4449 3552 4505 tibi

300 4511 501 4576 ξασθαι
558 4509 672 4567 οἷόν
712 4529 807 4567 σοι
849 4513 1277 4585 διαπέπρακται.
1329 4515 1483 4568 Ἐπεὶ
1533 4518 1591 4569 δὲ
1633 4519 1733 4570 οὐκ
1763 4514 1878 4572 οἶδα

1988 4533 2111 4573 cura
2135 4530 2219 4575 est
2238 4537 2306 4576 ne
2337 4524 2570 4593 amplius
2590 4528 2837 4585 turbetur
2869 4529 3133 4599 Ecclesia,
3163 4550 3340 4605 neque
3366 4548 3553 4595 nostra

298 4605 447 4667 ὅπως
471 4606 555 4668 είς
584 4603 745 4658 τοῦτο
798 4605 1105 4677 προήχθης,
1156 4607 1375 4671 πάντως
1423 4608 1476 4660 εἰ
1510 4610 1562 4661 τί
1600 4624 1680 4663 σοι
1721 4611 1873 4680 μέλει

302 4698 550 4769 περὶτοῦ
584 4697 660 4769 μὴ
681 4699 773 4750 ἐπὶ
802 4698 968 4751 πλέον
1002 4697 1357 4768 χειμάζεσθαι
1392 4701 1490 4770 τὴν
1522 4700 1871 4770 Ἐκκλησίαν,

302 4793 396 4844 καὶ
422 4794 556 4862 περὶ
578 4792 675 4862 τῆς
698 4791 860 4861 ἡμῶν
902 4793 1259 4863 μετριότητος
1301 4793 1400 4863 τῆς
1434 4795 1666 4848 καθόσον
1690 4796 1872 4865 ἐγχω-

307 4885 390 4951 ρεῐ
412 4886 676 4947 ἀνέσεως,
713 4884 813 4954 τὴν
834 4884 1144 4956 επισκοπην
1173 4888 1201 4939 ό
1226 4886 1510 4957 ἄνθρωπος
1532 4889 1872 4956 ἀπολαυέτω,

1982 4622 2208 4666 vexetur
2236 4613 2543 4681 humilitas,
2579 4620 2895 4689 episc0patu
2929 4620 3186 4693 fungatur
3215 4628 3297 4681 vir
3335 4637 3389 4682 et
3429 4644 3555 4699 per-

1983 4714 2219 4771 maneat,
2260 4704 2435 4761 donec
2480 4706 2677 4778 placita
2729 4710 2985 4768 Ecclesiae
3035 4716 3451 4774 manifestcntur
3497 4731 3554 4776 et

1983 4795 2376 4851 malevolorum
2395 4798 2718 4869 disceptatio
2745 4803 2902 4857 cedat
2926 4805 2980 4857 in
3011 4806 3440 4872 damnationem,
3468 4815 3549 4868 vel

1985 4886 2150 4941 aliam
2184 4890 2599 4947 conversionem
2634 4893 2853 4948 habeat.
2884 4893 3057 4950 Jubeo
3081 4908 3130 4953 te
3160 4898 3340 4955 valere
3368 4902 3552 4961 anima

304 4973 394 5024 καὶ
428 4972 736 5041 διαμενέτω
771 4971 876 5035 ἕως
910 4972 979 5026 ἂν
1028 4974 1104 5026 τά
1151 4974 1410 5028 δοκοῦντα
1465 4977 1531 5046 τῇ
1575 4977 1873 5050 Ἐκκλησία

1988 4987 2027 5031 ει
2061 4992 2311 5045 corpore,
2356 4987 2412 5032 et
2459 4979 2822 5043 humilitatem
2871 4996 3118 5041 nostram
3154 4992 3407 5059 precibus
3440 4995 3548 5048 tuis

304 5066 379 5126 είς
416 5063 591 5134 πέρας
617 5064 784 5130 ἔλθοι,
815 5065 909 5118 καὶ
941 5066 973 5135 ἡ
1003 5067 1132 5138 περὶ
1175 5065 1286 5121 τῶν
1315 5070 1661 5123 πταισάντων
1700 5072 1874 5139 ἀμφι-

1976 5072 2442 5124 commendamus.

305 5155 453 5208 δολία
479 5156 687 5228 ἐναργῆ
712 5159 1039 5229 κατάκρισιν
1090 5159 1124 5229 ἢ
1196 5159 1364 5230 ἀλλην
1432 5161 1555 5214 τινὰ
1595 5162 1818 5230 δέξηται
1885 5161 2227 5233 οἰκονομίαν.
2301 5162 2608 5234 Ἐρῤὦσθαί
2672 5184 2731 5221 σε
2802 5169 2897 5223 καὶ

2984 5169 3128 5242 ψυχῇ
3188 5175 3285 5227 καὶ
3333 5175 3545 5248 σώματι

306 5248 669 5319 ἰκευχόμεθα,
712 5248 936 5320 καὶτῆς
985 5249 1142 5323 ημῶν
1184 5250 1585 5322 ὐπερειίχεσθαι
1642 5255 2018 5326 μετριότητος.

467 5364 609 5418 Ρ1Δ’.
647 5365 948 5432 Βασιλείᾳ»
988 5367 1398 5435 μητροπολιτῃ
1427 5367 1709 5434 Χαλδίας.

385 5480 448 5535 'H
485 5483 583 5551 μὲν
617 5480 874 5547 ὑπόθεσις
923 5480 1016 5533 τοῦ
1076 5443 1403 5552 γράμματος
1445 5484 1723 5552 ἀναγκαία
1773 5484 1872 5555 μὲν

2216 5368 2400 5427 CXIV.
2434 5369 2638 5426 Basilio
2673 5372 2913 5429 Chaldiar
2935 5377 3303 5445 mrtropolitc.

2041 5480 2217 5553 Hujus
2249 5486 2492 5554 epistola:
2513 5488 2744 5542 materia
2773 5488 3061 5544 tabellario
3084 5495 3393 5550 necessaria
3426 5507 3545 5562 est;

312 5573 383 5642 τῷ
413 5572 692 5638 κομίζοντι
725 5571 789 5624 τὸ
821 5572 1077 5642 γράμμα.
1106 5572 1204 5627 Διά
1227 5572 1385 5627 τοῦτο
1420 5576 1513 5628 καὶ
1538 5574 1871 5648 πληροῦντες

1988 5576 2126 5645 :ujus
2176 5578 2397 5647 quidem
2444 5582 2802 5649 postulationi
2833 5582 3235 5643 satisfacientes
3264 5588 3541 5645 scribendi

313 5663 402 5729 τὴν
437 5663 617 5729 δέησιν
638 5658 801 5714 αὐτοῦ
835 5662 928 5711 καὶ
960 5662 1057 5729 τὴν
1088 5662 1345 5716 undisoni
1374 5664 1581 5735 ταύτην
1615 5666 1708 5720 τοῦ
1740 5668 1875 5737 γρά-

1972 5680 2161 5722 ansam
2218 5672 2532 5729 habuimus.
2585 5671 2813 5730 Materia
2864 5675 2980 5747 ipsa
3019 5688 3204 5733 autem
3250 5681 3409 5738 nobis
3444 5699 3545 5739 nec

316 5768 430 5820 φειν
462 5753 797 5822 ἐσχήκαμεν.
847 5751 1010 5823 Ἡμῖν
1038 5752 1094 5807 δὲ
1129 5753 1251 5808 οὔτε
1308 5756 1575 5830 πρότερον
1602 5757 1725 5813 οὔτε
1778 5758 1873 5812 νῦν

1988 5768 2133 5817 inte:
2168 5777 2268 5820 nec
2299 5765 2593 5821 hodiedum
2624 5766 2837 5822 videtur
2859 5767 3188 5825 necessaria.
3216 5769 3542 5846 Nobisenim

546 5846 810 5909 Ρλτιοι..
839 5848 955 5906 Gn.
985 5845 1149 5910 CXI.

3105 5859 3167 5921 ll
