4048 6140
376 288 482 351 335

1505 275 1817 337 NI'CCLAI
1859 274 1969 335 ΟΡ.
2014 269 2533 333 PATRIARCILE

3522 265 3633 329 336

370 408 484 451 tum
530 394 725 463 capiat.
764 394 970 444 llorutn
1019 402 1281 443 numerus
1326 384 1515 455 utique
1549 401 1801 455 magnus.
1836 383 1941 435 Ila-

2070 380 2337 434 τοιοῦνται
2378 376 2473 430 τοῦ
2534 375 2633 446 την
2684 374 2783 445 σὴν
2819 373 3149 442 Ἐκκλησίαν
3192 372 3365 443 ζημία
3400 376 3633 443 περιϐαο

380 484 542 540 bendi
607 484 915 551 cupidinem
996 481 1196 549 ubique
1253 488 1569 550 regnantem
1636 477 1949 547 conspicio;

370 578 512 633 inter
570 576 806 643 majores
866 582 922 626 et
984 574 1224 626 minores
1258 569 1493 633 fdiliicile
1544 569 1807 637 reperias,
1860 568 1954 635 qui

370 670 529 725 istam
584 668 835 721 relrmnet
883 663 1210 733 cupidinem.
1263 661 1671 724 Verumtamen,
1733 661 1777 715 si
1824 660 1954 729 quid

370 759 675 813 istiusmodi
710 758 972 818 evenerit,
1031 766 1085 810 tu
1128 770 1273 819 eam,
1321 768 1445 824 qua:
1490 754 1755 807 sacerdoti
1805 766 1956 805 sum-

371 866 461 903 mo
519 850 817 908 convenit,
867 844 1280 914 intelligentiam
1339 856 1393 899 et
1444 843 1789 913 prudentiam
1858 842 1956 897 ad-

376 941 587 1001 hibeas,
621 954 687 993 ne
718 939 852 992 forte
884 938 1209 1006 injustitiam
1246 936 1586 999 committas,
1623 938 1824 1006 autjus
1859 934 1954 989 tibi

376 1047 481 1086 non
510 1032 751 1085 debitum
792 1029 889 1083 tibi
926 1030 1171 1083 vindices
1203 1036 1255 1081 et
1290 1026 1566 1098 legitimos
1610 1027 1954 1096 possidentes

373 1125 598 1194 spolies.
649 1122 759 1175 Imo
795 1136 889 1190 per
926 1120 1161 1188 teipsum
1214 1120 1295 1173 vel
1350 1133 1448 1189 per
1501 1120 1667 1173 alium
1723 1119 1952 1189 probum

374 1214 578 1269 astabis
646 1212 899 1281 legitimis
942 1212 1184 1264 locorum
1232 1211 1533 1280 iudicibus,
1564 1220 1618 1263 et
1646 1211 1864 1265 curabis
1899 1218 1959 1264 ut

374 1306 615 1359 damnati
654 1304 910 1358 obediant
943 1304 1229 1356 sententiae
1266 1301 1399 1368 justi
1446 1300 1663 1369 judicii.
1704 1299 1779 1353 Ita
1810 1302 1868 1353 lit
1898 1307 1957 1353 ut

378 1396 579 1465 injuste
628 1395 1124 1465 possidentes,suo
1176 1394 1352 1446 orbati
1407 1391 1638 1455 (tenore,
1690 1395 1957 1447 adversus

381 1496 434 1538 te
469 1485 669 1539 latrare
708 1497 815 1537 non
850 1483 1085 1552 possint,
1119 1491 1174 1536 et
1209 1497 1389 1547 nemo,
1433 1499 1551 1552 qua:
1592 1482 1805 1551 juslitia
1841 1484 1960 1535 rue-

380 1580 489 1631 rint
519 1578 763 1641 decreta,
798 1575 896 1629 tibi
950 1575 1126 1643 palam
1164 1575 1296 1628 vitio
1326 1583 1519 1629 vertat.
1556 1574 1683 1629 Haec
1722 1575 1959 1645 jampri-

380 1669 499 1722 dem
524 1667 619 1721 tibi
640 1666 1013 1721 commendata
1050 1680 1174 1719 cum
1214 1665 1696 1719 vehementissimo
1720 1666 1959 1719 rescribo

387 1760 609 1824 dolore;
669 1757 815 1828 quod
870 1759 915 1812 si
974 1756 1041 1810 de
1067 1758 1391 1811 dolentetuo
1441 1758 1569 1824 quid
1594 1772 1753 1811 curas
1784 1764 1957 1826 patre,

383 1866 493 1905 non
527 1856 717 1920 postea
743 1848 796 1901 in
834 1847 1028 1901 duram
1063 1863 1161 1901 nos
1185 1848 1646 1902 necessitudinem
1697 1846 1822 1899 talia
1868 1846 1967 1899 tibi

382 1939 663 1995 scribendi
698 1937 982 2007 conjicias.
1019 1934 1097 1990 Te
1146 1938 1411 1991 valentem
1456 1946 1511 1992 et
1557 1936 1659 1991 sibi
1702 1938 1753 1990 in
1787 1937 1971 1992 omni-

393 2036 493 2087 bus
544 2032 935 2100 obsequiosuin
994 2030 1270 2084 custodiat
1323 2030 1607 2083 Dominus.
1679 2028 1966 2085 Humilita-

386 2126 456 2175 tis
486 2130 668 2176 autem
705 2131 902 2176 nostris
932 2135 1208 2189 nunquam
1267 2138 1372 2176 non
1424 2122 1477 2175 in
1538 2123 1792 2193 precibus
1856 2124 1969 2179 tuis

388 2227 595 2268 memor
623 2228 763 2269 CSIO.

2056 472 2190 526 λεῖν.
2235 469 2567 537 Ἐπίσταμαι
2608 466 2683 529 ὡς
2731 466 2915 518 πολλοὶ
2944 464 3216 519 τοιοῦτον
3268 466 3359 518 καὶ
3404 467 3514 538 γὰρ
3544 466 3638 521 διὰ

2060 563 2278 616 πάντων
2333 560 2444 630 ὁρῶ
2480 558 2792 629 κεχυμένην
2846 559 2945 629 τὴν
2973 559 3126 612 νόσον
3165 556 3264 626 τῆς
3298 558 3638 622 πλεονεξίας,

2058 658 2152 707 καὶ
2192 653 2417 706 σπάνιόν
2465 653 2613 705 ἐστιν
2652 650 2836 720 εὑρεῖν
2870 650 2964 701 καὶ
2995 650 3053 702 ὲν
3084 647 3295 719 μείζοσι
3323 649 3640 719 προσώποις

2058 751 2153 803 καὶ
2204 750 2263 800 ὲν
2322 745 2569 799 ἐλάττοσι
2627 744 2721 797 τὸν
2750 743 2826 814 μὴ
2872 742 3291 813 κεκρατημένον
3321 741 3401 810 τῷ
3448 742 3632 794 πάθει.

2059 840 2226 910 Πλὴν,
2259 838 2444 892 τέκνον
2469 836 2649 908 ἡμῶν,
2704 834 2926 889 ἐπειδάν
2969 850 3023 888 τι
3065 833 3314 887 τοιοῦτον
3356 832 3639 904 ἀνακύψῃ,

2055 934 2122 1001 τῇ
2153 930 2511 1003 προσηκούσῃ
2558 929 2773 982 συνέσει
2817 927 2911 981 καὶ
2954 926 3214 997 εὐλαϐείᾳ
3249 928 3314 996 τῇ
3349 928 3414 997 σῇ
3444 926 3639 997 ἀρχιει

2060 1023 2274 1095 ρωσύνῃ
2308 1022 2617 1093 προσφέρου
2640 1023 2754 1084 τοῖς
2782 1021 3203 1088 διατιθεμένοις,
3227 1025 3322 1073 καὶ
3357 1019 3432 1089 μὴ
3471 1035 3638 1071 σεαυ-

2056 1116 2147 1169 τὸν
2176 1116 2435 1179 ἐκδικεῖν,
2462 1114 2597 1184 μηδὲ
2627 1114 2702 1177 ὡς
2734 1114 2792 1178 ἐξ
2821 1114 3122 1183 αὐτονόμου
3151 1112 3403 1178 ἐξουσίας
3422 1111 3639 1182 σεαυτῷ

2057 1227 2109 1261 τι
2146 1208 2577 1279 περιποιεῖσθαι,
2627 1211 2720 1261 καὶ
2763 1208 3091 1278 ἀποστερεῖν
3126 1206 3256 1269 τοὺς
3305 1206 3640 1276 κατέχοντας

2056 1301 2118 1352 τὸ
2145 1299 2481 1369 ζητούμενον
2502 1315 2515 1330 ·
2542 1298 2660 1353 ἀλλ’
2688 1301 2798 1353 είτε
2856 1299 2945 1352 διά
2983 1296 3240 1363 σεαυτοῦ,
3282 1298 3391 1351 εἴτε
3423 1296 3491 1348 δι’
3523 1293 3641 1347 ἑτέ-

2063 1409 2155 1461 ρου
2183 1392 2290 1443 τῶν
2322 1391 2651 1461 ἐπιτηδείων
2681 1393 2967 1462 προσιέναι
2995 1394 3108 1452 τοῖς
3131 1391 3271 1444 κατά
3298 1391 3460 1443 τόπον
3485 1388 3641 1443 δικά-

2061 1484 2175 1548 ζειν
2213 1481 2463 1553 λαχοῦσι,
2497 1486 2591 1536 κα)⁵
2617 1484 2691 1554 τῷ
2729 1484 3089 1555 ψηφιζομένῳ
3117 1484 3268 1554 παρὰ
3298 1484 3396 1553 τῆς
3421 1482 3639 1545 δικαίας

2060 1575 2296 1645 κρίσεως
2320 1576 2619 1645 ἀγαπητῶς
2641 1579 2925 1646 ἐμμένειν,
2954 1578 3041 1629 ἵνα
3088 1576 3180 1630 τοῦ
3213 1578 3307 1631 καὶ
3340 1576 3389 1629 oi
3416 1575 3639 1628 πλεονε-

2062 1668 2267 1729 κτικῶς
2289 1685 2340 1720 τι
2397 1670 2721 1738 κατέχοντες
2754 1670 3149 1738 ἀφαιρούμενοι
3181 1668 3275 1721 τοῦ
3307 1666 3639 1735 πλεονεκτή-

1994 1787 2037 1845 B
2068 1776 2234 1828 ματος
2295 1760 2369 1829 μὴ
2433 1758 2608 1829 ἔχοιεν
2648 1759 2791 1811 κατά
2842 1759 2937 1812 σοῦ
2982 1759 3295 1828 γογγύζειν,
3345 1761 3439 1811 καὶ
3469 1757 3552 1811 σοὶ
3579 1755 3641 1808 τὸ

2068 1851 2483 1920 περιγινόμενον
2550 1852 2701 1922 παρά
2774 1851 2876 1922 τῆς
2946 1851 3297 1922 δικαιοσύνης
3364 1849 3639 1923 μηδεμίαν

2067 1941 2306 2013 ἐπιφέρῃ
2336 1941 2564 2011 μέμψιν,
2594 1941 2718 2013 μηδ’
2758 1943 2860 1996 ύπό
2887 1961 3029 2006 τινος
3064 1943 3418 2014 καταὸόησιν.
3454 1940 3643 1995 Ταῦτά

2071 2052 2174 2102 σοι,
2210 2036 2305 2089 καὶ
2339 2035 2503 2089 πάλιν
2534 2038 2700 2107 φημὶ,
2753 2036 2874 2090 λίαν
2920 2037 3241 2109 ἐγράψαμεν
3268 2036 3599 2107 ὀδυνώμενοι
3621 2052 3637 2067 ⁸

2069 2127 2162 2180 καὶ
2187 2127 2304 2180 είτι
2340 2129 2468 2199 περὶ
2500 2128 2703 2199 πατρὸς
2733 2128 3069 2199 ὀδυνωμένου
3087 2128 3411 2200 φροντίζεις,
3442 2126 3643 2197 μηκέτι

2072 2219 2209 2290 πρὸς
2240 2221 2488 2290 ἀνάγκην
2533 2221 2682 2289 ἡμᾶς
2742 2222 3096 2292 καταστήσῃς
3133 2220 3361 2274 τοιαῦτά
3388 2236 3470 2272 σοι
3507 2217 3644 2288 γρά-

385 2323 526 2373 φειν.
562 2306 910 2378 Ἐρρωμένον
937 2323 995 2359 σε
1046 2310 1073 2361 ὁ
1104 2308 1309 2378 Κύριος
1348 2308 1667 2378 διαφυλάξοι
1691 2309 1747 2361 έν
1787 2310 1955 2363 πᾶσιν
1989 2310 2303 2381 εὐαρέστως
2370 2309 2521 2381 αύτῷ
2549 2310 2881 2375 διαϐιοῦντα,
2914 2312 3009 2366 κα)⁸
3050 2312 3151 2382 τῆς
3187 2312 3347 2380 ἡμῶν
3414 2306 3644 2381 μετριό-

380 2417 541 2469 τητος
574 2402 1042 2471 ὑπερευχόμενον.

568 2494 797 2555 CXVIII.
838 2521 908 2535 --
935 2495 1093 2549 Petro
1124 2495 1333 2549 Martiis
1389 2495 1800 2565 archiepiscopo.

457 2587 684 2642 Vinculo
744 2588 972 2658 spiritus
1021 2588 1348 2657 conjunctos
1386 2588 1455 2641 ab
1503 2589 1736 2643 invicem
1772 2600 1972 2658 corpo-

392 2680 528 2735 ralis
555 2696 665 2734 non
709 2690 929 2749 separat
981 2680 1279 2745 distantia;
1321 2690 1375 2735 et
1420 2682 1467 2736 si
1511 2681 1644 2750 quid
1711 2680 1971 2750 paradoxi

385 2773 678 2827 dicendum
728 2771 897 2835 foret,
926 2770 1248 2826 adderetnus
1278 2786 1565 2841 corporum
1611 2773 1979 2842 disjunctione

2228 2494 2381 2547 Plll'.
2432 2492 2632 2565 Πέτρῳ
2682 2494 3137 2562 ἁρχιεπισκόπῳ
3179 2495 3471 2562 Ἀλανίας.

2137 2586 2250 2638 Οὐκ
2273 2581 2382 2639 οἶδε
2431 2586 2556 2649 τοὺς
2588 2587 2975 2655 πνευματικῶς
3012 2587 3322 2656 ἡνωμένους
3351 2593 3642 2663 σωματικὴ

2067 2677 2373 2741 ἀπόστασις
2423 2675 2669 2747 ἀλλήλων
2720 2678 3091 2748 διαχωρίζειν,
3132 2678 3271 2743 ἀλλ’,
3327 2682 3376 2733 εί
3432 2682 3536 2753 χρή
3590 2700 3646 2736 τι

2068 2771 2163 2822 καὶ
2207 2769 2515 2838 παράδοξον
2574 2770 2741 2840 ἐρεῖν,
2800 2772 2833 2839 η
2886 2769 2997 2822 τῶν
3046 2770 3316 2841 σωμάτων
3368 2772 3645 2840 διάξευξις

385 2863 644 2931 majorem
696 2860 812 2915 ﬁeri
855 2860 1143 2929 spirituum
1200 2860 1639 2925 unionem,cum
1695 2874 1857 2913 omne
1905 2872 1971 2914 eo

2072 2862 2233 2916 πλέον
2259 2864 2358 2933 τὴν
2380 2864 2576 2917 ἕνωσιν
2604 2862 2999 2932 ἀπεργάζεται,
3026 2863 3174 2936 ὅλης,
3214 2865 3290 2929 ὡς
3322 2866 3514 2933 είπείν,
3542 2865 3646 2937 τῆς

386 2954 572 3007 tendat
614 2952 855 3006 studium
887 2992 902 3017 ,
951 2960 1011 3005 ut
1039 2950 1346 3005 arctissime
1392 2950 1607 3018 copulet
1655 2952 1873 3005 animos
1918 2965 1971 3019 ει

2072 2958 2314 3026 σχέσεως
2375 2958 2458 3020 είς
2512 2958 2611 3025 τὴν
2661 2956 2773 3010 τῶν
2817 2956 3007 3027 ψυχῶν
3052 2956 3347 3026 συνάφειαν
3390 2957 3646 3030 καθαρῶς

387 3058 677 3112 corporum
735 3042 1018 3097 unitorum
1072 3056 1221 3096 more
1266 3041 1507 3110 separari
1538 3056 1644 3095 non
1672 3040 1965 3111 permittat.

2074 3046 2525 3118 περιισταμένης,
2581 3048 2676 3101 καὶ
2731 3046 2806 3119 μὴ
2854 3046 3144 3118 ἐθελούσης
3192 3049 3531 3119 μερίζεσθαι,
3562 3044 3647 3113 οἷς

388 3134 542 3201 Quod
592 3137 755 3206 igitur
817 3134 1141 3203 corporibus
1200 3132 1487 3198 distemus,
1549 3133 1794 3187 animum
1857 3133 1969 3187 noli

2078 3138 2369 3197 ὑποϐάλλει
2415 3140 2524 3192 τῶν
2577 3140 2848 3209 σωμάτων
2884 3142 2917 3210 η
2957 3140 3172 3203 ἓνωσις.
3201 3142 3277 3193 Οὐ
3309 3142 3485 3194 τοίνυν
3514 3141 3648 3197 ἀθυ-

388 3230 622 3298 dejicere
643 3264 658 3289 ,
694 3228 805 3281 imo
836 3234 1014 3280 tecum
1059 3235 1278 3295 reputes
1328 3225 1474 3295 quod
1504 3235 1663 3280 antea
1693 3225 1835 3291 dixi,
1872 3240 1971 3281 nos

2077 3230 2200 3297 μεῖν
2224 3228 2397 3293 ἀξιον.
2427 3229 2509 3283 ὅτι
2535 3233 2644 3291 τοῖς
2666 3228 2882 3299 σώμασι
2916 3230 3308 3301 διεστήκαμεν,
3342 3231 3476 3286 ἀλλά
3508 3233 3647 3303 μᾶλ-

388 3319 581 3387 spiritu
611 3319 782 3387 magis
807 3332 932 3372 esse
960 3317 1310 3387 conjunctos;
1360 3316 1481 3372 ideo
1528 3319 1625 3371 tibi
1654 3333 1717 3372 ea
1744 3319 1970 3371 tenenda

2073 3317 2164 3372 λον
2188 3318 2368 3386 είδὼς,
2396 3320 2536 3389 ὅπερ
2590 3319 2748 3391 ἔφην,
2780 3320 2864 3374 ὅτι
2907 3320 3068 3375 πλέον
3108 3320 3185 3390 τῷ
3219 3320 3488 3391 πνεύματι
3521 3340 3650 3375 συν-ο

385 3421 471 3467 est
503 3410 672 3465 animi
719 3410 997 3465 contentio
1048 3424 1152 3478 qua
1198 3422 1358 3464 rectas
1415 3408 1702 3463 cohibetur
1745 3408 1975 3463 rationis

392 3520 542 3558 usus.
590 3501 694 3556 Pro
725 3502 931 3556 viribus
957 3501 1145 3567 obsta,
1174 3500 1267 3570 qui
1316 3501 1519 3555 donum
1561 3500 1733 3555 sancti
1767 3499 1976 3569 recepi-

391 3597 458 3651 sti
506 3595 768 3665 Spiritus,
805 3603 857 3650 et
912 3593 1235 3650 sacerdotali
1284 3594 1476 3662 plenus
1516 3593 1877 3647 exsultatione
1909 3591 1975 3645 ad

392 3688 676 3756 pristinam
710 3694 943 3740 mentem
980 3694 1235 3739 converte
1285 3685 1544 3756 gaudium
1584 3681 1731 3753 quod
1760 3681 1979 3738 Christo

386 3790 443 3835 et
496 3781 654 3835 nobis
710 3780 1008 3834 humilibus
1064 3778 1186 3848 ejus
1246 3775 1463 3832 famulis
1502 3784 1573 3845 ,ει
1631 3775 1699 3830 ad
1752 3776 1977 3844 gloriam

388 3881 553 3942 atque
587 3870 875 3924 utilitatem
913 3868 1119 3922 factum
1154 3877 1269 3932 est;
1302 3867 1470 3922 animi
1505 3866 1697 3922 deinde
1722 3881 1881 3921 curas
1925 3872 1981 3919 et

393 3964 591 4017 mentis
636 3960 1035 4016 sollicitudines
1107 3961 1264 4031 longe
1340 3960 1582 4027 abjicies.
1670 3957 1822 4029 Smpe
1879 3958 1979 4011 lto—

391 4057 602 4119 mines,
636 4064 851 4109 terreno
870 4053 1022 4107 lucro
1060 4052 1289 4122 pertuoti
1338 4067 1551 4122 magna,
1583 4051 1774 4106 itincra
1823 4049 1983 4103 insti-

396 4157 575 4214 tuunt,
610 4148 813 4217 quique
832 4146 1172 4215 parentibus,
1195 4146 1461 4201 uxoribus
1488 4157 1541 4199 et
1570 4144 1756 4199 liberis
1784 4142 1980 4202 orbati.

2075 3411 2381 3481 απτόμεθα,
2413 3412 2742 3484 ὑψηλότερος
2766 3412 2929 3481 γενοῦ
2967 3430 3059 3481 μοι
3106 3413 3205 3485 τῆς
3239 3414 3450 3468 ἐκεῖθεν
3490 3432 3649 3484 περι-

2078 3503 2301 3574 σπώσης
2334 3506 2427 3557 τὸν
2460 3505 2721 3575 λογισμὸν
2760 3506 3117 3576 διοχλήσεως,
3148 3507 3368 3578 καὶτῆς
3400 3510 3651 3580 δγκεχει-

2079 3596 2343 3667 ρισμένης
2373 3613 2456 3649 σοι
2500 3598 2650 3667 παρά
2698 3596 2792 3651 τοῦ
2838 3599 3109 3667 παναγίου
3152 3598 3466 3671 Πνεύματος
3526 3600 3649 3662 ὅλος

2077 3683 2153 3739 ὣν
2189 3685 2487 3756 ἱερωτάτης
2530 3687 2904 3755 ἀγαλλιάσεως
2931 3688 3166 3759 πλήρης.
3199 3691 3426 3761 ἀντέχου
3449 3706 3467 3723 ο
3511 3692 3651 3761 πρὸς

2078 3777 2296 3846 ἐκείνην
2340 3776 2439 3848 τὴν
2494 3776 2672 3848 ψυχὴν
2718 3780 3126 3849 περιστρέφων,
3169 3780 3263 3833 καὶ
3309 3781 3407 3851 τὴν
3439 3783 3650 3835 ἐκεῖθεν

2081 3868 2359 3937 φυομένην
2415 3869 2610 3940 ἡδονὴν
2664 3871 2741 3942 τῷ
2787 3872 3003 3941 Σωτῆρι
3040 3872 3256 3925 πάντων
3290 3874 3512 3944 Χριστῷ
3551 3877 3651 3929 καὶ

2079 3958 2215 4026 ἡμῖν
2249 3958 2362 4021 τοῖς
2418 3963 2720 4024 ταπεινοῖς,
2774 3963 2869 4014 καὶ
2932 3960 3034 4033 τὴν
3073 3963 3156 4014 σοὶ
3209 3966 3651 4037 προσγινομένην

2080 4047 2239 4112 δόξαν
2285 4065 2345 4102 τε
2374 4050 2472 4105 καὶ
2507 4050 2792 4119 ὠφέλειαν,
2843 4052 3018 4104 ὀπίσω
3044 4054 3207 4123 ῥίψας
3255 4054 3353 4126 τὴν
3386 4056 3649 4124 ἀθυμίαν,

2083 4141 2179 4191 καὶ
2227 4139 2296 4192 τά
2345 4140 2560 4211 ἐκείνης
2617 4143 2753 4213 ἀηδῆ
2805 4143 3168 4213 ἐνοχλήματα.
3211 4144 3272 4197 Εί
3315 4146 3427 4217 γὰρ
3463 4148 3655 4202 ἕνεκεν

397 4256 504 4295 non
537 4242 712 4295 solum
746 4240 990 4291 animum
1039 4252 1146 4289 non
1177 4238 1497 4301 dimittunt,
1531 4236 1624 4291 sed
1654 4234 1971 4305 quandoque

2084 4228 2274 4298 γηῖνου
2298 4232 2520 4300 κέρδους
2544 4232 2763 4303 μακρὰς
2777 4231 3084 4304 ὁδοιπορίας
3119 4232 3463 4303 στελλόμενοι
3485 4235 3653 4302 τινὲς,

398 4335 643 4389 hilariter
668 4330 979 4386 distantiam
1006 4345 1035 4383 a
1070 4330 1184 4384 suis
1215 4328 1658 4398 perlerunt,quia
1692 4328 1827 4383 lueri
1862 4343 1971 4397 spe:

2085 4321 2180 4374 καὶ
2206 4323 2429 4391 γονέων,
2450 4323 2540 4375 καὶ
2562 4324 2843 4391 γυναικὸς,
2877 4326 2976 4377 καὶ
3052 4325 3259 4377 παίδων
3312 4318 3652 4399 ἀποστερού-

398 4425 675 4480 tristitiam
712 4424 980 4478 convertit
1015 4423 1067 4474 in
1092 4422 1347 4491 gaudium
1383 4436 1398 4485 ;
1432 4422 1561 4490 quid
1609 4434 1704 4475 eos
1735 4421 1971 4488 cogitare

2087 4426 2261 4479 μενοι,
2285 4412 2345 4464 οὐ
2376 4413 2537 4483 μόνον
2563 4415 2663 4466 οὐκ
2702 4413 3029 4485 ἀθυμοῦσιν,
3063 4414 3202 4469 ἀλλά
3243 4419 3334 4469 καὶ
3370 4419 3654 4488 χαίροντες

400 4519 595 4583 decet,
619 4515 711 4586 qui
744 4522 953 4569 tantum
990 4510 1363 4582 adipiscuntur
1386 4519 1685 4580 quaestum,
1716 4518 1983 4579 quantum

401 4611 505 4681 ipsi
537 4609 711 4680 angeli
748 4604 1092 4661 desiderent?
1135 4604 1287 4668 Quod
1328 4604 1372 4657 si
1404 4613 1599 4657 memet
1638 4602 1853 4657 videndi
1887 4616 1984 4656 cu-

404 4705 563 4775 pidus
591 4704 669 4758 sis
714 4709 769 4754 et
799 4698 1005 4754 fervido
1062 4695 1270 4750 visendi
1300 4694 1574 4749 desiderio
1620 4692 1809 4764 ﬂagret
1859 4694 1983 4748 ani-

407 4814 571 4861 mus,
602 4805 654 4850 et
680 4792 947 4864 imprimis
998 4793 1043 4845 si
1083 4792 1185 4844 ltoc
1237 4789 1369 4843 utile
1407 4789 1563 4843 nobis
1600 4786 1799 4851 fuerit,
1846 4799 1983 4839 eon-

405 4890 562 4944 cedat
606 4884 920 4939 misericors
969 4880 1266 4945 Dominus;
1321 4881 1405 4933 sin
1463 4878 1828 4950 possessionis
1855 4892 1987 4945 gau-

406 4984 557 5036 dium
586 4986 810 5038 resecet,
838 4988 1002 5045 atque
1030 4973 1179 5027 allud
1217 4972 1418 5027 tribuat
1448 4972 1639 5025 melius
1661 5012 1676 5037 ,
1718 4972 1862 5025 illius
1886 4984 1987 5025 nos

407 5072 855 5129 commendamus
898 5065 1252 5134 benignitati,
1296 5079 1459 5135 quam
1513 5079 1613 5118 nec
1652 5074 1863 5132 tempus
1894 5078 1985 5116 se-

410 5176 609 5237 parat,
657 5178 756 5216 nec
798 5161 986 5223 locus,
1037 5173 1136 5212 nec
1195 5158 1300 5211 alia
1348 5172 1529 5211 rerum
1576 5156 1834 5219 conditio,
1875 5156 1986 5209 imo

412 5251 880 5310 intmarcessibilis
901 5248 1349 5318 exspectantibus
1405 5254 1715 5300 reservatur
1777 5244 1981 5297 Iattitia.

412 5349 565 5404 Adsit
600 5344 693 5399 tibi
722 5381 738 5409 ,
771 5343 841 5395 mi
872 5340 944 5394 tili
966 5380 982 5406 ,
1024 5336 1186 5392 Pater
1232 5337 1496 5406 benignus
1539 5346 1592 5390 et
1636 5334 1777 5388 Deus
1807 5342 1991 5387 noster

414 5446 705 5509 perpetuo;
739 5444 789 5487 te
819 5439 1100 5493 sustentet,
1128 5430 1217 5499 qui
1238 5427 1517 5497 evangelio
1540 5427 1658 5495 eius
1691 5423 1986 5487 inservias;

416 5542 530 5595 ipse
563 5526 757 5579 liberet
816 5533 867 5575 te
914 5520 1146 5575 tristitia:
1184 5519 1423 5572 tenebris
1458 5529 1512 5571 et
1559 5514 1982 5583 inexstinguibili

415 5623 586 5673 donet
620 5617 918 5671 hilaritate.

2081 4502 2255 4557 ἐνίοτε
2296 4504 2653 4574 ἀναδέχονται
2697 4506 2796 4575 τὴν
2826 4507 3137 4573 διάστασιν,
3172 4508 3269 4579 τῆς
3300 4511 3366 4561 ἐκ
3394 4508 3490 4561 τοῦ
3524 4510 3655 4582 κέρ-

2079 4594 2204 4658 δους
2219 4594 2430 4658 ἐλπίδος
2446 4596 2505 4649 τὸ
2526 4598 2740 4669 χαίρειν
2756 4599 2876 4651 ἀντὶ
2899 4598 2993 4651 τοῦ
3010 4599 3242 4669 ἀθυμεῖν
3264 4599 3653 4671 χαριζομένης,

2077 4689 2131 4741 τί
2161 4688 2240 4741 δεῖ
2265 4690 2484 4759 φρονεῖν
2513 4692 2639 4752 τοὺς
2666 4684 2780 4743 οἷον
2804 4690 3097 4760 μέλλοντας
3139 4694 3449 4761 κερδαίνειν
3483 4692 3519 4747 ἃ
3560 4696 3657 4749 καὶ

2079 4779 2331 4847 ἀγγέλοις
2356 4779 2434 4842 είς
2460 4779 2780 4849 ιπιθυμίαν,
2800 4784 2895 4835 καὶ
2926 4783 3094 4854 μόνης
3108 4783 3434 4839 καθίσταται
3470 4804 3658 4857 παραη

2079 4869 2334 4939 κύψεως;
2386 4868 2526 4924 Ἀλλ’
2557 4870 2705 4934 εἰκὸς
2757 4872 3162 4943 ἐνθυμούμενον
3198 4874 3260 4928 τδ
3296 4878 3371 4947 μὴ
3403 4875 3482 4930 ἔτι
3514 4878 3653 4949 πρὸς

2082 4958 2211 5012 θέαν
2240 4960 2581 5030 καταστῆναι
2611 4961 2888 5031 ἀλλήλοις,
2942 4966 3254 5018 κεντεῖσθαι
3281 4968 3379 5036 τὴν
3412 4969 3646 5037 καρδίαν

2086 5050 2191 5106 ὑπὸ
2221 5050 2316 5106 τοῦ
2350 5052 2554 5124 θερμοῦ
2604 5054 2740 5125 πρὸς
2787 5056 2933 5123 ἡμᾶς
2978 5054 3165 5119 πόθου,
3196 5057 3431 5126 μάλιστα
3461 5060 3565 5126 μὲν
3603 5059 3654 5112 εί

2086 5148 2181 5198 καὶ
2218 5143 2378 5198 τοῦτο
2412 5146 2705 5216 συμφέροι,
2750 5146 2976 5215 παρέξει
3008 5148 3037 5198 ὸ
3072 5147 3297 5214 ἀγαθός.
3330 5150 3391 5200 Et
3431 5147 3487 5201 δὲ
3521 5149 3658 5203 ὑπο-

2085 5239 2334 5306 τεμεῖται
2379 5237 2477 5309 τὴν
2522 5239 2780 5309 τοιαύτην
2807 5238 3124 5303 ἀπόλαυσιν,
3165 5239 3279 5292 ἀλλ’
3303 5240 3423 5292 ἀντὶ
3448 5240 3657 5310 ταύτης

2087 5334 2382 5401 χαριεῖται,
2416 5331 2762 5401 πεποίθαμεν
2816 5336 2885 5403 τῇ
2932 5334 3143 5387 ἑκείνου
3189 5336 3520 5405 χρηστότητι
3555 5338 3657 5405 τὴν

2086 5424 2319 5491 ἀμείνω,
2375 5424 2442 5492 ἢν
2494 5423 2616 5477 οὔτε
2670 5426 2860 5495 χρόνος
2900 5426 3199 5495 διατέμνει,
3245 5428 3307 5479 ού
3336 5426 3523 5489 τόπος,
3553 5430 3657 5482 οὐκ

2087 5515 2222 5586 ἄλλη
2254 5534 2338 5579 τις
2392 5518 2712 5588 περίστασις
2751 5519 2970 5585 ἔξωθεν,
3006 5520 3124 5573 ἀλλ’
3170 5520 3258 5573 ἀεὶ
3315 5519 3656 5588 παραμένειν

2084 5612 2199 5673 τοῖς
2265 5610 2518 5664 συνοῦσιν
2558 5613 2876 5684 ἀμάραντον
2916 5613 3268 5685 παρεχομένη
3299 5615 3398 5684 τὴν
3428 5615 3651 5683 ἡδονήν.

432 5716 486 5769 'd
531 5716 584 5769 δὲ
630 5712 1012 5783 φιλάνθρωπος
1057 5708 1217 5780 ἡμῶν
1264 5704 1454 5776 Πατὴρ
1502 5706 1596 5759 καὶ
1626 5706 1773 5776 ,θεὸς
1842 5704 2027 5772 αὐτὸς,
2067 5706 2259 5759 τέκνον
2290 5706 2467 5775 ἡμῶν,
2525 5706 2701 5761 συνὼν
2772 5708 3115 5772 ἀδιαστάτως
3157 5712 3241 5782 είη
3276 5711 3369 5763 καὶ
3405 5724 3652 5763 συναντι·
