4068 6176
370 330 459 394 331
1821 323 2235 390 EPISTOLE.
3534 304 3640 374 333

365 440 781 511 λαμϐανόμενος
824 438 906 506 οἷς
943 443 1214 508 διακονεῖς
1269 443 1345 515 τῷ
1404 442 1728 514 Εὑαγγελίῳ
1774 439 1967 505 αὑτοῦ,
2040 438 2137 492 καὶ
2190 433 2335 489 λύων
2399 431 2580 500 πάσης
2652 430 2883 500 ἀκηδίας
2942 419 3646 500 εκυθρωπόττ,τα,καῖτῆς

368 530 629 585 ἀσϐέστου
672 550 735 587 σε
764 535 1131 607 φαιδρότητος
1162 537 1461 603 καταξιῶν.
2305 609 2461 619 νη--
2621 610 2633 619 .
2709 611 2719 619 .
2861 609 2896 619 ..
3093 610 3105 619 .
3209 610 3219 619 -

2297 609 2488 665 CXIX.
2513 640 2575 654 —
2599 610 2827 667 Δηώ-σω
2856 609 3105 665 Patrensi
3137 610 3397 678 episcopo.

794 648 943 706 Pl8'.
998 650 1238 721 Ἀνδρέᾳ
1283 652 1552 723 Πατρῶν.
1975 624 2022 682 Α

446 766 588 837 Ὀσῃ
638 766 978 837 στενοχωρίᾳ
1032 766 1578 837 περιστοιχιζόμεθα,
1628 768 1723 822 καὶ
1781 766 1953 837 χωρὶς

365 856 463 911 τοῦ
495 858 644 928 ἡμᾶς
666 858 959 920 διδάσκειν,
987 860 1048 913 οὐ
1078 858 1405 927 λογιζόμεθὰ
1438 876 1523 922 σε,
1557 859 1747 913 τέκνον
1768 859 1950 931 ἡμῶν,

369 952 610 1017 ἀγνοεῖν.
656 949 721 1003 Ἦ
751 949 859 1021 γὰρ
880 950 989 1004 τῶν
1019 949 1363 1021 πραγμάτων
1387 950 1630 1012 διάθεσις
1667 951 1769 1004 οὐκ
1804 950 1952 1004 ἔστιν

369 1042 461 1095 οἶα
502 1041 792 1097 λανθάνειν
820 1047 895 1112 μὴ
923 1042 1005 1096 ὅτι
1028 1060 1092 1111 γε
1127 1042 1295 1111 ὑμᾶς,
1324 1042 1441 1097 ἀλλ’
1471 1044 1596 1098 οὐδὲ
1644 1044 1807 1099 ἄλλον
1830 1044 1953 1099 τινὰ

368 1136 466 1188 τὸν
506 1134 758 1206 τυχόντα.
793 1134 892 1189 Διὰ
930 1134 1091 1189 τοῦτο
1117 1136 1210 1189 ἰπὶ
1246 1138 1360 1201 τοῖς
1391 1137 1627 1191 ἐνταῦθα
1662 1140 1952 1209 συνέχουσι

368 1225 589 1288 κακοῖς,
627 1224 722 1279 καὶ
758 1224 808 1279 oi
867 1224 928 1289 te
971 1224 1174 1293 ἑτάρων
1198 1226 1381 1279 τόπων
1431 1225 1554 1280 καθ’
1580 1225 1820 1294 ἑκάστην
1845 1228 1952 1293 ἁφ-

372 1314 687 1387 ικνούμενοι
713 1317 808 1369 καὶ
836 1316 1197 1386 διοχλούντες,
1229 1317 1537 1390 βαρυτέραν
1562 1321 1660 1390 τὴν
1691 1338 1955 1391 στενοχω-

375 1409 503 1479 ρίαν
534 1411 667 1479 ἡμῖν
691 1410 1120 1480 ἀπεργάζονται.
1154 1413 1307 1468 Ἔδει
1334 1413 1451 1476 οὖν,
1475 1414 1673 1468 τέκνον
1710 1415 1868 1484 ἐμὸν,
1892 1417 1954 1472 εν

373 1501 540 1553 παντὶ
572 1502 760 1572 τρόπῳ
786 1502 1131 1572 προνοεῖσθαι
1156 1504 1269 1559 τῶν
1285 1504 1513 1559 αὐτόθεν
1540 1506 1953 1577 ἀνερχομένων,

371 1593 473 1645 καὶ
527 1592 764 1663 μάλιστα
812 1595 921 1650 ὑπὸ
964 1601 1066 1668 τὴν
1123 1596 1227 1668 σὴν
1268 1600 1427 1670 χεῖρα
1493 1599 1815 1669 τελούντων,
1876 1601 1955 1675 μὴ

374 1684 716 1740 ἐπιτίθεσθαι
742 1688 877 1758 ἡμίν
903 1688 1002 1753 τὰς
1028 1689 1473 1761 διοχλήσεις,κάν
1499 1710 1631 1747 ποτε
1661 1694 1751 1748 διά
1791 1697 1953 1750 πταί-

379 1793 566 1845 σματα
618 1771 709 1833 οἷα
752 1779 899 1849 φιλεῖ
926 1780 996 1835 τά
1056 1781 1377 1853 ἀνθρώπινα
1425 1785 1751 1859 άποκίνησιν
1809 1790 1956 1854 τινὸς

381 1868 623 1941 συμϐαίη
652 1870 907 1939 γενέσθαι
940 1877 1040 1945 τῆς
1086 1876 1178 1929 ὑπ’
1201 1877 1385 1931 αὐτῶν
1414 1879 1797 1950 διοικουμένης
1837 1881 1954 1935 δια-

375 1963 596 2027 κονίας,·
636 1964 805 2035 ἄλλης
849 1967 998 2030 τινὸς
1043 1970 1335 2041 τυγχάνειν
1412 1973 1787 2044 παραμυθίας,
1837 1975 1962 2046 ἥτις

368 2056 602 2119 τούτους
628 2054 819 2129 ὥσπερ
855 2060 1176 2131 ὲξιλαρυνεί,
1210 2063 1306 2117 καὶ
1343 2064 1405 2118 τὸ
1441 2065 1678 2121 ἄτακτον
1729 2068 1957 2138 πήδημα

369 2150 477 2217 τῆς
509 2150 740 2221 καρδίας
800 2153 1081 2208 συστεῖλαι
1116 2157 1554 2224 παρασκευάσει.
1597 2159 1712 2213 Νῦν
1751 2161 1807 2214 δὲ
1838 2161 1958 2225 πῶς

370 2243 517 2296 είπω
543 2243 617 2307 ὠς
652 2244 727 2317 μὴ
758 2245 1050 2314 δυνάμενοι
1091 2249 1268 2313 ἄλλως
1297 2251 1397 2320 τὴν
1444 2251 1720 2307 ἐπώδυνον
1755 2255 1959 2329 ταύτην

370 2333 563 2389 ἕλκειν
589 2335 755 2409 ζωὴν,
784 2338 930 2393 οὕτω
958 2342 1410 2414 κατατεινόμενοι
1447 2350 1568 2409 ταῖς
1597 2346 1810 2412 ὀδύναις
1865 2349 1958 2402 καὶ

368 2426 480 2495 τὴν
513 2426 691 2498 ψυχὴν
717 2433 1164 2505 σπαρασσόμενοι
1200 2432 1339 2505 πρὸς
1367 2434 1436 2490 τά
1482 2437 1719 2492 ἐνταῦθα
1780 2457 1960 2512 παρα-

372 2520 623 2587 γίνονται
657 2525 705 2577 οί
746 2525 810 2578 εκ
847 2531 956 2577 τῶν
972 2528 1190 2583 οίκείων
1218 2531 1685 2601 παρακινούμενοι
1715 2535 1961 2605 λειτουρο

372 2610 536 2675 γιῶν.
564 2612 782 2668 Τούτων
812 2614 928 2669 ἔστι
965 2618 1057 2671 καὶ
1091 2617 1396 2689 Γρηγὸριος
1424 2622 1454 2675 ὀ
1487 2623 1741 2693 μοναχδς,
1770 2626 1830 2688 ὃς
1856 2643 1961 2696 φη-

376 2718 497 2769 σιν,
536 2704 934 2776 άποδεδιῶχθαι
990 2712 1378 2780 μοναστηρίου,
1414 2712 1474 2765 εν
1527 2707 1573 2782 ᾧ
1603 2716 1959 2787 ἀπεκείρατο,

376 2796 477 2847 καὶ
505 2789 567 2851 οὗ
598 2802 991 2872 προτιμότερος
1022 2797 1092 2874 ἦν
1129 2806 1675 2862 καταπεπιστεῦσθαι
1703 2808 1801 2882 τὴν
1825 2811 1961 2865 διοί-

376 2902 573 2956 κησιν,
602 2887 678 2950 ὡς
709 2890 894 2955 ἄλλοις
919 2909 977 2945 τε
1014 2896 1238 2964 τρόποις
1289 2897 1657 2970 διαφέρουσαν
1684 2902 1836 2973 αὐτῷ
1867 2904 1962 2957 καὶ

375 2983 450 3050 τῇ
480 2981 622 3035 κατὰ
660 2984 983 3053 συγγένειαν
1006 2987 1099 3040 tot":
1122 2990 1185 3042 τὸ
1217 2995 1588 3065 μοναστήριον
1612 2997 1962 3067 συστησαμέ-

379 3087 477 3124 νου
514 3072 873 3147 κληρονομίᾳ.
916 3077 1059 3132 Ἀλλ’
1105 3081 1315 3144 ἐκεῖνος
1371 3086 1472 3153 μὲν
1501 3083 1674 3139 ταῦτα
1732 3104 1962 3158 προστι-

379 3163 616 3228 Osi-.61:
644 3166 794 3231 ξένος
826 3184 909 3233 τις
952 3172 1047 3225 καὶ
1092 3171 1373 3247 ἀλλότριος
1418 3176 1511 3231 καὶ
1546 3176 1717 3247 μηδὲν
1756 3178 1964 3234 δίκαιον

382 3260 463 3321 είς
480 3260 542 3310 τὸ
565 3260 753 3329 ἄρχειν
769 3261 861 3315 τοῦ
877 3266 1240 3335 μοναστηρίου
1266 3271 1625 3339 κεκτημένος,
1644 3273 1716 3343 μὴ
1739 3273 1959 3342 τρόπον,

2128 724 2346 793 Quanta
2403 724 2812 780 circnmdemur
2864 720 3116 791 angustia
3148 760 3163 786 ,
3221 719 3324 774 etsi
3392 716 3487 773 tibi
3538 730 3647 771 non

2055 818 2383 871 mandemus
2411 856 2427 881 ,
2459 816 2533 868 mi
2562 814 2637 869 tili
2666 854 2681 878 ,
2715 823 2898 871 tamen
2954 814 3205 883 ignorare
3249 825 3357 864 non
3419 808 3646 879 poteris.

2055 906 2217 963 Tales
2243 906 2391 960 enim
2421 913 2552 961 sunt
2577 919 2759 960 rerum
2785 904 3181 974 conjuncturae,
3213 910 3272 957 ut
3334 914 3433 955 nec
3467 907 3519 953 te
3552 912 3653 952 nec

2054 999 2367 1072 quempiam
2417 999 2584 1054 alium
2646 997 2931 1067 effugiant.
2988 994 3268 1065 Siquidem
3326 991 3391 1047 ad
3433 1004 3497 1046 ea
3529 1004 3655 1061 qua:

2055 1109 2158 1151 nos
2209 1092 2527 1163 opprimunt
2566 1088 2878 1149 mala.alia
2928 1087 3173 1159 quotidie
3224 1100 3291 1140 ex
3338 1081 3461 1139 aliis
3515 1081 3653 1137 Iocis

2056 1186 2308 1243 homines
2331 1184 2613 1242 confluunt
2640 1192 2696 1238 et
2728 1197 2831 1238 nos
2860 1190 3111 1253 gravatos
3144 1177 3318 1247 magis
3348 1182 3657 1230 coarctant.

2055 1279 2349 1350 Propterea
2380 1278 2472 1347 qui
2507 1275 2742 1332 diversis
2786 1281 3031 1345 presunt
3063 1271 3198 1327 locis
3230 1282 3449 1324 omnem
3481 1264 3645 1321 adhi—

2056 1372 2189 1428 bere
2214 1370 2485 1426 debebant
2507 1366 2935 1424 sollicitudinem
2982 1370 3035 1420 et
3059 1360 3318 1425 maxime,
3344 1367 3422 1424 tu,
3466 1355 3657 1416 milili.

2053 1479 2181 1537 erga
2243 1462 2498 1520 subditos
2548 1469 2676 1516 tuos
2723 1501 2739 1524 ,
2804 1472 2870 1513 ne
2924 1454 3229 1527 majoribus
3286 1460 3663 1521 premeremur

2059 1553 2566 1628 perturbationibus
2597 1592 2613 1619 ,
2665 1549 2761 1605 ubi
2818 1548 2950 1620 quid
2993 1545 3047 1601 in
3078 1554 3364 1613 utramque
3410 1551 3657 1611 partem,

2051 1645 2197 1719 quod
2228 1646 2368 1701 inter
2400 1643 2648 1699 homines
2676 1640 2850 1706 solet,
2900 1637 3206 1699 arrisisset,
3239 1634 3294 1688 in
3348 1633 3480 1702 ipsis
3527 1629 3661 1685 locis

2056 1737 2335 1809 quodnam
2389 1736 2521 1791 mali
2567 1734 2812 1791 solamen
2859 1729 2945 1787 vel
2993 1725 3298 1785 remedium
3333 1723 3529 1780 fuisset
3558 1720 3662 1776 mi-

2059 1834 2336 1901 nistrare;
2374 1846 2592 1902 semper
2624 1831 2770 1885 enim
2796 1826 3071 1897 ejaeentes
3102 1822 3315 1891 erigere
3364 1827 3420 1874 et
3446 1814 3659 1872 inordi-

2060 1935 2259 1991 natos,
2309 1922 2555 1977 animum
2613 1918 2865 1976 addendo
2948 1916 3014 1971 ad
3075 1913 3343 1970 rationem
3402 1908 3666 1965 reducere

1994 2020 2033 2075 B
2064 2025 2310 2073 nostrum
2341 2024 2445 2072 est.
2472 2013 2617 2085 Quid
2668 2013 2839 2084 quod,
2879 2024 3007 2065 cum
3037 2020 3203 2063 Vitam
3246 2002 3512 2060 mrumnis
3540 2014 3664 2071 per-

2069 2107 2300 2164 fractam
2339 2106 2555 2161 trahere
2579 2105 2691 2176 jam
2725 2109 2833 2159 no‘n
2861 2100 3095 2176 possim,
3125 2113 3249 2156 cum
3279 2094 3666 2151 amictiunibus

2066 2200 2445 2255 distendantur
2488 2198 2640 2253 nervi
2685 2206 2740 2254 et
2786 2196 3007 2251 animus
3046 2190 3432 2264 prosternitur.
3460 2184 3664 2241 adven-

2067 2302 2183 2347 tant
2206 2305 2273 2346 ex
2306 2290 2502 2347 vestris
2522 2330 2538 2355 ,
2579 2288 2675 2359 qui
2707 2288 2945 2359 majores
2968 2286 3022 2341 in
3078 2300 3165 2340 me
3194 2284 3431 2337 excitent
3462 2292 3661 2334 aerum~

2068 2398 2189 2438 nas.
2222 2382 2370 2437 Inter
2420 2382 2524 2436 hos
2573 2381 2678 2436 fuit
2728 2377 3028 2449 Gregorius
3077 2373 3423 2439 monachus,
3457 2370 3550 2441 qui
3604 2384 3665 2423 se

2069 2472 2403 2528 monasterio
2429 2472 2716 2541 expulsum
2748 2469 2919 2531 dicit,
2962 2468 3017 2522 in
3047 2482 3152 2522 suo
3183 2474 3305 2520 vota
3331 2462 3539 2520 fecerat
3565 2499 3580 2524 ,
3614 2468 3668 2513 et

2067 2564 2139 2619 ob
2211 2565 2441 2619 virtutes
2511 2578 2649 2619 snas
2728 2561 3094 2630 principatum
3142 2557 3488 2621 obtinuerat;
3544 2567 3667 2623 quae

2066 2654 2305 2726 dignitas
2373 2655 2424 2710 ei
2490 2654 2855 2710 conveniebat
2905 2648 3204 2721 prmsertim
3247 2647 3402 2719 juxta
3450 2643 3670 2699 familia

2067 2761 2183 2801 suae
2234 2747 2494 2801 tributam
2536 2745 2929 2800 haereditatem.
2984 2742 3148 2798 Addit
3211 2754 3432 2811 quoque
3478 2736 3667 2804 hospi-

2070 2844 2177 2891 tem
2210 2850 2540 2907 quemquam
2566 2846 2621 2892 et
2646 2836 3031 2906 alienigenam,
3059 2833 3151 2905 qui
3181 2835 3247 2887 ad
3275 2829 3667 2886 monasterium

2072 2929 2366 2997 regendum
2400 2927 2607 2982 nullum
2640 2927 2733 2996 jus
2781 2925 2978 2991 habet,
3011 2941 3109 2981 nec
3140 2923 3418 2979 meliorem
3453 2922 3669 2978 vivendi

2070 3020 2360 3084 rationem,
2398 3035 2495 3075 nec
2518 3020 2664 3074 aliud
2689 3017 2959 3089 ejusmodi
2986 3016 3254 3072 familiare
3311 3015 3510 3071 offerre
3538 3029 3669 3084 pos-

2070 3114 2161 3178 sit,
2188 3128 2219 3167 a
2261 3120 2310 3167 te
2338 3111 2392 3165 in
2424 3110 2745 3167 monasterii
2789 3110 3034 3182 regimen
3080 3109 3440 3165 substitutum
3477 3106 3667 3163 luisse.

2072 3202 2187 3259 Hoc
2212 3204 2307 3259 tibi
2350 3204 2683 3271 scribimus,
2728 3204 2861 3259 utsi
2894 3204 3104 3258 litteras
3153 3210 3372 3257 nostras
3420 3197 3670 3255 deferens

2073 3295 2388 3365 allegaverit
2419 3311 2628 3359 verum,
2678 3305 2733 3350 et
2768 3295 2917 3351 nulla
2948 3295 3091 3350 adsit
3124 3308 3292 3349 causa
3318 3334 3332 3353 .
3365 3306 3486 3362 qua:
3514 3290 3668 3345 illum

385 3346 463 3417 μὴ
492 3346 627 3417 βίον.
664 3352 741 3422 μὴ
767 3356 1004 3427 συγγενῆ
1036 3373 1160 3411 τινα
1183 3360 1480 3429 πρόφασιν,
1506 3364 1657 3432 παρὰ
1678 3363 1773 3416 σοῦ
1802 3382 1961 3437 προεο

2072 3403 2101 3441 a
2133 3388 2469 3445 monasterio
2520 3386 2760 3458 regendo
2785 3396 3059 3442 removeat
3086 3426 3100 3449 ,
3133 3385 3375 3443 charitas
3418 3398 3526 3437 non
3554 3382 3666 3452 pri-

383 3441 554 3511 κρίθη
588 3445 668 3507 είς
702 3444 804 3514 τὴν
840 3448 1103 3521 τοιαύτην
1134 3451 1485 3509 ἐπιστασίαν.
1514 3454 1708 3527 Ἡμεῖς
1747 3458 1807 3511 δὲ
1829 3455 1987 3513 τοῦτό

384 3548 472 3585 σοι
505 3536 813 3606 γράφομεν,
842 3538 916 3601 ὡς
944 3541 992 3593 εί
1026 3539 1129 3610 μὲν
1158 3543 1258 3596 ὀτδ
1287 3546 1520 3617 γράμμα
1551 3548 1708 3618 ἡμῶν
1727 3550 1978 3620 ἐπικομι-

382 3621 615 3692 ζόμενος
640 3627 1066 3701 άληθῆίὲδίδαξε,
1097 3635 1193 3688 καὶ
1224 3637 1325 3690 οὐκ
1352 3636 1470 3692 ἔστι
1497 3657 1582 3705 τις
1617 3642 1768 3697 αίτία
1798 3645 1978 3697 κωλύ-

380 3733 525 3771 ουσα
563 3718 657 3771 τοῦ
697 3724 1065 3795 μοναστηρίου
1098 3726 1291 3797 ἄρχειν
1316 3730 1502 3793 αὐτὸν,
1530 3732 1605 3804 μὴ
1650 3735 1976 3806 ἀποστερεῖ-

383 3810 503 3864 σθω
544 3813 697 3882 παρὰ
726 3814 827 3885 τῆς
877 3817 1034 3886 ὑμῶν
1081 3818 1359 3890 θεοφιλίας
1411 3822 1510 3893 τῆς
1569 3824 1971 3899 ἐπιϐαλλούσης

381 3903 541 3975 αὐτῷ
574 3905 715 3960 κατὰ
745 3909 838 3961 τὸν
873 3909 969 3963 τοῦ
1027 3910 1243 3966 δικαίου
1275 3914 1433 3981 λόγον
1480 3918 1868 3988 ἠγουμενείας.
1903 3919 1966 3975 Εί

382 3996 446 4053 δέ
470 4017 522 4053 τι
553 4001 705 4054 ἐστιν
745 4002 1084 4077 ἐναντίωμα,
1111 4006 1179 4059 δι’
1219 3999 1281 4061 οὗ
1329 4009 1551 4074 ἀνάξιος
1581 4012 1964 4069 ἀναδείκνυται

381 4095 487 4163 τῆς
552 4098 809 4169 τοιαύτης
840 4100 1043 4172 ἀρχῆς,
1072 4103 1211 4168 τέως
1255 4103 1353 4174 τῆς
1396 4105 1754 4179 ὀφειλομένης
1780 4126 1966 4177 παρα-

2084 3490 2276 3535 vatnra
2337 3478 2406 3535 sit
2458 3478 2723 3551 regimine
2758 3478 2903 3551 quod
2944 3479 3008 3533 ad
3040 3478 3193 3533 illum
3234 3476 3357 3546 jure
3386 3483 3441 3531 et
3471 3476 3669 3530 merito

2082 3572 2335 3639 pertinet.
2383 3571 2637 3626 Attamen
2677 3572 2725 3627 si
2784 3571 2914 3640 quid
2960 3570 3205 3627 obstaret
3245 3568 3543 3639 quominus
3574 3566 3668 3621 illo

2080 3677 2304 3717 iuunere
2335 3661 2533 3731 dignus
2565 3663 2861 3728 videretur,
2891 3664 2945 3718 in
2971 3671 3236 3732 quantum
3291 3660 3406 3716 ﬁeri
3450 3669 3627 3729 pctesl
3651 3700 3666 3723 .

2078 3750 2346 3806 habeatur
2374 3751 2782 3821 indulgentius,
2812 3762 2868 3807 et
2905 3752 3072 3807 vitam
3106 3750 3567 3807 calamitosiorem
3599 3764 3668 3802 ne

2074 3841 2260 3897 ducat.
2297 3842 2540 3913 Siquam
2563 3845 2630 3899 de
2657 3845 2942 3913 doloribus
2981 3852 3037 3900 et
3074 3844 3439 3901 atiietlonibus
3472 3855 3662 3898 curam

2074 3935 2245 3993 babes
2301 3936 2528 4002 nostris,
2591 3937 2816 4005 militi,
2855 3947 2905 3992 te
2950 3938 3131 4009 ipsum
3178 3936 3442 3992 omnibus
3488 3931 3667 3988 modis

2072 4029 2317 4096 praebeas
2352 4026 2662 4095 pontiﬁcem
2688 4028 2780 4083 Dei
2803 4071 2816 4091 ,
2844 4045 2946 4085 nec
2978 4044 3223 4102 unquam
3274 4026 3668 4100 benignitatem

2070 4132 2198 4187 erga
2235 4116 2413 4188 ipsum
2443 4132 2474 4172 e
2500 4119 2668 4173 corde
2694 4130 2787 4174 tuo
2815 4119 3023 4190 ejicias.

388 4187 590 4285 μυθίας
625 4192 834 4263 καὶτῆς
855 4195 979 4247 ὅσον
1006 4195 1123 4249 ἐστὶ
1150 4196 1373 4250 δυνατὸν
1403 4200 1843 4274 άστενοχωρήτου
1880 4204 2051 4278 ζωῆς,
2093 4209 2147 4264 εί
2169 4228 2222 4264 τι
2263 4187 2345 4264 σοὶ
2389 4212 2565 4283 μέλει,
2596 4212 2791 4266 τέκνον
2845 4187 3043 4284 νήμῶν,
3073 4213 3191 4267 τῶν
3229 4212 3511 4285 ἡμετέραν
3556 4210 3666 4265 θλί-

382 4283 534 4338 ψεων
578 4286 672 4337 καὶ
708 4287 930 4351 ὀδυνῶν,
992 4291 1156 4344 παντὶ
1183 4292 1368 4363 τρόπῳ
1399 4292 1475 4356 ὡς
1513 4295 1806 4365 ἀρχιερεὺς
1837 4296 1996 4366 Θεοῦ,
2040 4303 2135 4358 καὶ
2168 4305 2565 4379 ἀπαραιτήτως
2624 4306 2859 4376 ὀφείλων
2908 4283 2974 4361 τδ
3024 4283 3414 4381 φιλάνθρωπον
3466 4306 3670 4361 ετιδιί·

386 4377 641 4437 κνυσθαι.
678 4381 985 4436 κατάϐα.λοῦ
1018 4382 1119 4453 τὴν
1154 4387 1281 4455 περὶ
1313 4387 1476 4440 αὑτὸν
1502 4391 1783 4458 πρόνοιαν.

783 4499 914 4553 PK’.
956 4501 1217 4569 Τρύφωνι
1242 4501 1577 4570 μονάζοντι.

2428 4509 2593 4566 CXX.
2636 4542 2707 4554 —
2740 4511 3007 4583 Tryphoni
3035 4513 3313 4571 monacho:

460 4607 570 4660 Καὶ
609 4608 671 4661 τὸ
698 4606 870 4680 δῶρον
914 4609 1113 4679 γλυκὺ,
1144 4612 1243 4666 καὶ
1265 4616 1314 4666 οἱ
1353 4614 1505 4683 λόγοι
1543 4616 1607 4669 ού
1644 4618 1806 4686 μόνον
1828 4618 1961 4686 γλυ-

2140 4621 2523 4680 Munusculum
2570 4625 2788 4696 quidem
2850 4625 3046 4693 dulce,
3097 4627 3259 4681 verba
3357 4637 3504 4683 utem
3558 4644 3667 4685 non

386 4703 527 4763 κείς,
560 4700 697 4754 ἀλλὰ
727 4701 821 4755 καὶ
851 4703 1108 4773 φέροντες
1140 4707 1201 4758 ού
1229 4706 1461 4777 μετρίαν
1498 4708 1684 4763 ἄνεσιν
1710 4710 1819 4765 ἀπὸ
1850 4711 1961 4766 τῶν

387 4790 723 4860 συνεχόντων
752 4792 941 4847 κακῶν
969 4792 1069 4863 τὴν
1100 4796 1378 4866 ἡμετέραν
1404 4798 1605 4869 ψυχήν.
1636 4800 1962 4874 Προεθυμή-

386 4881 485 4953 θην
533 4881 628 4937 οὖν
679 4884 1088 4956 προτρέψασθαι
1139 4885 1239 4959 τὴν
1291 4889 1411 4960 σὴν,
1465 4890 1669 4961 Πάτερ,
1701 4893 1963 4963 ὁσιότητα

387 4976 524 5046 πρὸς
569 4974 669 5045 τὴν
713 4976 825 5029 άπὸ
865 4976 977 5031 τῶν
1027 4979 1191 5049 ἱερῶν
1254 4981 1432 5052 εὐχῶν
1465 4984 1810 5057 παρηγορίαν
1868 4990 1964 5041 καὶ

384 5064 632 5120 διάλυσιν
659 5064 771 5119 τῶν
819 5067 1053 5138 θλίψεων
1086 5068 1263 5138 ήμῶν.
1309 5071 1452 5125 Ἀλλ’
1505 5076 1684 5128 έκεῖνο
1724 5076 1967 5148 ἐνθυμηο

386 5156 521 5221 θεὶς,
571 5158 649 5222 ὠς
693 5158 743 5212 oi
774 5157 926 5226 λόγοι
961 5162 1025 5216 ἐκ
1069 5162 1168 5231 τῆς
1212 5164 1507 5236 γινομένης
1564 5167 1819 5237 πράξεως
1871 5170 1966 5222 ἐπὶ

384 5248 495 5302 τῶν
520 5248 683 5301 θείων
711 5249 924 5320 ἀνδρῶν
958 5251 1299 5319 λαμϐάνουσι
1348 5255 1447 5324 τὴν
1484 5258 1688 5329 φωνὴν,
1727 5259 1965 5331 ἐπέσχον

382 5341 485 5412 τῆς
509 5342 718 5414 τροπῆς
743 5343 1003 5413 ἐμαυτόν.
1035 5346 1109 5399 Σὺ
1141 5347 1197 5398 δέ
1228 5364 1317 5416 μοι
1346 5349 1440 5400 καὶ
1484 5349 1655 5421 χωρὶς
1693 5350 1788 5404 τοῦ
1825 5369 1965 5422 προσ

383 5437 682 5506 τρέπεσθαι
722 5440 894 5508 ἡμᾶς,
920 5440 990 5494 τά
1024 5440 1131 5493 τῶν
1187 5441 1488 5510 φιλούντων
1532 5446 1626 5500 καὶ
1669 5448 1960 5521 συνοδυρο-

388 5532 567 5601 μένων
604 5534 717 5593 soi;
747 5532 923 5601 φίλοις
947 5533 1045 5585 καὶ
1069 5534 1326 5604 πράττων
1356 5537 1454 5590 καὶ
1488 5539 1716 5606 γράφων
1750 5540 1968 5606 πάντως

383 5623 736 5688 διατελέσεις,
801 5626 894 5678 καὶ
950 5625 1049 5696 τῆς
1118 5626 1275 5696 ἡμῶν
1352 5629 1794 5700 ύπερευχὸμενος
1856 5634 1971 5695 πῶς

386 5716 522 5769 εἴπω
572 5716 845 5771 πάντοθεν
897 5717 1348 5790 ἐπηρεαζομένης
1396 5723 1459 5773 ὲκ
1500 5724 1608 5773 τῶν
1642 5722 1864 5789 ἔξωθεν,
1908 5727 1970 5777 ἐκ

384 5812 491 5866 τῶν
522 5812 738 5869 ἔνδοθεν
771 5814 1155 5881 ἐπισταμένων
1201 5812 1545 5882 ταλαιπώρου
1589 5815 1756 5884 ζωῇς,

2067 4716 2245 4773 solum
2272 4718 2452 4772 dulcia
2484 4717 2656 4782 fuere,
2685 4721 2779 4777 sed
2828 4734 3160 4791 magnonere
3188 4720 3422 4775 animam
3454 4720 3669 4777 refove-

2083 4818 2213 4863 runt
2245 4820 2489 4867 nostram
2534 4812 2700 4869 tantis
2730 4812 2887 4869 malis
2914 4814 3334 4870 circumdatam.
3386 4814 3467 4869 Ad
3512 4826 3666 4869 tuam

2070 4913 2219 4970 ergo,
2246 4911 2422 4971 pater,
2464 4902 2815 4975 confugimus
2845 4906 3213 4970 sanctitatem,
3241 4914 3299 4961 ut
3332 4920 3427 4975 per
3446 4917 3667 4962 sanctas

2070 4991 2482 5061 deprecatione:
2509 5006 2632 5050 tuas
2665 4995 3021 5052 aﬂlietionum
3055 4998 3296 5054 solamen
3350 5007 3406 5054 et
3436 4998 3665 5053 solutio-

2072 5099 2196 5138 nem
2225 5085 2589 5141 inveniamus.
2633 5086 2688 5141 ld
2713 5088 2855 5141 enim
2883 5099 3062 5145 mente
3076 5090 3384 5155 revolvens,
3412 5093 3556 5161 quod
3594 5107 3661 5146 ex

2069 5176 2329 5246 operibus
2378 5180 2730 5249 procedentia
2781 5181 2946 5236 verba
3002 5198 3099 5253 per
3154 5193 3374 5240 sanctos
3418 5183 3665 5240 homines

2070 5269 2179 5323 vim
2214 5270 2449 5325 habeant
2503 5270 2776 5341 ingentem
2803 5316 2817 5339 ,
2854 5274 2992 5329 nihil
3047 5276 3188 5330 ultra
3223 5284 3438 5332 mutare
3468 5279 3658 5346 sategi.

2068 5357 2205 5416 Nam
2237 5362 2356 5417 sine
2389 5364 2591 5419 nostris
2614 5366 2871 5434 precibus
2905 5376 2963 5421 tu
2993 5368 3294 5423 amicorum
3326 5381 3477 5423 more
3508 5370 3663 5423 dolo-

2076 5468 2164 5509 res
2204 5464 2424 5511 nostros
2482 5466 2536 5512 et
2582 5472 2774 5512 eorum
2817 5458 2909 5529 qui
2970 5474 3077 5514 una
3123 5460 3307 5530 lugent
3359 5460 3660 5515 amicorum

2069 5542 2323 5613 mitigas;
2373 5545 2629 5615 precibus
2680 5554 2863 5602 autem
2929 5547 3039 5603 tuis
3099 5550 3466 5605 miserrimam
3518 5550 3660 5607 intra

2069 5647 2332 5709 extraque
2362 5639 2626 5711 agitatam
2662 5640 2829 5696 vitam
2859 5641 3190 5698 sublevabis.
