4054 6138
431 278 537 343 343

1557 286 1864 351 ΝιεοιΑι
1906 292 2015 354 CP.
2057 295 2569 359 PATRIAHCHB

3592 297 3714 361 3H

431 408 479 444 Ill
493 407 583 445 ns:
604 390 766 446 modo
783 392 923 446 enim
946 393 1009 445 ad
1030 394 1347 463 angi-lorum
1373 400 1721 457 ascendimus
1737 405 2003 471 ordinem,

2120 407 2402 473 εὐλαϐείας
2434 408 2621 464 ἱκανόν
2649 411 2767 462 ἐστι
2801 408 2984 464 πίστιν
3036 409 3309 463 ἐπιθεῖναι
3347 411 3463 475 τοῖς
3487 411 3712 479 λόγοις,

431 482 593 537 nimio
642 482 707 537 ad
750 484 1017 554 impuram
1055 487 1440 546 descendimus
1470 491 1864 548 daemoniorum
1910 510 2000 550 ca-

430 585 655 629 tervam.
708 574 798 630 Ila:
855 579 1161 633 mortalium
1213 592 1342 635 sunt
1388 584 1640 650 miseria,
1682 585 1735 640 in
1780 587 2004 657 quibus,

432 681 577 720 nunc
630 668 782 722 inviti
830 670 1147 727 carnalibus
1205 673 1537 732 inservimus
1588 678 2004 748 cupiditatibus,

434 770 581 809 nunc
612 756 857 813 volentes
892 760 1075 818 cordis
1101 763 1339 820 stimulis
1367 766 1659 835 agitamur.
1687 766 1767 823 Tu
1799 781 2005 836 autem,

432 864 464 899 υ
513 848 679 903 homo
723 848 841 913 Dei,
885 853 930 906 si
960 852 1251 920 judicium,
1295 857 1439 926 quod
1473 856 1538 912 de
1572 857 1692 913 viro
1728 860 2010 927 enuntias,

2113 502 2283 573 χωρὶς
2327 500 2424 570 τῆς
2472 500 2581 554 τῶν
2613 502 2957 571 πραγμάτων
3006 501 3424 570 συνομολογίας.
3468 501 3527 555 El
3587 501 3715 571 γὰρ

2116 591 2306 655 ἁπλῶς
2361 591 2429 644 τὰ
2472 583 2588 644 ὦτα
2633 592 2749 653 τοῖς
2802 589 3052 655 ἐπαίνοις
3082 591 3181 645 καὶ
3221 591 3343 655 ταῖς
3399 589 3719 660 λοιδορίαις

2114 683 2475 753 διανοίξομεν,
2531 681 2771 753 λήσομεν
2837 683 3087 747 ἑαυτοὺς,
3154 680 3204 735 εί
3266 680 3343 753 μὴ
3388 681 3450 735 τὸ
3492 681 3720 735 οἰκεῖον

2114 773 2480 845 προσίσταται
2524 774 2787 838 συνειδὸς,
2840 773 2977 846 μηδὲ
3013 773 3245 836 ἑαυτοὺς
3301 772 3715 842 γινώσκοντες.

2122 864 2287 919 Ἀλλὰ
2343 864 2441 919 νῦν
2496 865 2593 933 μὲν
2641 866 2721 928 είς
2781 863 2882 936 τὴν
2929 863 3041 918 τῶν
3094 864 3351 933 ἀγγέλων
3402 864 3721 933 ἀνάγοντες

428 954 556 995 cum
592 943 925 998 conscientia
960 954 1049 1000 tua
1081 950 1361 1018 congruit,
1394 950 1697 1020 periculum
1729 960 1812 1006 est
1853 967 1921 1007 ne
1961 961 2013 1007 te

2120 956 2340 1019 ἑαυτοὺς
2368 954 2541 1022 τάξιν,
2573 954 2669 1010 νῦν
2718 955 2775 1010 δὲ
2810 956 2945 1022 πρὸς
2984 956 3084 1021 τὴν
3126 955 3340 1027 μιαρῶν
3390 954 3711 1027 δαιμονίων

430 1042 485 1088 et
522 1034 659 1089 alios
692 1036 971 1107 decipias;
1022 1038 1160 1094 adde
1195 1040 1342 1111 quod
1383 1040 1650 1111 judicium
1679 1042 1925 1098 divinum
1960 1053 2013 1100 te

2120 1048 2599 1112 καταϐιϐάζοντες.
2631 1047 2871 1102 Τοιαῦτα
2906 1049 3023 1101 ἐστι
3076 1046 3143 1101 τά
3169 1046 3369 1120 οίκτρὰ
3411 1046 3518 1101 τῶν
3585 1046 3704 1101 ἁν-

428 1137 635 1183 manet.
2116 1140 2359 1211 θρώπων
2390 1142 2538 1210 οίμοι
2583 1140 2703 1205 πῶς
2748 1140 2889 1194 εἴπω
2926 1138 3039 1194 εἴτε
3088 1139 3364 1205 ἀκουσίως
3384 1139 3544 1211 ἡμῶν
3596 1135 3713 1193 frui

428 1218 522 1270 τοῦ
602 1220 869 1289 σαρκικοῦ
914 1222 1289 1294 φρονήματος,
1367 1224 1470 1279 εἴθ’
1539 1227 1813 1293 ἑκουσίως
1886 1228 2407 1300 καταδουλουμένων
2494 1231 2590 1284 καὶ
2666 1231 3023 1303 φρονήματος
3091 1227 3185 1283 καὶ
3256 1229 3719 1300 σπουδάσματοςι

440 1311 603 1366 ’Δλλά
647 1314 712 1367 σύ
776 1332 863 1381 γε,
892 1309 936 1369 ὧ
975 1318 1230 1389 ἄνθρωπε
1280 1319 1371 1373 τοῦ
1404 1320 1564 1387 Θεοῦ,
1617 1322 1776 1392 εἴπερ
1838 1322 2029 1379 ἄλλοτέ
2065 1342 2200 1379 ποτε
2247 1325 2344 1381 νῦν
2412 1326 2492 1397 τῷ
2521 1327 2745 1400 ἀκριϐεῖ
2791 1330 3064 1402 κριτηρίῳ
3131 1331 3233 1401 τῆς
3278 1327 3377 1399 σῆς
3424 1324 3721 1388 συνέσεως

424 1402 527 1472 τὴν
558 1407 685 1475 περὶ
717 1407 811 1459 τοῦ
847 1408 1039 1479 ἀνδρὸς
1076 1410 1491 1483 ἀμφισϐήτησιν
1539 1413 1850 1485 διαιτήσας,
1906 1417 2003 1470 καὶ
2040 1417 2188 1486 ἡμᾶς
2226 1416 2320 1471 καὶ
2353 1418 2578 1471 σεαυτὸν
2648 1419 2959 1486 ἀπαλλάξαι
3023 1419 3186 1493 τυχὸν
3222 1420 3323 1491 μὲν
3349 1417 3721 1491 ἀνθρωπίνου

431 1495 646 1567 μώμου,
679 1497 841 1568 τυχὸν
880 1498 937 1552 δὲ
973 1501 1069 1555 καὶ
1098 1500 1285 1557 θεῖκοῦ
1315 1504 1734 1575 κατακρίματος
1758 1506 2118 1579 προνοήθητι.

987 1617 1202 1676 CXXV.
1254 1618 1280 1674 Ι
1290 1630 1489 1676 ttcerto.

2685 1624 2861 1683 PKE’.
2901 1627 3142 1698 Ἀδήλῳ.

500 1732 635 1799 Quae
656 1741 714 1789 et
743 1742 950 1805 quanta
991 1742 1230 1789 vestram
1264 1734 1568 1804 piissimam
1596 1736 1835 1792 animam
1872 1737 2011 1794 allli-

2187 1739 2304 1793 Ούκ
2338 1738 2646 1811 ἀγνοοῦμεν
2674 1742 2777 1795 ὅσα
2803 1742 2905 1812 τὴν
2940 1742 3097 1814 ὑμῶν
3130 1742 3357 1815 θεοφιλῆ
3406 1743 3722 1815 συνέχοντα

428 1835 580 1894 gant,
624 1826 771 1882 haud
814 1827 1151 1898 ignoramus.
1194 1826 1297 1882 Sed
1339 1827 1471 1897 quid
1504 1826 1814 1884 faciendum
1862 1831 2008 1885 aliud

428 1933 593 1987 quam
633 1919 902 1988 patienter
928 1917 1073 1975 ferre
1106 1928 1161 1976 et
1184 1922 1488 1992 prudenter
1511 1924 1746 1993 tempori
1778 1926 2013 1981 cedere?

430 2014 661 2080 Quando
683 2015 828 2071 enim
845 2031 969 2072 cum
993 2018 1159 2074 rebus
1177 2018 1485 2076 didieilibus
1509 2020 1772 2092 temporis
1791 2036 2013 2093 quoque

427 2104 775 2161 dimcultates
812 2106 1141 2179 junguntur,
1180 2109 1333 2166 nulla
1372 2111 1588 2169 ratione
1627 2127 1818 2185 pacem
1858 2128 2011 2169 com-

430 2211 636 2268 pones;
685 2214 807 2270 qua:
849 2201 1035 2256 omnia
1083 2216 1114 2256 a
1165 2204 1442 2276 principio
1487 2206 1555 2262 ad
1601 2215 1789 2265 nostra
1839 2224 2012 2278 usque

430 2301 677 2358 tempora
707 2292 912 2349 videris
930 2294 984 2350 in
1007 2308 1190 2351 rerum
1206 2297 1682 2357 administratione
1709 2316 2012 2357 occurren-

428 2383 527 2437 tia.
563 2381 642 2438 ita
665 2393 720 2440 et
745 2392 827 2451 tu,
867 2386 941 2441 mi
975 2386 1074 2452 tili,
1104 2388 1411 2447 obediendo
1440 2393 1719 2448 communi
1747 2402 1805 2449 et
1835 2409 2010 2449 saecu-

428 2475 528 2530 lari
563 2476 766 2541 ordini,
798 2489 1062 2535 eventura
1094 2483 1370 2551 patienter
1398 2485 1669 2556 perieras,
1701 2501 1769 2543 ea
1797 2487 2014 2544 scilicet

426 2588 553 2641 ειιιαι
586 2581 767 2629 astuta
793 2577 1057 2646 temporis
1089 2577 1297 2634 malitia
1316 2580 1509 2650 gignit.
1547 2580 1757 2652 Itaque,
1794 2579 2015 2638 favente

427 2664 563 2731 Deo,
595 2665 745 2723 brevi
779 2675 1045 2739 tempore,
1080 2683 1191 2740 quo
1216 2670 1333 2726 ﬁeri
1360 2679 1541 2741 potest
1573 2672 1737 2728 modo
1769 2672 1861 2728 illa
1887 2688 2013 2729 cor-

428 2758 574 2828 riges
606 2775 621 2813 :
646 2770 1043 2832 pmposteram
1072 2776 1207 2817 vero
1236 2762 1379 2819 haud
1405 2765 1679 2833 suscipias
1708 2766 2013 2821 correctio-

428 2866 579 2917 nem,
608 2862 833 2923 propter
860 2853 1153 2909 conamina
1199 2865 1255 2911 et
1283 2856 1725 2914 machinationes
1765 2858 2014 2923 illorum,

426 2942 521 3013 qui
547 2944 808 2999 malitiam
830 2954 1113 3002 sectantur
1131 2962 1200 3003 ne
1218 2947 1315 3002 tibi
1340 2948 1625 3005 molestias
1643 2964 1933 3022 compares
1959 2957 2015 3005 et

428 3036 595 3091 rebus
629 3037 684 3092 in
711 3038 954 3096 deterius
982 3038 1223 3094 abeundi
1278 3054 1470 3095 ansam
1513 3041 1780 3114 praebeas.
1813 3040 1891 3098 De
1927 3043 2014 3098 his

431 3128 498 3181 ad
550 3138 603 3184 te
653 3129 949 3186 scribimus
992 3132 1264 3195 materiis,
1314 3133 1653 3202 experientia
1700 3133 1905 3197 edocti.
1954 3145 2018 3190 ut

432 3219 683 3291 quaedam
715 3224 902 3277 animo
932 3229 1027 3277 tuo
1050 3223 1449 3278 consideranda
1479 3223 1887 3280 ministremus.
1918 3223 2021 3279 Dat

428 3326 613 3370 autem
645 3314 793 3369 Deus
836 3329 1020 3370 rerum
1066 3315 1121 3371 in
1171 3315 1371 3371 melius
1413 3317 1853 3379 conversionem,
1897 3332 2019 3387 qua:

431 3414 487 3459 te
516 3418 546 3457 a
579 3403 863 3461 doloribus
888 3403 1085 3461 liberet
1117 3414 1168 3461 et
1196 3404 1329 3475 ipsis
1359 3418 1630 3475 congruat
1654 3405 1927 3463 consiliis.

2112 1831 2286 1887 θλίϐει
2323 1832 2524 1904 ψυχήν.
2584 1833 2747 1889 Ἀλλά
2780 1836 2836 1889 τί
2892 1836 2975 1890 δεῖ
3028 1837 3227 1899 ποιεῖν,
3260 1836 3297 1908 ἢ
3340 1837 3547 1910 πράως
3600 1837 3719 1906 φε-

2114 1940 2253 1995 ρειν,
2285 1927 2381 1979 καὶ
2402 1927 2527 1980 ὅσον
2554 1924 2779 1981 δυναδιδν
2805 1928 3085 2000 φρονίμως
3110 1931 3224 1993 τοῖς
3249 1930 3539 2002 πράγμασι
3566 1948 3718 1986 συν-

2112 2016 2501 2089 αρμόςεσθαις
2538 2021 2712 2075 Ὅταν
2763 2022 2875 2092 γάρ
2945 2024 3251 2093 πράγματα
3301 2024 3517 2096 χαλεπὰ
3570 2024 3721 2079 ὄντα

2112 2110 2211 2164 καὶ
2240 2108 2343 2181 τὴν
2366 2110 2464 2164 τοῦ
2492 2112 2691 2182 καιροῦ
2722 2114 3106 2187 προσλάϐηται
3152 2115 3523 2187 χαλεπότητα,
3557 2117 3723 2189 ἀμή-

2114 2217 2278 2271 χανον
2307 2200 2368 2266 ἐξ
2394 2201 2615 2272 ἑτοίμου
2642 2204 2983 2259 κατάστασιν
3027 2206 3168 2259 αὐτά
3204 2206 3559 2277 προσλαϐεῖν.
3590 2208 3717 2262 Καὶ

2113 2292 2273 2347 τοῦτο
2310 2294 2443 2359 ῖδοις
2470 2294 2537 2348 ἂν
2576 2295 2785 2350 ἄνωθεν
2820 2296 2916 2350 καί⁵
2966 2297 3027 2364 ἐξ
3069 2298 3242 2369 ἀρχῆς
3285 2300 3380 2353 καὶ
3414 2299 3586 2371 μέχρι
3610 2299 3719 2356 τοῦ

2117 2386 2215 2440 νῦν
2268 2387 2374 2457 ὀδῷ
2414 2388 2749 2443 καταϐαῖνον
2784 2382 2844 2444 ἐν
2897 2394 3021 2456 ταῖς
3064 2392 3371 2463 διοικήσεσι
3423 2394 3537 2449 τῶν
3566 2412 3721 2466 πρα-

2113 2480 2340 2550 γμάτων
2370 2479 2862 2549 γινόμενονᾼὨστε
2892 2484 2989 2538 καὶ
3005 2482 3095 2550 σὺ,
3134 2483 3329 2539 τέκνον
3361 2484 3545 2558 ἡμῶν,
3579 2503 3722 2540 πει-

2114 2570 2345 2642 θόμενος
2378 2573 2443 2641 τῇ
2494 2575 2645 2645 κοινῇ
2697 2575 2797 2627 καὶ
2838 2579 3082 2647 κοσμικῇ
3132 2576 3309 2644 τάξει,
3362 2579 3558 2648 πράως
3610 2578 3719 2632 καὶ

2117 2662 2502 2735 μακροθύμως
2531 2664 2796 2736 καρτέρει
2834 2667 2904 2721 τά
2947 2669 3360 2737 συμπίπτοντα,
3413 2670 3624 2740 μᾶλλον
3652 2670 3719 2725 δὲ

2112 2755 2216 2812 ὅσα
2244 2758 2279 2828 ἠ
2308 2757 2661 2829 προλαϐοῦσα
2689 2759 2787 2813 τοῦ
2817 2760 3012 2831 χρόνου
3036 2761 3208 2817 κακία
3240 2762 3429 2830 κακῶς
3458 2762 3715 2835 διέθηκε’

2115 2850 2211 2903 καὶ
2258 2850 2360 2904 σὺν
2396 2849 2520 2920 Θεῷ
2552 2851 2695 2905 κατά
2751 2851 2926 2925 βραχὺ
2972 2851 3065 2907 τὸν
3110 2853 3339 2909 δυνατὸν
3392 2854 3717 2926 ιπανόρθοιι

2113 2944 2321 3012 τρόπον
2351 2944 2517 3007 αὐτὰ,
2545 2945 2641 2998 καὶ
2679 2943 2755 3015 μὴ
2798 2944 2996 3015 ἀθρόον
3032 2945 3360 3017 βουλόμενος
3402 2947 3502 3018 τὴν
3533 2948 3716 3002 ἑπανο

2117 3035 2355 3107 ὀρθωσιν
2427 3035 2636 3101 δοῦναι,
2685 3036 2793 3091 ὑπὸ
2841 3040 2945 3106 τῆς
2996 3038 3389 3111 ἀντικειμένης
3433 3038 3545 3093 τῶν
3607 3038 3717 3110 τὴν

2071 3129 2089 3152 ¹
2122 3129 2392 3201 πονηρίαν
2433 3127 2734 3198 φιλούντων
2790 3128 3029 3200 σπουδῆς
3065 3146 3125 3183 τε
3154 3131 3251 3184 καὶ
3293 3130 3568 3201 μηχανῆς,
3612 3134 3718 3186 καὶ

2120 3222 2333 3293 σεαυτῷ
2381 3222 2562 3285 λύπας
2603 3222 2897 3293 προξενῇς,
2924 3222 3021 3277 καὶ
3060 3226 3175 3288 τοῖς
3210 3225 3539 3297 πράγμασιν
3584 3225 3718 3280 ἀντὶ

2118 3313 2395 3384 ὠφελείας
2420 3312 2678 3385 ἀφορμὴν
2708 3312 2959 3385 παρέχῃς
2989 3313 3085 3367 ἐπὶ
3115 3314 3184 3367 τὰ
3211 3316 3385 3386 χείρω
3416 3314 3703 3386 προϊέναι.

2129 3405 2293 3461 ’Δλλὰ
2349 3404 2524 3458 ταῦτα
2576 3404 2863 3475 γράφομεν
2920 3403 2981 3468 ἐξ
3030 3396 3107 3458 ὧν
3154 3417 3250 3458 και
3299 3406 3462 3475 ἡμεῖς
3501 3407 3712 3478 πεῖραν

431 3500 787 3572 λαμϐάνομεν
838 3501 941 3573 τὴν
1016 3502 1116 3574 σὴν
1182 3502 1702 3574 ὑπομιμνήσκοντες
1770 3502 2010 3558 σύνεσιν.
2055 3503 2188 3572 Δοίη
2221 3501 2280 3556 δι
2346 3500 2480 3563 Θεὸς
2515 3500 2611 3553 ἐπὶ
2650 3500 2714 3552 τὸ
2744 3500 2973 3570 ἄμεινον
3004 3498 3186 3554 πάντα
3257 3499 3719 3571 μετασκευασθῆ-

431 3610 543 3658 ναι,
572 3593 667 3647 καὶ
705 3594 782 3659 ὡς
810 3595 877 3649 ἂν
987 3596 1070 3649 σοί
1126 3612 1185 3649 τε
1232 3594 1442 3651 ἄλυπον
1478 3596 1572 3648 καὶ
1628 3599 1742 3661 τοῖς
1789 3598 2003 3653 ἑκείνου
2043 3598 2341 3669 εὐάρεστον
2365 3593 2654 3667 κρίμασιν.

432 3705 670 3765 CXXVI.
711 3706 961 3785 Ignatio,
1012 3710 1134 3778 qui,
1167 3712 1432 3785 magister
1476 3712 1674 3785 fartus,
1718 3714 1775 3770 in
1824 3698 2022 3785 magno

773 3782 917 3851 Agre
948 3783 1295 3835 monasticam
1320 3784 1479 3837 vitam
1504 3784 1668 3856 degit.

508 3916 571 3972 Et
614 3931 762 3972 nunc
807 3927 862 3972 et
903 3918 1058 3987 prius
1107 3933 1361 3989 magnam
1409 3934 1629 3988 semper
1675 3920 2021 3991 percepimus

2195 3712 2388 3781 PKQ".
2426 3711 2699 3785 Ἶγκατίῳ
2721 3712 3038 3785 μᾳγίστρῳ
3055 3712 3351 3785 γεγόνοτι,
3367 3712 3719 3785 partimur“

2509 3782 2580 3836 δι
2613 3782 2686 3837 ἐν
2724 3780 3319 3854 τῶΜεπλάλφᾺπῖῷ.

2194 3912 2305 3971 καὶ
2350 3915 2447 3970 νῦν
2471 3917 2567 3971 καὶ⁸
2603 3916 2872 3988 πρότερον
2905 3918 3158 3990 μεγάλην
3193 3918 3499 3991 εὑρηκότες
3528 3920 3712 3991 παρά-

430 4011 869 4068 consolationem
911 4026 977 4065 ex
1008 4010 1230 4077 litteris,
1256 4026 1396 4078 quas
1428 4011 1496 4066 ad
1535 4028 1635 4069 nos
1662 4022 2015 4085 peceatorum

2121 4009 2319 4081 κλησιν
2357 4011 2423 4061 ἐκ
2449 4008 2560 4061 τῶν
2584 4010 2935 4080 γραμμάτων
2966 4012 3070 4081 τῆς
3102 4010 3262 4082 ὑμῶν
3292 4014 3579 4083 ὁσιότητος
3601 4013 3716 4069 τῶν

434 4119 598 4161 causa
631 4103 918 4159 tribulatos
956 4104 1261 4158 reverentia
1290 4114 1466 4158 vestra
1498 4103 1669 4169 misit,
1699 4115 1753 4160 et
1779 4104 1888 4159 Deo
1914 4105 2014 4160 bo-

2120 4100 2211 4156 διά
2228 4102 2329 4165 τὰς
2357 4101 2635 4171 ἁμαρτίας
2669 4102 2829 4173 ἡμῶν
2888 4103 3233 4173 συνεχόντων
3282 4106 3457 4175 ἡμᾶς,
3491 4106 3717 4177 εὐχαρι-

432 4214 631 4254 norum
663 4199 910 4253 omnium
937 4197 1117 4252 datori
1151 4199 1357 4266 gratias
1392 4195 1704 4262 referimus,
1733 4198 1879 4269 quod
1922 4214 2015 4257 ve-

2123 4191 2283 4246 στίαν
2316 4191 2395 4261 τῷ
2432 4192 2619 4263 δοτῆρι
2662 4193 2773 4247 τῶν
2797 4193 3022 4262 ἀγαθῶν
3047 4192 3170 4263 Θεῷ
3198 4195 3617 4267 άνεπέμψαμεν,
3654 4196 3716 4261 ὃς

435 4305 593 4353 ram,
644 4288 917 4344 sinceram
973 4293 1028 4342 et
1074 4285 1418 4356 spiritualem
1470 4283 1794 4342 charitatem
1854 4284 2015 4342 nobis

2124 4286 2224 4359 τὴν
2247 4286 2467 4357 άληθῶς
2492 4287 2766 4358 εἰλικρινῆ
2798 4289 2896 4342 καὶ
2926 4290 3315 4359 πνευματικὴν
3342 4290 3571 4359 ἀγάπην
3595 4289 3716 4344 δια·

433 4382 753 4440 servaverit.
803 4378 1064 4436 Homines
1107 4378 1256 4434 enim
1312 4377 1427 4435 fere
1493 4394 1686 4436 omnes
1732 4380 2015 4450 promissis

2127 4383 2431 4451 τετήρηκεν
2472 4382 2632 4449 ἡμῖν,
2674 4381 2865 4451 σχεδὸν
2903 4380 3127 4436 πάντων
3149 4382 3265 4436 ὅσοι
3298 4382 3509 4453 ταύτην
3536 4383 3716 4456 ιπηγ-

431 4477 549 4532 suis
594 4489 704 4532 non
757 4480 1048 4530 steterunt.
1087 4470 1243 4539 Quod
1275 4486 1406 4526 vero
1442 4470 1558 4541 jam
1596 4470 1732 4536 dixi,
1778 4472 2015 4542 teipsum

2126 4474 2385 4541 γέλλοντο
2426 4474 2562 4543 πρὸς
2597 4475 2746 4544 ἡμᾶς
2780 4472 3087 4541 κεκτῆσθαι
3107 4474 3209 4544 τῆς
3260 4474 3443 4531 αὐτῶν
3489 4476 3716 4531 tum»

432 4567 780 4625 conservavit
806 4566 964 4621 nobis
990 4565 1157 4630 Deus,
1189 4564 1286 4633 qui
1321 4575 1373 4619 et
1397 4562 1815 4635 perfectissime
1843 4564 2022 4621 virtu-

435 4661 506 4717 tis
535 4659 819 4729 exemplar
848 4658 1156 4728 proposuit,
1195 4657 1356 4713 nobis
1394 4668 1583 4713 autem
1628 4672 1888 4729 magnum
1920 4660 2022 4713 tri-

437 4754 554 4809 hult
589 4754 846 4809 solatium
890 4753 947 4807 in
985 4752 1071 4810 his
1103 4767 1286 4807 rerum
1338 4751 1635 4823 angustiis.
1680 4752 1816 4820 Quae
1847 4767 2015 4823 porro

432 4848 501 4902 tle
553 4845 797 4903 Ecclesia
852 4844 944 4899 Dei
986 4852 1337 4916 peramanter
1379 4844 1597 4910 tribuit,
1644 4846 1920 4917 sagaciter
1965 4854 2021 4901 et

432 4939 710 5009 eleganter
740 4950 1160 4999 commemoras,
1187 4934 1304 4991 hzc
1335 4935 1474 4990 scito
1506 4936 1668 4992 nobis
1689 4934 2018 5006 jamdudum

434 5031 489 5087 in
521 5031 661 5085 votis
687 5038 741 5085 et
768 5029 822 5083 in
852 5029 1049 5098 coeptis
1072 5042 1230 5093 esse;
1261 5036 1662 5095 verumtamen,
1688 5027 1779 5083 hic
1802 5043 2023 5100 quoque

440 5134 632 5175 contra
680 5137 765 5175 me
798 5122 1094 5190 insurgunt
1132 5133 1352 5191 semper
1385 5129 1634 5189 peccata,
1673 5128 1728 5175 et
1758 5136 1787 5174 a
1820 5135 2023 5192 propo-

435 5216 545 5270 sito
574 5213 920 5269 aberramus.
953 5212 1057 5279 Qui
1096 5212 1243 5266 enim
1277 5212 1335 5266 in
1364 5210 1667 5268 Ecclesiam
1703 5212 1797 5267 Dei
1824 5227 2019 5283 pecca-

435 5314 657 5371 verunt,
684 5305 882 5358 nedum
917 5303 1197 5374 propriam
1222 5301 1457 5358 deﬂeant
1486 5303 1767 5359 miseriam
1810 5312 1866 5358 et
1899 5318 2020 5358 ma-

438 5399 617 5452 lorum
662 5396 1087 5467 profunditatem
1137 5395 1380 5451 sentiant
1425 5395 1496 5450 ob
1544 5394 1843 5451 Ecclesiam
1880 5394 2022 5451 male

440 5476 734 5559 proditam,
776 5488 989 5557 seipsos
1017 5488 1199 5558 potius
1225 5498 1457 5559 purgant
1476 5486 1686 5541 diversa
1716 5496 2024 5558 praetexen-

440 5594 545 5644 tes,
578 5594 771 5638 etnon
810 5582 989 5638 solum
1044 5580 1371 5637 humilitatis
1418 5578 1588 5633 colles
1634 5594 1743 5633 non
1792 5579 2022 5641 adeunt,

441 5678 535 5731 sed
560 5676 614 5730 in
640 5685 854 5731 montes
877 5675 1038 5731 etiam
1065 5672 1334 5742 superbia)
1355 5671 1678 5727 ascendunt.
1712 5671 1790 5726 llli
1815 5683 2021 5735 autem,

444 5770 537 5839 qui
588 5777 810 5839 propter
858 5768 1061 5825 bonum
1108 5764 1365 5822 Ecclesia:
1408 5773 1607 5823 statum
1654 5763 1825 5819 multa
1874 5764 2021 5833 passi

2125 4566 2441 4629 θεινομένων
2470 4566 2836 4635 ἐπαγγελίας.
2877 4565 3015 4620 Ἀλλ’
3051 4568 3200 4639 ὅπερ
3229 4566 3391 4639 ἔφην,
3420 4568 3483 4623 σε
3516 4568 3715 4638 διεφύ-

2122 4657 2286 4722 λαξεν
2330 4660 2463 4728 ἡμῖν
2507 4659 2536 4710 ὁ
2581 4657 2806 4725 ἀγαθὸς,
2864 4658 2985 4726 ἅμα
3039 4657 3142 4728 μὶν
3202 4658 3302 4730 τὴν
3361 4658 3717 4730 τελειοτάτην

2122 4752 2330 4821 ἀρετὴν
2371 4752 2485 4815 τοῖς
2518 4750 2814 4821 μιμεῖσθαι
2851 4752 2923 4804 τά
2972 4749 3121 4806 καλὰ
3150 4749 3508 4822 βουλομένοις
3532 4751 3715 4820 παρά·

2122 4839 2325 4911 δειγμα
2390 4840 2696 4912 προτιθεὶς,
2763 4839 2882 4910 ἅμα
2934 4838 2993 4893 δὲ
3048 4837 3144 4894 καὶ
3180 4839 3316 4910 ἡμῖν
3370 4840 3432 4894 ιν
3482 4838 3713 4908 τοιούτῳ

2122 4932 2308 5005 καιρῷ
2343 4933 2490 5004 μέγα
2534 4931 2890 5003 παραμύθιον
2943 4931 3329 5003 χαρισαμένης
3393 4930 3505 4985 τῶν
3558 4946 3706 5001 περι-

2126 5024 2520 5096 στοιχισάντων
2558 5022 2859 5094 ὀδυνηρῶν.
2895 5023 2965 5077 ’Δ
3007 5021 3066 5075 δὲ
3114 5021 3376 5094 περὶτῆς
3423 5020 3522 5077 τοῦ
3574 5019 3712 5076 Θεοῦ

2136 5114 2469 5187 Ἐκκλησίας
2529 5114 2713 5179 καλῶς
2760 5113 2857 5169 καὶ
2904 5112 3187 5185 φρονίμως
3251 5113 3349 5167 καὶ
3395 5111 3566 5179 ἀξίως
3613 5112 3713 5183 τῆς

2127 5209 2229 5279 σῆς
2282 5208 2576 5271 εὐλαϐείας
2641 5206 2995 5279 ὑπέμνησας,
3051 5204 3292 5275 γίνωσκε
3338 5203 3516 5259 ταῦτα
3579 5204 3712 5276 ἡμῖν

2123 5302 2213 5355 διὰ
2247 5300 2460 5371 πολλῆς
2493 5300 2735 5370 ὶφέσεως
2781 5297 2843 5364 ἐξ
2875 5298 3051 5371 ἀρχῆς
3086 5296 3184 5352 καὶ
3242 5297 3483 5366 σπουδῆς
3537 5296 3712 5366 ὕπάΡ·

2124 5411 2264 5465 χειν.
2309 5393 2449 5449 Ἀλλ’
2481 5394 2558 5457 ὡς
2594 5391 2777 5447 ἔοικεν
2830 5392 2927 5445 καὶ
2976 5390 3216 5444 ἐνταῦθα
3241 5389 3386 5443 κατὰ
3412 5389 3711 5461 πρόσωπον

2125 5485 2544 5556 ἀνθισταμένων
2589 5502 2683 5554 μοι
2716 5482 2825 5537 τῶν
2857 5482 3167 5552 ἁμαρτιῶν,
3222 5480 3581 5551 διαμαρτάνω
3611 5479 3711 5548 τῆς

2127 5580 2457 5648 ἐπιθυμίας.
2498 5578 2624 5631 Τῶν
2687 5577 2787 5648 μὲν
2836 5577 2948 5647 γὰρ
3001 5575 3408 5647 ἡμαρτηκότων
3474 5575 3553 5635 είς
3611 5570 3710 5641 τὴν

2124 5669 2219 5724 τοῦ
2255 5668 2392 5723 Θεοῦ
2424 5670 2781 5738 Ἐκκλησίαν,
2827 5669 2951 5723 ἀντὶ
3010 5668 3110 5737 τῆς
3162 5666 3258 5719 ἰπὶ
3289 5664 3366 5733 τῷ
3402 5665 3709 5732 πταίσματι

2131 5760 2504 5831 κατανύξεως,
2538 5762 2631 5817 καὶ
2660 5762 2760 5833 τῆς
2792 5760 2899 5817 τῶν
2931 5760 3121 5819 κακῶν
3151 5756 3583 5829 συναισθήσεως,
3607 5756 3706 5808 ὅσα
