4068 6176
291 287 423 350 345

1788 297 2202 359 EPISTOLE.
2244 334 2248 337 -

3478 300 3584 365 346

288 401 413 468 τὴν
487 398 823 468 Ἐκκλησίαν
854 402 1123 458 κατέλαϐε
1164 404 1255 458 διὰ
1310 404 1405 460 τοῦ
1455 405 1749 478 προδοῦναι
1773 409 1895 462 τού-

2009 421 2158 478 sunt,
2192 420 2245 465 et
2274 410 2563 482 patiuntur
2606 410 2763 466 dictae
2792 410 3018 467 rationis
3063 424 3225 466 causa
3254 411 3320 466 ad
3369 413 3583 467 miseri-

285 508 440 555 τους
498 492 595 561 τὴν
633 491 736 563 τῆς
763 492 1100 564 Ἑκκλησίας
1144 497 1506 564 κατάστασιν,
1556 497 1760 569 μᾶλλον
1820 500 1903 553 δι·-

287 585 496 649 κιίως
531 584 819 656 νομίζουσι
846 587 1264 657 προτεινόντων,
1294 590 1387 643 καὶ
1432 590 1494 644 ού
1530 591 1693 660 μόνον
1721 591 1785 643 ού
1811 608 1902 645 τα-

286 678 726 745 πεινουμένων,
769 678 907 732 ἀλλά
938 680 1034 733 καὶ
1061 681 1238 749 ὀφρὺν
1268 681 1635 750 ἐπαιρόντων.
1661 684 1785 737 Τῶν
1842 684 1901 739 δὲ

286 768 465 837 ὑπὲρ
513 769 615 839 τῆς
642 769 1116 840 ἐκκλησιαστικῆς
1145 772 1407 838 εὐταξίας
1449 774 1603 828 δεινά
1632 775 1903 829 πεπονθό-

285 876 448 922 των,
492 860 590 913 καὶ
632 860 812 925 ἄλλως
864 862 966 933 μὲν
1017 864 1499 937 σκληρυνομένων,
1556 867 1791 938 μάλιστα
1842 868 1898 921 δὲ

282 949 368 1004 δι’
400 954 484 1024 ἢν
517 954 655 1023 έφην
686 956 871 1010 αίτίαν
901 956 1150 1025 εὐλόγως
1179 957 1585 1013 ἀποκλειόντων
1613 958 1801 1022 αὐτοῖς
1830 959 1899 1012 τά

285 1043 609 1115 σπλάγχνα
659 1047 765 1118 τῆς
808 1049 1182 1119 συμπαθείας,
1228 1050 1310 1114 είς
1366 1050 1609 1123 ἀπορίαν
1661 1050 1899 1121 ισχάτην

284 1134 657 1207 καθέστηκα.
688 1138 784 1192 καὶ
815 1138 1023 1208 μεταξὺ
1050 1140 1278 1194 ἑκείνων
1316 1158 1376 1194 τε
1403 1141 1502 1196 καὶ
1534 1141 1746 1194 τούτων
1785 1138 1896 1193 ῶσ-

284 1244 416 1298 περ
444 1230 508 1282 ὲν
538 1228 896 1301 ἀδιεξοδεύτῳ
936 1229 1170 1300 πελάγει
1199 1231 1556 1304 χειμάξομαι,
1608 1231 1745 1303 πρὸς
1807 1234 1898 1303 μό-

283 1337 404 1391 νην
438 1320 667 1392 ἀφορῶν
703 1322 803 1392 τὴν
834 1323 985 1377 θείαν
1016 1326 1276 1395 πρόνοιάν
1322 1342 1380 1378 τε
1413 1325 1507 1380 καὶ
1540 1325 1892 1398 κυδέρνησιν,

285 1411 401 1463 καὶ
460 1412 561 1482 τὴν
620 1413 835 1467 ἐκεῖθεν
893 1415 1182 1486 ἀναμένων
1241 1415 1513 1486 βοήθειαν,
1562 1415 1659 1470 ἅτε
1710 1417 1893 1487 πάσης

284 1500 670 1572 ἀνθρωπίνης
696 1504 981 1575 περινοίας
1011 1507 1095 1569 είς
1124 1507 1186 1560 τδ
1223 1505 1430 1578 ἀπορον
1454 1505 1886 1577 καθισταμένης.

285 1590 376 1646 Τὸ
451 1594 565 1665 γὰρ
620 1596 946 1650 καταλιπεῖν
1005 1599 1138 1663 τοὺς
1186 1599 1448 1665 οἰκείους,
1483 1601 1577 1653 καὶ
1612 1597 1753 1669 μετὰ
1784 1598 1893 1653 τῶν

284 1685 453 1747 τέως
494 1687 753 1741 ὶναντίων
786 1688 1067 1755 γενέσθαι,
1100 1691 1411 1763 ἀμήχανοντ
1472 1691 1570 1745 καὶ
1605 1688 1745 1760 μετὰ
1798 1688 1892 1744 τοῦ

2008 504 2254 559 cordiam
2283 503 2626 576 moverijnon
2646 513 2911 573 possunt;
2936 504 3017 559 sic
3041 503 3352 573 ingentibus
3365 520 3585 575 premor

2004 596 2297 665 angustiis,
2319 597 2421 651 hos
2446 597 2586 651 inter
2601 606 2655 651 et
2680 597 2803 652 illos
2822 596 2990 651 veluti
3012 596 3066 651 itt
3087 596 3394 665 procelloso
3408 598 3585 667 jactor

2008 687 2169 755 mari,
2206 688 2271 741 ad
2310 687 2486 742 solam
2532 687 2772 743 divinam
2814 688 3057 743 intentus
3090 687 3494 742 Providentiam
3530 699 3586 743 et

2007 778 2458 850 gubernatimtetn
2491 794 2901 850 supernumque
2936 779 3182 833 bumanii
3205 780 3400 833 consili
3428 779 3587 845 plane

2008 871 2166 940 inops
2208 878 2465 940 exspecto
2520 869 2812 925 auxilium.
2850 869 3112 940 Pmprios
3155 872 3302 925 enim
3344 870 3583 925 derelin-

2006 977 2178 1032 quere
2224 970 2277 1017 et
2327 962 2393 1016 ad
2430 962 2778 1018 adversarios
2824 964 3062 1017 transire
3106 979 3212 1017 non
3256 978 3579 1032 possumus;

2007 1052 2111 1109 etsi
2133 1067 2221 1106 res
2244 1052 2359 1108 lieri
2393 1063 2599 1124 posset,
2629 1054 2855 1108 omnino
2877 1062 3055 1108 tamen
3082 1055 3376 1109 absurdum
3409 1055 3581 1121 foret;

2008 1140 2086 1196 illi
2131 1140 2276 1195 enim
2308 1140 2515 1195 nostris
2550 1155 2657 1196 non
2691 1141 2914 1195 aderent
2945 1142 3148 1205 verbis,
3196 1150 3250 1195 et
3290 1158 3415 1195 cum
3457 1141 3581 1195 aliis

2006 1234 2325 1290 societatem
2350 1234 2487 1287 inire
2509 1242 2848 1289 recusarent.
2871 1232 3011 1299 Quid
3038 1233 3205 1303 igitur
3229 1232 3536 1289 iaciendum
3557 1232 3583 1286 ί

2008 1322 2225 1380 Sanctis
2251 1323 2506 1394 precibus
2535 1324 2733 1379 vestris
2761 1320 3060 1377 ferventius
3108 1321 3375 1377 intentius
3427 1322 3577 1376 illum

2005 1415 2289 1481 adeamus,
2333 1413 2427 1483 qui
2458 1414 2756 1470 Ecclesiam
2784 1428 2887 1469 suo
2918 1413 3183 1485 sanguine
3213 1413 3479 1474 fundavit.
3520 1421 3579 1468 ut

2003 1505 2370 1575 investigabili
2414 1507 2657 1562 scientia
2698 1514 2755 1562 et
2803 1506 3085 1577 sapientiae
3141 1506 3229 1561 via
3285 1520 3476 1561 omnes
3521 1504 3577 1559 in

2002 1611 2169 1651 unum
2214 1595 2525 1665 compellat.
2564 1595 2710 1651 Idem
2762 1595 2897 1651 dare
2938 1605 3117 1665 potest
3146 1594 3311 1649 tantis
3351 1609 3383 1648 e
3419 1592 3578 1648 malis

2003 1688 2414 1750 liberationem,
2480 1697 2672 1742 contra
2729 1702 2850 1759 qua:
2892 1696 3116 1757 propter
3160 1687 3461 1741 certamina
3523 1692 3578 1738 ct

284 1778 627 1848 ἀμηχάνου,
659 1779 944 1845 παντελῶς
994 1783 1217 1837 ἄτοπον.
1263 1783 1336 1836 Τὸ
1376 1782 1433 1837 δὲ
1474 1782 1550 1853 μὴ
1605 1780 1893 1853 βούλεσθαι

2000 1779 2147 1835 rixas
2180 1780 2366 1835 omnia
2389 1779 2674 1834 hominum
2706 1779 2947 1835 remedia
2984 1794 3123 1833 vana
3161 1779 3337 1833 video.

286 1867 479 1921 πάλιν
514 1867 740 1933 τούτους
798 1870 879 1940 τῷ
923 1872 1180 1943 ἡμετέρῳ
1240 1873 1526 1927 πείθεσθαι
1569 1872 1737 1943 λόγῳ,
1784 1872 1885 1941 τῆς
1926 1870 2064 1942 πρὸς
2130 1869 2373 1934 έκείνους
2434 1870 2691 1941 ἀπείργει
2736 1869 2830 1923 καὶ
2897 1870 2974 1941 μὴ
3010 1868 3367 1939 βουλομένους
3392 1868 3579 1937 ἑνότη-

284 1970 420 2023 τος.
454 1959 522 2014 Τί
571 1960 667 2014 οὖν
717 1961 801 2015 δεῖ
836 1966 1011 2016 ποιεῖν
1047 1981 1064 2032 ;
1101 1967 1173 2019 Ἦ
1208 1966 1595 2037 ἐκτενέστερον
1642 1964 1737 2021 διὰ
1807 1964 1919 2018 τῶν
1955 1964 2118 2018 ὁσίων
2177 1963 2336 2034 ὑμῶν
2390 1963 2569 2032 εύχῶν
2655 1963 2980 2030 δυσωπῆσαι
3046 1964 3139 2017 τὸν
3188 1964 3282 2017 ἐπὶ
3327 1964 3407 2034 τῷ
3452 1964 3570 2034 ἰδίῳ

285 2051 506 2121 αἵματι
536 2052 638 2123 τὴν
661 2053 829 2107 αὐτοῦ
871 2056 1205 2127 Ἐκκλησίαν
1233 2056 1649 2128 θεμελιώσαντα
1716 2055 2054 2127 συμϐιϐάσαι
2120 2054 2328 2117 πάντας
2354 2057 2421 2125 τῇ
2466 2053 2867 2127 ἀνεξιχνιάστῳ
2925 2054 3092 2109 αὐτοῦ
3136 2054 3234 2109 καὶ
3267 2055 3564 2129 ύπερσόφῳ

292 2144 558 2205 συνέσει.
591 2147 684 2199 καὶ
714 2145 792 2209 ὡς
835 2147 1001 2212 αὐτὸς
1075 2148 1371 2203 ἐπίσταται
1430 2149 1529 2203 τοῦ
1602 2145 1861 2202 τοσούτου
1925 2144 2099 2200 κακοῦ
2160 2146 2262 2215 τὴν
2311 2144 2467 2199 λύσιν
2498 2150 2830 2218 παρασχεῖν,
2881 2145 2956 2210 ὡς
3001 2147 3071 2201 τά
3127 2163 3191 2216 γε
3248 2146 3573 2220 ἀνθρώπινα

287 2235 494 2289 πάντα
538 2233 651 2305 δρῶ
695 2232 987 2306 ήττώμενα
1033 2237 1134 2309 τῆς
1173 2237 1357 2292 αὐτῶν
1400 2234 1733 2307 φιλονεικίας
1789 2234 1887 2288 καὶ
1925 2233 2327 2305 προαιρέσεως.

371 2352 561 2409 PKZ'.
602 2346 813 2403 Λέοντι
853 2352 1173 2439 σκαθαροίῳ
1220 2352 1321 2408 καί
1368 2351 1543 2423 κριτῇ
1578 2352 1900 2421 Παφλαγο-

1045 2440 1207 2490 νίας.

386 2518 567 2573 Οὐδὲν
622 2517 769 2573 οὕτω
817 2516 994 2588 δῶρον
1021 2516 1125 2587 ἡδὺ
1156 2519 1272 2581 τοῖς
1306 2516 1611 2587 ήνωμένοις
1648 2517 1717 2588 τῇ
1754 2514 1898 2569 κατὰ

302 2612 453 2665 Θεδν
488 2610 702 2682 ἀγάπῃ,
732 2611 920 2663 ὁποῖον
952 2608 1015 2662 τὸ
1046 2608 1175 2671 τοὺς
1210 2606 1546 2677 ἀγαπῶντας
1586 2604 1895 2676 ἀναμαθεῖν

294 2705 418 2758 τῶν
480 2702 873 2773 ἀγαπωμένων
922 2701 1024 2772 τὴν
1080 2699 1392 2773 εὐετηρίαν.
1448 2699 1638 2767 Τούτῳ
1696 2697 1760 2771 δὴ
1814 2696 1894 2766 τῷ

300 2797 592 2865 καλλίστῳ
647 2796 807 2865 δώρῳ
860 2793 957 2848 καὶ
995 2792 1269 2864 ήδυτάτῳ,
1306 2792 1403 2845 καὶ
1442 2791 1754 2862 ἡδύνθημεν
1795 2790 1893 2844 καὶ

298 2888 651 2959 ἡδυνόμεθα,
693 2889 788 2939 καὶ
852 2885 1089 2957 δεόμεθα
1119 2883 1217 2939 τοῦ
1266 2885 1403 2938 Θεοῦ
1463 2885 1737 2956 μηδέποτε
1791 2882 1893 2952 τὴν

298 2982 573 3050 τοιαύτην
626 2980 822 3050 ἡδονὴν
875 2976 1179 3047 ἐπιλείψειν
1231 2979 1401 3047 ἡμᾶς.
1443 2977 1608 3033 Ἠδέα
1656 2976 1714 3031 δὲ
1760 2977 1893 3045 ἡμῖν

300 3076 402 3127 καὶ
432 3071 474 3127 ἃ.
510 3070 854 3126 πλεονεκτῶν
891 3069 960 3124 τὰ
1020 3068 1298 3140 προϐάτια
1353 3069 1507 3140 δῶρα
1540 3066 1889 3129 ἀπέστειλας,

1999 2346 2267 2405 CXXVII.
2323 2347 2487 2405 Leoni
2538 2350 2814 2420 spat/iaria
2858 2361 2907 2405 ει
2954 2349 3343 2422 Paphlagonia:
3380 2350 3579 2421 iudici.

2068 2514 2457 2571 Duicissimum
2504 2516 2557 2570 id
2608 2516 2826 2571 videtur
2868 2531 3071 2571 munus
3121 2515 3231 2571 illis
3260 2516 3355 2586 qui
3390 2514 3582 2570 divino

1995 2604 2285 2660 charitatis
2320 2603 2540 2659 vinculo
2561 2604 2890 2676 junguntur,
2938 2606 3099 2676 cujus
3127 2607 3286 2662 venia
3329 2616 3581 2661 amantes

1992 2708 2297 2753 amatorum
2333 2696 2648 2752 felicitatem
2691 2699 2897 2767 experti
2946 2708 3078 2753 sunt
3122 2698 3271 2755 :ltoc
3308 2699 3453 2755 enim
3499 2701 3580 2752 lo-

1991 2790 2245 2860 cupletati
2306 2807 2532 2846 munere
2576 2790 2948 2861 jucundamur
3005 2792 3241 2847 invicem
3301 2801 3357 2847 ct
3408 2793 3577 2848 Deum

1990 2882 2374 2952 deprecamur,
2414 2899 2480 2938 ne
2509 2900 2749 2953 unquam
2808 2885 2897 2939 illa
2945 2900 2974 2938 a
3024 2884 3185 2939 nobis
3226 2885 3446 2938 recedat
3486 2885 3579 2953 juo

1993 2974 2267 3029 conditas.
2308 2974 2441 3042 Qua:
2469 2992 2631 3045 porro
2666 2976 3042 3031 munillcentia
3077 2976 3235 3030 nobis
3274 2976 3424 3031 misit
3456 2993 3578 3030 mu.

1994 3080 2127 3121 nera
2158 3067 2340 3130 ovilla,
2374 3066 2589 3121 fuerunt
2626 3083 2780 3135 teque
2809 3067 3011 3122 dulcia.
3044 3068 3239 3122 Annon
3272 3067 3440 3122 nimia
3477 3069 3574 3123 tibi

300 3167 407 3219 καὶ
449 3163 628 3217 ταῦτα
660 3162 857 3234 κριτὴς
890 3159 966 3215 ὢν
1024 3138 1121 3216 καὶ
1149 3160 1251 3230 τὴν
1306 3138 1627 3225 πλεονεξίαν
1660 3159 1895 3227 ὀφείλων

2003 3159 2216 3215 videtur
2262 3159 2570 3229 benignitas
2616 3175 2749 3215 oves
2796 3160 2909 3214 fetu
2965 3160 3185 3225 orbari,
3237 3171 3297 3214 ut
3350 3175 3460 3216 non
3520 3170 3577 3214 ιιι

299 3255 557 3310 διώκειν.
600 3254 674 3306 Ἦ
697 3254 760 3308 οὐ
783 3253 936 3307 δοκεῖ
970 3269 1055 3305 σοι
1090 3252 1443 3307 πλεονεκτεῖν
1471 3252 1533 3305 τὺ
1560 3251 1691 3315 τοὺς
1721 3250 1894 3321 ἄρνας

300 3352 521 3420 τροφῆς
549 3347 906 3417 ἀποστερεῖν,
954 3345 1043 3399 ῖνα
1074 3344 1149 3416 μὴ
1192 3344 1360 3415 μόνον
1398 3344 1465 3399 σὺ
1496 3346 1732 3416 τρυφᾷς,
1760 3342 1899 3398 ἀλλὰ

306 3443 403 3495 καί
461 3443 575 3504 τοῖς
627 3437 806 3508 φίλοις
850 3436 1103 3512 παρέχῃς
1143 3436 1459 3509 συντρυφᾷν
1494 3452 1509 3502 ;
1553 3435 1703 3505 Πλὴν
1760 3433 1899 3488 ἀλλά

309 3533 407 3588 σοῦ
430 3549 495 3602 γε
519 3532 712 3585 ἓνεκεν
744 3530 919 3601 ἡδέως
942 3528 1269 3599 ἐδεξάμεθα·
1307 3529 1372 3583 σὺ
1404 3528 1463 3582 δὲ
1487 3529 1591 3600 δρα
1624 3528 1775 3591 ὅπως
1796 3526 1896 3581 καὶ

306 3628 414 3695 τὴν
450 3625 681 3678 ἐκείνων
722 3622 1044 3685 πλεονεξίαν
1074 3622 1478 3692 παραμυθήσῃ,
1525 3621 1619 3675 καὶ
1647 3620 1776 3684 τοὺς
1808 3618 1897 3689 φίο

307 3718 442 3780 λους
470 3719 584 3781 τοῖς
613 3715 880 3781 τοιούτοις
918 3714 1113 3787 δώροις
1148 3714 1228 3786 μὴ
1257 3713 1546 3787 διαλείπῃς
1576 3710 1897 3786 φιλοτιμούο

310 3826 503 3881 μενος.

664 3899 849 3955 PKH’.
884 3898 1182 3965 Βασιλεῖφ
1221 3896 1385 3953 Χαλδ
1388 3898 1409 3952 ί
1411 3914 1505 3963 ας.

386 4016 501 4070 Καὶ
526 4016 629 4086 τῆς
661 4015 800 4085 πρὸς
834 4015 984 4086 ἡμᾶς
1028 4014 1403 4084 συμπαθείας,
1444 4014 1514 4085 ἢν
1562 4011 1704 4066 ὥστε
1759 4011 1898 4082 μηδι

309 4110 610 4164 θλίδουσαν
645 4108 990 4177 ἀπαγγελίαν
1018 4111 1099 4172 είς
1126 4110 1300 4170 ἀκοὰς
1329 4107 1492 4178 ἡμῶν
1536 4105 1715 4161 ἐλθεῖν
1767 4103 1893 4159 Non

311 4202 408 4257 διὰ
440 4201 721 4273 προνοίας,
753 4205 814 4255 ιν
858 4201 1085 4272 μεγάλῳ
1132 4202 1290 4271 μέρει
1339 4201 1613 4271 ἀποδοχῆς
1663 4201 1897 4271 πεποιή-

314 4292 486 4364 μεθα,
527 4292 627 4347 καὶ⁵
651 4291 751 4355 τὰς
790 4292 1062 4364 ὑμετέρας
1092 4294 1151 4347 δὲ
1198 4292 1525 4363 ἀλγηδόνας,
1576 4292 1644 4359 ἃς
1685 4288 1839 4358 οὗτος
1869 4293 1897 4347 ό

311 4381 514 4453 πικρδς
572 4383 771 4454 καιρὸς
818 4384 915 4437 καὶ
982 4382 1204 4455 πλήρης
1262 4384 1403 4447 ὅλως
1472 4384 1583 4437 τῶν
1663 4382 1895 4453 θλίψεων

2000 3256 2152 3308 solus
2191 3253 2402 3309 deliciis
2421 3253 2632 3317 amnas,
2671 3254 2765 3309 sed
2798 3263 2853 3308 et
2896 3255 3199 3308 amicorum
3241 3253 3455 3307 deliciis
3497 3251 3581 3305 in-

2000 3345 2243 3400 servias?
2292 3346 2438 3415 quod
2477 3353 2660 3400 tamen
2706 3361 2815 3400 non
2853 3345 3066 3401 obstitit
3106 3344 3238 3414 quin
3280 3344 3357 3398 tui
3411 3359 3577 3397 causa

1999 3452 2123 3493 cum
2155 3441 2385 3493 maxima
2414 3438 2692 3509 voluptate
2720 3439 3129 3508 acceperimus;
3156 3438 3253 3491 tibi
3277 3445 3459 3490 autem
3495 3437 3581 3489 in-

1998 3529 2301 3597 quirendus
2352 3538 2440 3585 est
2490 3531 2724 3593 modus,
2793 3544 2904 3601 quo
2964 3529 3253 3584 avaritiam
3310 3538 3576 3596 contegas

1998 3630 2054 3677 et
2080 3622 2290 3679 amicos
2330 3622 2608 3680 similibus
2640 3622 2801 3678 donis
2847 3636 3127 3693 nunquam
3159 3619 3436 3692 percolere
3474 3618 3575 3674 de-

2326 3920 2617 3980 CXXVlll.
2656 3921 2861 3977 Basilio
2893 3919 3224 3977 Chatdiemi.

2070 4030 2230 4100 Quod
2288 4031 2525 4102 benigne
2566 4030 2745 4095 nobis,
2824 4039 2879 4085 et
2944 4029 3264 4100 priusquam
3334 4024 3574 4081 iniaus'a

2002 4125 2191 4179 nuntia
2223 4124 2290 4178 ad
2331 4138 2495 4179 aures
2538 4131 2759 4178 nostras
2788 4131 3171 4192 pervenerant,
3208 4117 3571 4173 maniiestasti

2003 4215 2263 4272 amicitiae
2316 4215 2513 4271 indicia
2540 4229 2803 4285 perquam
2839 4221 3054 4283 gratum
3096 4213 3254 4267 nobis
3286 4209 3406 4266 init.
3433 4209 3573 4265 Cum

2002 4319 2182 4363 autem
2220 4316 2344 4363 tuos
2378 4306 2742 4363 adversitates
2787 4305 3103 4371 didicimus,
3135 4317 3277 4375 quos
3318 4302 3574 4357 acerbum

2003 4401 2106 4457 hoc
2127 4410 2180 4455 et
2200 4400 2379 4455 omnis
2409 4400 2626 4471 generis
2664 4395 3113 4453 tribulationibus
3143 4395 3400 4450 refertum
3436 4401 3543 4447 tem

309 4475 449 4543 ἡμῖν
503 4475 810 4547 ιπεγείρει,
862 4476 923 4529 ιν
976 4473 1140 4548 ὀδύνῃ
1202 4475 1434 4545 καρδίας
1508 4474 1895 4546 μεμαθηκότες

2000 4508 2101 4562 pus
2117 4492 2388 4563 producit,
2406 4493 2459 4547 in
2478 4492 2658 4548 cordis
2678 4494 2992 4548 maestitiam
3013 4489 3321 4545 incidimus.
3338 4484 3427 4542 Uti
3446 4499 3577 4539 vero

309 4566 663 4638 ὑπέστημεν.
698 4567 812 4621 Καὶ
847 4566 1018 4636 πολλῇ
1075 4566 1440 4637 συσχεθέντος
1470 4565 1780 4638 ἀμηχανίᾳ,
1815 4567 1893 4631 ὡς

308 4662 373 4713 ιν
415 4658 670 4730 ἀπόροις,
706 4658 925 4730 πρῶτον
954 4659 1055 4730 μὲν
1091 4657 1171 4727 τῷ
1210 4658 1475 4729 κηδεμόνι
1534 4659 1631 4712 καὶ
1680 4658 1895 4729 Σωτῆρι

314 4750 415 4820 τὴν
445 4750 635 4820 κοινὴν
664 4749 1052 4820 ἀνηνέγκαμεν
1087 4748 1340 4819 συνοχὴν,
1371 4749 1462 4803 καὶ
1498 4748 1660 4803 αύτδν
1696 4748 1893 4819 ἐξῃτη-

315 4843 559 4913 σάμεθα.
589 4842 623 4913 ἢ
663 4841 851 4895 δοῦναι
901 4840 1014 4895 τῶν
1059 4841 1400 4911 συνεχόντων
1436 4840 1538 4911 τὴν
1570 4838 1747 4906 λύσιν,
1778 4837 1813 4909 ἢ
1846 4839 1896 4892 εί

316 4939 391 5007 μὴ
425 4934 587 4989 τοῦτο
619 4934 883 5003 βούλοιτο,
913 4929 996 4997 οἷς
1019 4931 1311 4987 ἐπίσταται
1336 4932 1696 5003 δικαιιῦμασι,
1718 4948 1897 5004 napa-

316 5031 465 5099 σχεῖν
520 5028 806 5097 ὑπομονὴν
843 5027 1034 5098 φέρειν
1064 5026 1431 5096 εὐχαρίστως,
1465 5024 1608 5080 ὥστε
1644 5024 1721 5096 μὴ
1755 5025 1898 5094 μετά

314 5120 409 5175 τοῦ
447 5122 687 5191 πάσχειν
718 5115 808 5174 οἷα
838 5122 1146 5189 πάσχομεν.
1174 5118 1272 5173 καὶ
1310 5120 1421 5172 τῶν
1470 5118 1570 5189 τῆς
1613 5117 1896 5190 ὑπομονῆς

315 5214 573 5267 ἐκπεσεῖν
632 5212 983 5267 ἀντιδόσεων.
1031 5209 1197 5265 Ἀλλά
1228 5210 1408 5265 ταῦτα
1456 5211 1555 5281 μὲν
1606 5211 1744 5280 πρὸς
1801 5210 1893 5265 τὸν

314 5304 702 5376 φιλάνθρωπον
753 5303 1057 5373 Δεσπότην·
1116 5302 1314 5358 ἔπειτα
1348 5303 1405 5356 δὲ
1439 5303 1536 5357 καὶ
1584 5304 1709 5356 ὅσον
1762 5304 1896 5374 ἡμῖν

313 5397 539 5451 δυνατὸν
582 5399 645 5451 ἐκ
684 5400 786 5467 τῆς
819 5398 878 5450 εν
907 5396 1102 5466 κόσμῳ
1144 5395 1398 5465 βοηθείας
1432 5396 1620 5451 ἄνεσιν
1675 5397 1896 5466 ἐπινοή-

315 5491 508 5545 σασθαι
555 5490 708 5557 ὑμῖν,
764 5488 884 5541 οὐδὲ
932 5485 1076 5556 α’ύτη
1122 5488 1180 5539 ἑν
1219 5486 1482 5559 ὀλιγωρίᾳ
1532 5487 1893 5559 ἀπέρριπται,

315 5584 425 5637 ἀλλ’
454 5582 785 5655 ᾐτησάμεθα
827 5582 904 5641 τῶ
933 5580 1227 5650 στρατηγῷ
1254 5582 1531 5651 γραφῆναι
1566 5582 1692 5645 τοὺς
1715 5582 1895 5634 ἐπιτι-

317 5674 577 5741 θεμένους
622 5676 746 5734 ταῖς
802 5672 896 5726 τοῦ
931 5671 1067 5725 Θεοῦ
1126 5670 1476 5741 Ἐκκλησίαις
1544 5673 1896 5727 ἀναστέλλειν

321 5768 414 5835 si;
446 5766 772 5829 ἐπιθέσεως,
801 5768 853 5818 αί
886 5765 937 5819 δὲ
962 5762 1093 5829 τῶν,
1117 5763 1190 5827 ὡς
1220 5762 1373 5835 ἔφης,
1397 5766 1687 5836 αίρετικῶν
1721 5768 1898 5832 γλωιμ

1996 4582 2238 4638 solemus
2290 4580 2472 4637 facere
2498 4582 2552 4636 in
2591 4580 2882 4651 angustiis,
2906 4591 3252 4635 communem
3274 4588 3574 4631 :erumnant

1995 4675 2176 4745 primo
2234 4673 2527 4728 retulimus
2574 4671 2643 4727 ad
2698 4680 3066 4742 protectorem
3121 4676 3179 4725 et
3239 4667 3573 4723 Salvatorem

1996 4766 2267 4830 omnium,
2316 4766 2498 4836 ipsum
2528 4763 2890 4835 deprecantes
2934 4770 2993 4819 ut
3029 4776 3129 4817 nos
3182 4765 3227 4827 af
3255 4758 3414 4815 malis
3442 4757 3578 4812 libe-

2001 4868 2107 4922 ret,
2147 4857 2255 4919 vel.
2288 4859 2333 4913 si
2358 4856 2545 4920 nollet,
2568 4857 2723 4926 juxta
2753 4855 3091 4926 beneplacita
3124 4862 3180 4909 et
3201 4850 3408 4923 judicia
3442 4864 3568 4914 sua,

1999 4950 2343 5022 patientiam,
2385 4949 2453 5004 ad
2491 4949 2635 5003 mala
2686 4965 2812 5004 cum
2860 4948 3159 5018 gratiarum
3210 4944 3424 5000 actione
3462 4956 3579 5012 pero

1999 5043 2244 5107 ferenda,
2283 5045 2444 5098 nobis
2484 5042 2786 5109 tribueret;
2821 5058 2888 5097 ne
2914 5042 3097 5096 forsan
3148 5040 3275 5094 dum
3316 5038 3576 5107 patimur,

1999 5136 2272 5207 patientiae
2331 5136 2835 5190 remunerationem
2903 5133 3306 5187 amitteremus.
3376 5128 3580 5183 Deinde

1999 5237 2164 5299 prout
2195 5231 2479 5298 potuimus
2505 5226 2889 5282 remissionem
2919 5224 3211 5293 quamdam
3254 5238 3319 5275 ex
3351 5220 3579 5277 saecula-

2001 5319 2154 5374 ribus
2203 5318 2425 5374 auxiliis
2469 5332 2794 5386 comparare
2836 5317 3193 5378 intendimus,
3231 5311 3375 5368 haud
3425 5326 3577 5380 sper-

2002 5412 2237 5466 nendam
2265 5452 2281 5476 ,
2332 5413 2424 5466 sed
2472 5412 2707 5467 militum
2747 5410 2941 5465 (lucem
2998 5408 3308 5479 rogavimus
3352 5416 3411 5461 ut
3458 5406 3576 5461 suis

2002 5506 2263 5560 scriberet
2325 5504 2589 5575 subjectis
2661 5514 2714 5560 et.
2778 5503 3120 5574 superposita
3179 5500 3268 5554 Dei
3321 5497 3578 5554 Ecclrsits

2001 5592 2261 5647 auferret.
2294 5593 2368 5647 De
2403 5595 2677 5662 perversis
2707 5604 2887 5648 autem
2920 5592 3300 5647 lia-.rcticorum
3327 5590 3576 5657 Linguis.

2004 5686 2083 5737 uti
2136 5686 2387 5748 mandas,
2423 5701 2526 5739 non
2566 5694 2649 5739 est
2678 5684 2994 5746 dolendum,
3026 5682 3154 5751 quia
3200 5683 3360 5736 ltnmo
3394 5681 3484 5733 Dei
3516 5697 3577 5738 ei

2004 5786 2055 5831 ct
2089 5774 2155 5829 ab
2192 5774 2344 5829 initio
2392 5774 2601 5844 lt-gilius
2643 5775 2812 5845 ipsius
2862 5773 3053 5830 scdulo
3084 5772 3353 5829 obcdiisti.
3394 5773 3574 5839 Quare
