  <div class='ocr_page' id='page_1' title='image "/cluster/home/n/w/nwhite01/storage/ocr_20150623/111/mdp.39015009379887/183.png"; bbox 0 0 4068 6176; ppageno 0'>
   <div class='ocr_carea' id='block_1_1' title="bbox 465 310 565 373">
    <p class='ocr_par' dir='ltr' id='par_1_1' title="bbox 465 310 565 373">
     <span class='ocr_line' id='line_1_1' title="bbox 465 310 565 373; baseline 0.01 -1"><span class='ocrx_word' id='word_1_1' title='bbox 465 310 565 373; x_wconf 77' lang='grc'><strong>351</strong></span> 
     </span>
    </p>
   </div>
   <div class='ocr_carea' id='block_1_2' title="bbox 1578 320 2603 386">
    <p class='ocr_par' dir='ltr' id='par_1_2' title="bbox 1578 320 2603 386">
     <span class='ocr_line' id='line_1_2' title="bbox 1578 320 2603 386; baseline 0.007 -7"><span class='ocrx_word' id='word_1_2' title='bbox 1578 320 1889 381; x_wconf 74' lang='lat' dir='ltr'><strong>NICOLAI</strong></span> <span class='ocrx_word' id='word_1_3' title='bbox 1929 323 2041 383; x_wconf 89' lang='lat' dir='ltr'><strong>CP.</strong></span> <span class='ocrx_word' id='word_1_4' title='bbox 2080 325 2603 386; x_wconf 71' lang='lat' dir='ltr'><strong>PA&#39;I‘RIARCH/E</strong></span> 
     </span>
    </p>
   </div>
   <div class='ocr_carea' id='block_1_3' title="bbox 3624 322 3732 387">
    <p class='ocr_par' dir='ltr' id='par_1_3' title="bbox 3624 322 3732 387">
     <span class='ocr_line' id='line_1_3' title="bbox 3624 322 3732 387; baseline 0 0"><span class='ocrx_word' id='word_1_5' title='bbox 3624 322 3732 387; x_wconf 73' lang='lat'><strong>352</strong></span> 
     </span>
    </p>
   </div>
   <div class='ocr_carea' id='block_1_4' title="bbox 463 422 2057 505">
    <p class='ocr_par' dir='ltr' id='par_1_4' title="bbox 463 422 2051 499">
     <span class='ocr_line' id='line_1_4' title="bbox 463 422 2051 499; baseline 0.008 -25"><span class='ocrx_word' id='word_1_6' title='bbox 463 436 642 492; x_wconf 66' lang='lat' dir='ltr'><strong>ignem</strong></span> <span class='ocrx_word' id='word_1_7' title='bbox 728 422 1064 480; x_wconf 70' lang='lat' dir='ltr'><strong>incedentes.</strong></span> <span class='ocrx_word' id='word_1_8' title='bbox 1127 425 1253 481; x_wconf 66' lang='lat' dir='ltr'><strong>Haec</strong></span> <span class='ocrx_word' id='word_1_9' title='bbox 1306 426 1434 481; x_wconf 90' lang='lat' dir='ltr'><strong>dum</strong></span> <span class='ocrx_word' id='word_1_10' title='bbox 1502 437 1740 485; x_wconf 90' lang='lat' dir='ltr'><strong>mentem</strong></span> <span class='ocrx_word' id='word_1_11' title='bbox 1792 431 2051 499; x_wconf 91' lang='lat' dir='ltr'><strong>subeunt,</strong></span> 
     </span>
    </p>
   </div>
   <div class='ocr_carea' id='block_1_5' title="bbox 2160 422 3735 505">
    <p class='ocr_par' dir='ltr' id='par_1_5' title="bbox 2160 433 3735 505">
     <span class='ocr_line' id='line_1_5' title="bbox 2160 433 3735 505; baseline 0.001 -17"><span class='ocrx_word' id='word_1_12' title='bbox 2160 434 2252 490; x_wconf 78' lang='grc' dir='ltr'><strong>καὶ</strong></span> <span class='ocrx_word' id='word_1_13' title='bbox 2284 436 2572 505; x_wconf 78' lang='grc' dir='ltr'><strong>στομάτων</strong></span> <span class='ocrx_word' id='word_1_14' title='bbox 2630 433 2836 504; x_wconf 88' lang='grc' dir='ltr'><strong>θηρίων</strong></span> <span class='ocrx_word' id='word_1_15' title='bbox 2865 433 3001 487; x_wconf 84' lang='grc' dir='ltr'><strong>Θεοῦ</strong></span> <span class='ocrx_word' id='word_1_16' title='bbox 3054 435 3325 505; x_wconf 78' lang='grc' dir='ltr'><strong>ῥυομένου</strong></span> <span class='ocrx_word' id='word_1_17' title='bbox 3367 433 3735 505; x_wconf 77' lang='grc' dir='ltr'><strong>θεράποντας.</strong></span> 
     </span>
    </p>
   </div>
   <div class='ocr_carea' id='block_1_6' title="bbox 465 515 2044 584">
    <p class='ocr_par' dir='ltr' id='par_1_6' title="bbox 465 515 2044 584">
     <span class='ocr_line' id='line_1_6' title="bbox 465 515 2044 584; baseline 0.008 -16"><span class='ocrx_word' id='word_1_18' title='bbox 465 531 665 584; x_wconf 74' lang='lat' dir='ltr'><strong>magno</strong></span> <span class='ocrx_word' id='word_1_19' title='bbox 699 515 828 569; x_wconf 88' lang='lat' dir='ltr'><strong>mihi</strong></span> <span class='ocrx_word' id='word_1_20' title='bbox 858 524 985 571; x_wconf 88' lang='lat' dir='ltr'><strong>sunt</strong></span> <span class='ocrx_word' id='word_1_21' title='bbox 1033 519 1232 572; x_wconf 85' lang='lat' dir='ltr'><strong>solatio</strong></span> <span class='ocrx_word' id='word_1_22' title='bbox 1256 526 1308 574; x_wconf 90' lang='lat' dir='ltr'><strong>et</strong></span> <span class='ocrx_word' id='word_1_23' title='bbox 1339 520 1581 576; x_wconf 87' lang='lat' dir='ltr'><strong>animum</strong></span> <span class='ocrx_word' id='word_1_24' title='bbox 1611 524 1867 579; x_wconf 84' lang='lat' dir='ltr'><strong>reddunt.</strong></span> <span class='ocrx_word' id='word_1_25' title='bbox 1920 523 2044 580; x_wconf 65' lang='lat' dir='ltr'><strong>Haec</strong></span> 
     </span>
    </p>
   </div>
   <div class='ocr_carea' id='block_1_7' title="bbox 461 606 2046 687">
    <p class='ocr_par' dir='ltr' id='par_1_7' title="bbox 461 606 2046 687">
     <span class='ocr_line' id='line_1_7' title="bbox 461 606 2046 687; baseline 0.01 -32"><span class='ocrx_word' id='word_1_26' title='bbox 461 620 558 659; x_wconf 81' lang='lat' dir='ltr'><strong>vos</strong></span> <span class='ocrx_word' id='word_1_27' title='bbox 586 619 828 674; x_wconf 81' lang='lat' dir='ltr'><strong>quoque,</strong></span> <span class='ocrx_word' id='word_1_28' title='bbox 879 606 973 660; x_wconf 86' lang='lat' dir='ltr'><strong>lilii</strong></span> <span class='ocrx_word' id='word_1_29' title='bbox 1008 608 1135 669; x_wconf 90' lang='lat' dir='ltr'><strong>mei,</strong></span> <span class='ocrx_word' id='word_1_30' title='bbox 1166 610 1446 667; x_wconf 76' lang='lat' dir='ltr'><strong>vobiscum</strong></span> <span class='ocrx_word' id='word_1_31' title='bbox 1481 622 1733 679; x_wconf 73' lang='lat' dir='ltr'><strong>reputate</strong></span> <span class='ocrx_word' id='word_1_32' title='bbox 1773 633 1786 669; x_wconf 86' lang='lat'><strong>:</strong></span> <span class='ocrx_word' id='word_1_33' title='bbox 1844 614 1888 668; x_wconf 88' lang='lat' dir='ltr'><strong>si</strong></span> <span class='ocrx_word' id='word_1_34' title='bbox 1920 630 2046 687; x_wconf 74' lang='lat' dir='ltr'><strong>gra-</strong></span> 
     </span>
    </p>
   </div>
   <div class='ocr_carea' id='block_1_8' title="bbox 462 699 2041 777">
    <p class='ocr_par' dir='ltr' id='par_1_8' title="bbox 462 699 2041 777">
     <span class='ocr_line' id='line_1_8' title="bbox 462 699 2041 777; baseline 0.009 -28"><span class='ocrx_word' id='word_1_35' title='bbox 462 714 554 754; x_wconf 81' lang='lat' dir='ltr'><strong>ves</strong></span> <span class='ocrx_word' id='word_1_36' title='bbox 596 699 733 753; x_wconf 82' lang='lat' dir='ltr'><strong>forte</strong></span> <span class='ocrx_word' id='word_1_37' title='bbox 763 700 1053 756; x_wconf 78' lang='lat' dir='ltr'><strong>inciderint</strong></span> <span class='ocrx_word' id='word_1_38' title='bbox 1082 705 1435 770; x_wconf 83' lang='lat' dir='ltr'><strong>tcntationes,</strong></span> <span class='ocrx_word' id='word_1_39' title='bbox 1468 707 1534 761; x_wconf 90' lang='lat' dir='ltr'><strong>ad</strong></span> <span class='ocrx_word' id='word_1_40' title='bbox 1569 724 1718 777; x_wconf 85' lang='lat' dir='ltr'><strong>spem</strong></span> <span class='ocrx_word' id='word_1_41' title='bbox 1760 710 2041 764; x_wconf 82' lang='lat' dir='ltr'><strong>meliorem</strong></span> 
     </span>
    </p>
   </div>
   <div class='ocr_carea' id='block_1_9' title="bbox 461 791 2043 861">
    <p class='ocr_par' dir='ltr' id='par_1_9' title="bbox 461 791 2043 861">
     <span class='ocr_line' id='line_1_9' title="bbox 461 791 2043 861; baseline 0.007 -16"><span class='ocrx_word' id='word_1_42' title='bbox 461 792 625 846; x_wconf 87' lang='lat' dir='ltr'><strong>corda</strong></span> <span class='ocrx_word' id='word_1_43' title='bbox 669 791 891 861; x_wconf 78' lang='lat' dir='ltr'><strong>erigite,</strong></span> <span class='ocrx_word' id='word_1_44' title='bbox 952 793 1111 848; x_wconf 84' lang='lat' dir='ltr'><strong>sicuti</strong></span> <span class='ocrx_word' id='word_1_45' title='bbox 1144 798 1466 853; x_wconf 84' lang='lat' dir='ltr'><strong>sacerdotali</strong></span> <span class='ocrx_word' id='word_1_46' title='bbox 1502 801 1803 854; x_wconf 72' lang='lat' dir='ltr'><strong>conditioni</strong></span> <span class='ocrx_word' id='word_1_47' title='bbox 1849 811 2043 856; x_wconf 61' lang='lat' dir='ltr'><strong>vestrae</strong></span> 
     </span>
    </p>
   </div>
   <div class='ocr_carea' id='block_1_10' title="bbox 462 880 2038 959">
    <p class='ocr_par' dir='ltr' id='par_1_10' title="bbox 462 880 2038 959">
     <span class='ocr_line' id='line_1_10' title="bbox 462 880 2038 959; baseline 0.009 -24"><span class='ocrx_word' id='word_1_48' title='bbox 462 880 883 949; x_wconf 56' lang='lat' dir='ltr'><strong>convenit;&#39;ita</strong></span> <span class='ocrx_word' id='word_1_49' title='bbox 941 886 1160 942; x_wconf 84' lang='lat' dir='ltr'><strong>fortiter</strong></span> <span class='ocrx_word' id='word_1_50' title='bbox 1235 888 1359 943; x_wconf 87' lang='lat' dir='ltr'><strong>illas</strong></span> <span class='ocrx_word' id='word_1_51' title='bbox 1409 891 1761 959; x_wconf 81' lang='lat' dir='ltr'><strong>superabitis.</strong></span> <span class='ocrx_word' id='word_1_52' title='bbox 1840 891 2038 949; x_wconf 78' lang='lat' dir='ltr'><strong>Multas</strong></span> 
     </span>
    </p>
   </div>
   <div class='ocr_carea' id='block_1_11' title="bbox 462 974 2048 1053">
    <p class='ocr_par' dir='ltr' id='par_1_11' title="bbox 462 974 2048 1053">
     <span class='ocr_line' id='line_1_11' title="bbox 462 974 2048 1053; baseline 0.006 -26"><span class='ocrx_word' id='word_1_53' title='bbox 462 976 609 1043; x_wconf 79' lang='lat' dir='ltr'><strong>enim</strong></span> <span class='ocrx_word' id='word_1_54' title='bbox 652 991 717 1029; x_wconf 78' lang='lat' dir='ltr'><strong>ex</strong></span> <span class='ocrx_word' id='word_1_55' title='bbox 765 974 871 1030; x_wconf 85' lang='lat' dir='ltr'><strong>Deo</strong></span> <span class='ocrx_word' id='word_1_56' title='bbox 902 976 1169 1033; x_wconf 81' lang='lat' dir='ltr'><strong>habemus</strong></span> <span class='ocrx_word' id='word_1_57' title='bbox 1198 981 1671 1050; x_wconf 89' lang='lat' dir='ltr'><strong>repromissiones,</strong></span> <span class='ocrx_word' id='word_1_58' title='bbox 1721 984 1815 1053; x_wconf 88' lang='lat' dir='ltr'><strong>qui</strong></span> <span class='ocrx_word' id='word_1_59' title='bbox 1858 984 2048 1037; x_wconf 89' lang='lat' dir='ltr'><strong>oculos</strong></span> 
     </span>
    </p>
   </div>
   <div class='ocr_carea' id='block_1_12' title="bbox 464 1068 2047 1141">
    <p class='ocr_par' dir='ltr' id='par_1_12' title="bbox 464 1068 2047 1141">
     <span class='ocr_line' id='line_1_12' title="bbox 464 1068 2047 1141; baseline 0.006 -22"><span class='ocrx_word' id='word_1_60' title='bbox 464 1082 614 1130; x_wconf 88' lang='lat' dir='ltr'><strong>suos,</strong></span> <span class='ocrx_word' id='word_1_61' title='bbox 676 1068 752 1121; x_wconf 91' lang='lat' dir='ltr'><strong>uti</strong></span> <span class='ocrx_word' id='word_1_62' title='bbox 807 1068 1044 1134; x_wconf 80' lang='lat' dir='ltr'><strong>confido,</strong></span> <span class='ocrx_word' id='word_1_63' title='bbox 1102 1079 1313 1125; x_wconf 84' lang='lat' dir='ltr'><strong>avertet</strong></span> <span class='ocrx_word' id='word_1_64' title='bbox 1362 1085 1391 1124; x_wconf 88' lang='lat' dir='ltr'><strong>a</strong></span> <span class='ocrx_word' id='word_1_65' title='bbox 1444 1073 1683 1141; x_wconf 83' lang='lat' dir='ltr'><strong>peccatis</strong></span> <span class='ocrx_word' id='word_1_66' title='bbox 1735 1072 1916 1138; x_wconf 82' lang='lat' dir='ltr'><strong>meis,</strong></span> <span class='ocrx_word' id='word_1_67' title='bbox 1980 1075 2047 1128; x_wconf 90' lang='lat' dir='ltr'><strong>ad</strong></span> 
     </span>
    </p>
   </div>
   <div class='ocr_carea' id='block_1_13' title="bbox 464 1159 2048 1234">
    <p class='ocr_par' dir='ltr' id='par_1_13' title="bbox 464 1159 2048 1234">
     <span class='ocr_line' id='line_1_13' title="bbox 464 1159 2048 1234; baseline 0.004 -23"><span class='ocrx_word' id='word_1_68' title='bbox 464 1159 626 1213; x_wconf 80' lang='lat' dir='ltr'><strong>linem</strong></span> <span class='ocrx_word' id='word_1_69' title='bbox 669 1174 843 1229; x_wconf 90' lang='lat' dir='ltr'><strong>usque</strong></span> <span class='ocrx_word' id='word_1_70' title='bbox 890 1176 949 1215; x_wconf 92' lang='lat' dir='ltr'><strong>se</strong></span> <span class='ocrx_word' id='word_1_71' title='bbox 1001 1161 1301 1230; x_wconf 83' lang='lat' dir='ltr'><strong>benignum</strong></span> <span class='ocrx_word' id='word_1_72' title='bbox 1356 1174 1696 1218; x_wconf 79' lang='lat' dir='ltr'><strong>servatorem</strong></span> <span class='ocrx_word' id='word_1_73' title='bbox 1750 1164 2048 1234; x_wconf 62' lang='lat' dir='ltr'><strong>praestabit,</strong></span> 
     </span>
    </p>
   </div>
   <div class='ocr_carea' id='block_1_14' title="bbox 463 1253 2050 1325">
    <p class='ocr_par' dir='ltr' id='par_1_14' title="bbox 463 1253 2050 1325">
     <span class='ocr_line' id='line_1_14' title="bbox 463 1253 2050 1325; baseline 0.004 -21"><span class='ocrx_word' id='word_1_74' title='bbox 463 1266 564 1306; x_wconf 77' lang='lat' dir='ltr'><strong>nec</strong></span> <span class='ocrx_word' id='word_1_75' title='bbox 626 1267 865 1321; x_wconf 79' lang='lat' dir='ltr'><strong>unquam</strong></span> <span class='ocrx_word' id='word_1_76' title='bbox 942 1254 1192 1307; x_wconf 79' lang='lat' dir='ltr'><strong>auxiliari</strong></span> <span class='ocrx_word' id='word_1_77' title='bbox 1277 1253 1536 1310; x_wconf 88' lang='lat' dir='ltr'><strong>cessabit.</strong></span> <span class='ocrx_word' id='word_1_78' title='bbox 1634 1255 1731 1311; x_wconf 87' lang='lat' dir='ltr'><strong>Sin</strong></span> <span class='ocrx_word' id='word_1_79' title='bbox 1811 1258 2050 1325; x_wconf 86' lang='lat' dir='ltr'><strong>peccatis</strong></span> 
     </span>
    </p>
   </div>
   <div class='ocr_carea' id='block_1_15' title="bbox 462 1344 2051 1420">
    <p class='ocr_par' dir='ltr' id='par_1_15' title="bbox 462 1344 2051 1420">
     <span class='ocr_line' id='line_1_15' title="bbox 462 1344 2051 1420; baseline 0.003 -22"><span class='ocrx_word' id='word_1_80' title='bbox 462 1344 599 1399; x_wconf 87' lang='lat' dir='ltr'><strong>meis</strong></span> <span class='ocrx_word' id='word_1_81' title='bbox 670 1346 1028 1400; x_wconf 84' lang='lat' dir='ltr'><strong>contristatus</strong></span> <span class='ocrx_word' id='word_1_82' title='bbox 1114 1347 1388 1416; x_wconf 80' lang='lat' dir='ltr'><strong>paulisper</strong></span> <span class='ocrx_word' id='word_1_83' title='bbox 1491 1348 1757 1420; x_wconf 83' lang='lat' dir='ltr'><strong>castigat,</strong></span> <span class='ocrx_word' id='word_1_84' title='bbox 1850 1350 2051 1404; x_wconf 86' lang='lat' dir='ltr'><strong>nihilo-</strong></span> 
     </span>
    </p>
   </div>
   <div class='ocr_carea' id='block_1_16' title="bbox 461 1438 2045 1511">
    <p class='ocr_par' dir='ltr' id='par_1_16' title="bbox 461 1438 2045 1511">
     <span class='ocr_line' id='line_1_16' title="bbox 461 1438 2045 1511; baseline 0.004 -24"><span class='ocrx_word' id='word_1_85' title='bbox 461 1438 642 1492; x_wconf 85' lang='lat' dir='ltr'><strong>minus</strong></span> <span class='ocrx_word' id='word_1_86' title='bbox 695 1453 910 1494; x_wconf 89' lang='lat' dir='ltr'><strong>summa</strong></span> <span class='ocrx_word' id='word_1_87' title='bbox 983 1439 1210 1509; x_wconf 85' lang='lat' dir='ltr'><strong>recipiet</strong></span> <span class='ocrx_word' id='word_1_88' title='bbox 1257 1439 1637 1511; x_wconf 79' lang='lat' dir='ltr'><strong>benignitate;</strong></span> <span class='ocrx_word' id='word_1_89' title='bbox 1706 1456 1804 1497; x_wconf 90' lang='lat' dir='ltr'><strong>eos</strong></span> <span class='ocrx_word' id='word_1_90' title='bbox 1864 1451 2045 1495; x_wconf 80' lang='lat' dir='ltr'><strong>autem</strong></span> 
     </span>
    </p>
   </div>
   <div class='ocr_carea' id='block_1_17' title="bbox 463 1530 2052 1605">
    <p class='ocr_par' dir='ltr' id='par_1_17' title="bbox 463 1530 2052 1605">
     <span class='ocr_line' id='line_1_17' title="bbox 463 1530 2052 1605; baseline 0.004 -24"><span class='ocrx_word' id='word_1_91' title='bbox 463 1530 558 1599; x_wconf 85' lang='lat' dir='ltr'><strong>qui</strong></span> <span class='ocrx_word' id='word_1_92' title='bbox 602 1531 805 1586; x_wconf 88' lang='lat' dir='ltr'><strong>malitia</strong></span> <span class='ocrx_word' id='word_1_93' title='bbox 863 1547 960 1587; x_wconf 85' lang='lat' dir='ltr'><strong>sua</strong></span> <span class='ocrx_word' id='word_1_94' title='bbox 1010 1532 1138 1587; x_wconf 89' lang='lat' dir='ltr'><strong>elati</strong></span> <span class='ocrx_word' id='word_1_95' title='bbox 1179 1543 1326 1599; x_wconf 87' lang='lat' dir='ltr'><strong>sunt,</strong></span> <span class='ocrx_word' id='word_1_96' title='bbox 1377 1534 1549 1587; x_wconf 91' lang='lat' dir='ltr'><strong>multo</strong></span> <span class='ocrx_word' id='word_1_97' title='bbox 1602 1537 1813 1604; x_wconf 75' lang='lat' dir='ltr'><strong>majore</strong></span> <span class='ocrx_word' id='word_1_98' title='bbox 1855 1536 2052 1605; x_wconf 89' lang='lat' dir='ltr'><strong>plectet</strong></span> 
     </span>
    </p>
   </div>
   <div class='ocr_carea' id='block_1_18' title="bbox 463 1622 2052 1695">
    <p class='ocr_par' dir='ltr' id='par_1_18' title="bbox 463 1622 2052 1695">
     <span class='ocr_line' id='line_1_18' title="bbox 463 1622 2052 1695; baseline 0.006 -23"><span class='ocrx_word' id='word_1_99' title='bbox 463 1622 651 1676; x_wconf 77' lang='lat' dir='ltr'><strong>dolore</strong></span> <span class='ocrx_word' id='word_1_100' title='bbox 677 1632 731 1678; x_wconf 92' lang='lat' dir='ltr'><strong>ct</strong></span> <span class='ocrx_word' id='word_1_101' title='bbox 755 1623 1000 1688; x_wconf 74' lang='lat' dir='ltr'><strong>tristitia,</strong></span> <span class='ocrx_word' id='word_1_102' title='bbox 1033 1640 1197 1695; x_wconf 90' lang='lat' dir='ltr'><strong>quam</strong></span> <span class='ocrx_word' id='word_1_103' title='bbox 1238 1625 1531 1680; x_wconf 90' lang='lat' dir='ltr'><strong>hodicdum</strong></span> <span class='ocrx_word' id='word_1_104' title='bbox 1566 1627 1873 1694; x_wconf 67' lang='lat' dir='ltr'><strong>gloriantur</strong></span> <span class='ocrx_word' id='word_1_105' title='bbox 1911 1628 2052 1682; x_wconf 77' lang='lat' dir='ltr'><strong>laeti-</strong></span> 
     </span>
    </p>
   </div>
   <div class='ocr_carea' id='block_1_19' title="bbox 462 1714 2054 1789">
    <p class='ocr_par' dir='ltr' id='par_1_19' title="bbox 462 1714 2054 1789">
     <span class='ocr_line' id='line_1_19' title="bbox 462 1714 2054 1789; baseline 0.003 -21"><span class='ocrx_word' id='word_1_106' title='bbox 462 1722 559 1769; x_wconf 89' lang='lat' dir='ltr'><strong>ta.</strong></span> <span class='ocrx_word' id='word_1_107' title='bbox 592 1714 781 1769; x_wconf 89' lang='lat' dir='ltr'><strong>Saluto</strong></span> <span class='ocrx_word' id='word_1_108' title='bbox 812 1731 908 1772; x_wconf 87' lang='lat' dir='ltr'><strong>vos</strong></span> <span class='ocrx_word' id='word_1_109' title='bbox 932 1717 983 1770; x_wconf 90' lang='lat' dir='ltr'><strong>in</strong></span> <span class='ocrx_word' id='word_1_110' title='bbox 1018 1716 1249 1772; x_wconf 86' lang='lat' dir='ltr'><strong>Domino</strong></span> <span class='ocrx_word' id='word_1_111' title='bbox 1278 1727 1331 1771; x_wconf 82' lang='lat' dir='ltr'><strong>et</strong></span> <span class='ocrx_word' id='word_1_112' title='bbox 1362 1718 1517 1787; x_wconf 88' lang='lat' dir='ltr'><strong>quasi</strong></span> <span class='ocrx_word' id='word_1_113' title='bbox 1538 1733 1782 1789; x_wconf 70' lang='lat' dir='ltr'><strong>praesens</strong></span> <span class='ocrx_word' id='word_1_114' title='bbox 1817 1718 2054 1787; x_wconf 89' lang='lat' dir='ltr'><strong>comple-</strong></span> 
     </span>
    </p>
   </div>
   <div class='ocr_carea' id='block_1_20' title="bbox 2144 527 3739 599">
    <p class='ocr_par' dir='ltr' id='par_1_20' title="bbox 2144 527 3739 599">
     <span class='ocr_line' id='line_1_20' title="bbox 2144 527 3739 599; baseline -0.001 -18"><span class='ocrx_word' id='word_1_115' title='bbox 2144 530 2237 581; x_wconf 60' lang='grc' dir='ltr'><strong>καὶ</strong></span> <span class='ocrx_word' id='word_1_116' title='bbox 2267 529 2501 599; x_wconf 78' lang='grc' dir='ltr'><strong>καμίνου</strong></span> <span class='ocrx_word' id='word_1_117' title='bbox 2534 528 2705 599; x_wconf 76' lang='grc' dir='ltr'><strong>πυρὸς</strong></span> <span class='ocrx_word' id='word_1_118' title='bbox 2764 527 3018 592; x_wconf 75' lang='grc' dir='ltr'><strong>ἀϐλαϐεῖς</strong></span> <span class='ocrx_word' id='word_1_119' title='bbox 3064 529 3404 599; x_wconf 74' lang='grc' dir='ltr'><strong>τηρουμένου</strong></span> <span class='ocrx_word' id='word_1_120' title='bbox 3468 528 3597 592; x_wconf 77' lang='grc' dir='ltr'><strong>τοὺς</strong></span> <span class='ocrx_word' id='word_1_121' title='bbox 3637 528 3739 599; x_wconf 59' lang='grc' dir='ltr'><strong>τὴν</strong></span> 
     </span>
    </p>
   </div>
   <div class='ocr_carea' id='block_1_21' title="bbox 2145 618 3733 692">
    <p class='ocr_par' dir='ltr' id='par_1_21' title="bbox 2145 618 3733 692">
     <span class='ocr_line' id='line_1_21' title="bbox 2145 618 3733 692; baseline 0.001 -20"><span class='ocrx_word' id='word_1_122' title='bbox 2145 618 2354 672; x_wconf 80' lang='grc' dir='ltr'><strong>ἑαυτῶν</strong></span> <span class='ocrx_word' id='word_1_123' title='bbox 2390 620 2664 690; x_wconf 82' lang='grc' dir='ltr'><strong>σωτηρίαν</strong></span> <span class='ocrx_word' id='word_1_124' title='bbox 2703 620 2772 691; x_wconf 73' lang='grc' dir='ltr'><strong>τῇ</strong></span> <span class='ocrx_word' id='word_1_125' title='bbox 2814 618 3026 688; x_wconf 74' lang='grc' dir='ltr'><strong>ὑψίστῳ</strong></span> <span class='ocrx_word' id='word_1_126' title='bbox 3074 619 3449 689; x_wconf 75' lang='grc' dir='ltr'><strong>ἀναθεμένους</strong></span> <span class='ocrx_word' id='word_1_127' title='bbox 3477 622 3733 692; x_wconf 71' lang='grc' dir='ltr'><strong>προνοίᾳ.</strong></span> 
     </span>
    </p>
   </div>
   <div class='ocr_carea' id='block_1_22' title="bbox 2145 709 3739 782">
    <p class='ocr_par' dir='ltr' id='par_1_22' title="bbox 2145 709 3739 782">
     <span class='ocr_line' id='line_1_22' title="bbox 2145 709 3739 782; baseline -0.002 -16"><span class='ocrx_word' id='word_1_128' title='bbox 2145 710 2329 766; x_wconf 84' lang='grc' dir='ltr'><strong>Ταῦτά</strong></span> <span class='ocrx_word' id='word_1_129' title='bbox 2365 729 2455 781; x_wconf 91' lang='grc' dir='ltr'><strong>μοι</strong></span> <span class='ocrx_word' id='word_1_130' title='bbox 2486 710 2709 764; x_wconf 76' lang='grc' dir='ltr'><strong>ἐπιόντα</strong></span> <span class='ocrx_word' id='word_1_131' title='bbox 2740 713 2819 774; x_wconf 88' lang='grc' dir='ltr'><strong>είς</strong></span> <span class='ocrx_word' id='word_1_132' title='bbox 2842 709 2988 776; x_wconf 89' lang='grc' dir='ltr'><strong>νοῦν,</strong></span> <span class='ocrx_word' id='word_1_133' title='bbox 3014 711 3226 782; x_wconf 73' lang='grc' dir='ltr'><strong>μεγάλη</strong></span> <span class='ocrx_word' id='word_1_134' title='bbox 3252 711 3620 782; x_wconf 80' lang='grc' dir='ltr'><strong>παράκλησις,</strong></span> <span class='ocrx_word' id='word_1_135' title='bbox 3640 712 3739 765; x_wconf 77' lang='grc' dir='ltr'><strong>καὶ</strong></span> 
     </span>
    </p>
   </div>
   <div class='ocr_carea' id='block_1_23' title="bbox 2145 804 3739 876">
    <p class='ocr_par' dir='ltr' id='par_1_23' title="bbox 2145 804 3739 876">
     <span class='ocr_line' id='line_1_23' title="bbox 2145 804 3739 876; baseline -0.001 -19"><span class='ocrx_word' id='word_1_136' title='bbox 2145 806 2243 875; x_wconf 82' lang='grc' dir='ltr'><strong>τῆς</strong></span> <span class='ocrx_word' id='word_1_137' title='bbox 2276 806 2519 876; x_wconf 84' lang='grc' dir='ltr'><strong>ἀθυμίας</strong></span> <span class='ocrx_word' id='word_1_138' title='bbox 2557 804 2863 875; x_wconf 74' lang='grc' dir='ltr'><strong>ἀνάκτησις</strong></span> <span class='ocrx_word' id='word_1_139' title='bbox 2902 804 3138 872; x_wconf 81' lang='grc' dir='ltr'><strong>γίνεται.</strong></span> <span class='ocrx_word' id='word_1_140' title='bbox 3171 805 3359 859; x_wconf 84' lang='grc' dir='ltr'><strong>Ταῦτα</strong></span> <span class='ocrx_word' id='word_1_141' title='bbox 3401 808 3497 858; x_wconf 77' lang='grc' dir='ltr'><strong>καὶ</strong></span> <span class='ocrx_word' id='word_1_142' title='bbox 3554 804 3739 872; x_wconf 80' lang='grc' dir='ltr'><strong>ὑμεῐς,</strong></span> 
     </span>
    </p>
   </div>
   <div class='ocr_carea' id='block_1_24' title="bbox 2146 889 3740 966">
    <p class='ocr_par' dir='ltr' id='par_1_24' title="bbox 2146 889 3740 966">
     <span class='ocr_line' id='line_1_24' title="bbox 2146 889 3740 966; baseline -0.006 -16"><span class='ocrx_word' id='word_1_143' title='bbox 2146 898 2311 950; x_wconf 80' lang='grc' dir='ltr'><strong>τέκνα</strong></span> <span class='ocrx_word' id='word_1_144' title='bbox 2342 896 2473 966; x_wconf 73' lang='grc' dir='ltr'><strong>ἐμὰ,</strong></span> <span class='ocrx_word' id='word_1_145' title='bbox 2496 894 2618 949; x_wconf 82' lang='grc' dir='ltr'><strong>καθ’</strong></span> <span class='ocrx_word' id='word_1_146' title='bbox 2651 895 2881 957; x_wconf 75' lang='grc' dir='ltr'><strong>ἑαυτοὺς</strong></span> <span class='ocrx_word' id='word_1_147' title='bbox 2910 893 3275 963; x_wconf 77' lang='grc' dir='ltr'><strong>λογιζόμενοι,</strong></span> <span class='ocrx_word' id='word_1_148' title='bbox 3319 893 3369 946; x_wconf 90' lang='grc' dir='ltr'><strong>εί</strong></span> <span class='ocrx_word' id='word_1_149' title='bbox 3400 892 3497 944; x_wconf 78' lang='grc' dir='ltr'><strong>καὶ</strong></span> <span class='ocrx_word' id='word_1_150' title='bbox 3548 889 3740 961; x_wconf 73' lang='grc' dir='ltr'><strong>βαρεῖς</strong></span> 
     </span>
    </p>
   </div>
   <div class='ocr_carea' id='block_1_25' title="bbox 2146 981 3743 1058">
    <p class='ocr_par' dir='ltr' id='par_1_25' title="bbox 2146 981 3743 1058">
     <span class='ocr_line' id='line_1_25' title="bbox 2146 981 3743 1058; baseline -0.007 -14"><span class='ocrx_word' id='word_1_151' title='bbox 2146 992 2195 1044; x_wconf 79' lang='lat' dir='ltr'><strong>oi</strong></span> <span class='ocrx_word' id='word_1_152' title='bbox 2235 989 2579 1057; x_wconf 73' lang='grc' dir='ltr'><strong>ἐπικείμενοι</strong></span> <span class='ocrx_word' id='word_1_153' title='bbox 2609 986 2909 1058; x_wconf 80' lang='grc' dir='ltr'><strong>πειρασμοὶ</strong></span> <span class='ocrx_word' id='word_1_154' title='bbox 2943 987 3083 1057; x_wconf 82' lang='grc' dir='ltr'><strong>μετά</strong></span> <span class='ocrx_word' id='word_1_155' title='bbox 3130 984 3230 1056; x_wconf 80' lang='grc' dir='ltr'><strong>τῆς</strong></span> <span class='ocrx_word' id='word_1_156' title='bbox 3264 984 3555 1053; x_wconf 78' lang='grc' dir='ltr'><strong>ἀμείνονος</strong></span> <span class='ocrx_word' id='word_1_157' title='bbox 3585 981 3743 1037; x_wconf 64' lang='lat' dir='ltr'><strong>Usti-</strong></span> 
     </span>
    </p>
   </div>
   <div class='ocr_carea' id='block_1_26' title="bbox 2147 1074 3741 1150">
    <p class='ocr_par' dir='ltr' id='par_1_26' title="bbox 2147 1074 3741 1150">
     <span class='ocr_line' id='line_1_26' title="bbox 2147 1074 3741 1150; baseline -0.004 -16"><span class='ocrx_word' id='word_1_158' title='bbox 2147 1082 2235 1144; x_wconf 89' lang='grc' dir='ltr'><strong>δος</strong></span> <span class='ocrx_word' id='word_1_159' title='bbox 2281 1078 2613 1150; x_wconf 79' lang='grc' dir='ltr'><strong>ὑψηλότερον</strong></span> <span class='ocrx_word' id='word_1_160' title='bbox 2669 1078 2729 1133; x_wconf 81' lang='grc' dir='ltr'><strong>τὸ</strong></span> <span class='ocrx_word' id='word_1_161' title='bbox 2766 1078 3027 1150; x_wconf 82' lang='grc' dir='ltr'><strong>φρόνημα</strong></span> <span class='ocrx_word' id='word_1_162' title='bbox 3052 1079 3150 1131; x_wconf 84' lang='grc' dir='ltr'><strong>καὶ</strong></span> <span class='ocrx_word' id='word_1_163' title='bbox 3198 1079 3411 1148; x_wconf 81' lang='grc' dir='ltr'><strong>πρέπον</strong></span> <span class='ocrx_word' id='word_1_164' title='bbox 3476 1078 3545 1147; x_wconf 72' lang='grc' dir='ltr'><strong>τῇ</strong></span> <span class='ocrx_word' id='word_1_165' title='bbox 3579 1074 3741 1145; x_wconf 83' lang='grc' dir='ltr'><strong>ὑμῶν</strong></span> 
     </span>
    </p>
   </div>
   <div class='ocr_carea' id='block_1_27' title="bbox 2147 1166 3738 1243">
    <p class='ocr_par' dir='ltr' id='par_1_27' title="bbox 2147 1166 3738 1243">
     <span class='ocr_line' id='line_1_27' title="bbox 2147 1166 3738 1243; baseline -0.004 -17"><span class='ocrx_word' id='word_1_166' title='bbox 2147 1173 2511 1243; x_wconf 78' lang='grc' dir='ltr'><strong>ἀρχιερατικῇ</strong></span> <span class='ocrx_word' id='word_1_167' title='bbox 2568 1169 2893 1241; x_wconf 79' lang='grc' dir='ltr'><strong>τελειότητιο</strong></span> <span class='ocrx_word' id='word_1_168' title='bbox 2919 1170 3102 1239; x_wconf 80' lang='grc' dir='ltr'><strong>πάσης</strong></span> <span class='ocrx_word' id='word_1_169' title='bbox 3139 1167 3507 1239; x_wconf 60' lang='grc' dir='ltr'><strong>στενοχωρίας</strong></span> <span class='ocrx_word' id='word_1_170' title='bbox 3534 1166 3738 1240; x_wconf 80' lang='grc' dir='ltr'><strong>φέρον-</strong></span> 
     </span>
    </p>
   </div>
   <div class='ocr_carea' id='block_1_28' title="bbox 2149 1259 3741 1333">
    <p class='ocr_par' dir='ltr' id='par_1_28' title="bbox 2149 1259 3741 1333">
     <span class='ocr_line' id='line_1_28' title="bbox 2149 1259 3741 1333; baseline -0.001 -16"><span class='ocrx_word' id='word_1_171' title='bbox 2149 1281 2240 1327; x_wconf 84' lang='grc' dir='ltr'><strong>τες</strong></span> <span class='ocrx_word' id='word_1_172' title='bbox 2266 1264 2562 1317; x_wconf 80' lang='grc' dir='ltr'><strong>διατελεῖτε</strong></span> <span class='ocrx_word' id='word_1_173' title='bbox 2594 1280 2609 1294; x_wconf 87' lang='grc'><strong>·</strong></span> <span class='ocrx_word' id='word_1_174' title='bbox 2656 1262 2914 1322; x_wconf 75' lang='grc' dir='ltr'><strong>πλείστας</strong></span> <span class='ocrx_word' id='word_1_175' title='bbox 2948 1261 3147 1333; x_wconf 71' lang='grc' dir='ltr'><strong>ἔχομεν</strong></span> <span class='ocrx_word' id='word_1_176' title='bbox 3208 1259 3582 1332; x_wconf 73' lang='grc' dir='ltr'><strong>πληροφορίας</strong></span> <span class='ocrx_word' id='word_1_177' title='bbox 3634 1259 3741 1329; x_wconf 74' lang='grc' dir='ltr'><strong>τῆς</strong></span> 
     </span>
    </p>
   </div>
   <div class='ocr_carea' id='block_1_29' title="bbox 2151 1348 3741 1423">
    <p class='ocr_par' dir='ltr' id='par_1_29' title="bbox 2151 1348 3741 1423">
     <span class='ocr_line' id='line_1_29' title="bbox 2151 1348 3741 1423; baseline -0.002 -18"><span class='ocrx_word' id='word_1_178' title='bbox 2151 1352 2343 1421; x_wconf 84' lang='grc' dir='ltr'><strong>θεῖκῆς</strong></span> <span class='ocrx_word' id='word_1_179' title='bbox 2369 1351 2731 1423; x_wconf 77' lang='grc' dir='ltr'><strong>ἀντιλήψεως,</strong></span> <span class='ocrx_word' id='word_1_180' title='bbox 2764 1353 2861 1405; x_wconf 74' lang='grc' dir='ltr'><strong>καὶ</strong></span> <span class='ocrx_word' id='word_1_181' title='bbox 2902 1350 3144 1405; x_wconf 80' lang='grc' dir='ltr'><strong>πέποιθα</strong></span> <span class='ocrx_word' id='word_1_182' title='bbox 3185 1349 3263 1415; x_wconf 85' lang='grc' dir='ltr'><strong>ὡς</strong></span> <span class='ocrx_word' id='word_1_183' title='bbox 3290 1349 3599 1419; x_wconf 77' lang='grc' dir='ltr'><strong>παρόψεται</strong></span> <span class='ocrx_word' id='word_1_184' title='bbox 3635 1348 3741 1419; x_wconf 72' lang='grc' dir='ltr'><strong>μιν</strong></span> 
     </span>
    </p>
   </div>
   <div class='ocr_carea' id='block_1_30' title="bbox 2150 1438 3744 1512">
    <p class='ocr_par' dir='ltr' id='par_1_30' title="bbox 2150 1438 3744 1512">
     <span class='ocr_line' id='line_1_30' title="bbox 2150 1438 3744 1512; baseline 0 -19"><span class='ocrx_word' id='word_1_185' title='bbox 2150 1441 2251 1504; x_wconf 82' lang='grc' dir='ltr'><strong>τὰς</strong></span> <span class='ocrx_word' id='word_1_186' title='bbox 2302 1441 2442 1509; x_wconf 83' lang='grc' dir='ltr'><strong>ὲμὰς</strong></span> <span class='ocrx_word' id='word_1_187' title='bbox 2481 1440 2781 1510; x_wconf 85' lang='grc' dir='ltr'><strong>ἁμαρτίας,</strong></span> <span class='ocrx_word' id='word_1_188' title='bbox 2843 1440 3125 1512; x_wconf 81' lang='grc' dir='ltr'><strong>διαρκέσει</strong></span> <span class='ocrx_word' id='word_1_189' title='bbox 3172 1439 3231 1495; x_wconf 74' lang='grc' dir='ltr'><strong>δὲ</strong></span> <span class='ocrx_word' id='word_1_190' title='bbox 3284 1440 3449 1511; x_wconf 76' lang='grc' dir='ltr'><strong>μέχρι</strong></span> <span class='ocrx_word' id='word_1_191' title='bbox 3496 1438 3744 1502; x_wconf 74' lang='grc' dir='ltr'><strong>τέλουςό</strong></span> 
     </span>
    </p>
   </div>
   <div class='ocr_carea' id='block_1_31' title="bbox 2152 1531 3747 1603">
    <p class='ocr_par' dir='ltr' id='par_1_31' title="bbox 2152 1531 3747 1603">
     <span class='ocr_line' id='line_1_31' title="bbox 2152 1531 3747 1603; baseline -0.001 -16"><span class='ocrx_word' id='word_1_192' title='bbox 2152 1533 2356 1601; x_wconf 78' lang='grc' dir='ltr'><strong>ἀγαθὸς</strong></span> <span class='ocrx_word' id='word_1_193' title='bbox 2390 1531 2945 1602; x_wconf 83' lang='grc' dir='ltr'><strong>ἀντιλαμϐανόμενος,</strong></span> <span class='ocrx_word' id='word_1_194' title='bbox 2984 1534 3079 1587; x_wconf 81' lang='grc' dir='ltr'><strong>καὶ</strong></span> <span class='ocrx_word' id='word_1_195' title='bbox 3113 1532 3176 1586; x_wconf 88' lang='grc' dir='ltr'><strong>οὑ</strong></span> <span class='ocrx_word' id='word_1_196' title='bbox 3220 1532 3471 1602; x_wconf 86' lang='grc' dir='ltr'><strong>διατεμεί</strong></span> <span class='ocrx_word' id='word_1_197' title='bbox 3490 1531 3589 1603; x_wconf 79' lang='grc' dir='ltr'><strong>τὴν</strong></span> <span class='ocrx_word' id='word_1_198' title='bbox 3616 1531 3747 1603; x_wconf 74' lang='grc' dir='ltr'><strong>βοη-</strong></span> 
     </span>
    </p>
   </div>
   <div class='ocr_carea' id='block_1_32' title="bbox 2155 1625 3742 1699">
    <p class='ocr_par' dir='ltr' id='par_1_32' title="bbox 2155 1625 3742 1699">
     <span class='ocr_line' id='line_1_32' title="bbox 2155 1625 3742 1699; baseline 0 -20"><span class='ocrx_word' id='word_1_199' title='bbox 2155 1625 2329 1681; x_wconf 88' lang='grc' dir='ltr'><strong>θειαν.</strong></span> <span class='ocrx_word' id='word_1_200' title='bbox 2373 1626 2434 1679; x_wconf 86' lang='lat' dir='ltr'><strong>Ei</strong></span> <span class='ocrx_word' id='word_1_201' title='bbox 2465 1625 2521 1678; x_wconf 81' lang='grc' dir='ltr'><strong>δ’</strong></span> <span class='ocrx_word' id='word_1_202' title='bbox 2550 1626 2659 1695; x_wconf 79' lang='grc' dir='ltr'><strong>ἄρα</strong></span> <span class='ocrx_word' id='word_1_203' title='bbox 2696 1625 3036 1699; x_wconf 80' lang='grc' dir='ltr'><strong>δυσχεράνας</strong></span> <span class='ocrx_word' id='word_1_204' title='bbox 3062 1628 3186 1690; x_wconf 85' lang='grc' dir='ltr'><strong>ταῖς</strong></span> <span class='ocrx_word' id='word_1_205' title='bbox 3228 1627 3389 1696; x_wconf 73' lang='grc' dir='ltr'><strong>ἐμαῖς</strong></span> <span class='ocrx_word' id='word_1_206' title='bbox 3437 1625 3742 1696; x_wconf 81' lang='grc' dir='ltr'><strong>ἁμαρτίαις</strong></span> 
     </span>
    </p>
   </div>
   <div class='ocr_carea' id='block_1_33' title="bbox 2160 1713 3741 1787">
    <p class='ocr_par' dir='ltr' id='par_1_33' title="bbox 2160 1713 3741 1787">
     <span class='ocr_line' id='line_1_33' title="bbox 2160 1713 3741 1787; baseline 0 -20"><span class='ocrx_word' id='word_1_207' title='bbox 2160 1715 2361 1787; x_wconf 81' lang='grc' dir='ltr'><strong>μικρὸν</strong></span> <span class='ocrx_word' id='word_1_208' title='bbox 2392 1714 2715 1781; x_wconf 82' lang='grc' dir='ltr'><strong>ὑπενδώσει,</strong></span> <span class='ocrx_word' id='word_1_209' title='bbox 2747 1715 2912 1785; x_wconf 81' lang='grc' dir='ltr'><strong>τυχὸν</strong></span> <span class='ocrx_word' id='word_1_210' title='bbox 2959 1716 3087 1785; x_wconf 73' lang='grc' dir='ltr'><strong>ἐμοὶ</strong></span> <span class='ocrx_word' id='word_1_211' title='bbox 3139 1716 3199 1768; x_wconf 72' lang='grc' dir='ltr'><strong>τὸ</strong></span> <span class='ocrx_word' id='word_1_212' title='bbox 3234 1714 3481 1768; x_wconf 73' lang='grc' dir='ltr'><strong>ἐκποδὼν</strong></span> <span class='ocrx_word' id='word_1_213' title='bbox 3524 1713 3741 1768; x_wconf 82' lang='grc' dir='ltr'><strong>οίκονοο</strong></span> 
     </span>
    </p>
   </div>
   <div class='ocr_carea' id='block_1_34' title="bbox 462 1806 2057 1879">
    <p class='ocr_par' dir='ltr' id='par_1_34' title="bbox 462 1809 2047 1878">
     <span class='ocr_line' id='line_1_34' title="bbox 462 1809 2047 1878; baseline 0.003 -18"><span class='ocrx_word' id='word_1_214' title='bbox 462 1816 582 1861; x_wconf 85' lang='lat' dir='ltr'><strong>ctor</strong></span> <span class='ocrx_word' id='word_1_215' title='bbox 627 1809 862 1877; x_wconf 83' lang='lat' dir='ltr'><strong>spiritu,</strong></span> <span class='ocrx_word' id='word_1_216' title='bbox 920 1819 1282 1878; x_wconf 81' lang='lat' dir='ltr'><strong>nostramque</strong></span> <span class='ocrx_word' id='word_1_217' title='bbox 1339 1811 1589 1878; x_wconf 82' lang='lat' dir='ltr'><strong>precibus</strong></span> <span class='ocrx_word' id='word_1_218' title='bbox 1648 1812 1846 1866; x_wconf 78' lang='lat' dir='ltr'><strong>vestris</strong></span> <span class='ocrx_word' id='word_1_219' title='bbox 1892 1825 2047 1865; x_wconf 87' lang='lat' dir='ltr'><strong>com-</strong></span> 
     </span>
    </p>
   </div>
   <div class='ocr_carea' id='block_1_35' title="bbox 2160 1806 3741 1879">
    <p class='ocr_par' dir='ltr' id='par_1_35' title="bbox 2160 1806 3741 1879">
     <span class='ocr_line' id='line_1_35' title="bbox 2160 1806 3741 1879; baseline -0.001 -20"><span class='ocrx_word' id='word_1_220' title='bbox 2160 1810 2322 1879; x_wconf 87' lang='grc' dir='ltr'><strong>μήσει</strong></span> <span class='ocrx_word' id='word_1_221' title='bbox 2352 1808 2628 1875; x_wconf 79' lang='grc' dir='ltr'><strong>γενέσθαι,</strong></span> <span class='ocrx_word' id='word_1_222' title='bbox 2662 1807 2818 1878; x_wconf 83' lang='grc' dir='ltr'><strong>ὑμῶν</strong></span> <span class='ocrx_word' id='word_1_223' title='bbox 2855 1808 2911 1861; x_wconf 77' lang='grc' dir='ltr'><strong>δὲ</strong></span> <span class='ocrx_word' id='word_1_224' title='bbox 2952 1808 3167 1870; x_wconf 75' lang='grc' dir='ltr'><strong>πάντως</strong></span> <span class='ocrx_word' id='word_1_225' title='bbox 3196 1806 3554 1876; x_wconf 80' lang='grc' dir='ltr'><strong>ἀντιλήψεται</strong></span> <span class='ocrx_word' id='word_1_226' title='bbox 3607 1824 3741 1859; x_wconf 82' lang='grc' dir='ltr'><strong>συν·</strong></span> 
     </span>
    </p>
   </div>
   <div class='ocr_carea' id='block_1_36' title="bbox 466 1899 1072 1957">
    <p class='ocr_par' dir='ltr' id='par_1_36' title="bbox 466 1899 1072 1957">
     <span class='ocr_line' id='line_1_36' title="bbox 466 1899 1072 1957; baseline 0.003 -4"><span class='ocrx_word' id='word_1_227' title='bbox 466 1899 663 1956; x_wconf 83' lang='lat' dir='ltr'><strong>meudo</strong></span> <span class='ocrx_word' id='word_1_228' title='bbox 689 1903 1072 1957; x_wconf 77' lang='lat' dir='ltr'><strong>humilitatem.</strong></span> 
     </span>
    </p>
   </div>
   <div class='ocr_carea' id='block_1_37' title="bbox 2155 1899 3744 1972">
    <p class='ocr_par' dir='ltr' id='par_1_37' title="bbox 2155 1899 3744 1972">
     <span class='ocr_line' id='line_1_37' title="bbox 2155 1899 3744 1972; baseline -0.003 -15"><span class='ocrx_word' id='word_1_229' title='bbox 2155 1902 2322 1972; x_wconf 76' lang='grc' dir='ltr'><strong>ήθως,</strong></span> <span class='ocrx_word' id='word_1_230' title='bbox 2356 1903 2452 1957; x_wconf 82' lang='grc' dir='ltr'><strong>καὶ</strong></span> <span class='ocrx_word' id='word_1_231' title='bbox 2500 1900 2665 1967; x_wconf 78' lang='grc' dir='ltr'><strong>δείξει</strong></span> <span class='ocrx_word' id='word_1_232' title='bbox 2698 1902 2825 1965; x_wconf 84' lang='grc' dir='ltr'><strong>τυὺς</strong></span> <span class='ocrx_word' id='word_1_233' title='bbox 2848 1903 2941 1955; x_wconf 77' lang='grc' dir='ltr'><strong>ἐπὶ</strong></span> <span class='ocrx_word' id='word_1_234' title='bbox 2970 1902 3282 1971; x_wconf 79' lang='grc' dir='ltr'><strong>κακουργίᾳ</strong></span> <span class='ocrx_word' id='word_1_235' title='bbox 3329 1899 3744 1971; x_wconf 76' lang='grc' dir='ltr'><strong>ὡφρυωμένους</strong></span> 
     </span>
    </p>
   </div>
   <div class='ocr_carea' id='block_1_38' title="bbox 465 1992 3745 2068">
    <p class='ocr_par' dir='ltr' id='par_1_38' title="bbox 465 1992 3745 2068">
     <span class='ocr_line' id='line_1_38' title="bbox 465 1992 3745 2068; baseline -0.002 -18"><span class='ocrx_word' id='word_1_236' title='bbox 465 1996 645 2067; x_wconf 76' lang='grc' dir='ltr'><strong>πολλῷ</strong></span> <span class='ocrx_word' id='word_1_237' title='bbox 677 1996 837 2051; x_wconf 77' lang='grc' dir='ltr'><strong>πλέον</strong></span> <span class='ocrx_word' id='word_1_238' title='bbox 872 1998 905 2068; x_wconf 72' lang='grc' dir='ltr'>ἢ</span> <span class='ocrx_word' id='word_1_239' title='bbox 943 1998 1069 2052; x_wconf 86' lang='grc' dir='ltr'><strong>ὅσον</strong></span> <span class='ocrx_word' id='word_1_240' title='bbox 1108 1997 1200 2050; x_wconf 79' lang='grc' dir='ltr'><strong>ἐπὶ</strong></span> <span class='ocrx_word' id='word_1_241' title='bbox 1228 1996 1404 2067; x_wconf 73' lang='grc' dir='ltr'><strong>ταύτῃ</strong></span> <span class='ocrx_word' id='word_1_242' title='bbox 1468 1996 1656 2060; x_wconf 74' lang='grc' dir='ltr'><strong>ἔδοξαν</strong></span> <span class='ocrx_word' id='word_1_243' title='bbox 1681 1996 1940 2067; x_wconf 77' lang='grc' dir='ltr'><strong>ἡσθῆναι,</strong></span> <span class='ocrx_word' id='word_1_244' title='bbox 1980 1996 2077 2050; x_wconf 75' lang='grc' dir='ltr'><strong>καὶ</strong></span> <span class='ocrx_word' id='word_1_245' title='bbox 2112 1997 2487 2067; x_wconf 80' lang='grc' dir='ltr'><strong>λυπουμένους</strong></span> <span class='ocrx_word' id='word_1_246' title='bbox 2552 1993 3180 2066; x_wconf 75' lang='grc' dir='ltr'><strong>καὶσκυθρωπάζοντας.</strong></span> <span class='ocrx_word' id='word_1_247' title='bbox 3225 1992 3568 2063; x_wconf 72' lang='grc' dir='ltr'><strong>Ἀσπαζομαι</strong></span> <span class='ocrx_word' id='word_1_248' title='bbox 3593 1993 3745 2063; x_wconf 78' lang='grc' dir='ltr'><strong>ὑμᾶς</strong></span> 
     </span>
    </p>
   </div>
   <div class='ocr_carea' id='block_1_39' title="bbox 466 2085 3748 2161">
    <p class='ocr_par' dir='ltr' id='par_1_39' title="bbox 466 2085 3748 2161">
     <span class='ocr_line' id='line_1_39' title="bbox 466 2085 3748 2161; baseline 0 -23"><span class='ocrx_word' id='word_1_249' title='bbox 466 2088 525 2138; x_wconf 80' lang='grc' dir='ltr'><strong>ὲν</strong></span> <span class='ocrx_word' id='word_1_250' title='bbox 556 2085 770 2158; x_wconf 79' lang='grc' dir='ltr'><strong>Κυρίῳ,</strong></span> <span class='ocrx_word' id='word_1_251' title='bbox 808 2088 905 2141; x_wconf 76' lang='grc' dir='ltr'><strong>καὶ</strong></span> <span class='ocrx_word' id='word_1_252' title='bbox 928 2087 1225 2160; x_wconf 84' lang='grc' dir='ltr'><strong>ὡςπαρὼν</strong></span> <span class='ocrx_word' id='word_1_253' title='bbox 1254 2088 1355 2160; x_wconf 69' lang='grc' dir='ltr'><strong>ἢδη</strong></span> <span class='ocrx_word' id='word_1_254' title='bbox 1379 2087 1455 2159; x_wconf 80' lang='grc' dir='ltr'><strong>τῷ</strong></span> <span class='ocrx_word' id='word_1_255' title='bbox 1477 2088 1760 2158; x_wconf 80' lang='grc' dir='ltr'><strong>πνεύματι</strong></span> <span class='ocrx_word' id='word_1_256' title='bbox 1799 2088 2165 2160; x_wconf 81' lang='grc' dir='ltr'><strong>περιφύομαι,</strong></span> <span class='ocrx_word' id='word_1_257' title='bbox 2207 2090 2430 2160; x_wconf 75' lang='grc' dir='ltr'><strong>καὶτῆς</strong></span> <span class='ocrx_word' id='word_1_258' title='bbox 2465 2090 2624 2161; x_wconf 78' lang='grc' dir='ltr'><strong>ἡμῶν</strong></span> <span class='ocrx_word' id='word_1_259' title='bbox 2663 2089 2917 2145; x_wconf 79' lang='grc' dir='ltr'><strong>δυσωπῶ.</strong></span> <span class='ocrx_word' id='word_1_260' title='bbox 2955 2087 3363 2161; x_wconf 80' lang='grc' dir='ltr'><strong>ὑπερεύχισθαι</strong></span> <span class='ocrx_word' id='word_1_261' title='bbox 3419 2089 3748 2156; x_wconf 73' lang='grc' dir='ltr'><strong>ταπεινότη-</strong></span> 
     </span>
    </p>
   </div>
   <div class='ocr_carea' id='block_1_40' title="bbox 471 2196 585 2243">
    <p class='ocr_par' dir='ltr' id='par_1_40' title="bbox 471 2196 585 2243">
     <span class='ocr_line' id='line_1_40' title="bbox 471 2196 585 2243; baseline 0 -12"><span class='ocrx_word' id='word_1_262' title='bbox 471 2196 585 2243; x_wconf 74' lang='grc' dir='ltr'><strong>τις.</strong></span> 
     </span>
    </p>
   </div>
   <div class='ocr_carea' id='block_1_41' title="bbox 628 2318 1883 2395">
    <p class='ocr_par' dir='ltr' id='par_1_41' title="bbox 628 2318 1883 2395">
     <span class='ocr_line' id='line_1_41' title="bbox 628 2318 1883 2395; baseline 0.003 -20"><span class='ocrx_word' id='word_1_263' title='bbox 628 2318 919 2375; x_wconf 72' lang='lat' dir='ltr'><strong>CXXXIII.</strong></span> <span class='ocrx_word' id='word_1_264' title='bbox 956 2320 1115 2375; x_wconf 79' lang='lat' dir='ltr'><strong>Petro</strong></span> <span class='ocrx_word' id='word_1_265' title='bbox 1147 2321 1438 2377; x_wconf 78' lang='lat' dir='ltr'><strong>Alanorum</strong></span> <span class='ocrx_word' id='word_1_266' title='bbox 1470 2325 1883 2395; x_wconf 78' lang='lat' dir='ltr'><strong>archiepiscopo.</strong></span> 
     </span>
    </p>
   </div>
   <div class='ocr_carea' id='block_1_42' title="bbox 537 2456 2055 2527">
    <p class='ocr_par' dir='ltr' id='par_1_42' title="bbox 537 2456 2055 2527">
     <span class='ocr_line' id='line_1_42' title="bbox 537 2456 2055 2527; baseline 0.005 -18"><span class='ocrx_word' id='word_1_267' title='bbox 537 2456 787 2512; x_wconf 73' lang='lat' dir='ltr'><strong>Iliserias</strong></span> <span class='ocrx_word' id='word_1_268' title='bbox 834 2473 974 2527; x_wconf 87' lang='lat' dir='ltr'><strong>quas</strong></span> <span class='ocrx_word' id='word_1_269' title='bbox 1003 2474 1069 2514; x_wconf 78' lang='lat' dir='ltr'><strong>ex</strong></span> <span class='ocrx_word' id='word_1_270' title='bbox 1104 2458 1302 2515; x_wconf 89' lang='lat' dir='ltr'><strong>litteris</strong></span> <span class='ocrx_word' id='word_1_271' title='bbox 1334 2459 1441 2515; x_wconf 90' lang='lat' dir='ltr'><strong>tuis</strong></span> <span class='ocrx_word' id='word_1_272' title='bbox 1479 2459 1775 2516; x_wconf 86' lang='lat' dir='ltr'><strong>didicimus</strong></span> <span class='ocrx_word' id='word_1_273' title='bbox 1797 2470 1854 2517; x_wconf 90' lang='lat' dir='ltr'><strong>et</strong></span> <span class='ocrx_word' id='word_1_274' title='bbox 1873 2477 2055 2517; x_wconf 89' lang='lat' dir='ltr'><strong>rerum</strong></span> 
     </span>
    </p>
   </div>
   <div class='ocr_carea' id='block_1_43' title="bbox 468 2553 2059 2622">
    <p class='ocr_par' dir='ltr' id='par_1_43' title="bbox 468 2553 2059 2622">
     <span class='ocr_line' id='line_1_43' title="bbox 468 2553 2059 2622; baseline 0.003 -15"><span class='ocrx_word' id='word_1_275' title='bbox 468 2562 646 2607; x_wconf 87' lang='lat' dir='ltr'><strong>status</strong></span> <span class='ocrx_word' id='word_1_276' title='bbox 683 2553 778 2622; x_wconf 89' lang='lat' dir='ltr'><strong>qui</strong></span> <span class='ocrx_word' id='word_1_277' title='bbox 834 2570 981 2610; x_wconf 90' lang='lat' dir='ltr'><strong>nunc</strong></span> <span class='ocrx_word' id='word_1_278' title='bbox 1023 2564 1109 2611; x_wconf 84' lang='lat' dir='ltr'><strong>est</strong></span> <span class='ocrx_word' id='word_1_279' title='bbox 1160 2555 1351 2612; x_wconf 87' lang='lat' dir='ltr'><strong>dolore</strong></span> <span class='ocrx_word' id='word_1_280' title='bbox 1384 2556 1630 2614; x_wconf 86' lang='lat' dir='ltr'><strong>animum</strong></span> <span class='ocrx_word' id='word_1_281' title='bbox 1683 2566 1933 2613; x_wconf 87' lang='lat' dir='ltr'><strong>nostrum</strong></span> <span class='ocrx_word' id='word_1_282' title='bbox 1971 2559 2059 2614; x_wconf 79' lang='lat' dir='ltr'><strong>al-</strong></span> 
     </span>
    </p>
   </div>
   <div class='ocr_carea' id='block_1_44' title="bbox 469 2643 2059 2720">
    <p class='ocr_par' dir='ltr' id='par_1_44' title="bbox 469 2643 2059 2720">
     <span class='ocr_line' id='line_1_44' title="bbox 469 2643 2059 2720; baseline 0.006 -23"><span class='ocrx_word' id='word_1_283' title='bbox 469 2643 736 2709; x_wconf 80' lang='lat' dir='ltr'><strong>l&#39;ccerunt,</strong></span> <span class='ocrx_word' id='word_1_284' title='bbox 786 2660 893 2699; x_wconf 89' lang='lat' dir='ltr'><strong>non</strong></span> <span class='ocrx_word' id='word_1_285' title='bbox 949 2655 1130 2703; x_wconf 90' lang='lat' dir='ltr'><strong>autem</strong></span> <span class='ocrx_word' id='word_1_286' title='bbox 1156 2648 1353 2705; x_wconf 89' lang='lat' dir='ltr'><strong>solatio</strong></span> <span class='ocrx_word' id='word_1_287' title='bbox 1385 2650 1612 2704; x_wconf 90' lang='lat' dir='ltr'><strong>omnino</strong></span> <span class='ocrx_word' id='word_1_288' title='bbox 1661 2650 1897 2720; x_wconf 88' lang='lat' dir='ltr'><strong>rejecto;</strong></span> <span class='ocrx_word' id='word_1_289' title='bbox 1943 2662 2059 2707; x_wconf 80' lang='lat' dir='ltr'><strong>ete-</strong></span> 
     </span>
    </p>
   </div>
   <div class='ocr_carea' id='block_1_45' title="bbox 470 2736 2063 2814">
    <p class='ocr_par' dir='ltr' id='par_1_45' title="bbox 470 2736 2063 2814">
     <span class='ocr_line' id='line_1_45' title="bbox 470 2736 2063 2814; baseline 0.005 -23"><span class='ocrx_word' id='word_1_290' title='bbox 470 2738 581 2791; x_wconf 89' lang='lat' dir='ltr'><strong>nim</strong></span> <span class='ocrx_word' id='word_1_291' title='bbox 636 2736 1020 2794; x_wconf 79' lang='lat' dir='ltr'><strong>afﬂictionibus</strong></span> <span class='ocrx_word' id='word_1_292' title='bbox 1084 2748 1140 2795; x_wconf 91' lang='lat' dir='ltr'><strong>et</strong></span> <span class='ocrx_word' id='word_1_293' title='bbox 1202 2741 1649 2799; x_wconf 88' lang='lat' dir='ltr'><strong>tribulationibus</strong></span> <span class='ocrx_word' id='word_1_294' title='bbox 1713 2758 1840 2814; x_wconf 85' lang='lat' dir='ltr'><strong>spes</strong></span> <span class='ocrx_word' id='word_1_295' title='bbox 1890 2744 2063 2800; x_wconf 85' lang='lat' dir='ltr'><strong>inter-</strong></span> 
     </span>
    </p>
   </div>
   <div class='ocr_carea' id='block_1_46' title="bbox 470 2829 2065 2903">
    <p class='ocr_par' dir='ltr' id='par_1_46' title="bbox 470 2829 2065 2903">
     <span class='ocr_line' id='line_1_46' title="bbox 470 2829 2065 2903; baseline 0.004 -18"><span class='ocrx_word' id='word_1_296' title='bbox 470 2829 639 2894; x_wconf 87' lang='lat' dir='ltr'><strong>cedit,</strong></span> <span class='ocrx_word' id='word_1_297' title='bbox 679 2831 744 2885; x_wconf 91' lang='lat' dir='ltr'><strong>ad</strong></span> <span class='ocrx_word' id='word_1_298' title='bbox 803 2832 1049 2887; x_wconf 85' lang='lat' dir='ltr'><strong>intimam</strong></span> <span class='ocrx_word' id='word_1_299' title='bbox 1078 2833 1315 2888; x_wconf 89' lang='lat' dir='ltr'><strong>animam</strong></span> <span class='ocrx_word' id='word_1_300' title='bbox 1368 2844 1618 2903; x_wconf 85' lang='lat' dir='ltr'><strong>penetrat</strong></span> <span class='ocrx_word' id='word_1_301' title='bbox 1643 2844 1699 2889; x_wconf 91' lang='lat' dir='ltr'><strong>et</strong></span> <span class='ocrx_word' id='word_1_302' title='bbox 1726 2837 1907 2892; x_wconf 82' lang='lat' dir='ltr'><strong>verbis</strong></span> <span class='ocrx_word' id='word_1_303' title='bbox 1936 2853 2065 2892; x_wconf 84' lang='lat' dir='ltr'><strong>sua-</strong></span> 
     </span>
    </p>
   </div>
   <div class='ocr_carea' id='block_1_47' title="bbox 475 2922 2056 2996">
    <p class='ocr_par' dir='ltr' id='par_1_47' title="bbox 475 2922 2056 2996">
     <span class='ocr_line' id='line_1_47' title="bbox 475 2922 2056 2996; baseline 0.005 -23"><span class='ocrx_word' id='word_1_304' title='bbox 475 2922 669 2975; x_wconf 76' lang='lat' dir='ltr'><strong>silihus</strong></span> <span class='ocrx_word' id='word_1_305' title='bbox 723 2923 1078 2977; x_wconf 83' lang='lat' dir='ltr'><strong>acerbitatem</strong></span> <span class='ocrx_word' id='word_1_306' title='bbox 1133 2922 1346 2978; x_wconf 87' lang='lat' dir='ltr'><strong>adimit.</strong></span> <span class='ocrx_word' id='word_1_307' title='bbox 1406 2922 1608 2979; x_wconf 81' lang='lat' dir='ltr'><strong>Rerum</strong></span> <span class='ocrx_word' id='word_1_308' title='bbox 1675 2940 1777 2981; x_wconf 89' lang='lat' dir='ltr'><strong>nos</strong></span> <span class='ocrx_word' id='word_1_309' title='bbox 1835 2927 2056 2996; x_wconf 89' lang='lat' dir='ltr'><strong>quidem</strong></span> 
     </span>
    </p>
   </div>
   <div class='ocr_carea' id='block_1_48' title="bbox 473 3015 2060 3091">
    <p class='ocr_par' dir='ltr' id='par_1_48' title="bbox 473 3015 2060 3091">
     <span class='ocr_line' id='line_1_48' title="bbox 473 3015 2060 3091; baseline 0.003 -23"><span class='ocrx_word' id='word_1_310' title='bbox 473 3015 847 3071; x_wconf 79' lang='lat' dir='ltr'><strong>conditionem</strong></span> <span class='ocrx_word' id='word_1_311' title='bbox 910 3016 975 3071; x_wconf 90' lang='lat' dir='ltr'><strong>ad</strong></span> <span class='ocrx_word' id='word_1_312' title='bbox 1034 3032 1194 3086; x_wconf 86' lang='lat' dir='ltr'><strong>quam</strong></span> <span class='ocrx_word' id='word_1_313' title='bbox 1232 3033 1264 3072; x_wconf 87' lang='lat' dir='ltr'><strong>a</strong></span> <span class='ocrx_word' id='word_1_314' title='bbox 1305 3016 1513 3086; x_wconf 88' lang='lat' dir='ltr'><strong>Spiritu</strong></span> <span class='ocrx_word' id='word_1_315' title='bbox 1546 3028 1740 3073; x_wconf 77' lang='lat' dir='ltr'><strong>sancto</strong></span> <span class='ocrx_word' id='word_1_316' title='bbox 1768 3028 2060 3091; x_wconf 84' lang='lat' dir='ltr'><strong>provectus</strong></span> 
     </span>
    </p>
   </div>
   <div class='ocr_carea' id='block_1_49' title="bbox 473 3110 2058 3178">
    <p class='ocr_par' dir='ltr' id='par_1_49' title="bbox 473 3110 2058 3178">
     <span class='ocr_line' id='line_1_49' title="bbox 473 3110 2058 3178; baseline 0.004 -17"><span class='ocrx_word' id='word_1_317' title='bbox 473 3124 555 3171; x_wconf 80' lang='lat' dir='ltr'><strong>es,</strong></span> <span class='ocrx_word' id='word_1_318' title='bbox 590 3124 652 3161; x_wconf 77' lang='lat' dir='ltr'><strong>ex</strong></span> <span class='ocrx_word' id='word_1_319' title='bbox 685 3110 849 3178; x_wconf 80' lang='lat' dir='ltr'><strong>longo</strong></span> <span class='ocrx_word' id='word_1_320' title='bbox 884 3118 1130 3178; x_wconf 87' lang='lat' dir='ltr'><strong>tempore</strong></span> <span class='ocrx_word' id='word_1_321' title='bbox 1168 3116 1352 3164; x_wconf 85' lang='lat' dir='ltr'><strong>notam</strong></span> <span class='ocrx_word' id='word_1_322' title='bbox 1396 3110 1682 3178; x_wconf 89' lang='lat' dir='ltr'><strong>habentes,</strong></span> <span class='ocrx_word' id='word_1_323' title='bbox 1709 3128 1811 3167; x_wconf 92' lang='lat' dir='ltr'><strong>nec</strong></span> <span class='ocrx_word' id='word_1_324' title='bbox 1846 3112 2058 3167; x_wconf 83' lang='lat' dir='ltr'><strong>iacilem</strong></span> 
     </span>
    </p>
   </div>
   <div class='ocr_carea' id='block_1_50' title="bbox 469 3202 2062 3271">
    <p class='ocr_par' dir='ltr' id='par_1_50' title="bbox 469 3202 2062 3271">
     <span class='ocr_line' id='line_1_50' title="bbox 469 3202 2062 3271; baseline 0.004 -17"><span class='ocrx_word' id='word_1_325' title='bbox 469 3202 783 3271; x_wconf 64' lang='lat' dir='ltr'><strong>iudicamus</strong></span> <span class='ocrx_word' id='word_1_326' title='bbox 820 3218 921 3257; x_wconf 88' lang='lat' dir='ltr'><strong>nec</strong></span> <span class='ocrx_word' id='word_1_327' title='bbox 968 3202 1249 3260; x_wconf 79' lang='lat' dir='ltr'><strong>laboribus</strong></span> <span class='ocrx_word' id='word_1_328' title='bbox 1284 3203 1531 3258; x_wconf 88' lang='lat' dir='ltr'><strong>liberam.</strong></span> <span class='ocrx_word' id='word_1_329' title='bbox 1578 3204 1651 3260; x_wconf 78' lang='lat' dir='ltr'><strong>Ex</strong></span> <span class='ocrx_word' id='word_1_330' title='bbox 1687 3204 1886 3262; x_wconf 80' lang='lat' dir='ltr'><strong>litteris</strong></span> <span class='ocrx_word' id='word_1_331' title='bbox 1924 3204 2062 3260; x_wconf 83' lang='lat' dir='ltr'><strong>vidi-</strong></span> 
     </span>
    </p>
   </div>
   <div class='ocr_carea' id='block_1_51' title="bbox 475 3296 2058 3370">
    <p class='ocr_par' dir='ltr' id='par_1_51' title="bbox 475 3296 2058 3370">
     <span class='ocr_line' id='line_1_51' title="bbox 475 3296 2058 3370; baseline 0.003 -20"><span class='ocrx_word' id='word_1_332' title='bbox 475 3312 598 3350; x_wconf 87' lang='lat' dir='ltr'><strong>mus</strong></span> <span class='ocrx_word' id='word_1_333' title='bbox 630 3298 742 3351; x_wconf 88' lang='lat' dir='ltr'><strong>tuis</strong></span> <span class='ocrx_word' id='word_1_334' title='bbox 770 3312 892 3366; x_wconf 75' lang='lat' dir='ltr'><strong>qua:</strong></span> <span class='ocrx_word' id='word_1_335' title='bbox 927 3296 1023 3351; x_wconf 88' lang='lat' dir='ltr'><strong>tibi</strong></span> <span class='ocrx_word' id='word_1_336' title='bbox 1057 3297 1395 3362; x_wconf 85' lang='lat' dir='ltr'><strong>acciderunt,</strong></span> <span class='ocrx_word' id='word_1_337' title='bbox 1436 3298 1621 3368; x_wconf 90' lang='lat' dir='ltr'><strong>ibique</strong></span> <span class='ocrx_word' id='word_1_338' title='bbox 1664 3298 1800 3353; x_wconf 85' lang='lat' dir='ltr'><strong>nihil</strong></span> <span class='ocrx_word' id='word_1_339' title='bbox 1832 3315 2058 3370; x_wconf 87' lang='lat' dir='ltr'><strong>perspe-</strong></span> 
     </span>
    </p>
   </div>
   <div class='ocr_carea' id='block_1_52' title="bbox 475 3388 2058 3456">
    <p class='ocr_par' dir='ltr' id='par_1_52' title="bbox 475 3388 2058 3456">
     <span class='ocr_line' id='line_1_52' title="bbox 475 3388 2058 3456; baseline 0.002 -15"><span class='ocrx_word' id='word_1_340' title='bbox 475 3388 656 3442; x_wconf 82' lang='lat' dir='ltr'><strong>ximus</strong></span> <span class='ocrx_word' id='word_1_341' title='bbox 712 3388 1097 3456; x_wconf 86' lang='lat' dir='ltr'><strong>improvisum,</strong></span> <span class='ocrx_word' id='word_1_342' title='bbox 1144 3388 1245 3443; x_wconf 90' lang='lat' dir='ltr'><strong>etsi</strong></span> <span class='ocrx_word' id='word_1_343' title='bbox 1301 3389 1483 3443; x_wconf 88' lang='lat' dir='ltr'><strong>tristes</strong></span> <span class='ocrx_word' id='word_1_344' title='bbox 1535 3392 1647 3442; x_wconf 84' lang='lat' dir='ltr'><strong>sint</strong></span> <span class='ocrx_word' id='word_1_345' title='bbox 1688 3405 1810 3451; x_wconf 81' lang='lat' dir='ltr'><strong>res;</strong></span> <span class='ocrx_word' id='word_1_346' title='bbox 1854 3390 2058 3444; x_wconf 87' lang='lat' dir='ltr'><strong>malum</strong></span> 
     </span>
    </p>
   </div>
   <div class='ocr_carea' id='block_1_53' title="bbox 474 3480 2062 3551">
    <p class='ocr_par' dir='ltr' id='par_1_53' title="bbox 474 3480 2062 3551">
     <span class='ocr_line' id='line_1_53' title="bbox 474 3480 2062 3551; baseline 0.001 -15"><span class='ocrx_word' id='word_1_347' title='bbox 474 3492 656 3537; x_wconf 89' lang='lat' dir='ltr'><strong>tamen</strong></span> <span class='ocrx_word' id='word_1_348' title='bbox 710 3481 871 3535; x_wconf 89' lang='lat' dir='ltr'><strong>nobis</strong></span> <span class='ocrx_word' id='word_1_349' title='bbox 923 3480 1137 3536; x_wconf 89' lang='lat' dir='ltr'><strong>videtur</strong></span> <span class='ocrx_word' id='word_1_350' title='bbox 1186 3482 1553 3545; x_wconf 88' lang='lat' dir='ltr'><strong>tolerandum,</strong></span> <span class='ocrx_word' id='word_1_351' title='bbox 1606 3482 1734 3551; x_wconf 90' lang='lat' dir='ltr'><strong>quia</strong></span> <span class='ocrx_word' id='word_1_352' title='bbox 1774 3482 2062 3537; x_wconf 87' lang='lat' dir='ltr'><strong>habiturus</strong></span> 
     </span>
    </p>
   </div>
   <div class='ocr_carea' id='block_1_54' title="bbox 472 3571 2062 3641">
    <p class='ocr_par' dir='ltr' id='par_1_54' title="bbox 472 3571 2062 3641">
     <span class='ocr_line' id='line_1_54' title="bbox 472 3571 2062 3641; baseline -0.001 -12"><span class='ocrx_word' id='word_1_353' title='bbox 472 3590 537 3629; x_wconf 89' lang='lat' dir='ltr'><strong>es</strong></span> <span class='ocrx_word' id='word_1_354' title='bbox 566 3574 1009 3629; x_wconf 89' lang='lat' dir='ltr'><strong>retributionem.</strong></span> <span class='ocrx_word' id='word_1_355' title='bbox 1045 3571 1159 3628; x_wconf 81' lang='lat' dir='ltr'><strong>Iloc</strong></span> <span class='ocrx_word' id='word_1_356' title='bbox 1196 3582 1377 3629; x_wconf 90' lang='lat' dir='ltr'><strong>autem</strong></span> <span class='ocrx_word' id='word_1_357' title='bbox 1408 3573 1641 3628; x_wconf 85' lang='lat' dir='ltr'><strong>dicimus</strong></span> <span class='ocrx_word' id='word_1_358' title='bbox 1674 3588 1782 3627; x_wconf 92' lang='lat' dir='ltr'><strong>non</strong></span> <span class='ocrx_word' id='word_1_359' title='bbox 1831 3574 1898 3627; x_wconf 91' lang='lat' dir='ltr'><strong>ad</strong></span> <span class='ocrx_word' id='word_1_360' title='bbox 1928 3588 2062 3641; x_wconf 67' lang='lat' dir='ltr'><strong>prte-</strong></span> 
     </span>
    </p>
   </div>
   <div class='ocr_carea' id='block_1_55' title="bbox 477 3664 2063 3735">
    <p class='ocr_par' dir='ltr' id='par_1_55' title="bbox 477 3664 2063 3735">
     <span class='ocr_line' id='line_1_55' title="bbox 477 3664 2063 3735; baseline -0.002 -13"><span class='ocrx_word' id='word_1_361' title='bbox 477 3676 662 3722; x_wconf 76' lang='lat' dir='ltr'><strong>sentes</strong></span> <span class='ocrx_word' id='word_1_362' title='bbox 698 3666 983 3722; x_wconf 84' lang='lat' dir='ltr'><strong>molestias</strong></span> <span class='ocrx_word' id='word_1_363' title='bbox 1011 3664 1382 3735; x_wconf 77' lang='lat' dir='ltr'><strong>denegandas.</strong></span> <span class='ocrx_word' id='word_1_364' title='bbox 1414 3664 1548 3719; x_wconf 92' lang='lat' dir='ltr'><strong>Illud</strong></span> <span class='ocrx_word' id='word_1_365' title='bbox 1580 3681 1709 3721; x_wconf 89' lang='lat' dir='ltr'><strong>vero</strong></span> <span class='ocrx_word' id='word_1_366' title='bbox 1734 3664 1891 3721; x_wconf 84' lang='lat' dir='ltr'><strong>nobis</strong></span> <span class='ocrx_word' id='word_1_367' title='bbox 1919 3666 2063 3719; x_wconf 78' lang='lat' dir='ltr'><strong>vide-</strong></span> 
     </span>
    </p>
   </div>
   <div class='ocr_carea' id='block_1_56' title="bbox 478 3758 2059 3829">
    <p class='ocr_par' dir='ltr' id='par_1_56' title="bbox 478 3758 2059 3829">
     <span class='ocr_line' id='line_1_56' title="bbox 478 3758 2059 3829; baseline -0.001 -15"><span class='ocrx_word' id='word_1_368' title='bbox 478 3770 566 3814; x_wconf 88' lang='lat' dir='ltr'><strong>tur</strong></span> <span class='ocrx_word' id='word_1_369' title='bbox 600 3758 1025 3829; x_wconf 86' lang='lat' dir='ltr'><strong>haudquaquam</strong></span> <span class='ocrx_word' id='word_1_370' title='bbox 1063 3760 1406 3814; x_wconf 89' lang='lat' dir='ltr'><strong>tolerandum</strong></span> <span class='ocrx_word' id='word_1_371' title='bbox 1440 3768 1496 3813; x_wconf 89' lang='lat' dir='ltr'><strong>et</strong></span> <span class='ocrx_word' id='word_1_372' title='bbox 1552 3758 1810 3813; x_wconf 89' lang='lat' dir='ltr'><strong>lethalem</strong></span> <span class='ocrx_word' id='word_1_373' title='bbox 1848 3758 2059 3828; x_wconf 79' lang='lat' dir='ltr'><strong>plagam</strong></span> 
     </span>
    </p>
   </div>
   <div class='ocr_carea' id='block_1_57' title="bbox 479 3850 2061 3921">
    <p class='ocr_par' dir='ltr' id='par_1_57' title="bbox 479 3850 2061 3921">
     <span class='ocr_line' id='line_1_57' title="bbox 479 3850 2061 3921; baseline 0 -16"><span class='ocrx_word' id='word_1_374' title='bbox 479 3850 694 3915; x_wconf 76' lang='lat' dir='ltr'><strong>inﬂixit,</strong></span> <span class='ocrx_word' id='word_1_375' title='bbox 728 3852 873 3921; x_wconf 92' lang='lat' dir='ltr'><strong>quod</strong></span> <span class='ocrx_word' id='word_1_376' title='bbox 906 3850 1236 3921; x_wconf 87' lang='lat' dir='ltr'><strong>suspicaris,</strong></span> <span class='ocrx_word' id='word_1_377' title='bbox 1277 3862 1335 3905; x_wconf 90' lang='lat' dir='ltr'><strong>ut</strong></span> <span class='ocrx_word' id='word_1_378' title='bbox 1379 3866 1476 3921; x_wconf 90' lang='lat' dir='ltr'><strong>per</strong></span> <span class='ocrx_word' id='word_1_379' title='bbox 1508 3851 1717 3905; x_wconf 86' lang='lat' dir='ltr'><strong>litteras</strong></span> <span class='ocrx_word' id='word_1_380' title='bbox 1738 3860 1860 3906; x_wconf 89' lang='lat' dir='ltr'><strong>tuas</strong></span> <span class='ocrx_word' id='word_1_381' title='bbox 1906 3866 2061 3905; x_wconf 86' lang='lat' dir='ltr'><strong>com-</strong></span> 
     </span>
    </p>
   </div>
   <div class='ocr_carea' id='block_1_58' title="bbox 480 3943 2055 4014">
    <p class='ocr_par' dir='ltr' id='par_1_58' title="bbox 480 3943 2055 4014">
     <span class='ocr_line' id='line_1_58' title="bbox 480 3943 2055 4014; baseline -0.001 -16"><span class='ocrx_word' id='word_1_382' title='bbox 480 3952 691 4013; x_wconf 86' lang='lat' dir='ltr'><strong>pertum</strong></span> <span class='ocrx_word' id='word_1_383' title='bbox 719 3944 1010 4011; x_wconf 84' lang='lat' dir='ltr'><strong>habemus,</strong></span> <span class='ocrx_word' id='word_1_384' title='bbox 1048 3952 1101 3999; x_wconf 89' lang='lat' dir='ltr'><strong>te</strong></span> <span class='ocrx_word' id='word_1_385' title='bbox 1127 3944 1283 4014; x_wconf 89' lang='lat' dir='ltr'><strong>quasi</strong></span> <span class='ocrx_word' id='word_1_386' title='bbox 1317 3959 1379 3997; x_wconf 79' lang='lat' dir='ltr'><strong>ex</strong></span> <span class='ocrx_word' id='word_1_387' title='bbox 1411 3944 1577 3997; x_wconf 85' lang='lat' dir='ltr'><strong>corde</strong></span> <span class='ocrx_word' id='word_1_388' title='bbox 1609 3952 1796 3997; x_wconf 87' lang='lat' dir='ltr'><strong>nostro</strong></span> <span class='ocrx_word' id='word_1_389' title='bbox 1823 3943 2055 4013; x_wconf 81' lang='lat' dir='ltr'><strong>ejectum</strong></span> 
     </span>
    </p>
   </div>
   <div class='ocr_carea' id='block_1_59' title="bbox 478 4035 2059 4107">
    <p class='ocr_par' dir='ltr' id='par_1_59' title="bbox 478 4035 2059 4107">
     <span class='ocr_line' id='line_1_59' title="bbox 478 4035 2059 4107; baseline -0.001 -16"><span class='ocrx_word' id='word_1_390' title='bbox 478 4052 623 4091; x_wconf 83' lang='lat' dir='ltr'><strong>esse.</strong></span> <span class='ocrx_word' id='word_1_391' title='bbox 670 4036 804 4089; x_wconf 88' lang='lat' dir='ltr'><strong>Illud</strong></span> <span class='ocrx_word' id='word_1_392' title='bbox 851 4052 1130 4107; x_wconf 85' lang='lat' dir='ltr'><strong>nunquam</strong></span> <span class='ocrx_word' id='word_1_393' title='bbox 1167 4050 1233 4090; x_wconf 92' lang='lat' dir='ltr'><strong>ne</strong></span> <span class='ocrx_word' id='word_1_394' title='bbox 1290 4035 1361 4089; x_wconf 86' lang='lat' dir='ltr'><strong>ab</strong></span> <span class='ocrx_word' id='word_1_395' title='bbox 1410 4035 1647 4091; x_wconf 88' lang='lat' dir='ltr'><strong>inimicis</strong></span> <span class='ocrx_word' id='word_1_396' title='bbox 1692 4035 1910 4105; x_wconf 86' lang='lat' dir='ltr'><strong>quidem</strong></span> <span class='ocrx_word' id='word_1_397' title='bbox 1958 4050 2059 4090; x_wconf 78' lang='lat' dir='ltr'><strong>nos</strong></span> 
     </span>
    </p>
   </div>
   <div class='ocr_carea' id='block_1_60' title="bbox 483 4114 2059 4183">
    <p class='ocr_par' dir='ltr' id='par_1_60' title="bbox 483 4114 2059 4183">
     <span class='ocr_line' id='line_1_60' title="bbox 483 4114 2059 4183; baseline 0.001 -1"><span class='ocrx_word' id='word_1_398' title='bbox 483 4114 768 4183; x_wconf 88' lang='lat' dir='ltr'><strong>audituros</strong></span> <span class='ocrx_word' id='word_1_399' title='bbox 810 4144 933 4183; x_wconf 86' lang='lat' dir='ltr'><strong>esse</strong></span> <span class='ocrx_word' id='word_1_400' title='bbox 988 4127 1398 4183; x_wconf 85' lang='lat' dir='ltr'><strong>conlidebamus</strong></span> <span class='ocrx_word' id='word_1_401' title='bbox 1452 4127 1651 4182; x_wconf 89' lang='lat' dir='ltr'><strong>nedum</strong></span> <span class='ocrx_word' id='word_1_402' title='bbox 1724 4142 1752 4181; x_wconf 89' lang='lat' dir='ltr'><strong>a</strong></span> <span class='ocrx_word' id='word_1_403' title='bbox 1796 4127 1920 4183; x_wconf 84' lang='lat' dir='ltr'><strong>iiliis</strong></span> <span class='ocrx_word' id='word_1_404' title='bbox 1965 4137 2059 4183; x_wconf 90' lang='lat' dir='ltr'><strong>aut</strong></span> 
     </span>
    </p>
   </div>
   <div class='ocr_carea' id='block_1_61' title="bbox 483 4221 2059 4292">
    <p class='ocr_par' dir='ltr' id='par_1_61' title="bbox 483 4221 2059 4292">
     <span class='ocr_line' id='line_1_61' title="bbox 483 4221 2059 4292; baseline -0.003 -15"><span class='ocrx_word' id='word_1_405' title='bbox 483 4223 701 4279; x_wconf 85' lang='lat' dir='ltr'><strong>amicis!</strong></span> <span class='ocrx_word' id='word_1_406' title='bbox 771 4222 1061 4289; x_wconf 84' lang='lat' dir='ltr'><strong>Quomodo</strong></span> <span class='ocrx_word' id='word_1_407' title='bbox 1102 4222 1246 4276; x_wconf 87' lang='lat' dir='ltr'><strong>enim</strong></span> <span class='ocrx_word' id='word_1_408' title='bbox 1312 4222 1414 4276; x_wconf 80' lang='lat' dir='ltr'><strong>nisi</strong></span> <span class='ocrx_word' id='word_1_409' title='bbox 1470 4222 1622 4289; x_wconf 75' lang='lat' dir='ltr'><strong>prius</strong></span> <span class='ocrx_word' id='word_1_410' title='bbox 1675 4221 1770 4275; x_wconf 87' lang='lat' dir='ltr'><strong>Dei</strong></span> <span class='ocrx_word' id='word_1_411' title='bbox 1858 4230 1912 4276; x_wconf 89' lang='lat' dir='ltr'><strong>ct</strong></span> <span class='ocrx_word' id='word_1_412' title='bbox 1959 4237 2059 4292; x_wconf 84' lang='lat' dir='ltr'><strong>po-</strong></span> 
     </span>
    </p>
   </div>
   <div class='ocr_carea' id='block_1_62' title="bbox 482 4313 2055 4383">
    <p class='ocr_par' dir='ltr' id='par_1_62' title="bbox 482 4313 2055 4383">
     <span class='ocr_line' id='line_1_62' title="bbox 482 4313 2055 4383; baseline 0.001 -18"><span class='ocrx_word' id='word_1_413' title='bbox 482 4315 591 4383; x_wconf 85' lang='lat' dir='ltr'><strong>puli</strong></span> <span class='ocrx_word' id='word_1_414' title='bbox 618 4315 810 4368; x_wconf 86' lang='lat' dir='ltr'><strong>salutis</strong></span> <span class='ocrx_word' id='word_1_415' title='bbox 836 4314 1065 4380; x_wconf 85' lang='lat' dir='ltr'><strong>oblitus,</strong></span> <span class='ocrx_word' id='word_1_416' title='bbox 1100 4313 1257 4383; x_wconf 84' lang='lat' dir='ltr'><strong>cujus</strong></span> <span class='ocrx_word' id='word_1_417' title='bbox 1303 4321 1360 4368; x_wconf 86' lang='lat' dir='ltr'><strong>tu</strong></span> <span class='ocrx_word' id='word_1_418' title='bbox 1386 4315 1717 4369; x_wconf 87' lang='lat' dir='ltr'><strong>constitutus</strong></span> <span class='ocrx_word' id='word_1_419' title='bbox 1743 4327 1803 4368; x_wconf 84' lang='lat' dir='ltr'><strong>es</strong></span> <span class='ocrx_word' id='word_1_420' title='bbox 1851 4316 1961 4368; x_wconf 84' lang='lat' dir='ltr'><strong>dux</strong></span> <span class='ocrx_word' id='word_1_421' title='bbox 1999 4320 2055 4367; x_wconf 89' lang='lat' dir='ltr'><strong>et</strong></span> 
     </span>
    </p>
   </div>
   <div class='ocr_carea' id='block_1_63' title="bbox 2325 2322 3561 2393">
    <p class='ocr_par' dir='ltr' id='par_1_63' title="bbox 2325 2322 3561 2393">
     <span class='ocr_line' id='line_1_63' title="bbox 2325 2322 3561 2393; baseline -0.002 -16"><span class='ocrx_word' id='word_1_422' title='bbox 2325 2324 2471 2377; x_wconf 76' lang='lat' dir='ltr'><strong>PM&quot;</strong></span> <span class='ocrx_word' id='word_1_423' title='bbox 2528 2324 2727 2393; x_wconf 80' lang='grc' dir='ltr'><strong>Πέτρῳ</strong></span> <span class='ocrx_word' id='word_1_424' title='bbox 2759 2324 3214 2392; x_wconf 78' lang='grc' dir='ltr'><strong>ἁρχιεπισκόπῳ</strong></span> <span class='ocrx_word' id='word_1_425' title='bbox 3262 2322 3561 2390; x_wconf 70' lang='grc' dir='ltr'><strong>Ἀλανιας.</strong></span> 
     </span>
    </p>
   </div>
   <div class='ocr_carea' id='block_1_64' title="bbox 2226 2454 3745 2533">
    <p class='ocr_par' dir='ltr' id='par_1_64' title="bbox 2226 2454 3745 2533">
     <span class='ocr_line' id='line_1_64' title="bbox 2226 2454 3745 2533; baseline 0 -19"><span class='ocrx_word' id='word_1_426' title='bbox 2226 2462 2308 2515; x_wconf 79' lang='grc' dir='ltr'><strong>Τὰ</strong></span> <span class='ocrx_word' id='word_1_427' title='bbox 2343 2462 2442 2530; x_wconf 80' lang='grc' dir='ltr'><strong>μὲν</strong></span> <span class='ocrx_word' id='word_1_428' title='bbox 2489 2460 2625 2515; x_wconf 74' lang='grc' dir='ltr'><strong>ἄλλα</strong></span> <span class='ocrx_word' id='word_1_429' title='bbox 2657 2461 2752 2513; x_wconf 88' lang='grc' dir='ltr'><strong>τοῦ</strong></span> <span class='ocrx_word' id='word_1_430' title='bbox 2797 2460 3148 2533; x_wconf 88' lang='grc' dir='ltr'><strong>γράμματος,</strong></span> <span class='ocrx_word' id='word_1_431' title='bbox 3203 2459 3284 2514; x_wconf 81' lang='grc' dir='ltr'><strong>δι’</strong></span> <span class='ocrx_word' id='word_1_432' title='bbox 3326 2454 3404 2514; x_wconf 83' lang='grc' dir='ltr'><strong>ὦν</strong></span> <span class='ocrx_word' id='word_1_433' title='bbox 3440 2460 3567 2523; x_wconf 82' lang='grc' dir='ltr'><strong>τοὺς</strong></span> <span class='ocrx_word' id='word_1_434' title='bbox 3615 2459 3745 2524; x_wconf 83' lang='grc' dir='ltr'><strong>σοὺς</strong></span> 
     </span>
    </p>
   </div>
   <div class='ocr_carea' id='block_1_65' title="bbox 2155 2551 3747 2626">
    <p class='ocr_par' dir='ltr' id='par_1_65' title="bbox 2155 2551 3747 2626">
     <span class='ocr_line' id='line_1_65' title="bbox 2155 2551 3747 2626; baseline -0.004 -16"><span class='ocrx_word' id='word_1_435' title='bbox 2155 2555 2247 2610; x_wconf 84' lang='grc' dir='ltr'><strong>άνε</strong></span> <span class='ocrx_word' id='word_1_436' title='bbox 2258 2555 2602 2626; x_wconf 83' lang='grc' dir='ltr'><strong>μανθάνομεν</strong></span> <span class='ocrx_word' id='word_1_437' title='bbox 2626 2553 2821 2616; x_wconf 85' lang='grc' dir='ltr'><strong>πόνους</strong></span> <span class='ocrx_word' id='word_1_438' title='bbox 2835 2553 2929 2607; x_wconf 65' lang='grc' dir='ltr'><strong>καλ⁵</strong></span> <span class='ocrx_word' id='word_1_439' title='bbox 2941 2552 3043 2622; x_wconf 80' lang='grc' dir='ltr'><strong>τὴν</strong></span> <span class='ocrx_word' id='word_1_440' title='bbox 3054 2551 3162 2606; x_wconf 87' lang='grc' dir='ltr'><strong>τῶν</strong></span> <span class='ocrx_word' id='word_1_441' title='bbox 3185 2552 3529 2623; x_wconf 82' lang='grc' dir='ltr'><strong>πραγμάτων</strong></span> <span class='ocrx_word' id='word_1_442' title='bbox 3553 2552 3747 2622; x_wconf 80' lang='grc' dir='ltr'><strong>περίσ·</strong></span> 
     </span>
    </p>
   </div>
   <div class='ocr_carea' id='block_1_66' title="bbox 2154 2644 3748 2717">
    <p class='ocr_par' dir='ltr' id='par_1_66' title="bbox 2154 2644 3748 2717">
     <span class='ocr_line' id='line_1_66' title="bbox 2154 2644 3748 2717; baseline -0.002 -17"><span class='ocrx_word' id='word_1_443' title='bbox 2154 2663 2334 2712; x_wconf 86' lang='grc' dir='ltr'><strong>τασιν,</strong></span> <span class='ocrx_word' id='word_1_444' title='bbox 2382 2646 2559 2715; x_wconf 84' lang='grc' dir='ltr'><strong>λύπην</strong></span> <span class='ocrx_word' id='word_1_445' title='bbox 2616 2646 2716 2717; x_wconf 75' lang='grc' dir='ltr'><strong>μὲν</strong></span> <span class='ocrx_word' id='word_1_446' title='bbox 2758 2646 2870 2707; x_wconf 83' lang='grc' dir='ltr'><strong>τοῖς</strong></span> <span class='ocrx_word' id='word_1_447' title='bbox 2917 2644 3051 2699; x_wconf 75' lang='grc' dir='ltr'><strong>ὠσὶν</strong></span> <span class='ocrx_word' id='word_1_448' title='bbox 3096 2644 3253 2716; x_wconf 67' lang='grc' dir='ltr'><strong>ἡμῶν</strong></span> <span class='ocrx_word' id='word_1_449' title='bbox 3299 2645 3536 2699; x_wconf 72' lang='grc' dir='ltr'><strong>ἐνεποίει</strong></span> <span class='ocrx_word' id='word_1_450' title='bbox 3569 2659 3748 2714; x_wconf 82' lang='grc' dir='ltr'><strong>προσ-</strong></span> 
     </span>
    </p>
   </div>
   <div class='ocr_carea' id='block_1_67' title="bbox 2153 2734 3741 2808">
    <p class='ocr_par' dir='ltr' id='par_1_67' title="bbox 2153 2734 3741 2808">
     <span class='ocr_line' id='line_1_67' title="bbox 2153 2734 3741 2808; baseline -0.002 -16"><span class='ocrx_word' id='word_1_451' title='bbox 2153 2740 2442 2804; x_wconf 85' lang='grc' dir='ltr'><strong>πίπτοντα,</strong></span> <span class='ocrx_word' id='word_1_452' title='bbox 2489 2740 2630 2808; x_wconf 81' lang='grc' dir='ltr'><strong>πλὴν</strong></span> <span class='ocrx_word' id='word_1_453' title='bbox 2662 2738 2761 2808; x_wconf 86' lang='grc' dir='ltr'><strong>οὑχ</strong></span> <span class='ocrx_word' id='word_1_454' title='bbox 2797 2736 2940 2791; x_wconf 77' lang='grc' dir='ltr'><strong>οὑτω</strong></span> <span class='ocrx_word' id='word_1_455' title='bbox 2974 2736 3227 2808; x_wconf 82' lang='grc' dir='ltr'><strong>δριμεῖαν</strong></span> <span class='ocrx_word' id='word_1_456' title='bbox 3256 2736 3379 2790; x_wconf 82' lang='grc' dir='ltr'><strong>οὑδὲ</strong></span> <span class='ocrx_word' id='word_1_457' title='bbox 3409 2734 3741 2808; x_wconf 78' lang='grc' dir='ltr'><strong>παρακλήσ-</strong></span> 
     </span>
    </p>
   </div>
   <div class='ocr_carea' id='block_1_68' title="bbox 2152 2827 3746 2902">
    <p class='ocr_par' dir='ltr' id='par_1_68' title="bbox 2152 2827 3746 2902">
     <span class='ocr_line' id='line_1_68' title="bbox 2152 2827 3746 2902; baseline -0.004 -17"><span class='ocrx_word' id='word_1_458' title='bbox 2152 2848 2258 2894; x_wconf 77' lang='grc' dir='ltr'><strong>ειυς</strong></span> <span class='ocrx_word' id='word_1_459' title='bbox 2314 2830 2649 2901; x_wconf 79' lang='grc' dir='ltr'><strong>ἀποροῦσαν,</strong></span> <span class='ocrx_word' id='word_1_460' title='bbox 2699 2831 2833 2885; x_wconf 84' lang='grc' dir='ltr'><strong>διότι</strong></span> <span class='ocrx_word' id='word_1_461' title='bbox 2875 2830 3059 2902; x_wconf 80' lang='grc' dir='ltr'><strong>πάσης</strong></span> <span class='ocrx_word' id='word_1_462' title='bbox 3119 2830 3239 2884; x_wconf 71' lang='grc' dir='ltr'><strong>καὶ.</strong></span> <span class='ocrx_word' id='word_1_463' title='bbox 3267 2828 3592 2899; x_wconf 84' lang='grc' dir='ltr'><strong>δυσχερείας</strong></span> <span class='ocrx_word' id='word_1_464' title='bbox 3646 2827 3746 2880; x_wconf 75' lang='grc' dir='ltr'><strong>καὶ</strong></span> 
     </span>
    </p>
   </div>
   <div class='ocr_carea' id='block_1_69' title="bbox 2158 2915 3747 2994">
    <p class='ocr_par' dir='ltr' id='par_1_69' title="bbox 2158 2915 3747 2994">
     <span class='ocr_line' id='line_1_69' title="bbox 2158 2915 3747 2994; baseline -0.004 -15"><span class='ocrx_word' id='word_1_465' title='bbox 2158 2925 2393 2994; x_wconf 75' lang='grc' dir='ltr'><strong>θλίψεως</strong></span> <span class='ocrx_word' id='word_1_466' title='bbox 2415 2923 2573 2984; x_wconf 71' lang='grc' dir='ltr'><strong>ἐλπὶς</strong></span> <span class='ocrx_word' id='word_1_467' title='bbox 2617 2920 2988 2994; x_wconf 88' lang='grc' dir='ltr'><strong>προλαϐοῦσα,</strong></span> <span class='ocrx_word' id='word_1_468' title='bbox 3048 2923 3144 2975; x_wconf 76' lang='grc' dir='ltr'><strong>καὶ</strong></span> <span class='ocrx_word' id='word_1_469' title='bbox 3183 2915 3295 2974; x_wconf 78' lang='grc' dir='ltr'><strong>οἷον</strong></span> <span class='ocrx_word' id='word_1_470' title='bbox 3347 2920 3747 2990; x_wconf 77' lang='grc' dir='ltr'><strong>ὲγγυμνάσασα</strong></span> 
     </span>
    </p>
   </div>
   <div class='ocr_carea' id='block_1_70' title="bbox 2160 3012 3746 3088">
    <p class='ocr_par' dir='ltr' id='par_1_70' title="bbox 2160 3012 3746 3088">
     <span class='ocr_line' id='line_1_70' title="bbox 2160 3012 3746 3088; baseline -0.002 -19"><span class='ocrx_word' id='word_1_471' title='bbox 2160 3018 2262 3087; x_wconf 77' lang='grc' dir='ltr'><strong>τὴν</strong></span> <span class='ocrx_word' id='word_1_472' title='bbox 2291 3016 2470 3088; x_wconf 77' lang='grc' dir='ltr'><strong>ψυχὴν</strong></span> <span class='ocrx_word' id='word_1_473' title='bbox 2500 3018 2570 3087; x_wconf 72' lang='grc' dir='ltr'><strong>τῇ</strong></span> <span class='ocrx_word' id='word_1_474' title='bbox 2599 3014 2802 3084; x_wconf 67' lang='grc' dir='ltr'><strong>ἑαυτῆς</strong></span> <span class='ocrx_word' id='word_1_475' title='bbox 2831 3013 3022 3085; x_wconf 72' lang='grc' dir='ltr'><strong>ὁμιλία</strong></span> <span class='ocrx_word' id='word_1_476' title='bbox 3059 3015 3490 3085; x_wconf 83' lang='grc' dir='ltr'><strong>προαφαιρετται</strong></span> <span class='ocrx_word' id='word_1_477' title='bbox 3518 3012 3581 3066; x_wconf 84' lang='grc' dir='ltr'><strong>τὸ</strong></span> <span class='ocrx_word' id='word_1_478' title='bbox 3607 3012 3746 3067; x_wconf 84' lang='grc' dir='ltr'><strong>πολὺ</strong></span> 
     </span>
    </p>
   </div>
   <div class='ocr_carea' id='block_1_71' title="bbox 2162 3102 3750 3180">
    <p class='ocr_par' dir='ltr' id='par_1_71' title="bbox 2162 3102 3750 3180">
     <span class='ocr_line' id='line_1_71' title="bbox 2162 3102 3750 3180; baseline -0.005 -18"><span class='ocrx_word' id='word_1_479' title='bbox 2162 3112 2261 3180; x_wconf 77' lang='grc' dir='ltr'><strong>τῆς</strong></span> <span class='ocrx_word' id='word_1_480' title='bbox 2292 3106 2859 3180; x_wconf 71' lang='grc' dir='ltr'><strong>βαρύτητος,ὲπειδ.ὶν</strong></span> <span class='ocrx_word' id='word_1_481' title='bbox 2913 3103 3195 3176; x_wconf 79' lang='grc' dir='ltr'><strong>καταλάϐῃ</strong></span> <span class='ocrx_word' id='word_1_482' title='bbox 3236 3104 3305 3157; x_wconf 84' lang='grc' dir='ltr'><strong>τὰ</strong></span> <span class='ocrx_word' id='word_1_483' title='bbox 3348 3102 3607 3175; x_wconf 81' lang='grc' dir='ltr'><strong>δυσχερῆ.</strong></span> <span class='ocrx_word' id='word_1_484' title='bbox 3634 3103 3750 3157; x_wconf 76' lang='grc' dir='ltr'><strong>Καὶ</strong></span> 
     </span>
    </p>
   </div>
   <div class='ocr_carea' id='block_1_72' title="bbox 2163 3194 3750 3272">
    <p class='ocr_par' dir='ltr' id='par_1_72' title="bbox 2163 3194 3750 3272">
     <span class='ocr_line' id='line_1_72' title="bbox 2163 3194 3750 3272; baseline -0.004 -18"><span class='ocrx_word' id='word_1_485' title='bbox 2163 3202 2326 3272; x_wconf 81' lang='grc' dir='ltr'><strong>ἡμεῖς</strong></span> <span class='ocrx_word' id='word_1_486' title='bbox 2376 3196 2470 3254; x_wconf 82' lang='grc' dir='ltr'><strong>οὖν</strong></span> <span class='ocrx_word' id='word_1_487' title='bbox 2507 3197 2819 3269; x_wconf 79' lang='grc' dir='ltr'><strong>προειδότες</strong></span> <span class='ocrx_word' id='word_1_488' title='bbox 2865 3195 2965 3269; x_wconf 78' lang='grc' dir='ltr'><strong>τὴν</strong></span> <span class='ocrx_word' id='word_1_489' title='bbox 3006 3196 3114 3249; x_wconf 83' lang='grc' dir='ltr'><strong>τῶν</strong></span> <span class='ocrx_word' id='word_1_490' title='bbox 3167 3195 3514 3267; x_wconf 80' lang='grc' dir='ltr'><strong>πραγμάτων</strong></span> <span class='ocrx_word' id='word_1_491' title='bbox 3578 3194 3750 3248; x_wconf 84' lang='grc' dir='ltr'><strong>κατά-</strong></span> 
     </span>
    </p>
   </div>
   <div class='ocr_carea' id='block_1_73' title="bbox 2164 3286 3753 3361">
    <p class='ocr_par' dir='ltr' id='par_1_73' title="bbox 2164 3286 3753 3361">
     <span class='ocr_line' id='line_1_73' title="bbox 2164 3286 3753 3361; baseline -0.006 -13"><span class='ocrx_word' id='word_1_492' title='bbox 2164 3310 2376 3360; x_wconf 82' lang='grc' dir='ltr'><strong>στασιν,</strong></span> <span class='ocrx_word' id='word_1_493' title='bbox 2405 3293 2490 3360; x_wconf 74' lang='grc' dir='ltr'><strong>ἐφ’</strong></span> <span class='ocrx_word' id='word_1_494' title='bbox 2516 3290 2584 3361; x_wconf 78' lang='grc' dir='ltr'><strong>ῆν</strong></span> <span class='ocrx_word' id='word_1_495' title='bbox 2614 3292 2719 3344; x_wconf 81' lang='grc' dir='ltr'><strong>ὑπὸ</strong></span> <span class='ocrx_word' id='word_1_496' title='bbox 2743 3289 2837 3343; x_wconf 84' lang='grc' dir='ltr'><strong>τοῦ</strong></span> <span class='ocrx_word' id='word_1_497' title='bbox 2859 3288 3129 3357; x_wconf 80' lang='grc' dir='ltr'><strong>παναγίου</strong></span> <span class='ocrx_word' id='word_1_498' title='bbox 3153 3286 3473 3358; x_wconf 75' lang='grc' dir='ltr'><strong>Πνεῦματος</strong></span> <span class='ocrx_word' id='word_1_499' title='bbox 3496 3303 3753 3360; x_wconf 72' lang='grc' dir='ltr'><strong>προεχειο</strong></span> 
     </span>
    </p>
   </div>
   <div class='ocr_carea' id='block_1_74' title="bbox 2164 3378 3749 3459">
    <p class='ocr_par' dir='ltr' id='par_1_74' title="bbox 2164 3378 3749 3459">
     <span class='ocr_line' id='line_1_74' title="bbox 2164 3378 3749 3459; baseline -0.006 -19"><span class='ocrx_word' id='word_1_500' title='bbox 2164 3387 2475 3459; x_wconf 87' lang='grc' dir='ltr'><strong>ρίσθης,ὼς</strong></span> <span class='ocrx_word' id='word_1_501' title='bbox 2495 3385 2596 3438; x_wconf 84' lang='grc' dir='ltr'><strong>οὑκ</strong></span> <span class='ocrx_word' id='word_1_502' title='bbox 2621 3382 2865 3451; x_wconf 73' lang='grc' dir='ltr'><strong>εὔλογος,</strong></span> <span class='ocrx_word' id='word_1_503' title='bbox 2918 3380 3040 3435; x_wconf 61' lang='grc' dir='ltr'><strong>οὐδὲ</strong></span> <span class='ocrx_word' id='word_1_504' title='bbox 3090 3380 3267 3432; x_wconf 82' lang='grc' dir='ltr'><strong>πόνων</strong></span> <span class='ocrx_word' id='word_1_505' title='bbox 3326 3378 3749 3450; x_wconf 82' lang='grc' dir='ltr'><strong>άπηλλαγμένη,</strong></span> 
     </span>
    </p>
   </div>
   <div class='ocr_carea' id='block_1_75' title="bbox 2161 3471 3752 3544">
    <p class='ocr_par' dir='ltr' id='par_1_75' title="bbox 2161 3471 3752 3544">
     <span class='ocr_line' id='line_1_75' title="bbox 2161 3471 3752 3544; baseline -0.006 -11"><span class='ocrx_word' id='word_1_506' title='bbox 2161 3479 2259 3533; x_wconf 85' lang='grc' dir='ltr'><strong>νῦν</strong></span> <span class='ocrx_word' id='word_1_507' title='bbox 2316 3476 2414 3531; x_wconf 87' lang='grc' dir='ltr'><strong>τοῦ</strong></span> <span class='ocrx_word' id='word_1_508' title='bbox 2482 3475 2580 3529; x_wconf 84' lang='grc' dir='ltr'><strong>σοῦ</strong></span> <span class='ocrx_word' id='word_1_509' title='bbox 2639 3476 2971 3544; x_wconf 83' lang='grc' dir='ltr'><strong>γράμματος</strong></span> <span class='ocrx_word' id='word_1_510' title='bbox 3026 3471 3455 3540; x_wconf 81' lang='grc' dir='ltr'><strong>ἀναγγέλλοντος</strong></span> <span class='ocrx_word' id='word_1_511' title='bbox 3509 3472 3579 3525; x_wconf 83' lang='grc' dir='ltr'><strong>τὰ</strong></span> <span class='ocrx_word' id='word_1_512' title='bbox 3618 3471 3752 3541; x_wconf 78' lang='grc' dir='ltr'><strong>ὑμῖν</strong></span> 
     </span>
    </p>
   </div>
   <div class='ocr_carea' id='block_1_76' title="bbox 2164 3561 3753 3635">
    <p class='ocr_par' dir='ltr' id='par_1_76' title="bbox 2164 3561 3753 3635">
     <span class='ocr_line' id='line_1_76' title="bbox 2164 3561 3753 3635; baseline -0.004 -11"><span class='ocrx_word' id='word_1_513' title='bbox 2164 3569 2534 3631; x_wconf 86' lang='grc' dir='ltr'><strong>συναντῶντα,</strong></span> <span class='ocrx_word' id='word_1_514' title='bbox 2593 3565 2655 3632; x_wconf 66' lang='grc' dir='ltr'><strong>ἐξ</strong></span> <span class='ocrx_word' id='word_1_515' title='bbox 2687 3561 2764 3620; x_wconf 83' lang='grc' dir='ltr'><strong>ὧν</strong></span> <span class='ocrx_word' id='word_1_516' title='bbox 2814 3565 2937 3619; x_wconf 69' lang='grc' dir='ltr'><strong>οὐδὲ</strong></span> <span class='ocrx_word' id='word_1_517' title='bbox 2972 3565 3106 3635; x_wconf 78' lang='grc' dir='ltr'><strong>πρὶν</strong></span> <span class='ocrx_word' id='word_1_518' title='bbox 3163 3562 3493 3633; x_wconf 70' lang='grc' dir='ltr'><strong>ἠγνοοῦμεν,</strong></span> <span class='ocrx_word' id='word_1_519' title='bbox 3554 3565 3603 3616; x_wconf 83' lang='grc' dir='ltr'><strong>εί</strong></span> <span class='ocrx_word' id='word_1_520' title='bbox 3655 3564 3753 3617; x_wconf 71' lang='grc' dir='ltr'><strong>καὶ</strong></span> 
     </span>
    </p>
   </div>
   <div class='ocr_carea' id='block_1_77' title="bbox 2160 3654 3744 3733">
    <p class='ocr_par' dir='ltr' id='par_1_77' title="bbox 2160 3654 3744 3733">
     <span class='ocr_line' id='line_1_77' title="bbox 2160 3654 3744 3733; baseline -0.006 -16"><span class='ocrx_word' id='word_1_521' title='bbox 2160 3660 2466 3732; x_wconf 74' lang='grc' dir='ltr'><strong>ἀνιώμεθα,</strong></span> <span class='ocrx_word' id='word_1_522' title='bbox 2491 3660 2634 3733; x_wconf 81' lang='grc' dir='ltr'><strong>πλὴν</strong></span> <span class='ocrx_word' id='word_1_523' title='bbox 2670 3660 2731 3713; x_wconf 84' lang='grc' dir='ltr'><strong>τὸ</strong></span> <span class='ocrx_word' id='word_1_524' title='bbox 2755 3659 2927 3723; x_wconf 82' lang='grc' dir='ltr'><strong>πάθος</strong></span> <span class='ocrx_word' id='word_1_525' title='bbox 2948 3657 3188 3729; x_wconf 81' lang='grc' dir='ltr'><strong>φορητὸν</strong></span> <span class='ocrx_word' id='word_1_526' title='bbox 3215 3656 3453 3727; x_wconf 74' lang='grc' dir='ltr'><strong>μάλιστα</strong></span> <span class='ocrx_word' id='word_1_527' title='bbox 3478 3654 3575 3710; x_wconf 78' lang='grc' dir='ltr'><strong>καὶ</strong></span> <span class='ocrx_word' id='word_1_528' title='bbox 3604 3657 3744 3727; x_wconf 83' lang='grc' dir='ltr'><strong>πρὸς</strong></span> 
     </span>
    </p>
   </div>
   <div class='ocr_carea' id='block_1_78' title="bbox 2159 3748 3753 3824">
    <p class='ocr_par' dir='ltr' id='par_1_78' title="bbox 2159 3748 3753 3824">
     <span class='ocr_line' id='line_1_78' title="bbox 2159 3748 3753 3824; baseline -0.004 -17"><span class='ocrx_word' id='word_1_529' title='bbox 2159 3756 2256 3820; x_wconf 78' lang='grc' dir='ltr'><strong>τὰς</strong></span> <span class='ocrx_word' id='word_1_530' title='bbox 2294 3752 2616 3818; x_wconf 82' lang='grc' dir='ltr'><strong>ἀντιδόσεις,</strong></span> <span class='ocrx_word' id='word_1_531' title='bbox 2640 3752 2717 3824; x_wconf 86' lang='grc' dir='ltr'><strong>τῷ</strong></span> <span class='ocrx_word' id='word_1_532' title='bbox 2748 3749 3001 3821; x_wconf 82' lang='grc' dir='ltr'><strong>λογισμῷ</strong></span> <span class='ocrx_word' id='word_1_533' title='bbox 3030 3748 3488 3821; x_wconf 81' lang='grc' dir='ltr'><strong>ὑπερκύπτοντες</strong></span> <span class='ocrx_word' id='word_1_534' title='bbox 3521 3752 3619 3805; x_wconf 77' lang='grc' dir='ltr'><strong>καὶ</strong></span> <span class='ocrx_word' id='word_1_535' title='bbox 3648 3752 3753 3823; x_wconf 75' lang='grc' dir='ltr'><strong>τὴν</strong></span> 
     </span>
    </p>
   </div>
   <div class='ocr_carea' id='block_1_79' title="bbox 2158 3845 3755 3916">
    <p class='ocr_par' dir='ltr' id='par_1_79' title="bbox 2158 3845 3755 3916">
     <span class='ocr_line' id='line_1_79' title="bbox 2158 3845 3755 3916; baseline -0.003 -15"><span class='ocrx_word' id='word_1_536' title='bbox 2158 3849 2367 3902; x_wconf 70' lang='grc' dir='ltr'><strong>ἐκεῖθεν</strong></span> <span class='ocrx_word' id='word_1_537' title='bbox 2397 3848 2724 3911; x_wconf 66' lang='grc' dir='ltr'><strong>άπὸλαυσιν,</strong></span> <span class='ocrx_word' id='word_1_538' title='bbox 2754 3845 2879 3899; x_wconf 76' lang='grc' dir='ltr'><strong>οὐδ’</strong></span> <span class='ocrx_word' id='word_1_539' title='bbox 2902 3846 3029 3898; x_wconf 74' lang='grc' dir='ltr'><strong>ὅσον</strong></span> <span class='ocrx_word' id='word_1_540' title='bbox 3079 3845 3259 3899; x_wconf 82' lang='grc' dir='ltr'><strong>είπετν</strong></span> <span class='ocrx_word' id='word_1_541' title='bbox 3293 3847 3423 3908; x_wconf 78' lang='grc' dir='ltr'><strong>τοὺς</strong></span> <span class='ocrx_word' id='word_1_542' title='bbox 3469 3846 3755 3916; x_wconf 83' lang='grc' dir='ltr'><strong>παρόντας</strong></span> 
     </span>
    </p>
   </div>
   <div class='ocr_carea' id='block_1_80' title="bbox 2158 3936 3755 4014">
    <p class='ocr_par' dir='ltr' id='par_1_80' title="bbox 2158 3936 3755 4014">
     <span class='ocr_line' id='line_1_80' title="bbox 2158 3936 3755 4014; baseline -0.003 -21"><span class='ocrx_word' id='word_1_543' title='bbox 2158 3940 2625 4011; x_wconf 82' lang='grc' dir='ltr'><strong>άποκρυπτούσας</strong></span> <span class='ocrx_word' id='word_1_544' title='bbox 2679 3937 3125 4001; x_wconf 81' lang='grc' dir='ltr'><strong>πόνους.⁹Εκετνο</strong></span> <span class='ocrx_word' id='word_1_545' title='bbox 3150 3936 3207 3992; x_wconf 68' lang='grc' dir='ltr'><strong>δὲ</strong></span> <span class='ocrx_word' id='word_1_546' title='bbox 3238 3937 3513 4009; x_wconf 79' lang='grc' dir='ltr'><strong>ἀφόρητον</strong></span> <span class='ocrx_word' id='word_1_547' title='bbox 3548 3937 3755 4014; x_wconf 63' lang='grc' dir='ltr'><strong>ἐδόκει,</strong></span> 
     </span>
    </p>
   </div>
   <div class='ocr_carea' id='block_1_81' title="bbox 2159 4031 3757 4105">
    <p class='ocr_par' dir='ltr' id='par_1_81' title="bbox 2159 4031 3757 4105">
     <span class='ocr_line' id='line_1_81' title="bbox 2159 4031 3757 4105; baseline -0.002 -18"><span class='ocrx_word' id='word_1_548' title='bbox 2159 4038 2253 4089; x_wconf 79' lang='grc' dir='ltr'><strong>καὶ</strong></span> <span class='ocrx_word' id='word_1_549' title='bbox 2285 4036 2385 4103; x_wconf 84' lang='grc' dir='ltr'><strong>τὴν</strong></span> <span class='ocrx_word' id='word_1_550' title='bbox 2418 4035 2635 4105; x_wconf 80' lang='grc' dir='ltr'><strong>πληγὴν</strong></span> <span class='ocrx_word' id='word_1_551' title='bbox 2672 4033 2897 4104; x_wconf 86' lang='grc' dir='ltr'><strong>καιρίαν</strong></span> <span class='ocrx_word' id='word_1_552' title='bbox 2928 4031 3098 4085; x_wconf 72' lang='grc' dir='ltr'><strong>ἔδωκε</strong></span> <span class='ocrx_word' id='word_1_553' title='bbox 3126 4031 3190 4085; x_wconf 82' lang='grc' dir='ltr'><strong>τὸ</strong></span> <span class='ocrx_word' id='word_1_554' title='bbox 3216 4031 3447 4086; x_wconf 86' lang='grc' dir='ltr'><strong>τοιαῦτα</strong></span> <span class='ocrx_word' id='word_1_555' title='bbox 3498 4031 3757 4103; x_wconf 84' lang='grc' dir='ltr'><strong>ὑπολαμ-</strong></span> 
     </span>
    </p>
   </div>
   <div class='ocr_carea' id='block_1_82' title="bbox 2160 4124 3757 4199">
    <p class='ocr_par' dir='ltr' id='par_1_82' title="bbox 2160 4124 3757 4199">
     <span class='ocr_line' id='line_1_82' title="bbox 2160 4124 3757 4199; baseline -0.002 -18"><span class='ocrx_word' id='word_1_556' title='bbox 2160 4128 2471 4191; x_wconf 70' lang='grc' dir='ltr'><strong>ϐάνειν,καὶ</strong></span> <span class='ocrx_word' id='word_1_557' title='bbox 2495 4128 2571 4199; x_wconf 80' lang='grc' dir='ltr'><strong>μὴ</strong></span> <span class='ocrx_word' id='word_1_558' title='bbox 2607 4128 2768 4196; x_wconf 84' lang='grc' dir='ltr'><strong>μόνον</strong></span> <span class='ocrx_word' id='word_1_559' title='bbox 2787 4124 3243 4191; x_wconf 79' lang='grc' dir='ltr'><strong>ὑπολαϐεῖν,άλλὰ</strong></span> <span class='ocrx_word' id='word_1_560' title='bbox 3259 4125 3357 4180; x_wconf 76' lang='grc' dir='ltr'><strong>καὶ</strong></span> <span class='ocrx_word' id='word_1_561' title='bbox 3379 4125 3629 4197; x_wconf 76' lang='grc' dir='ltr'><strong>φανερὰν</strong></span> <span class='ocrx_word' id='word_1_562' title='bbox 3654 4124 3757 4194; x_wconf 78' lang='grc' dir='ltr'><strong>τὴν</strong></span> 
     </span>
    </p>
   </div>
   <div class='ocr_carea' id='block_1_83' title="bbox 2156 4212 3759 4291">
    <p class='ocr_par' dir='ltr' id='par_1_83' title="bbox 2156 4212 3759 4291">
     <span class='ocr_line' id='line_1_83' title="bbox 2156 4212 3759 4291; baseline -0.003 -17"><span class='ocrx_word' id='word_1_563' title='bbox 2156 4221 2425 4291; x_wconf 76' lang='grc' dir='ltr'><strong>ὑπόληψιν</strong></span> <span class='ocrx_word' id='word_1_564' title='bbox 2457 4220 2818 4291; x_wconf 80' lang='grc' dir='ltr'><strong>καταστῆσαι,</strong></span> <span class='ocrx_word' id='word_1_565' title='bbox 2844 4218 2910 4271; x_wconf 86' lang='grc' dir='ltr'><strong>δι’</strong></span> <span class='ocrx_word' id='word_1_566' title='bbox 2927 4212 3002 4271; x_wconf 81' lang='grc' dir='ltr'><strong>ὧν</strong></span> <span class='ocrx_word' id='word_1_567' title='bbox 3028 4217 3296 4289; x_wconf 69' lang='grc' dir='ltr'><strong>ἔγραψας,</strong></span> <span class='ocrx_word' id='word_1_568' title='bbox 3325 4217 3403 4283; x_wconf 81' lang='grc' dir='ltr'><strong>ὡς</strong></span> <span class='ocrx_word' id='word_1_569' title='bbox 3429 4217 3759 4286; x_wconf 76' lang='grc' dir='ltr'><strong>ὲκϐἐϐλησαι</strong></span> 
     </span>
    </p>
   </div>
   <div class='ocr_carea' id='block_1_84' title="bbox 2155 4307 3760 4385">
    <p class='ocr_par' dir='ltr' id='par_1_84' title="bbox 2155 4307 3760 4385">
     <span class='ocr_line' id='line_1_84' title="bbox 2155 4307 3760 4385; baseline -0.002 -19"><span class='ocrx_word' id='word_1_570' title='bbox 2155 4313 2253 4383; x_wconf 81' lang='grc' dir='ltr'><strong>τῆς</strong></span> <span class='ocrx_word' id='word_1_571' title='bbox 2284 4312 2447 4385; x_wconf 80' lang='grc' dir='ltr'><strong>ἡμῶν</strong></span> <span class='ocrx_word' id='word_1_572' title='bbox 2478 4310 2728 4383; x_wconf 85' lang='grc' dir='ltr'><strong>καρδίας,</strong></span> <span class='ocrx_word' id='word_1_573' title='bbox 2754 4314 2851 4364; x_wconf 59' lang='grc' dir='ltr'><strong>καὶ⁵</strong></span> <span class='ocrx_word' id='word_1_574' title='bbox 2880 4312 2913 4382; x_wconf 79' lang='grc' dir='ltr'>ἡ</span> <span class='ocrx_word' id='word_1_575' title='bbox 2947 4310 3018 4381; x_wconf 78' lang='grc' dir='ltr'><strong>σῆ</strong></span> <span class='ocrx_word' id='word_1_576' title='bbox 3051 4311 3299 4365; x_wconf 81' lang='grc' dir='ltr'><strong>ἀπόλωλε</strong></span> <span class='ocrx_word' id='word_1_577' title='bbox 3337 4311 3549 4382; x_wconf 86' lang='grc' dir='ltr'><strong>μνήμη.</strong></span> <span class='ocrx_word' id='word_1_578' title='bbox 3587 4307 3760 4365; x_wconf 87' lang='grc' dir='ltr'><strong>Τοῦτο</strong></span> 
     </span>
    </p>
   </div>
   <div class='ocr_carea' id='block_1_85' title="bbox 480 4393 2057 4476">
    <p class='ocr_par' dir='ltr' id='par_1_85' title="bbox 480 4403 2055 4474">
     <span class='ocr_line' id='line_1_85' title="bbox 480 4403 2055 4474; baseline -0.001 -13"><span class='ocrx_word' id='word_1_579' title='bbox 480 4406 719 4461; x_wconf 67' lang='lat' dir='ltr'><strong>saltator</strong></span> <span class='ocrx_word' id='word_1_580' title='bbox 738 4446 755 4472; x_wconf 88' lang='lat'><strong>,</strong></span> <span class='ocrx_word' id='word_1_581' title='bbox 787 4405 1058 4461; x_wconf 79' lang='lat' dir='ltr'><strong>secundus</strong></span> <span class='ocrx_word' id='word_1_582' title='bbox 1087 4414 1264 4459; x_wconf 82' lang='lat' dir='ltr'><strong>tamen</strong></span> <span class='ocrx_word' id='word_1_583' title='bbox 1292 4420 1323 4459; x_wconf 91' lang='lat' dir='ltr'><strong>a</strong></span> <span class='ocrx_word' id='word_1_584' title='bbox 1342 4404 1520 4474; x_wconf 92' lang='lat' dir='ltr'><strong>primo</strong></span> <span class='ocrx_word' id='word_1_585' title='bbox 1556 4412 1741 4459; x_wconf 87' lang='lat' dir='ltr'><strong>nostro</strong></span> <span class='ocrx_word' id='word_1_586' title='bbox 1772 4403 2055 4459; x_wconf 84' lang='lat' dir='ltr'><strong>Salvatore</strong></span> 
     </span>
    </p>
   </div>
   <div class='ocr_carea' id='block_1_86' title="bbox 2160 4393 3763 4476">
    <p class='ocr_par' dir='ltr' id='par_1_86' title="bbox 2165 4393 3763 4476">
     <span class='ocr_line' id='line_1_86' title="bbox 2165 4393 3763 4476; baseline -0.003 -16"><span class='ocrx_word' id='word_1_587' title='bbox 2165 4406 2287 4460; x_wconf 71' lang='grc' dir='ltr'><strong>οὑδὲ</strong></span> <span class='ocrx_word' id='word_1_588' title='bbox 2337 4406 2444 4459; x_wconf 84' lang='grc' dir='ltr'><strong>τῶν</strong></span> <span class='ocrx_word' id='word_1_589' title='bbox 2482 4403 2696 4476; x_wconf 76' lang='grc' dir='ltr'><strong>ἐχθρῶν</strong></span> <span class='ocrx_word' id='word_1_590' title='bbox 2734 4405 3002 4471; x_wconf 82' lang='grc' dir='ltr'><strong>λεγόντων</strong></span> <span class='ocrx_word' id='word_1_591' title='bbox 3045 4403 3279 4458; x_wconf 83' lang='grc' dir='ltr'><strong>ἀκοῦσαι</strong></span> <span class='ocrx_word' id='word_1_592' title='bbox 3309 4403 3642 4475; x_wconf 67' lang='grc' dir='ltr'><strong>ἠλπίσαμεν,</strong></span> <span class='ocrx_word' id='word_1_593' title='bbox 3688 4393 3763 4473; x_wconf 78' lang='grc' dir='ltr'><strong>μὴ</strong></span> 
     </span>
    </p>
   </div>
   <div class='ocr_carea' id='block_1_87' title="bbox 482 4495 2066 4567">
    <p class='ocr_par' dir='ltr' id='par_1_87' title="bbox 482 4495 2066 4567">
     <span class='ocr_line' id='line_1_87' title="bbox 482 4495 2066 4567; baseline 0.003 -20"><span class='ocrx_word' id='word_1_594' title='bbox 482 4503 537 4548; x_wconf 87' lang='lat' dir='ltr'><strong>et</strong></span> <span class='ocrx_word' id='word_1_595' title='bbox 573 4495 702 4560; x_wconf 87' lang='lat' dir='ltr'><strong>Deo,</strong></span> <span class='ocrx_word' id='word_1_596' title='bbox 726 4497 777 4550; x_wconf 92' lang='lat' dir='ltr'><strong>iu</strong></span> <span class='ocrx_word' id='word_1_597' title='bbox 811 4496 969 4551; x_wconf 89' lang='lat' dir='ltr'><strong>istius</strong></span> <span class='ocrx_word' id='word_1_598' title='bbox 989 4497 1133 4551; x_wconf 89' lang='lat' dir='ltr'><strong>modi</strong></span> <span class='ocrx_word' id='word_1_599' title='bbox 1173 4497 1542 4567; x_wconf 88' lang='lat' dir='ltr'><strong>suspicionem</strong></span> <span class='ocrx_word' id='word_1_600' title='bbox 1579 4497 1874 4551; x_wconf 87' lang='lat' dir='ltr'><strong>inciderit?</strong></span> <span class='ocrx_word' id='word_1_601' title='bbox 1925 4495 2066 4563; x_wconf 85' lang='lat' dir='ltr'><strong>Quid</strong></span> 
     </span>
    </p>
   </div>
   <div class='ocr_carea' id='block_1_88' title="bbox 2174 4494 3763 4565">
    <p class='ocr_par' dir='ltr' id='par_1_88' title="bbox 2174 4494 3763 4565">
     <span class='ocr_line' id='line_1_88' title="bbox 2174 4494 3763 4565; baseline -0.003 -14"><span class='ocrx_word' id='word_1_602' title='bbox 2174 4500 2257 4551; x_wconf 84' lang='grc' dir='ltr'><strong>ὃτι</strong></span> <span class='ocrx_word' id='word_1_603' title='bbox 2294 4514 2359 4565; x_wconf 90' lang='grc' dir='ltr'><strong>γε</strong></span> <span class='ocrx_word' id='word_1_604' title='bbox 2405 4496 2514 4551; x_wconf 85' lang='grc' dir='ltr'><strong>τῶν</strong></span> <span class='ocrx_word' id='word_1_605' title='bbox 2556 4497 2764 4549; x_wconf 81' lang='grc' dir='ltr'><strong>τέκνων</strong></span> <span class='ocrx_word' id='word_1_606' title='bbox 2811 4494 2845 4563; x_wconf 75' lang='grc' dir='ltr'>ἢ</span> <span class='ocrx_word' id='word_1_607' title='bbox 2888 4494 2998 4547; x_wconf 87' lang='grc' dir='ltr'><strong>τῶν</strong></span> <span class='ocrx_word' id='word_1_608' title='bbox 3044 4494 3221 4558; x_wconf 73' lang='grc' dir='ltr'><strong>ἄλλως</strong></span> <span class='ocrx_word' id='word_1_609' title='bbox 3260 4494 3581 4562; x_wconf 82' lang='grc' dir='ltr'><strong>φιλούντων.</strong></span> <span class='ocrx_word' id='word_1_610' title='bbox 3637 4494 3763 4555; x_wconf 57' lang='grc' dir='ltr'><strong>Πῶς</strong></span> 
     </span>
    </p>
   </div>
   <div class='ocr_carea' id='block_1_89' title="bbox 483 4583 2057 4659">
    <p class='ocr_par' dir='ltr' id='par_1_89' title="bbox 483 4586 2057 4659">
     <span class='ocr_line' id='line_1_89' title="bbox 483 4586 2057 4659; baseline 0.001 -20"><span class='ocrx_word' id='word_1_611' title='bbox 483 4586 628 4639; x_wconf 89' lang='lat' dir='ltr'><strong>enim</strong></span> <span class='ocrx_word' id='word_1_612' title='bbox 681 4588 935 4642; x_wconf 82' lang='lat' dir='ltr'><strong>misetius</strong></span> <span class='ocrx_word' id='word_1_613' title='bbox 978 4589 1203 4658; x_wconf 78' lang='lat' dir='ltr'><strong>cogitari</strong></span> <span class='ocrx_word' id='word_1_614' title='bbox 1238 4599 1411 4657; x_wconf 90' lang='lat' dir='ltr'><strong>potest</strong></span> <span class='ocrx_word' id='word_1_615' title='bbox 1433 4605 1598 4659; x_wconf 90' lang='lat' dir='ltr'><strong>quam</strong></span> <span class='ocrx_word' id='word_1_616' title='bbox 1634 4590 1851 4645; x_wconf 85' lang='lat' dir='ltr'><strong>oblivisi</strong></span> <span class='ocrx_word' id='word_1_617' title='bbox 1892 4589 1982 4644; x_wconf 89' lang='lat' dir='ltr'><strong>Dei</strong></span> <span class='ocrx_word' id='word_1_618' title='bbox 2019 4600 2057 4643; x_wconf 85' lang='lat' dir='ltr'><strong>el</strong></span> 
     </span>
    </p>
   </div>
   <div class='ocr_carea' id='block_1_90' title="bbox 2160 4583 3764 4659">
    <p class='ocr_par' dir='ltr' id='par_1_90' title="bbox 2175 4583 3764 4658">
     <span class='ocr_line' id='line_1_90' title="bbox 2175 4583 3764 4658; baseline 0 -20"><span class='ocrx_word' id='word_1_619' title='bbox 2175 4587 2288 4658; x_wconf 81' lang='grc' dir='ltr'><strong>γὰρ</strong></span> <span class='ocrx_word' id='word_1_620' title='bbox 2314 4589 2363 4642; x_wconf 86' lang='grc' dir='ltr'><strong>εί</strong></span> <span class='ocrx_word' id='word_1_621' title='bbox 2412 4587 2487 4656; x_wconf 80' lang='grc' dir='ltr'><strong>μὴ</strong></span> <span class='ocrx_word' id='word_1_622' title='bbox 2516 4587 2786 4656; x_wconf 86' lang='grc' dir='ltr'><strong>πρότερον</strong></span> <span class='ocrx_word' id='word_1_623' title='bbox 2822 4584 2961 4639; x_wconf 80' lang='grc' dir='ltr'><strong>Θεοῦ</strong></span> <span class='ocrx_word' id='word_1_624' title='bbox 2998 4586 3223 4655; x_wconf 80' lang='grc' dir='ltr'><strong>μνήμης</strong></span> <span class='ocrx_word' id='word_1_625' title='bbox 3267 4585 3492 4656; x_wconf 67' lang='grc' dir='ltr'><strong>ἕρημοι,</strong></span> <span class='ocrx_word' id='word_1_626' title='bbox 3534 4583 3633 4637; x_wconf 57' lang='grc' dir='ltr'><strong>καὶ¹</strong></span> <span class='ocrx_word' id='word_1_627' title='bbox 3664 4584 3764 4653; x_wconf 76' lang='grc' dir='ltr'><strong>τῆς</strong></span> 
     </span>
    </p>
   </div>
   <div class='ocr_carea' id='block_1_91' title="bbox 486 4678 2072 4752">
    <p class='ocr_par' dir='ltr' id='par_1_91' title="bbox 486 4678 2072 4752">
     <span class='ocr_line' id='line_1_91' title="bbox 486 4678 2072 4752; baseline 0.001 -20"><span class='ocrx_word' id='word_1_628' title='bbox 486 4678 769 4733; x_wconf 89' lang='lat' dir='ltr'><strong>hominum</strong></span> <span class='ocrx_word' id='word_1_629' title='bbox 818 4679 1189 4735; x_wconf 74' lang='lat' dir='ltr'><strong>conversionis</strong></span> <span class='ocrx_word' id='word_1_630' title='bbox 1219 4680 1283 4734; x_wconf 83' lang='lat' dir='ltr'><strong>ad</strong></span> <span class='ocrx_word' id='word_1_631' title='bbox 1334 4680 1485 4735; x_wconf 91' lang='lat' dir='ltr'><strong>illum</strong></span> <span class='ocrx_word' id='word_1_632' title='bbox 1548 4682 1641 4751; x_wconf 91' lang='lat' dir='ltr'><strong>qui</strong></span> <span class='ocrx_word' id='word_1_633' title='bbox 1684 4696 1785 4737; x_wconf 91' lang='lat' dir='ltr'><strong>nos</strong></span> <span class='ocrx_word' id='word_1_634' title='bbox 1818 4696 1847 4735; x_wconf 91' lang='lat' dir='ltr'><strong>a</strong></span> <span class='ocrx_word' id='word_1_635' title='bbox 1885 4690 2072 4752; x_wconf 83' lang='lat' dir='ltr'><strong>tyran-</strong></span> 
     </span>
    </p>
   </div>
   <div class='ocr_carea' id='block_1_92' title="bbox 489 4770 1403 4841">
    <p class='ocr_par' dir='ltr' id='par_1_92' title="bbox 489 4770 1403 4841">
     <span class='ocr_line' id='line_1_92' title="bbox 489 4770 1403 4841; baseline 0.001 -18"><span class='ocrx_word' id='word_1_636' title='bbox 489 4770 609 4825; x_wconf 83' lang='lat' dir='ltr'><strong>nica</strong></span> <span class='ocrx_word' id='word_1_637' title='bbox 646 4780 911 4841; x_wconf 84' lang='lat' dir='ltr'><strong>potestate</strong></span> <span class='ocrx_word' id='word_1_638' title='bbox 928 4771 1127 4826; x_wconf 92' lang='lat' dir='ltr'><strong>diaholi</strong></span> <span class='ocrx_word' id='word_1_639' title='bbox 1160 4770 1403 4827; x_wconf 76' lang='lat' dir='ltr'><strong>liberat?</strong></span> 
     </span>
    </p>
   </div>
   <div class='ocr_carea' id='block_1_93' title="bbox 2176 4671 3765 4750">
    <p class='ocr_par' dir='ltr' id='par_1_93' title="bbox 2176 4671 3765 4750">
     <span class='ocr_line' id='line_1_93' title="bbox 2176 4671 3765 4750; baseline -0.003 -17"><span class='ocrx_word' id='word_1_640' title='bbox 2176 4680 2267 4733; x_wconf 76' lang='grc' dir='ltr'><strong>τοῦ</strong></span> <span class='ocrx_word' id='word_1_641' title='bbox 2300 4679 2431 4734; x_wconf 87' lang='grc' dir='ltr'><strong>λαοῦ</strong></span> <span class='ocrx_word' id='word_1_642' title='bbox 2471 4680 2769 4750; x_wconf 86' lang='grc' dir='ltr'><strong>σωτηρίας,</strong></span> <span class='ocrx_word' id='word_1_643' title='bbox 2820 4671 2882 4733; x_wconf 75' lang='grc' dir='ltr'><strong>οὗ</strong></span> <span class='ocrx_word' id='word_1_644' title='bbox 2930 4678 2996 4731; x_wconf 78' lang='lat' dir='ltr'><strong>ob</strong></span> <span class='ocrx_word' id='word_1_645' title='bbox 3052 4678 3248 4746; x_wconf 79' lang='grc' dir='ltr'><strong>ὁδηγδς</strong></span> <span class='ocrx_word' id='word_1_646' title='bbox 3290 4676 3606 4747; x_wconf 78' lang='grc' dir='ltr'><strong>ἀπεστάλης</strong></span> <span class='ocrx_word' id='word_1_647' title='bbox 3670 4677 3765 4729; x_wconf 78' lang='grc' dir='ltr'><strong>καὶ</strong></span> 
     </span>
    </p>
   </div>
   <div class='ocr_carea' id='block_1_94' title="bbox 2182 4767 3760 4843">
    <p class='ocr_par' dir='ltr' id='par_1_94' title="bbox 2182 4767 3760 4843">
     <span class='ocr_line' id='line_1_94' title="bbox 2182 4767 3760 4843; baseline -0.003 -18"><span class='ocrx_word' id='word_1_648' title='bbox 2182 4773 2387 4843; x_wconf 79' lang='grc' dir='ltr'><strong>σωτὴρ,</strong></span> <span class='ocrx_word' id='word_1_649' title='bbox 2426 4772 2564 4842; x_wconf 86' lang='grc' dir='ltr'><strong>μετά</strong></span> <span class='ocrx_word' id='word_1_650' title='bbox 2586 4788 2648 4839; x_wconf 88' lang='grc' dir='ltr'><strong>γε</strong></span> <span class='ocrx_word' id='word_1_651' title='bbox 2676 4770 2768 4824; x_wconf 78' lang='grc' dir='ltr'><strong>τὸν</strong></span> <span class='ocrx_word' id='word_1_652' title='bbox 2798 4770 3017 4841; x_wconf 82' lang='grc' dir='ltr'><strong>πρῶτον</strong></span> <span class='ocrx_word' id='word_1_653' title='bbox 3042 4770 3200 4841; x_wconf 75' lang='grc' dir='ltr'><strong>ἡμῶν</strong></span> <span class='ocrx_word' id='word_1_654' title='bbox 3223 4770 3451 4840; x_wconf 81' lang='grc' dir='ltr'><strong>Σωτῆρα</strong></span> <span class='ocrx_word' id='word_1_655' title='bbox 3482 4771 3581 4823; x_wconf 77' lang='grc' dir='ltr'><strong>καὶ</strong></span> <span class='ocrx_word' id='word_1_656' title='bbox 3603 4767 3760 4831; x_wconf 78' lang='grc' dir='ltr'><strong>Θεὸν,</strong></span> 
     </span>
    </p>
   </div>
   <div class='ocr_carea' id='block_1_95' title="bbox 483 4860 3763 4936">
    <p class='ocr_par' dir='ltr' id='par_1_95' title="bbox 483 4860 3763 4936">
     <span class='ocr_line' id='line_1_95' title="bbox 483 4860 3763 4936; baseline 0.001 -24"><span class='ocrx_word' id='word_1_657' title='bbox 483 4860 643 4913; x_wconf 82' lang='grc' dir='ltr'><strong>τοῦτο</strong></span> <span class='ocrx_word' id='word_1_658' title='bbox 707 4861 897 4915; x_wconf 82' lang='grc' dir='ltr'><strong>παθεῖν</strong></span> <span class='ocrx_word' id='word_1_659' title='bbox 953 4864 1101 4928; x_wconf 72' lang='grc' dir='ltr'><strong>είκὸς</strong></span> <span class='ocrx_word' id='word_1_660' title='bbox 1159 4864 1252 4918; x_wconf 86' lang='grc' dir='ltr'><strong>τὸν</strong></span> <span class='ocrx_word' id='word_1_661' title='bbox 1310 4862 1667 4928; x_wconf 78' lang='grc' dir='ltr'><strong>ὑπονοοῦντα,</strong></span> <span class='ocrx_word' id='word_1_662' title='bbox 1745 4864 1806 4927; x_wconf 80' lang='grc' dir='ltr'><strong>ὃς</strong></span> <span class='ocrx_word' id='word_1_663' title='bbox 1855 4881 1937 4925; x_wconf 74' lang='grc' dir='ltr'><strong>τις</strong></span> <span class='ocrx_word' id='word_1_664' title='bbox 1975 4864 2034 4917; x_wconf 85' lang='grc' dir='ltr'><strong>δ’</strong></span> <span class='ocrx_word' id='word_1_665' title='bbox 2064 4860 2203 4936; x_wconf 77' lang='grc' dir='ltr'><strong>ἂνῇ</strong></span> <span class='ocrx_word' id='word_1_666' title='bbox 2259 4866 2287 4918; x_wconf 83' lang='grc' dir='ltr'><strong>ό</strong></span> <span class='ocrx_word' id='word_1_667' title='bbox 2321 4864 2763 4935; x_wconf 85' lang='grc' dir='ltr'><strong>ὑπολαμϐάνων;</strong></span> <span class='ocrx_word' id='word_1_668' title='bbox 2832 4862 2957 4928; x_wconf 82' lang='grc' dir='ltr'><strong>ῐῐῶς</strong></span> <span class='ocrx_word' id='word_1_669' title='bbox 3007 4865 3158 4935; x_wconf 79' lang='grc' dir='ltr'><strong>ἡμᾶς</strong></span> <span class='ocrx_word' id='word_1_670' title='bbox 3205 4865 3320 4919; x_wconf 64' lang='grc' dir='ltr'><strong>οὑκλ</strong></span> <span class='ocrx_word' id='word_1_671' title='bbox 3362 4865 3444 4927; x_wconf 87' lang='grc' dir='ltr'><strong>είς</strong></span> <span class='ocrx_word' id='word_1_672' title='bbox 3519 4864 3763 4934; x_wconf 71' lang='grc' dir='ltr'><strong>ισχάτην</strong></span> 
     </span>
    </p>
   </div>
   <div class='ocr_carea' id='block_1_96' title="bbox 487 4950 3761 5034">
    <p class='ocr_par' dir='ltr' id='par_1_96' title="bbox 487 4950 3761 5034">
     <span class='ocr_line' id='line_1_96' title="bbox 487 4950 3761 5034; baseline 0.003 -30"><span class='ocrx_word' id='word_1_673' title='bbox 487 4951 693 5019; x_wconf 75' lang='grc' dir='ltr'><strong>ἀπάγει</strong></span> <span class='ocrx_word' id='word_1_674' title='bbox 719 4956 1085 5025; x_wconf 76' lang='grc' dir='ltr'><strong>κατηγορίαν,</strong></span> <span class='ocrx_word' id='word_1_675' title='bbox 1162 4956 1259 5011; x_wconf 82' lang='grc' dir='ltr'><strong>καὶ</strong></span> <span class='ocrx_word' id='word_1_676' title='bbox 1311 4950 1379 5031; x_wconf 80' lang='grc' dir='ltr'><strong>ἦς</strong></span> <span class='ocrx_word' id='word_1_677' title='bbox 1432 4958 1533 5011; x_wconf 81' lang='grc' dir='ltr'><strong>οὑκ</strong></span> <span class='ocrx_word' id='word_1_678' title='bbox 1559 4958 1625 5012; x_wconf 79' lang='grc' dir='ltr'><strong>ἂν</strong></span> <span class='ocrx_word' id='word_1_679' title='bbox 1674 4975 1759 5024; x_wconf 87' lang='grc' dir='ltr'><strong>τις</strong></span> <span class='ocrx_word' id='word_1_680' title='bbox 1815 4958 1967 5031; x_wconf 74' lang='grc' dir='ltr'><strong>εὖροι</strong></span> <span class='ocrx_word' id='word_1_681' title='bbox 2036 4961 2384 5032; x_wconf 77' lang='grc' dir='ltr'><strong>βαρυτέρανς</strong></span> <span class='ocrx_word' id='word_1_682' title='bbox 2426 4959 2493 5013; x_wconf 91' lang='grc' dir='ltr'><strong>Τί</strong></span> <span class='ocrx_word' id='word_1_683' title='bbox 2539 4960 2647 5031; x_wconf 82' lang='grc' dir='ltr'><strong>γὰρ</strong></span> <span class='ocrx_word' id='word_1_684' title='bbox 2707 4957 3010 5034; x_wconf 80' lang='grc' dir='ltr'><strong>βαρύτερον</strong></span> <span class='ocrx_word' id='word_1_685' title='bbox 3074 4956 3170 5013; x_wconf 86' lang='grc' dir='ltr'><strong>τοῦ</strong></span> <span class='ocrx_word' id='word_1_686' title='bbox 3218 4959 3580 5030; x_wconf 72' lang='grc' dir='ltr'><strong>ἀμνημονεῖν.</strong></span> <span class='ocrx_word' id='word_1_687' title='bbox 3625 4958 3761 5013; x_wconf 81' lang='grc' dir='ltr'><strong>Θεοῦ</strong></span> 
     </span>
    </p>
   </div>
   <div class='ocr_carea' id='block_1_97' title="bbox 493 5049 3649 5127">
    <p class='ocr_par' dir='ltr' id='par_1_97' title="bbox 493 5049 3649 5127">
     <span class='ocr_line' id='line_1_97' title="bbox 493 5049 3649 5127; baseline 0.002 -25"><span class='ocrx_word' id='word_1_688' title='bbox 493 5049 583 5102; x_wconf 83' lang='grc' dir='ltr'><strong>καὶ</strong></span> <span class='ocrx_word' id='word_1_689' title='bbox 612 5049 709 5119; x_wconf 81' lang='grc' dir='ltr'><strong>τῆς</strong></span> <span class='ocrx_word' id='word_1_690' title='bbox 773 5050 1080 5121; x_wconf 81' lang='grc' dir='ltr'><strong>ἀνθρώπων</strong></span> <span class='ocrx_word' id='word_1_691' title='bbox 1148 5055 1485 5126; x_wconf 67' lang='grc' dir='ltr'><strong>ἐπιστροφῆς</strong></span> <span class='ocrx_word' id='word_1_692' title='bbox 1506 5056 1643 5127; x_wconf 81' lang='grc' dir='ltr'><strong>πρὸς</strong></span> <span class='ocrx_word' id='word_1_693' title='bbox 1691 5056 1877 5121; x_wconf 79' lang='grc' dir='ltr'><strong>αὑτὸν,</strong></span> <span class='ocrx_word' id='word_1_694' title='bbox 1911 5060 2125 5127; x_wconf 73' lang='grc' dir='ltr'><strong>καὶτῆς</strong></span> <span class='ocrx_word' id='word_1_695' title='bbox 2164 5060 2229 5113; x_wconf 76' lang='grc' dir='ltr'><strong>ὲκ</strong></span> <span class='ocrx_word' id='word_1_696' title='bbox 2262 5059 2352 5112; x_wconf 84' lang='grc' dir='ltr'><strong>τοῦ</strong></span> <span class='ocrx_word' id='word_1_697' title='bbox 2384 5058 2633 5111; x_wconf 81' lang='grc' dir='ltr'><strong>διαϐόλου</strong></span> <span class='ocrx_word' id='word_1_698' title='bbox 2669 5056 3012 5127; x_wconf 83' lang='grc' dir='ltr'><strong>τυραννικῆς</strong></span> <span class='ocrx_word' id='word_1_699' title='bbox 3046 5056 3229 5127; x_wconf 76' lang='grc' dir='ltr'><strong>χειρὸς</strong></span> <span class='ocrx_word' id='word_1_700' title='bbox 3269 5056 3649 5125; x_wconf 80' lang='grc' dir='ltr'><strong>ἀνακλήσεως.</strong></span> 
     </span>
    </p>
   </div>
   <div class='ocr_carea' id='block_1_98' title="bbox 568 5143 2071 5217">
    <p class='ocr_par' dir='ltr' id='par_1_98' title="bbox 568 5143 2071 5217">
     <span class='ocr_line' id='line_1_98' title="bbox 568 5143 2071 5217; baseline 0.005 -19"><span class='ocrx_word' id='word_1_701' title='bbox 568 5143 749 5209; x_wconf 82' lang='lat' dir='ltr'><strong>Vides,</strong></span> <span class='ocrx_word' id='word_1_702' title='bbox 796 5144 868 5198; x_wconf 86' lang='lat' dir='ltr'><strong>mi</strong></span> <span class='ocrx_word' id='word_1_703' title='bbox 916 5146 1014 5211; x_wconf 87' lang='lat' dir='ltr'><strong>liii,</strong></span> <span class='ocrx_word' id='word_1_704' title='bbox 1064 5155 1272 5217; x_wconf 88' lang='lat' dir='ltr'><strong>quanto</strong></span> <span class='ocrx_word' id='word_1_705' title='bbox 1316 5163 1552 5204; x_wconf 70' lang='lat' dir='ltr'><strong>masrore</strong></span> <span class='ocrx_word' id='word_1_706' title='bbox 1586 5157 1695 5204; x_wconf 72' lang='lat' dir='ltr'><strong>tute</strong></span> <span class='ocrx_word' id='word_1_707' title='bbox 1735 5152 1929 5207; x_wconf 64' lang='lat' dir='ltr'><strong>littera!</strong></span> <span class='ocrx_word' id='word_1_708' title='bbox 1956 5150 2071 5205; x_wconf 78' lang='lat' dir='ltr'><strong>am-</strong></span> 
     </span>
    </p>
   </div>
   <div class='ocr_carea' id='block_1_99' title="bbox 493 5238 2074 5311">
    <p class='ocr_par' dir='ltr' id='par_1_99' title="bbox 493 5238 2074 5311">
     <span class='ocr_line' id='line_1_99' title="bbox 493 5238 2074 5311; baseline 0.003 -21"><span class='ocrx_word' id='word_1_709' title='bbox 493 5238 641 5290; x_wconf 85' lang='lat' dir='ltr'><strong>ciant</strong></span> <span class='ocrx_word' id='word_1_710' title='bbox 677 5252 789 5305; x_wconf 70' lang='lat' dir='ltr'><strong>pne</strong></span> <span class='ocrx_word' id='word_1_711' title='bbox 833 5239 1094 5293; x_wconf 87' lang='lat' dir='ltr'><strong>omnibus</strong></span> <span class='ocrx_word' id='word_1_712' title='bbox 1137 5241 1297 5294; x_wconf 86' lang='lat' dir='ltr'><strong>malis</strong></span> <span class='ocrx_word' id='word_1_713' title='bbox 1333 5242 1556 5309; x_wconf 86' lang='lat' dir='ltr'><strong>quibus,</strong></span> <span class='ocrx_word' id='word_1_714' title='bbox 1592 5256 1942 5311; x_wconf 88' lang='lat' dir='ltr'><strong>peccatorum</strong></span> <span class='ocrx_word' id='word_1_715' title='bbox 1978 5260 2074 5297; x_wconf 78' lang='lat' dir='ltr'><strong>no-</strong></span> 
     </span>
    </p>
   </div>
   <div class='ocr_carea' id='block_1_100' title="bbox 2264 5146 3763 5222">
    <p class='ocr_par' dir='ltr' id='par_1_100' title="bbox 2264 5146 3763 5222">
     <span class='ocr_line' id='line_1_100' title="bbox 2264 5146 3763 5222; baseline -0.001 -17"><span class='ocrx_word' id='word_1_716' title='bbox 2264 5153 2451 5222; x_wconf 83' lang='grc' dir='ltr'><strong>Ὁρᾷς,</strong></span> <span class='ocrx_word' id='word_1_717' title='bbox 2485 5154 2702 5213; x_wconf 80' lang='grc' dir='ltr'><strong>τέκνον,</strong></span> <span class='ocrx_word' id='word_1_718' title='bbox 2731 5146 2819 5203; x_wconf 71' lang='grc' dir='ltr'><strong>οἷα</strong></span> <span class='ocrx_word' id='word_1_719' title='bbox 2849 5148 3273 5219; x_wconf 84' lang='grc' dir='ltr'><strong>κεκακωμένους</strong></span> <span class='ocrx_word' id='word_1_720' title='bbox 3302 5150 3449 5218; x_wconf 72' lang='grc' dir='ltr'><strong>ἡμᾶς</strong></span> <span class='ocrx_word' id='word_1_721' title='bbox 3500 5148 3598 5201; x_wconf 73' lang='grc' dir='ltr'><strong>ἐπὶ</strong></span> <span class='ocrx_word' id='word_1_722' title='bbox 3628 5146 3763 5204; x_wconf 72' lang='grc' dir='ltr'><strong>πᾶσί</strong></span> 
     </span>
    </p>
   </div>
   <div class='ocr_carea' id='block_1_101' title="bbox 2181 5237 3765 5311">
    <p class='ocr_par' dir='ltr' id='par_1_101' title="bbox 2181 5237 3765 5311">
     <span class='ocr_line' id='line_1_101' title="bbox 2181 5237 3765 5311; baseline -0.004 -13"><span class='ocrx_word' id='word_1_723' title='bbox 2181 5245 2293 5306; x_wconf 82' lang='grc' dir='ltr'><strong>τοῖς</strong></span> <span class='ocrx_word' id='word_1_724' title='bbox 2325 5243 2411 5296; x_wconf 84' lang='grc' dir='ltr'><strong>διὰ</strong></span> <span class='ocrx_word' id='word_1_725' title='bbox 2464 5241 2565 5304; x_wconf 81' lang='grc' dir='ltr'><strong>τὰς</strong></span> <span class='ocrx_word' id='word_1_726' title='bbox 2599 5240 2876 5310; x_wconf 82' lang='grc' dir='ltr'><strong>ἁμαρτίας</strong></span> <span class='ocrx_word' id='word_1_727' title='bbox 2917 5240 3076 5311; x_wconf 72' lang='grc' dir='ltr'><strong>ἡμῶν</strong></span> <span class='ocrx_word' id='word_1_728' title='bbox 3105 5240 3393 5311; x_wconf 78' lang='grc' dir='ltr'><strong>συνέχουσι</strong></span> <span class='ocrx_word' id='word_1_729' title='bbox 3422 5237 3483 5291; x_wconf 83' lang='grc' dir='ltr'><strong>τὸ</strong></span> <span class='ocrx_word' id='word_1_730' title='bbox 3532 5238 3625 5292; x_wconf 84' lang='grc' dir='ltr'><strong>σὸν</strong></span> <span class='ocrx_word' id='word_1_731' title='bbox 3657 5238 3765 5292; x_wconf 72' lang='grc' dir='ltr'><strong>διέο</strong></span> 
     </span>
    </p>
   </div>
   <div class='ocr_carea' id='block_1_102' title="bbox 496 5330 2057 5405">
    <p class='ocr_par' dir='ltr' id='par_1_102' title="bbox 496 5332 2057 5405">
     <span class='ocr_line' id='line_1_102' title="bbox 496 5332 2057 5405; baseline 0.001 -20"><span class='ocrx_word' id='word_1_732' title='bbox 496 5342 732 5385; x_wconf 86' lang='lat' dir='ltr'><strong>strorum</strong></span> <span class='ocrx_word' id='word_1_733' title='bbox 784 5345 973 5395; x_wconf 88' lang='lat' dir='ltr'><strong>causa,</strong></span> <span class='ocrx_word' id='word_1_734' title='bbox 1018 5332 1460 5389; x_wconf 85' lang='lat' dir='ltr'><strong>circumdamur?</strong></span> <span class='ocrx_word' id='word_1_735' title='bbox 1494 5335 1749 5389; x_wconf 83' lang='lat' dir='ltr'><strong>Attamen</strong></span> <span class='ocrx_word' id='word_1_736' title='bbox 1783 5336 1830 5388; x_wconf 90' lang='lat' dir='ltr'><strong>si</strong></span> <span class='ocrx_word' id='word_1_737' title='bbox 1862 5345 2057 5405; x_wconf 69' lang='lat' dir='ltr'><strong>tempu:</strong></span> 
     </span>
    </p>
   </div>
   <div class='ocr_carea' id='block_1_103' title="bbox 2160 5330 3765 5405">
    <p class='ocr_par' dir='ltr' id='par_1_103' title="bbox 2186 5330 3765 5405">
     <span class='ocr_line' id='line_1_103' title="bbox 2186 5330 3765 5405; baseline -0.002 -18"><span class='ocrx_word' id='word_1_738' title='bbox 2186 5336 2321 5405; x_wconf 85' lang='grc' dir='ltr'><strong>θηκε</strong></span> <span class='ocrx_word' id='word_1_739' title='bbox 2342 5333 2624 5405; x_wconf 84' lang='grc' dir='ltr'><strong>γράμμα;</strong></span> <span class='ocrx_word' id='word_1_740' title='bbox 2668 5332 2776 5386; x_wconf 81' lang='grc' dir='ltr'><strong>Καί</strong></span> <span class='ocrx_word' id='word_1_741' title='bbox 2812 5350 2895 5386; x_wconf 89' lang='grc' dir='ltr'><strong>τοι</strong></span> <span class='ocrx_word' id='word_1_742' title='bbox 2954 5332 3093 5403; x_wconf 75' lang='grc' dir='ltr'><strong>πρὸς</strong></span> <span class='ocrx_word' id='word_1_743' title='bbox 3129 5334 3231 5400; x_wconf 80' lang='grc' dir='ltr'><strong>τὴν</strong></span> <span class='ocrx_word' id='word_1_744' title='bbox 3270 5330 3496 5401; x_wconf 84' lang='grc' dir='ltr'><strong>πορείαν</strong></span> <span class='ocrx_word' id='word_1_745' title='bbox 3548 5330 3765 5385; x_wconf 79' lang='grc' dir='ltr'><strong>στελλό-</strong></span> 
     </span>
    </p>
   </div>
   <div class='ocr_carea' id='block_1_104' title="bbox 498 5423 2076 5491">
    <p class='ocr_par' dir='ltr' id='par_1_104' title="bbox 498 5423 2076 5491">
     <span class='ocr_line' id='line_1_104' title="bbox 498 5423 2076 5491; baseline 0.006 -17"><span class='ocrx_word' id='word_1_746' title='bbox 498 5423 802 5477; x_wconf 86' lang='lat' dir='ltr'><strong>recordaris</strong></span> <span class='ocrx_word' id='word_1_747' title='bbox 852 5425 997 5491; x_wconf 82' lang='lat' dir='ltr'><strong>quod</strong></span> <span class='ocrx_word' id='word_1_748' title='bbox 1040 5424 1327 5481; x_wconf 87' lang='lat' dir='ltr'><strong>nobiscum</strong></span> <span class='ocrx_word' id='word_1_749' title='bbox 1378 5436 1503 5481; x_wconf 89' lang='lat' dir='ltr'><strong>ante</strong></span> <span class='ocrx_word' id='word_1_750' title='bbox 1547 5427 1649 5481; x_wconf 87' lang='lat' dir='ltr'><strong>iter</strong></span> <span class='ocrx_word' id='word_1_751' title='bbox 1683 5438 1834 5481; x_wconf 88' lang='lat' dir='ltr'><strong>tuum</strong></span> <span class='ocrx_word' id='word_1_752' title='bbox 1867 5436 2076 5483; x_wconf 83' lang='lat' dir='ltr'><strong>transc-</strong></span> 
     </span>
    </p>
   </div>
   <div class='ocr_carea' id='block_1_105' title="bbox 499 5516 2079 5587">
    <p class='ocr_par' dir='ltr' id='par_1_105' title="bbox 499 5516 2079 5587">
     <span class='ocr_line' id='line_1_105' title="bbox 499 5516 2079 5587; baseline 0.003 -19"><span class='ocrx_word' id='word_1_753' title='bbox 499 5516 647 5584; x_wconf 82' lang='lat' dir='ltr'><strong>gisti,</strong></span> <span class='ocrx_word' id='word_1_754' title='bbox 681 5528 729 5570; x_wconf 86' lang='lat' dir='ltr'><strong>te</strong></span> <span class='ocrx_word' id='word_1_755' title='bbox 768 5518 1028 5572; x_wconf 79' lang='lat' dir='ltr'><strong>oblivioni</strong></span> <span class='ocrx_word' id='word_1_756' title='bbox 1082 5521 1269 5574; x_wconf 87' lang='lat' dir='ltr'><strong>datum</strong></span> <span class='ocrx_word' id='word_1_757' title='bbox 1318 5536 1441 5573; x_wconf 78' lang='lat' dir='ltr'><strong>esse</strong></span> <span class='ocrx_word' id='word_1_758' title='bbox 1491 5536 1769 5587; x_wconf 87' lang='lat' dir='ltr'><strong>nunquam</strong></span> <span class='ocrx_word' id='word_1_759' title='bbox 1813 5520 2079 5585; x_wconf 81' lang='lat' dir='ltr'><strong>invenies,</strong></span> 
     </span>
    </p>
   </div>
   <div class='ocr_carea' id='block_1_106' title="bbox 2188 5419 3765 5497">
    <p class='ocr_par' dir='ltr' id='par_1_106' title="bbox 2188 5419 3765 5497">
     <span class='ocr_line' id='line_1_106' title="bbox 2188 5419 3765 5497; baseline -0.003 -17"><span class='ocrx_word' id='word_1_760' title='bbox 2188 5445 2373 5497; x_wconf 77' lang='grc' dir='ltr'><strong>μενος,</strong></span> <span class='ocrx_word' id='word_1_761' title='bbox 2403 5428 2461 5479; x_wconf 82' lang='grc' dir='ltr'><strong>ὲν</strong></span> <span class='ocrx_word' id='word_1_762' title='bbox 2489 5419 2569 5488; x_wconf 73' lang='grc' dir='ltr'><strong>οἷς</strong></span> <span class='ocrx_word' id='word_1_763' title='bbox 2596 5423 2895 5487; x_wconf 83' lang='grc' dir='ltr'><strong>κατέλιπες</strong></span> <span class='ocrx_word' id='word_1_764' title='bbox 2932 5425 3078 5495; x_wconf 74' lang='grc' dir='ltr'><strong>ἡμᾶς</strong></span> <span class='ocrx_word' id='word_1_765' title='bbox 3125 5425 3224 5476; x_wconf 85' lang='grc' dir='ltr'><strong>οὑκ</strong></span> <span class='ocrx_word' id='word_1_766' title='bbox 3255 5424 3372 5477; x_wconf 73' lang='grc' dir='ltr'><strong>ἔστι</strong></span> <span class='ocrx_word' id='word_1_767' title='bbox 3417 5421 3765 5492; x_wconf 84' lang='grc' dir='ltr'><strong>διανοηθῆναι</strong></span> 
     </span>
    </p>
   </div>
   <div class='ocr_carea' id='block_1_107' title="bbox 2189 5515 3770 5587">
    <p class='ocr_par' dir='ltr' id='par_1_107' title="bbox 2189 5515 3770 5587">
     <span class='ocr_line' id='line_1_107' title="bbox 2189 5515 3770 5587; baseline -0.003 -15"><span class='ocrx_word' id='word_1_768' title='bbox 2189 5520 2262 5582; x_wconf 82' lang='grc' dir='ltr'><strong>ὡς</strong></span> <span class='ocrx_word' id='word_1_769' title='bbox 2289 5519 2628 5587; x_wconf 77' lang='grc' dir='ltr'><strong>ἐπιλέλησαι.</strong></span> <span class='ocrx_word' id='word_1_770' title='bbox 2684 5515 2816 5570; x_wconf 71' lang='grc' dir='ltr'><strong>Εἶτα</strong></span> <span class='ocrx_word' id='word_1_771' title='bbox 2876 5518 3194 5572; x_wconf 84' lang='grc' dir='ltr'><strong>καταλιπὼν</strong></span> <span class='ocrx_word' id='word_1_772' title='bbox 3222 5518 3319 5570; x_wconf 78' lang='grc' dir='ltr'><strong>ὅσα</strong></span> <span class='ocrx_word' id='word_1_773' title='bbox 3353 5535 3416 5583; x_wconf 88' lang='grc' dir='ltr'><strong>γε</strong></span> <span class='ocrx_word' id='word_1_774' title='bbox 3444 5516 3511 5569; x_wconf 77' lang='grc' dir='ltr'><strong>τά</strong></span> <span class='ocrx_word' id='word_1_775' title='bbox 3554 5515 3770 5585; x_wconf 70' lang='grc' dir='ltr'><strong>ἀνθρώο</strong></span> 
     </span>
    </p>
   </div>
   <div class='ocr_carea' id='block_1_108' title="bbox 503 5607 2057 5682">
    <p class='ocr_par' dir='ltr' id='par_1_108' title="bbox 503 5608 2057 5682">
     <span class='ocr_line' id='line_1_108' title="bbox 503 5608 2057 5682; baseline 0.003 -22"><span class='ocrx_word' id='word_1_776' title='bbox 503 5608 700 5665; x_wconf 82' lang='lat' dir='ltr'><strong>relictis</strong></span> <span class='ocrx_word' id='word_1_777' title='bbox 777 5612 1017 5665; x_wconf 83' lang='lat' dir='ltr'><strong>humano</strong></span> <span class='ocrx_word' id='word_1_778' title='bbox 1096 5628 1244 5666; x_wconf 85' lang='lat' dir='ltr'><strong>more</strong></span> <span class='ocrx_word' id='word_1_779' title='bbox 1318 5612 1546 5667; x_wconf 81' lang='lat' dir='ltr'><strong>infernis</strong></span> <span class='ocrx_word' id='word_1_780' title='bbox 1616 5625 1665 5667; x_wconf 65' lang='lat' dir='ltr'><strong>et</strong></span> <span class='ocrx_word' id='word_1_781' title='bbox 1723 5613 1803 5667; x_wconf 85' lang='lat' dir='ltr'><strong>eis</strong></span> <span class='ocrx_word' id='word_1_782' title='bbox 1856 5614 1946 5682; x_wconf 88' lang='lat' dir='ltr'><strong>qui</strong></span> <span class='ocrx_word' id='word_1_783' title='bbox 2012 5612 2057 5665; x_wconf 83' lang='lat' dir='ltr'><strong>ib</strong></span> 
     </span>
    </p>
   </div>
   <div class='ocr_carea' id='block_1_109' title="bbox 2160 5607 3769 5682">
    <p class='ocr_par' dir='ltr' id='par_1_109' title="bbox 2193 5607 3769 5682">
     <span class='ocr_line' id='line_1_109' title="bbox 2193 5607 3769 5682; baseline -0.001 -20"><span class='ocrx_word' id='word_1_784' title='bbox 2193 5626 2321 5662; x_wconf 87' lang='grc' dir='ltr'><strong>πινα</strong></span> <span class='ocrx_word' id='word_1_785' title='bbox 2371 5607 2773 5676; x_wconf 79' lang='grc' dir='ltr'><strong>παροικοῦντας</strong></span> <span class='ocrx_word' id='word_1_786' title='bbox 2804 5611 2862 5662; x_wconf 84' lang='grc' dir='ltr'><strong>ὲν</strong></span> <span class='ocrx_word' id='word_1_787' title='bbox 2911 5608 2986 5679; x_wconf 84' lang='grc' dir='ltr'><strong>τῷ</strong></span> <span class='ocrx_word' id='word_1_788' title='bbox 3023 5609 3146 5682; x_wconf 65' lang='grc' dir='ltr'><strong>ᾄδῃ,</strong></span> <span class='ocrx_word' id='word_1_789' title='bbox 3209 5610 3413 5681; x_wconf 78' lang='grc' dir='ltr'><strong>μᾶλλον</strong></span> <span class='ocrx_word' id='word_1_790' title='bbox 3449 5608 3503 5661; x_wconf 78' lang='grc' dir='ltr'><strong>δὲ</strong></span> <span class='ocrx_word' id='word_1_791' title='bbox 3536 5610 3629 5661; x_wconf 67' lang='grc' dir='ltr'><strong>καὶ</strong></span> <span class='ocrx_word' id='word_1_792' title='bbox 3656 5607 3769 5661; x_wconf 82' lang='grc' dir='ltr'><strong>τῶν</strong></span> 
     </span>
    </p>
   </div>
   <div class='ocr_carea' id='block_1_110' title="bbox 510 5699 1602 5769">
    <p class='ocr_par' dir='ltr' id='par_1_110' title="bbox 510 5699 1602 5769">
     <span class='ocr_line' id='line_1_110' title="bbox 510 5699 1602 5769; baseline 0.005 -14"><span class='ocrx_word' id='word_1_793' title='bbox 510 5699 747 5769; x_wconf 57' lang='lat' dir='ltr'><strong>peiorem</strong></span> <span class='ocrx_word' id='word_1_794' title='bbox 803 5704 1171 5759; x_wconf 66' lang='lat' dir='ltr'><strong>conditionum</strong></span> <span class='ocrx_word' id='word_1_795' title='bbox 1243 5705 1464 5761; x_wconf 79' lang='lat' dir='ltr'><strong>habent.</strong></span> <span class='ocrx_word' id='word_1_796' title='bbox 1522 5706 1602 5761; x_wconf 72' lang='lat' dir='ltr'><strong>Ah</strong></span> 
     </span>
    </p>
   </div>
   <div class='ocr_carea' id='block_1_111' title="bbox 1678 5707 2081 5760">
    <p class='ocr_par' dir='ltr' id='par_1_111' title="bbox 1678 5707 2081 5760">
     <span class='ocr_line' id='line_1_111' title="bbox 1678 5707 2081 5760; baseline 0.002 -1"><span class='ocrx_word' id='word_1_797' title='bbox 1678 5707 1762 5760; x_wconf 90' lang='lat' dir='ltr'><strong>his</strong></span> <span class='ocrx_word' id='word_1_798' title='bbox 1839 5720 2081 5760; x_wconf 65' lang='lat' dir='ltr'><strong>recesse-</strong></span> 
     </span>
    </p>
   </div>
   <div class='ocr_carea' id='block_1_112' title="bbox 508 5792 2083 5865">
    <p class='ocr_par' dir='ltr' id='par_1_112' title="bbox 508 5792 2083 5865">
     <span class='ocr_line' id='line_1_112' title="bbox 508 5792 2083 5865; baseline 0.003 -18"><span class='ocrx_word' id='word_1_799' title='bbox 508 5803 633 5847; x_wconf 78' lang='lat' dir='ltr'><strong>ltltll</strong></span> <span class='ocrx_word' id='word_1_800' title='bbox 670 5792 889 5859; x_wconf 56' lang='lat' dir='ltr'><strong>inuidia,</strong></span> <span class='ocrx_word' id='word_1_801' title='bbox 924 5796 1121 5852; x_wconf 59' lang='grc' dir='ltr'><strong>ωιυω</strong></span> <span class='ocrx_word' id='word_1_802' title='bbox 1186 5810 1237 5852; x_wconf 89' lang='lat' dir='ltr'><strong>ct</strong></span> <span class='ocrx_word' id='word_1_803' title='bbox 1279 5799 1487 5855; x_wconf 67' lang='lat' dir='ltr'><strong>in-idim</strong></span> <span class='ocrx_word' id='word_1_804' title='bbox 1524 5798 1723 5865; x_wconf 82' lang='lat' dir='ltr'><strong>quibus</strong></span> <span class='ocrx_word' id='word_1_805' title='bbox 1774 5813 1873 5855; x_wconf 85' lang='lat' dir='ltr'><strong>nos</strong></span> <span class='ocrx_word' id='word_1_806' title='bbox 1934 5796 2083 5852; x_wconf 81' lang='lat' dir='ltr'><strong>indc-</strong></span> 
     </span>
    </p>
   </div>
   <div class='ocr_carea' id='block_1_113' title="bbox 2194 5699 3766 5772">
    <p class='ocr_par' dir='ltr' id='par_1_113' title="bbox 2194 5699 3766 5772">
     <span class='ocr_line' id='line_1_113' title="bbox 2194 5699 3766 5772; baseline -0.002 -18"><span class='ocrx_word' id='word_1_807' title='bbox 2194 5704 2312 5755; x_wconf 78' lang='grc' dir='ltr'><strong>ἐκεῖ</strong></span> <span class='ocrx_word' id='word_1_808' title='bbox 2367 5701 2774 5771; x_wconf 65' lang='grc' dir='ltr'><strong>παροικούντων</strong></span> <span class='ocrx_word' id='word_1_809' title='bbox 2834 5702 3212 5772; x_wconf 77' lang='grc' dir='ltr'><strong>χαλεπώτερον</strong></span> <span class='ocrx_word' id='word_1_810' title='bbox 3271 5699 3650 5769; x_wconf 77' lang='grc' dir='ltr'><strong>διακειμένους</strong></span> <span class='ocrx_word' id='word_1_811' title='bbox 3703 5700 3766 5752; x_wconf 78' lang='grc' dir='ltr'><strong>οὐ</strong></span> 
     </span>
    </p>
   </div>
   <div class='ocr_carea' id='block_1_114' title="bbox 2201 5791 3766 5865">
    <p class='ocr_par' dir='ltr' id='par_1_114' title="bbox 2201 5791 3766 5865">
     <span class='ocr_line' id='line_1_114' title="bbox 2201 5791 3766 5865; baseline -0.001 -20"><span class='ocrx_word' id='word_1_812' title='bbox 2201 5794 2308 5864; x_wconf 72' lang='grc' dir='ltr'><strong>γὰρ</strong></span> <span class='ocrx_word' id='word_1_813' title='bbox 2350 5793 2463 5846; x_wconf 63' lang='grc' dir='ltr'><strong>ἔστι</strong></span> <span class='ocrx_word' id='word_1_814' title='bbox 2491 5791 2610 5843; x_wconf 77' lang='grc' dir='ltr'><strong>κατ’</strong></span> <span class='ocrx_word' id='word_1_815' title='bbox 2644 5791 2821 5846; x_wconf 64' lang='grc' dir='ltr'><strong>αὐτῶν</strong></span> <span class='ocrx_word' id='word_1_816' title='bbox 2851 5794 2876 5846; x_wconf 87' lang='grc' dir='ltr'>ὁ</span> <span class='ocrx_word' id='word_1_817' title='bbox 2906 5792 3119 5863; x_wconf 45' lang='lat' dir='ltr'><strong>gedum,</strong></span> <span class='ocrx_word' id='word_1_818' title='bbox 3155 5794 3210 5845; x_wconf 59' lang='grc' dir='ltr'><strong>οὗ</strong></span> <span class='ocrx_word' id='word_1_819' title='bbox 3237 5795 3490 5865; x_wconf 56' lang='grc' dir='ltr'><strong>πὶῖιςςλος,</strong></span> <span class='ocrx_word' id='word_1_820' title='bbox 3518 5792 3614 5845; x_wconf 76' lang='grc' dir='ltr'><strong>οὑκ</strong></span> <span class='ocrx_word' id='word_1_821' title='bbox 3646 5792 3766 5844; x_wconf 65' lang='grc' dir='ltr'><strong>ἐπι-</strong></span> 
     </span>
    </p>
   </div>
  </div>
