4054 6138
315 263 423 328 3ξι3

1789 261 2202 326 EPISTOLzﬁ.

3486 266 3594 333 354

302 375 469 449 σουλὴ
502 395 590 441 τις
626 380 973 442 συνίσταται,
1013 377 1157 448 ἡμᾶς
1209 377 1263 431 δὲ
1304 375 1467 448 μέχρι
1492 374 1584 428 τοῦ
1621 374 1714 428 νῦν
1748 377 1897 429 ἀδια-

2020 379 2249 431 ιίιιειιιοι
2312 375 2623 446 aﬂligitnur.
2691 373 2850 429 Tales
2924 384 2977 429 ιιι
3039 385 3294 447 tanquam
3342 378 3446 432 vita
3502 380 3597 432 de-

305 470 541 531 λείπτως
604 468 781 523 ταῦτα
837 468 1239 540 περιστοιχίζει
1279 465 1494 531 ὀὕτως
1527 464 1620 521 οὖν
1671 467 1894 538 ἔχοντας

309 564 462 632 αἰτιᾷ
497 560 574 624 ὡς
613 560 717 629 τῆς
743 559 924 631 ψυχῆς
960 557 1387 629 ἀπολείψαντας.
1416 558 1528 612 Καὶ
1556 558 1674 621 πῶς
1703 560 1802 610 οὐκ
1830 557 1895 610 ἄν

308 671 394 716 τις
445 653 505 706 σὲ
555 652 758 722 μᾶλλον
789 653 1099 707 αἰτιάσεται
1159 652 1497 723 δικαιότερον
1528 652 1622 703 καὶ
1672 648 1898 704 τοιαῦτα

312 746 628 812 ἐγκαλέσει,
686 743 719 815 ῆ
793 746 854 798 τὸ
922 741 1016 809 οὖς
1084 745 1345 815 ὑποσχεῖν
1398 740 1687 810 ἀξιώσειεν
1733 745 1901 809 ἐγκα·

312 837 553 904 λοῦντι,;
609 834 773 891 Ἀλλά
804 837 980 893 ταῦτα
1031 837 1132 907 μὲν
1154 837 1274 891 οὐδὲ
1317 835 1415 906 τὴν
1444 835 1622 908 ἀρχὴν
1654 834 1901 904 ὑπολαμ-

315 929 505 983 ϐάνειν
537 929 723 1000 ἐχρῆν,
759 929 792 999 ἢ
824 929 1171 984 καταστάντα
1202 930 1281 993 είς
1304 928 1577 1000 ὑπόληψιν
1608 928 1899 996 ἐπιστῆσαι

312 1021 466 1095 ὀρθῷ
489 1022 728 1084 διανοίας
749 1022 1016 1094 κριτηρίῳ
1041 1022 1133 1075 καὶ
1157 1020 1232 1083 ὼς
1260 1020 1600 1091 ψευδομένην
1629 1019 1900 1074 ἀπελάσαι

314 1116 430 1170 τῶν
497 1115 812 1187 λογισμῶν,
882 1114 1021 1170 ἀλλὰ
1078 1114 1155 1185 μὴ
1200 1115 1391 1185 μέχρις
1451 1114 1608 1185 ἡμῶν
1669 1113 1758 1166 διὰ
1794 1110 1902 1165 τῶν

318 1210 668 1281 γραμμάτων
699 1207 883 1263 δοῦναι
914 1207 1263 1271 καταλαϐεῖν,
1292 1206 1387 1259 καὶ
1418 1205 1535 1259 ἀνθ’
1570 1199 1638 1276 ἧς
1676 1205 1904 1272 ἐμέλλο-

324 1319 427 1373 μεν
495 1300 798 1357 ἀπολαύειν
845 1300 1042 1372 ἡδονῆς
1106 1299 1547 1369 ἐντυγχάνοντας
1601 1298 1785 1359 αὐτοῖς
1841 1296 1905 1349 οὐ

323 1394 493 1463 μόνον
525 1393 976 1462 ἀποστερεῖσθαι,
1006 1391 1140 1444 ἀλλὰ
1187 1391 1286 1444 καὶ
1317 1391 1445 1443 ἀντ’
1481 1389 1699 1459 ἐκείνης
1751 1391 1905 1443 ἀνια-

321 1484 505 1555 θῆναι.
560 1484 740 1554 Ὅπερ
771 1484 879 1553 γὰρ
906 1479 1059 1535 εἷπον
1095 1484 1155 1536 ἐν
1182 1483 1258 1553 τῷ
1284 1482 1361 1553 σῷ
1388 1482 1664 1552 προσώπῳ
1690 1496 1907 1532 συνεισ-

319 1577 631 1648 ερχομὲνης
682 1576 777 1630 καὶ
820 1576 985 1646 ἄλλης
1018 1574 1325 1646 βαρυτέρας
1378 1574 1732 1644 κατηγορίας,
1765 1573 1911 1643 ἁμή-

323 1684 491 1739 χανον
557 1668 632 1739 μὴ
664 1668 786 1742 οὐχὶ
812 1667 936 1720 λίαν
993 1669 1144 1737 ἡμᾶς
1210 1666 1491 1721 ἀνιᾶσθαι·
1564 1665 1697 1718 ἀλλὰ
1752 1664 1911 1717 τοῦτο

2003 469 2225 523 functos
2301 485 2553 524 accusas.
2616 469 2720 523 Scd
2783 480 2837 524 ιιι
2896 472 3078 539 ριιιίιιε
3136 474 3475 525 accusandus
3543 485 3598 527 et

2005 575 2112 613 non
2160 558 2466 615 audiendus
2512 575 2571 617 es
2609 562 2922 616 hominibus
2954 564 3046 631 qui
3098 572 3149 615 te
3206 562 3431 616 minime
3473 580 3571 633 pro

2001 650 2228 704 babttnt.
2288 651 2636 721 Principatus
2680 653 2776 707 tihi
2846 668 2955 706 non
3015 662 3132 707 erat
3188 654 3596 723 suscipit-nilus,

2001 751 2098 796 aut
2183 744 2566 813 suscipiendus
2642 759 2767 798 cum
2841 755 2989 799 recto
3046 746 3297 815 judicio,
3365 747 3600 801 debebas

2004 835 2169 891 falsos
2215 836 2413 890 mentis
2477 838 2819 907 suspiciones
2876 846 2933 892 et
3004 840 3343 905 sonitismata
3416 840 3605 908 repel-

2005 928 2148 992 lere;
2211 927 2457 996 profecto
2507 929 2791 983 scribenda
2837 931 2963 985 tali-a
3014 930 3170 985 nobis
3233 947 3341 986 non
3408 943 3598 986 erant:

2004 1020 2351 1087 quasdatnex
2371 1029 2420 1075 te
2442 1021 2818 1091 percipiendas
2841 1022 2958 1077 fore
2974 1024 3364 1077 delectationes
3382 1027 3600 1093 putari-

2005 1126 2129 1167 mus
2151 1120 2204 1165 et
2226 1128 2333 1166 non
2353 1112 2526 1166 solum
2549 1114 2939 1169 delectationes
2958 1113 3276 1170 defecerunt
3291 1155 3307 1181 ,
3329 1116 3420 1170 sed
3438 1124 3489 1169 et
3503 1120 3603 1171 tr-

2006 1203 2156 1257 dium
2189 1205 2655 1272 supcrvenit.Hac
2678 1216 2869 1260 contra
2903 1215 2954 1261 te
2988 1208 3343 1262 accusatione
3392 1211 3600 1273 audita,

2006 1310 2113 1364 qua
2151 1295 2363 1363 gravior
2416 1295 2561 1350 nulla
2586 1311 2708 1351 esse
2730 1307 2928 1367 potest,
2971 1299 3335 1366 nosmetipsos
3378 1314 3405 1351 a
3441 1300 3603 1355 nemo

2008 1386 2268 1442 cohibere
2316 1402 2426 1441 non
2474 1391 2772 1456 potuimus.
2807 1389 2912 1446 Sed
2945 1392 3060 1444 haac
3097 1391 3303 1445 dixisse
3338 1390 3599 1445 sufﬁciat.

2011 1478 2069 1532 Si
2092 1480 2248 1546 cujus
2278 1480 2422 1533 cnim
2456 1484 2803 1547 memoriam,
2840 1484 3263 1552 haudquaquam
3333 1494 3497 1542 tuam.
3534 1500 3599 1536 ex

2011 1572 2193 1625 anima
2224 1572 2495 1641 expellere
2537 1574 2801 1638 valemus,
2839 1576 2967 1643 quia
2989 1576 3052 1629 ad
3087 1591 3282 1629 novam
3317 1576 3369 1629 in
3402 1575 3604 1643 pietate

2016 1667 2408 1721 instituendum
2451 1677 2662 1736 gentem
2697 1670 2898 1724 missus
2924 1685 2983 1725 es
3010 1680 3064 1725 et
3096 1671 3150 1723 in
3182 1672 3340 1739 cujus
3367 1671 3598 1740 gratiam

326 1759 531 1830 μηκέτι
568 1745 699 1830 μὴθκ
753 1758 1132 1829 ὑπολάμϐανε,
1198 1758 1333 1829 μήτε
1401 1758 1603 1829 γράφε.
1641 1756 1754 1828 Τὴν
1801 1759 1908 1823 γὰρ

2020 1755 2301 1812 contactus
2334 1773 2393 1814 es
2428 1759 2934 1826 sollicitudinibus;
2990 1777 3090 1816 nos
3131 1771 3317 1815 autem
3361 1762 3415 1815 in
3455 1763 3601 1815 votis

326 1851 463 1922 περὶ
500 1850 596 1905 σοῦ
631 1852 857 1923 μνήμην
887 1852 1048 1923 εἴπερ
1098 1851 1242 1913 τινος
1281 1851 1382 1902 οὐκ
1424 1852 1571 1902 ἐστιν
1602 1850 1754 1908 ὅπως
1811 1846 1911 1915 τῆς

323 1939 511 2011 ψυχῆς
560 1939 936 2011 ὲξωθὴσομεν,
981 1940 1078 1992 καὶ
1124 1939 1171 1991 εί
1219 1940 1294 2008 μὴ
1354 1937 1422 1990 δι’
1461 1938 1670 2006 ἕτερον,
1720 1933 1807 1987 διά
1850 1949 1914 2001 γε

323 2032 427 2102 τὴν
470 2031 567 2085 τοῦ
611 2033 906 2103 νεοκλήτου
954 2034 1095 2101 πρὸς
1128 2031 1229 2101 τὴν
1261 2028 1547 2084 εὐσέϐειαν
1580 2029 1791 2091 ἔθνους,
1820 2028 1915 2079 καὶ

326 2123 433 2195 τὴν
464 2123 593 2195 περὶ
646 2121 842 2177 τούτου
878 2125 1210 2194 συνέχουσαν
1245 2123 1538 2193 μέριμναν,
1578 2121 1674 2174 καὶ
1708 2120 1804 2192 τὴν
1836 2122 1914 2182 είς

324 2215 616 2268 τελείωσιν
661 2214 867 2281 ἐξιέναι
900 2214 961 2269 τὸ
996 2216 1088 2267 σὸν
1134 2213 1296 2285 ἔργον
1326 2213 1622 2281 ἐπιθυμίαν
1661 2212 1787 2264 ίδείν
1815 2211 1913 2280 τῆς

328 2304 523 2376 θεῖκῆς
568 2292 1183 2376 συνεπιλαμϐανομένης
1213 2305 1463 2367 εὐδοκίας
1510 2304 1604 2357 καὶ
1652 2305 1909 2372 συμπράο

330 2398 491 2465 ξέως.
548 2400 611 2451 Et
655 2399 715 2452 δ’
743 2399 826 2452 ὅτι
878 2399 954 2469 μὴ
997 2398 1307 2469 γράμματα
1335 2400 1462 2467 ἧκει
1492 2396 1627 2467 πρὸς
1684 2397 1742 2448 σὲ
1774 2394 1917 2467 παρ’

327 2490 513 2560 ἡμῶν,
545 2491 793 2555 τοιοῦτος
816 2492 1075 2561 λογισμὸς
1103 2490 1507 2562 ἐπεισέρχεται,
1539 2487 1755 2551 πρῶτον
1774 2489 1917 2541 £er-

330 2582 391 2633 νά
447 2594 509 2631 σε
560 2580 888 2634 διανοεῖσθαι
935 2580 1078 2646 δέον,
1130 2580 1213 2633 ὅτι
1263 2580 1373 2633 τῶν
1430 2578 1764 2648 κομιζόντων
1820 2576 1920 2631 οὐκ

2019 1850 2285 1904 habemus
2317 1859 2376 1903 ut
2408 1864 2549 1919 opus
2583 1861 2733 1905 tuum
2766 1853 3101 1921 perﬁciatur,
3142 1853 3441 1924 diriuoque
3478 1868 3602 1923 per-

2013 1941 2225 1995 fruatur
2279 1940 2469 1996 latore
2510 1952 2565 1996 ct
2613 1945 2839 1998 auxilio.
2890 1943 2947 1997 Si
2992 1959 3157 2015 porro
3190 1942 3353 1998 nulla:
3385 1960 3414 1997 a
3444 1945 3604 1998 nobis

2014 2032 2079 2086 ad
2126 2044 2179 2087 te
2211 2034 2499 2088 mittentur
2532 2036 2746 2101 litterae,
2793 2036 2933 2091 scito
2978 2040 3213 2105 primum
3246 2053 3348 2093 nos
3376 2036 3606 2091 tabella—

2016 2121 2112 2173 riis
2156 2134 2262 2175 non
2312 2122 2613 2177 abundare.
2668 2121 2726 2175 In
2780 2125 2866 2179 his
2922 2127 3070 2180 enim
3122 2127 3358 2181 vivimus
3414 2142 3604 2181 rerum

2018 2213 2312 2281 angustiis,
2368 2222 2429 2267 ut
2479 2214 2701 2282 plurimi
2756 2217 2899 2270 inter
2943 2216 3195 2272 homines
3244 2225 3490 2272 metuant
3534 2233 3605 2272 nc

2023 2318 2125 2357 nos
2178 2305 2372 2359 obvios
2430 2304 2686 2360 habeant.
2762 2307 2965 2362 Deinde
3019 2317 3074 2361 et
3101 2308 3235 2362 illud
3288 2309 3601 2372 considera,

2021 2396 2161 2465 quod
2179 2397 2221 2449 si
2254 2396 2547 2451 scribimus
2572 2397 2623 2451 id
2653 2398 2859 2467 nonlest
2880 2400 2997 2453 sine
3019 2400 3301 2469 periculo,
3327 2417 3393 2455 ne
3417 2400 3604 2455 forsan

2024 2488 2160 2544 alios
2196 2491 2261 2542 ad
2316 2505 2555 2560 pugnam
2638 2490 2930 2547 incitantes
3016 2502 3214 2548 nostra:
3254 2508 3347 2547 eos
3413 2493 3609 2563 culpar

2026 2582 2318 2651 participes
2344 2582 2657 2636 reddamus.

328 2674 819 2746 εὐποροῦμεν.⁹Εν
881 2674 1111 2748 τοιαύτῃ
1174 2676 1285 2746 γάρ
1312 2676 1479 2742 ἔσμεν
1544 2671 1899 2739 καταστάσει,
1948 2674 2090 2729 ὥστε
2155 2677 2283 2741 τοὺς
2332 2676 2620 2741 πλείστους
2681 2677 2774 2732 καὶ
2834 2679 3066 2733 δεδιέναι
3122 2680 3255 2751 ἡμῖν
3314 2682 3606 2749 συναντᾷν.

334 2768 572 2822 Ἔπειτα
608 2766 1013 2839 προσενθυμοῦ,
1081 2770 1172 2819 καὶ
1202 2768 1285 2820 ὅτι
1321 2767 1431 2820 οὐδ’
1462 2768 1597 2837 ἡμῖν
1651 2767 1806 2832 ἀδεὲς
1855 2767 1917 2820 τὸ
1973 2771 2226 2839 γράφειν,
2270 2770 2482 2844 μήποτε
2523 2771 2613 2825 διὰ
2644 2772 2744 2837 τὰς
2779 2774 3054 2844 ἁμαρτίας
3076 2773 3235 2843 ἡμῶν
3259 2776 3308 2827 oi
3339 2777 3609 2829 συσκευα-

332 2861 452 2927 ζειν
503 2861 898 2933 ἀγωνιζόμενοι
922 2859 1369 2930 προσλὴψωνται,
1437 2857 1513 2922 ὼς
1550 2859 1651 2911 οὐκ
1687 2859 1753 2911 άν
1818 2860 1979 2929 ἡμεῖς
2002 2861 2279 2931 οίιιθῶμεν
2320 2862 2614 2917 κάντεῦθεν
2641 2865 2720 2928 είς
2772 2864 2833 2917 τό
2854 2881 2907 2919 τι
2934 2866 3376 2933 κατεργάσασθαι
3409 2869 3609 2940 ῥοπήν.

417 2955 611 3026 ’Δρκεῖ
638 2954 837 3008 ταῦτα’
865 2954 1025 3007 τοῦτο
1074 2958 1130 3007 οὲ
1195 2958 1356 3023 μόνον
1414 2953 1776 3024 προστίθημ’
1827 2954 1917 3006 τὸν

2103 2956 2229 3011 llzrc
2276 2957 2571 3011 suﬂiciunt.
2632 2957 2690 3012 ιιι
2753 2959 2932 3013 solum
2976 2960 3173 3016 addam
3224 2979 3236 3014 :
3284 2963 3428 3031 quod
3490 2966 3612 3032 puis

334 3048 505 3103 καλὸν
534 3046 724 3116 ἀγῶνα
754 3047 852 3101 καὶ
890 3047 1041 3100 θείαν
1063 3045 1371 3115 ὑπηρεσίαν
1422 3046 1501 3107 είς
1536 3047 1601 3115 ἣν
1634 3047 1728 3098 καὶ
1755 3046 1917 3116 ἑκλὴ-

2027 3047 2223 3101 chrum
2273 3047 2565 3117 suscepisti
2636 3058 2913 3104 certamen
2984 3062 3039 3105 ct
3105 3052 3351 3107 divinum
3439 3055 3613 3110 serti-

335 3142 437 3213 θης
460 3142 566 3195 ὑπὸ
584 3140 686 3211 τῆς
716 3142 941 3211 χάριτος
969 3137 1179 3209 ταύτην
1200 3138 1439 3208 δυναμού
1449 3154 1610 3207 μενος
1631 3138 1735 3191 ύπδ
1757 3138 1916 3204 Θεοῦ,

2022 3141 2160 3193 tium
2209 3139 2481 3207 perﬁcias,
2514 3140 2583 3192 mi
2621 3140 2718 3205 lili,
2771 3142 2945 3212 gratia
3003 3143 3098 3198 Dei
3126 3160 3233 3214 qua
3295 3155 3517 3201 vocatus
3556 3156 3612 3201 et

333 3237 533 3290 τέκνον
581 3250 685 3304 μου
759 3232 927 3302 ίερδν,
981 3230 1257 3300 ἀγωνίζου
1320 3232 1763 3303 πληροφορῆσαι,
1827 3231 1923 3285 καὶ

336 3328 473 3399 περὶ
518 3325 681 3400 ἡμῶν
710 3325 778 3380 ἄν
839 3340 900 3377 τε
930 3324 1058 3396 ἡκει
1087 3325 1413 3395 γράμματα,
1448 3324 1515 3378 άν
1572 3340 1632 3377 τε
1690 3325 1783 3377 καλ⁵
1821 3325 1919 3395 μὴ,

338 3421 514 3492 μηδὲν
576 3417 949 3489 ὑποπτεύσῃς·
1007 3416 1139 3471 ἀλλ’
1189 3418 1283 3470 Eoo
1357 3416 1454 3471 τοῦ
1493 3420 1713 3488 φρονεῖν
1750 3416 1924 3480 οὕτως

337 3515 762 3585 ἀμετάπτωτος,
804 3512 890 3565 ὅτι
927 3509 1090 3564 πλέον
1142 3510 1255 3563 τὼν
1293 3510 1591 3580 ὁρωμένων
1634 3512 1690 3562 tv
1725 3508 1925 3577 ὀφθαλ-

341 3609 466 3679 μοῖς
502 3604 665 3677 ἡμῶν
697 3603 795 3659 καὶ
829 3602 1193 3675 μεριμνῶμεν
1228 3618 1295 3654 πε
1309 3603 1361 3671 ρί
1393 3600 1487 3655 σοῦ
1533 3602 1627 3653 καὶ
1649 3599 1925 3670 εὐχόμεθα

341 3699 422 3771 μὴ
470 3696 777 3751 ἐπιλείπειν
812 3714 872 3750 σε
924 3697 1026 3768 τὴν
1061 3693 1379 3763 ἁγαθοδότιν
1408 3694 1717 3761 εὐμένειαν,
1789 3690 1923 3761 μηδὲ

336 3793 442 3862 τὴν
477 3789 579 3861 σὴν
609 3789 796 3860 βιοτὴν
825 3788 922 3842 καὶ
961 3787 1030 3840 τὰ
1064 3787 1390 3857 πράγματα.
1421 3785 1557 3855 Περὶ
1585 3784 1641 3835 δὲ
1676 3782 1768 3836 τοῦ
1793 3784 1925 3836 ἀθέ-

340 3901 490 3956 σμου
522 3885 730 3955 γάμου,
767 3883 816 3935 εί
851 3883 954 3954 μὲν
987 3876 1103 3935 οἷόν
1148 3898 1232 3945 τε,
1291 3879 1610 3949 παραινέσει
1647 3880 1742 3930 καί
1779 3876 1927 3930 διδα-

340 3979 546 4052 σκαλία
571 3977 731 4033 λῦσαι
757 3978 859 4050 τὴν
890 3977 1182 4046 συζυγίαν,
1227 3978 1374 4030 πᾶσι
1411 3974 1532 4044 Θεῷ
1556 3975 1738 4044 χάρις.
1773 3972 1835 4028 Ei
1870 3972 1929 4026 δ’

341 4072 651 4129 αντιδαίνοι
681 4070 781 4126 τοῦ
821 4072 1149 4145 πράγματος
1188 4071 1223 4140 ἡ
1257 4070 1507 4139 δύναμις,
1550 4070 1687 4128 τέως
1726 4066 1927 4137 μηκέτι

344 4146 682 4239 προκόπτειν
708 4165 769 4219 τὸ
806 4166 1003 4231 κακον,
1034 4164 1145 4235 μηδ
1164 4163 1176 4182 ’
1212 4162 1321 4214 άπὸ
1355 4159 1453 4213 τοῦ
1486 4157 1583 4213 νῦν
1610 4159 1927 4227 ἐπιτρέψειν

342 4260 616 4320 τοιούτοις
662 4260 864 4328 γάμοις
905 4251 1385 4325 καταμολύνεσθαι
1417 4250 1480 4303 τδ
1533 4250 1714 4318 γένος.
1760 4249 1930 4301 Τοῦτο

344 4354 403 4407 δὲ
439 4350 669 4424 πράξεις
704 4351 949 4419 συνήθως
991 4348 1072 4420 τῷ
1105 4364 1165 4402 τε
1190 4345 1419 4416 ἡγεμόνι
1449 4343 1545 4397 τοῦ
1572 4343 1760 4406 ἔθνους
1795 4344 1930 4397 ὑπο·

342 4442 631 4513 τιθέμενος
674 4440 769 4497 καὶ
787 4437 865 4510 τῷ
890 4437 1072 4508 άνδρὶ,
1102 4429 1147 4505 ᾧ
1166 4435 1534 4505 συγχωρεῖται
1578 4431 1638 4484 τὸ
1661 4437 1931 4487 συνοικεῖν

2024 3231 2491 3286 confortauduses
2513 3249 2529 3299 ;
2552 3234 2618 3286 de
2645 3234 2803 3288 nobis
2835 3243 3017 3289 autem
3043 3238 3489 3296 autmittentibus
3520 3240 3610 3294 lit-

2024 3333 2169 3379 teras
2215 3335 2310 3379 aut
2348 3338 2461 3378 non
2533 3325 2880 3381 mittentibus
2943 3327 3078 3382 nihil
3118 3343 3310 3396 cures;
3358 3331 3453 3385 sed
3490 3346 3613 3401 per-

2024 3431 2251 3473 suasum
2295 3417 2498 3472 habeas
2557 3426 2607 3471 te
2651 3418 3078 3486 cogitationibus
3115 3422 3252 3476 mels
3283 3433 3607 3491 praesentem

2024 3524 2166 3564 esse.
2201 3507 2449 3579 Magnam
2497 3524 2628 3564 sane
2673 3510 2741 3564 de
2791 3520 2843 3564 te
2876 3511 3301 3567 sollicitudinem
3338 3515 3611 3568 habemus

2025 3611 2082 3655 et
2116 3615 2405 3671 precamur
2434 3618 2501 3655 ne
2532 3616 2814 3670 unquama
2854 3602 3089 3656 Numine
3113 3603 3611 3660 beneﬁcentissitno

2025 3690 2366 3754 destituaris,
2420 3692 2473 3744 in
2534 3690 2655 3745 vita:
2700 3690 2954 3762 negotiis.
3004 3690 3161 3759 Quod
3209 3695 3276 3748 ad
3322 3694 3607 3764 illegittma

2026 3785 2299 3839 connubia
2352 3784 2609 3853 pertinet,
2662 3783 2707 3837 si
2759 3784 3164 3839 hortationibus
3217 3794 3271 3840 et
3322 3790 3607 3855 prceceptis

2029 3876 2370 3931 cohabitatio
2410 3876 2550 3930 solvl
2587 3885 2789 3946 potest,
2836 3875 2946 3930 Deo
2980 3876 3276 3933 referendte
3307 3880 3524 3948 gratiae;
3558 3880 3605 3933 si

2027 3969 2318 4024 dillicultas
2353 3967 2654 4032 obstiterit,
2697 3969 2801 4024 hoc
2841 3970 3034 4023 saltem
3064 3969 3269 4024 cﬂicias
3304 3985 3372 4023 ne
3399 3971 3605 4023 malum

2029 4062 2411 4132 pregrediatur
2462 4071 2515 4115 et
2561 4062 2614 4116 in
2663 4072 2951 4131 posterum
3010 4061 3282 4131 ejusmodi
3334 4064 3608 4130 cott,ugiis

2032 4154 2286 4208 homines
2337 4151 2633 4222 procedere
2693 4167 2760 4207 ne
2812 4151 3107 4208 concedas.
3154 4150 3231 4206 lta
3282 4154 3609 4208 assentieris

2030 4247 2156 4301 duci
2214 4250 2389 4317 gentis
2442 4256 2497 4301 et
2546 4248 2664 4300 viro
2716 4244 2804 4301 cui
2843 4238 2983 4301 licet
3041 4246 3235 4300 initum
3284 4248 3608 4301 continuare

2030 4342 2421 4394 commercium
2470 4354 2579 4393 non
2633 4339 2956 4395 contraihis.
3005 4338 3134 4394 Vale
3172 4339 3226 4393 in
3254 4339 3502 4407 Domino,
3555 4347 3612 4393 et

2033 4443 2234 4488 nostra:
2262 4432 2587 4487 humilitatis
2620 4442 2913 4485 memento.

342 4538 434 4592 διά
469 4537 570 4609 τὴν
599 4534 699 4609 ἤδη
768 4535 1054 4604 φθάσασαν
1124 4531 1371 4603 σύναψιν.
1404 4531 1656 4603 Ἐρρωσο
1681 4536 1735 4585 ὲν
1760 4533 1971 4603 Κυρίῳ,
2010 4530 2111 4601 τῆς
2137 4529 2295 4601 ἡμῶν
2328 4528 2677 4600 μεμνημένος
2719 4527 3107 4600 μετριότητος.

897 4736 1062 4795 ΡΛΔ’.
1104 4735 1189 4804 Τῷ
1224 4736 1406 4802 αὐτῷ.

434 4897 497 4953 'll
535 4897 826 4969 σωματικὴ
848 4898 1130 4969 διάστασις
1174 4897 1286 4950 τῶν
1340 4896 1638 4968 ἡνωμὲνων
1686 4896 1829 4976 κατὰ
1869 4897 1931 4949 τὸ

352 4992 575 5063 πνεῦμα
606 4990 763 5045 οὐδὲν
799 4991 1281 5061 ὑποτέμνεταιτὴν
1316 4988 1612 5059 ἐγγύτητα.
1659 4990 1812 5041 Ἐπεὶ
1836 4989 1929 5041 οὖν

352 5088 525 5149 οὕτως
548 5085 691 5157 εχει,
723 5086 917 5139 τέκνον
947 5085 1125 5155 ἡμῶν,
1158 5085 1324 5154 μηδὲν
1349 5083 1509 5148 άνιῶ,
1531 5082 1665 5135 διότι
1705 5083 1779 5153 μὴ
1819 5085 1930 5147 τοῖς

356 5181 693 5253 σωματικοῖς
721 5177 1021 5246 ὀφθαλμοῖς
1054 5176 1144 5229 τὸν
1176 5177 1396 5247 Πατέρα
1422 5176 1575 5247 ὁρᾷς·
1607 5175 1736 5227 ἀλλ’
1770 5174 1930 5237 εἰδὼς

357 5275 552 5348 μηδενὶ
585 5275 739 5343 μέσῳ
766 5268 1235 5341 ὃιατειχιζομένην
1262 5269 1363 5336 τὴν
1402 5268 1597 5321 ἕνωσιν
1646 5267 1756 5320 τῶν
1787 5269 1929 5337 ἡνω-

358 5357 538 5441 μινωξι
562 5365 642 5437 τῷ
669 5366 811 5418 κατὰ
837 5362 1075 5433 Χριστὸν
1104 5362 1433 5432 φρονήματι,
1456 5362 1517 5413 τὸ
1554 5364 1652 5430 μὲν
1675 5361 1929 5430 ἀθυμεῖν,

353 5465 458 5534 τῆς
496 5461 554 5516 δι
589 5461 687 5533 σῆς
723 5460 1090 5529 εὐθυμότερον
1140 5457 1281 5527 μετὰ
1310 5456 1408 5523 τῆς
1456 5455 1725 5522 παναγίου
1759 5453 1930 5506 Ilvati-

359 5572 529 5627 ματος
579 5552 873 5625 συνεργίας
939 5549 1167 5619 ἀντέχου
1220 5546 1517 5611 διακονίας,
1578 5546 1646 5599 δι’
1712 5539 1781 5618 ἧς
1839 5546 1933 5598 καὶ

359 5648 573 5717 σεαυτῷ
611 5646 709 5699 καὶ
742 5646 877 5714 ἡμῖν
900 5644 1012 5704 τοῖς
1043 5642 1318 5701 ταπεινοῖς
1345 5636 1591 5710 μεγάλην
1611 5636 1934 5708 ἐμποιήσεις

357 5744 458 5814 τὴν
481 5740 700 5812 ἡδονὴν,
733 5738 827 5791 καὶ¹
852 5737 914 5790 οὗ
948 5735 1107 5806 μόνον
1139 5732 1244 5785 τῶν
1292 5731 1693 5800 συμπαρόντων
1710 5728 1931 5782 ἔλαττον

357 5841 499 5911 ἔχων
528 5836 873 5907 ἀναφανήσῃ,
909 5831 1046 5886 ἀλλὰ
1079 5830 1172 5883 καὶ
1198 5824 1377 5897 πολλῷ
1408 5824 1568 5879 πλέον
1587 5821 1934 5895 ψυχαγωγῶν

2551 4730 2837 4789 CXXXIV.
2870 4729 3080 4787 Eidem.

2101 4896 2250 4964 Quos
2290 4894 2573 4965 conjungit
2602 4893 2852 4963 spiritus,
2903 4906 3011 4945 non
3063 4897 3281 4959 separat
3317 4903 3607 4961 corporqu

2029 4988 2307 5046 distantia.
2349 4985 2475 5041 Haec
2516 5002 2640 5041 cum
2694 4987 2767 5039 ita
2817 4984 2948 5049 siut,
2995 4998 3062 5038 ne
3113 4996 3255 5051 aegre
3304 4983 3473 5047 feras,
3525 4982 3601 5036 ﬁli

2029 5084 2127 5147 mi,
2182 5081 2326 5152 quod
2376 5078 2761 5149 corporalibus
2794 5078 2970 5132 oculis
3000 5092 3110 5131 non
3142 5075 3328 5130 videas
3360 5073 3607 5136 Patrem;

2030 5174 2124 5230 scd
2156 5173 2296 5229 scito
2333 5170 2497 5226 nullis
2530 5169 2873 5225 intermediis
2919 5170 3195 5222 niosnihus
3241 5167 3504 5220 unitatem
3544 5168 3603 5218 tL

2035 5268 2212 5320 lorutu
2260 5263 2598 5331 tlisjunctum
2660 5261 2724 5314 iri
2776 5274 2915 5329 quos
2965 5258 3269 5313 secundum
3326 5257 3604 5311 Christum

2036 5358 2250 5415 affectio
2276 5360 2415 5411 unit.
2451 5355 2561 5410 Nec
2593 5366 2771 5413 tamen
2804 5354 3047 5407 animum
3088 5352 3452 5421 despondeas,
3496 5350 3609 5404 imo

2038 5452 2354 5513 ferventius,
2376 5447 2611 5517 Spiritus
2649 5450 2824 5500 sancti
2864 5447 3038 5514 gratia
3070 5452 3424 5513 cooperante,
3452 5454 3605 5497 tuum

2031 5543 2331 5610 adimpleas
2393 5540 2785 5593 ministerium.
2840 5537 2913 5591 lla
2967 5537 3286 5605 tibimctipsi
3340 5544 3396 5590 et
3450 5535 3608 5589 nobis

2033 5634 2333 5689 humilibus
2362 5648 2621 5702 magnum
2653 5630 3001 5702 comparabis
3046 5628 3327 5700 gaudium,
3377 5642 3478 5681 nec
3519 5628 3603 5679 vi-

2033 5726 2250 5781 deberis
2291 5727 2557 5779 minorem
2601 5734 2789 5778 tcnere
2854 5731 3065 5794 partem
3116 5736 3281 5791 quam
3335 5728 3603 5780 astantes,

2035 5820 2146 5876 imo
2177 5819 2350 5875 multo
2382 5817 2669 5890 majorem,
2690 5817 2893 5888 quippe
2916 5815 3010 5887 qui
3049 5824 3290 5871 nostram
3322 5823 3606 5870 cret-turus
