4054 6138
484 302 595 363 339
1599 285 1909 348 NICOLAI
1949 287 2039 347 cr

2141 288 2617 352 ’ATRIARCHE
3665 292 3775 349 360

480 410 719 466 maxime
762 421 986 461 exseras
1029 404 1100 458 ita
1143 410 1201 456 ut
1255 402 1399 455 inter
1431 398 1690 453 virtutem
1733 408 1971 454 vestram
2004 416 2033 454 e

2164 419 2257 465 τος
2286 404 2381 457 καὶ
2404 403 2712 465 ἐπιεικείας
2743 401 2954 473 καὶτῆς
2971 401 3058 456 διὰ
3082 403 3125 456 Χ
3133 419 3253 474 ριστ
3274 402 3333 455 ὸν
3366 401 3778 464 ταπεινώσεως

478 510 735 576 pietatem
775 499 869 553 lilii
915 497 1113 565 nostri,
1150 495 1445 564 Patrisque
1490 492 1566 545 tui
1598 492 1807 545 domini
1860 493 2039 563 Eutby.

2167 496 2265 550 νῦν
2290 497 2382 549 ἐπὶ
2407 496 2569 549 πλέον
2593 495 3021 560 ἀντιποιεῖσθαι,
3054 495 3195 550 ὥστε
3225 495 3395 568 μηδὲν
3421 497 3637 567 μεταξὺ
3666 497 3774 566 τῆς

478 595 572 651 mii
614 593 822 647 smnia
872 591 1185 643 inserantur
1226 587 1413 656 qualia
1451 582 1779 639 vaferrimus
1814 582 1904 637 ille
1931 598 2039 637 cont

2167 587 2325 660 ὑμῶν
2357 588 2563 660 ἀρετῆς
2590 588 2685 642 καὶ
2717 588 2811 642 τοῦ
2859 588 3267 644 εὐλαϐεστάτου
3307 588 3427 641 υῑοῦ
3459 590 3649 659 ήμῶν,
3679 589 3779 642 καὶ⁵

478 688 680 744 saevit.
726 685 811 741 Ah
865 684 1026 737 initio
1060 682 1207 735 enim
1257 679 1427 732 Deum
1483 676 1622 731 inter
1673 686 1728 730 ct
1774 684 2039 732 creatura:

2169 680 2402 749 ἀδελφοῦ
2457 696 2553 735 σου
2614 680 2706 732 τοῦ
2770 681 2942 749 κυροῦ
2996 680 3272 750 Εὑθυμίου
3326 679 3632 750 δυνηθῆναι
3680 679 3779 731 τὸν

478 778 740 834 malitiam
786 774 1227 829 interscminavit
1275 778 1438 839 atque
1469 769 1649 822 intulit
1707 767 2026 822 inimicitias

2166 771 2406 844 πονηρὸν
2435 771 2762 844 ὲπισπεῖραι
2811 774 3050 839 ζιζάνια,
3104 774 3239 844 μηδὲ
3270 768 3360 827 οἶα
3407 773 3553 840 φιλεῖ
3593 772 3778 825 πολυ-

476 882 532 927 et
579 876 790 925 secreto
836 868 1127 931 fermenta,
1182 864 1385 933 quibus
1434 870 1487 917 et
1520 860 1703 914 unitas
1754 862 1807 914 in
1847 858 1956 914 Deo
2008 875 2037 914 e

2167 866 2413 935 μήχανος
2446 863 2522 919 ὢν
2553 866 2635 931 είς
2666 866 2872 920 κακίαν
2904 867 3002 919 καὶ
3035 865 3133 920 ἀπ’
3168 867 3348 937 ἀρχῆς
3383 863 3593 936 μεταξὺ
3625 862 3777 917 Θεοῦ

475 974 662 1017 nostra
715 960 1069 1032 perturbatur
1119 957 1381 1011 cbaritas.
1435 952 1517 1007 Tu
1572 963 1753 1007 autem
1801 966 1926 1006 cum
1983 950 2039 1006 si:

2166 958 2262 1011 καὶ
2292 957 2389 1011 τοῦ
2420 957 2744 1029 πλάσματος
2774 960 2877 1029 τὴν
2915 958 3123 1031 ἔχθραν
3148 955 3503 1029 ἐκϐεϐληκὼς
3542 956 3695 1029 λάθῃ
3721 972 3782 1010 τι

477 1056 643 1109 homo
675 1053 769 1107 Dei
813 1060 869 1105 et
902 1050 1151 1105 omnium
1203 1047 1418 1103 animos
1448 1044 1760 1100 demulcere
1798 1041 2035 1098 didicisti

2166 1048 2621 1119 παρεισενεγκὼν
2672 1050 2773 1119 τῆς
2801 1050 2861 1103 ἐν
2898 1051 3090 1121 Κυρίῳ
3123 1052 3379 1120 ἐνὸτητος
3406 1049 3502 1104 καὶ
3531 1050 3780 1120 ἀγάπης

474 1147 528 1201 in
563 1160 631 1201 eo
666 1144 937 1215 imprimis
978 1142 1195 1196 labores
1229 1148 1288 1195 ut
1313 1138 1665 1208 Euthymium
1699 1134 1842 1190 lucri
1871 1135 2039 1192 facias

2171 1142 2330 1213 ὑμῶν
2365 1142 2707 1214 ἐναντίωμαο
2736 1140 2856 1197 ἀλλ’
2881 1137 2971 1197 οἶα
3014 1142 3149 1197 Θεοῦ
3190 1142 3485 1213 ἄνθρωπος
3537 1139 3782 1211 ἀληθῶς

471 1250 524 1295 et
552 1255 749 1294 omnes
788 1237 884 1306 qui
928 1245 1059 1291 sunt
1108 1250 1234 1288 cum
1268 1231 1383 1294 illo,
1426 1244 1605 1301 neque
1652 1227 1925 1283 concedas
1958 1242 2039 1281 un

2162 1234 2260 1287 1ιαῖ⁵
2292 1231 2451 1297 εἰδὼς
2483 1233 2693 1295 πάντας
2743 1234 3079 1306 κερδαίνειν,
3130 1231 3278 1288 οὕτω
3309 1234 3440 1303 περὶ
3489 1232 3780 1299 πλείστην

472 1348 639 1401 qutun
691 1338 752 1384 ut
786 1328 1050 1382 minimus
1085 1325 1363 1380 distantia:
1409 1332 1467 1377 et
1518 1320 1886 1391 scparationis
1924 1334 2039 1390 pra:

2160 1324 2392 1396 γνώμην
2426 1325 2724 1391 άναλοσοῦ,
2746 1324 2889 1380 ὥστε
2921 1326 3177 1381 κάκεῖνον
3206 1326 3303 1379 καὶ
3333 1326 3463 1390 τοὺς
3490 1327 3595 1381 σὺν
3614 1324 3781 1397 αὐτῷ

471 1436 652 1481 textus
682 1423 882 1478 valeat.
915 1420 989 1474 De
1023 1431 1223 1473 canoro
1265 1418 1348 1472 vir
1394 1416 1497 1471 iste
1530 1413 1702 1470 Deum
1752 1427 1946 1467 amans
1974 1427 2034 1467 es

2160 1418 2447 1488 κερδᾶναι,
2481 1419 2581 1475 καὶ
2613 1418 2888 1491 μηδεμίαν
2923 1422 2983 1475 ἐν
3013 1421 3208 1492 μηδενὶ
3230 1423 3512 1494 πρόφασιν
3541 1438 3779 1493 παρεμο

469 1533 633 1591 atque
666 1520 933 1572 virtutum
969 1513 1151 1582 onifcs
1189 1530 1204 1569 :
1240 1519 1526 1582 praptcrea
1556 1508 1709 1563 omni
1743 1506 2039 1562 reverentia

2162 1512 2353 1563 πεσεῖν
2409 1510 2679 1582 διαφορᾶς
2726 1512 2825 1567 καὶ
2874 1512 3257 1579 διαστάσεωςο
3311 1516 3408 1569 καὶ
3440 1514 3628 1577 άλλως
3668 1516 3779 1585 μέν

470 1621 523 1667 et
576 1611 786 1665 honore
849 1607 1170 1670 habendus,
1234 1603 1507 1673 imprimis
1560 1600 1705 1672 quod
1762 1608 1888 1654 aute
1950 1611 2039 1653 vos

2166 1605 2276 1673 γὰρ
2310 1606 2338 1657 ὀ
2367 1603 2508 1675 ἀνὴρ
2538 1603 2799 1676 θεοφιλὴς
2845 1606 2940 1660 καὶ
2994 1608 3198 1678 ἀρετῆς
3222 1608 3485 1680 ἐργάτης.
3536 1606 3662 1663 Καὶ
3688 1608 3779 1662 δεῖ

466 1704 687 1775 pietatis
731 1715 911 1772 praeco
951 1700 1005 1753 in
1057 1706 1219 1767 gente
1261 1698 1365 1750 ista
1418 1692 1655 1748 surresit
1693 1700 1746 1747 et
1792 1690 2039 1746 doctrina

2164 1695 2262 1750 uel
2289 1694 2379 1749 διὰ
2396 1694 2559 1750 τοῦτο
2592 1698 2652 1750 ἐν
2688 1696 2842 1771 πάσῃ
2874 1700 3018 1753 albo!
3052 1700 3144 1756 καὶ
3170 1703 3304 1772 τιμῇ
3356 1701 3515 1769 άγειν
3548 1701 3772 1755 αὐτόν’

464 1760 673 1851 semina
706 1760 965 1862 dispersit
1000 1800 1164 1859 atque
1198 1790 1252 1843 in
1286 1787 1542 1858 przesenti
1580 1800 1680 1841 ceu
1718 1794 2039 1853 coaperator

2166 1792 2405 1861 μάλιστα
2437 1791 2495 1845 δέ
2529 1793 2614 1847 ὅτι
2647 1794 2741 1847 καὶ
2776 1760 2885 1864 πρὸ
2918 1793 3070 1864 ὑμῶν
3103 1760 3417 1866 κήρύξτῆς
3449 1794 3767 1856 εὐσεϐείας

462 1895 665 1948 missus
692 1903 776 1947 est
804 1890 899 1959 qui
928 1889 1157 1957 auspice
1190 1885 1301 1940 Deo
1329 1894 1385 1938 et
1413 1881 1631 1955 pondus
1663 1880 1901 1951 Spiritus
1928 1894 2039 1950 gra-

2156 1882 2236 1953 τῷ
2257 1882 2403 1938 ἔθνει
2450 1886 2665 1952 γέγονε,
2695 1884 2791 1940 καὶ
2828 1884 2993 1949 αὐτὸς
3022 1884 3116 1940 τὸν
3168 1887 3373 1956 σπόρον
3418 1885 3777 1942 κατεϐάλετο

464 1986 538 2040 tia
586 1986 834 2037 laborum
886 1993 1191 2035 ve5trorum
1233 1978 1492 2048 operibus
1543 1975 1661 2031 suis
1705 1974 2039 2030 sublevavit.

2158 1975 2254 2045 τῆς
2286 1975 2666 2040 δίδασκαλίας,
2704 1978 2799 2030 καὶ
2835 1976 2933 2031 νῦν
2958 1978 3052 2031 ἐπὶ
3077 1974 3239 2032 τοῦτο
3282 1978 3571 2032 ἐστείλατο
3620 1976 3776 2048 πρὸς

460 2075 824 2136 Gaudendum
875 2073 1041 2142 igitur
1087 2079 1143 2125 ct
1190 2069 1261 2124 de
1311 2068 1398 2122 his
1437 2075 1620 2137 grates
1653 2067 1766 2120 Deo
1803 2067 2039 2135 agendae.

2159 2069 2304 2139 ὑμᾶς
2339 2067 2434 2123 τοῦ
2461 2072 2806 2141 συνεργάτης
2838 2070 3096 2138 γενέσθαι
3142 2072 3241 2124 καὶ
3267 2072 3364 2124 σὺν
3414 2068 3537 2141 Θεῷ
3585 2069 3775 2140 φάναι

464 2169 663 2226 nedum
714 2165 981 2221 crucieris
1041 2177 1219 2231 neque
1273 2159 1501 2228 patiaris
1562 2157 1698 2229 quid
1753 2157 2039 2221 charitate,

2151 2163 2219 2230 τῇ
2263 2160 2525 2233 κοινωνίᾳ
2552 2160 2654 2230 τῆς
2709 2162 3101 2232 πνευματικῆς
3146 2163 3413 2233 ἐργασίας
3440 2160 3776 2233 ἐπελαφρῢ-

461 2261 769 2334 prtesertim
797 2258 1066 2328 Spiritus,
1100 2254 1410 2324 indignum.
2151 2252 2241 2308 ναί
2266 2271 2351 2308 σοι
2381 2253 2443 2309 τὺ
2468 2253 2638 2325 βάρος
2667 2255 2779 2309 τῶν
2806 2254 3010 2310 πόνων.
3068 2256 3298 2328 Χαίρειν
3324 2256 3419 2310 οὖν
3448 2257 3543 2310 ἐπὶ
3570 2255 3768 2321 τοῦτο,

457 2356 619 2427 χάριν
652 2352 942 2421 ὁμολογεῖν
971 2350 1093 2403 δέον
1145 2345 1288 2417 Θεῷ,
1328 2345 1451 2416 οὐχί
1480 2345 1537 2398 δέ
1566 2343 1889 2415 ἀνιαθῆναι,
1913 2344 2040 2398 ούδέ
2073 2349 2270 2402 παθεῖν
2320 2366 2379 2403 τι
2448 2350 2673 2415 ἀνάξιον
2725 2348 2950 2421 ἀγάπης
2997 2349 3238 2420 μάλιστα
3291 2352 3391 2423 τῆς
3419 2349 3517 2405 τοῦ
3580 2348 3769 2403 llud“

459 2464 654 2520 ματος.

530 2537 656 2592 llaec
708 2537 898 2593 scribo
948 2552 1061 2592 non
1096 2549 1328 2608 sperans
1380 2544 1563 2592 tamen
1625 2551 1714 2593 res
1766 2534 1866 2591 tibi
1907 2534 2039 2591 tales

2223 2536 2429 2607 Γράφω
2485 2534 2666 2592 ταῦτα
2694 2538 2795 2607 οὐχ
2853 2535 3029 2601 οὕτως
3081 2536 3319 2602 ἐλπίζων
3361 2537 3766 2609 συμϐήσεσθαι

456 2640 753 2687 eventuras
788 2645 940 2700 esse,
981 2631 1076 2686 sed
1117 2638 1414 2695 versutam,
1450 2630 1670 2699 maligni
1710 2629 2044 2686 simultatem

456 2723 915 2791 perhorrescens;
967 2722 1173 2778 etenim
1216 2720 1380 2778 bonis
1431 2722 1618 2777 favere
1670 2738 1778 2777 non
1844 2731 2047 2792 potest,

458 2815 555 2869 sed
593 2824 915 2885 perpetuqu
958 2830 1083 2869 cum
1130 2816 1199 2869 iis
1251 2814 1454 2870 bellum
1505 2815 1648 2884 gerit
1693 2816 1859 2885 idque
1905 2827 2053 2869 nunc

457 2908 699 2962 maxime
735 2922 863 2962 eum
913 2915 1126 2960 tantum
1176 2906 1242 2961 ad
1296 2906 1582 2961 hominum
1641 2905 1874 2961 salutem
1932 2904 2050 2961 fieri

457 3001 607 3055 \idet
642 3018 655 3054 :
687 3000 756 3054 ab
814 2999 972 3053 initio
1038 2998 1183 3053 enim
1233 2997 1441 3052 nullam
1496 2997 1691 3053 habuit
1736 2998 2049 3053 satietatem

458 3093 740 3147 hominum
769 3107 941 3163 genus
973 3092 1025 3145 in
1058 3090 1419 3161 perditionem
1456 3088 1781 3160 projicicndi
1812 3104 1829 3155 ;
1862 3090 2048 3145 studio

2149 2628 2220 2681 τὰ
2252 2630 2382 2697 περὶ
2421 2626 2505 2693 σὲ,
2545 2628 2684 2683 ἀλλὰ
2706 2630 2809 2701 την
2856 2628 3197 2702 πολύτροπον
3245 2628 3605 2700 ὑφορώμενος
3656 2629 3759 2684 τοῦ

2153 2719 2395 2792 πονηροῦ
2427 2720 2777 2791 δυσμένειαν,
2803 2726 2900 2775 καὶ
2951 2717 3063 2784 οἷος
3091 2722 3302 2785 ἐκεῖνος
3343 2723 3450 2775 οὐκ
3484 2721 3633 2794 ιχων
3661 2723 3761 2777 ἐπὶ

2147 2813 2261 2874 τοῖς
2293 2811 2479 2876 καλοῖς
2514 2814 2769 2883 ἠρεμεῖν,
2800 2812 2943 2867 ἀλλὰ
2978 2813 3066 2868 διὰ
3103 2813 3307 2877 παντὸς
3332 2813 3522 2883 ἀγῶνα
3553 2813 3756 2868 ποιούς

2150 2918 2311 2972 μενος
2342 2902 2438 2956 τοῦ
2469 2903 2819 2976 λυμήνασθαι
2855 2905 3043 2970 αὐτοῖς
3064 2923 3079 2938 ·
3140 2904 3380 2976 μαλίστα
3422 2905 3479 2960 δέ
3509 2908 3610 2962 ἐπὶ
3653 2905 3755 2961 τοῦ

2148 2992 2442 3065 παρόντος,
2503 2994 2672 3048 ὁπότε
2729 2996 2994 3052 τοσοῦτον
3062 2997 3401 3071 κατόρθωμα
3452 2998 3755 3069 γινόμενον

2146 3086 2357 3157 καθορᾷ
2380 3087 2475 3142 καὶ
2504 3088 2783 3159 σωτηρίαν
2821 3090 2918 3144 τοῦ
2951 3089 3295 3161 πλάσματος,
3331 3092 3473 3161 ὅπερ
3512 3092 3738 3154 ἐκεῖνος

456 3199 739 3253 nunquam
790 3182 1138 3238 satisfactum
1190 3197 1315 3237 esse
1366 3182 1598 3251 putavit,
1647 3195 1751 3236 nec
1798 3195 2039 3249 unquam

2150 3178 2232 3243 είς
2255 3155 2541 3234 ἀπώλειαν
2586 3155 2855 3252 ἐξνάρχῆς
2883 3184 2981 3235 καὶ
3012 3155 3177 3254 μέγρι
3200 3185 3297 3237 τοῦ
3320 3180 3418 3236 νῦν
3439 3155 3566 3235 ὀὐκ
3612 3182 3746 3252 ισχε

457 3276 592 3331 huic
640 3276 944 3332 inimicitia:
1005 3276 1169 3329 tinem
1230 3275 1495 3345 imponet.
1565 3271 1743 3343 llujus
1792 3275 2041 3330 artificiis

455 3369 712 3438 cognitis,
744 3368 818 3421 mi
860 3368 961 3431 lili,
991 3377 1047 3421 et
1072 3383 1167 3437 per
1206 3383 1329 3437 quae
1376 3368 1701 3437 scripsimus
1749 3377 1914 3437 atque
1949 3379 2043 3423 tua

458 3460 629 3530 ipsius
692 3460 1029 3529 experientia
1089 3461 1345 3522 edoctus,
1403 3458 1551 3515 illius
1606 3458 2042 3515 machinationes

456 3555 691 3620 videbis,
740 3554 975 3625 tcipsum
1026 3565 1210 3609 autem
1241 3553 1505 3609 honorem
1538 3553 1685 3625 apud
1719 3552 1888 3609 Deum
1938 3554 2040 3608 tibi

456 3658 797 3701 reservatum
828 3645 1100 3715 gustabis,
1149 3644 1294 3714 apud
1329 3646 1580 3701 homines
1630 3653 1813 3700 autem
1848 3659 2040 3715 aequos

451 3738 667 3809 jndices
698 3737 918 3793 virtutis
949 3746 1003 3792 et
1036 3738 1201 3793 studii
1237 3737 1521 3802 indefessi,
1555 3737 1738 3807 justos
1782 3751 2040 3791 remune-

457 3838 670 3884 ratores
701 3829 823 3898 jure
849 3838 902 3883 et
928 3829 1126 3883 merito
1152 3830 1420 3884 invenies.

2150 3270 2313 3341 κόρον
2356 3270 2607 3338 άνωθῶν,
2640 3271 2761 3326 οὐδὲ
2794 3274 3001 3337 πάσαις
3047 3276 3266 3347 τέχναις
3301 3279 3394 3331 καὶ
3428 3280 3745 3347 περινοίαις

2148 3359 2242 3413 τὸν
2271 3360 2666 3432 μισάνθρωπον
2697 3361 2892 3417 τοῦτον
2926 3363 3128 3436 δρόμον
3164 3364 3473 3435 τιθέμενος.
3504 3367 3741 3431 Τούτου,

2149 3450 2341 3507 τέκνον
2370 3453 2549 3523 ημῶν,
2577 3453 2646 3509 τά
2691 3456 3049 3527 τεχνάσματα
3095 3459 3488 3529 ἐπιστάμενος,
3535 3462 3637 3516 καὶ
3668 3457 3741 3514 δι’

2150 3538 2228 3599 ὧν
2258 3546 2583 3620 ἐγράψαμεν
2611 3546 2800 3621 ὥσπερ
2837 3551 3382 3625 ὑπομιμνήσκοντες,
3430 3556 3524 3610 καὶ
3549 3556 3623 3610 δι’
3662 3551 3741 3610 ὧν

2144 3641 2310 3705 αὐτὸς
2334 3643 2727 3713 ἐπιγινώσκεις
2753 3648 2820 3716 τῇ
2852 3646 3010 3720 θεῖκῇ
3037 3648 3427 3721 συναντιλήψει
3457 3648 3741 3721 δυναμού-

2154 3752 2342 3805 μενος,
2395 3736 2489 3791 τὸν
2549 3736 2651 3810 μέν
2702 3736 2943 3810 ὀςλῆσαι
2997 3741 3216 3809 γέλωτα
3285 3742 3738 3813 παρασκεύασον.

2148 3832 2382 3887 σεαυτὸν
2431 3832 2490 3889 δέ
2533 3836 2703 3907 τιμῆς
2750 3836 2904 3903 ἄξιον
2935 3842 3031 3891 καὶ
3078 3839 3237 3910 δόξης
3278 3842 3429 3910 παρὰ
3462 3839 3600 3896 Θεοῦ
3636 3839 3738 3895 καὶ

456 3921 566 3975 τῶν
588 3923 683 3974 ἐπὶ
710 3924 823 3984 τοῖς
869 3920 1136 3983 τοιούτοις
1180 3922 1613 3993 κατορθώμασιν
1670 3925 2041 3995 ὀφειλομένων
2108 3928 2348 3983 ἐπαίνων
2381 3931 2477 3985 καὶ
2529 3931 2630 4002 τῆς
2697 3931 3090 4003 ἀνακηρύξεως
3151 3936 3303 4005 παρὰ
3334 3936 3442 3990 τῶν
3487 3935 3737 3992 ἐπαινεῖν

454 4014 674 4070 εἰδότων
699 4013 797 4082 τὴν
830 4014 1030 4083 ἀρετὴν
1082 4015 1181 4067 καὶ
1231 4015 1637 4085 ἀνακηρύττειν
1690 4017 1790 4085 τὴν
1835 4022 2043 4091 ταύτης
2079 4018 2464 4093 λαμπρότητα.

560 4123 849 4179 CXXXVI.
891 4122 1461 4263 Stepltar;o,‘bfichaeli
1488 4135 1539 4181 et
1569 4125 1944 4193 Constantino,

1132 4214 1190 4248 ra
1220 4213 1267 4247 rt
1308 4214 1388 4251 us.

1132 4213 1388 4251 ιάιηοιη.

528 4286 746 4341 Homini
798 4287 1237 4352 conscientiam,
1283 4290 1524 4345 maxime
1586 4288 1833 4346 divinam
1887 4308 2043 4349 reve—

456 4379 618 4441 renti,
641 4378 899 4432 facillime
921 4376 1211 4432 adhibetur
1235 4376 1369 4434 fides
1393 4379 1477 4433 vel
1498 4380 1618 4435 sine
1638 4382 2031 4451 jurejurando;

457 4471 657 4527 multos
710 4472 859 4526 enim
894 4470 1057 4527 docet
1107 4471 1446 4540 experientia
1487 4471 1632 4531 datis
1676 4474 2031 4544 juramentis,

454 4579 649 4635 parum
678 4565 931 4629 stetisse,
964 4572 1129 4634 atque
1148 4564 1373 4632 decepta
1388 4564 1582 4622 tiducia
1609 4566 1842 4621 aliorum
1874 4568 2035 4624 fidem

456 4658 678 4725 penitus
710 4656 985 4712 delerunt.
1039 4655 1150 4712 Nos
1181 4655 1429 4726 quidem,
1452 4659 1529 4713 mi
1558 4658 1659 4725 fili,
1699 4669 1751 4715 te
1785 4676 2035 4717 veracem

446 4748 762 4818 iudicamus
839 4765 869 4803 a
918 4765 1030 4819 quo
1111 4766 1393 4818 nunquam
1462 4750 1695 4821 decepti.
1774 4754 2039 4812 Novimus

452 4844 600 4897 enim
652 4855 839 4897 mores
909 4849 1038 4896 tuos
1083 4850 1139 4897 et
1204 4842 1314 4897 tuis
1383 4843 1566 4899 verbis
1630 4845 1809 4917 magis
1867 4848 2039 4902 confl-

450 4938 634 4992 dimus
679 4951 844 5007 quam
871 4937 1255 5007 plerarumque
1308 4936 1738 5007 assertionibus,
1781 4945 2036 5010 quamvis

454 5044 582 5085 cum
629 5028 997 5099 jurejurando
1054 5030 1110 5084 111
1158 5027 1400 5085 medium
1459 5031 1705 5100 prolatis.
1749 5031 1938 5104 Itaque
1989 5034 2037 5089 si

452 5138 564 5177 non
596 5120 862 5184 fallimur,
890 5120 1098 5193 gratias
1131 5120 1425 5177 referimus
1455 5121 1568 5178 Deo
1599 5142 1614 5179 :
1644 5124 1730 5180 sin
1762 5142 1851 5182 res
1877 5126 2038 5182 aliter

454 5227 514 5267 se
554 5213 775 5277 habeat,
806 5212 989 5265 omnia
1022 5213 1182 5281 longe
1205 5214 1563 5283 projiciautur
1584 5232 1684 5271 nec
1701 5217 1806 5273 nisi
1824 5218 1881 5272 in
1905 5232 2035 5286 peco

454 5313 577 5359 cata
627 5320 747 5358 mea
798 5304 1160 5359 transferatur
1197 5308 1379 5375 culpa.
1429 5306 1588 5374 Quod
1645 5309 1843 5365 deinde
1886 5312 2038 5381 pacis

458 5394 793 5447 mentionem
825 5391 983 5458 facis,
1011 5393 1117 5449 hoc
1144 5394 1289 5461 dico,
1326 5411 1433 5451 non
1463 5397 1530 5451 ad
1559 5398 1657 5453 tibi
1694 5400 2034 5455 suadendum

458 5500 558 5538 nec
595 5484 821 5539 cuilibet
855 5485 945 5539 alii
976 5486 1069 5555 qui
1112 5501 1306 5555 pacem
1357 5488 1613 5557 amplecti
1647 5493 1797 5545 visus
1846 5491 2033 5557 fuerit,

458 5576 555 5629 sed
606 5576 853 5645 apertius
900 5578 970 5631 ad
1018 5579 1170 5633 illum
1206 5578 1417 5650 loquar,
1476 5582 1569 5636 cui
1618 5584 1802 5637 omnia
1847 5588 2032 5640 cordis

458 5677 668 5723 secreta
698 5677 920 5737 patent;
953 5678 1163 5726 tantum
1190 5673 1338 5729 enim
1365 5674 1498 5730 mihi
1528 5674 1667 5729 inest
1699 5678 2031 5733 desiderium

462 5760 761 5818 Ecclesiam
784 5759 880 5819 Dei
908 5777 1042 5835 pace
1061 5762 1334 5824 fruentem
1352 5765 1596 5839 videndi,
1617 5780 1675 5827 ut
1692 5770 1737 5827 si
1759 5770 2033 5828 desiderio

2139 4134 2325 4200 PAG'.
2396 4132 2715 4203 Στεφάνῳ,
2773 4138 3063 4279 ἑῗέἲὲἑς
3096 4140 3196 4195 καί
3266 4144 3733 4216 Κωνσταντίνφ,

2224 4298 2522 4371 Ἀνθρὼπῳ
2579 4299 2799 4353 σύνεσιν
2848 4303 3085 4373 τιμῶντι
3133 4305 3229 4359 καὶ
3280 4306 3519 4375 μάλιστα
3547 4307 3728 4373 θείαν,

2138 4393 2413 4464 εὐσταθὴς
2449 4393 2655 4466 τρόπος
2679 4395 2868 4449 δίδωσι
2909 4398 2972 4451 τδ
3004 4400 3389 4467 πιστεύεσθαι,
3421 4404 3520 4473 οὐχ
3552 4404 3586 4475 η
3614 4404 3728 4458 τῶν

2070 4523 2113 4577 D
2140 4484 2321 4556 ὅρκων
2379 4486 2717 4558 παράληψις.
2762 4487 3005 4553 Πολλοὺς
3048 4490 3158 4561 γάρ
3216 4493 3442 4564 ἤλεγξεν
3493 4498 3525 4566 η
3561 4499 3728 4568 πεῖρα

2144 4578 2288 4648 μετὰ
2341 4577 2454 4631 τῶν
2495 4579 2679 4651 ὅρκων
2726 4580 2946 4652 χείρους
3000 4582 3295 4651 ὀφθέντας,
3340 4584 3410 4640 δι’
3441 4582 3518 4644 ὧν
3566 4589 3727 4661 ἔσχον

2141 4669 2286 4724 κατὰ
2305 4670 2415 4724 τῶν
2447 4673 2862 4727 πιστευσάντων
2896 4674 3063 4729 πλέον
3103 4678 3186 4741 είς
3204 4680 3407 4733 κακίαν
3446 4680 3722 4749 ἐπιδείξαι

2141 4760 2291 4828 σθαι,
2318 4762 2353 4834 ἦ
2383 4763 2433 4815 εί
2457 4762 2536 4834 μὴ
2564 4766 3000 4831 πεπιστευκότες
3050 4766 3335 4840 ὤφθησαν.
3377 4772 3569 4842 Ἡμεῖς
3602 4773 3720 4839 οὖν.

2138 4853 2335 4907 τέκνον
2366 4855 2546 4924 ἡμῶν,
2578 4857 2629 4909 εί
2664 4858 2741 4929 μὴ
2773 4858 3181 4933 ἐξηπατήμεθα
3218 4864 3321 4917 ούκ
3350 4864 3418 4918 ἂν
3449 4865 3515 4937 δὴ
3553 4870 3722 4937 φαίην

2138 4945 2249 5001 τῶν
2275 4945 2573 5021 εὐσταθείᾳ
2612 4951 2818 5019 τρόπου
2848 4954 3272 5024 σεμνυνομένων
3310 4956 3515 5022 εἰδότες
3552 4960 3719 5029 ὑμᾶς.

2148 5040 2239 5093 ὅτε
2262 5042 2334 5093 τά
2364 5041 2606 5114 ὑμέτερα
2639 5043 3036 5115 ἐγινώσκομεν,
3085 5047 3270 5120 ἐκείνῃ
3329 5050 3534 5120 μᾶλλον
3570 5052 3720 5105 τιθέ-

2143 5135 2285 5203 μεθα
2311 5135 2379 5203 τῇ
2420 5136 2553 5206 περὶ
2591 5135 2747 5205 ὑμῶν
2799 5137 3093 5210 ὑπολήψει,
3122 5141 3156 5211 ἢ
3180 5144 3248 5213 τῇ
3282 5144 3347 5196 ἐκ
3394 5142 3504 5197 τῶν
3537 5144 3717 5216 ὅρκων

2140 5224 2562 5297 προϐαλλομένη
2597 5227 2946 5301 πληροφορίᾳ
2967 5244 2980 5259 ·
3027 5233 3122 5286 καὶ
3150 5232 3199 5286 εί
3223 5233 3323 5302 μέν
3352 5235 3455 5289 οὐκ
3495 5237 3716 5290 άπατῶο

2142 5332 2243 5384 μεν
2264 5314 2340 5385 τῷ
2363 5315 2483 5387 Θεῷ
2505 5317 2687 5387 χάρις.
2749 5318 2810 5372 ΕΙ
2848 5318 2893 5373 δ’
2917 5320 3094 5384 ἄλλως
3134 5320 3274 5393 ἔχει,
3298 5323 3419 5379 ἀλλ’
3471 5326 3712 5397 ἐρρίφθω

2139 5406 2303 5459 τοῦτο
2330 5409 2412 5471 είς
2439 5408 2663 5479 τρίϐους
2686 5409 2951 5478 ἀϐάτους,
2995 5413 3090 5467 καὶ
3116 5413 3295 5479 οὕτως
3340 5415 3515 5482 οὐδεὶς
3557 5419 3711 5480 ἄλλος

2138 5496 2236 5567 τὴν
2286 5498 2467 5551 αἰτίαν
2519 5497 2657 5563 ἔξει,
2697 5499 2817 5554 ἀλλ’
2868 5502 2950 5563 είς
3008 5502 3109 5565 τὰς
3162 5503 3302 5571 ἐμὰς
3346 5504 3709 5575 ἀνυσθήσεται

2140 5589 2437 5659 ἁμαρτίας.
2483 5590 2632 5644 Ἐπεὶ
2658 5592 2714 5644 δὲ
2749 5593 2976 5665 είρήνης
3005 5595 3309 5665 ἐμνήσθης,
3335 5598 3515 5649 ἐκεῖνό
3546 5615 3705 5667 ψημι,

2136 5680 2197 5732 οὐ
2226 5682 2283 5734 σὲ
2319 5681 2547 5748 πείθων,
2577 5684 2686 5737 οὐδ’
2724 5683 2885 5738 ἄλλον
2915 5685 3008 5738 τὸν
3036 5686 3090 5738 εί
3122 5703 3203 5748 τις
3247 5686 3396 5740 δοκεῖ
3423 5687 3706 5756 ὀνομάζειν

2138 5776 2382 5847 εἰρήνην,
2420 5776 2561 5834 ἀλλὰ
2589 5777 2724 5849 πρὸς
2749 5779 2958 5834 ἐκεῖνον
3002 5781 3214 5853 φανερὰ
3257 5782 3421 5851 λέγω,
3459 5773 3502 5850 ᾧ
3536 5782 3708 5837 πάντι
