4054 6138
349 312 444 378 361

1809 314 2222 375 ΕΡΙὸἸὈΙιίΕ.

3503 323 3608 383 362

349 409 416 460 si
435 407 534 475 τῆς
557 408 795 478 καρδίας
829 409 987 480 ήμῶν
1018 407 1418 480 πεφανέρωται,
1467 407 1543 470 ὡς
1574 407 1808 476 τοσαύτη
1842 424 1912 475 μο

2043 421 2166 459 meo
2239 403 2574 465 satislierct.
2644 406 2850 461 ultimis
2897 425 2980 462 me
3053 426 3375 478 evpnt-o‘rt-tu
3425 417 3601 468 malis.

352 500 530 567 ἔςεσις
547 498 647 552 τοῦ
669 501 772 572 τὴν
786 499 1116 570 Ἐκκλησίαν
1142 496 1460 570 είρηνεῦσαι
1488 497 1618 551 ίδεῑν
1642 497 1737 552 τοῦ
1763 497 1922 561 Θεοῦ,

352 591 424 654 ὡς
448 593 497 645 εί
515 591 680 646 τοῦτο
693 591 1006 662 ἠκολούθει,
1042 591 1180 663 μηδὲ
1201 591 1302 659 τὴν
1339 593 1419 653 είς
1445 590 1675 659 γέενναν
1698 587 1792 643 τοῦ
1819 606 1924 641 πυ-

356 683 446 752 ρὸς
487 683 946 755 παραιτήσασθαι
1005 684 1178 756 ρίψιν.
1209 683 1324 738 Νῦν
1366 682 1424 736 δὲ
1453 685 1522 756 ῆν
1548 684 1598 736 οἱ
1625 680 1924 752 ἀπερισκὲ-

352 791 504 837 πτως
536 773 895 846 ἐπιζητοῦσιν
954 776 1200 845 εἰρήνην,
1261 774 1417 828 οὐδὲν
1446 774 1636 844 ἕτερόν
1689 775 1859 835 ἐστιν,
1887 773 1922 842 ῆ

353 865 661 936 πρόσληψις
695 866 803 919 τῶν
837 868 912 937 μὴ
941 868 1235 929 συνόντων,
1273 868 1365 921 καὶ
1394 865 1636 936 ἀποϐολὴ
1664 864 1776 920 τῶν
1805 881 1931 918 συν-

2035 497 2210 562 Quam
2250 505 2431 552 autem
2471 497 2549 552 illi
2591 513 2780 568 pacem
2819 501 3222 556 inconsiderate
3257 507 3599 574 perquirunt,

2034 589 2172 643 nihil
2189 589 2337 643 aliud
2367 597 2451 643 est
2470 605 2634 659 quam
2656 595 2958 661 assumptio
2975 594 3278 648 absentium
3302 607 3356 652 et
3379 598 3601 664 rejectin

2033 679 2412 748 praesentium.
2467 676 2606 746 Quis
2641 695 2769 734 vero
2815 681 3126 737 istiusmodi
3155 700 3268 739 rem
3312 695 3600 743 vacaturus

2033 769 2106 825 sit
2135 771 2393 824 unionem
2428 778 2484 824 et
2513 771 2935 840 prosperitatem
2980 772 3238 830 Ecclesia:
3267 775 3402 832 Dei?
3435 776 3600 848 Equi-

2028 861 2150 915 dem
2198 861 2401 916 nullam
2450 862 2610 918 video
2657 873 2939 933 rupturam
2988 865 3078 919 illa
3128 868 3596 937 perniciosiorem,

351 956 542 1008 όντων.
576 955 748 1009 Τοῦτο
777 957 820 1008 δ’
853 956 920 1010 ἄν
956 973 1036 1018 τις
1070 956 1212 1009 εἴποι
1235 956 1431 1009 ἕνωσιν
1465 955 1560 1008 καλ⁵
1584 951 1917 1024 εὐφροσύνῃ

2028 954 2230 1009 nullam
2270 955 2429 1025 cujus
2469 954 2596 1012 ﬁnis
2624 955 2695 1010 sit
2737 957 3132 1013 miserabilior.
3163 959 3331 1016 Vobis
3365 965 3598 1032 pruden-

347 1047 454 1114 τῆς
475 1047 570 1101 τοῦ
600 1046 740 1100 Θεοῦ
803 1047 1156 1118 Ἐκκλησίας,
1187 1047 1304 1101 ἀλλ’
1336 1049 1402 1101 οὐ
1435 1045 1594 1118 ῥῆξιν
1622 1043 1809 1115 πολλῷ
1839 1043 1930 1099 ἀλα

346 1139 669 1211 γεινιπέραν
698 1141 797 1195 καὶ
818 1139 1272 1212 σκυθρωπότητα,
1294 1141 1399 1195 οὐκ
1427 1135 1546 1194 οἶδα
1574 1139 1731 1204 ποίας
1761 1138 1928 1210 ἔσχαο

2028 1045 2176 1101 tibus
2209 1063 2317 1101 non
2367 1047 2546 1104 solum
2597 1050 2938 1118 apparentia,
2981 1051 3062 1104 uti
3089 1051 3170 1118 lit,
3201 1055 3598 1111 consideranda

2027 1147 2178 1206 sunt,
2211 1142 2308 1196 sed
2337 1151 2389 1196 et
2419 1142 2508 1197 illa
2547 1157 2671 1213 quae
2696 1157 2760 1196 ex
2794 1145 3182 1212 apparentibus
3212 1157 3489 1203 emanant.

343 1237 466 1298 τιᾱς
520 1235 622 1289 οὐκ
661 1229 827 1289 οὖσαν
871 1232 1284 1305 ἐσχατωτέραν;
1331 1235 1451 1305 Χρὴ
1504 1232 1562 1288 δὲ
1621 1232 1918 1304 φρονίμους
1981 1232 2139 1300 ὂντας
2189 1234 2334 1304 ὑμᾶς
2371 1236 2446 1306 μὴ
2505 1236 2665 1305 μόνον
2715 1239 2778 1290 τὸ
2821 1236 2881 1303 ἐξ
2924 1239 3189 1310 ἐπιπολῆς
3227 1243 3356 1313 όρᾷν
3417 1247 3600 1313 φαινό-

351 1347 533 1406 μενον,
583 1328 719 1383 ἀλλά
761 1329 854 1383 καὶ
886 1330 986 1382 ὅσα
1014 1330 1125 1394 τοῖς
1158 1331 1508 1400 φαινομένοις
1547 1327 1908 1396 ἐξακολουθεῖ.

524 1447 692 1502 ΡΛΖ’.
745 1447 1011 1517 ἰγνατίῳ
1043 1449 1454 1519 μητροπολίτῃ
1490 1443 1763 1506 Κυζίκου.

427 1565 806 1637 Ἑπιστάμεθα
838 1563 938 1637 τὴν
973 1563 1252 1636 ὑμετέραν
1296 1564 1650 1635 τελειοτάτην
1680 1562 1920 1628 σύνεσιν,

344 1657 440 1711 καὶ
471 1659 643 1728 χωρίς
667 1657 764 1727 τῆς
808 1657 1086 1728 ἡμετέρας
1117 1655 1458 1728 προτροπῆς,
1491 1655 1705 1709 οἴκοθεν
1735 1671 1917 1708 κινου-

2131 1440 2441 1497 CXXXVII.
2473 1445 2689 1514 Ignatio
2721 1444 3101 1514 Cyziceuorum
3137 1450 3508 1519 metropolita‘.

2098 1553 2379 1612 Summam
2399 1567 2631 1612 vestram
2657 1558 3062 1628 intelligentiam
3090 1561 3337 1616 novimus
3375 1580 3496 1634 qua:
3524 1583 3592 1619 ex

2021 1648 2281 1718 ipsamet,
2320 1650 2477 1707 nobis
2529 1668 2634 1706 nou
2688 1652 3055 1719 hortantibus,
3085 1655 3218 1709 bene
3267 1658 3440 1712 vultci
3502 1661 3596 1729 qui

346 1748 520 1819 μένην
543 1747 852 1817 συμπαθῶς
879 1747 1024 1817 ἔχειν
1049 1748 1186 1819 πρὸς
1230 1747 1325 1800 τὸν
1352 1747 1698 1819 κατασχόντα
1730 1745 1828 1816 τὴν
1861 1747 1917 1799 ὲν

2022 1749 2162 1810 ante,
2195 1756 2294 1797 vos
2365 1741 2757 1814 Cyzicenorum
2793 1741 3091 1798 Ecclesium
3151 1745 3325 1812 rexit;
3396 1747 3598 1803 nihilo-

342 1836 572 1910 Κυζίκῳ
611 1837 939 1908 Ἐκκλησίαν
970 1837 1072 1908 πρὸ
1107 1839 1204 1906 τῆς
1240 1837 1340 1907 σῆς
1379 1839 1681 1907 ὁσιότητος.
1726 1837 1917 1907 Ὅμως

338 1928 398 1982 δὲ
422 1929 506 1982 ὅτι
529 1927 628 1982 καὶ
651 1928 799 1998 ἡμᾶς
829 1925 1063 1992 ἀξιῶσαι
1092 1927 1120 1979 ό
1150 1924 1438 1995 ἄνθρωπος
1457 1922 1708 1992 διενοήθη
1731 1922 1919 1976 ἕνεκεν

339 2022 436 2079 τοῦ
459 2021 828 2095 γράψτιπρὸς
853 2022 913 2076 σὲ
959 2020 1099 2076 ὥστε
1165 2018 1578 2092 ἀνεπηρέαστον
1623 2015 1774 2086 αὐτῷ
1815 2015 1918 2086 τὴν

343 2114 494 2180 ζωὴν
523 2111 665 2169 εἷναι
688 2115 750 2166 ἐκ
781 2113 890 2168 τῶν
937 2111 1237 2183 φιλούντων
1268 2110 1624 2178 ἐπεμϐαίνειν
1657 2110 1779 2172 ταῖς
1826 2109 1917 2160 ἀλα

338 2208 587 2280 λοτρίαις
610 2207 844 2279 θλίψεσι,
883 2207 984 2277 φεῦ
1015 2205 1116 2276 τῆς
1141 2203 1732 2273 καταδυναστευσάσης
1754 2205 1814 2254 ἓν
1838 2200 1915 2271 τῷ

339 2298 675 2371 ἀνθρωπίνῳ
717 2299 864 2367 γένει
898 2296 1096 2361 κακίας
1123 2297 1137 2349 l
1166 2293 1226 2349 τὸ
1265 2295 1444 2364 παρόν
1484 2311 1565 2347 σοι
1603 2291 1914 2360 διεπέμψα-

343 2412 446 2465 μεν
489 2394 762 2464 γράμμα,
821 2394 1008 2445 ἐκεῖνα
1060 2390 1130 2444 δι’
1187 2388 1355 2445 αὐτοῦ
1417 2382 1916 2458 προτρεπόμενοιᾶ

340 2484 712 2558 προλαϐόντες
743 2467 975 2554 εἴπομεν
1008 2484 1106 2537 καὶ
1133 2481 1350 2552 φρονεῖς
1392 2480 1488 2533 καὶ
1522 2479 1719 2539 ποιεῖς.
1748 2477 1812 2544 τῇ
1847 2477 1912 2544 σῇ

337 2576 712 2649 φιλανθρώπῳ
741 2574 1062 2646 κινούμενος
1088 2573 1348 2627 διαθέσει.
1383 2571 1663 2643 Ἐστιδδή
1689 2568 1912 2633 ἀξίωσις

341 2670 412 2740 ἢν
443 2667 732 2740 ὴξιώμεθα
751 2667 847 2721 τοῦ
894 2667 1118 2722 καθίσαι
1151 2666 1315 2720 αὐτὸν
1366 2666 1424 2719 ἐν
1458 2663 1536 2734 τῷ
1567 2660 1915 2736 μοναστηρίῳ

337 2759 400 2814 οὐ
423 2755 494 2832 ῆν
519 2762 610 2815 ὅτε
639 2761 739 2829 τῆς
771 2758 1162 2831 μητροπόλεως
1190 2756 1562 2827 ἀπεκεκίνητο
1592 2753 1904 2824 καθεζόμε-

337 2869 464 2913 νος·
519 2852 616 2905 καὶ
663 2847 804 2906 εἶναι
847 2850 997 2922 αὐτῷ
1026 2849 1267 2913 καὶτοὺς
1301 2849 1419 2903 ἐκεῖ
1445 2845 1910 2920 προσεδρεύοντας

337 2949 407 3017 τῇ
430 2945 643 3000 ἑκείνου
677 2945 1073 3014 ἀνακειμένους
1100 2942 1397 3014 θεραπείᾳ,
1438 2942 1529 2994 καὶ
1560 2941 1704 2993 κατά
1743 2937 1914 3010 μηδε-

2023 1833 2206 1888 minus
2257 1833 2309 1888 id
2351 1833 2514 1888 homo
2545 1844 2802 1904 precatus
2843 1845 2926 1890 est
2971 1846 3031 1891 ut
3064 1837 3274 1894 litteras
3325 1839 3392 1894 ad
3419 1848 3473 1894 te
3502 1844 3598 1895 da-

2022 1940 2206 1982 remus
2233 1933 2291 1980 ut
2338 1924 2504 1980 vitam
2545 1927 2650 1981 sibi
2695 1927 2875 1983 vivere
2904 1930 3075 1998 possit
3123 1945 3372 1986 securam
3416 1933 3485 1986 ab
3529 1933 3596 1986 iis

2019 2020 2137 2088 qui,
2195 2025 2416 2088 propter
2467 2019 2809 2088 congenitam
2868 2021 3149 2077 hominum
3200 2022 3486 2088 malitiam,
3539 2028 3593 2080 in

2021 2110 2215 2164 alienis
2273 2109 2614 2165 oll‘endendis
2665 2111 3023 2167 delectantur.
3081 2114 3378 2170 Prmsentcs
3432 2118 3597 2187 igitur

2018 2201 2212 2256 damus
2267 2201 2473 2257 litteras
2513 2204 2658 2271 licel,
2721 2213 2780 2258 ιιι
2839 2220 3006 2276 supra
3062 2207 3323 2275 diximus,
3372 2213 3596 2282 proprio

2017 2295 2312 2348 voluntatis
2378 2306 2524 2350 motu
2571 2310 2707 2352 .eum
2741 2296 2854 2365 jam
2913 2299 3249 2354 humanitate
3324 2311 3415 2355 tua
3480 2320 3596 2357 am—

2017 2385 2289 2456 plectar-is.
2331 2384 2590 2442 Precatur
2616 2402 2834 2458 quoque
2884 2399 2942 2444 ιιι
3003 2405 3100 2461 per
3156 2408 3242 2446 me
3293 2395 3393 2463 ipsi
3434 2398 3592 2465 copia

2017 2477 2109 2533 ﬁat
2150 2478 2204 2531 in
2237 2478 2628 2533 monasterium
2667 2479 2926 2534 redeundi
2973 2498 3082 2553 quo
3135 2483 3369 2548 vivebat,
3398 2501 3522 2539 cum
3562 2504 3592 2541 a

2017 2567 2301 2637 metropoli
2369 2579 2770 2636 amoveretur;
2838 2571 2970 2641 petit
3051 2582 3137 2627 ut-
3176 2573 3270 2642 qui
3329 2590 3596 2628 "inuasit-.-

2015 2662 2098 2715 rio
2136 2671 2187 2716 et
2220 2658 2445 2716 servitio
2476 2669 2742 2729 prmsunt,
2787 2660 2840 2716 in
2901 2663 3047 2717 nulla
3088 2679 3146 2718 re
3186 2667 3359 2736 ipsum
3419 2668 3592 2724 laces-

2013 2764 2137 2811 sant
2191 2761 2285 2807 aut
2350 2752 2806 2809 oﬂendiculorum
2871 2749 3216 2812 occasionem
3275 2761 3592 2828 suscitent;

2013 2848 2283 2918 promittit
2339 2848 2436 2913 (et
2484 2846 2814 2902 conﬁdimus
2864 2850 2956 2916 qui
3014 2850 3299 2921 benignam
3359 2854 3592 2908 hominis

2015 2949 2265 2994 naturam
2299 2938 2599 3009 novimus),
2651 2955 2752 2995 nec
2791 2942 2970 3006 vobis,
3007 2958 3105 2998 nec
3153 2945 3207 2997 in
3262 2949 3592 3001 titonastct'io

340 3041 474 3108 μίαν
506 3037 689 3092 αίτίαν
714 3036 864 3108 αὐτῷ
897 3035 1155 3108 θλίψεως,
1185 3035 1220 3105 ἢ
1254 3033 1622 3104 στενοχωρίας
1655 3031 1912 3102 ἀφορμὴν

2020 3032 2344 3103 degentibus
2400 3031 2732 3088 incommodi
2759 3035 2889 3103 quid
2919 3051 3016 3092 sua
3051 3039 3208 3108 culpa
3234 3051 3590 3109 eventurum;

1945 3092 1993 3152 C

338 3133 773 3203 παρεχομένους,
801 3129 1037 3202 μάλιστα
1064 3126 1535 3197 ἐπαγγελλομένου
1558 3123 1746 3189 αὐτοῦ,
1779 3123 1916 3192 ὅπερ

2025 3126 2137 3180 imo
2195 3124 2431 3195 majores
2483 3125 2678 3181 animae
2743 3135 2798 3182 et
2843 3129 3089 3198 corporis
3150 3134 3589 3194 conttttodilales.

338 3227 437 3278 καί
479 3223 849 3295 πεπείσμεθα,
889 3223 949 3277 τὸ
976 3219 1221 3284 ἐπιεικὲς
1265 3217 1362 3273 τοῦ
1405 3215 1697 3291 ἀνθρώπου
1733 3215 1917 3283 ἐπιγι-

338 3317 666 3383 νώσκοντες,
691 3316 766 3380 ὡς
804 3316 956 3369 οὐδὲν
987 3313 1110 3369 οὔτε
1146 3314 1275 3383 ὑμῖν
1318 3312 1557 3382 ἐπαχθὲς
1593 3311 1724 3380 παρ’
1751 3307 1916 3364 αὐτοῦ

2015 3229 2179 3286 quam
2236 3215 2435 3285 quibus
2496 3216 2552 3272 in
2619 3219 2872 3288 praesenti
2926 3219 3198 3285 fruantur,
3274 3240 3594 3280 :tCtessuras

2015 3323 2165 3365 ρςεε.

337 3411 669 3478 ἀπαντήσει,
702 3408 826 3463 οὔτε
855 3411 970 3472 τοῖς
1000 3410 1060 3462 ιν
1098 3404 1176 3478 τῷ
1221 3405 1570 3478 μοναστηρίῳ
1599 3405 1660 3457 τὸ
1688 3403 1901 3470 διάγειν
1939 3401 2198 3473 λαχοῦσιν
2223 3419 2237 3433 ο
2273 3403 2410 3456 ἀλλὰ
2472 3405 2674 3473 μᾶλλον
2700 3406 2886 3472 αὐτοῖς
2951 3411 3375 3481 περιγενήσεται
3410 3413 3592 3484 πλέον,

338 3509 372 3574 ἦ
430 3506 555 3558 ὅσον
605 3502 702 3557 νῦν
751 3501 1084 3556 ἀπολαύουσι
1131 3498 1378 3571 ψυχικῆς
1428 3498 1525 3552 καὶ
1577 3499 1901 3567 σωματικῆς
1937 3495 2208 3566 ὡφελείας
2240 3497 2272 3567 ἡ
2301 3497 2673 3568 περιποίησις.

868 3615 1044 3668 mut.
1088 3611 1173 3678 τῷ
1212 3609 1394 3677 αὐτῷ.

427 3732 729 3804 ’Δνηνέχθη
757 3731 838 3803 τῷ
882 3729 1023 3800 ἁγίῳ
1051 3726 1171 3798 Θεῷ
1198 3726 1522 3799 εὐχαριστία
1546 3726 1700 3797 ἡμῖν,
1729 3723 1916 3795 ὥσπερ

343 3826 494 3891 ἔθος,
519 3824 616 3880 ἐπὶ
632 3828 696 3897 τῇ
723 3823 878 3896 ὑμῶν
918 3821 1166 3892 σωτηρίᾳ
1209 3820 1304 3874 καὶ
1340 3817 1696 3888 συντηρήσει,
1727 3817 1917 3870 τέκνον

340 3919 504 3990 ἡμῶν
531 3918 696 3988 ίερὶον,
731 3915 829 3972 καὶ
859 3913 1135 3986 εὐχόμεθα
1165 3911 1261 3968 atat
1293 3909 1376 3966 ἔτι
1423 3927 1482 3963 σε
1532 3907 1917 3980 διατηρεῖσθαι

339 4010 450 4065 ὑπὸ
474 4012 596 4074 ταῖς
628 4009 804 4072 θείαις
830 4006 1060 4077 πτέρυξι
1090 4003 1493 4074 φυλαττόμενον
1517 4002 1692 4056 κακοῦ
1711 4000 1913 4064 παντὸς

341 4101 557 4170 ἀπαθῆ.
589 4101 670 4154 Τά
691 4099 750 4154 δὲ
785 4099 1030 4169 ήμέτερα
1059 4097 1112 4150 τί
1143 4097 1210 4151 ἂν
1238 4097 1412 4162 ctum;
1463 4094 1610 4164 Πλὴν
1641 4092 1799 4148 τοῦτό
1834 4108 1918 4146 σοι

339 4192 600 4263 γνωρίζω
622 4191 762 4264 πρὸς
795 4190 964 4262 μόνην
991 4190 1090 4260 τὴν
1117 4189 1231 4246 ἀνω
1258 4187 1670 4255 ἀποσαλεύομεν
1706 4185 1914 4254 ἀγαθό-

339 4304 508 4359 τητα,
538 4283 809 4356 κρύπτειν
842 4283 1152 4354 δυναμένην
1175 4282 1246 4336 τὰ
1276 4281 1459 4353 πλήθη
1487 4280 1597 4334 τῶν
1620 4277 1912 4351 ἀμαρτιιῖιν

2521 3608 2658 3664 CXX
2674 3609 2858 3665 XVIII.
2923 3611 3131 3668 Eidem.

2092 3720 2198 3776 Pro
2241 3725 2416 3779 salute
2462 3731 2518 3776 et
2559 3725 2974 3778 conservatione
3020 3736 3220 3789 vestra,
3252 3730 3323 3782 mi
3374 3731 3474 3797 liii,
3511 3734 3590 3786 uti

2016 3815 2280 3880 solemus,
2329 3814 2444 3871 Deo
2486 3827 2676 3872 sancto
2706 3817 2910 3886 gratias
2940 3820 3154 3888 egimus
3189 3834 3242 3873 et
3277 3824 3453 3892 ipsum
3490 3825 3590 3878 ad-

2019 3924 2304 3978 precamur
2343 3918 2402 3964 ut
2435 3909 2540 3964 sub
2588 3910 2792 3964 divinis
2825 3911 2926 3966 alis
2974 3920 3275 3980 protectum
3330 3927 3380 3968 te
3407 3927 3594 3971 custo-

2019 4001 2133 4056 diat
2165 4001 2236 4056 ab
2272 4000 2423 4055 omni
2457 4001 2601 4055 malo
2662 4001 3021 4057 incolumem.
3081 4006 3218 4072 Quid
3271 4009 3336 4061 de
3389 4011 3591 4063 nostris

2016 4092 2194 4148 dicam
2215 4093 2240 4144 ?
2275 4092 2389 4149 Hoc
2419 4108 2586 4148 unum
2619 4092 2715 4148 tibi
2756 4103 2942 4150 notum
2967 4098 3112 4162 volo,
3132 4112 3234 4153 nos
3265 4099 3317 4152 in
3356 4116 3590 4170 superna

2015 4183 2254 4238 bonitate
2303 4184 2597 4250 conlidere,
2628 4201 2752 4256 qua:
2784 4188 2900 4242 sola
2955 4190 3354 4244 multitudinem
3389 4208 3584 4261 pecca-

2012 4282 2194 4329 torum
2226 4285 2535 4332 nnstrorum
2564 4277 2738 4346 possit
2761 4277 3038 4347 obtegere,
3069 4282 3209 4336 unde
3229 4285 3387 4338 nobis
3415 4293 3470 4337 et
3502 4294 3589 4339 to-

339 4376 522 4449 ήμῶν,
553 4376 616 4441 ἐξ
641 4369 718 4430 ὧν
751 4374 845 4428 καὶ
875 4373 1008 4444 ήμῖν
1035 4371 1131 4426 καὶ
1156 4371 1320 4425 παντὶ
1355 4370 1436 4442 τῷ
1463 4370 1629 4441 κοινῷ
1662 4369 1906 4440 ἐπεχύθη

2020 4366 2047 4420 Li
2076 4367 2321 4423 societati
2383 4376 2532 4422 tanta
2591 4369 3006 4426 tribulationum
3062 4375 3300 4443 procella
3349 4376 3592 4432 immissa

338 4470 369 4522 δ
399 4465 658 4530 τοσοῦτος
703 4466 868 4536 ζόφος
897 4465 1007 4519 τῶν
1033 4461 1270 4533 θλίψεων
1290 4480 1306 4496 ’
1349 4464 1486 4534 πρὸς
1509 4463 1571 4517 δν
1595 4459 1916 4534 ἀπαγορεύ-

2020 4469 2123 4524 est.
2156 4460 2210 4513 in
2260 4475 2366 4531 qua
2407 4459 2642 4518 vivimus
2703 4463 2869 4518 vitam
2917 4479 3026 4520 non
3082 4467 3336 4535 vitalem;
3383 4473 3591 4540 gravati

342 4578 538 4625 σαντες
583 4559 769 4630 ζῶμεν
794 4560 857 4611 οὐ
905 4557 1129 4622 ζῶντες,
1159 4555 1257 4612 καὶ
1300 4555 1652 4628 βαρυνόμεθα
1684 4555 1783 4618 τάς
1815 4552 1912 4607 τοῦ

343 4656 500 4726 ήὶίου
562 4653 800 4724 δρῶντες
845 4652 1094 4716 ἀκτῖνας,
1148 4650 1246 4703 καὶ
1306 4649 1448 4718 μετά
1493 4651 1606 4702 τῶν
1639 4650 1699 4701 εν
1721 4649 1914 4717 τάφοις

343 4745 654 4816 ἀγαπιῖιμεν
715 4741 927 4814 μᾶλλον
987 4737 1403 4804 συντάττεσθαι,
1447 4739 1482 4810 ἦ
1523 4739 1632 4792 τῶν
1680 4739 1784 4792 ὐπὸ
1838 4737 1918 4806 τῷ

347 4840 484 4910 map
512 4837 834 4905 διαγόντων.
885 4833 969 4888 'ra
1009 4831 1110 4904 μὶν
1141 4832 1389 4904 ἡμέτερα
1409 4829 1656 4885 τοιαῦτα.
1692 4829 1856 4893 Σὲδὲ,
1888 4826 1918 4881 δ

345 4934 440 4988 καὶ
486 4931 704 5000 φθάσας
753 4922 930 4990 εἷπον,
980 4925 1073 4996 εἴη
1110 4924 1294 4995 πάσης
1353 4922 1651 4985 κακώσεως
1694 4923 1762 4991 τῇ
1796 4919 1918 4990 θεία

347 5023 753 5097 φρουρούμενον
779 5019 1034 5090 εὐμενείᾳ
1058 5018 1317 5089 ὐπεράνω
1344 5016 1629 5070 διατελεῖν.

591 5162 759 5217 PAO’.
793 5159 883 5226 Τῷ
918 5159 1161 5230 ἄρχοντι
1207 5159 1327 5212 τῶν
1353 5158 1680 5226 ἀρχόντων.

420 5301 590 5358 οὐδὲν
637 5297 920 5362 εὐσεϐείας
979 5297 1599 5370 περισπουδαστότερον,
1654 5295 1778 5349 οὐδὲ
1829 5293 1911 5361 τῷ

349 5396 514 5450 παντὶ
544 5393 646 5465 βίῳ
673 5391 783 5446 τῶν
802 5389 1107 5460 ἀνθρώπων
1133 5388 1641 5460 σωτηριωδὲστερον
1660 5405 1674 5420 ·
1713 5389 1918 5458 ταύτης

351 5488 456 5558 γὰρ
500 5481 1025 5556 εμπολιτευομένης,
1059 5479 1162 5533 οὐκ
1211 5479 1410 5549 ἄδηλον
1436 5476 1512 5541 ὡς
1547 5476 1916 5548 θεραπεύεται

351 5581 506 5643 Θεὸς.
536 5575 674 5630 Θεοῦ
705 5574 760 5627 δὲ
792 5570 1061 5644 θεραπεία
1090 5572 1268 5625 πάντα
1303 5571 1401 5641 μὲν
1429 5571 1656 5641 χορηγεῖ
1679 5569 1748 5622 τά
1777 5567 1920 5621 καλά

354 5675 445 5726 καὶ
479 5667 858 5740 συμφέροντα,
892 5663 1114 5718 πάντων
1149 5661 1207 5716 δὲ
1237 5661 1348 5714 τῶν
1407 5659 1742 5730 ἀσυμφόρων
1784 5661 1919 5712 ἀπε-

353 5766 536 5818 λαύνει
573 5760 673 5832 τῆν
711 5756 1040 5827 παρουσίαν.
1065 5753 1253 5823 Οὕτως
1281 5755 1374 5808 καὶ
1410 5754 1517 5825 ίδίᾳ
1548 5752 1784 5815 ἕκαστος
1813 5769 1918 5820 μα-

666 5856 933 5916 Panos.
975 5853 1090 5913 Gn.
1127 5851 1276 5914 CXI.

2020 4550 2266 4606 videmus
2287 4551 2472 4607 radios
2494 4551 2627 4608 solis
2647 4563 2701 4607 et
2728 4554 2901 4609 satius
2925 4557 3176 4613 ducimus
3207 4559 3261 4614 in
3323 4562 3593 4631 sepulcris

2021 4641 2344 4712 degentibus
2392 4648 2744 4701 annumerari
2781 4663 2941 4716 quam
2979 4654 3083 4704 sub
3116 4653 3234 4707 sole
3264 4655 3590 4708 viventibus.

2023 4735 2098 4789 En
2130 4746 2313 4792 nostra
2361 4737 2519 4793 sicuti
2568 4750 2736 4804 sunt;
2781 4751 2832 4796 te
2869 4753 3054 4798 autem
3093 4745 3163 4801 ab
3191 4749 3338 4801 omni
3384 4751 3591 4805 malitia

2021 4827 2337 4892 liberatum,
2369 4831 2831 4899 quemadmodum
2866 4836 2974 4904 iam
3003 4836 3147 4902 dixi,
3181 4839 3363 4897 divina
3403 4841 3592 4897 Provi-

2020 4919 2200 4975 dentia
2231 4921 2510 4977 custodiat
2535 4931 2589 4976 et
2618 4929 2904 4995 protegat!

2335 5154 2622 5212 CXXXIX.
2660 5155 2896 5226 Prirtcipi
2922 5161 3242 5229 principum.

2091 5288 2176 5344 Nil
2227 5291 2426 5359 pietate
2477 5292 2722 5347 sedulius
2755 5292 3180 5362 exquirendum,
3217 5297 3293 5351 nil
3344 5302 3598 5356 humanae

2019 5383 2144 5437 vita:
2169 5383 2483 5438 salutarius.
2535 5381 2607 5437 Ea
2645 5382 2697 5436 in
2752 5385 3027 5455 republica
3056 5397 3332 5453 versante,
3361 5392 3592 5446 manife-

2018 5485 2162 5530 stum
2200 5476 2258 5530 lit
2286 5477 2428 5546 quod
2461 5473 2602 5531 Deus
2618 5477 2858 5531 colitur:
2891 5479 3041 5547 atqui
3073 5477 3164 5535 Dei
3202 5482 3382 5538 cultus
3411 5487 3595 5540 omnia

2021 5567 2240 5621 adducit
2277 5567 2415 5622 bona
2443 5569 2859 5639 commodaque,
2916 5585 3106 5627 omnes
3156 5583 3334 5628 autem
3383 5589 3599 5632 amovet

2024 5662 2362 5718 calamitates
2383 5679 2397 5715 :
2416 5663 2542 5719 hinc
2571 5664 2795 5718 feliciter
2817 5665 2960 5720 vivet
2979 5677 3032 5721 et
3056 5667 3291 5736 quisque
3315 5669 3592 5740 privatim,

2020 5763 2070 5807 et
2117 5752 2335 5824 domus,
2394 5763 2448 5810 ct
2485 5755 2697 5823 civitas,
2737 5757 2926 5827 utique
2952 5765 3008 5812 et
3034 5773 3164 5830 gens
3193 5775 3412 5831 quoque
3457 5763 3601 5820 felici

3135 5853 3205 5914 12
