4054 6138
400 251 504 315 393

1632 244 1731 308 DE
1769 244 1945 307 VITA
1986 242 2447 307 MONASTICA.

3538 247 3648 313 394

401 369 600 438 πάσης,
629 362 768 419 ἀλλά
788 362 888 417 καὶ
926 365 1039 429 τοῖς
1070 358 1472 435 γραμματικὴν
1506 357 1601 414 καί
1627 356 1828 430 πολλὴν
1858 361 1973 412 πετ-

2080 354 2391 413 litterarum
2424 370 2676 426 magnam
2711 355 2916 412 habent
2969 357 3387 428 experientiam,
3415 360 3649 419 habiles-

401 477 498 529 ραν
525 455 770 529 σχοῦσιν,
798 458 1145 528 ἐμπράκτως
1184 455 1303 508 ούσι
1326 452 1433 506 τῶν
1458 450 1636 505 καλῶν
1666 451 1760 505 καὶ
1792 450 1972 521 πάσης

400 549 651 618 θεωρίας,
673 554 767 600 καὶ
791 546 957 615 ἔργον
980 545 1359 599 ἀδιάπαυστον
1382 540 1568 612 σχοῦσι
1590 538 1819 595 τοιαῦτα
1837 538 1975 609 γρά-

399 657 518 708 φειν
544 655 558 671 ⁶
590 640 686 694 καὶ
717 638 808 691 διὰ
857 637 1022 690 τοῦτο
1070 634 1334 689 ἔσπευδον
1361 633 1422 686 τὸ
1462 632 1628 703 βάρος
1672 630 1974 702 άπορρίψαι

398 732 489 785 ἀπ’
523 729 791 800 έμαυτοῦ,
822 729 898 790 ὡς
928 729 1170 797 εἴρηται,
1208 722 1286 796 μὴ
1313 723 1614 794 δυνάμενος
1646 721 1817 777 τοῦτο.
1858 719 1977 775 Ἐν·

398 822 589 876 τεῦθεν
610 821 799 875 λοιπὸν
841 821 1080 891 ἄρξομαι
1100 817 1201 889 τὴν
1226 816 1486 872 ὑπόθεσιν
1508 814 1734 887 ταύτην,
1760 814 1976 886 ἀρωγὸν

404 913 844 985 προϐαλλόμενος
871 912 971 982 τῆς
1004 914 1142 982 ὲμῆς
1169 908 1480 974 ἀσθενείας,
1519 907 1811 970 ἰδιωτείας,
1838 904 1977 975 μᾶλ-

398 1007 487 1060 λον
517 1008 575 1061 δὲ
622 1009 716 1061 κοιλ⁸
765 1006 967 1074 πολλῆς
1001 1005 1316 1075 ἀγροικίας,
1347 1001 1441 1057 τὸν
1477 1002 1651 1067 Λόγον
1698 996 1795 1052 τοῦ
1836 996 1975 1053 Θεοῦ

396 1099 609 1169 Πατρὸς
657 1098 748 1151 τὸν
793 1098 1071 1167 Δεσπότην
1109 1097 1350 1171 Χριστόν
1406 1109 1532 1165 μου,
1569 1090 1832 1155 ὡσαύτως
1880 1090 1977 1145 καὶ

392 1190 493 1259 τὴν
543 1188 805 1243 θεοτόκον
860 1188 1148 1242 δέσποιναν
1192 1184 1434 1258 Μαρίαν,
1485 1183 1579 1239 καὶ
1608 1184 1735 1246 τοὺς
1785 1180 1975 1249 ἁγίους

394 1279 644 1343 ἅπαντας
705 1276 1186 1347 προςκαλούμενος
1247 1276 1528 1348 πρέσϐεις,
1584 1273 1761 1344 ἀρχὴν
1822 1270 1975 1325 ἔνθεν

391 1370 737 1441 ποιούμενος,
768 1369 891 1422 ὅθεν
920 1368 1187 1439 ἄρχεσθαι
1217 1366 1397 1438 θέμις.

465 1460 535 1528 β’.
586 1461 825 1531 Ὀφείλει
863 1462 970 1524 πᾶς
1021 1461 1355 1532 Χριστιανὸς
1387 1461 1481 1514 τδν
1520 1458 1774 1529 θεμέλιον
1828 1456 1977 1529 ἔχειν

386 1554 496 1627 τὴν
531 1554 714 1608 πίστιν
744 1554 845 1624 τὴν
871 1551 1166 1606 ἀνόθευτον
1197 1552 1262 1605 ὲκ
1285 1549 1534 1621 καθαρᾶς
1567 1550 1815 1620 καρδίας,
1845 1549 1979 1619 άγά-

388 1664 505 1718 πην
534 1662 592 1699 τε
631 1646 765 1717 πρὸς
795 1645 889 1699 τὸν
935 1645 1071 1698 Θεὸν
1096 1642 1157 1708 ἐξ
1205 1642 1334 1713 ὅλης
1370 1644 1470 1711 τῆς
1511 1641 1716 1714 ίσχύος,
1752 1641 1816 1707 έξ
1844 1642 1976 1715 δλης

387 1742 636 1804 διανοίας
663 1757 726 1795 τε
758 1740 856 1795 καὶ
892 1738 953 1805 ἐξ
973 1738 1103 1811 ὅλης
1134 1735 1316 1809 ψυχῆς
1336 1752 1353 1769 ·
1408 1735 1670 1800 ὡσαύτως
1707 1736 1804 1792 καὶ
1835 1735 1973 1807 πλη-

387 1835 510 1888 σίον
563 1832 638 1895 ὡς
694 1833 886 1887 ἑαυτὸν
948 1830 1126 1895 οὕτως
1184 1830 1366 1903 ἔχειν⁸
1416 1848 1437 1881 ι
1484 1829 1575 1884 Ἐν
1616 1828 1843 1889 ταύταις
1873 1828 1972 1883 οὖν

386 1929 515 1987 ταῖς
574 1924 849 1988 ἐντολαῖς,
886 1924 963 1989 ὡς
1008 1924 1113 1993 ἔφη
1161 1925 1189 1976 ό
1232 1922 1532 1990 Δεσπότης,
1578 1921 1699 1985 ὅλος
1741 1923 1771 1975 δ
1812 1921 1974 1990 νόμος

388 2021 670 2089 κρέμαται
715 2018 809 2071 καὶ⁵
837 2016 886 2069 οἱ
936 2015 1211 2086 προφῆται
1256 2014 1456 2077 πάντες
1479 2028 1498 2046 ο
1534 2030 1555 2066 ι
1584 2041 1655 2056 -ι-
1687 2032 1707 2065 ι
1750 2014 1827 2067 Οὐ
1876 2030 1974 2094 qo-

388 2107 625 2173 νεύσεις,
681 2107 744 2161 οὐ
793 2106 1123 2176 μοιχεύσεις,
1179 2104 1241 2158 ού
1269 2102 1832 2175 ψευδομαρτυρήσεις,
1857 2102 1975 2159 ἀλλ’

390 2197 515 2251 οὐδε
539 2198 906 2269 ἐπιορκήσεις,
930 2194 1145 2266 ἀληθῶς
1167 2194 1225 2248 δὲ
1271 2194 1512 2265 δμόσεις,
1538 2194 1823 2259 ἀποδιδοὺς
1850 2198 1975 2259 τοὺς

386 2290 589 2363 ὅρκους
630 2307 723 2345 σου
759 2290 948 2361 Κυρίῳ
986 2289 1063 2359 τῷ
1118 2288 1238 2359 Θεῷ
1280 2302 1413 2342 σου·
1442 2287 1562 2342 ἀλλ’
1605 2286 1728 2340 οὐδὲ
1757 2287 1976 2358 κλέψεις

387 2383 533 2447 ὅλως
561 2398 624 2452 γε
663 2381 697 2454 ἦ
746 2381 843 2436 καὶ
883 2381 1070 2445 άπλῶς
1105 2379 1447 2451 πορνεύσεις.
1473 2396 1493 2431 ι
1555 2377 1740 2433 Ταῦτα
1786 2382 1815 2433 ὁ
1867 2395 1974 2434 πα-

385 2473 537 2538 λαιὸς
596 2474 752 2541 νόμος
796 2473 1101 2527 ἰντέλλεται
1133 2474 1227 2526 καὶ
1261 2472 1483 2542 γράφει.

463 2573 536 2636 γ’.
579 2566 640 2620 '0
667 2566 724 2621 δὲ
757 2565 993 2636 Χριστὸς
1021 2566 1118 2619 καὶ
1152 2564 1432 2636 Δεσπότης
1462 2563 1577 2620 τῶν
1604 2565 1766 2631 ὅλων,
1799 2566 1828 2619 δ
1859 2566 1974 2619 na.

389 2658 555 2724 λαιᾶς
576 2658 675 2713 καὶ
702 2659 801 2729 τῆς
848 2657 1060 2727 Καινῆς
1088 2658 1293 2729 Κύριος
1320 2657 1621 2728 Διαθήκης,
1666 2658 1850 2710 πλεῖον
1875 2657 1975 2729 τὴν

391 2754 688 2826 ἀκρίϐειαν
717 2752 865 2825 ἔχειν
902 2754 1051 2822 ἡμᾶς
1080 2751 1320 2805 διδάσκει
1348 2750 1409 2804 τὸ
1440 2750 1515 2821 μὴ
1552 2749 1781 2821 ὀμνύναι
1842 2750 1978 2821 άλη-

391 2843 505 2906 θῶς
531 2844 569 2914 ἡ
600 2859 725 2898 τινα
758 2845 922 2914 ὅρκον
948 2842 1153 2910 λέγειν.
1178 2840 1370 2894 Ἔσται
1391 2840 1448 2894 δέ
1478 2840 1640 2911 μόνον
1666 2842 1726 2894 ὲν
1756 2841 1887 2913 ἡμῖν
1910 2841 1974 2895 τὸ

393 2935 535 3001 Ναὶ,
565 2935 678 2998 ναὶ,
710 2933 888 2988 καὶτὸ
913 2930 1012 2999 Οὒ,
1043 2931 1104 2984 οὗ
1130 2945 1143 2960 ·
1177 2932 1241 2984 τὸ
1268 2930 1324 2984 δέ
1352 2946 1417 2999 γε
1466 2931 1673 2985 τούτων
1715 2931 1972 3001 περισσὸν

2075 463 2181 517 que
2215 457 2343 504 sunt
2372 447 2438 502 ad
2470 462 2633 503 omne
2660 447 2861 504 bonum
2892 464 3230 521 omnemque
3259 451 3559 521 tlieoriam,
3585 470 3649 509 ac

2076 537 2444 595 indesinenter
2476 538 2613 594 talia
2647 537 2893 595 scribere
2919 539 3121 608 solent,
3151 541 3275 597 ideo
3291 558 3454 608 onus,
3479 546 3647 616 quod,

2078 637 2139 684 ut
2182 629 2319 694 dixi,
2360 638 2578 701 portare
2605 630 2920 701 nequibam,
2945 646 2974 687 a
3000 646 3088 687 me
3118 635 3386 704 repellere
3413 636 3647 692 nitebar.

2076 720 2354 777 Caeterum
2390 721 2505 793 jam
2546 736 2695 778 nunc
2728 723 3068 794 propositum
3100 726 3403 797 apgredlar,
3452 728 3506 782 in
3548 744 3652 783 au-

2079 808 2270 864 xilium
2299 818 2444 866 mete
2474 809 2767 866 debilitatis
2806 813 2891 867 vel
2933 815 3117 885 potius
3148 814 3470 884 ignorantia:
3511 819 3654 873 mul-

2078 908 2256 972 latque
2315 901 2647 959 rusticitatis
2714 900 2954 959 Verbum
2998 904 3091 962 Dei
3127 904 3306 962 Patris
3370 908 3648 965 Christum

2077 995 2369 1053 Dominum
2405 1012 2588 1054 meum
2636 1000 2977 1068 accersiens,
3011 1002 3328 1073 pariterque
3361 1004 3647 1062 Dominam

2075 1087 2354 1159 deiparam
2390 1086 2617 1145 Mariam
2650 1097 2705 1145 et
2743 1105 2938 1147 omnes
2982 1100 3210 1150 sanctos
3240 1097 3519 1151 advocans
3547 1098 3649 1150 acl-

2069 1178 2283 1251 jutores
2315 1178 2471 1236 initio
2503 1180 2648 1238 unde
2670 1180 2881 1253 justum
2918 1192 3037 1240 erat
3072 1183 3242 1257 incipi
3265 1188 3574 1260 desumpta.

2147 1457 2203 1513 2.
2234 1456 2404 1515 Debet
2457 1460 2638 1532 quivis
2689 1474 3029 1520 sarisuanus
3062 1463 3265 1524 habere
3304 1484 3405 1539 pro
3457 1468 3624 1526 funda

2078 1556 2264 1605 mento
2304 1550 2464 1607 fidem
2495 1552 2564 1611 de
2605 1553 2772 1609 corde
2802 1570 2939 1624 puro
2969 1557 3265 1623 sinceram,
3300 1560 3653 1616 charitatem-

2078 1655 2186 1712 que
2210 1657 2341 1714 erga
2363 1640 2535 1701 Deum
2571 1661 2637 1702 ex
2669 1648 2796 1705 totis
2841 1649 3071 1720 viribus,
3102 1668 3167 1708 ex
3211 1662 3323 1710 tota
3352 1664 3555 1723 mente,
3583 1673 3653 1713 ex

2004 1709 2049 1767 Β
2078 1709 2189 1791 tota
2212 1709 2422 1800 anima,
2447 1744 2501 1791 et
2520 1739 2835 1809 proximum
2860 1709 3118 1812 tanquam
3145 1743 3383 1814 seipsnm
3409 1709 3644 1802 habere:

2086 1843 2105 1879 ι
2141 1826 2200 1881 ιιι
2228 1823 2316 1882 bis
2346 1825 2492 1882 enim
2542 1829 2839 1895 mandatis,
2878 1841 2935 1885 ut
2978 1834 3056 1889 ait
3100 1832 3385 1902 Dominus,
3414 1844 3526 1892 tota
3565 1836 3648 1890 lex

2074 1915 2278 1987 pendet
2303 1925 2360 1973 et
2389 1931 2583 1974 omnes
2613 1919 2892 1990 prophetae
2924 1922 2977 1976 ιι
3016 1941 3037 1975 ι
3072 1953 3141 1965 -
3173 1943 3193 1975 ε
3229 1923 3350 1982 Non
3381 1927 3600 1983 occides
3634 1946 3648 1994 ;

2076 2007 2196 2065 Non
2228 2009 2634 2081 machaberia;
2665 2011 2782 2069 Non
2816 2013 3013 2069 falsum
3044 2015 3195 2073 dices
3230 2020 3605 2076 testimonium
3632 2040 3647 2085 ;

2074 2102 2194 2162 Non
2227 2107 2556 2178 periurabis,
2605 2110 2701 2165 sed
2736 2111 2954 2182 jurabis
3004 2114 3157 2184 juxta
3190 2118 3491 2185 veritatem,
3525 2120 3649 2174 red-

2075 2198 2214 2256 dens
2247 2200 2478 2257 Domino
2513 2202 2625 2258 Deo
2650 2214 2745 2257 tuo
2769 2203 3079 2274 juramenta
3112 2217 3239 2272 tua;
3264 2208 3378 2263 Non
3420 2209 3649 2277 furtum,

2076 2304 2251 2360 neque
2281 2290 2445 2347 ullam
2472 2291 2699 2348 omnino
2733 2291 3152 2353 fornicationem
3192 2299 3362 2356 tacies
3377 2302 3430 2355 ‘.
3467 2321 3488 2355 ι
3524 2301 3649 2357 Hinc

2075 2381 2162 2437 lex
2190 2382 2416 2453 antiqua
2441 2384 2597 2453 jubet
2622 2394 2679 2441 et
2707 2389 3031 2456 praescribit.

2158 2572 2215 2628 3.
2241 2570 2495 2629 Christus
2526 2580 2731 2639 autem,
2761 2575 3004 2631 omnium
3048 2575 3329 2644 Dominus,
3380 2597 3468 2637 cui
3498 2595 3653 2652 paret

2079 2660 2241 2717 Vetus
2266 2660 2592 2735 Novumque
2620 2663 3056 2733 Testamentum,
3082 2670 3348 2741 majorem
3374 2674 3647 2743 justitiam

2073 2751 2234 2807 nobis
2258 2754 2639 2821 exercendam,
2678 2772 2780 2811 nec
2813 2757 3114 2825 jurandum
3161 2778 3263 2818 nee
3291 2766 3459 2823 ullum
3489 2768 3649 2839 jura-

2074 2853 2318 2899 mentum
2360 2844 2670 2901 faciendum
2703 2848 2886 2905 docet.
2941 2850 3062 2905 Erit
3111 2863 3326 2911 tantum
3363 2857 3419 2914 in
3466 2862 3648 2926 nobis,

2077 2936 2195 3003 Est,
2215 2943 2321 3003 est,
2339 2944 2414 3020 et,
2445 2934 2586 3001 Non,
2621 2953 2769 3005 non;
2794 2941 2941 3010 quod
2969 2954 3149 2999 autem
3171 2944 3256 3001 his
3281 2949 3514 3020 amplius
3543 2965 3649 3019 est,

390 3026 512 3082 ιστι
532 3023 631 3081 τοῦ
671 3024 944 3080 διαϐόλου.
989 3023 1048 3078 '0
1078 3022 1189 3095 γάρ
1236 3021 1401 3092 νόμος
1432 3022 1659 3076 ἐκόλασε
1691 3022 1798 3077 τῶν
1828 3024 1973 3095 πράυ

2076 3041 2109 3081 a
2134 3026 2356 3082 diabolo
2382 3018 2488 3115 est.
2515 3026 2729 3084 Etenim
2754 3028 2864 3087 Lex
2897 3035 3174 3091 actionum
3209 3018 3648 3116 finem—corrigit,

390 3115 536 3183 ξεων
578 3113 643 3169 τδ
698 3113 877 3178 τέλος,
913 3112 1031 3167 ἀλλ’
1062 3116 1091 3167 ὁ
1140 3112 1331 3184 Σωτὴρ
1392 3114 1553 3183 ἡμῶν
1605 3114 1841 3185 Χριστὸς
1872 3113 1972 3179 τὰς

392 3205 572 3275 ἀρχάς
612 3202 817 3275 μᾶλλον
863 3202 1050 3257 πλέον.
1092 3219 1111 3254 ε
1167 3201 1228 3256 ’0
1276 3201 1387 3273 γάρ
1432 3202 1709 3273 ἐμϐλέψας
1752 3204 1974 3273 γυναικὶ

394 3297 535 3367 πρὸς
594 3296 656 3350 τὸ
714 3293 1055 3366 δπιθυμῆσαι
1137 3294 1241 3365 ἤδη
1325 3295 1647 3366 ἐμοίχευσεν
1701 3296 1874 3367 αὐτὴν
1915 3298 1974 3350 ἐν

392 3391 462 3459 τῇ
508 3386 675 3442 αὐτοῦ
720 3386 939 3459 καρδίᾳ.
967 3404 988 3440 ε
1064 3385 1246 3449 Ὀλως
1294 3381 1352 3438 δι
1396 3387 1472 3457 μὴ
1524 3387 1845 3456 ἀντιστῆναι
1895 3387 1974 3460 τῷ

394 3480 622 3553 πονηρῷ
670 3480 951 3535 διδάσκει·
992 3478 1108 3534 ἀλλ’
1147 3478 1596 3547 άγγαρευόμενόν
1630 3496 1751 3533 τινα
1794 3478 1974 3551 μίλιον

391 3575 473 3641 ἓν,
497 3573 593 3629 δύο
641 3572 879 3643 ὑπάγειν
928 3572 1051 3642 μετ’
1083 3569 1251 3625 αὑτοῦ
1272 3585 1287 3601 ο
1328 3569 1404 3639 μὴ
1456 3569 1761 3638 ἀντιλέγειν
1794 3571 1932 3633 δλως
1956 3586 1970 3603 ο

391 3666 474 3739 τῷ
505 3665 809 3737 πλήσσοντι
835 3661 938 3733 τὴν
973 3660 1159 3727 δεξιὰν
1199 3660 1429 3729 σιαγόνα
1458 3660 1717 3731 ὀργίλως,
1750 3661 1973 3732 ἡμέρως

389 3773 455 3811 τε
503 3757 601 3810 καὶ
656 3754 950 3827 προσηνῶς
1001 3753 1096 3808 καὶ
1142 3752 1244 3825 τὴν
1290 3752 1462 3819 άλλην
1518 3752 1784 3823 παρέχειν
1807 3768 1822 3785 ο
1880 3754 1974 3805 καὶ

390 3848 607 3915 ἁπλῶς,
658 3846 711 3899 ετ
735 3861 791 3900 τι
822 3840 919 3900 οὖν
942 3843 1176 3907 ἕκαστος
1228 3842 1495 3913 πάσχοιεν
1544 3844 1610 3897 εκ
1644 3841 1737 3895 τοῦ
1780 3846 1972 3908 πέλας,

394 3937 585 4009 ὕϐρεις
618 3936 762 4006 ὁμοῦ
787 3937 883 3990 καὶ
926 3922 1199 4006 μάστιγας
1225 3934 1522 4005 ὑπομένειν
1551 3934 1815 4003 γενναίως
1838 3950 1855 3968 °
1896 3934 1974 4006 τῷ

395 4030 608 4084 θέλοντι
641 4026 899 4099 κριθῆναι
934 4026 993 4081 δὲ
1025 4028 1121 4081 καὶ
1151 4024 1339 4080 λαϐεῖν
1381 4024 1477 4079 τὸν
1521 4026 1750 4097 χιτῶνα,
1789 4026 1973 4081 δοῦναι

396 4123 492 4176 καὶ
519 4119 582 4174 τὺ
613 4119 835 4190 ἱμάτιον
861 4118 892 4171 δ
923 4117 1210 4187 Δεσπότης
1239 4117 1451 4171 κελεύει
1472 4132 1485 4147 ⁸
1520 4118 1615 4170 καὶ
1644 4114 1700 4170 εἴ
1724 4134 1775 4170 τι
1810 4118 1973 4173 πάθοι

393 4213 587 4282 ιτερος
615 4211 787 4264 κακὸν
814 4212 879 4263 έκ
896 4208 990 4263 τοῦ
1015 4209 1267 4281 πλησίον,
1291 4206 1411 4262 εἶτα
1434 4211 1526 4262 καὶ
1547 4208 1777 4281 όργισθῇ
1801 4210 1972 4279 αὐτῷ,

396 4308 525 4376 εἰκῇ
552 4302 806 4374 ὠργίσθη
840 4301 1037 4368 τούτῳ.
1068 4300 1158 4372 Τῷ
1188 4300 1434 4356 αἰτοῦντί
1466 4318 1524 4354 σε
1571 4301 1771 4356 διδόναι
1802 4318 1975 4373 προσ-

2075 3118 2326 3175 Christus
2351 3107 2530 3176 autem
2563 3119 2813 3179 Salvator
2851 3136 3040 3181 noster
3064 3128 3237 3185 multo
3273 3132 3451 3205 magis
3486 3107 3654 3193 ex'or;

2072 3211 2185 3265 dia.
2217 3240 2288 3254 —-
2314 3210 2450 3267 Nam
2478 3231 2499 3265 ι
2543 3215 2637 3284 qui
2667 3215 2801 3272 vidit
2836 3217 3119 3276 mulierem
3148 3221 3214 3278 ad
3253 3229 3651 3298 concupiscen-

2072 3302 2201 3356 dum
2218 3316 2337 3357 eam
2363 3300 2476 3372 jam
2504 3306 2813 3363 tumeliatus
2843 3318 2927 3363 est
2942 3325 3067 3365 cum
3091 3312 3225 3369 eain
3257 3316 3424 3373 corde
3453 3334 3554 3376 suo
3570 3322 3645 3377 ’.ι

2073 3392 2307 3450 Prorsus
2335 3411 2444 3451 non
2497 3400 2865 3456 resistendum
2926 3404 3070 3458 malo
3121 3407 3331 3475 docet‘,
3367 3412 3479 3467 imo
3524 3430 3649 3470 cum

2071 3500 2137 3540 eo
2174 3487 2267 3555 qui
2316 3486 2465 3541 mille
2498 3503 2696 3559 passus
2754 3494 3080 3563 angariavit,
3119 3495 3224 3552 alia
3251 3498 3364 3556 duo
3401 3503 3647 3560 subeuuo

2071 3574 2141 3629 da
2160 3577 2205 3639 ',
2250 3578 2479 3633 omnino
2521 3595 2629 3634 non
2688 3584 3214 3655 contradicendum;
3267 3605 3379 3660 pra
3414 3596 3495 3650 ira
3530 3612 3651 3652 ma.

2072 3666 2257 3723 xillam
2287 3670 2533 3724 dextram
2558 3675 2917 3742 pereutieute,
2969 3678 3241 3735 submisse
3269 3694 3322 3738 et
3366 3700 3650 3744 mansuete

2072 3761 2416 3829 praebendam
2449 3770 2506 3817 et
2558 3764 2868 3826 alteram‘;
2901 3774 2957 3821 et
3001 3767 3049 3824 si
3084 3771 3209 3841 quis
3244 3774 3389 3851 aliud
3434 3780 3563 3847 quid
3618 3798 3647 3836 a

2072 3851 2381 3922 pmpinquo
2410 3852 2674 3923 patiatur,
2707 3856 2939 3926 injurias
2976 3874 3041 3917 ac
3104 3864 3330 3920 verbera
3382 3870 3650 3936 patienter

2074 3943 2354 3999 toleranda
2408 3944 2609 4000 volenti
2663 3946 2993 4003 contendere
3022 3950 3237 4019 judicio
3296 3964 3353 4007 et
3406 3960 3646 4014 tunicam

2074 4035 2291 4101 tollere,
2324 4039 2453 4091 dare
2483 4045 2539 4093 et
2568 4038 2793 4108 pallium
2829 4038 3096 4098 Dominus
3125 4045 3359 4114 jubet";
3387 4052 3489 4104 etsi
3516 4055 3646 4120 quid

2076 4126 2203 4179 mali
2226 4141 2256 4180 a
2292 4126 2539 4196 proximo
2583 4128 2721 4183 alter
2773 4128 3080 4199 pertulerit,
3118 4132 3427 4204 deindeque
3457 4152 3647 4195 contra

2075 4218 2227 4273 illum
2259 4218 2573 4273 aastuaverit
2598 4220 2700 4285 ira,
2725 4217 2928 4276 frustra
2949 4234 3142 4277 contra
3171 4224 3320 4279 illum
3354 4230 3424 4283 sit
3453 4230 3645 4297 iratus;

2078 4326 2109 4367 a
2138 4322 2190 4368 te
2216 4314 2445 4381 petenti,
2474 4313 2707 4367 libenter
2735 4313 2868 4369 dare
2900 4318 3126 4383 statuit;
3158 4326 3215 4371 et
3248 4335 3276 4372 a
3310 4327 3361 4374 te
3411 4327 3647 4379 mutuari

392 4398 583 4452 τάττει
611 4393 987 4466 ἀπραγμόνως
1006 4408 1022 4425 ⁸
1046 4393 1140 4447 τὸν
1167 4392 1391 4446 θέλοντα
1411 4393 1759 4447 δανείσασθαι
1821 4396 1973 4448 κενὸν

2085 4404 2375 4469 volentem,
2406 4420 2515 4457 non
2548 4404 2823 4461 remittere
2852 4421 3087 4462 vacuum
3108 4409 3150 4463 ⁸.
3173 4409 3402 4481 Diligere
3427 4425 3647 4469 nostros

398 4490 477 4560 μὴ
526 4487 921 4561 ἀποστρέφειν.
964 4487 1208 4556 Ἀγαπᾷν
1255 4486 1381 4548 τοὺς
1427 4486 1655 4557 ἐχθροὺς
1694 4486 1854 4558 ἡμῶν
1888 4490 1976 4541 έν-

395 4580 648 4635 τέλλεται
672 4577 751 4642 ὡς
798 4577 1009 4647 φίλους,
1036 4575 1135 4631 καὶ
1165 4577 1567 4649 ὑπερεύχεσθαι
1605 4576 1823 4631 πάντων
1864 4578 1973 4631 τῶν

397 4672 823 4744 ιπηρεαςόντων
850 4685 866 4703 ο
936 4672 1368 4741 καταρωμένους
1435 4668 1716 4737 εύλογείν,
1790 4670 1971 4734 καλῶς

400 4768 575 4818 ποιεῖν
610 4760 932 4833 μισοῦντας.
962 4762 1077 4816 Καὶ
1101 4762 1267 4816 πάλιν
1294 4763 1423 4832 περὶ
1460 4764 1768 4833 προσευχῆς
1796 4762 1973 4826 οὕτως

400 4858 548 4928 ἡμᾶς
595 4854 865 4919 διδάσκει,
918 4854 1005 4906 ἶνα
1038 4853 1116 4926 μὴ
1170 4854 1629 4925 προσευχώμεθα,
1678 4853 1869 4925 ὥσπερ
1914 4856 1965 4908 oi

398 4951 714 5019 ὑποκριταὶ,
743 4946 881 5017 μηδδ
908 4945 1029 5016 μεθ’
1058 4944 1407 5017 ὑποκρίσεως
1430 4944 1530 5016 τὴν
1559 4947 1815 5016 νηστείαν
1844 4962 1965 4999 ποι-

395 5040 605 5105 οῦντες,
638 5042 734 5093 καὶ
778 5038 1100 5109 σκυθρωποὶ
1125 5039 1406 5106 γινόμενοι
1446 5038 1515 5092 τά
1548 5038 1815 5110 πρόσωπα
1846 5057 1967 5109 μει-

395 5134 607 5200 ούντες,
652 5131 749 5186 τοῦ
798 5132 874 5203 μὴ
906 5132 1000 5185 επὶ
1042 5129 1145 5201 τῆς
1190 5130 1298 5201 γῆς
1329 5133 1462 5201 ἡμῖν
1513 5132 1823 5203 θησαυροὺς
1875 5133 1970 5204 θη-

401 5224 697 5297 σαυρίζειν.
723 5223 837 5293 Τῆς
866 5222 925 5276 δδ
945 5223 1179 5294 δεκάτης
1208 5224 1430 5293 ἐντολῆς
1458 5223 1630 5289 οὕτως
1654 5225 1798 5294 ἔχει’
1830 5225 1966 5279 Τινὰ

402 5316 480 5388 μὴ
526 5316 757 5388 κρίνειν,
792 5313 1019 5385 ἔφησεν,
1063 5316 1149 5369 ἵνα
1203 5317 1281 5388 μὴ
1336 5318 1635 5392 κριθῶμεν.
1684 5315 1817 5373 Εῐτα
1871 5321 1965 5372 καὶ

396 5409 532 5477 πρὸς
578 5407 671 5459 τὸν
727 5405 952 5461 θέλοντα
998 5407 1082 5470 είς
1141 5408 1458 5480 τελειότητα
1510 5411 1712 5479 φθάσαι
1764 5412 1963 5467 πωλεῖν

467 5532 483 5564 ⁸
507 5528 706 5609 Matth.
733 5545 872 5609 ιαμ,
901 5529 1009 5609 ιρτ,
1038 5529 1417 5609 μξεξεᾲοάηεχ,
1450 5535 1664 5609 715316;
1694 5536 1852 5594 Deut.
1887 5555 1940 5603 ν,
1978 5538 2004 5593 1
2037 5555 2189 5609 seqq.
2214 5557 2228 5603 ;

395 5597 481 5657 ss.
555 5597 863 5656 σιυιιωιέ
930 5602 1227 5658 'ibid.59.
1301 5597 1605 5664 'ibid.40.
1649 5597 1986 5667 "ammte.

394 5668 481 5732 2!.
560 5672 604 5707 ⁸³
626 5669 818 5726 Matth.
849 5686 943 5737 ru,
976 5673 1031 5738 i,
1065 5674 1122 5728 2.

704 5766 976 5833 Ριτιιοι.
1019 5769 1135 5834 Gn.
1181 5768 1339 5835 CXI.

2078 4493 2335 4549 inimicos
2378 4495 2521 4550 sicut
2577 4495 2784 4550 amicos
2810 4496 2967 4568 jubet
3012 4506 3068 4550 et
3097 4512 3257 4553 orare
3302 4514 3404 4569 pro
3434 4506 3647 4559 cunctis

2076 4602 2176 4643 nos
2207 4588 2697 4657 persequentibus;
2748 4588 3077 4645 benedicere
3110 4591 3568 4651 maledicentihus
3594 4608 3648 4652 et

2074 4683 2142 4739 iis
2171 4683 2262 4744 qui
2295 4698 2397 4739 nos
2457 4684 2691 4739 oderunt
2730 4683 3113 4741 benefacere’.
3178 4685 3416 4744 Rursum
3469 4700 3523 4746 et
3576 4692 3645 4747 de

2073 4777 2323 4830 oratione
2355 4777 2436 4830 sic
2471 4791 2570 4831 nos
2610 4776 2824 4841 edocet,
2858 4785 2920 4831 ut
2947 4792 3056 4832 non
3093 4793 3316 4836 oremus
3365 4781 3510 4838 sicut
3548 4783 3647 4856 hy-

2076 4866 2318 4936 pocritae.
2376 4881 2552 4937 neque
2590 4882 2715 4922 eum
2768 4867 3043 4938 hypocrisi
3086 4869 3424 4941 jejunemus,
3462 4876 3645 4933 tristes

2076 4959 2236 5025 facti,
2269 4968 2511 5013 nostram
2538 4960 2925 5014 contrahentes
2953 4958 3149 5018 faciem
3170 4965 3251 5028 "z
3282 4981 3458 5037 neque
3483 4985 3646 5039 super

2078 5060 2279 5106 terram
2314 5052 2601 5107 thesauros
2632 5054 2793 5106 nobis
2829 5053 3642 5116 thesaurizemus".|)eeimum

2081 5158 2211 5197 vero
2251 5154 2618 5212 prmceptum,
2675 5144 2949 5198 nemiuem
2977 5143 3226 5213 judicare
3279 5164 3382 5203 nos
3433 5160 3639 5215 monet,

2078 5246 2133 5289 ut
2174 5250 2278 5287 non
2303 5235 2693 5305 judicemus".
2726 5234 2926 5290 Deinde
2954 5234 3222 5291 volentem
3253 5237 3638 5307 perfectionem

2080 5327 2373 5391 attingere,
2403 5323 2587 5378 omnia
2633 5338 2755 5394 quae
2789 5322 3030 5392 possidet
3077 5328 3311 5381 vendere
3361 5330 3536 5391 docet,
3588 5342 3640 5383 et

2074 5432 2198 5471 eum
2233 5417 2382 5469 omni
2408 5418 2524 5470 zelo
2556 5416 2685 5472 dare
2721 5415 3086 5485 pauperibur;
3133 5422 3436 5490 exindeque
3481 5422 3639 5476 habi-

2295 5539 2488 5594 Matth.
2522 5556 2575 5604 ν,
2609 5537 2680 5593 55
2713 5554 2866 5608 seqq.
2993 5538 3013 5568 ⁸
3044 5540 3176 5593 ibiil.
3207 5556 3260 5607 ν,
3293 5542 3383 5596 28.
3459 5542 3481 5573 ⁵
3505 5545 3639 5602 ibid.

2095 5607 2277 5668 ‘lhid.
2305 5612 2375 5666 M
2404 5624 2561 5680 seqq.
2641 5612 2683 5642 ⁸⁰
2707 5607 2900 5666 Matth.
2937 5622 3012 5675 νι,
3042 5609 3098 5677 5,
3135 5611 3223 5664 Η.
3303 5614 3343 5645 ¹¹
3370 5613 3503 5671 ibid.
3542 5618 3641 5671 19-

3121 5772 3194 5835 13
