4054 6138
375 303 469 366 397

1609 291 1710 352 DE
1751 287 1929 352 νΙΤΑ
1965 282 2420 348 MONASTICA.

3511 282 3618 344 398

446 420 520 478 ς’.
552 411 679 465 Τῶν
742 409 995 481 μοναχῶν
1048 408 1129 473 ὀὶ,
1177 407 1263 472 ὡς.
1293 403 1453 478 ἔφην,
1513 405 1670 468 ἄλλος
1717 404 1954 474 ὑπάρχει

2125 399 2179 454 6.
2212 396 2605 455 Monacborum
2629 409 2759 452 vero
2786 395 2925 453 sicut
2954 393 3086 461 dixi,
3119 393 3256 452 alius
3290 405 3369 452 est
3407 389 3619 451 vivendi

379 506 514 579 βίος,
553 505 691 558 διότι
745 505 1137 576 ἀπηρνήσαντο
1175 501 1268 555 τδν
1302 501 1480 556 πάντα
1533 498 1739 568 κόσμον
1779 489 1950 559 οὗτοι,

380 595 475 649 καὶ
509 595 732 664 ἔχουσιν
783 593 1073 663 ἀκρίϐειαν
1110 591 1352 662 φοϐερὰν
1396 589 1493 643 καὶ
1534 586 1801 660 μεγάλην.
1843 585 1955 639 Καὶ

379 687 489 758 γὰρ
541 685 681 756 μετά
741 684 854 739 τῶν
911 683 1121 740 ἄνωθεν
1188 681 1509 756 γραφέντων
1600 677 1956 747 ὲνταλμάτων

382 779 609 832 πλείονα
633 779 736 848 τὴν
757 776 1048 844 ἀκρίϐειαν
1073 771 1578 846 προσαπαιτοῦνται
1598 763 1766 838 οὗτοι,
1795 770 1960 838 ἀκτη·

384 871 632 944 μοσύνην
663 869 926 939 παντελῆ,
955 866 1255 940 παρθενίαν
1297 867 1378 928 είς
1407 863 1599 932 ἄκρον,
1628 858 1957 932 ἑγκράτειάν

380 981 444 1017 τε
473 963 584 1017 τῶν
624 959 816 1016 παθῶν
862 958 997 1030 ὁμοῦ
1028 957 1123 1012 καὶ
1153 956 1262 1012 τῶν
1299 954 1629 1028 βρωμάτων,
1670 951 1957 1020 αἰσθήσεις

381 1055 802 1125 χαλιναγωγεῖν.
835 1053 948 1106 τῶν
987 1049 1176 1105 κακῶν
1215 1065 1270 1103 τι
1300 1047 1376 1120 μὴ
1414 1046 1701 1118 πράττειν,
1736 1042 1953 1114 ὅρασιν,

379 1147 678 1215 ὄσφρησιν,
718 1143 889 1214 ἀφὴν,
930 1140 1122 1213 ἀκοὴν,
1165 1140 1262 1194 καὶ
1286 1137 1387 1210 τὴν
1424 1138 1614 1205 γεῦσιν
1637 1150 1655 1170 ο
1683 1134 1783 1205 τὴν
1817 1133 1960 1204 ψαλ-

384 1238 597 1308 μῳδίαν
621 1237 904 1290 ἄπαυστον
938 1233 1037 1288 καὶ
1066 1230 1268 1303 πολλὴν
1299 1228 1633 1300 ἀγρυπνίαν,
1667 1225 1960 1298 χαμευνεῖν

383 1329 480 1380 καὶ
525 1325 834 1397 ξηροσιτεῖν
879 1323 976 1379 καὶ
1011 1321 1274 1378 ἀλουσίαν
1318 1320 1486 1390 ἔχειν.
1539 1316 1959 1372 Συνδιαιτᾶσθαι

383 1420 639 1488 γυναιξὶν
671 1418 705 1489 ἢ
747 1417 886 1479 ὅλως
915 1415 1069 1485 σχεῖν
1125 1413 1313 1483 φιλίαν
1348 1411 1686 1483 ἀπαγορεύει
1724 1414 1753 1465 ὁ
1782 1410 1961 1463 κανὼν

381 1513 497 1574 τοῖς
537 1511 796 1580 μοναχοῖς
838 1507 1084 1571 τελείως,
1129 1507 1338 1578 μᾶλλον
1367 1504 1425 1559 δὲ
1462 1504 1559 1557 καὶ
1606 1503 1962 1574 προσομιλεῖν

383 1605 417 1674 ἢ
443 1602 583 1665 ὅλως
608 1599 939 1667 συνοδεύειν,
971 1598 1158 1654 παιδία
1182 1615 1242 1652 τε
1288 1599 1364 1668 μὴ
1395 1596 1720 1668 προσίεσθαι
1764 1596 1798 1667 ἢ
1824 1596 1960 1659 ὅλως

386 1692 736 1758 συνδυάζειν,
782 1689 1108 1745 καταλαλεῖν
1169 1687 1204 1758 ἢ
1247 1687 1529 1759 λοιδορεῖν,
1563 1686 1596 1757 ἢ
1633 1687 1964 1748 ὅλωςκατα-

386 1785 616 1851 κρίνειν,
652 1784 788 1836 πᾶσι
823 1783 1040 1845 πιστοῖς
1077 1778 1418 1834 κεκώλυταιο
1455 1778 1607 1846 πόσῳ
1650 1794 1716 1845 γε
1762 1777 1962 1848 μᾶλλον

383 1880 596 1941 τούτοις
621 1895 638 1944 ;
676 1876 990 1948 Ὀμνὺναιῆ
1016 1875 1334 1947 περιορκεῖν
1360 1873 1736 1942 ἀπηγόρευται
1764 1873 1963 1941 πάντη.

378 1967 792 2038 Φιλάργυρονῆ
846 1966 1110 2036 φίλαυτον
1159 1967 1220 2018 ού
1252 1966 1333 2018 δεῖ
1383 1963 1619 2034 μοναχὸν
1668 1959 1835 2015 εἶναι·
1870 1961 1964 2014 καὶ

390 2063 476 2114 ἵνα
506 2061 559 2113 τί
589 2059 891 2129 φιλολογῶν
925 2058 1018 2113 τὸν
1040 2056 1231 2127 καιρὸν
1261 2056 1567 2120 ἀναλίσκω;
1600 2054 1662 2109 Εί
1688 2053 1965 2124 βασιλείας

386 2146 639 2216 οὐρανῶν
695 2146 976 2216 ἐπιτυχεῖν
1020 2144 1248 2208 ἐθέλοις.
1286 2144 1532 2213 ἀπόσχου
1584 2145 1802 2199 πάντων
1854 2143 1966 2196 τῶν

387 2239 602 2302 κακῶν,
640 2241 734 2294 καὶ
765 2237 874 2293 τῶν
910 2239 1092 2294 καλῶν
1123 2239 1352 2308 ἀντέχου
1379 2254 1394 2268 °
1430 2238 1693 2292 ἀδύνατον
1726 2237 1834 2310 γὰρ
1864 2237 1964 2289 πέ-

388 2348 530 2400 φυκε
562 2332 659 2385 καὶ
681 2330 944 2402 δυσχερὲς
976 2332 1059 2392 είς
1103 2330 1249 2385 ἅπαν
1276 2329 1560 2400 φιλήδονρν
1590 2327 1902 2400 ὑπάρχοντα
1931 2328 1963 2398 ἦ

387 2423 668 2487 κενόδοξον
722 2423 861 2487 ὅλως
899 2423 1180 2493 ἐπιτυχεῖν
1226 2421 1328 2490 τῆς
1378 2418 1614 2492 ἀληθοῦς
1664 2418 1810 2490 ζωῆς
1864 2421 1966 2490 τῆς

386 2513 635 2568 αἰωνίου.

461 2603 529 2670 ζ’.
565 2604 676 2659 Καὶ
720 2603 896 2661 ταῦτα
949 2603 1050 2678 μέν
1105 2621 1188 2662 σοι
1233 2604 1449 2678 ἔγραψα
1492 2604 1559 2658 ὲκ
1603 2604 1710 2660 τῶν
1754 2603 1965 2659 πολλῶν

382 2698 569 2765 ὀλίγα.
604 2699 676 2753 Σὺ
700 2699 811 2769 γὰρ
839 2699 1132 2753 ἐπίστασαι
1153 2698 1336 2761 καλῶς
1359 2699 1458 2768 τὴν
1484 2698 1622 2770 ἐμὴν
1650 2698 1961 2767 ἀγροικίαν.

389 2793 503 2847 Καὶ
531 2790 641 2862 γὰρ
677 2791 838 2844 πάλιν
886 2791 1183 2862 ἐπείγομαι
1222 2793 1302 2855 είς
1343 2791 1600 2844 ὑπόθεσιν
1645 2791 1832 2861 ἀλλην,
1867 2791 1962 2860 δη-

389 2879 688 2948 λοποιῆσαι
709 2880 969 2951 ἀμυδρῶς
995 2881 1112 2944 πῶς
1143 2880 1385 2950 ὀφείλεις
1411 2879 1636 2948 διάγειν,
1663 2883 1742 2944 ei;
1772 2881 1961 2948 εὐχὴν,

390 2972 470 3032 είς
504 2971 836 3042 ἐγκράτειαν
855 2973 950 3024 καὶ
981 2971 1158 3042 ἀληθῆ
1203 2972 1480 3038 νηστείαν,
1528 2972 1609 3024 ἔτι
1638 2972 1696 3024 δὲ
1726 2973 1961 3038 δίαιταν,

388 3061 564 3132 φημὶ.
598 3062 786 3125 ἅπλῶς
815 3063 912 3118 τοῦ
943 3063 1067 3116 ὅλου
1091 3064 1307 3134 χρόνου,
1355 3063 1527 3134 ἀρχὴν
1551 3063 1645 3116 τοῦ
1684 3064 1841 3131 λόγου
1874 3062 1965 3116 οέ.

393 3173 558 3226 μενος
605 3157 686 3217 είς
735 3157 912 3228 ἀρχὴν
951 3157 1052 3226 τῆς
1115 3155 1408 3208 ίνδείκτουο
1468 3156 1591 3208 ὅθεν
1651 3157 1740 3209 καὶ
1789 3155 1960 3208 δεῖσε

393 3246 643 3316 φυλακὴν
670 3245 814 3316 ἔχειν
843 3250 899 3301 ἐν
925 3249 990 3316 τῇ
1035 3247 1276 3317 νηστείᾳ.
1309 3247 1401 3317 Μὴ
1434 3245 1688 3313 νηστείαν
1720 3246 1776 3299 δὲ
1806 3247 1964 3300 ποίαν

392 3339 540 3407 φημὶ
561 3339 671 3391 τῶν
692 3339 920 3407 ἡμερῶν
946 3339 1054 3392 τῶν
1071 3339 1184 3402 δύο,
1211 3339 1446 3409 τετράδα
1465 3339 1560 3390 καὶ
1588 3338 1966 3408 παρασκευὴν,

387 3429 470 3494 ὡς
490 3430 542 3482 oi
569 3431 812 3502 Πατέρες
831 3432 1092 3500 ἔφασκον,
1122 3430 1323 3502 ίχθύων
1342 3447 1401 3483 τε
1424 3429 1750 3500 ἀπέχεσθαι,
1784 3429 1966 3482 ἐλαίου

391 3538 456 3575 τε
489 3523 586 3574 καὶ
607 3522 778 3590 οίνου,
804 3521 1148 3593 ξηροφαγίαν
1168 3522 1387 3585 λύοντες
1416 3521 1562 3588 ἅπαξ
1587 3521 1644 3575 ἐν
1670 3524 1735 3592 τῇ
1763 3521 1930 3594 ἐνάτῃ
1949 3535 1964 3552 ·

394 3613 538 3668 ἀλλά
575 3629 641 3682 γε
691 3616 756 3668 σὺ
799 3613 876 3677 ὡς
909 3613 1145 3685 ἀσθενὴς
1195 3614 1327 3684 οῖνιρ
1376 3613 1544 3684 ὀλίγῳ
1574 3614 1780 3686 χρήσῃ.
1815 3613 1877 3666 Εἰ
1911 3612 1970 3666 δὲ

394 3707 497 3759 καὶ
522 3705 718 3758 τούτου
747 3704 986 3776 δυνηθῇς
1034 3705 1337 3775 ἀπέχεσθαι
1367 3705 1466 3776 τὴν
1487 3705 1706 3777 χρῆσιν,
1748 3704 1970 3757 πλείονα

397 3801 541 3869 σχῇς
583 3796 857 3865 ὠφέλειαν
878 3797 976 3866 τὴν
1005 3796 1226 3868 ἐντολὴν
1259 3795 1578 3867 πληρώσας.
1603 3797 1665 3849 Ol
1701 3796 1835 3849 θεῖοι
1860 3795 1969 3867 γὰρ

395 3889 690 3946 ἀπόστολοι
729 3890 789 3942 ὲν
818 3888 1044 3949 ταύταις
1080 3891 1205 3952 ταῖς
1239 3889 1495 3959 ἡμέραις,
1525 3887 1661 3941 ἀλλά
1703 3903 1769 3955 γε
1805 3888 1898 3940 καὶ
1923 3889 1974 3940 οί

401 3979 522 4052 μετ’
563 3979 764 4041 αὐτοὺς
813 3979 1065 4047 θεοφόροι
1108 3978 1353 4048 Πατέρες
1396 3974 1683 4049 ἀκρὶσειαν
1728 3977 1972 4047 ὁρίζουσι

396 4071 644 4144 φοϐεράν
688 4071 1098 4141 καιμεγάλην,
1141 4071 1291 4140 ἄρτῳ
1320 4069 1417 4123 καὶ
1465 4070 1611 4141 μόνῳ
1650 4069 1972 4142 τρέφεσθαι,

396 4166 491 4224 ἀλί
519 4183 581 4219 τε
616 4165 708 4219 καὶ
741 4165 1015 4236 λαχάνοις,
1046 4165 1226 4218 καὶτὸ
1259 4166 1409 4233 πόμα
1440 4181 1504 4232 γε
1533 4164 1796 4227 ὡσαύτως
1830 4163 1974 4235 ὕδωρ

397 4259 499 4313 καλ⁸
530 4260 694 4329 μόνον
723 4257 899 4324 ἔσται,
932 4258 981 4310 εἰ
1009 4259 1084 4327 μή
1120 4273 1223 4311 που
1254 4255 1321 4310 δι’
1348 4256 1639 4311 ἀσθένειάν
1660 4273 1742 4320 τις
1777 4257 1972 4310 ἀδυνά-

395 4370 509 4418 τως
539 4353 676 4422 εχει,
705 4351 833 4420 οίνῳ
862 4351 1029 4422 ὀλίγῳ
1072 4348 1358 4421 χρώμενος
1382 4350 1471 4403 διὰ
1495 4349 1595 4420 τὴν
1639 4349 1974 4420 ἀρρωστίαν.

2052 493 2291 556 modus.
2343 489 2614 562 siquidem
2656 499 2824 545 totum
2875 489 2930 544 hi
3002 488 3257 544 mundum
3297 491 3617 560 repudiave.

2056 593 2209 646 runt,
2235 588 2289 635 et
2315 579 2611 635 verendam
2660 593 2725 633 ac
2769 592 3019 648 magnam
3069 578 3438 633 austeritatem
3469 594 3624 634 exer-

2056 681 2202 728 cent.
2238 672 2442 726 Praeter
2463 671 2610 725 enim
2640 671 2898 724 mandata
2929 670 3160 739 desuper
3189 670 3413 739 scripta,
3449 670 3622 739 major

2057 766 2125 819 ab
2151 763 2282 833 ipsis
2315 761 2578 833 perfectio
2605 761 2935 834 requiretur,
2962 761 3278 816 omnimodo
3311 776 3624 833 paupertas,

2059 855 2343 925 virginitas
2374 854 2607 925 integra,
2638 854 2956 923 passionum
2989 852 3486 920 alimentorumque
3511 869 3627 906 mo-

2061 944 2292 1010 deratio,
2325 959 2588 1000 sensuum
2623 943 3126 1010 refrenatio,visus,
3153 941 3406 1009 oll’aetus,
3427 951 3626 998 tactus.

2059 1037 2279 1093 auditus
2309 1046 2367 1092 et
2409 1047 2626 1108 gustus,
2670 1051 2700 1092 a
2737 1038 2898 1092 malis
2953 1038 3245 1103 custodia;
3287 1037 3628 1092 incessaliilis

2059 1126 2386 1197 psalmodia,
2424 1127 2622 1198 vigiliae
2664 1130 2866 1194 multae,
2900 1129 3048 1183 humi
3077 1128 3322 1194 cubatio,
3361 1133 3630 1198 xeropha-

2061 1217 2170 1290 gia,
2206 1233 2411 1290 corpus
2451 1219 2688 1285 illotum,
2713 1236 2835 1276 cum
2871 1222 3191 1278 mulieribus
3236 1223 3512 1280 convivari
3544 1222 3628 1277 vel

2062 1311 2285 1365 omnino
2315 1322 2499 1367 tenere
2535 1313 2831 1368 amicitiam
2871 1316 3055 1385 regula
3089 1315 3374 1371 monachis
3401 1330 3627 1386 prorsus

2063 1403 2358 1472 interdicit,
2421 1407 2620 1462 nedum
2676 1406 3045 1477 frequentare,
3080 1411 3162 1463 vel
3222 1410 3328 1466 iter
3377 1425 3501 1466 cum
3546 1411 3628 1465 eis

2062 1511 2246 1568 agere,
2286 1512 2595 1570 puerosque
2617 1499 2759 1570 apud
2795 1513 2855 1556 se
2889 1501 3235 1556 introducere
3275 1512 3371 1556 aut
3398 1502 3626 1558 ontuino

2063 1589 2293 1660 singulis
2323 1603 2448 1645 cum
2481 1591 2714 1661 singulis
2759 1592 2993 1654 sociari,
3046 1594 3438 1658 contradicere,
3496 1609 3629 1650 con-

2067 1681 2253 1736 viciari
2284 1681 2366 1738 vel
2411 1684 2663 1739 censuris
2716 1683 2982 1740 lacessere
3015 1685 3342 1754 quibuslibet
3379 1687 3628 1742 tldelibu

2068 1783 2333 1830 velatur:
2376 1785 2586 1846 quanto
2621 1777 2794 1847 magis
2835 1777 2983 1833 illis?
3029 1777 3225 1834 Jurare
3266 1780 3347 1835 vel
3383 1779 3630 1851 pejerare

2065 1865 2228 1934 plane
2258 1867 2599 1936 prohibetur.
2663 1869 2884 1939 Argenti
2928 1870 3010 1926 vel
3054 1873 3136 1925 sui
3187 1881 3457 1927 amantem
3509 1887 3631 1928 esse

2067 1958 2411 2012 monachum-
2455 1973 2563 2013 non
2637 1960 2783 2013 licet.
2854 1959 2961 2017 Sed
3017 1964 3208 2032 utquid
3271 1964 3630 2020 discurrendo

2068 2057 2284 2120 tempus
2311 2051 2673 2106 consumam!
2702 2051 2761 2107 Si
2809 2069 3030 2124 regnum
3067 2057 3330 2112 caelorum
3386 2057 3634 2112 obtinere

2066 2142 2251 2210 cupis,
2281 2142 2350 2197 ab
2369 2144 2624 2202 omnibus
2655 2147 2815 2202 malis
2843 2147 3075 2211 abstine,
3103 2156 3156 2203 et
3185 2150 3403 2204 eunetis
3431 2151 3632 2208 inhaere

2066 2232 2244 2287 bonis.
2295 2232 2533 2290 Prorsus
2591 2236 2736 2291 enim
2785 2245 2870 2293 est
2917 2236 3129 2293 diﬂlciie
3169 2237 3253 2294 vel
3303 2238 3635 2310 impossibile

2068 2325 2362 2394 voluptatis
2391 2335 2484 2381 aut
2514 2328 2701 2398 glorias
2745 2329 3000 2399 cupidum
3035 2345 3214 2385 veram
3263 2339 3634 2404 aeternamque

2070 2414 2231 2466 vitam
2257 2414 2511 2485 adipisci.

2141 2598 2344 2657 Ἰλίεια
2405 2601 2622 2674 quidem
2654 2619 2717 2659 ex
2779 2604 2965 2661 multis
3015 2619 3188 2676 pauca
3245 2606 3338 2663 tibi
3388 2611 3631 2680 scripsi:

2073 2693 2185 2749 scis
2209 2694 2355 2748 enim
2395 2709 2568 2750 meam
2601 2697 3026 2768 simplicitatem.
3076 2699 3339 2756 Praeterea
3373 2706 3438 2757 ad
3484 2706 3632 2762 aliud

2077 2785 2329 2855 impellor
2363 2790 2747 2858 propositum,
2813 2790 3208 2860 aliquantisper
3259 2793 3636 2853 demonstrare

2067 2877 2342 2942 quomodo
2360 2879 2525 2932 vitam
2552 2878 2838 2936 instituere
2854 2880 3076 2946 debeas,
3100 2885 3280 2953 quoad
3308 2887 3632 2952 orationem,

2070 2968 2525 3035 temperantiam,
2564 2983 2864 3039 verumque
2915 2970 3207 3040 jejunium,
3266 2984 3427 3046 atque
3471 2979 3632 3034 etiam

1989 3091 2035 3154 α
2067 3057 2312 3125 quolibet
2368 3067 2614 3131 tempore
2647 3060 3074 3130 observantiam,
3105 3064 3324 3122 initium
3366 3073 3637 3127 sermoni;

2068 3164 2231 3204 orsus
2262 3150 2330 3204 de
2362 3151 2630 3222 principio
2669 3153 3020 3224 obligationis
3046 3173 3062 3210 :
3087 3161 3233 3213 unde
3269 3168 3320 3213 te
3360 3176 3542 3217 curam
3580 3166 3633 3219 in

2066 3237 2276 3310 jejunio
2302 3255 2504 3309 ponere
2544 3251 2778 3313 oportet,
2803 3260 2909 3298 non
2943 3245 3010 3300 de
3053 3245 3160 3301 hoc
3201 3247 3412 3317 jejunio
3441 3250 3637 3323 loquor

2071 3337 2302 3392 duarum
2355 3341 2592 3408 dierum,
2642 3351 2834 3414 quarta
2870 3354 2924 3397 et
2973 3359 3289 3415 parasccve,
3335 3359 3394 3404 ut
3445 3350 3639 3408 Patres

2068 3423 2346 3490 dicebant,
2407 3429 2650 3496 piscibus
2699 3431 3087 3487 abstinendum
3135 3451 3258 3490 esse
3296 3437 3527 3509 oleoque
3574 3457 3641 3494 ae

2072 3514 2222 3581 vino,
2249 3519 2635 3591 xcrophagiam
2685 3522 3067 3591 permittentes
3095 3533 3262 3580 semet
3317 3527 3383 3583 ad
3417 3544 3638 3586 nonam.

2071 3606 2153 3663 Tu
2178 3619 2376 3676 tamen,
2406 3620 2463 3665 ut
2505 3612 2729 3679 debilis,
2765 3628 2938 3683 pauco
2987 3615 3115 3669 vino
3167 3619 3356 3673 uteris.
3407 3619 3463 3674 Si
3511 3637 3640 3676 vero

2073 3700 2232 3757 istius
2265 3703 2387 3756 usui
2449 3712 2603 3773 potes
2655 3704 2989 3772 renuntiare,
3024 3708 3280 3775 majorem
3331 3710 3636 3778 utili-tatem,

2075 3801 2292 3848 servato
2330 3806 2637 3868 przecepto,
2673 3799 2963 3869 percipies.
3003 3799 3118 3857 Diti
3152 3803 3294 3856 enim
3327 3807 3555 3873 apostoli
3586 3810 3640 3862 in

2076 3884 2194 3939 istis
2244 3885 2459 3952 diebus,
2493 3897 2548 3942 et
2576 3897 2700 3958 post
2755 3890 2900 3959 ipsos
2941 3892 3273 3948 sanctissimi
3310 3895 3522 3962 Patres,
3584 3898 3640 3953 in

2079 3979 2180 4034 hoc
2241 3995 2494 4052 magnam
2553 3984 3037 4058 venerandamque
3125 3987 3508 4056 perfectionem
3571 3996 3646 4050 si—

2076 4078 2248 4135 stunt,
2282 4074 2399 4128 solo
2434 4089 2574 4144 pane
2615 4091 2739 4132 cum
2796 4076 2913 4134 sale
2973 4079 3444 4151 Ieguminibnsqnc
3476 4089 3640 4151 vesci,

2079 4163 2333 4219 simidter
2361 4181 2462 4236 pro
2490 4174 2619 4236 potu
2677 4169 2850 4223 solam
2897 4185 3097 4239 aquam
3132 4171 3353 4236 habere,
3386 4173 3487 4229 nisi
3521 4177 3644 4246 quis

2078 4264 2298 4323 propter
2336 4257 2667 4315 debilitatem
2720 4274 2826 4313 non
2872 4261 3078 4326 valeat;
3128 4262 3216 4316 hic
3268 4264 3414 4316 enim
3469 4277 3645 4332 pauco

2079 4343 2206 4398 vino
2245 4356 2466 4415 promer
2513 4347 2884 4401 inﬁrmitatem
2920 4357 3129 4404 utatur.
3180 4350 3408 4405 (laeteris
3439 4359 3640 4415 autem,

398 4439 523 4493 τῶν
551 4440 609 4494 δὲ
639 4440 862 4512 λοιπῶν,
888 4441 962 4502 ὡς
982 4439 1258 4508 γέγραφα,
1281 4437 1524 4510 ἀπόσχου
1547 4438 1780 4508 πάμπαν
1807 4439 1963 4503 ὅλως,

2076 4444 2134 4489 ιιι
2155 4439 2375 4507 scripsi,
2404 4454 2635 4509 prorsus
2667 4442 2971 4508 abstineas,
3003 4445 3105 4498 nisi
3141 4459 3247 4514 qua
3272 4444 3520 4500 debilitas
3554 4457 3647 4500 ant

399 4531 451 4584 εί
482 4530 558 4601 μή
594 4530 698 4584 πού
728 4547 813 4594 τις
853 4529 1108 4584 ἀσθένεια
1139 4529 1174 4600 ἢ
1197 4529 1423 4602 ἀφορμὴ
1461 4530 1702 4594 ἐπέλθοι,
1737 4530 1851 4587 ἀλλ’
1878 4529 1963 4585 οὖν

2073 4526 2177 4580 alia
2205 4542 2398 4595 causa,
2440 4547 2549 4586 non
2593 4543 2772 4587 autem
2809 4533 3224 4605 qualiscunque,
3278 4535 3370 4590 sed
3417 4537 3644 4590 omnium

400 4624 437 4693 η
467 4624 566 4691 οὐχ
607 4622 683 4684 ὡς
711 4621 926 4694 ἔτυχεν,
973 4621 1090 4676 ἀλλ’
1139 4621 1414 4690 ἀναγκαία
1446 4621 1612 4676 πάνυ.
1658 4623 1771 4677 Καὶ
1796 4623 1963 4676 ταῦτα

2077 4622 2406 4685 necessaria,
2442 4625 2812 4693 superveniat.
2852 4622 2977 4680 Hac
3006 4635 3187 4680 autem
3230 4626 3386 4696 plane
3413 4626 3480 4681 de
3508 4643 3647 4697 quo-

403 4716 658 4782 γέγραφα
684 4713 872 4777 ἀπλῶς
905 4714 1036 4782 περὶ
1068 4713 1264 4776 παντὸς
1296 4713 1392 4766 τοῦ
1423 4713 1639 4784 χρόνου.
1666 4713 1817 4786 Αὕτη
1848 4712 1905 4768 δὲ
1937 4714 1963 4786 η

2077 4712 2206 4767 libet
2227 4721 2471 4783 tempore
2507 4716 2720 4785 scripsi.
2747 4716 2851 4770 Ista
2883 4731 3007 4771 vero
3028 4717 3358 4785 jejuniorum
3383 4718 3647 4787 perfectio

401 4804 665 4876 ἀκρίϐεια
694 4805 805 4859 τῶν
853 4805 1118 4875 νηστειῶν
1164 4805 1231 4876 ἣν
1278 4803 1497 4875 γράφω,
1526 4805 1587 4858 ού
1635 4803 1772 4876 πρὸς
1825 4806 1963 4876 ἡμᾶς

2078 4805 2144 4858 de
2163 4819 2266 4875 qua
2287 4806 2502 4876 loquor,
2535 4823 2638 4861 non
2673 4809 2736 4860 ad
2757 4823 2854 4861 nos
2872 4817 3078 4861 tantum
3095 4810 3392 4862 monachos
3420 4808 3644 4872 directa,

402 4901 530 4962 τοὺς
584 4898 853 4970 μοναχοὺς
908 4899 1230 4969 ἐγράφησαν
1260 4900 1359 4954 καὶ
1418 4899 1601 4968 μόνον,
1650 4898 1785 4953 ἀλλά
1839 4900 1963 4971 πρὸς

2081 4902 2168 4946 est
2207 4895 2302 4949 sed
2329 4897 2396 4950 ad
2421 4910 2615 4951 omnes
2642 4896 2844 4950 Christi
2875 4897 3078 4952 ﬁdeles.
3105 4897 3214 4952 Nos
3247 4909 3424 4951 autem
3463 4913 3648 4953 monao

403 4990 616 5052 πάντας
636 4991 766 5053 τοὺς
794 4990 1020 5053 πιστοὺς
1046 4991 1137 5042 καὶ
1170 4988 1409 5061 Χριστοῦ
1433 4989 1530 5060 τῆς
1561 4987 1802 5058 μερίδος.
1833 4990 1963 5055 Πρὸς

2085 4982 2222 5038 chos
2261 4985 2436 5040 sancti
2471 4985 2660 5040 Patres
2687 4986 2931 5040 scribunt
2989 5001 3151 5040 unam
3201 4987 3397 5043 habere
3439 5002 3650 5044 orenam

405 5085 556 5155 ἡμᾶς
582 5082 642 5135 δὲ
680 5083 806 5146 τοὺς
837 5085 1105 5153 μοναχοὺς
1138 5086 1188 5138 οί
1213 5085 1360 5149 ἅγιοι
1392 5069 1634 5149 Πατὲρες
1667 5079 1963 5150 μονοσιτίαι

2085 5077 2352 5144 quatidie,
2373 5076 2722 5133 nonSautem
2753 5080 2962 5134 abbatis
2990 5089 3045 5134 et
3075 5077 3354 5135 Dominica
3377 5077 3647 5151 jejnnarc.

406 5174 708 5243 γράφουσιν
748 5174 896 5244 ἔχειν
924 5174 983 5226 τὸ
1018 5175 1142 5227 καθ’
1173 5175 1411 5245 ἡμέραν,
1446 5171 1702 5226 Σάΰὸατα
1735 5174 1830 5224 καὶ
1867 5172 1963 5223 Ku-

2084 5169 2287 5223 Czctera
2319 5184 2464 5223 nunc
2489 5169 2741 5240 incipiam
2771 5172 3045 5225 memoriae
3075 5170 3304 5227 tradere.

411 5270 574 5337 ριακῇ
599 5265 692 5319 τοῦ
721 5266 797 5337 μὴ
825 5266 1106 5337 νηστεύειν
1136 5266 1294 5329 ὅλως.
1325 5260 1448 5319 Νῦν
1472 5259 1568 5318 οὖν
1594 5263 1778 5318 λοιπὸν
1801 5264 1979 5334 ἀπάρ-

413 5358 573 5429 ξομαι
603 5359 697 5414 τοῦ
736 5359 972 5429 γράφειν
999 5353 1102 5413 ὧδε
1140 5359 1325 5414 πάλιν.
3199 5401 3202 5405 τ

483 5449 552 5521 η’.
586 5451 698 5516 Τάς
729 5451 925 5518 έορτάς
961 5450 1026 5514 ἀς
1059 5451 1290 5521 λέγομεν
1318 5449 1654 5513 Δεσποτικάς
1698 5448 1749 5502 oi
1785 5447 1963 5503 πάντει

2158 5446 2210 5500 8.
2244 5445 2588 5502 Festivitates
2623 5461 2761 5515 quas
2808 5460 3066 5500 vocamus
3084 5443 3414 5510 Dominicas,
3442 5460 3655 5516 semper

414 5543 510 5594 καὶ
538 5541 738 5612 λύομεν
773 5545 831 5594 ὲν
869 5542 1040 5594 ἅπασι
1075 5542 1153 5603 είς
1202 5539 1404 5610 βρῶσίν
1439 5557 1496 5592 τε
1533 5539 1628 5593 καὶ
1661 5539 1842 5592 πόσιν.
1877 5538 1962 5591 Κα

2091 5539 2328 5593 adesum
2396 5548 2449 5594 et
2486 5548 2672 5610 potum
2720 5538 2987 5596 habemus
3032 5539 3260 5593 solutas.
3301 5536 3655 5607 PrmpOIiatttr

415 5631 756 5701 προτιθέσθω
807 5633 1074 5702 πρότερον
1120 5633 1376 5702 γέννησις
1423 5632 1545 5701 τῆς.
1573 5629 1852 5701 Παρθένου
1893 5647 1962 5683 κα

2092 5634 2268 5700 primo
2300 5627 2569 5686 Nativitas
2600 5628 2840 5700 Virginis
2867 5637 2921 5683 et
2974 5644 3100 5684 vere
3136 5629 3397 5698 Deiparar,
3422 5635 3656 5686 sanctis-

413 5726 675 5778 Θεοτὸκου
708 5723 923 5794 ἀληθῶς
949 5722 1048 5794 τῆς
1070 5723 1345 5791 πανάγνου
1368 5721 1661 5793 Δεσποίνης
1682 5737 1697 5752 ·
1730 5721 1958 5776 ὡσαύτω

2094 5725 2246 5780 sima:
2281 5721 2560 5789 Dominae;
2595 5722 2842 5788 similiter
2873 5722 3017 5778 illius
3053 5723 3118 5777 ad
3151 5725 3410 5785 templum
3447 5723 3656 5778 Domini
