4068 6176
377 338 481 407 403

445 464 529 518 15.
564 461 741 521 Unum
773 480 941 535 porro
989 470 1207 525 tandem
1250 472 1503 543 adjiciam
1544 471 1941 534 necessarium,
1970 467 2024 528 Α

372 560 428 606 ct
490 554 592 608 hoc
646 557 922 624 posterius
972 558 1281 614 elucidasse
1346 576 1432 616 me
1500 576 1570 616 ne
1610 560 1939 617 criminaris.

372 642 538 697 istam
575 643 795 699 intendo
826 647 1220 704 hebdomadam
1246 661 1371 707 ante
1390 666 1607 707 carnem
1650 651 1944 706 tollendam

372 746 536 800 quam
597 738 1052 806 cognominamus
1125 740 1415 794 Arteiborii
1493 740 1941 798 hebdomadam:

373 824 617 895 plet-ique
672 844 879 883 morem
917 831 1159 900 jucunde
1211 833 1469 904 epulandi
1527 841 1939 899 contraxerunt,

376 918 516 971 male
543 926 797 985 putantes
828 924 973 989 quod
1008 924 1270 979 mundani
1296 940 1517 980 carnem
1541 908 1778 989 sumere,
1801 925 1947 981 sicut

374 1012 629 1064 monachi
664 1027 907 1080 caseum,
942 1025 1195 1086 possunt,
1245 1026 1300 1072 et
1347 1018 1421 1073 ita
1450 1017 1733 1073 facientes.
1785 1017 1841 1072 Si
1879 1019 1946 1075 de

374 1102 520 1158 tribu
552 1104 772 1171 quidem
805 1107 1191 1165 Armeniorum
1238 1109 1631 1165 descenderent
1667 1109 1947 1166 haeresim-

371 1208 478 1260 que
524 1194 815 1252 Arteiborii
866 1206 1113 1255 tenerent
1147 1243 1161 1267 ,
1215 1203 1353 1258 bene
1409 1202 1650 1257 facerent
1724 1218 1942 1257 omnem

371 1285 642 1343 solventes
700 1291 1065 1359 suspicionem
1109 1294 1253 1365 ;qui
1305 1304 1488 1349 autem
1540 1296 1608 1350 ab
1664 1296 1783 1350 avis
1816 1303 1946 1351 sunt

371 1377 558 1434 fideles
586 1380 898 1447 orthodoxi,
922 1382 1123 1438 frustra
1154 1386 1282 1456 quid
1314 1396 1618 1456 praetexunt
1665 1388 1944 1444 solventes

367 1472 660 1541 jejunium.
685 1472 765 1528 Ilii
802 1476 949 1529 enim
998 1486 1107 1532 tota
1138 1478 1475 1535 hebdomada
1512 1480 1785 1552 jejunant,
1826 1481 1944 1538 solo

371 1576 509 1631 pane
538 1579 664 1617 cum
705 1579 845 1634 aqua
874 1566 1098 1637 saleque
1132 1578 1419 1625 vescentes
1456 1585 1473 1625 :
1509 1586 1609 1627 nos
1651 1579 1832 1626 autem
1875 1573 1944 1626 ab

375 1655 494 1721 ipsa
543 1657 787 1711 secunda
818 1657 907 1713 die
938 1659 1222 1714 solvimus.
1256 1659 1371 1716 lloc
1410 1662 1528 1731 ipso
1553 1672 1809 1718 caeterum
1845 1679 1944 1719 nos

370 1761 494 1801 cum
526 1748 645 1804 istis
674 1764 784 1803 non
814 1751 1220 1807 communicare
1250 1754 1591 1811 ostendimus
1614 1770 1631 1823 ;
1654 1762 1709 1811 et
1728 1754 1941 1811 frustra

370 1839 713 1905 prmtendunt
741 1840 796 1895 hi
844 1840 1209 1896 Arteiborium
1615 1819 1624 1823 ⁷
1969 1819 2020 1881 Β

440 2026 529 2083 Η.
569 2026 706 2083 Cum
751 2039 929 2084 autem
975 2043 1076 2084 nos
1130 2030 1376 2100 quaedam
1430 2032 1657 2103 parvula
1711 2034 1947 2105 quaestio

368 2118 565 2183 latuit,
615 2120 682 2174 ad
744 2136 862 2175 eam
942 2121 1348 2178 dilucidandam
1411 2123 1503 2181 bic
1558 2126 1740 2181 venio.
1777 2127 1941 2183 Casei

368 2212 706 2268 hebdomade
757 2215 935 2270 soluta
994 2224 1218 2281 manet,
1271 2231 1395 2271 cum
1470 2228 1667 2288 quarta
1722 2235 1938 2275 necnon

367 2314 519 2359 sexta
583 2306 694 2362 die.
762 2307 829 2362 Et
872 2306 1016 2363 unde
1076 2308 1218 2375 hoc,
1277 2307 1462 2365 forsan
1511 2308 1659 2366 dicet
1705 2311 1938 2381 aliquis.

370 2398 572 2453 factum
632 2410 718 2456 est
768 2403 1163 2459 manifestum?
1219 2402 1506 2471 Jacobitai,
1551 2402 1693 2458 sicut
1724 2403 1940 2467 dicunt,

369 2491 514 2544 hanc
544 2492 942 2549 hebdomadam
976 2506 1035 2550 ut
1065 2503 1469 2552 sacrosanctam
1506 2510 1570 2550 ac
1590 2495 1941 2565 purissimam

366 2582 665 2647 celebrant,
692 2586 811 2639 solo
838 2600 979 2655 pane
1007 2597 1062 2643 et
1084 2602 1226 2659 aqua
1253 2596 1466 2643 utentes
1500 2606 1514 2642 :
1539 2598 1595 2642 et
1638 2588 1764 2642 ideo
1814 2603 1944 2645 vere

368 2678 702 2732 honorabilis
776 2676 1147 2750 Nicephorus,
1198 2680 1748 2749 Constantinopoleos
1819 2695 1940 2735 ma-

371 2783 513 2837 gnus
548 2767 808 2836 pontifex,
826 2771 910 2825 his
934 2770 1127 2826 diebus
1148 2771 1393 2827 solvendi
1425 2770 1688 2828 canonice
1715 2771 1942 2826 tradidit

369 2878 550 2928 usum,
612 2864 679 2916 ad
732 2860 1025 2917 evertenda
1060 2863 1316 2931 dogmata
1367 2862 1599 2917 duarum
1634 2861 1938 2929 hmreseon,

365 2954 579 3019 Jacobi,
637 2954 858 3024 inquam
893 2991 914 3019 ,
973 2962 1029 3008 et
1063 2953 1487 3021 Quadrilarum.
1538 2950 1748 3008 Exinde
1792 2952 1943 3008 venit

369 3047 835 3100 monasteriorum
860 3044 1219 3111 consuetudo,
1254 3046 1406 3101 finita
1441 3058 1584 3099 nona
1628 3046 1941 3115 hymnoque

367 3150 606 3206 vespera:
632 3134 800 3199 dicto,
837 3144 966 3189 tunc
990 3136 1209 3191 demum
1236 3136 1300 3191 ad
1332 3148 1677 3191 communem
1699 3146 1944 3190 mensam
1973 3157 2015 3216 ε

367 3235 432 3283 ad
468 3245 623 3285 esum
650 3228 816 3293 casei,
845 3228 1072 3297 piscium
1098 3237 1153 3283 et
1176 3236 1361 3298 potum
1387 3228 1500 3281 vini
1531 3227 1886 3283 conveniendi
1923 3244 1940 3293 ;

371 3337 474 3376 nos
542 3334 671 3375 vero
727 3320 875 3389 quod
907 3317 1126 3389 quidem
1154 3320 1417 3390 scriptum
1450 3318 1778 3385 invenimus,
1811 3318 1944 3373 scri-

370 3415 585 3483 psimus
621 3429 637 3466 :
667 3412 713 3467 si
751 3412 893 3482 quis
915 3420 1095 3466 autem
1120 3426 1228 3466 non
1250 3411 1443 3480 recipit
1484 3426 1585 3467 nec
1606 3410 1781 3466 credit
1816 3409 1942 3474 ista,

367 3509 509 3560 sicut
545 3505 661 3560 vult
714 3514 767 3558 et
823 3503 966 3558 sicut
1024 3503 1098 3557 illi
1157 3504 1355 3573 placet,
1414 3503 1593 3560 abeat.
1666 3502 1942 3573 Adjiciam

371 3615 552 3655 tamen
582 3601 725 3654 aliud
796 3600 940 3653 circa
999 3598 1227 3651 alteram
1282 3595 1708 3659 hebdomadam,
1775 3611 1940 3665 quam

368 3694 612 3749 omnium
653 3692 979 3747 Sanctorum
1030 3690 1481 3762 cognominamus
1526 3704 1692 3759 quam
1719 3690 1942 3759 quidam

371 3791 515 3844 mala
558 3790 872 3859 conjectura
934 3788 1204 3856 planaque
1268 3785 1600 3855 ignorantia,
1665 3799 1775 3840 non
1822 3799 1942 3841 esse

371 3884 606 3945 solutam
638 3882 979 3936 existimant.
1017 3878 1131 3933 Divi
1166 3878 1313 3932 enim
1362 3878 1597 3948 apostoli
1622 3886 1680 3933 et
1721 3879 1941 3950 legisla-

372 3986 515 4028 tores
543 3973 785 4026 omnium
821 3987 936 4025 eam
971 3986 1091 4026 esse
1150 3970 1382 4025 solutam
1429 3970 1798 4040 scripserunt.
1832 3970 1940 4027 Sed

372 4068 512 4119 forte
544 4063 937 4119 Gnosticorutn
990 4062 1187 4131 aliquis
1239 4063 1577 4118 contradieet
1608 4102 1626 4127 ,
1678 4063 1771 4117 ubi
1834 4065 1941 4120 hoc

374 4156 790 4210 memoravcrint
843 4153 1091 4224 discipuli
1130 4154 1311 4218 verbi,
1346 4153 1687 4222 deposcens;
1750 4156 1941 4211 sedulo

372 4256 647 4301 .~.crutctur
674 4256 729 4300 et
758 4247 859 4299 hoc
893 4258 1040 4300 certe
1071 4245 1310 4299 inveniet
1343 4262 1355 4296 :
1392 4258 1500 4297 non
1528 4258 1755 4312 possum
1787 4245 1937 4300 enim

370 4348 567 4393 cuncta
603 4340 885 4408 speciatim
920 4338 1215 4407 explicare.
1249 4335 1353 4400 Qui
1414 4349 1543 4390 vero
1599 4335 1937 4407 Scripturam

1106 349 1414 411 NICOLAI
1453 352 1562 414 (ΞΡ.
1597 348 2113 413 ΡΛΤΒΙᾹΒΟΗᾸΞ
2136 349 2233 411 DE
2263 348 2443 412 VITA
2472 350 2925 414 MONASTICA.

3547 339 3688 406 404

2120 466 2211 538 ιγ’.
2250 470 2372 524 Ἔτι
2420 471 2719 543 προσθήσω
2748 465 2843 525 οῦν
2871 466 3058 522 λοιπον
3088 464 3185 520 σὺν
3214 464 3425 529 τούτοις
3451 465 3688 531 ἀναγσ

2050 561 2229 625 καῖον,
2280 561 2378 614 καὶ
2424 565 2500 632 μὴ
2556 560 2797 633 μεμφθῶ
2846 561 2924 623 ὡς
2969 558 3199 628 ὕστερον
3247 556 3407 611 τοῦτο
3434 560 3684 610 διασα-

2048 652 2250 723 φήσας.
2289 653 2393 707 Ἢν
2442 652 2712 723 ἑϐδομάδα
2753 651 2898 719 λέγω
2926 650 3019 705 οῦν
3049 650 3151 721 τὴν
3200 648 3310 721 πρὸ
3353 650 3449 719 τῆς
3492 650 3681 700 ἀπο-

2048 743 2235 813 κρέου,
2264 743 2366 815 τὴν
2396 746 2493 799 καὶ
2522 744 2935 815 ἐπονομάζομεν
2959 743 3059 814 τὴν
3084 740 3178 797 τοῦ
3216 740 3509 811 ’Δρτζιϐου
3521 740 3677 811 ρίου

2048 836 2371 891 οἱπλεῖστοι
2418 836 2539 901 ἔθος
2570 838 2767 891 ἔλαϐον
2802 836 2972 899 ἀδεῶς
3014 834 3310 889 καταλύειν
3334 852 3348 865 ·
3387 832 3674 903 τετράδα.

2049 929 2143 983 καὶ
2175 930 2536 1001 παρασκευὴν
2560 932 2609 985 οί
2639 931 2900 1001 κοσμικοὶ
2920 929 2983 983 τὸ
3010 930 3201 998 κρέας.
3233 926 3505 988 ὡσαύτως
3543 924 3669 977 καὶ

2046 1022 2099 1074 οι
2133 1021 2361 1091 μοναχοί⁵
2407 1020 2574 1090 τυροῦ
2620 1020 3084 1091 μεταλαμϐάνειν,
3137 1016 3325 1081 κακῶς
3378 1013 3670 1077 νοοῦντες

2047 1112 2263 1184 ἀληθῶς
2295 1115 2389 1167 καὶ
2418 1114 2751 1183 πράττοντες
2776 1112 2999 1182 ὁμοίως.
3032 1112 3097 1166 Et
3135 1111 3235 1182 μὲν
3274 1110 3449 1181 φυλῆς
3489 1124 3671 1165 κατ-

2047 1207 2275 1276 άγονται
2322 1207 2386 1261 ἐκ
2425 1206 2527 1275 τῆς
2564 1204 2676 1260 τῶν
2727 1203 3181 1276 ’Λρμενίωνρκαὶ
3224 1198 3370 1273 εἶχον
3402 1202 3501 1258 καὶ
3536 1200 3667 1273 τὴν

2045 1297 2259 1367 αἵρεσιν
2287 1297 2385 1367 τὴν
2403 1297 2499 1350 τοῦ
2530 1295 2963 1369 Ἀρτζιϐουρίου,
3005 1295 3189 1359 καλῶς
3226 1295 3444 1350 ποιοῦσι
3473 1294 3673 1349 λύον-

2045 1408 2138 1455 τες
2162 1390 2387 1446 ἆπασαν
2413 1390 2653 1462 ὑποψίαν
2672 1406 2686 1422 ο
2709 1392 2759 1444 εί
2781 1389 2839 1445 δέ
2876 1389 3060 1443 πιστοὶ
3089 1387 3360 1461 ὁρθόδοξοί
3387 1392 3495 1445 εισι
3535 1389 3664 1444 καὶ

2049 1483 2113 1536 ἐκ
2148 1482 2454 1554 προγόνων.
2486 1482 2569 1546 είς
2600 1480 2779 1551 μάτην
2806 1480 3239 1551 προφασίζονται
3269 1479 3491 1544 λύοντες
3526 1480 3662 1549 τὴν

2046 1573 2323 1643 νηστείαν.
2378 1575 2609 1628 Ἐκεῖνοι
2641 1573 2751 1645 γὰρ
2783 1570 3141 1644 νηστεύουσιν
3179 1572 3309 1644 ὅλην
3341 1573 3443 1645 τὴν
3472 1571 3660 1627 ἐσδο-

2050 1665 2216 1734 μάδα,
2247 1666 2400 1737 ἄρτῳ
2434 1666 2581 1737 μόνῳ
2602 1664 2950 1737 τρεφόμενοι,
2979 1664 3133 1718 ὕδατι
3159 1662 3319 1718 ἂλατί
3336 1681 3428 1718 τεο
3461 1667 3658 1736 ἡμεῖς

2048 1756 2105 1810 δέ
2131 1757 2482 1828 καταλύομεν
2534 1757 2631 1812 ἀπ’
2660 1756 2834 1827 αὐτῆς
2878 1756 2981 1826 τῆς
3007 1755 3289 1828 δευτέρας.
3323 1756 3527 1812 Λοιπὸν
3565 1758 3652 1814 ἐκ

2046 1848 2240 1904 τούτου
2296 1850 2590 1920 δείκνυμεν
2636 1851 2710 1921 μὴ
2746 1849 3139 1914 κοινωνοῦντες
3171 1849 3471 1915 τοιούτοιςο
3530 1852 3652 1904 καὶ

2047 1942 2228 2013 μάτην
2251 1942 2687 2013 προφασίζονται
2714 1938 2860 2001 οὗτοι
2890 1942 2983 1997 τὸν
3027 1942 3460 2013 Ἀρτζιϐούριον.

2116 2035 2199 2090 ιδ’.
2246 2035 2403 2089 Ἐπεὶ
2440 2035 2501 2090 δέ
2544 2036 2741 2090 ἔλαθεν
2783 2039 2933 2109 ἡμᾶς
2977 2036 3238 2101 ὑπόθεσις
3295 2036 3472 2108 μικρά
3516 2051 3647 2102 τις,

2044 2129 2377 2200 διασαφῆσαι
2426 2129 2659 2200 ἔρχομαι
2706 2130 2803 2184 καὶ
2851 2130 2982 2200 ’περί⁸
3022 2130 3227 2200 ταύτης
3275 2127 3468 2192 οὕτως.
3514 2129 3649 2198 Τῆς

2044 2220 2272 2290 τυρινῆς
2305 2220 2338 2289 ἡ
2376 2218 2616 2288 ἑϐδομὰς
2642 2218 2920 2290 λελυμένη
2944 2219 3203 2291 ὑπάρχει,
3230 2220 3324 2274 καὶ
3353 2221 3386 2290 ἠ
3427 2220 3646 2289 τετρὰς

2043 2310 2152 2365 τῶν
2182 2310 2426 2382 ἡμερῶν,
2459 2308 2725 2375 ὡσαύτως
2757 2311 2852 2366 καὶ
2890 2313 2923 2381 ὴ
2970 2311 3129 2381 ἕκτη.
3167 2311 3284 2367 Καὶ
3329 2310 3495 2365 πόθεν
3524 2310 3637 2381 δῆ-

2044 2402 2137 2456 λον
2165 2404 2413 2471 πέφυκεν
2441 2401 2624 2468 τοῦτο,
2670 2403 2799 2474 είπῃ
2843 2418 2927 2465 τις
2967 2402 3138 2470 ίσωςς
3182 2401 3517 2467 Ἰακωϐίται,
3549 2401 3640 2463 ὥς

2046 2510 2203 2562 φασι,
2224 2493 2325 2565 τὴν
2359 2492 2632 2563 ἑϐδομαδα
2656 2498 2861 2566 ταύτην
2888 2494 3145 2561 ὁλόαγνον
3170 2493 3503 2562 φυλάσσουσι
3531 2493 3639 2545 καὶ

2045 2585 2295 2656 καθαρὰν
2339 2586 2585 2651 τελείως,
2628 2586 2796 2657 ἄρτου
2840 2584 3004 2656 μόνου
3039 2588 3328 2655 γευόμενοι
3370 2585 3465 2637 καὶ
3490 2585 3635 2639 05a-

2043 2697 2136 2744 τος
2160 2679 2366 2750 ὁμοίως
2388 2695 2406 2711 ο
2434 2680 2531 2733 καὶ
2557 2678 2647 2741 διὰ
2679 2679 2841 2733 τοῦτο
2871 2680 2899 2732 ὀ
2929 2677 3092 2739 καλὸς
3118 2677 3196 2748 τῷ
3220 2676 3335 2731 ὄντι
3371 2677 3632 2749 Νικηφό·

2049 2791 2139 2845 ρος
2160 2776 2189 2827 ὁ
2223 2773 2851 2845 Κωνσταντινουπόλεως
2889 2774 2918 2824 ὁ
2948 2771 3129 2841 μέγας
3168 2770 3431 2841 ίεράρχης
3460 2786 3632 2823 κανο-

2045 2865 2211 2926 νικῶς
2241 2863 2531 2934 παρέδωκε
2562 2863 2657 2917 τοῦ
2690 2863 2980 2917 καταλύειν
3013 2862 3261 2927 ταύταις,
3291 2862 3632 2933 ἀνατρέπων

2044 2960 2111 3010 τὰ
2142 2957 2392 3026 δόγματα
2413 2955 2678 3025 αἱρέσεων
2704 2955 2814 3009 τῶν
2832 2956 2947 3018 δύο,
2969 2954 3063 3008 τοῦ
3107 2954 3371 3009 Ἰακώϐου
3396 2970 3457 3006 τε
3479 2953 3630 3023 φημὶ

2048 3048 2146 3101 σὺν
2177 3048 2273 3102 καὶ
2314 3050 2429 3111 τοῖς
2468 3045 2841 3119 Τετραδίταις.
2870 3048 3032 3102 Ὅθεν
3061 3047 3129 3125 τα
3164 3049 3503 3118 μοναστήρια
3530 3046 3631 3100 οῦ-

2047 3157 2157 3205 τως
2199 3130 2415 3212 ἔχουσιν
2464 3140 2608 3207 ἐθος,
2655 3139 2770 3210 τὴν
2802 3140 3032 3211 ἐννάτην
3082 3138 3478 3210 πληρώσαντες
3529 3140 3628 3194 καὶ

2049 3232 2218 3303 ὕμνον
2250 3234 2350 3302 τῆς
2382 3232 2646 3303 ἑσπέρας,
2680 3230 2854 3296 οὕτως
2885 3233 3226 3301 εἰσέρχονται
3254 3230 3439 3283 λοιπὸν
3468 3233 3527 3284 ἐν
3556 3231 3625 3301 τῇ

2045 3329 2202 3398 κοινῇ
2240 3325 2514 3398 τραπέζῃ,
2545 3324 2713 3397 τυροῦ
2760 3325 3276 3396 μεταλαμϐάνοντες
3325 3322 3527 3393 ίχθύων
3561 3339 3628 3376 τε

2048 3419 2145 3473 καὶ
2192 3419 2365 3473 οτνου.
2394 3420 2507 3473 Καὶ
2546 3419 2708 3488 ἡμεῖς
2756 3418 2859 3488 μέν
2892 3415 3217 3488 ἐγράψαμεν
3260 3414 3336 3476 ὡς
3380 3414 3632 3483 εὕρομεν

2046 3512 2341 3581 ἐγγράφως
2368 3526 2385 3543 θ
2426 3511 2475 3564 εί
2522 3510 2579 3564 δέ
2624 3526 2713 3573 τις
2758 3510 2821 3563 οὑ
2872 3507 3161 3579 προσίεται
3204 3505 3325 3559 οὐδὲ
3376 3503 3627 3558 πιστεύει

2044 3603 2238 3668 ταῦτα,
2266 3604 2343 3667 ῶς
2380 3602 2525 3657 θέλει
2572 3602 2667 3655 καὶ
2714 3601 2791 3664 ὠς
2841 3600 3114 3670 βούλεται,
3170 3597 3343 3660 οὕτως
3382 3598 3479 3651 καὶ
3524 3612 3625 3650 που

2049 3695 2315 3765 ρευέσθω.
2361 3694 2664 3766 Προσθήσω
2694 3693 2875 3747 τοίνυν
2922 3692 3113 3762 ἕτερον
3146 3690 3214 3743 δι’
3261 3689 3429 3758 ἄλλην
3470 3687 3625 3740 ἐϐδο-

2046 3788 2212 3859 μάδα,
2241 3789 2309 3858 ἢν
2342 3787 2437 3839 καὶ
2478 3786 2898 3855 ἐπονομάζομεν
2937 3783 3038 3853 τὴν
3087 3781 3199 3835 τῶν
3242 3780 3443 3848 ’Δγίων
3486 3781 3623 3834 πάνυ

2043 3894 2193 3935 των⁶
2252 3879 2401 3942 τινὲς
2446 3877 2931 3947 ὑπολαμϐάνοντες
2982 3874 3058 3946 μὴ
3110 3870 3252 3927 εῐναι
3297 3871 3621 3941 λελυμένην,

2044 3974 2233 4038 κακῶς
2268 3972 2705 4037 ὑποτοπάζοντες
2738 3972 2835 4023 καὶ
2862 3971 3000 4031 ὅλως
3022 3965 3371 4035 ἀγνοοῦντες.
3400 3966 3465 4019 0i
3490 3966 3625 4017 θεῖοι

2043 4069 2154 4138 γὰρ
2184 4064 2479 4121 ἀπόστολοι
2507 4064 2603 4118 καὶ
2634 4063 2927 4133 νομοθέται
2958 4062 3177 4115 πάντων
3205 4059 3303 4113 καὶ
3335 4060 3465 4127 περὶ
3487 4058 3621 4111 ταύο

2039 4179 2141 4231 της
2174 4158 2423 4231 ἔγραψαν
2458 4159 2554 4211 τοῦ
2606 4153 2749 4211 εἶναι
2799 4155 3123 4225 λελυμένην.
3173 4151 3314 4206 Ἀλλ’
3354 4151 3487 4211 ῐσως
3530 4153 3621 4204 ἀν-

2054 4253 2402 4325 τιφθέγξοιτό
2426 4270 2511 4315 τις
2539 4251 2649 4305 τῶν
2686 4246 3174 4318 γνωστικωτέρων,
3215 4245 3312 4299 καὶ
3348 4244 3458 4298 Ποῦ
3490 4244 3620 4297 ταύο

2043 4365 2141 4417 της
2159 4346 2512 4417 ἐμνήσθησαν
2540 4345 2590 4397 οί
2615 4344 2858 4413 μαθηταὶ
2886 4341 2979 4394 τοῦ
3002 4340 3176 4407 Λόγου
3200 4355 3217 4405 ;
3252 4339 3621 4409 Ἐρευνηοάτο·

370 4435 599 4504 impigre
627 4442 966 4497 scrutantur,
1010 4429 1304 4501 perfectam
1331 4446 1395 4485 ex
1442 4444 1505 4485 ea
1534 4431 1936 4487 convictionem

2048 4436 2293 4509 ἀκριϐῶς
2331 4436 2428 4490 καὶ
2458 4437 2677 4498 πάντως
2719 4434 2857 4504 εὕρῃ
2889 4430 3052 4505 τοῦτο
3079 4446 3092 4460 °
3128 4430 3377 4484 ἁδυνατῶ
3422 4429 3531 4500 γὰρ
3567 4430 3629 4484 ἐν

368 4528 681 4597 acquirunt.

445 4811 529 4865 15.
568 4808 694 4863 Haec
750 4806 914 4875 igitur
972 4806 1115 4859 inter
1148 4804 1324 4858 multa
1363 4795 1459 4858 tibi
1494 4816 1669 4873 pauca
1715 4801 1936 4873 scripsi.

377 4902 664 4957 Tcstificor
712 4908 890 4952 autem
920 4907 973 4951 et
1028 4896 1315 4951 certiorem
1370 4904 1422 4950 te
1467 4896 1610 4958 volo,
1666 4897 1839 4965 quod,
1890 4895 1939 4951 si

372 4994 562 5048 talium
592 4992 829 5045 videaris
865 4998 1073 5052 custos,
1102 4988 1413 5044 cautionem
1444 4987 1752 5056 interpono,
1792 4996 1941 5043 stare

370 5086 440 5141 ad
469 5085 744 5140 dexteram
773 5083 1097 5147 Salvator-is,
1132 5091 1185 5136 et
1242 5095 1367 5135 cum
1401 5082 1519 5150 ipso
1559 5095 1776 5150 unaque
1810 5096 1937 5136 cum

372 5178 629 5231 omnibus
682 5175 930 5237 sanctis,
993 5173 1315 5228 bzcreditare
1368 5188 1594 5241 regnum
1675 5171 1937 5226 caelorum

371 5280 740 5336 aeternamque
799 5266 961 5320 vitam
1051 5265 1315 5319 obtinere.
1374 5264 1509 5318 Ecce
1560 5278 1725 5333 ergo,
1810 5262 1881 5317 flii
1920 5304 1937 5330 ,

372 5364 689 5434 petitionem
740 5370 886 5413 tuam
954 5374 1052 5426 pro
1120 5357 1331 5411 viribus
1389 5364 1443 5411 ct
1500 5356 1755 5412 facultate
1816 5373 1937 5413 mea

372 5452 635 5521 complevi
662 5470 675 5505 :
704 5460 758 5505 tu
814 5452 925 5504 scis
955 5450 1099 5505 enim
1148 5463 1235 5502 me
1261 5462 1490 5517 prorsus
1532 5446 1851 5504 illiteratum
1883 5457 1937 5504 et

373 5546 440 5597 ad
496 5544 625 5595 talia
681 5540 969 5596 scribenda
1016 5540 1177 5609 plane
1228 5538 1442 5593 rudem.
1500 5538 1558 5592 Si
1590 5540 1734 5608 quod
1779 5539 1935 5608 juxta

374 5636 522 5687 vit-cs
549 5634 629 5695 iit,
666 5630 775 5685 Deo
811 5640 1025 5701 gratum
1064 5639 1173 5691 est,
1237 5629 1422 5698 accipe
1453 5637 1505 5682 et
1555 5638 1612 5683 tu
1676 5638 1932 5698 tanquam

372 5726 575 5781 bonum
612 5724 785 5778 solam
818 5723 1195 5777 intentionem.
1229 5720 1328 5776 Hic
1378 5721 1594 5775 tandem
1652 5723 1934 5791 proposito

373 5816 721 5887 sermonique
780 5814 939 5871 finem
997 5814 1330 5884 irnponinus.
1394 5814 1449 5869 Si
1492 5815 1583 5871 tibi
1649 5815 1756 5871 sint
1821 5816 1934 5871 lucc

1972 4503 2019 4560 θ
2050 4503 2234 4599 λεπτῷ
2265 4530 2443 4584 πάντα
2472 4503 2871 4582 ἀναδιδάσκειν.
2903 4525 2970 4580 0i
2996 4503 3052 4581 δέ
3082 4524 3623 4595 φιλοπονώτεροντὴν

2052 4624 2279 4694 Γραφὴν
2326 4621 2655 4693 ἐρευνῶντες
2699 4618 3077 4689 πληροφορίαν
3137 4616 3398 4671 λαϐοῦσιν
3436 4616 3496 4682 ἐξ
3523 4617 3618 4671 αὑο

2051 4718 2150 4785 τῆς
2176 4717 2277 4785 τὴν
2309 4715 2547 4769 τελείαν.

2124 4812 2208 4863 ιε’.
2239 4805 2429 4861 Ταῦτά
2452 4824 2536 4859 σοι
2555 4804 2732 4857 τοίνυν
2756 4803 2976 4872 ἔγραψα
2997 4805 3061 4855 ἐκ
3087 4804 3197 4856 τῶν
3219 4802 3429 4857 πολλῶν
3448 4804 3605 4871 ὀλίγα

2066 4896 2206 4950 Ἀλλ’
2236 4896 2331 4949 οῦν
2374 4896 2823 4969 διαμαρτύρομαι
2860 4898 2955 4949 καὶ
2990 4895 3196 4964 βεϐαιῶ
3245 4913 3327 4950 σοι
3356 4899 3537 4961 τοῦτο,
3576 4898 3622 4950 εί

2049 4990 2257 5044 τούτων
2288 4988 2468 5059 φύλαξ
2508 5004 2570 5041 τε
2600 4991 2800 5057 φανῇς.
2834 4988 3121 5057 ἐγγυῶμαι
3158 5004 3240 5041 σοι
3270 4987 3466 5052 ταῦτα,
3502 4988 3621 5041 στά-

2051 5098 2189 5145 σεως
2214 5082 2314 5152 τῆς
2342 5082 2407 5135 ἐκ
2429 5079 2619 5145 δεξιῶν
2652 5079 2748 5135 τοῦ
2784 5080 3034 5151 Σωτῆρος
3075 5082 3260 5150 τυχεῖν
3289 5097 3370 5145 σε,
3404 5082 3497 5134 καὶ
3530 5081 3623 5134 σὺν

2049 5172 2201 5241 αύτῷ
2255 5172 2618 5242 κληρονομεῖν
2647 5172 2743 5225 καὶ
2800 5174 2933 5226 πᾶσι
2981 5172 3095 5232 τοῖς
3120 5171 3300 5237 ἁγίοις
3348 5170 3623 5239 βασιλείαν

2048 5263 2158 5316 τῶν
2206 5262 2455 5332 οὐρανῶν
2495 5262 2591 5315 καὶ
2644 5261 2791 5330 ζωὴν
2848 5263 2949 5329 τὴν
3010 5262 3222 5331 ἀγήρω.
3264 5261 3396 5314 Ἰδοὺ
3445 5262 3623 5314 τοίνυν

2051 5353 2393 5423 πεπλήρωκα
2436 5351 2536 5421 τὴν
2590 5351 2805 5421 αἷτησίν
2851 5368 2973 5415 σου,
3024 5351 3237 5414 τέκνον,
3278 5350 3352 5411 ὡς
3403 5349 3623 5414 ἐφικτὸν

2048 5445 2259 5515 ὑπῆρχέ
2318 5460 2409 5513 μοι
2453 5443 2547 5495 καὶ
2596 5440 2879 5510 δυνάμεως
2932 5438 3101 5510 εἶχον.
3152 5440 3223 5493 Σὺ
3280 5442 3390 5511 γὰρ
3441 5440 3621 5504 καλῶς

2048 5537 2340 5590 ἐπίστασαι
2366 5535 2427 5588 τὸ
2458 5534 2693 5604 πάμπαν
2726 5531 2968 5602 ἄμουσόν
3004 5550 3106 5600 μου
3139 5531 3233 5584 καὶ
3254 5533 3391 5594 ὅλως
3428 5534 3620 5586 tami-

2048 5627 2142 5680 κδν
2174 5628 2309 5696 πρὸς
2341 5626 2403 5679 τὸ
2443 5625 2672 5681 τοιαῦτα
2704 5625 2963 5696 γράφειν.
2995 5624 3057 5677 Ei
3085 5624 3143 5677 δέ
3192 5623 3254 5677 τὸ
3286 5624 3426 5676 κατὰ
3465 5625 3619 5677 δύνα-

2048 5739 2139 5793 μιν
2169 5722 2319 5790 φίλον
2345 5720 2463 5791 Θεῷ
2494 5721 2756 5792 ὑπάρχει,
2779 5717 2929 5781 δέξαι
2960 5718 3055 5771 καὶ
3088 5718 3152 5771 σὺ
3193 5716 3268 5779 ὼς
3290 5716 3495 5785 ἀγαθὸν
3520 5718 3619 5785 τὴν

2044 5816 2363 5886 προαίρεσιν
2418 5815 2607 5886 μύνην.
2663 5813 2929 5869 Ἐνταῦθα
2976 5812 3245 5883 σταίημεν
3286 5812 3470 5867 λοιπὸν
3519 5810 3613 5863 τοῦ
