4082 6160
262 345 369 416 413

1424 363 1505 423 ΙΝ
1545 365 2000 426 l’ROPIIE'l‘AS
2046 368 2420 430 MINORES.

3446 359 3552 429 414

260 463 355 517 καὶ
390 462 478 533 τῷ
515 463 653 521 δντι
690 464 866 522 εἰπεῖν
893 466 1099 539 νοερῶς
1139 469 1563 543 ἐπιτραπέντες,
1598 474 1691 525 καὶ
1742 475 1856 543 όριτ

1998 491 2200 545 ιῳιτιιο
2226 479 2482 531 edoctict
2519 477 2699 549 reipsa
2750 478 3030 550 sapienter
3079 478 3227 546 loqui
3273 478 3551 532 conﬁde-no

260 553 490 620 σθέντες
524 558 677 629 πρὸς
712 559 872 623 Θεοῦ,
910 561 1084 614 ταῦτα
1115 563 1196 625 είς
1230 562 1509 633 προῦπτον
1546 564 1869 635 λευκότερον

260 648 725 719 ίσαφηνίσαμεν.
764 652 827 705 Οἱ
858 651 967 723 γὰρ
995 651 1102 723 πρὸ
1123 654 1281 724 ἡμῶν
1312 655 1577 710 θειότατοι
1622 658 1715 711 καί
1747 655 1870 712 θεο-

259 739 421 811 φόροι
458 741 748 814 Πατέρες,
801 746 860 798 ἐν
893 746 1202 816 καταλήψει
1258 747 1413 802 ταῦτ’
1463 748 1714 821 ἔχοντες,
1771 752 1870 821 οὐχ

258 830 491 887 ἅπαντα
541 833 992 906 διηρμήνιυσαν,
1045 838 1194 893 ἐστιν
1252 842 1453 907 εἰπεῖν,
1494 844 1529 913 ἢ
1559 844 1641 896 ὅτι
1684 842 1773 896 διὰ
1809 844 1872 898 τδ

260 923 645 997 πολυπληθὲς
687 930 800 982 τῶν
843 929 1133 1001 νοημάτων
1165 932 1236 987 τὰ
1262 934 1433 988 πολλὰ
1468 937 1868 1006 παρώσαντες,

260 1016 406 1089 ηὸτι
442 1018 588 1073 θεία.
645 1039 732 1086 τις
775 1022 869 1077 καὶ
894 1024 1032 1093 πρὸς
1052 1024 1114 1078 τὸ
1142 1026 1323 1097 τέρμα
1347 1026 1501 1081 τοῦδε
1535 1030 1630 1083 τοῦ
1665 1031 1869 1098 κόσμου

260 1112 643 1182 ταμιεύσασα
698 1116 975 1187 τετήρηκε
1026 1116 1150 1171 θεία
1201 1119 1386 1190 χάρις,
1442 1121 1530 1176 διὰ
1576 1122 1638 1173 τὸ
1671 1123 1873 1176 καὶτὰ

261 1200 388 1253 καθ’
420 1203 594 1273 ἡμᾶς
618 1204 721 1276 ἠδη
753 1207 926 1276 πέρας
975 1206 1142 1278 ἔχειν,
1178 1210 1275 1263 καὶ
1321 1210 1460 1281 πρὸς
1490 1212 1666 1267 αίῶνα
1695 1214 1874 1267 νεύειν

259 1294 356 1348 τόν
380 1296 804 1369 ἐπερχόμενον.
834 1299 968 1353 Οὐδὲ
998 1301 1107 1373 γὰρ
1136 1302 1259 1373 είκῇ
1307 1303 1401 1357 τὸν
1431 1304 1663 1375 τυχόντα
1710 1305 1872 1361 πόνον

261 1388 362 1439 καὶ
383 1386 614 1460 ἱδρῶτα
669 1390 819 1445 τόνδε
855 1391 948 1446 τὸν
977 1395 1305 1467 ὀνησιφόρον
1327 1396 1767 1470 κατεσαλόμεθα,
1793 1399 1876 1465 είς

260 1479 411 1551 ἀέρα
446 1483 627 1555 μόνον
650 1485 745 1541 τὸν
774 1486 898 1541 νοῦν
923 1489 1193 1559 δέροντες.

333 1575 406 1644 β’.
446 1576 605 1633 Ἀλλ’
628 1580 820 1650 ἐπειδὴ
837 1580 1101 1652 ἑωρῶμεν
1118 1582 1244 1647 τοὺς
1261 1583 1576 1654 ἀλιηρῖους
1592 1582 1879 1655 Ἐὀραίους

270 1668 417 1735 μετὰ
441 1669 736 1733 τοσαύτας
763 1673 1012 1737 παιδείας
1041 1675 1138 1729 καὶ
1178 1674 1574 1743 ὲξωκείλαντας
1600 1676 1695 1730 τοῦ
1736 1679 1877 1744 ἀγα-

1971 580 2076 632 tes,
2106 580 2158 623 et
2203 586 2267 624 ex
2303 569 2412 626 Deo
2438 571 2781 635 deﬁnientes,
2821 573 2934 627 haec
2966 572 3020 626 in
3052 571 3414 640 limpidior-em
3439 571 3556 627 cla-

1970 662 2183 716 ritatem
2223 670 2630 733 proposuin‘tus.
2667 664 2772 729 Qui
2803 666 2947 720 enim
2990 673 3118 718 ante
3153 681 3253 718 nos
3315 665 3557 721 sanctis-

1970 752 2094 808 simi
2156 762 2211 809 et
2243 754 2413 809 divini
2457 755 2863 812 l‘atresltorum
2897 758 3317 827 intelligentiam
3353 758 3560 812 habue-

1972 851 2121 906 runt,
2154 858 2261 897 non
2303 846 2488 898 omnia
2526 844 2866 915 interpretati
2902 856 3053 911 sunt,
3096 846 3148 899 id
3178 855 3283 904 est.
3313 848 3395 899 vel
3428 848 3556 914 quia

1972 932 2363 987 sententiarum
2430 934 2830 990 multitudinem
2886 936 3207 1007 plerumque
3255 936 3559 1005 pra'termi~

1972 1034 2185 1089 serunt,
2256 1026 2338 1081 vel
2396 1029 2527 1095 quia
2574 1029 2760 1083 divina
2823 1030 3072 1100 quaedam
3118 1028 3170 1083 in
3222 1029 3409 1083 mundi
3440 1027 3558 1096 ejus

1972 1115 2267 1171 terminum
2301 1131 2574 1186 seponens
2610 1119 2784 1189 gratia
2830 1121 3130 1174 reservavit
3160 1159 3176 1185 ,
3227 1119 3390 1175 rebus
3436 1133 3559 1187 qua:

1972 1205 2119 1261 circa
2144 1220 2247 1262 nos
2274 1218 2403 1263 sunt
2432 1210 2591 1264 linem
2638 1226 2766 1265 mox
2813 1210 3165 1275 habentibus,
3215 1219 3269 1265 et
3298 1212 3364 1265 ad
3408 1210 3559 1265 iutu-

1974 1313 2094 1352 rum
2142 1300 2396 1355 s:eculum
2427 1302 2797 1358 tendentibus.
2837 1301 2956 1360 Non
2991 1305 3138 1359 enim
3185 1314 3387 1360 temere
3420 1319 3559 1375 prte-

1974 1399 2185 1445 sentem
2230 1392 2470 1447 laborem
2500 1404 2558 1449 et
2600 1395 2832 1452 sudores
2886 1397 3022 1451 istos
3065 1398 3334 1451 salutares
3364 1411 3556 1452 susce.

1977 1483 2175 1554 pimus,
2208 1483 2264 1539 in
2294 1500 2474 1541 aerem
2511 1494 2722 1542 tantum
2769 1498 3002 1543 mentem
3038 1488 3391 1559 dissipantes.

2045 1574 2101 1630 2.
2139 1575 2243 1632 Sed
2272 1578 2530 1645 quoniam
2566 1578 2803 1636 vidimus
2857 1577 3097 1635 nefarios
3147 1580 3407 1636 Πρίηπος
3436 1588 3560 1653 post

1979 1673 2091 1719 tam
2115 1666 2316 1721 multas
2350 1668 2743 1736 castigationes
2772 1684 2994 1725 aversos
3014 1685 3041 1724 a
3074 1670 3242 1736 bono,
3273 1679 3327 1725 et
3352 1672 3406 1725 in
3441 1672 3560 1741 ipsa

266 1758 391 1828 θοῦ,
431 1765 542 1819 καὶ
569 1763 653 1818 ἔτι
681 1766 1114 1837 τληπαθοῦντας,
1142 1772 1237 1824 καὶ
1269 1768 1415 1824 πάνυ
1445 1786 1509 1839 γε
1543 1769 1881 1842 κερτομοῦν-

1990 1759 2156 1813 adhuc
2181 1773 2343 1828 pmna
2378 1759 2613 1815 multum
2666 1761 3019 1825 insultantes,
3066 1762 3363 1831 linguaque
3395 1759 3569 1815 effre-

266 1868 393 1919 τας.
460 1854 892 1929 ἀθυροστόμους
945 1878 1004 1914 τε
1050 1860 1502 1933 βρενθυομένους,
1543 1838 1637 1917 καί.
1679 1838 1733 1915 εί
1774 1880 1877 1917 που

1990 1860 2111 1905 nata
2141 1852 2542 1920 superbientes,
2580 1862 2634 1907 et
2666 1854 2711 1905 si
2754 1854 2845 1921 qui
2881 1852 3231 1907 occurrerint
3263 1851 3567 1906 modestio-

266 1946 500 2016 τύχοιεν
532 1950 668 2013 τοὺς
712 1950 1109 2023 ἀφελεστέρους
1165 1953 1577 2023 φενακίζοντας,
1622 1956 1717 2010 καὶ
1765 1957 1879 2010 δει-

270 2039 378 2102 νῶς
422 2040 922 2115 διατεινομένους,
973 2048 1069 2098 καὶ
1126 2047 1547 2115 ἀντιλέγοντας,
1604 2049 1679 2113 ὡς
1726 2049 1880 2101 οῦπω

272 2130 399 2184 κατ’
433 2135 652 2197 αὐτοὺς
701 2136 731 2187 ὁ
755 2137 992 2208 Χριστὸς
1022 2131 1150 2209 ἧκε,
1194 2140 1659 2212 προσδεχομένους
1694 2158 1752 2194 τε
1785 2141 1880 2195 καὶ

272 2226 746 2296 καραδοκοῦντας
783 2232 864 2294 είς
899 2231 1108 2301 μάταια
1150 2231 1246 2285 τὸν
1297 2232 1668 2304 Ἀντίχριστον
1694 2234 1880 2297 αὐτοῖς

276 2316 514 2376 ἔσεσθαι
550 2322 610 2375 τὸ
645 2321 840 2377 δοκοῦν
866 2324 957 2376 τὸν
1012 2323 1248 2393 δυσσεϐῆ
1299 2327 1392 2379 καὶ
1439 2327 1674 2381 πλάνον·
1710 2326 1881 2381 πολλὰ

275 2408 329 2464 δὲ
363 2413 463 2467 καὶ
529 2412 666 2467 ἄλλα
721 2413 1005 2486 δεινότερα
1050 2416 1194 2470 κατὰ
1238 2416 1336 2487 τῆς
1386 2419 1693 2488 ἀμωμήτου
1722 2419 1883 2489 ήμῶν

280 2504 389 2559 τῶν
415 2506 777 2579 Χριστιανῶν
800 2509 1036 2572 πίστεως
1060 2510 1400 2581 βλασφήμως
1432 2513 1883 2582 ιρεσχελοῦντας,

283 2599 379 2652 καὶ
434 2601 534 2661 είς
586 2599 749 2661 κενὰς
800 2600 1025 2662 ἐλπίδας
1081 2602 1383 2672 κεχηνότας
1430 2603 1558 2666 τοὺς
1614 2604 1881 2674 ἄφρονας,

284 2691 424 2744 ἀλλὰ
480 2693 586 2745 καὶ
652 2692 763 2746 τῶν
821 2693 944 2746 κατ’
982 2696 1183 2758 αὐτοὺς
1228 2694 1441 2750 ἀσεϐῶν
1491 2698 1785 2766 αίρετικῶν
1816 2698 1883 2753 τὰ

290 2780 605 2854 βλάσφημα
647 2785 893 2854 στόματα
922 2786 1039 2856 μετ’
1062 2786 1243 2839 αὐτῶν
1275 2786 1383 2841 τῶν
1405 2788 1610 2856 ὁμοίων
1643 2792 1711 2860 τῇ
1744 2790 1885 2845 Θεοῦ

292 2876 602 2949 συνεργείᾳ
626 2876 907 2947 ἐμφράξαι
935 2879 1273 2947 βουλόμενοι.
1308 2881 1404 2933 καὶ
1421 2880 1614 2947 δεῖξαι,
1635 2882 1732 2935 καὶ
1763 2885 1887 2936 πεί-

292 2983 405 3031 σαι,
455 2969 541 3031 ὡς
573 2965 677 3040 ἧκε
731 2969 966 3040 Χριστὸς
1013 2971 1109 3024 καὶ
1158 2970 1328 3024 ἔπαθε
1363 2975 1707 3043 σαρκοφόρος
1734 2975 1886 3043 γενό-

295 3075 487 3127 μενος,
520 3062 615 3114 καὶ
647 3062 878 3132 τέθνηκε
918 3064 1011 3115 καὶ
1033 3065 1260 3137 ἀνέστη,
1295 3066 1389 3119 καὶ
1429 3067 1709 3138 ἀνελήφθη
1746 3070 1884 3139 πρὸς

293 3155 383 3206 τὸν
416 3154 654 3226 Πατέρα
699 3157 779 3220 είς
830 3156 1095 3226 οὐρανοὺς
1146 3159 1283 3229 μετὰ
1318 3158 1594 3227 σώματος,
1629 3163 1725 3214 καί⁵
1766 3161 1884 3232 ἥξει

297 3248 465 3302 πάλιν
501 3250 530 3302 ὁ
558 3248 722 3312 αὐτὸς
756 3248 828 3310 ὡς
866 3248 1219 3321 θεάνθρωπος
1246 3250 1323 3303 ὢν
1376 3253 1515 3321 μετὰ
1538 3255 1637 3321 τῆς
1672 3252 1886 3323 ἀφθάρ-

295 3357 391 3393 του
442 3343 655 3415 σαρκὸς
711 3342 879 3396 αὑτοῦ
910 3358 925 3374 ⁶
965 3344 1060 3397 καὶ¹
1120 3344 1204 3397 ὅτι
1242 3338 1401 3408 οὗτός
1454 3347 1604 3399 ἐστιν
1634 3347 1662 3397 ό
1703 3347 1833 3410 Θεὸς
1860 3347 1888 3399 ό

299 3437 501 3500 ἀΐδιος.
563 3435 745 3491 Ταῦτα
823 3438 997 3505 δεῖξαι
1073 3438 1388 3509 βουλόμενοι
1441 3442 1520 3504 είς
1594 3442 1890 3494 κατάλυσιν

300 3531 408 3585 τῶν
480 3530 722 3593 ἀσεϐῶν,
778 3532 874 3585 καὶ
931 3535 1013 3596 είς
1066 3534 1409 3587 ἀνακαίνισιν
1468 3534 1579 3587 τῶν
1626 3533 1888 3602 εὐσεϐῶν,

301 3622 373 3685 ὡς
421 3625 490 3677 ὲν
570 3623 882 3693 προφήταις
937 3623 1239 3693 ὁμοφώνως
1302 3625 1644 3700 δηλούμενα,
1718 3626 1892 3682 ταῦτα

302 3714 681 3786 διεξήλθομεν,
717 3717 828 3771 πᾶν
878 3717 1058 3787 νόημα
1106 3719 1207 3787 τῆς
1256 3718 1417 3787 ἁγίας
1472 3719 1697 3787 Γραφῆς
1751 3720 1893 3774 κατὰ

308 3807 527 3863 Παῦλον
592 3809 684 3862 τὸν
738 3809 913 3879 μέγαν
959 3809 1259 3864 ἀπόστολον
1330 3810 1419 3862 ἐπ’
1472 3811 1709 3883 ὠφελείᾳ
1782 3811 1893 3866 τῶν

305 3899 621 3952 ἀκουόντων
666 3900 955 3969 εἰρημένον
986 3902 1063 3962 εἱς
1098 3898 1333 3969 Χριστὸν
1366 3902 1890 3972 αἰχμαλωτίζοντες.

380 3994 458 4063 γ’.
487 3994 597 4050 Καί
624 4012 715 4063 μοι
737 3995 827 4047 τὸν
865 3994 988 4047 νοῦν
1012 3994 1253 4058 εὑσεῦῶς
1285 3997 1620 4065 ἐπεστήσατε
1650 3999 1766 4051 ὅσοι
1795 4001 1893 4069 τῆς

315 4088 601 4159 μακαρίας
645 4088 795 4157 ζωῆς
847 4090 907 4142 ἐν
961 4089 1179 4158 μεθέξει
1236 4089 1494 4157 γενέσθαι
1548 4092 1791 4161 ἐφίεσθε,
1824 4092 1892 4145 ἵν’

313 4180 465 4251 ἴδητε
521 4180 641 4243 πῶς
694 4176 840 4234 οἶδεν
878 4182 937 4233 ὲν
978 4181 1197 4251 ὀργάνῳ
1245 4184 1489 4253 πενιχρῷ
1512 4184 1756 4253 ταπεινῷ
1801 4184 1894 4238 καί

315 4270 541 4342 σμικρῷ
570 4274 598 4323 ό
625 4271 760 4335 Θεὸς
814 4271 997 4324 λαλεῖν
1027 4273 1096 4325 τὰ
1141 4271 1307 4323 αὐτοῦ
1328 4286 1340 4299 ·
1398 4272 1588 4341 μηδείς
1615 4272 1893 4341 ἀντίλογος

317 4363 481 4426 ιστω,
535 4364 874 4434 φιλόχριστοι
966 4366 1063 4433 οὐχ
1125 4364 1400 4434 ἡμέτερον
1443 4366 1503 4417 τὸ
1554 4365 1759 4435 δρᾶμα,
1798 4366 1894 4420 τοῦ

318 4452 456 4508 Θεοῦ
491 4454 602 4525 γὰρ
633 4456 666 4523 ἡ
710 4454 891 4523 χάρις,
920 4454 1010 4507 ἵνα
1042 4455 1190 4527 δείξῃ
1237 4455 1319 4509 ὅτι
1372 4456 1441 4510 τὰ
1494 4455 1894 4527 ὲξουθενημᾶνα

1989 1956 2076 1996 res
2134 1944 2483 2012 pertinaciter
2534 1944 2861 2007 obstinatos,
2894 1945 3357 2017 contradicentes,
3402 1944 3562 2014 quasi

1987 2043 2228 2090 nondum
2255 2038 2510 2094 Christus
2567 2040 2707 2108 apud
2758 2040 2883 2093 illos
2928 2040 3159 2104 venerit,
3185 2047 3467 2106 sperantes
3512 2046 3567 2091 et

1984 2139 2366 2201 exspectantes
2396 2133 2448 2185 in
2495 2144 2694 2186 vanum
2738 2132 3138 2188 Antichristum
3175 2133 3285 2187 illis
3320 2132 3563 2187 futurum

1986 2237 2130 2285 esse,
2160 2239 2269 2292 quo
2296 2222 2566 2279 videbitur
2591 2224 2794 2293 impius
2822 2235 2877 2280 et
2903 2224 3133 2280 mendax
3173 2242 3188 2290 ;
3222 2224 3390 2279 multa
3425 2240 3568 2297 quo-

1988 2331 2094 2385 que
2127 2317 2234 2371 alia
2258 2315 2497 2371 truciora
2531 2317 2587 2372 in
2634 2327 2879 2373 nostram
2918 2316 3357 2373 Christianorum
3384 2320 3569 2373 incor-

1991 2422 2203 2479 ruptam
2246 2410 2406 2465 iidem
2450 2426 2576 2465 cum
2631 2410 2988 2480 blaspltemiis
3038 2411 3377 2482 cavillantes,
3424 2412 3567 2468 etin

1990 2517 2140 2573 spem
2172 2506 2388 2558 inanem
2420 2512 2479 2558 ut
2508 2503 2707 2558 stultos
2736 2504 2975 2569 hiantes,
3003 2503 3254 2559 volumus
3279 2506 3567 2576 impiorum

1990 2596 2133 2655 inter
2162 2596 2285 2650 illos
2317 2604 2373 2650 et
2398 2596 2782 2651 hazreticorum
2814 2596 3245 2667 blasphemantia
3279 2612 3373 2651 ora
3408 2598 3571 2668 ipsis-

1990 2698 2100 2741 met
2143 2688 2421 2744 similibus
2454 2687 2760 2745 rationibus
2788 2687 2900 2744 Deo
2933 2689 3229 2758 adiuvante
3256 2689 3570 2754 oceludere,

1989 2781 2279 2837 ostendere
2307 2790 2362 2834 et
2392 2782 2738 2849 persuadere.
2784 2780 3064 2837 Christum
3125 2785 3238 2852 jam
3274 2784 3490 2839 venisse
3518 2794 3575 2840 et

1990 2888 2212 2941 passum
2244 2888 2367 2929 esse
2396 2875 2450 2928 in
2481 2889 2647 2929 carne
2694 2877 2922 2941 factum,
2979 2886 3259 2931 mortuum
3304 2892 3425 2932 esse
3445 2916 3462 2943 ,
3489 2890 3573 2932 re-

1992 2967 2323 3031 surrexisse,
2388 2966 2702 3022 ascendisse
2761 2968 2827 3023 ad
2885 2966 3100 3023 Patrem
3148 2969 3203 3023 in
3233 2969 3401 3024 cmlos
3443 2984 3570 3025 cunt

1993 3072 2221 3127 corpore
2276 3073 2396 3121 suo,
2446 3069 2503 3113 et
2555 3070 2845 3115 venturum
2884 3076 3008 3116 esse
3064 3061 3262 3115 iterum
3315 3063 3568 3116 cumdent

1993 3150 2165 3205 Deum
2217 3151 2378 3206 simul
2433 3160 2487 3206 et
2522 3152 2797 3206 hominem
2854 3169 2976 3209 cum
3029 3167 3129 3208 sua
3168 3154 3572 3223 incorruptibili

1993 3258 2180 3308 carne,
2207 3252 2261 3299 et
2290 3244 2437 3298 hunc
2484 3243 2655 3298 Deum
2698 3261 2821 3301 esse
2872 3258 3137 3301 mternum
3168 3262 3183 3299 :
3212 3245 3329 3301 haec
3378 3256 3571 3305 osten-

1994 3336 2129 3390 dere
2162 3336 2408 3390 volentes
2442 3336 2496 3389 in
2526 3337 2960 3391 destructionem
3004 3338 3294 3407 impiorum
3334 3348 3389 3394 et
3409 3353 3576 3393 reno-

1992 3428 2267 3482 vationem
2307 3429 2543 3497 piorum,
2569 3438 2625 3483 ut
2655 3428 2796 3499 apud
2834 3429 3133 3502 prophetas
3170 3429 3415 3485 unanimi
3442 3446 3578 3484 eon-

1992 3536 2157 3577 sensu
2197 3520 2567 3577 manifestata.
2606 3520 2731 3577 Haec
2758 3523 3137 3591 exposuimus,
3181 3513 3401 3576 omnem
3442 3537 3575 3576 san--

1992 3625 2093 3669 cia:
2141 3614 2442 3683 Scriptura:
2494 3616 2820 3670 sententiam
2847 3617 3004 3686 juxta
3055 3617 3281 3670 Paulum
3316 3632 3573 3687 magnum

1993 3707 2320 3775 Apostolutn
2356 3708 2395 3770 ⁸,
2435 3706 2505 3762 ad
2560 3708 2848 3763 utilitatem
2910 3710 3248 3764 audientium
3304 3708 3573 3776 prolatam

2003 3800 2059 3855 in
2094 3802 2373 3857 Christum
2397 3801 2757 3872 captivantes.

2065 3994 2117 4047 5.
2141 3992 2463 4063 Mihijigltur
2478 4002 2709 4046 mentem
2734 3992 2820 4061 pie
2842 3990 3112 4057 adhibete,
3130 4000 3395 4063 quotquot
3410 3992 3583 4048 beatae

1996 4088 2117 4140 vitae
2140 4095 2424 4140 consortes
2452 4086 2565 4139 ﬁeri
2594 4085 2814 4154 cupitis,
2859 4093 2917 4139 ut
2943 4085 3168 4141 videatis
3198 4089 3473 4156 quomodo
3507 4089 3564 4139 in

1995 4194 2205 4249 Organa
2227 4178 2413 4241 debili,
2448 4177 2636 4230 humili
2667 4188 2721 4232 ct
2747 4192 2915 4248 parvo
2945 4178 3166 4232 sciverit
3190 4176 3329 4233 Deus
3350 4193 3445 4232 sua
3466 4180 3581 4233 elo-

1996 4280 2089 4343 qui
2126 4289 2141 4336 ;
2175 4272 2356 4325 nullus
2413 4272 2773 4335 contradicat,
2836 4271 3047 4324 Christi
3109 4282 3429 4326 amatores:
3466 4286 3581 4327 non

1999 4378 2245 4420 nostrum
2272 4375 2355 4419 est
2392 4381 2570 4431 opus;
2607 4364 2696 4416 Dei
2743 4364 2888 4417 enim
2930 4364 3101 4433 gratia
3129 4374 3236 4428 est,
3297 4372 3356 4418 ut
3389 4373 3580 4419 osten-

1996 4460 2158 4514 datur
2188 4458 2610 4525 contemptibilia
2629 4466 2679 4509 et
2699 4457 2922 4511 humilia
2945 4474 2973 4510 a
3020 4456 3128 4510 Deo
3164 4457 3340 4512 electa
3370 4471 3489 4513 esse
3511 4455 3578 4510 ad

321 4549 416 4603 καὶ
476 4546 546 4600 τὰ
598 4547 832 4600 ταπεινά
862 4545 1144 4611 ἐξελέξατο
1186 4549 1216 4601 ό
1256 4547 1411 4613 Θεὸς,
1439 4549 1529 4601 ἵνα
1556 4550 1885 4621 καταισχύνῃ

2000 4551 2444 4608 confundendum
2479 4549 2639 4625 fortia
2671 4553 2714 4604 ¹.
2745 4550 2847 4616 Qui
2880 4551 3029 4604 enim
3076 4565 3176 4620 ego
3204 4564 3348 4612 sum,
3379 4563 3587 4619 parvus

321 4641 389 4694 τὰ
421 4640 639 4709 ἰσχυρά.
683 4638 779 4702 Τίς
826 4640 934 4710 γὰρ
990 4637 1103 4708 ἐγὼ
1140 4644 1168 4693 ό
1213 4644 1409 4711 μικρὺς
1437 4642 1529 4695 καὶ
1562 4643 1774 4712 πτωχὸς
1799 4646 1895 4698 καὶ

2003 4658 2058 4702 et
2115 4646 2394 4699 tnettdicus
2431 4653 2485 4699 et
2515 4654 2764 4709 peccator
2793 4642 2979 4706 homo,
3020 4652 3077 4697 ut
3100 4642 3286 4697 eadem
3311 4641 3364 4697 in
3399 4651 3581 4697 mente

321 4730 646 4803 ἁμαρτωλὸς
688 4730 998 4802 ἄνθρωπος,
1033 4732 1121 4785 ἵνα
1166 4734 1233 4786 τὰ
1276 4735 1418 4788 αὐτὰ
1458 4736 1536 4798 είς
1570 4734 1696 4788 νοῦν
1720 4735 1885 4790 λαδὼη

2003 4739 2341 4810 perspiciens
2366 4736 2686 4792 melioribus
2731 4751 2817 4791 me
2861 4736 3154 4791 enarrem?
3181 4733 3362 4802 Quare
3394 4734 3586 4791 sciatis

323 4826 433 4886 τοῖς
484 4821 622 4894 ἐμοῦ
679 4822 953 4893 ἑξείποιμι
1002 4825 1347 4893 κρείττοσινς
1405 4826 1529 4880 ὅθεν
1565 4827 1777 4881 είσεσθε
1809 4830 1885 4882 κα

2003 4835 2224 4896 iterum,
2278 4831 2330 4885 id
2381 4845 2488 4883 non
2534 4847 2598 4885 ex
2639 4846 2725 4884 me
2754 4845 2896 4896 esse,
2954 4828 3047 4883 sed
3088 4828 3180 4885 Dei
3243 4828 3474 4884 donum.
3504 4825 3584 4885 Ne

323 4914 499 4982 αὖθις,
550 4917 652 4971 οὐκ
687 4916 748 4982 ἐξ
782 4916 942 4987 ἐμοῦ,
995 4916 1133 4970 ἀλλὰ
1164 4916 1301 4970 Θεοῦ
1347 4918 1409 4971 τὸ
1453 4918 1647 4989 δῶρον.
1682 4920 1773 4989 Μὴ
1813 4919 1907 4973 οὖν

326 5012 411 5065 διὰ
440 5011 501 5063 τὸ
534 5008 783 5071 ἑλλειπὲς
815 5009 911 5061 καὶ
934 5008 997 5062 οὐ
1023 5009 1199 5079 πάντη
1254 5009 1603 5079 καταληπτὸν
1634 5010 1735 5081 τὴν
1767 5014 1908 5081 ἀγα·

325 5103 424 5174 θὴν
447 5102 654 5171 ταύτην
685 5099 893 5171 είδησίν
915 5118 999 5164 τις
1035 5100 1401 5173 ξκμυκτηριεῖ
1420 5117 1432 5130 ·
1453 5102 1589 5156 θεοῦ
1639 5105 1747 5172 γάρ
1774 5106 1889 5157 ἐστι

330 5199 490 5266 μόνου
538 5197 603 5248 τὸ
652 5196 765 5247 πᾶν
806 5192 1123 5258 ἀπταίστως
1197 5183 1739 5265 καταλαμϐάνεσθαι.
1806 5197 1899 5252 Διδ

326 5285 580 5353 δυσωπῶ,
642 5286 947 5356 σκοπητέον
990 5284 1131 5339 ἔστω
1182 5288 1293 5349 τοῖς
1322 5285 1617 5355 φιλοθέοιςξ
1662 5289 1737 5359 μὴ
1782 5292 1898 5355 τοῖς

330 5379 591 5440 ἐναντίοις
614 5394 665 5429 τι
697 5378 804 5430 τῶν
832 5376 1013 5431 καλῶν
1044 5378 1331 5448 προέσθαι,
1364 5378 1501 5433 ἀλλὰ
1550 5381 1814 5451 νουνεχῶς
1839 5396 1898 5434 τε

331 5471 423 5524 καὶ
460 5468 902 5539 ὲπιστημονικῶς
934 5472 991 5523 ιν
1026 5471 1282 5542 ἀκριϐείᾳ
1314 5474 1489 5527 ταῦτα
1533 5473 1899 5543 διαλέγεσθαι,

333 5565 409 5634 μὴ
472 5561 876 5631 παροδευτικῶς
930 5562 1062 5632 μηδὲ
1128 5563 1468 5632 φιλονείκως,
1534 5569 1625 5636 ἀφ’
1669 5562 1731 5625 οὗ
1777 5569 1899 5623 οὐδὲ

332 5653 615 5724 λυσιτελὴς
652 5654 684 5723 ἡ
713 5652 974 5722 ὠφέλεια,
1009 5653 1143 5708 ἀλλὰ
1174 5656 1434 5724 φιλοοὲως
1474 5660 1568 5714 καὶ
1600 5678 1901 5731 πνευματι-

415 5820 429 5850 ¹
463 5818 484 5873 ι
518 5817 660 5873 Tim.
698 5828 776 5881 ut,
813 5814 897 5869 16.
977 5818 995 5847 ³
1030 5812 1199 5871 lCor.
1236 5814 1391 5876 1,27.

2006 4925 2172 4995 igitur
2201 4932 2425 4994 propter
2451 4922 2721 4977 defectum
2754 4931 2849 4976 aut
2879 4918 3343 4985 insumcientiam,
3378 4921 3581 4974 bonam

2012 5018 2153 5073 hanc
2202 5016 2509 5070 doctrinam
2551 5015 2750 5085 aliquis
2782 5015 3003 5069 irrideat
3036 5031 3050 5067 :
3086 5012 3179 5068 Dei
3223 5014 3369 5068 enim
3409 5011 3584 5067 solius

2007 5118 2091 5164 est
2148 5118 2319 5163 totum
2364 5106 2718 5163 infallihiliter
2764 5105 3249 5176 comprehendere.
3301 5103 3423 5158 Ideo
3455 5116 3585 5175 rogo

2007 5210 2067 5257 ut
2095 5200 2217 5255 talis
2256 5202 2329 5254 sit
2364 5199 2453 5253 Dei
2509 5198 2703 5255 amicis
2741 5214 2961 5268 scopus,
2989 5213 3055 5251 ne
3085 5197 3233 5251 velut
3280 5194 3583 5250 adversarii

2011 5292 2215 5359 aliquid
2281 5292 2404 5345 boni
2453 5291 2887 5361 prwtermittant,
2944 5291 3036 5343 sed
3067 5299 3127 5343 ut
3183 5288 3476 5359 prudenter
3528 5292 3586 5339 et

2010 5386 2288 5455 sapienter
2320 5400 2442 5438 curn
2470 5382 2746 5455 diligentia
2792 5383 2907 5436 lure
2938 5389 3171 5435 tractent
3198 5397 3211 5445 ;
3257 5396 3362 5433 non
3388 5390 3586 5448 prope-

2010 5477 2183 5534 rando
2244 5493 2420 5546 neque
2486 5477 2826 5540 aemulando,
2890 5475 3033 5529 unde
3099 5474 3246 5529 nulla
3321 5469 3589 5526 salvtaris

2011 5570 2219 5624 utilitas
2264 5572 2460 5632 oritur,
2508 5568 2601 5623 sed
2644 5582 2767 5623 cum
2810 5566 2900 5620 Dri
2946 5580 3132 5620 amore
3161 5574 3213 5620 et
3271 5565 3324 5618 in
3371 5561 3584 5630 Spiritu

2010 5679 2137 5719 cum
2163 5662 2426 5719 modestia
2452 5663 2565 5720 haec
2593 5661 2838 5733 accipite,
2866 5669 2918 5717 et
2944 5660 3240 5731 explorate,
3269 5666 3329 5715 ut
3355 5669 3449 5711 vos
3476 5667 3584 5709 ma-
