4082 6160
322 272 447 337 ιει

1500 273 1602 335 DE
1642 272 2001 334 CONCILIO
2042 270 2344 331 NICENO
2385 272 2431 333 Ι.

3494 273 3602 338 422

317 390 517 457 τειλε,
572 387 731 460 δίκην
777 388 1113 460 Ἑωσφόρου,
1147 389 1562 454 Κωνσταντῐνος
1601 391 1630 444 ό
1670 392 1922 461 φιλοχρι-

2027 398 2258 445 exortus
2320 398 2404 444 est
2464 387 2670 442 Clu-isti
2732 390 3147 446 amantissimus
3208 389 3595 463 Constantinus

318 484 622 549 στότατος,
654 486 684 537 ὀ
722 483 821 551 τῆς
856 482 1147 553 όρθοδόξου
1199 482 1475 547 πολιτείας
1524 485 1783 556 ἀρχηγὸς,
1823 484 1916 539 καὶ

315 576 441 644 τῆς
484 571 718 644 ἀμώμου
775 574 1015 637 πίστεως
1068 574 1378 639 πρόϐολος’
1434 574 1493 639 δς
1548 574 1665 644 ἃμα
1717 576 1795 645 τῷ
1848 574 1919 628 τά

322 664 604 735 σκῆπτρα
651 666 715 717 ἐκ
755 665 865 719 τῶν
920 666 1222 737 Ἐσπερίων
1275 667 1370 719 ἐπὶ
1423 666 1525 739 τὴν
1575 666 1694 719 "Em
1747 682 1917 737 μετα-

318 758 594 827 ποιῆσαι,
627 758 704 825 τῷ
760 756 892 826 θείῳ
933 758 1075 826 φωτὶ
1104 756 1205 829 τὴν
1243 756 1427 830 ψυχὴν
1469 757 1916 829 καταυγάζεται·

321 850 438 903 καὶ
474 852 541 920 τῇ
582 848 833 921 εὐσεϐείᾳ
864 853 964 920 τὴν
1008 850 1254 905 διάνοιαν
1287 850 1657 921 ἀλειψάμενος
1697 852 1916 920 πρῶτον

317 940 531 1009 ἀγῶνα
585 943 721 1011 πρὸς
768 941 858 994 τὸν
903 941 1151 997 διάϐολον
1197 942 1537 997 ἀποδύεται·
1585 943 1683 998 καὶ
1731 944 1917 1014 τίθησι

319 1034 487 1085 κατὰ
509 1030 674 1085 τόπον
708 1031 1053 1103 Χριστιανῶν
1098 1032 1414 1104 ἐλευθερίας
1461 1033 1879 1103 προγράμματα
1904 1049 1918 1063 ’

322 1122 464 1179 λύει
508 1124 609 1192 τὴν
653 1123 719 1177 ἐκ
750 1122 861 1177 τῶν
894 1124 1115 1195 ἀνόμων
1164 1127 1276 1187 τοῖς
1311 1130 1522 1188 πιστοῖς
1559 1122 1918 1197 ἐνσκήψασαν

323 1215 650 1283 κατήφειαν
673 1231 688 1246 -
715 1214 1045 1270 καταϐάλλει
1074 1215 1184 1268 τῶν
1208 1216 1445 1269 εἰδώλων
1471 1218 1539 1269 τὰ
1564 1216 1881 1286 σεϋάσματα
1899 1232 1915 1249 ⁶

322 1303 669 1374 θριαμὸεύει
693 1304 785 1359 τοῦ
813 1303 1038 1374 ψεύδους
1067 1308 1128 1359 τὸ
1148 1306 1499 1377 ἀνύπαρκτον
1525 1323 1540 1337 ⁸
1571 1310 1799 1378 φανεροί
1819 1309 1919 1377 τῆς

325 1396 604 1465 ἀληθείας
642 1397 702 1448 τὸ
736 1396 1034 1467 κήρυγμαο
1068 1398 1395 1468 μεταδίδωσι
1421 1399 1591 1470 τιμῆς
1634 1404 1730 1453 καὶ
1779 1401 1920 1473 παῤ⁶

331 1488 545 1558 ρησίας
591 1492 706 1551 τοῖς
746 1489 1072 1560 τετιμηκόσι
1100 1490 1196 1544 τὸν
1227 1488 1435 1560 Κύριον
1459 1505 1474 1521 ·
1506 1491 1920 1563 ἀναρρώννυται

332 1580 581 1650 σώματα
618 1578 824 1633 πιστῶν
873 1581 1240 1650 κεκακωμένα
1292 1585 1415 1647 ταῖς
1457 1582 1682 1652 μάστιξι
1706 1602 1719 1614 ·
1759 1602 1920 1655 στρε-

330 1670 547 1725 ϐλώσει
579 1671 672 1725 καὶ
706 1671 942 1745 ἐξορίαις
981 1672 1378 1729 ὑποϐάλλονται
1435 1677 1487 1728 οί
1530 1679 1921 1747 προσκείμενοι

328 1762 583 1834 δαίμοσι.
612 1763 718 1819 Καὶ
740 1759 808 1837 ἦν
836 1764 963 1819 ίδειν
986 1765 1096 1819 τῶν
1129 1784 1189 1821 τε
1220 1767 1431 1821 πιστῶν
1455 1769 1520 1823 ἐκ
1550 1769 1643 1821 τοῦ
1672 1769 1915 1840 διωγμοῦ

329 1853 445 1926 τὴν
482 1856 781 1927 ἀνάκλησιν
805 1898 820 1924 ,
857 1860 954 1912 καὶ
985 1857 1095 1913 τῶν
1123 1860 1190 1913 ἐκ
1218 1861 1320 1930 τῆς
1342 1860 1669 1932 δαιμονικῆς
1707 1862 1919 1931 πλάνης

328 1950 443 2020 τὴν
474 1947 763 2021 άνάνηψιν,
796 1950 991 2021 ὁμοίαν
1021 1952 1289 2024 ἀγγελικῇ
1314 1954 1676 2027 χοροστασίᾳ,
1697 1954 1920 2008 πάντων

331 2042 407 2096 ὲν
440 2043 728 2114 παρρησίᾳ
757 2041 1189 2112 δοξολογούντων
1213 2046 1304 2098 τὸν
1336 2046 1565 2119 Κύριον.

423 2230 688 2304 Ἐχαιρεν
728 2225 827 2285 οὖν
858 2232 887 2285 ό
916 2229 1241 2295 πιστότατος
1273 2229 1528 2303 βασιλεὺς
1561 2232 1656 2284 ἐπὶ
1688 2233 1755 2302 τῇ
1783 2230 1917 2285 καθ-

337 2322 567 2396 ημέραν
637 2322 928 2396 προσθήκῃ
959 2322 1071 2377 τῶν
1112 2323 1483 2393 Χριστιανῶν,
1526 2322 1824 2391 συμϐαλὼν
1865 2324 1924 2378 ἐν

339 2417 419 2485 τῇ
453 2414 666 2486 διανοίᾳ
694 2413 861 2469 αὐτοῦ
910 2415 1061 2477 θείας
1092 2411 1235 2469 εἶναι
1262 2417 1324 2466 τὸ
1345 2414 1454 2468 πᾶν
1487 2414 1793 2484 ἐνεργείας,
1820 2414 1921 2484 τῆς

342 2506 409 2559 ἐν
428 2504 602 2575 ὀλίγῳ
651 2505 713 2559 τδ
772 2506 1015 2577 ὒπήκοον
1040 2504 1192 2576 αὐτῷ
1244 2505 1381 2576 πρὸς
1427 2506 1527 2577 τὴν
1577 2505 1675 2559 τοῦ
1709 2506 1920 2576 Κυρίου

344 2596 545 2668 Ἰησοῦ
579 2599 820 2670 Χριστοῦ
874 2598 1258 2669 ἐλκυσαμένης
1301 2599 1620 2668 ἐπίγνωσιν.
1655 2592 1781 2652 Οἷον
1815 2598 1925 2670 γὰρ

336 2693 576 2745 κάκεῖνο
608 2693 721 2755 τοῖς
752 2691 997 2762 φθάσασι
1037 2694 1382 2763 συνέδραμες
1420 2693 1543 2746 Τῶν
1584 2693 1694 2763 γὰρ
1735 2708 1922 2763 παραυ

343 2784 626 2856 κειμένων
674 2784 866 2851 ἐθνῶν,
911 2784 1126 2845 ἆτε,τ3ι
1183 2784 1427 2839 σπονδῶν
1472 2786 1587 2857 [γρ.
1619 2785 1925 2853 άσπόνδων,

346 2878 431 2933 vel
461 2891 528 2931 ea:
555 2875 678 2947 Lip.
703 2878 772 2932 τὰ
802 2876 1047 2931 σπονδῶν
1079 2876 1155 2948 μὴ
1192 2875 1455 2949 ἐχόντων]
1482 2881 1594 2943 τοῖς
1622 2878 1729 2948 πρὸ
1757 2878 1921 2931 αὑτοῦ

341 2969 643 3043 ,βασιλεῦσι
689 2968 1168 3039 ἐπανισταμένων,
1199 2970 1295 3021 καὶ
1327 2969 1435 3022 τῶν
1468 2970 1748 3038 ἐμφυλίων
1795 2969 1928 3022 στά-

2020 483 2337 554 imperator,
2370 482 2688 536 orthodoxa:
2741 482 3054 552 reipublicae
3093 493 3287 537 auctor
3342 499 3407 536 ne
3450 483 3585 552 prin-

2020 591 2151 647 cops
2183 576 2284 648 (2),
2318 585 2372 631 et
2409 576 2701 644 inculpatae
2735 575 2855 629 fidei
2905 584 3281 645 propugnator
3316 592 3328 627 :
3365 575 3411 628 is
3438 576 3597 629 simul

2018 679 2185 739 atque
2214 679 2429 739 sceptra
2464 685 2529 723 ex
2561 667 2861 723 Occidente
2906 666 2966 728 in
2995 666 3270 723 Orientem
3304 668 3599 733 transtulit,

2020 762 2201 818 divina
2280 762 2406 816 luce
2472 762 2657 815 animo
2724 759 3110 829 perfunditur;
3185 759 3599 829 instructusque

2019 857 2256 926 pietate,
2319 854 2554 923 primum
2622 854 2887 906 adversus
2972 850 3250 906 diabolum
3318 862 3596 906 ccrtameu

2021 947 2275 1011 instituit,
2302 956 2461 1014 atque
2488 944 2704 1014 publica
2739 959 2837 1011 pro
2859 942 3299 997 Christianorum
3322 940 3596 1007 libertate,

2020 1042 2197 1097 edicta
2231 1037 2506 1109 proponit.
2537 1038 2713 1103 Quam
2756 1034 2908 1105 impii
2940 1034 3252 1089 molestiam
3281 1033 3599 1104 ingerebant

2026 1132 2321 1197 ﬁdelibus,
2394 1130 2654 1200 depellit;
2736 1128 2969 1183 destruit
3024 1127 3289 1182 idolorum
3352 1125 3598 1191 cultum;

2023 1226 2241 1281 inanem
2302 1223 2427 1278 falsi
2482 1219 3003 1289 eonsistentiam(5)
3046 1218 3314 1279 traducit;
3357 1217 3600 1272 veritatis

2022 1315 2465 1388 praedicationem
2512 1314 2567 1368 in
2626 1312 2803 1380 palam
2863 1310 3027 1375 facit;
3091 1325 3186 1364 eos
3233 1311 3325 1377 qui
3370 1308 3601 1364 Domino

2024 1409 2287 1464 honorem
2320 1406 2742 1477 impendissent,
2775 1403 2984 1458 honore
3020 1417 3084 1456 ac
3128 1402 3383 1454 libertate
3412 1400 3598 1454 allicit.

2023 1502 2424 1562 lnslaurantur,
2475 1513 2539 1552 ac
2580 1498 2727 1552 vires
2775 1495 3046 1565 recipiunt
3095 1494 3235 1547 male
3280 1491 3599 1547 verberibus

2025 1592 2347 1648 atlectorum
2398 1590 2635 1644 fidelium
2684 1602 2914 1658 corpora
2950 1586 3234 1641 tormentis
3283 1586 3361 1655 (4)
3419 1592 3599 1638 ctex-

2026 1685 2165 1741 siliis
2228 1684 2623 1755 subjiciuntur,
2660 1682 2755 1750 qui
2806 1681 3146 1736 dannonibus
3200 1678 3381 1733 devoti
3409 1676 3594 1731 adhae-

2023 1787 2208 1831 rerent
2237 1794 2250 1831 :
2286 1790 2350 1829 ac
2383 1775 2569 1829 videre
2611 1783 2750 1838 erat,
2777 1788 2901 1828 cum
2936 1772 3120 1827 fideles
3162 1786 3189 1826 a
3220 1770 3598 1840 persecutione

2020 1868 2223 1922 liberos
2255 1866 2415 1925 etliei,
2461 1875 2571 1918 tum
2598 1880 2717 1930 eos,
2754 1865 2846 1934 qni
2874 1878 3063 1919 errore
3087 1863 3394 1917 daemonum
3431 1861 3602 1928 impli-

2020 1962 2125 2015 cati
2150 1959 2403 2022 fuissent,
2432 1959 2498 2012 ad
2532 1958 2741 2028 frugem
2777 1957 3057 2012 meliorem
3094 1956 3325 2010 reverti:
3364 1969 3485 2025 qure
3511 1968 3600 2007 res

2020 2052 2281 2124 angelica:
2325 2051 2541 2107 chorea:
2568 2052 2809 2121 speciem
2843 2050 3139 2118 quamdam
3173 2045 3429 2117 pra-ferre
3458 2045 3603 2099 vide-

2022 2145 2205 2209 batur,
2239 2157 2365 2199 cum
2396 2142 2567 2197 Deum
2603 2156 2797 2197 omnes
2822 2140 2993 2195 libere
3032 2141 3422 2210 gleriticnrcnt.

2093 2232 2281 2304 Itaque
2330 2233 2616 2289 laetabatur
2666 2231 3020 2287 fidelissimus
3075 2234 3370 2299 imperator
3414 2228 3599 2298 quoti-

2024 2324 2189 2380 diano
2245 2323 2683 2379 Christianorum
2741 2330 3058 2391 augmento,
3093 2338 3277 2375 secum
3315 2320 3500 2374 animo
3524 2333 3603 2373 re-

2022 2426 2246 2485 putans,
2286 2416 2339 2470 id
2371 2422 2545 2469 totum
2576 2414 2777 2469 divina:
2806 2414 3146 2483 operationis
3193 2429 3335 2472 esse.
3377 2428 3497 2480 qum
3523 2411 3603 2466 sic

2023 2511 2220 2581 exiguo
2244 2517 2512 2579 tempore,
2554 2508 2831 2576 subjectos
2879 2510 2946 2561 ad
2989 2507 3200 2560 Domini
3236 2506 3362 2560 Jesu
3396 2504 3600 2559 Christi

2025 2602 2357 2671 agnitionem
2408 2600 2691 2655 traxisset.
2750 2598 2963 2655 Etenim
3021 2599 3149 2666 quid
3203 2596 3471 2663 ejusmodi
3535 2596 3604 2649 iis

2025 2695 2299 2760 convenit,
2344 2694 2437 2765 qui
2486 2693 2928 2764 praecesserunt?
2976 2692 3116 2746 Cum
3172 2691 3316 2744 enim
3360 2689 3605 2743 finitima:

2027 2797 2234 2859 gentes,
2266 2786 2671 2856 velutperﬁdm,
2706 2784 2973 2840 adversus
3005 2785 3215 2853 priores
3244 2783 3604 2850 imperatores

2026 2880 2224 2936 crebro
2262 2877 2611 2942 rebellarent,
2647 2892 2746 2931 nec
2773 2876 3111 2931 seditionum
3139 2874 3381 2928 civilium
3410 2870 3607 2926 tumul-

2027 2982 2139 3037 tus,
2174 2973 2400 3027 alternis
2454 2972 2715 3036 cantibus,
2749 2969 2997 3038 requiem
3060 2968 3225 3021 ullam
3275 2964 3603 3035 praeberent,

350 3080 500 3117 σεων
547 3063 672 3127 ταῖς
716 3062 1134 3134 ἀλληλοφονίαις
1168 3062 1244 3135 μὴ
1294 3062 1689 3133 παρεχομένων
1735 3063 1923 3126 αὐτοῖς

2030 3066 2123 3121 ubi
2160 3079 2289 3120 mox
2325 3062 2723 3119 Constantinus
2774 3076 2871 3131 per
2920 3057 3223 3113 Salvatoris
3271 3055 3441 3114 nostri
3475 3055 3604 3111 Iesu

347 3155 457 3225 τὴν
486 3154 817 3221 ἀνάπαυσιν,
850 3155 1015 3226 ἡνίκα
1058 3155 1466 3219 Κωνσταντῖνος
1499 3155 1588 3209 διὰ
1611 3154 1707 3208 τοῦ
1736 3156 1925 3226 Σωτῆ-

340 3266 456 3321 per;
508 3248 665 3321 ήμῶν
724 3248 966 3320 Χριστοῦ
1032 3251 1097 3302 τὸ
1146 3250 1244 3319 τῆς
1302 3249 1579 3320 βασιλείας
1638 3250 1928 3317 ἀνεδέξατο

354 3345 587 3416 κράτος,
630 3344 796 3407 εὐθὺς
851 3344 930 3406 ὡς
967 3346 1033 3397 ἐκ
1071 3344 1525 3415 προστάγματος,
1565 3345 1657 3398 καὶ
1699 3346 1767 3399 τὰ
1817 3343 1930 3397 τῶν

344 3437 531 3493 ἐθνῶν
559 3437 711 3491 δεινὰ
740 3436 1119 3504 κατελῶφησε,
1153 3437 1249 3489 καὶ
1283 3435 1345 3488 τὸ
1367 3436 1609 3506 ὑπήκοον
1632 3438 1733 3505 τὴν
1774 3438 1930 3506 είρήο

352 3546 460 3600 νην
496 3530 808 3600 ἠσπάσατο.
842 3527 903 3579 '0
932 3527 991 3580 δὲ
1019 3525 1313 3598 μισόκαλος
1343 3526 1537 3596 ἐχθρὸς
1569 3527 1689 3580 οὐδὲ
1720 3532 1929 3594 ταύτην

353 3621 561 3694 ἠνεγκι
594 3621 696 3692 τὴν
720 3621 815 3672 ἐπὶ
858 3619 928 3673 τὰ
970 3618 1257 3690 κρείττονα
1308 3621 1417 3670 τῶν
1463 3619 1770 3688 ἀνθρώπων
1805 3619 1927 3672 ἐπί-

355 3727 598 3782 γνωσιν·
638 3712 754 3765 ἀλλ’
786 3710 979 3779 ὥσπερ
1032 3710 1201 3764 πάλαι
1246 3710 1327 3782 τῷ
1380 3712 1797 3782 πρωτοπλάστῳ
1829 3711 1927 3780 τῆς

356 3808 568 3862 ἁπόνου
628 3805 773 3876 ζωῆς
821 3805 1168 3876 διεφθόνησε,
1215 3808 1309 3859 καὶ
1355 3804 1446 3859 διὰ
1500 3806 1593 3857 τοῦ
1642 3805 1823 3875 ὄφεως
1861 3808 1928 3875 τῇ

358 3902 501 3972 ἀκοῇ
533 3902 633 3971 τὴν
670 3899 960 3971 παρακοήν
995 3897 1095 3966 τῆς
1138 3898 1357 3967 ἐντολῆς
1391 3898 1705 3970 ἐνέσπειρεν
1731 3939 1747 3963 ,
1788 3900 1932 3952 οὕτω

363 3994 461 4050 καὶ
488 3994 612 4046 τότε
644 3994 983 4063 σπαραχθεὶς
1018 3993 1114 4044 ἐπὶ
1139 3995 1203 4062 τῇ
1234 3991 1341 4045 τῶν
1384 3991 1443 4056 ἐξ
1472 3992 1932 4064 είδωλολατρείας

364 4085 501 4156 πρὸς
546 4084 683 4138 Θεὸν
730 4086 1067 4153 ἐπιστροφῇ,
1124 4082 1332 4153 ἐγείρει
1380 4082 1600 4151 πνεῦμα
1654 4082 1934 4149 Πύθωνος.

367 4179 589 4249 ’Δρειος
612 4175 669 4230 δι
691 4171 759 4248 ἦν
794 4171 950 4238 οὗτος
975 4192 993 4205 ·
1030 4175 1359 4245 Χριστιανὸς
1400 4176 1502 4244 μὲν
1528 4176 1629 4244 τὴν
1659 4192 1936 4247 προσηγο-

367 4268 523 4341 ρίαν,
558 4266 760 4337 καὶτῷ
790 4264 1172 4337 πρεσδυτερίῳ
1215 4264 1318 4333 τῆς
1361 4262 1760 4333 Ἀλεξανδρέων
1804 4264 1934 4319 Ἐκ-

370 4358 601 4431 κλησίας
632 4358 1090 4429 καταλεγόμενος·
1117 4355 1221 4425 τήν
1257 4371 1316 4409 τε
1345 4355 1454 4408 τῶν
1484 4354 1646 4409 θείων
1674 4355 1715 4409 Γ
1721 4357 1934 4428 ραφῶν,

2028 3155 2237 3213 Christi
2271 3157 2505 3227 gratiam
2556 3153 2851 3223 imperium
2900 3153 3163 3219 suscepit,
3220 3165 3318 3205 ceu
3356 3150 3607 3221 jussione

2028 3247 2236 3311 divina,
2290 3257 2404 3301 tum
2445 3244 2587 3299 mala
2615 3252 2922 3307 cessarunt,
2952 3243 2996 3297 si
3034 3256 3139 3311 qua
3183 3252 3341 3295 erant
3373 3257 3402 3295 a
3433 3241 3608 3308 genti-

2028 3338 2156 3401 bus,
2193 3338 2504 3408 subditique
2550 3335 2737 3406 p0puli
2770 3350 2961 3406 pacem
2997 3330 3233 3403 amplexi
3264 3342 3413 3386 sunt.
3439 3330 3607 3385 (ἔκεισο

2029 3444 2149 3484 rum
2203 3428 2330 3482 boni
2365 3440 2493 3481 osor
2541 3424 2737 3486 bustis,
2767 3438 2942 3491 neque
2996 3438 3116 3475 eam
3155 3421 3436 3475 hominum
3482 3434 3610 3489 pro-

2026 3519 2331 3576 vectionem
2380 3518 2446 3571 ad
2500 3517 2779 3570 meliorem
2811 3513 3178 3583 cognitionem
3215 3512 3356 3566 ferre
3384 3512 3606 3581 potuit;

2030 3613 2163 3683 quin
2199 3611 2220 3642 '
2254 3612 2385 3677 imo,
2423 3608 2569 3664 velut
2617 3607 2746 3662 olim
2806 3607 3045 3676 primum
3101 3604 3322 3659 condito
3390 3604 3607 3658 homini

2029 3716 2197 3769 vitam
2251 3713 2498 3767 laborum
2552 3710 2825 3765 vacuitate
2853 3707 3071 3763 felicem
3126 3706 3346 3771 invidit,
3380 3703 3611 3773 ejusque

2031 3819 2126 3873 per
2164 3811 2496 3871 serpentem,
2528 3809 2588 3855 ut
2633 3814 2702 3854 ne
2750 3806 3022 3866 praecepto
3068 3797 3337 3859 obediret,
3379 3796 3610 3851 auribus

2032 3897 2226 3952 insevit
2256 3898 2311 3962 ¹;
2346 3900 2429 3950 sic
2470 3907 2688 3963 quoque
2717 3908 2811 3963 per
2843 3892 2893 3945 id
2930 3902 3166 3962 tempus,
3194 3891 3609 3945 idololatrarum

2032 3994 2097 4046 ad
2131 3990 2298 4043 Deum
2321 3987 2679 4065 conversione
2708 3985 3075 4046 exulceratos,
3102 3982 3331 4038 suscitat
3358 3984 3608 4053 spiritum

2032 4085 2319 4157 Pythonis.
2393 4076 2522 4135 Fuit
2577 4079 2625 4144 is
2684 4078 2849 4132 Arius
2905 4090 2920 4129 :
2978 4074 3323 4131 Christianus
3388 4072 3609 4145 quidem

2033 4177 2285 4241 nomine,
2351 4188 2417 4229 ac
2486 4170 2743 4227 Ecclesia:
2818 4167 3206 4223 Alexandrina:
3276 4168 3613 4238 presbyteris

2034 4271 2305 4333 allectus;
2357 4264 2449 4321 cui
2515 4264 2929 4332 Scripturarum
2983 4260 3292 4316 divinarum
3323 4261 3611 4330 :interprc-

2035 4360 2171 4416 talio
2243 4358 2439 4413 fuisset
2490 4358 2768 4422 mandata,
2839 4364 3003 4424 atque
3048 4352 3253 4406 utinam
3321 4368 3429 4406 non
3475 4351 3611 4407 fuis-

369 4455 445 4520 ὡς
496 4453 601 4508 οὐκ
641 4451 868 4520 δφελον,
924 4448 1355 4520 πεπιστευμένος
1404 4448 1717 4518 ὑφήγησιν·
1777 4465 1923 4503 nvo.

2043 4461 2164 4517 set,
2200 4450 2350 4507 inani
2378 4450 2542 4503 homo
2602 4446 2776 4519 gloria
2808 4486 2824 4511 ,
2866 4460 2932 4501 ac
2981 4444 3247 4511 avaritia,
3298 4446 3468 4517 patris
3528 4446 3612 4498 sui

371 4544 525 4618 δοείᾳ
558 4561 617 4597 τε
663 4545 757 4598 καὶ
808 4540 1166 4611 φιλαργυρίᾳ,
1194 4541 1308 4602 τοῖς
1355 4540 1541 4603 ὅπλοις
1586 4540 1680 4594 τοῦ
1728 4542 1923 4612 πατρὸς

2037 4542 2244 4601 diaboli
2267 4542 2456 4608 armis,
2496 4553 2811 4611 possessus.
2852 4536 2990 4593 Cum
3040 4551 3208 4608 porro
3242 4547 3365 4601 post
3391 4536 3611 4591 Petrum

374 4636 544 4694 αὐτοῦ
580 4633 677 4690 τοῦ
716 4634 995 4698 διαϐόλου,
1046 4633 1413 4702 κατεχόμενος
1440 4648 1454 4663 ·
1487 4632 1545 4696 ὃς
1603 4632 1923 4704 θεασάμενος

2039 4636 2183 4692 inter
2219 4644 2489 4705 martyres
2544 4632 2781 4688 victoria
2832 4630 3127 4697 illustrem,
3161 4644 3226 4685 ac
3258 4629 3399 4684 inter
3433 4633 3612 4700 ponti-

373 4732 449 4797 ὡς
482 4728 622 4803 μετὰ
656 4728 864 4798 Πέτρον
896 4726 989 4778 τὸν
1021 4725 1080 4777 ἐν
1113 4727 1355 4796 μάρτυσι
1396 4726 1693 4797 νικηφόρον
1717 4766 1733 4792 ,
1763 4726 1859 4779 καὶ
1882 4726 1923 4778 ἐι

2042 4728 2175 4781 ttces
2211 4729 2533 4780 consertum
2578 4719 2870 4792 apostolis,
2917 4719 3301 4791 Achillamque
3327 4718 3449 4790 ejus
3489 4732 3613 4776 suc.

469 4848 490 4879 ’
529 4845 666 4901 Gen.
686 4858 769 4907 ιιι.
798 4843 854 4897 5.

1635 4934 1735 4997 Fr.
1779 4934 2141 4999 Combeﬁsii
2174 4940 2359 4998 nota).

450 5062 527 5135 (2)
601 5059 920 5135 orthodoxa:
978 5054 1281 5135 reipnblicuz
1333 5066 1520 5111 auctor
1580 5073 1642 5111 ac
1681 5058 1948 5135 princeps.
2054 5060 2395 5135 dicationem.
2424 5055 2592 5112 Plane
2616 5053 2970 5135 consistebat,
3010 5060 3137 5108 ante
3159 5049 3499 5133 Constantini
3533 5050 3615 5105 fc-

380 5124 539 5189 Velut
570 5134 662 5201 qui
691 5146 899 5200 prunus
932 5124 1488 5201 resACbristianorum
1518 5124 1951 5201 at_:_or'thndoxti-
2053 5131 2179 5186 licia
2214 5140 2481 5199 tempora,
2536 5143 2639 5181 nec
2669 5126 2861 5201 majori
2920 5138 3154 5201 unquam
3202 5124 3415 5201 vigore
3448 5138 3611 5191 quam

384 5220 525 5263 rum.
568 5192 899 5271 provexerit,
933 5206 989 5251 nt
1012 5198 1135 5271 jam
1187 5198 1498 5265 respublica
1543 5198 1853 5271 Cbrisniana
1889 5213 1952 5253 ac
2056 5202 2160 5255 sub
2191 5192 2576 5271 decessoribus
2623 5192 2894 5267 tyrannis.
2942 5192 3613 5271 praedicatio'Cbristianm

386 5264 707 5331 orthodoxa,
740 5270 905 5321 libera
941 5270 1228 5338 religione,
1261 5264 1325 5320 ac
1368 5270 1703 5338 compressis
1734 5271 1923 5321 errori

2049 5270 2318 5334 veritatis,
2350 5285 2413 5323 ac
2434 5264 2697 5338 κήρυγμα
2722 5280 3001 5338 nunquam
3032 5264 3400 5338 ἀνύπαρκτον.

388 5285 707 5331 orthodoxa,
740 5285 905 5321 noera
948 5285 1228 5335 l'CllglonC,
1261 5285 1325 5320 ac
1368 5285 1489 5320 com
1535 5285 1703 5322 ressrs
1734 5285 1945 5321 οτι-οτι·
2049 5285 2318 5334 veritatis,
2350 5285 2413 5323 ac
2434 5285 2614 5338 κηρυγ
2664 5285 2697 5319 α
2722 5285 3001 5333 nunquam
3032 5285 3400 5333 ανυπαρκτον.

388 5349 509 5406 bus,
558 5348 743 5411 posset
779 5339 904 5391 dici.
940 5335 1167 5403 lntcrpr.
1204 5336 1415 5411 l.i_pom_.
1482 5285 1799 5393 grthodoxw
1822 5339 1944 5392 vim
2127 5341 2205 5409 (4)
2249 5340 2561 5411 Tormentis.
2618 5285 3044 5411 Exaggeratione
3097 5336 3322 5411 dictum,
3369 5348 3482 5411 _nec
3546 5332 3613 5387 ad

387 5403 610 5466 instituti
641 5411 896 5476 princeps.
924 5410 1065 5475 quod
1090 5421 1199 5459 non
1228 5403 1449 5473 placuit.
1487 5475 1493 5476 γ

2055 5403 2403 5465 Constantini
2467 5403 2808 5462 referendum
2862 5416 3102 5473 tempora
3134 5444 3150 5469 ,
3207 5403 3476 5471 siquidem
3531 5415 3618 5456 est

452 5483 530 5549 (5)
571 5475 791 5533 lnanem
848 5478 969 5546 [nisi
1012 5478 1427 5549 consulentium.
1470 5475 1679 5546 Quippe
1715 5478 1942 5532 menda-
2048 5496 2229 5535 sermo
2256 5483 2319 5536 de
2354 5479 2528 5533 Clhllll
2544 5479 2610 5541 is,
2644 5477 2844 5546 quibus
2877 5476 3089 5549 interim
3118 5476 3348 5549 multum
3381 5483 3519 5533 erat,
3541 5489 3613 5549 _ui

387 5544 526 5607 cium
563 5544 927 5604 inconsistens
972 5557 1074 5599 est.
1108 5548 1326 5601 Absone
1365 5544 1646 5615 Lipomani
1687 5550 1847 5601 inter.
1885 5549 1940 5601 τὸ
2048 5551 2298 5605 nefandis
2324 5564 2495 5605 sacris
2517 5544 2952 5617 prohiberentur,
2978 5545 3361 5617 clauderentur
3390 5544 3607 5613 templa,

387 5623 723 5691 ἀν’ύπαρκταν
747 5620 815 5673 ad
846 5633 1077 5691 sequens
1102 5618 1379 5691 κήρυγμα
1412 5620 1579 5673 refert
1621 5634 1633 5670 :
1662 5620 1793 5683 Qum
1818 5634 1923 5671 ron~

2048 5622 2165 5678 sive
2194 5622 2383 5687 etiam,
2419 5616 2541 5677 cuni
2579 5632 2666 5674 res
2699 5617 2927 5682 ferebat,
2959 5616 3391 5671 deszrtwt‘entm'.

387 5688 691 5749 sisterenon
727 5698 953 5757 poterat,
986 5688 1133 5756 efﬁcit
1171 5688 1507 5758 manifestam
1546 5691 1775 5744 veritatis
1801 5705 1938 5758 pm:-
