4054 6138
284 290 395 360 481
1433 303 1528 362 DE
1569 302 1885 364 PABADIS

2008 329 2077 339 --
2118 306 2309 365 mas
2348 307 2399 369 ι.
3438 309 3578 387 482,

285 413 474 469 latine
513 422 896 483 interpretatus
928 424 1006 469 est
1036 432 1120 471 uir
1153 416 1494 471 Jortissimus
1517 417 1755 471 Andreus
1786 416 2014 481 Hosius,
2047 436 2168 490 qua:
2217 424 2389 473 rerxio
2430 420 2661 489 primum
2710 422 2847 491 typis
2884 419 3253 475 Plantiuianis
3292 424 3460 485 edita,
3490 429 3542 480 in

283 499 665 553 Bibliothecam
699 499 923 555 Patrum
951 504 1216 558 translata
1246 514 1345 559 est.
1387 502 1492 559 Sed
1547 506 1664 575 quis
1708 504 1871 572 fuerit
1909 518 2001 560 aut
2058 506 2271 576 quando
2320 508 2508 560 vixerit
2547 506 2739 571 Moses,
2788 524 2949 577 neque
2972 509 3152 561 docuit
3186 526 3280 564 nos
3315 511 3541 577 ilosius,

279 604 440 657 neque
518 587 734 642 aliunde
803 601 945 644 certo
1022 593 1160 645 scire
1216 594 1508 662 potuimus.
1589 589 1791 646 Vixisse
1843 593 1997 646 illum
2047 596 2138 646 diu
2185 604 2304 646 ante
2369 592 2676 667 Dionysium
2746 593 3012 648 Barsalibi
3060 598 3393 664 perspicuum
3463 608 3539 651 est

276 690 396 728 cum
454 677 501 729 is
562 676 621 730 in
677 675 1072 732 Commentario
1114 695 1212 733 suo
1261 681 1331 731 ad
1378 689 1609 751 quatuor
1658 679 1960 749 Evangelia
2031 689 2082 734 et
2155 681 2304 745 alibi,
2352 680 2498 735 illius
2574 682 2877 734 testimonia
2925 682 3220 751 frequenter
3296 686 3540 752 referat:

274 773 335 816 ut
389 765 554 817 etiam
616 764 885 833 jnuiorem
940 768 1103 836 {uisse
1132 765 1331 820 Jacobo
1396 765 1681 830 Edessena,
1736 776 1786 819 et
1823 765 1991 821 altero
2047 768 2328 835 Serugrnsi
2375 783 2440 822 ea:
2503 785 2562 821 eo
2612 771 2890 839 probatur,
2945 768 3083 837 quod
3141 770 3353 823 illorum
3417 788 3541 825 sen-

276 851 471 902 teutias
503 850 697 917 referat
725 852 910 906 eodem
936 854 988 906 in
1028 868 1205 922 opere.
1248 852 1415 908 Valde
1445 866 1621 907 autem
1668 854 2027 910 Itallucinatus
2056 866 2134 911 est
2172 857 2396 923 Marius,
2428 863 2553 910 dum
2581 857 2736 910 illum
2783 874 2887 909 non
2938 858 3093 927 longe
3125 868 3242 925 post
3272 858 3537 914 Joannem

270 935 713 1007 Chrysostoruum
750 940 942 995 uixisse
960 941 1312 1005 existimarit,
1349 957 1470 996 cum
1494 939 1745 996 Severum
1773 943 1921 1007 citet,
1958 942 2343 997 Antiochenuru
2391 943 2595 997 scilicet
2635 942 3123 1015 Honophysitarum
3179 950 3533 1014 praecipuum.

270 1024 379 1080 Sed
408 1029 629 1096 grauius
658 1025 830 1081 adhuc
850 1030 1050 1083 errauit
1081 1027 1429 1098 Margarinus
1463 1027 1676 1096 Biuius,
1708 1031 1800 1101 qui
1838 1032 1909 1084 ad
1940 1041 2174 1096 tempora
2202 1030 2343 1086 Julii
2379 1030 2440 1086 ll
2478 1042 2527 1086 et
2563 1031 2721 1085 l'auli
2748 1030 2806 1087 11
2818 1030 2842 1085 1
2866 1034 3018 1086 illum
3048 1034 3284 1095 reduxit.
3313 1037 3535 1089 immani

270 1116 713 1181 auaclsrouismo,
748 1132 867 1170 cum
896 1115 1072 1173 Moses
1098 1117 1191 1173 ille
1213 1105 1361 1173 alter.
1386 1117 1771 1174 Heredinensis
1803 1118 1988 1189 fuerit,
2018 1116 2310 1172 Mar-delius
2344 1136 2375 1172 a
2409 1117 2595 1172 Musio
2619 1120 2731 1188 ejus
2771 1122 2825 1173 in
2857 1120 3097 1191 Syriacis
3128 1122 3386 1191 discipulo
3415 1139 3537 1193 per-

266 1217 455 1270 peram
491 1203 813 1271 appellatus.
846 1202 962 1259 Nec
1026 1207 1249 1260 meliora
1288 1203 1631 1262 Passerinus.
1667 1205 1812 1261 Sane
1853 1222 1972 1261 eum
2030 1204 2461 1275 Jlonoplrysitam
2501 1206 2665 1274 fuisse
2714 1217 2946 1269 constat,
2987 1210 3165 1277 quales
3203 1220 3379 1273 erant,
3405 1227 3535 1279 quos

266 1292 493 1343 honoris
517 1300 568 1344 et
584 1293 871 1345 testimonii
899 1310 1062 1347 causa
1088 1294 1344 1361 appellat,
1374 1293 1615 1355 Seuerus.
1635 1293 1869 1349 Jacobus
1910 1292 2227 1355 Edessaeus,
2252 1303 2300 1345 et
2322 1292 2457 1345 alter
2489 1292 2821 1363 Serugensis.
2852 1292 3016 1347 Illum
3036 1300 3334 1362 episcopum
3363 1296 3535 1365 [uase

266 1378 555 1432 uerisimile
584 1388 682 1442 est,
706 1393 771 1432 ea:
799 1378 1043 1450 Liturgia
1061 1396 1179 1450 qui:
1201 1382 1303 1451 ipsi
1330 1381 1586 1437 tribuitur
1612 1400 1626 1438 :
1658 1399 1822 1454 neque
1840 1382 1979 1437 enim
2008 1381 2073 1432 ab
2103 1380 2225 1433 aliis
2250 1396 2409 1449 quant
2443 1382 2509 1434 ab
2533 1383 2788 1449 cpismpis
2811 1394 2902 1434 ant
2924 1383 3243 1450 patraarcltis
3272 1386 3535 1453 composi-

266 1475 355 1518 tas
418 1476 513 1520 aut
548 1466 738 1521 saltem
762 1468 871 1522 illis
898 1472 1159 1538 ascriptus
1194 1471 1442 1540 liturgias
1471 1469 1592 1542 Syri
1627 1481 1937 1540 agnoscunt,
1964 1478 2020 1520 ut
2045 1481 2109 1521 ea:
2133 1465 2364 1521 Elencho
2385 1469 2600 1523 illorum
2638 1487 2769 1540 quas
2792 1471 3322 1540 lttlct‘jﬁ'elallsumla
3361 1474 3527 1525 muni-

263 1547 467 1616 [estum
496 1558 599 1604 est.
626 1547 761 1604 Eum
782 1553 983 1605 decimo
1001 1552 1196 1608 atecqu
1225 1554 1416 1609 vixisse
1442 1555 1624 1609 scribit
1643 1553 1940 1621 Nairouus,
1965 1555 2054 1609 sed
2078 1554 2280 1609 nullam
2308 1555 2466 1626 hujus
2485 1557 2804 1626 conjectura
2831 1574 2940 1612 sua:
2964 1558 3324 1628 probationem
3354 1559 3527 1628 offert.

1177 1826 1615 1907 LECTORI
1700 1829 2161 1909 ANDREAS
2220 1829 2457 1909 MASI
2473 1830 2621 1909 US.

330 2007 503 2066 Hosis
534 2008 699 2081 hujus
740 2008 1030 2065 historiam
1068 2007 1229 2078 plane
1258 2020 1345 2060 me
1373 2007 1591 2062 nescire
1618 2006 1815 2071 fateor,
1842 2021 1945 2063 nec
1970 2008 2040 2064 de
2070 2007 2163 2063 illo
2203 2006 2506 2079 quidquam
2560 2006 2835 2077 expiscari
2886 2009 3128 2078 potuisse
3164 2010 3218 2065 in
3266 2016 3525 2070 ecclesia-

256 2098 434 2163 stieis,
455 2098 843 2160 conciliorum,
870 2098 955 2152 vel
1010 2104 1327 2151 sanctorum
1381 2095 1829 2160 narrationibus;
1858 2098 2054 2166 quibus
2084 2113 2147 2151 ex
2180 2096 2441 2161 fontibus,
2483 2095 2647 2148 multa
2680 2096 3030 2166 ebronologis
3086 2109 3141 2152 et
3176 2100 3525 2155 historiarum

259 2188 633 2257 scriptoribus
668 2203 775 2241 non
803 2187 1048 2256 vulgaria
1089 2185 1313 2239 haurire
1351 2198 1495 2254 θωνα
1532 2184 1663 2237 mihi
1691 2185 1967 2239 usuveuit.
2014 2186 2093 2237 Ac
2122 2198 2188 2237 ne
2218 2198 2280 2236 ex
2329 2182 2414 2235 his
2440 2181 2662 2251 quidem
2710 2182 2857 2237 illitis
2887 2183 3332 2251 Commentariis,
3372 2192 3526 2255 potui

258 2272 680 2344 deprehendere
714 2276 1005 2344 vestigium
1037 2273 1207 2327 ullum
1235 2272 1417 2327 artatis
1452 2287 1561 2343 qua
1589 2273 1806 2336 vixerit,
1842 2272 1946 2327 nisi
1979 2275 2122 2339 quod
2158 2280 2218 2323 ut
2251 2284 2506 2339 magnum
2537 2269 2896 2323 Athanasium
2926 2280 2975 2325 et
3000 2273 3265 2341 Cyrillqu
3290 2275 3527 2329 Alexan-

257 2364 509 2427 drinum,
552 2362 625 2416 ita
655 2375 707 2417 et
732 2362 794 2417 D.
831 2364 1317 2433 Chrysostomum,
1344 2360 1464 2414 sine
1488 2360 1771 2427 splendida
1795 2360 1903 2414 ulla
1937 2360 2165 2413 honoris
2199 2356 2523 2412 l’raetatioue
2563 2357 2713 2420 citat,
2752 2360 3109 2429 uoniinatque
3136 2358 3301 2415 Joan.
3335 2361 3523 2417 Monac

259 2448 484 2515 chum,l
517 2450 609 2503 lib.
640 2466 691 2504 e.
726 2449 747 2502 1
787 2460 842 2504 et
870 2465 920 2504 c.
954 2450 1041 2503 10.
1067 2447 1357 2502 Dominum
1385 2444 1670 2513 Joannem,
1704 2448 1956 2518 ejusdem
1986 2448 2133 2510 libri,
2167 2462 2271 2516 cap
2298 2444 2353 2508 7,
2385 2454 2440 2499 et
2471 2446 2595 2499 libri
2645 2463 2742 2501 seu
2802 2448 2973 2516 partis
3025 2447 3109 2514 Ill,
3140 2468 3260 2521 cap.
3309 2452 3365 2517 5,
3398 2454 3523 2523 qui-

260 2539 364 2591 bus
393 2537 535 2591 locis
566 2537 815 2591 meininit
847 2539 970 2607 ejus
1005 2539 1321 2591 orationum
1354 2535 1472 2590 sive
1502 2549 1823 2589 sermonum
1854 2534 1919 2590 tle
1943 2551 2137 2590 occasu
2168 2536 2372 2600 mundi,
2403 2535 2468 2588 de
2501 2550 2633 2588 novo
2678 2539 2899 2601 mundo,
2932 2553 3029 2590 cur
3059 2540 3220 2591 arbor
3252 2554 3433 2594 rotatu
3457 2544 3523 2594 sit

256 2623 499 2678 scientia
517 2624 639 2678 boni
669 2635 720 2679 et
747 2626 901 2691 mali,
932 2634 988 2679 et
1015 2623 1087 2677 ad
1118 2622 1403 2695 Sitigriusu
1433 2639 1527 2678 seu
1554 2620 1850 2694 Stagiriuru
1882 2640 1905 2681 :
1931 2636 1985 2681 et
2011 2634 2198 2679 ccutra
2229 2639 2318 2679 eos
2346 2626 2437 2695 qui
2464 2634 2654 2692 putant
2688 2627 2942 2679 mundum
2966 2628 3248 2696 gubernari
3270 2646 3301 2681 a
3327 2630 3523 2683 decano-

256 2712 437 2775 uibus,
466 2712 487 2767 1
529 2714 629 2770 ιιι».
660 2729 783 2783 cap.
811 2713 902 2767 22.
937 2717 1014 2768 Ae
1060 2714 1290 2785 proinde
1324 2713 1410 2767 bis
1458 2726 1569 2767 non
1605 2712 1780 2767 multo
1817 2714 2083 2783 posterior
2129 2714 2263 2769 mihi
2308 2715 2551 2779 videtur,
2595 2714 2736 2767 forte
2771 2729 2879 2767 non
2913 2730 3162 2783 prorsum
3193 2717 3340 2771 inani
3374 2734 3512 2771 con-

251 2801 469 2870 jectura
501 2818 628 2856 cum
662 2805 1072 2874 swpiusdivnm
1103 2803 1289 2858 Mosen
1323 2802 1494 2869 dicat,
1521 2801 1542 2857 ι
1578 2810 1749 2873 part.,
1779 2819 1901 2874 cap.
1926 2804 2017 2859 23.
2045 2803 2157 2858 llos
2203 2811 2470 2873 pra-terea
2523 2804 2657 2858 citat
2708 2806 3008 2875 scriptores
3035 2805 3445 2862 ecclesiasticos
3466 2819 3521 2863 et

257 2891 522 2959 probatos
551 2901 832 2959 auctores,
864 2901 923 2946 ut
959 2892 1214 2963 appellat,
1241 2890 1484 2962 ejusdem
1514 2900 1681 2960 path,
1714 2907 1834 2962 cap.
1870 2891 1961 2946 22.

330 2979 396 3032 υ.
440 2979 631 3032 θωνα-τί
666 2990 803 3033 orat.
836 2980 928 3046 22,
960 2983 1027 3035 de
1050 2980 1400 3049 Epithronio,
1429 2980 1453 3034 1
1486 2981 1633 3044 libri,
1667 2995 1793 3050 cap,
1824 2978 1854 3029 7
1890 2992 1944 3035 et
1978 2981 2062 3044 ll,
2096 2989 2150 3034 et
2199 2979 2432 3033 alteram
2483 2979 2730 3050 ejusdem
2778 2981 3111 3052 argumenti,
3170 2981 3195 3037 1
3226 2981 3379 3051 libr.,
3424 2983 3515 3038 33.

256 3064 518 3137 Ejusdem
545 3070 791 3124 auctoris
816 3076 962 3123 orat.
991 3078 1186 3123 contra
1224 3066 1652 3133 Felieissimum,
1703 3078 1857 3139 parte
1882 3068 1950 3125 ll.

326 3154 393 3210 Ι).
431 3156 714 3225 prraim,
745 3158 861 3212 sive
894 3158 1128 3227 Ephrem
1166 3156 1316 3229 Syri,
1360 3159 1560 3214 librum
1594 3158 1878 3216 Geneseos
1909 3160 2024 3213 sire
2050 3158 2118 3211 de
2150 3171 2331 3211 rerum
2362 3163 2511 3218 ortu.
2536 3156 2653 3212 sive
2680 3156 2989 3213 Comment.
3019 3158 3072 3213 in
3098 3157 3298 3215 Cenes.
3333 3160 3356 3214 1
3388 3158 3515 3226 lib.,

253 3258 301 3301 c.
342 3243 366 3296 1
406 3254 537 3299 etc.
569 3244 624 3311 9,
660 3260 823 3315 quem
858 3248 1056 3316 opinor
1082 3262 1208 3301 eum
1256 3261 1379 3302 esse
1430 3262 1541 3317 quo
1591 3246 1875 3301 dominum
1941 3244 2175 3317 Ephrem
2223 3242 2462 3312 paradisi
2511 3241 2883 3299 conditionem
2931 3248 3157 3317 essequi
3192 3247 3292 3313 ait,
3332 3247 3353 3300 1
3394 3249 3517 3313 lib.,

252 3347 378 3402 cap.
421 3331 473 3398 7,
504 3340 559 3387 et
583 3349 746 3403 quem
780 3335 944 3389 etiam
975 3338 1270 3404 quemdam
1305 3336 1453 3390 illius
1482 3337 1946 3390 commentarium
1997 3334 2255 3403 appellat,
2296 3330 2318 3385 1
2358 3330 2478 3394 lib.,
2510 3351 2559 3387 e.
2589 3333 2680 3387 27.

323 3424 366 3478 D
401 3422 688 3479 .Jacobum
718 3423 1091 3490 Orruhaitam,
1135 3425 1305 3494 partis
1334 3424 1352 3479 l
1383 3439 1505 3495 cap.
1544 3425 1628 3488 li,
1663 3435 1723 3480 et
1755 3427 1924 3493 partis
1956 3423 1998 3477 ll
2024 3440 2073 3477 e.
2105 3423 2161 3476 2.

326 3516 396 3569 ί).
424 3513 615 3569 Jacobi
651 3513 985 3585 Sarugcnsis
1014 3515 1321 3570 Orationem
1355 3516 1422 3570 de
1455 3517 1665 3569 Adamo
1697 3515 1873 3584 ejecto
1903 3527 1935 3567 e
1970 3514 2225 3581 paradiso
2248 3555 2263 3576 ,
2293 3523 2435 3583 part.
2470 3508 2511 3575 Ι,
2542 3527 2665 3581 cap.
2687 3512 2777 3578 ‘20,
2813 3528 2980 3584 quam
3015 3515 3179 3568 etiam
3214 3513 3512 3567 Commen-

255 3607 461 3660 tarium
518 3603 780 3674 appellat,
833 3605 1084 3675 ejusdem
1140 3607 1314 3675 partis
1355 3620 1406 3659 c.
1440 3603 1533 3661 37.
1570 3604 1826 3673 Ejusdem
1872 3603 2156 3657 orationes
2211 3604 2277 3655 de
2321 3602 2523 3656 Christi
2562 3603 2817 3671 passione
2866 3612 2921 3656 et
2972 3618 3225 3666 ascensu,
3266 3617 3372 3654 non
3438 3602 3513 3656 ita

253 3696 490 3750 suultmu
518 3705 646 3748 ante
684 3692 867 3757 linem,
899 3694 921 3749 1
949 3695 1093 3750 libri.

322 3785 387 3839 ι).
426 3782 614 3838 Jacobi
654 3781 1009 3839 Botuacensis
1036 3785 1345 3839 orationem
1374 3782 1443 3839 de
1473 3783 1682 3838 Adatno
1712 3783 1888 3853 ejrcto
1913 3790 2063 3836 extra
2094 3782 2429 3852 paradisum,
2468 3782 2493 3838 1
2525 3782 2643 3845 lib.,
2683 3796 2735 3838 e.
2769 3780 2860 3839 22.

326 3875 392 3926 Ι).
433 3871 566 3926 Julii
600 3873 1057 3927 conuuentarinm
1094 3873 1148 3927 in
1195 3872 1551 3943 Evangelium
1585 3871 1843 3927 Joannis.

332 3959 622 4015 Plnloseui
675 3957 919 4031 Mabuga
954 3960 1197 4031 episcopi
1246 3975 1561 4016 sermonem
1606 3962 1675 4015 de
1721 3958 2184 4029 contemplatione
2222 3958 2438 4016 arboris
2487 3959 2631 4023 vita,
2667 3960 2686 4015 Ι
2741 3962 2913 4033 partis
2977 3976 3027 4017 c.
3072 3959 3125 4027 8,
3162 3960 3250 4026 l9,
3278 3960 3370 4025 22,
3399 3972 3508 4016 etc.

256 4046 514 4119 Ejusdem
546 4049 789 4119 capitula
823 4058 1011 4104 contra
1048 4048 1372 4115 Diodorum,
1404 4059 1560 4122 parte
1590 4049 1680 4104 Ill.

1000 4387 1579 4545 MOSIS
1693 4386 2787 4545 BAR-CEPHA

1629 4657 1936 4716 EPISCOPI
1978 4658 2134 4715 εγω

821 4836 1876 4981 COMMENTARIA
1975 4837 2156 4950 DE
2256 4837 2952 4951 PARADISO

1403 5058 1508 5119 AD
1540 5056 1925 5118 lGNATIUM
1963 5056 2351 5117 FRATREM.

815 5222 1118 5287 (lnterprete
1152 5220 1347 5273 Δηὼ-ει
1375 5222 1542 5273 liasio.
1566 5250 1625 5260 —-
1650 5222 1816 5275 Critici
1848 5222 1997 5283 sacri,
2031 5229 2149 5273 tom.
2178 5220 2239 5281 ll,
2265 5236 2314 5285 p.
2338 5220 2427 5271 387
2449 5221 2529 5271 ed.
2562 5220 2959 5287 Amstelodamt.)

1531 5462 2249 5557 PROCEMIUM.

331 5662 911 5734 Posteaquam,sancte
942 5657 1698 5731 fraterlgnati,allsolvimus,
1723 5673 1832 5715 non
1940 5656 2037 5712 diti
2059 5659 2228 5723 orbis,
2270 5658 2497 5715 minime
2531 5657 2829 5729 perlectum
2856 5660 3077 5732 quidem
3118 5662 3293 5729 illum,
3332 5682 3395 5719 ne
3418 5680 3509 5729 :no

271 5756 379 5812 sine
407 5770 509 5826 ope
531 5756 739 5822 divina,
770 5754 1319 5811 Commentariumde
1348 5767 1441 5808 se:
1466 5751 1665 5807 diebus
1696 5766 1829 5805 Ctm-
1935 5749 2085 5804 omni
2137 5764 2203 5804 ex
2234 5758 2388 5820 parte
2446 5750 2778 5817 absolutum,
2833 5754 3180 5811 orationibus
3230 5761 3503 5828 quinque:
