4054 6138
424 271 579 334 .483

1754 269 1983 329 MOSIS
2020 268 2065 325 li
2086 266 2458 325 \li'tJEFllA

3641 256 3752 321 484

464 386 775 443 accedimus
805 387 871 442 ad
900 387 1247 444 tractandum
1282 389 1348 443 de
1391 389 1664 460 paludiso,
1694 396 1801 441 tua:
1833 386 2048 455 pietatis
2079 395 2122 443 Α
2157 381 2376 435 Det-imo
2425 389 2621 450 quarto
2674 378 3086 449 discoptabitur,
3147 372 3431 446 quomodo
3490 371 3753 428 homines

464 478 750 533 voluntate
777 481 1244 552 persuasioncque
1291 481 1523 536 inducti.
1558 483 1616 533 ln
1657 496 1764 549 qua
1822 480 2038 549 quidem

464 570 791 625 tractatione
824 570 896 624 ita
932 586 1151 641 quoque
1187 571 1548 635 versabimur,
1588 580 1645 625 ut
1677 580 1730 625 rt
1789 583 2040 625 accurata

461 670 515 713 et
545 660 694 716 clara
716 666 804 717 sit
836 666 1014 718 oratio
1045 682 1059 718 :
1093 674 1144 718 et
1184 664 1401 735 singula
1433 663 1608 734 capita
1670 665 1809 718 inter
1842 679 1901 719 se
1931 666 2041 717 dis-

462 752 631 807 tincta
663 754 1149 824 particulatimque
1175 757 1350 811 divisa
1383 756 1707 820 habeantur,
1765 772 1877 825 quo
1910 753 2042 809 iaci-

461 843 569 900 lius
602 846 838 901 lectores
866 849 1053 902 ouiuia
1088 849 1417 917 intelligant,
1450 864 1629 917 neque
1679 864 1777 919 per
1806 848 2040 903 oblivio-

462 954 586 993 nem
611 938 817 1009 aliquid
866 939 934 993 de
973 956 1073 994 sua
1109 944 1367 994 memoria
1424 944 1682 994 amittant
1719 958 1733 994 :
1770 953 2042 1011 quatenus

458 1041 607 1095 certe
640 1032 781 1087 Deus
841 1049 1004 1088 verus
1060 1034 1155 1104 qui
1190 1033 1462 1087 illuminat
1511 1050 1714 1088 omnem
1776 1037 2041 1090 hominem

458 1126 743 1183 venientem
772 1127 827 1179 iu
856 1126 992 1181 hunc
1030 1128 1283 1181 mundum
1318 1132 1359 1192 ',
1386 1138 1616 1183 conatus
1648 1138 1866 1183 nostros
1891 1130 2043 1199 adju-

459 1226 706 1283 vaturus,
761 1219 1028 1288 nobisque
1059 1220 1349 1287 pra-iturus
1384 1229 1488 1281 est,
1513 1228 1566 1274 et
1599 1220 1911 1274 directurus
1932 1221 2044 1274 dic-

456 1311 658 1391 tionem
698 1320 965 1367 nostram.
1000 1308 1173 1366 Verba
1220 1313 1385 1383 igitur
1437 1312 1639 1382 quibus
1702 1312 1878 1367 Moses
1917 1327 2044 1384 pro-

458 1406 619 1472 pheta
655 1407 722 1459 de
768 1407 1021 1473 paradiso
1064 1406 1248 1462 dieere
1273 1417 1445 1467 ortus.
1462 1417 1566 1470 est,
1602 1407 1717 1461 bmc
1763 1416 1889 1461 sunt
1922 1425 1935 1460 :
1974 1404 2041 1459 Et

457 1498 789 1562 plantarcrat
826 1494 1085 1551 Dominus
1137 1496 1279 1553 Deus
1332 1499 1642 1567 paradisum
1696 1501 1745 1552 in
1783 1498 1926 1553 Eden
1978 1498 2042 1554 ab

458 1587 614 1641 initio
642 1604 659 1642 :
693 1589 863 1660 ibique
891 1592 1070 1660 possit
1125 1592 1403 1646 Adamam‘
1421 1608 1571 1663 quem
1604 1594 1834 1661 ﬁnxerat
1867 1596 1909 1649 ’.
1936 1593 2040 1649 Sed

457 1683 774 1752 priusquam
841 1684 981 1737 beati
1015 1680 1182 1739 Musis
1215 1685 1376 1739 verba
1406 1686 1766 1755 explicemus,
1794 1699 2042 1757 pertrac-

2151 473 2562 528 trausmiseriut
2599 487 2753 526 mare
2806 475 3107 533 Oceanum,
3166 466 3522 537 venerintque
3567 480 3638 519 es
3676 479 3745 518 ea

2150 568 2373 635 regione
2407 568 2460 617 in
2492 580 2597 633 qua
2662 564 2947 635 paradisus
2974 573 3076 623 est,
3139 560 3205 613 ad
3247 558 3391 612 hanc
3428 571 3597 626 quam
3648 567 3756 609 nos

2151 656 2484 717 imolimus;
2529 667 2578 708 et
2639 661 2819 708 utrum
2853 653 3024 706 Adam
3062 649 3321 704 habitarit
3372 646 3512 718 apud
3553 645 3757 700 llieru-

2148 748 2377 818 solyma,
2408 761 2475 799 an
2510 760 2637 799 \ero
2661 744 2909 798 minime.
2938 740 3157 796 Decimo
3181 740 3395 811 quinto,
3428 734 3751 806 disputabi-

2151 848 2261 905 tur,
2326 849 2532 909 quanta
2588 846 2768 907 pateat
2826 835 3065 905 paradisi
3127 830 3453 900 amplitudo.
3516 828 3757 885 Decimo

2151 943 2331 995 sexto,
2370 933 2502 1004 quid
2535 931 2609 986 sit
2641 928 2810 992 l-Jdeu,
2833 937 2889 986 et
2934 944 3033 985 cur
3082 924 3375 998 paradisus
3402 923 3473 978 sit
3502 922 3754 993 paradisi

2148 1026 2418 1082 vocabulo
2448 1026 2772 1096 appellatus.
2796 1022 3015 1078 Decimo
3038 1023 3298 1092 septimo,
3322 1016 3757 1089 iuvestigabitur

2151 1138 2279 1176 num
2311 1120 2535 1175 arbores
2562 1128 2618 1174 et
2656 1118 2870 1174 fruetus
2906 1113 3145 1187 paradisi
3180 1114 3391 1169 similes
3439 1111 3648 1165 fuerint
3680 1110 3756 1165 iis

2148 1215 2242 1282 qui
2276 1216 2328 1269 in
2365 1217 2465 1270 lict:
2498 1226 2689 1270 nostro
2734 1213 2855 1269 solo
2884 1208 3241 1281 proveniunt,
3282 1222 3352 1260 att
3386 1220 3517 1259 vt-ro
3552 1205 3629 1259 ab
3664 1204 3758 1258 his

2150 1308 2381 1364 diversi.
2422 1305 2645 1362 Decimo
2695 1316 2913 1369 octavo,
2943 1302 3265 1359 ostendetur
3310 1301 3435 1371 quis
3466 1299 3538 1354 sit
3583 1298 3758 1354 modo

2150 1400 2387 1471 poradisi
2440 1415 2571 1454 usus
2624 1399 2706 1453 vel
2737 1397 2861 1468 quis
2891 1397 3057 1451 etiam
3095 1402 3216 1463 post
3271 1391 3750 1448 resurrectionem

2153 1503 2492 1547 mortuarum
2529 1493 2767 1547 futurus.
2799 1491 3017 1545 Decimo
3041 1505 3213 1555 nono,
3233 1487 3609 1543 declarabitur
3626 1499 3757 1556 qua

2152 1584 2312 1639 fuerit
2342 1587 2506 1640 arbor
2534 1586 2779 1640 scientia:
2808 1596 2861 1638 et
2892 1584 3016 1638 boni
3057 1592 3112 1638 ct
3163 1582 3312 1645 mali,
3351 1596 3458 1650 qua
3522 1581 3751 1632 Adamn

2158 1680 2310 1764 tit-us.
2352 1682 2753 1734 interdixerat:
2797 1686 2852 1733 et
2905 1676 3270 1748 quamobrem
3328 1688 3432 1745 app
3454 1672 3600 1727 -llata
3669 1671 3751 1726 sit

460 1779 620 1828 tanda
648 1776 806 1830 nobis
830 1786 959 1831 sttnt
993 1778 1048 1831 in
1101 1779 1200 1833 hac
1232 1778 1403 1847 prima
1436 1778 1833 1834 Commentarii
1861 1781 2035 1837 nostri

2146 1775 2383 1829 scientia:
2415 1775 2538 1828 boui
2563 1785 2617 1828 et
2651 1773 2777 1827 ntali
2800 1773 2986 1827 arbor.
3022 1770 3317 1831 Vica-sitne,
3359 1766 3749 1837 disputabitur

457 1877 633 1935 parte,
671 1866 860 1938 viginti
897 1876 1105 1939 septem
1136 1878 1584 1939 argumentorum
1616 1870 1797 1941 capita
1829 1871 1881 1926 in
1902 1888 2045 1942 quo-

456 1974 578 2017 rum
618 1960 800 2029 primo
827 1972 1020 2032 agetur
1057 1982 1070 2018 :
1103 1963 1263 2019 Sitne
1282 1965 1573 2035 paradisus
1603 1980 1693 2019 res
1730 1976 2041 2036 corporata,

456 2071 525 2107 an
560 2068 694 2111 vero
762 2056 1050 2124 spiritalia.
1110 2057 1386 2122 Secundo,
1421 2057 1741 2111 ostendetur
1790 2061 1916 2126 quis
1973 2062 2043 2114 sit

451 2157 778 2211 corporatus
803 2148 1110 2217 paradisus,
1124 2157 1179 2201 et
1209 2146 1639 2217 quisﬁspiritalis.
1668 2145 1879 2214 Tertio,
1911 2165 2042 2219 pro-

454 2237 673 2294 babitur
695 2228 1130 2297 consentaneum
1157 2255 1302 2305 esse,
1338 2251 1400 2295 ut
1434 2241 1558 2295 libri
1597 2238 1808 2296 Veteris
1844 2240 2039 2298 Testa-

456 2332 625 2388 stenti
661 2335 1090 2405 interpretentur
1120 2349 1229 2389 non
1269 2337 1446 2392 solum
1467 2337 1632 2391 rebus
1667 2335 1823 2406 ipsis,
1853 2352 2040 2392 verum

450 2428 614 2480 ctiam
643 2428 873 2498 mystice
894 2436 948 2482 et
979 2427 1473 2500 ﬁgurati-Quarto,
1496 2430 1884 2497 declarabitur,
1911 2446 2040 2487 uuln

449 2514 520 2569 de
560 2529 619 2568 re
652 2514 766 2584 ipsa
821 2526 1131 2586 corporata.
1167 2535 1235 2571 an
1265 2534 1391 2571 vero
1418 2519 1647 2587 mystico
1684 2520 1849 2575 modo
1885 2537 2042 2590 para-

451 2604 605 2660 disus
636 2604 873 2674 primum
908 2608 1376 2677 sitexplicaudus.
1405 2606 1633 2675 Quinto,
1671 2611 1909 2676 dicetur,
1930 2626 2043 2681 quo

450 2701 543 2751 die
580 2700 726 2754 inter
765 2696 891 2753 illos
932 2714 1025 2752 sex
1052 2700 1170 2754 dies
1200 2704 1403 2769 quibus
1440 2703 1686 2757 condidit
1718 2702 1861 2759 Deus
1901 2706 2042 2759 hanc

451 2794 762 2849 machinam
799 2806 1148 2865 corporatam
1177 2805 1338 2864 atque
1370 2800 1781 2866 aspectabilem,
1809 2803 1882 2854 sit
1910 2817 2043 2856 cou—

449 2888 598 2947 ditus
627 2887 917 2957 paradisus
950 2903 1270 2958 corporeus.
1308 2887 1499 2957 Sexto,
1541 2894 1815 2963 aperietur
1868 2910 2035 2950 causa

448 2979 524 3035 ob
543 2996 709 3051 quam
742 2981 989 3038 condidit
1028 2981 1170 3039 Deus
1210 2982 1373 3039 istum
1427 2996 1777 3056 corporatqu
1832 2988 2040 3058 paradi-

450 3089 599 3132 sum.
656 3072 930 3146 Septimo,
971 3078 1444 3149 pervestigabitur,
1473 3080 1615 3135 sitne
1671 3082 2035 3152 paradisuS‘in

448 3168 609 3233 calo,
633 3183 702 3222 an
735 3169 789 3223 in
818 3170 997 3224 terris.
1018 3171 1246 3237 Octavi»,
1280 3172 1636 3241 expendetur,
1665 3185 1848 3229 utrutu
1878 3192 2038 3246 para-

447 3259 607 3315 disus
636 3261 707 3317 sit
768 3263 821 3317 iu
864 3261 969 3317 hoc
996 3275 1268 3317 terrarum
1300 3273 1477 3321 tractu
1528 3283 1691 3338 quem
1728 3285 1831 3325 nos
1869 3271 2035 3326 babe-

450 3366 595 3413 inus,
628 3365 696 3405 an
730 3352 785 3406 iu
815 3351 945 3405 alio.
971 3350 1148 3419 Nouo,
1171 3356 1491 3424 probabitur
1520 3373 1640 3411 eam
1677 3366 1834 3414 terra:
1851 3358 2029 3436 regio-

2145 1883 2269 1937 que
2303 1868 2467 1922 fuerit
2500 1867 2666 1921 arbor
2713 1869 2861 1931 vitae,
2897 1874 2951 1920 et
2979 1880 3079 1919 cur
3122 1865 3193 1919 sit
3228 1863 3351 1919 vita:
3375 1864 3539 1919 dicta.
3588 1862 3756 1917 Vice-

2144 1958 2288 2012 simo
2347 1958 2549 2026 primo,
2577 1964 2765 2028 agetur
2798 1958 2867 2011 de
2921 1957 3019 2011 illo
3069 1955 3237 2011 lluriu
3271 1954 3367 2025 qui
3421 1957 3751 2026 paradisum

2149 2051 2433 2119 irrigabat,
2462 2051 2599 2103 etde
2631 2058 2871 2118 quatuor
2900 2047 3223 2104 ﬂuminibus
3247 2048 3302 2102 in
3324 2063 3448 2119 (tute
3474 2047 3564 2103 ille
3589 2048 3754 2103 scin-

2145 2144 2396 2199 debatur.
2437 2142 2711 2200 Vieesimo
2760 2145 3023 2211 secundo,
3054 2146 3269 2200 dicetur
3318 2143 3451 2214 quid
3491 2141 3750 2199 futurum

2145 2236 2343 2294 fuisset
2387 2238 2620 2303 Adamn,
2670 2238 2719 2293 si
2775 2239 3127 2295 observasset
3182 2238 3523 2294 inaudatutu.
3582 2236 3752 2291 Vico.

2144 2334 2286 2385 simo
2322 2330 2506 2396 tertio,
2567 2332 2933 2402 explicabitur
2984 2332 3230 2402 quandiu
3290 2330 3631 2388 [noluissent
3689 2330 3748 2386 in

2144 2425 2402 2491 paradiso
2437 2424 2683 2479 Adamus
2712 2433 2768 2479 et
2798 2424 2930 2490 Eva,
2968 2428 3291 2495 priusquam
3365 2426 3518 2481 illinc
3551 2428 3609 2481 in
3653 2439 3750 2481 re-

2143 2532 2311 2586 gnum
2340 2518 2561 2573 «adeste
2594 2520 2914 2590 emigraturi
2963 2517 3225 2585 fuissent,
3282 2520 3328 2576 si
3361 2518 3749 2576 obedivisseut

2146 2612 2426 2668 mandato.
2461 2609 2736 2682 Vicesluto
2765 2621 2987 2683 quarto,
3025 2614 3347 2684 probabitur
3377 2626 3614 2670 numero
3638 2626 3746 2669 au-

2146 2705 2353 2772 gendos
2400 2704 2569 2761 fuisse
2631 2708 2683 2759 iu
2745 2707 2997 2775 paradiso
3055 2707 3328 2772 homines,
3386 2706 3432 2763 si
3469 2706 3647 2761 Adam
3685 2713 3745 2761 et

2143 2790 2252 2845 Eva
2282 2794 2753 2863 obtemperassent
2805 2796 2932 2865 legi,
2994 2809 3174 2865 neque
3218 2810 3315 2850 eos
3368 2796 3512 2851 duos
3574 2796 3742 2851 solos

2143 2884 2314 2941 fuisse
2348 2887 2480 2942 inibi
2523 2902 2837 2942 mansuros.
2872 2886 3145 2943 Vicesimo
3200 2890 3422 2960 quinto,
3450 2887 3738 2961 discepta-

2142 2979 2307 3041 bitur,
2340 2996 2408 3033 an
2442 2994 2536 3052 per
2560 2996 2812 3036 venerem
2846 2980 3153 3036 commistis
3174 2980 3497 3050 corporibus
3517 2980 3735 3051 prolem

2142 3075 2482 3142 procreaturi
2528 3071 2763 3128 fuissent
2796 3083 2911 3127 tum
2943 3069 3117 3128 Adam
3148 3070 3386 3145 Evaque,
3423 3083 3537 3129 tum
3591 3075 3739 3129 isto-
3819 3060 3827 3070 ’

2143 3180 2262 3218 rum
2296 3166 2496 3235 posteri
2533 3182 2548 3219 :
2598 3180 2667 3219 an
2689 3180 2820 3219 vero
2852 3166 2973 3221 sine
3020 3165 3389 3236 amplexibus.
3450 3161 3738 3221 Vicesimo

2134 3270 2318 3321 sexto,
2358 3256 2732 3314 declarabitur
2760 3255 3037 3328 quomodo
3064 3259 3395 3330 voluptatein
3452 3260 3737 3328 cepissent

2132 3353 2187 3407 iu
2224 3351 2480 3422 paradiso
2514 3352 2684 3407 Adam
2711 3362 2765 3409 et
2796 3353 2929 3418 Eva,
2960 3368 3023 3408 ac
3051 3353 3247 3425 reliqui
3280 3368 3343 3407 ex
3377 3353 3510 3425 ipsis
3537 3352 3732 3410 nasci-

450 3456 575 3496 ncm
610 3441 664 3496 itt
704 3457 814 3514 qua
847 3444 1137 3514 paradisus
1184 3456 1385 3513 exstat,
1415 3446 1666 3504 altiorem
1700 3452 2030 3511 eminentio-
2131 3448 2267 3499 turi.
2303 3445 2579 3501 Vicesilllo
2602 3446 2837 3516 septimo
2859 3456 3055 3516 θεοιυι·
3071 3447 3135 3503 de
3165 3457 3414 3518 serpente
3437 3445 3531 3518 (ιυὶ
3557 3443 3733 3499 Ενπι

453 3548 681 3607 remque
709 3549 835 3592 esse
869 3538 969 3593 hac
998 3548 1206 3593 nostxa.
1253 3540 1497 3606 Decimo,
1529 3553 1724 3614 agetur
1754 3544 1824 3601 de
1856 3561 2025 3618 τεεηο
2125 3536 2349 3592 adortus
2368 3533 2890 3608 decepit.\licesimo
2929 3547 3128 3592 octavo
3174 3538 3432 3611 denique,
3458 3538 3587 3591 inter
3600 3550 3737 3607 pte-

452 3629 738 3697 ctttlorum,
774 3629 827 3685 in
861 3640 1075 3687 terrane
1107 3640 1267 3688 sxtail
1290 3634 1342 3688 in
1374 3636 1534 3691 uelo.
1572 3636 1893 3705 Undecimo,
1921 3641 2039 3697 dis-

450 3728 687 3789 seratur,
721 3724 815 3793 qui
845 3723 1061 3778 differat
1094 3741 1321 3790 regnum
1374 3728 1640 3784 ctelorum
1673 3745 1703 3784 a
1756 3734 2035 3802 paradiso.

453 3810 818 3878 Duodecimn,
854 3814 1182 3871 tractabitur
1219 3827 1400 3870 utrum
1460 3820 1749 3888 paradisus
1806 3824 2040 3879 exsistat

452 3905 598 3961 intra
645 3905 837 3962 orbem
874 3915 1145 3962 terrarum
1196 3908 1571 3978 habitabilem,
1605 3927 1676 3967 an
1706 3924 1859 3969 estra
1884 3930 2035 3971 eum.

454 3994 676 4051 Decimo
705 3999 887 4063 tertio,
915 4002 967 4052 in
993 4017 1098 4069 qua
1123 4002 1341 4056 tandem
1375 4004 1599 4075 regione
1620 4010 1693 4061 sit
1724 4008 2034 4076 paradisus.

2146 3632 2408 3685 tabuutur
2444 3647 2507 3685 ea
2540 3633 2725 3698 verba,
2754 3646 2877 3700 quae
2906 3632 3101 3688 beatus
3135 3631 3314 3686 Moses
3340 3631 3543 3699 scripta
3600 3632 3733 3686 reli-

2144 3722 2263 3793 quit
2298 3723 2363 3776 de
2400 3722 2658 3793 paradiso
2687 3733 2740 3777 et
2772 3723 2840 3777 de
2869 3722 2937 3778 iis
2993 3740 3118 3795 quae
3182 3725 3235 3781 in
3288 3723 3545 3793 paradiso
3609 3728 3737 3777 acta

2144 3826 2274 3870 sunt
2323 3833 2428 3872 nou
2478 3818 2701 3888 quidem
2762 3817 3008 3882 mystice,
3068 3817 3163 3872 sed
3214 3815 3287 3873 ita
3356 3827 3417 3875 ut
3469 3830 3559 3872 res
3596 3814 3734 3886 ipsa

2141 3910 2507 3980 explicentur.

898 4153 3718 4193 _.....___.._______.___________________________________

1714 4292 2004 4383 PARS
2075 4294 2493 4386 PRIMA.

950 4463 1185 4522 CAPUT
1254 4466 1549 4525 ιιιωιωί.

526 4551 718 4607 Utrum
743 4555 811 4608 sit
836 4558 1120 4623 paradisus
1151 4573 1232 4610 res
1259 4569 1562 4627 corporala,
1587 4575 1655 4613 an
1705 4575 1824 4615 vero
1864 4561 1932 4613 ad
1959 4563 2042 4616 in-

457 4647 807 4720 telligentiam
842 4651 1034 4704 mentis
1062 4653 1345 4717 pertinens.
1367 4682 1419 4693 -—
1447 4651 1521 4708 De
1539 4655 1811 4725 paradiso,
1842 4656 1908 4709 de
1931 4671 2043 4726 quo

457 4740 518 4794 Β.
548 4741 726 4796 Moses
755 4745 978 4811 scripsit
1010 4744 1095 4796 his
1127 4743 1307 4799 verbis
1342 4762 1355 4799 :
1407 4744 1751 4801 Plantsoerat
1783 4748 2039 4805 Dominus

455 4832 594 4888 Deus
626 4831 935 4902 paradisum
965 4833 1019 4887 in
1054 4832 1197 4890 54ers
1260 4840 1327 4892 ab
1362 4839 1517 4893 initio
1545 4882 1562 4908 ,
1590 4824 1736 4896 scire
1793 4841 2042 4899 laborant

458 4928 708 4983 homines
738 4941 921 4981 rerum
951 4930 1286 4998 cognitionis
1316 4933 1527 5002 cupidi,
1553 4934 1698 4989 sitne
1737 4950 2032 5006 corporata

458 5038 569 5089 res,
614 5036 683 5077 an
725 5037 852 5077 vero
882 5022 1227 5094 incorporea,
1266 5034 1429 5095 atque
1458 5027 1723 5095 spiritalis
1745 5030 2036 5097 duntaxat,

453 5124 512 5169 et
543 5115 657 5170 sola
694 5114 1050 5185 intelligentia
1078 5115 1417 5184 spectabilis.
1474 5116 1536 5172 Et
1568 5117 1659 5173 alii
1714 5119 1933 5189 quidem
1965 5121 2037 5174 ita

456 5224 522 5261 es
555 5208 884 5277 corporibus
923 5216 1185 5262 constare
1212 5210 1391 5273 aiunt,
1420 5220 1480 5265 ut
1503 5212 1637 5265 nihil
1666 5211 1864 5267 habeat
1892 5212 2038 5282 quod

456 5302 523 5353 ad
550 5309 780 5353 mentem
814 5311 1020 5371 spectet
1046 5315 1063 5367 ;
1092 5299 1182 5355 alii
1212 5318 1339 5356 vero
1371 5303 1445 5356 ita
1476 5304 1543 5358 ad
1593 5306 1766 5359 solam
1807 5316 2039 5361 tuentem

459 5394 733 5462 pertinere
761 5402 977 5462 putant,
1037 5402 1097 5449 ut
1156 5395 1383 5449 omnino
1430 5397 1751 5465 incorporea
1808 5415 1895 5453 res
1944 5401 2038 5453 sit.

463 5486 604 5539 Sunt
633 5484 798 5539 etiam
838 5485 935 5556 qui
991 5482 1135 5543 duos
1183 5502 1306 5544 esse
1341 5489 1528 5544 dicant
1564 5491 1868 5559 paradisus,
1910 5492 2047 5547 alte-

462 5589 583 5630 rum
614 5589 995 5647 corporatutn,
1034 5578 1417 5648 incorporeum
1469 5580 1724 5636 alterum.
1786 5581 1891 5638 Sed
1950 5601 2049 5640 nos

532 5763 549 5796 ‘
584 5762 737 5819 luant
785 5780 827 5832 t,
857 5763 914 5820 9.
990 5764 1010 5797 '
1049 5760 1187 5821 Gen.
1228 5770 1288 5833 ti,
1321 5762 1356 5821 8

2078 4477 2123 4536 ο
2151 4472 2441 4529 adversum
2482 4475 2605 4533 illos
2626 4478 2718 4547 qui
2761 4476 2922 4547 plane
2946 4482 3299 4543 eorporatum
3326 4472 3533 4531 faciunt
3561 4490 3730 4547 para—

2148 4570 2353 4631 disum,
2381 4570 2557 4626 tribus
2575 4572 2839 4627 utendum
2862 4572 3167 4626 rationibus
3192 4580 3469 4641 putamus,
3492 4585 3728 4641 quarum

2149 4663 2322 4731 prima
2359 4674 2485 4719 est:
2518 4664 2574 4718 Si
2627 4666 2854 4719 omnino
2908 4679 3207 4734 corporeus
3264 4672 3349 4719 est
3412 4664 3727 4733 paradisus.

2146 4771 2350 4827 corpus
2380 4758 2557 4813 solum
2612 4759 2743 4813 Adae
2794 4759 2846 4815 in
2893 4758 3011 4828 ipso
3058 4756 3485 4813 obiectabatur:
3542 4757 3728 4811 anima

2148 4865 2273 4902 vero
2319 4867 2426 4904 non
2461 4854 2610 4905 item.
2642 4849 2779 4907 Nam
2810 4861 3102 4922 corporata
3154 4866 3242 4906 res
3273 4865 3379 4904 non
3412 4860 3591 4921 potest
3609 4851 3729 4905 aui-

2148 4956 2321 5009 muin,
2358 4944 2450 5013 qui
2485 4944 2713 5013 spiritus
2757 4955 2863 5011 est,
2893 4943 3111 5000 allicere
3164 4945 3464 5014 voluptate,
3488 4958 3599 5014 quo
3638 4944 3727 4998 lict

2149 5044 2208 5089 ut
2261 5034 2472 5091 fraudis
2533 5053 2662 5094 reus
2720 5038 2893 5093 videri
2950 5036 3091 5093 Deus
3138 5038 3330 5107 possit,
3377 5038 3580 5108 quippe
3634 5041 3727 5108 qui

2148 5130 2304 5198 quasi
2328 5128 2632 5184 obieetandi
2664 5110 2793 5185 Ade:
2837 5129 3005 5201 gratia
3052 5130 3366 5199 paradisum
3398 5131 3729 5195 condiderit,

2148 5230 2203 5269 et
2229 5230 2407 5272 tamen
2458 5235 2565 5273 non
2607 5231 2783 5274 totum
2812 5217 3104 5284 Adamum,
3145 5219 3239 5274 sed
3272 5221 3499 5275 alteram
3532 5224 3728 5275 dunt..-

2154 5320 2245 5361 xat
2278 5310 2396 5377 ritis
2423 5322 2628 5379 partetn
2660 5327 2784 5381 qua:
2814 5325 3046 5381 corpore
3080 5310 3393 5376 constabat,
3451 5311 3728 5383 voluptate

2152 5401 2411 5456 imbuerit
2438 5420 2455 5468 ;
2487 5406 2711 5458 alteram
2737 5420 2886 5465 vero,
2914 5404 3156 5458 animum
3189 5403 3398 5459 scilicet
3434 5402 3729 5475 voluptatis

2154 5503 2432 5563 expertum
2482 5496 2782 5565 reliquerit.
2850 5495 3098 5551 Secunda
3154 5498 3295 5551 ratio
3348 5497 3461 5553 hac
3514 5506 3623 5563 est.
3684 5496 3727 5551 si

2161 5587 2319 5657 plauc
2367 5599 2693 5660 conparatus
2738 5602 2822 5644 cst
2893 5590 3179 5662 l’utradisus
3209 5631 3224 5656 ,
3264 5606 3606 5662 consequens
3646 5598 3729 5646 est
