4082 6160
261 331 395 399 485

1435 331 1531 392 DE
1574 331 1972 395 rmamso.
2013 357 2079 407 -_—
2123 333 2318 393 mus
2364 332 2408 391 ι.

3447 330 3561 398 486

265 455 336 500 ut
392 462 561 502 sacra
623 444 838 502 Veteris
885 445 1222 502 Testamenti
1271 445 1472 515 scripta
1536 461 1705 500 vacua
1770 443 1877 498 sint
1910 463 1949 516 ν
1980 443 2154 499 disus.
2209 444 2385 512 Atque
2444 443 2557 497 huic
2616 442 2881 499 hactenus
2929 459 2957 499 a
2995 446 3151 504 nobis
3198 455 3323 503 sunt
3370 458 3559 505 contra

264 540 549 608 mysticis
571 539 776 602 sensis,
806 538 859 592 id
890 538 1034 608 quod
1065 535 1261 591 ialsum
1294 552 1415 592 esse
1463 546 1643 607 capite
1689 536 1871 601 tertio,

266 632 515 687 volente
548 630 683 693 Deo,
731 631 1314 687 commonstrabimus.
1358 628 1541 687 'l‘ertizt
1579 630 1717 687 ratio
1770 638 1875 692 est,

261 725 314 780 si
351 723 663 796 paradisus
710 723 845 779 nihil
882 731 965 780 est
1014 723 1114 777 nisi
1150 740 1238 779 res
1269 738 1556 791 corporea.
1587 722 1877 780 coniicitur

259 833 377 875 cos
434 834 721 874 sacrarum
756 833 937 873 rerum
987 818 1243 873 doctores
1279 818 1537 872 mentitos
1586 832 1730 879 esse,
1781 819 1876 884 qui

262 910 641 981 incorporea:
685 912 864 982 ipsum
898 920 1062 966 etiam
1101 921 1308 966 natura:
1349 924 1473 965 esse
1495 906 1875 979 prodiderunt.

259 1002 599 1059 Conﬁcitur
638 1003 807 1074 Igitur
832 1019 899 1059 ex
930 1002 998 1058 iis
1043 1018 1166 1072 qua
1205 1000 1316 1071 jam
1349 1001 1494 1061 dicta
1530 1010 1680 1064 sunt,
1712 1015 1875 1070 para-

261 1098 480 1153 disum
545 1095 687 1151 haud
758 1098 829 1150 ita
875 1106 1229 1166 corporatura
1280 1110 1427 1161 esse,
1480 1105 1537 1150 ut
1569 1093 1875 1162 incorporei

265 1188 433 1241 nihil
498 1186 716 1245 habeat.
750 1183 963 1245 Rursus
1026 1200 1122 1242 eos
1174 1186 1268 1255 qui
1308 1186 1373 1239 ad
1417 1190 1614 1241 mentis
1667 1184 1872 1243 intelli-

265 1278 541 1349 gentiam
569 1278 836 1336 duntaxat
860 1276 1136 1348 pertinere
1164 1278 1317 1335 aiunt
1336 1278 1678 1347 paradisum,
1712 1288 1879 1348 atque

265 1372 526 1430 omnino
557 1374 944 1442 incorporeum
994 1386 1139 1435 esse.
1191 1387 1285 1426 ses
1322 1371 1444 1428 istis
1496 1386 1879 1445 oppugnaturus

268 1465 663 1535 argumentis.
686 1462 893 1529 Primo,
929 1478 1157 1533 prorsus
1190 1464 1343 1520 nullo
1384 1464 1660 1523 aﬂecisset
1682 1466 1877 1537 volup-

271 1558 424 1613 tatis
446 1572 614 1619 sensu
653 1557 783 1618 Δότε
818 1573 1042 1625 corpus,
1084 1557 1178 1617 sed
1213 1556 1390 1613 solum
1423 1559 1683 1624 animant,
1711 1566 1879 1628 atque

272 1651 396 1705 hac
429 1652 640 1706 ratione
665 1666 837 1720 nuper
869 1664 1088 1720 quoque
1120 1651 1203 1704 usi
1253 1666 1470 1709 stultus.
1511 1651 1711 1711 Deinde
1741 1651 1876 1709 falsa

270 1752 632 1811 essentqttat
663 1742 730 1796 de
787 1740 1042 1809 paradiso
1090 1740 1502 1798 esstantblods
1532 1742 1698 1808 dicta,
1752 1758 1869 1797 rem

270 1846 655 1908 corporatatn
681 1837 928 1890 notantia
966 1853 979 1888 :
1011 1833 1318 1905 cuiusmodi
1352 1846 1499 1902 sunt,
1549 1837 1695 1907 quod
1727 1837 1878 1907 plan-

275 1938 506 1985 taverat
528 1926 791 1989 Dominus
815 1927 956 1989 Deus
976 1928 1290 1997 paradisum
1316 1930 1369 1981 in
1402 1925 1548 1982 Edon
1580 1928 1649 1981 ah
1679 1929 1872 1995 initio;

274 2021 444 2090 quod
492 2019 679 2089 posuit
736 2019 848 2077 iiiic
892 2020 1160 2074 Adamom
1216 2034 1377 2091 quem
1434 2019 1685 2083 iittxerat.
1727 2020 1872 2091 quod

280 2116 611 2187 procreavit
636 2130 666 2170 e
705 2124 850 2170 terra
901 2128 1120 2171 omnem
1167 2114 1422 2171 arborem
1462 2130 1577 2168 risu
1605 2113 1875 2186 expetibi-

277 2211 427 2276 lom,
451 2220 619 2280 atque
648 2211 702 2264 in
734 2209 915 2265 cibum
950 2207 1223 2272 idoneam,
1253 2217 1307 2261 et
1337 2207 1588 2264 arborem
1634 2205 1876 2266 scientiae

280 2303 425 2363 boni
471 2312 528 2357 et
569 2301 744 2368 mali;
802 2302 950 2371 quod
1009 2300 1347 2372 sumpserint
1408 2298 1579 2355 Adam
1649 2312 1706 2353 et
1760 2297 1873 2355 Eva

283 2392 434 2450 folia
470 2391 731 2461 ﬁculnea,
779 2392 1121 2465 fecerimque
1158 2392 1263 2447 sibi
1318 2389 1873 2461 subligacula;qood

280 2503 419 2545 sese
443 2488 775 2543 occultarint
835 2488 979 2542 inter
1025 2485 1262 2556 paradisi
1304 2486 1531 2543 arbores
1561 2524 1578 2551 ,
1642 2495 1698 2540 et
1752 2500 1875 2554 quas

278 2590 423 2636 sunt
446 2580 554 2638 alia
584 2580 749 2649 huius
772 2580 991 2653 generis
1016 2595 1049 2636 a
1081 2578 1244 2641 Mose,
1263 2578 1472 2650 prodita
1497 2584 1566 2633 de
1593 2578 1871 2649 paradiso.

284 2674 510 2740 Tert’o,
543 2675 649 2734 nisi
686 2674 966 2732 habuisset
990 2675 1279 2743 paradisus
1307 2689 1394 2728 res
1415 2672 1579 2728 etiam
1615 2686 1878 2741 corpora.

283 2781 377 2827 tas
412 2770 467 2827 in
521 2784 604 2835 se,
662 2769 759 2838 qui
809 2767 1119 2838 potuissent
1165 2783 1229 2822 ex
1279 2768 1400 2836 ipso
1445 2765 1667 2821 attinere
1719 2777 1874 2834 aquae

284 2858 359 2916 ad
398 2860 703 2929 irrigandas
737 2869 936 2925 terras,
966 2869 1026 2917 et
1054 2860 1120 2917 ad
1178 2873 1315 2914 usus
1355 2859 1629 2914 humanos
1651 2872 1874 2913 accom-

284 2934 765 3019 nimlMQuarto,
815 2954 979 3009 exiis
1019 2968 1142 3024 qua:
1192 2952 1372 3010 Moses
1424 2950 1631 3021 Spiritu
1681 2962 1876 3007 sancto

285 3044 516 3102 afﬂatus
565 3046 767 3116 scripta
807 3047 1047 3117 reliquit,
1080 3059 1298 3101 certum
1333 3052 1418 3101 est
1444 3043 1713 3099 Adamum
1749 3056 1877 3098 cor-

1981 546 2094 594 trcs
2122 536 2244 591 illas
2282 536 2562 590 hominum
2595 534 2662 590 de
2690 538 2946 606 paradiso
2974 539 3219 596 diversas
3247 542 3553 611 opiniones;

1978 641 2163 685 nostra
2192 644 2323 685 vero
2356 628 2627 685 sententia
2678 640 2765 687 est
2826 648 2996 686 unum
3029 649 3152 690 esse
3214 636 3556 703 paraiisurn.

1977 736 2084 775 non
2111 724 2279 782 duos;
2316 736 2558 792 eumque
2594 737 2763 777 unum
2801 723 3117 793 paradisum
3173 725 3402 796 duplicis
3433 743 3561 784 esse

1976 814 2311 871 conditionis
2344 831 2359 870 :
2387 830 2667 885 corporea:
2728 826 2781 869 et
2830 818 3185 890 incorporea,
3218 820 3332 873 sive
3359 829 3415 874 et
3439 820 3563 888 ejus

1974 921 2100 977 quae
2159 922 2349 972 sensu,
2380 915 2435 962 et
2476 906 2599 977 ejus
2665 922 2788 975 qua
2825 908 3034 964 ratione
3092 907 3560 979 itttu-liigentiaque

1977 1000 2177 1057 mentis
2214 999 2560 1071 percipitur;
2618 1016 2743 1070 qua:
2793 1000 3013 1070 quidem
3067 1012 3252 1057 nostra
3289 1001 3556 1058 sententia

1977 1091 2064 1149 bis
2083 1093 2418 1163 argumentis
2442 1101 2620 1162 potest
2646 1094 3009 1149 demonstrari
3045 1111 3060 1149 :
3089 1094 3262 1149 Adam
3292 1110 3356 1149 es
3375 1098 3559 1151 anim:

1976 1195 2031 1240 et
2055 1199 2288 1255 corpore
2343 1188 2683 1257 compositus
2733 1195 2874 1249 erat,
2923 1199 3057 1258 ergo
3108 1198 3161 1241 ct
3224 1187 3557 1258 paradisum,

1978 1276 2078 1345 qui
2150 1289 2253 1345 pro
2310 1277 2404 1333 illo
2455 1276 2778 1333 obiectando
2831 1279 3085 1335 conditus
3138 1280 3338 1346 iui-rat,
3374 1280 3558 1351 dupli-

1975 1366 2053 1423 cis
2080 1368 2122 1424 it
2140 1382 2208 1423 -m
2251 1369 2584 1425 conditionis
2628 1384 2753 1424 esse
2797 1372 3101 1437 Oportebat.
3174 1381 3232 1427 ut
3279 1387 3387 1442 qua
3411 1383 3559 1429 esset

1976 1472 2296 1529 corporeus.
2320 1474 2524 1530 corpus
2556 1477 2571 1516 :
2604 1477 2711 1533 qua
2747 1476 2874 1517 vero
2896 1464 3274 1531 incorporeus,
3307 1464 3554 1521 animum

1976 1549 2107 1607 Adae
2130 1562 2422 1608 recrearet.
2460 1550 2664 1609 Deinde
2692 1554 2911 1608 beatum
2970 1554 3202 1624 Ephrem
3239 1557 3440 1627 duplici
3476 1560 3558 1613 in-

1980 1638 2368 1715 terpre’tatione
2416 1646 2673 1715 exposuit
2737 1645 2935 1704 librum
3011 1645 3180 1705 Hosis
3242 1652 3557 1720 prophetat;

1980 1750 2215 1806 quarum
2257 1737 2425 1794 altera
2488 1740 2717 1811 mystica
2774 1749 2880 1803 est,
2918 1750 3084 1811 atque
3145 1755 3344 1798 art-ana
3414 1745 3560 1799 eruit

1983 1844 2181 1893 sensa;
2208 1829 2378 1885 altera
2422 1845 2510 1886 res
2557 1831 2706 1901 ipsas
2727 1839 3079 1901 pertractata
3130 1829 3277 1889 Diosc
3308 1834 3558 1907 descrip-

1981 1930 2087 1978 tas.
2134 1921 2237 1977 Sed
2272 1931 2326 1977 et
2349 1921 2510 1979 divus
2547 1922 2805 1994 Cyrillus,
2855 1926 3056 1995 legales
3092 1926 3258 1981 etiam
3293 1942 3557 1984 canemo-

1977 2017 2116 2075 nias.
2137 2014 2237 2072 etsi
2259 2030 2315 2069 re
2333 2014 2452 2084 ipsa
2466 2015 2899 2083 celebrabantur,
2925 2018 3214 2090 mysticum
3233 2028 3410 2075 tamen
3426 2020 3557 2091 quid

1976 2116 2143 2177 atque
2193 2123 2455 2164 arcanum
2512 2099 2852 2165 continuisse
2886 2119 3118 2167 testatus
3144 2121 3251 2168 est.
3289 2114 3556 2169 Praeterea

1977 2201 2272 2257 venerandi
2298 2215 2585 2258 sacrarum
2619 2215 2800 2259 rerum
2828 2203 3081 2258 deetorcs
3112 2205 3306 2274 partim
3333 2207 3402 2263 de
3426 2220 3554 2261 cor-

1975 2308 2166 2365 poreo.
2191 2295 2281 2350 alii
2311 2295 2378 2349 de
2409 2295 2730 2366 incorporeo
2763 2297 3016 2366 paradiso
3047 2308 3178 2353 sunt
3211 2298 3377 2356 locuti
3406 2313 3424 2363 ;
3451 2314 3558 2355 nec

1975 2401 2106 2444 sane
2128 2386 2225 2443 abs
2254 2399 2315 2442 ro
2349 2387 2619 2453 alterutri,
2642 2402 2769 2444 cum
2795 2388 2885 2446 ille
2911 2392 3198 2461 utriusque
3235 2389 3398 2447 fuerit
3420 2406 3553 2447 con-

1974 2477 2219 2536 ditionis.
2255 2474 2482 2551 Mystice
2512 2481 2657 2535 enim
2707 2481 2775 2536 de
2809 2481 3067 2552 paradiso
3094 2484 3207 2554 agit
3254 2483 3554 2552 Gregorius

1974 2568 2287 2642 Theulogus
2319 2573 2373 2629 in
2398 2586 2462 2631 ea
2482 2573 2729 2629 oratione
2752 2589 2920 2645 quam
2953 2574 3021 2636 de
3049 2574 3251 2634 Christi
3269 2574 3557 2634 Natalabus

1975 2666 2284 2734 composuit
2314 2700 2331 2730 ,
2390 2664 2484 2722 ubi
2536 2665 2802 2721 Adatnutn
2850 2666 2927 2722 ait
2981 2668 3235 2725 colonum
3277 2668 3450 2729 fuisse
3495 2671 3555 2726 in

1977 2756 2250 2830 paradiso,
2284 2757 2596 2826 plantarum
2616 2757 3010 2816 immortalium
3038 2798 3054 2825 ,
3087 2777 3282 2832 nempe
3308 2761 3553 2837 ipsarum

1976 2849 2285 2907 divinarum
2320 2852 2604 2910 notiouutli
2633 2859 2689 2909 et
2736 2852 3134 2923 simpliciorutn
3190 2867 3245 2913 et
3283 2856 3556 2933 periecto-

1976 2957 2097 3001 rutn
2130 2958 2145 3009 ;
2177 2941 2305 2998 item
2343 2943 2621 3010 arborem,
2670 2942 2843 3003 fuisse
2892 2946 3299 3004 meditationem
3356 2950 3556 3020 animi,

1978 3047 2238 3108 quantum
2273 3037 2388 3112 ipse
2415 3045 2562 3093 certe
2585 3037 2899 3095 meditetur.
2928 3038 3155 3111 Mystice
3185 3041 3313 3099 item
3340 3039 3550 3119 Grego-

286 3155 397 3209 pns
423 3138 687 3195 habuisse
716 3153 779 3193 ex
812 3141 927 3194 luto
958 3149 1325 3209 compactum,
1359 3136 1524 3207 idque
1547 3136 1873 3192 collocatum
1904 3148 1949 3212 ρ
1979 3131 2093 3187 rius
2120 3130 2399 3204 Nysaeuus
2435 3133 2487 3187 in
2512 3132 2925 3191 Commentario
2955 3134 3027 3192 de
3062 3137 3300 3201 nomine,
3330 3150 3451 3208 cap.
3482 3135 3556 3190 20

285 3230 521 3286 inissea
576 3228 687 3285 Deo
713 3230 766 3284 iu
819 3229 1109 3299 paradiso;
1157 3239 1275 3284 erat
1302 3242 1433 3299 ergo
1472 3238 1526 3283 ct
1561 3228 1715 3284 locus
1777 3226 1870 3280 ille

288 3324 347 3378 iu
382 3337 498 3395 quo
530 3322 585 3381 id
636 3338 836 3394 corpus
898 3321 1215 3388 insistebat,
1275 3321 1875 3392 corporeus.'Quintn,

287 3430 582 3473 necessum
621 3428 705 3475 est
756 3418 1105 3486 corporatum
1165 3430 1287 3471 esse
1352 3414 1692 3487 paradisum,
1729 3417 1875 3485 quod

288 3510 481 3566 Enoch
510 3515 567 3565 ei
595 3506 746 3564 Eiias
810 3507 868 3565 in
924 3522 992 3565 eo
1053 3518 1312 3574 manent,
1364 3515 1423 3562 ut
1480 3506 1719 3563 aiiirtnat
1774 3509 1872 3561 do-

295 3602 485 3657 minus
541 3598 782 3675 Ephrem
843 3598 899 3655 in
954 3614 1023 3655 eo
1079 3616 1285 3671 opere,
1318 3600 1462 3671 quod
1518 3601 1713 3655 librum
1765 3598 1873 3655 Ge-

287 3708 509 3756 neseos,
564 3692 668 3749 hoc
730 3699 837 3755 est,
900 3691 969 3748 de
1022 3707 1210 3747 rerum
1285 3702 1408 3748 ortu
1459 3691 1871 3759 interpretatur,

288 3785 428 3840 etin
474 3784 543 3839 iis
592 3783 755 3839 etiam
788 3784 1138 3840 sermonibus
1182 3798 1319 3855 quos
1345 3785 1411 3839 de
1444 3784 1700 3853 paradiso
1738 3798 1873 3837 cou-

286 3875 538 3946 scripsit.
600 3873 679 3930 iiii
718 3875 868 3932 enim
920 3876 1045 3939 viri,
1094 3889 1219 3931 cum
1284 3882 1561 3945 corporati
1608 3876 1720 3930 sint
1778 3877 1875 3945 (ut

287 3969 384 4040 qui
440 3966 565 4025 vita:
616 3966 784 4042 hujus
840 3968 1075 4026 vinculis
1134 3968 1313 4024 adhuc
1376 3977 1506 4023 sunt
1560 3967 1801 4039 colligati
1828 3969 1870 4037 ),

291 4069 722 4118 consentaneum
755 4069 840 4118 est
867 4068 928 4115 ut
962 4058 1018 4119 in
1060 4060 1442 4131 corporalibus
1473 4074 1691 4130 quoque
1740 4059 1872 4115 locis

290 4161 570 4211 maneant.
598 4149 770 4208 Sexto
825 4152 1082 4222 denique,
1107 4161 1285 4209 exstat
1310 4152 1596 4209 doctorum
1626 4153 1869 4209 virorum

289 4245 637 4310 aucwritas,
695 4242 800 4299 fide
857 4244 1330 4315 dignissimorutn,
1368 4260 1477 4315 qua
1523 4253 1867 4315 eet-peratum

290 4352 416 4395 esse
441 4337 759 4408 paradisum
787 4336 1107 4393 aiiirtuatur.
1150 4335 1321 4393 Recte
1355 4338 1519 4410 igitur
1560 4338 1870 4411 colligimus

288 4424 492 4489 falsum
558 4441 680 4484 esse
730 4427 888 4494 illud,
954 4427 1271 4499 paradisum
1331 4429 1434 4485 sub
1492 4430 1666 4487 solam
1716 4445 1869 4486 tuen-

1976 3231 2031 3279 ct
2060 3223 2151 3278 ﬁt.
2182 3224 2447 3281 Similiter
2465 3222 2805 3283 Philoxenus
2836 3224 3184 3298 Mabugensis
3206 3230 3260 3283 in
3294 3243 3552 3287 sermone

1976 3316 2043 3371 de
2074 3317 2429 3375 meditatione
2461 3333 2585 3389 qua
2619 3320 2764 3378 circa
2791 3319 3047 3377 arborem
3088 3321 3213 3378 sitat
3251 3331 3503 3380 versatur
3531 3341 3551 3391 ;

1976 3411 2054 3464 ait
2076 3410 2223 3466 enini
2275 3426 2338 3469 ar
2355 3425 2499 3469 cana
2537 3426 2700 3468 censa
2735 3412 3056 3482 mentisque
3081 3414 3463 3472 meditationes
3484 3418 3555 3471 da

1976 3503 2227 3570 paradiso
2262 3503 2468 3561 haberi.
2510 3500 2751 3573 Denique
2784 3505 3047 3563 Dominus
3104 3506 3345 3564 Jocobus
3386 3507 3557 3564 (irroo

1976 3594 2121 3649 itaita
2183 3611 2250 3650 eo
2290 3612 2545 3654 sermone
2600 3613 2764 3669 quem
2797 3600 2865 3653 de
2910 3597 3208 3673 Tlteologia
3256 3601 3453 3666 edidit,
3476 3602 3553 3657 ait

1974 3683 2161 3740 Mosen
2202 3684 2429 3758 ﬁgurate
2466 3688 2705 3742 lncutunt
2737 3701 2861 3744 esse
2905 3688 2974 3743 de
3025 3692 3300 3757 paradiso.
3337 3687 3553 3748 Rursus

1975 3778 2041 3832 de
2069 3791 2334 3847 c0rporeo
2360 3777 2615 3847 paradiso
2658 3779 2881 3849 scripsit
2928 3780 3183 3837 dominus
3230 3778 3465 3839 .leannes
3492 3800 3549 3838 nt

1973 3872 2221 3927 oratione
2263 3871 2348 3926 cui
2387 3872 2604 3925 titnittnt
2632 3870 2758 3926 fecit
2787 3891 2802 3924 :
2835 3870 2947 3927 Cur
2966 3873 3127 3930 arbor
3157 3873 3254 3931 ilia
3276 3874 3548 3943 appellata

1973 3964 2041 4017 sit
2073 3964 2232 4017 arbor
2254 3964 2487 4018 scicntia:
2508 3964 2630 4017 boui
2655 3974 2702 4017 ei
2724 3966 2872 4031 ntali,
2897 3976 2946 4023 et
2981 3967 3108 4036 quid
3133 3965 3235 4020 sibi
3264 3968 3384 4021 rei“
3414 3966 3548 4022 illud

1972 4050 2208 4109 Christi:
2253 4070 2270 4103 ι
2303 4051 2474 4108 Hodie
2519 4067 2733 4108 mecum
2762 4055 2877 4113 eris
2908 4054 2966 4111 in
3004 4056 3284 4126 paradiso,
3310 4075 3331 4110 ο
3363 4058 3549 4116 multis

1972 4146 2118 4204 enim
2152 4146 2282 4201 illud
2306 4148 2506 4201 astruit
2540 4150 2879 4217 argumentis
2914 4163 3241 4220 corporeum
3266 4148 3546 4207 exstitisse

1973 4238 2283 4309 paradisum
2334 4254 2351 4295 :
2408 4239 2551 4293 inter
2589 4239 2695 4294 aiia
2752 4240 3051 4310 inquiens,
3118 4241 3308 4299 Adami
3369 4242 3547 4298 oculis

1970 4341 2280 4402 aspectum,
2312 4331 2538 4386 auribus
2560 4331 2831 4398 auditum,
2869 4336 3057 4387 animo
3086 4333 3322 4403 denique
3354 4335 3548 4391 obsera

1975 4434 2160 4479 vatum
2199 4438 2321 4481 esse
2348 4426 2685 4495 paradisum,
2708 4433 2764 4480 et
2793 4423 3103 4493 huiusmodi
3135 4426 3263 4481 alia.
3283 4424 3549 4484 Similittr

290 4523 360 4576 tis
386 4520 827 4592 ,intelligentiatn
886 4498 1107 4589 cadere,
1158 4530 1324 4592 atque
1370 4522 1531 4597 plane
1563 4538 1629 4578 ex
1674 4538 1865 4577 earum
1895 4498 1947 4560 Ῑ)
1971 4518 2228 4574 dominus
2269 4516 2502 4575 Severus
2531 4522 2779 4576 oratione
2806 4518 2899 4585 22,
2921 4520 2990 4577 de
3023 4519 3344 4590 Epithronio
3368 4561 3383 4585 ,
3407 4533 3546 4580 con-

292 4628 480 4672 rerum
510 4628 635 4670 esse
665 4628 892 4670 numero
920 4628 1043 4684 qua:
1073 4615 1411 4687 incorporea:
1438 4626 1587 4673 sunt.
1624 4616 1870 4688 Denique

291 4708 359 4764 iis
389 4708 482 4779 qui
508 4709 646 4763 duos
679 4715 908 4762 censent
957 4722 1080 4762 esse
1117 4706 1420 4777 paradisus,
1476 4706 1703 4764 alterum
1745 4724 1867 4763 cor-

292 4808 572 4871 poratum,
607 4801 993 4872 incorporeum
1029 4801 1293 4866 alterum,
1338 4799 1625 4871 objicintus
1684 4800 1868 4856 Mosen

291 4892 384 4961 qui
412 4904 522 4945 non
552 4889 606 4944 in
640 4890 853 4945 duobus
875 4890 1160 4958 paradisis,
1186 4887 1277 4942 scd
1309 4888 1362 4942 in
1395 4903 1502 4942 uno
1540 4890 1864 4944 collocatum

293 4983 562 5040 Adamum
587 4998 604 5050 ;
636 4997 811 5054 neque
838 4998 1030 5039 rursus
1051 4998 1081 5037 e
1111 4981 1459 5047 duobus,sed
1492 4982 1545 5035 in
1592 4997 1700 5037 uno
1721 4981 1865 5053 ejec-

296 5088 407 5134 tum
440 5094 475 5137 a
512 5077 620 5134 Deo
644 5076 884 5148 scripsit.
918 5078 995 5131 Ad
1029 5077 1151 5141 hoc,
1194 5076 1456 5132 Dominus
1502 5087 1683 5133 noster
1705 5075 1863 5133 Chri-

294 5181 409 5227 stus
439 5187 548 5226 nou
573 5170 714 5228 duos
745 5169 1052 5241 paradisos,
1081 5167 1176 5225 sed
1233 5170 1455 5225 unicum
1512 5170 1865 5242 promittebat

296 5264 488 5320 latroni
527 5264 780 5335 inquiens
810 5282 824 5322 ς
864 5260 1035 5318 Hodie
1061 5278 1260 5319 uiscum
1291 5264 1394 5318 eris
1423 5264 1477 5317 in
1534 5264 1786 5331 paradiso
1822 5265 1863 5318 ³.

295 5354 481 5427 Neque
516 5370 649 5413 sane
662 5364 1089 5413 consentaneum
1120 5364 1225 5422 est,
1247 5364 1309 5413 ut
1333 5356 1661 5425 ejuscentodi
1686 5356 1869 5419 dictis,

295 5451 621 5520 scriptisque
651 5449 888 5505 oraculis
912 5449 1074 5509 iidem
1104 5449 1430 5520 abrogemus
1455 5464 1470 5512 ;
1502 5448 1568 5501 iis
1595 5461 1719 5503 vero
1748 5464 1870 5518 qua:

299 5556 473 5611 neque
503 5544 645 5598 dicta
691 5557 868 5613 neque
901 5541 1103 5611 scripta
1133 5548 1353 5597 exstant
1378 5544 1431 5596 in
1466 5541 1638 5597 sacris
1668 5539 1867 5605 Libris,

298 5636 671 5691 adhibeamus.
703 5635 826 5690 Non
864 5635 1028 5707 igitur
1069 5634 1201 5699 duo.
1248 5634 1341 5689 scd
1377 5632 1571 5689 unicus
1593 5644 1675 5689 cst
1710 5650 1867 5705 para-

371 5793 391 5825 ³
429 5794 561 5850 Luc.
601 5811 710 5850 uti
743 5794 832 5850 d3.
910 5794 929 5827 ⁸
960 5793 1094 5851 Cen.
1130 5810 1188 5857 ιι,
1224 5793 1307 5858 ili,
1343 5794 1428 5850 ετ.

1972 4612 2084 4668 iicit
2112 4627 2435 4684 corporeum
2475 4612 2647 4669 fuisse
2684 4614 3021 4683 paradisum.
3067 4615 3197 4669 dum
3230 4615 3393 4670 etiam
3426 4616 3546 4686 ipse

1971 4702 2204 4761 aiiirmat
2239 4705 2507 4760 Adautum
2543 4706 2718 4763 oculis
2766 4706 2917 4762 illum
2969 4709 3226 4763 intuitum
3265 4723 3409 4771 esse,
3445 4721 3544 4762 au-

1971 4800 2232 4869 ribusque
2270 4798 2567 4856 audivissa.
2600 4798 2734 4855 Nam
2756 4800 2985 4865 audivit,
3008 4801 3212 4871 inquit,
3239 4800 3329 4856 iiia
3362 4800 3455 4854 Dei
3474 4799 3543 4856 ad

1970 4911 2031 4946 se
2059 4892 2225 4948 verba
2254 4906 2269 4944 :
2308 4889 2386 4945 De
2434 4893 2577 4946 omni
2609 4894 2796 4949 arbore
2824 4908 2940 4963 qua
2985 4897 3040 4947 in
3066 4895 3323 4961 paradiso
3347 4906 3541 4960 exstat,

1970 4985 2208 5051 rescert's,
2248 4995 2443 5054 praeter
2477 4986 2717 5041 arborem
2749 4989 3062 5059 cognitionis
3094 4988 3215 5042 boni
3237 5000 3284 5044 et
3319 4990 3446 5041 ntali
3476 4989 3494 5019 ⁸
3523 5007 3539 5043 :

1969 5090 2023 5132 et
2040 5076 2237 5134 intueri
2253 5079 2415 5149 igitur
2432 5079 2572 5139 hanc
2592 5080 2789 5151 potuit,
2816 5084 2956 5139 vesci
2982 5096 3111 5139 vero
3131 5081 3542 5152 prohibebatur.

1971 5170 2269 5243 Gregorius
2298 5189 2486 5230 rursus
2503 5173 2835 5246 Theologus,
2864 5177 2920 5233 in
2944 5176 3195 5233 oratione
3232 5177 3302 5233 de
3325 5177 3507 5245 patien
3523 5205 3545 5221 ο

1974 5262 2138 5329 tia,ad
2170 5264 2318 5320 hunc
2337 5266 2555 5322 modum
2583 5266 2653 5323 de
2685 5266 2938 5335 paradiso
2964 5282 3228 5337 corporeo
3254 5267 3491 5336 loquitur
3525 5284 3541 5323 :

1984 5374 2003 5409 ι
2034 5357 2264 5427 ιιὶιμιυιη
2286 5357 2550 5413 advenas
2570 5359 2774 5429 lignum
2797 5361 3035 5429 ;crucis,
3054 5363 3313 5418 adversus
3338 5362 3544 5432 lignum

1972 5447 2214 5504 scientiae
2244 5450 2375 5505 boni
2396 5461 2454 5505 et
2476 5451 2626 5507 mali.
2656 5470 2677 5504 ο
2710 5450 2807 5507 Est
2832 5456 2994 5524 igitur
3020 5465 3454 5511 consentaneum
3484 5464 3546 5510 ut

1974 5557 2263 5615 utrumque
2282 5554 2377 5598 aut
2398 5555 2743 5613 corporatura
2771 5547 2977 5619 lignum
3010 5546 3196 5616 fuerit,
3215 5558 3311 5604 aut
3332 5557 3546 5604 utrum-

1974 5652 2081 5707 que
2147 5639 2396 5709 corporis
2448 5652 2686 5709 expers,
2752 5651 2914 5712 atque
2969 5640 3075 5697 sub
3126 5642 3542 5714 intelligentiam
