4054 6138
443 269 543 335 I87

1726 280 1957 342 MOSIS
1996 279 2145 339 ΒΑΗ
2161 277 2441 339 ~CEPIIA

3611 282 3734 347 £88

444 387 616 439 solam
661 383 904 453 cadens;
953 402 1121 458 quam
1173 392 1294 462 pari
1348 390 1510 445 modo
1548 392 1682 459 ligni
1731 390 2029 457 vocabulo,
2062 403 2106 458 Α
2137 404 2263 445 sum
2295 390 2389 462 qui
2427 389 2481 444 in
2524 388 2643 445 sola
2667 397 2851 445 mente
2876 396 3147 453 versetur,
3178 388 3284 445 hoc
3323 396 3428 457 est,
3458 390 3733 462 incorpo-

442 476 602 530 ambo
635 476 827 530 abillo
886 480 1277 547 subjiciuntur.
1336 480 1441 534 Sed
1500 480 1727 549 obiiciat
1797 479 2031 534 fumasse

442 568 644 637 aliquis
675 568 821 623 hunc
850 570 1029 639 ipsum
1063 569 1388 640 Gregorium
1416 612 1430 637 ,
1460 572 1552 641 qui
1590 572 1643 625 in
1672 572 1921 625 oratione
1963 572 2032 623 de

440 660 646 715 Christi
690 659 866 715 Natali
920 678 1041 715 eam
1092 666 1342 718 arborem
1392 665 1727 732 cognitionis
1784 664 1914 718 boni
1974 673 2031 718 et

444 753 572 806 ntali
597 755 823 825 mystice
860 755 1276 825 interpretatur,
1325 758 1851 825 nteditationemquc
1906 771 2032 811 esse

441 844 591 897 dicit.
649 844 813 914 Atqui
870 844 960 898 ille
1022 846 1259 912 duplicis
1331 846 1662 902 conditionis
1711 847 2030 914 paradisum

440 953 565 992 esse
624 955 734 993 non
798 942 1116 1010 ignoravit;
1180 951 1234 995 et
1275 943 1505 1010 proinde
1567 943 1818 996 arborem
1878 943 2028 996 illam

440 1032 712 1087 interdum
738 1049 837 1102 pro
865 1037 1066 1102 reipsa,
1088 1034 1362 1088 interdum
1394 1035 1628 1106 mystico
1657 1050 1820 1089 sensu
1856 1033 2028 1090 inter-

441 1133 688 1192 pretatus
716 1133 824 1188 est,
881 1128 1027 1193 quod
1065 1126 1371 1194 praisertim
1402 1126 1456 1179 in
1496 1142 1562 1181 eo
1604 1142 1863 1181 sermone
1921 1142 2031 1195 quo

442 1217 656 1271 Natales
690 1216 895 1271 Christi
936 1218 1271 1280 celebrabat,
1301 1220 1406 1273 sibi
1439 1220 1665 1289 putabat
1688 1218 2029 1273 faciendum.

438 1303 575 1358 Nam
614 1322 742 1360 cum
774 1322 901 1359 eum
943 1308 1049 1361 sibi
1091 1307 1201 1360 illic
1252 1323 1481 1376 scepum
1531 1310 1935 1378 proposuisset,
1971 1315 2032 1361 ut

439 1397 696 1464 populum
760 1397 1006 1462 doceret,
1059 1413 1166 1451 non
1220 1414 1514 1467 corporum
1570 1400 1662 1452 sed
1715 1400 2026 1453 animorum

444 1488 713 1541 rationem
767 1487 820 1540 in
861 1492 1033 1541 sacris
1072 1490 1434 1542 concionibus
1476 1498 1643 1556 atque
1680 1490 1895 1559 pompis
1932 1490 2030 1543 ha-

438 1580 670 1634 bendam
733 1594 879 1646 esse,
947 1594 1046 1634 nec
1104 1581 1291 1636 valvas
1347 1583 1512 1636 sertis
1552 1581 2034 1653 cingendas,pla-

448 1684 677 1741 tcasque
706 1672 1079 1736 exornandas,
1113 1684 1164 1727 et
1197 1688 1250 1741 (ιι
1274 1689 1318 1726 :e
1352 1683 1612 1742 praeterea
1646 1674 1763 1729 tllie
1787 1687 2033 1727 commc-

439 1773 642 1828 morat,
714 1773 1033 1834 caeteraqne
1100 1764 1331 1836 mystice
1377 1774 1528 1820 esset
1599 1765 2025 1835 interpretatus,
2063 1780 2103 1834 Β

438 1858 555 1925 ipsa
576 1857 843 1911 orationis
870 1858 1014 1911 serie
1046 1858 1305 1911 inductus
1336 1868 1420 1911 est
1454 1869 1507 1911 ut
1533 1859 1787 1912 arborem
1811 1873 2029 1928 quoque

443 1951 594 2005 illam
656 1951 887 2019 ligni-ate
941 1951 1795 2019 contemplat-damnexpelleret.
1852 1950 1930 2005 Ita
1975 1959 2031 2005 et

436 2044 699 2099 dutninus
756 2042 991 2110 Ephrem
1022 2043 1075 2095 in
1106 2058 1206 2096 suo
1236 2043 1653 2097 Commentario
1683 2058 1793 2113 quo
1828 2043 2027 2097 librum

440 2136 720 2191 Genescos
750 2137 818 2191 de
865 2137 1030 2191 rebus
1072 2137 1209 2206 ipsis
1258 2137 1674 2207 interpretatur,
1711 2136 2028 2207 paradisum

440 2235 608 2287 etiam
647 2248 703 2284 re
741 2236 854 2300 ipsa
886 2232 1168 2285 exstitisse
1190 2231 1445 2286 allirmat.
1473 2232 1617 2297 Quin
1644 2242 1699 2286 et
1726 2232 1888 2286 divus
1918 2232 2024 2303 Cy-

441 2325 596 2378 rillns
621 2325 675 2377 in
712 2339 780 2378 eo
813 2324 1226 2378 Commentario
1258 2326 1402 2391 quod
1446 2326 1500 2378 in
1532 2323 1728 2379 Isaiam
1774 2325 2021 2395 prophe-

443 2427 554 2470 tam
593 2416 861 2479 condidit,
892 2424 1080 2469 censet
1108 2416 1409 2480 Adamum,
1438 2424 1728 2485 postquam
1771 2417 2030 2487 paradiso

442 2517 587 2562 esset
627 2524 907 2579 egressus,
965 2512 1020 2561 in
1067 2504 1256 2561 Judwa
1297 2508 1536 2577 primum
1573 2508 1877 2564 habitasse.
1920 2509 2028 2565 Sed

439 2603 588 2655 dices
660 2603 727 2655 de
754 2602 987 2669 mystico
1019 2602 1164 2653 exitu
1206 2601 1336 2654 Adae
1359 2599 1624 2671 Cyrillum
1677 2603 1787 2656 illic
1816 2601 1966 2673 loqui
2007 2618 2023 2657 :

440 2695 591 2763 atqui
629 2708 751 2762 qua:
774 2693 1024 2761 subiicit,
1056 2693 1160 2746 hoc
1192 2709 1299 2747 non
1327 2694 1691 2763 permittunt:
1734 2699 1811 2749 ait
1860 2698 2028 2763 enim,

441 2795 731 2854 postquam
767 2784 917 2837 varia
946 2783 1281 2851 pervasisset
1309 2785 1448 2849 loca,
1469 2786 1688 2840 tandem
1720 2785 2033 2859 Hierosoly-

442 2878 546 2931 mis
579 2877 787 2931 obiisse
844 2886 1098 2929 mortem.
1179 2877 1255 2930 lie
1302 2876 1475 2946 igitur
1532 2878 1673 2947 ipsa,
1736 2878 1845 2933 huc
1901 2879 2034 2934 illuc

441 2976 672 3039 vagatus
699 2970 898 3034 fuerat,
932 2983 996 3023 ac
1033 2969 1280 3037 proinde,
1315 2985 1373 3023 re
1417 2986 1638 3041 quoque
1669 2972 1786 3043 ipsa
1820 2974 2038 3043 paradi-

442 3077 562 3117 sum
610 3076 889 3130 egressus.
934 3061 1169 3131 Insuper
1205 3059 1448 3119 Joannes
1493 3064 1797 3121 monachus
1854 3067 1931 3136 (ἰ)
1979 3065 2034 3119 ia

442 3166 696 3204 sermone
724 3166 828 3205 suo
851 3152 917 3204 de
944 3166 1145 3206 occasu
1169 3152 1357 3206 mundi
1398 3154 1581 3222 hujus,
1616 3167 1669 3209 et
1702 3158 1769 3211 de
1799 3166 2029 3212 venturo

442 3243 647 3296 mundo
679 3258 822 3297 novo
847 3282 861 3309 ,
903 3245 1090 3298 multis
1123 3246 1383 3310 ostendit,
1419 3262 1480 3300 ea
1505 3264 1629 3318 quae
1666 3250 1734 3305 de
1767 3251 2029 3320 paradiso

441 3336 650 3403 scripta
680 3345 834 3401 sunt,
886 3348 1323 3393 consentaneum
1359 3355 1484 3397 esse
1515 3351 1575 3396 ut
1605 3343 1673 3398 de
1701 3344 1868 3399 rebus
1894 3345 2031 3415 ipsis

441 3427 856 3497 intelligantur;
914 3430 1197 3501 utiturque
1290 3434 1431 3486 inter
1492 3435 1597 3489 alia
1648 3437 1733 3489 his
1795 3437 2028 3494 verbis:

444 3518 711 3586 Qua-nam
747 3522 900 3575 luere
947 3524 1141 3577 Adami
1190 3540 1325 3595 opes
1379 3527 1433 3580 in
1498 3531 1799 3599 paradiso?
1848 3547 2029 3587 annon

452 3614 679 3666 arbores
731 3613 1070 3681 fructiferai,
1125 3616 1335 3673 feraces
1394 3619 1654 3675 foliorum
1711 3626 1915 3695 quibus
1973 3644 2035 3682 se

442 3706 605 3774 primi
638 3718 898 3775 parentes
921 3723 1227 3775 conterent,
1264 3722 1319 3766 et
1345 3713 1548 3769 ﬂumen
1571 3719 1729 3786 aquis
1762 3718 2036 3787 proﬂuen-

448 3799 599 3852 tibus
656 3798 877 3854 illorum
938 3800 1089 3856 sitim
1154 3804 1538 3874 restinguens;
1610 3824 1846 3877 quarum
1913 3813 2034 3865 alia:

449 3902 617 3955 super
657 3891 867 3945 hancce
901 3899 1127 3955 terram,
1159 3895 1279 3948 aliae
1325 3900 1515 3953 subter
1561 3897 2031 3965 diﬂundcbantur,

448 3989 588 4033 teste
616 3977 807 4032 Meae?
836 3980 969 4033 Nam
1017 3982 1063 4035 si
1114 3985 1241 4051 quis
1273 3986 1487 4054 est-qni
1521 3997 1675 4054 putet
1698 3989 1927 4043 arbores
1978 3989 2032 4043 in

450 4074 711 4139 paradiso
749 4088 854 4127 non
886 4071 1058 4129 fuisse
1087 4086 1431 4143 corporatas,
1461 4079 1581 4149 ejus
1607 4082 1795 4134 animo
1837 4083 2034 4137 intelli-

447 4163 596 4226 genti
630 4177 785 4230 aeque
816 4162 1066 4217 divinum
1102 4164 1419 4234 Eloquium,
1470 4166 1652 4221 lumen
1686 4170 2035 4238 suppeditare

448 4251 709 4315 debebat,
740 4255 884 4322 quod
934 4271 1029 4322 per
1061 4252 1245 4308 Mosen
1279 4256 1347 4309 de
1374 4259 1630 4326 paradiso
1657 4260 1860 4314 diserte
1892 4261 2038 4315 allii--

453 4356 609 4411 ntat,
675 4344 841 4399 Evam
896 4348 1113 4416 generis
1166 4349 1396 4403 humani
1453 4361 1683 4405 matrem
1734 4356 2038 4424 sumpsisse

2135 498 2315 548 reum,
2368 483 2670 540 contulisse
2723 498 2848 538 cum
2889 485 3109 554 regione
3142 480 3419 548 Iordanis,
3458 486 3550 540 sed
3589 502 3729 539 eum

2132 574 2226 646 qui
2264 592 2326 630 re
2363 574 2480 646 ipsa
2514 576 2809 631 exsisteret
2864 586 3299 646 corporatusque
3331 587 3499 639 esset.
3535 579 3738 635 existi-

2133 669 2367 725 mandus
2395 681 2498 724 est.
2540 666 2680 723 Tum
2713 668 2856 725 alius
2884 684 3106 741 quoque
3151 672 3410 740 prepheta
3445 671 3512 726 de
3554 687 3734 741 para-

2130 760 2251 817 diso
2280 763 2610 819 vaticinatus
2642 770 2724 818 est
2749 762 2817 816 ad
2854 760 2999 817 hunc
3027 769 3248 817 modum
3280 779 3295 818 :
3328 782 3347 814 ε
3385 764 3523 819 Ante
3561 764 3731 819 illum

2135 853 2427 925 paradisus
2470 850 2613 917 Dei,
2671 863 2792 923 post
2849 853 3003 908 illum
3065 869 3197 909 vero
3256 855 3423 911 veluti
3480 871 3729 928 campus

2128 947 2472 1002 devastatus.
2513 944 2727 1017 ilgitur
2791 960 2858 1001 ex
2924 946 2993 1001 iis
3044 947 3301 1003 omnibus
3364 963 3486 1019 quae
3544 950 3737 1005 adhuc

2132 1038 2405 1104 diximus,
2441 1048 2659 1094 constet
2700 1038 2925 1095 unicum
2963 1041 3184 1110 quidem
3220 1056 3341 1097 esse
3380 1040 3733 1112 paradisum,

2132 1130 2229 1186 sed
2263 1146 2389 1186 eum
2432 1130 2668 1201 duplicis
2709 1132 3091 1198 conditionis;
3133 1148 3439 1203 corporete,
3488 1138 3730 1203 inquam

2131 1234 2188 1280 et
2214 1224 2554 1295 incorporea:
2591 1241 2606 1293 ;
2636 1224 2740 1279 hoc
2769 1234 2878 1292 est,
2915 1237 2969 1279 et
3002 1226 3068 1280 ad
3113 1239 3312 1281 sensus
3361 1228 3533 1296 ipsos,
3561 1237 3623 1282 et
3656 1227 3728 1282 ad

2133 1318 2335 1371 mentis
2363 1317 2777 1388 intelligentiam
2804 1316 3117 1387 pertinere:
3153 1315 3465 1390 falsumque
3489 1321 3736 1390 proinde

2137 1424 2263 1467 esse
2307 1412 2453 1479 quod
2490 1422 2585 1467 aut
2622 1410 2727 1466 sub
2774 1411 2952 1468 solum
2999 1427 3226 1469 sensum
3255 1414 3440 1479 cadat,
3493 1425 3593 1469 aut
3625 1415 3738 1470 sub

2132 1503 2311 1557 solam
2369 1503 2815 1575 intelligentiam,
2865 1514 2964 1562 aut
3011 1508 3251 1577 denique
3298 1508 3447 1564 quod
3492 1510 3735 1564 omnino

2132 1598 2246 1652 duo
2280 1606 2500 1653 exstent
2533 1596 2798 1668 paradisi.

2740 1730 2973 1789 CAPUT
3023 1731 3091 1790 ll.

2204 1868 2341 1935 Quis
2370 1879 2713 1940 carporatus,
2750 1881 2799 1925 et
2827 1874 2945 1943 quis
2975 1872 3245 1942 spiritalia
3291 1875 3584 1943 paradisus
3633 1878 3732 1933 ait.

2134 1962 2430 2017 Paradisus
2478 1979 2782 2033 corporeus.
2813 1995 2871 2007 --
2912 1965 3034 2021 Jam
3062 1983 3193 2024 vero
3241 1979 3602 2040 posteaquam
3633 1970 3735 2026 de-

2136 2057 2573 2112 monstravimus
2595 2058 2821 2113 unicum
2850 2073 2974 2115 esse
3000 2059 3315 2131 paradisum
3334 2103 3349 2129 ,
3400 2077 3509 2116 non
3552 2063 3727 2126 duos.

2133 2152 2229 2204 sed
2264 2165 2389 2203 eum
2444 2149 2680 2221 duplicis
2732 2164 2855 2207 esse
2890 2153 3265 2221 conditionis,
3312 2169 3595 2225 corporea)
3662 2167 3719 2212 et

2134 2239 2494 2311 incorporea,
2556 2256 2906 2313 consequens
2957 2251 3042 2300 est
3097 2254 3158 2299 ut
3201 2245 3541 2312 doceamus,
3592 2248 3730 2319 quia

2133 2347 2453 2403 corporeus,
2484 2343 2537 2390 et
2578 2336 2703 2404 quis
2733 2336 3093 2406 incorporeus
3121 2339 3193 2393 sit
3218 2340 3531 2410 paradisus.
3574 2340 3723 2397 Cor-

2134 2440 2360 2495 porcum
2396 2427 2561 2497 igitur
2606 2429 2925 2498 paradisum
2969 2444 3092 2486 esse
3134 2431 3453 2497 statuimus,
3487 2432 3730 2489 arbores

2135 2518 2318 2573 omnis
2349 2519 2565 2589 generis
2588 2520 2874 2590 plurimas,
2903 2523 3170 2577 varietate
3194 2522 3730 2593 pulchritudineque

2137 2608 2515 2673 admirandas,
2572 2623 2738 2681 atque
2790 2611 3052 2668 [oliorum
3101 2623 3154 2669 et
3221 2613 3545 2681 fructuum,
3602 2630 3730 2687 qua

2136 2702 2223 2758 sui
2262 2705 2620 2774 cupiditatem
2656 2707 2897 2760 excitent
2927 2707 3247 2773 maximam,
3274 2708 3508 2775 feraces,
3536 2725 3732 2781 arqua-

2138 2794 2345 2863 bilique
2396 2805 2563 2866 atque
2608 2797 2993 2855 anitenissimo
3044 2800 3255 2871 positas
3307 2802 3426 2857 loco
3469 2801 3725 2857 :ﬂumen

2140 2899 2404 2959 pra-terea
2441 2891 2632 2959 ingens
2660 2903 2714 2946 et
2748 2892 2990 2963 amplum
3029 2908 3140 2965 quo
3186 2894 3294 2950 illa:
3319 2895 3596 2966 rigantur,
3636 2897 3723 2948 lo-

2140 2999 2263 3036 cum
2298 2981 2536 3052 denique
2580 2984 2758 3055 ipsum
2792 2986 3123 3055 spatiosum,
3159 2997 3400 3058 gratum.
3424 2996 3593 3056 atque
3623 3004 3723 3042 ac-

2138 3077 2489 3133 commodem
2530 3080 2599 3135 ad
2647 3096 2807 3135 usum
2845 3081 3355 3152 habitationemque
3407 3084 3726 3140 hominum.

2143 3165 2360 3223 Rursus
2420 3171 2734 3239 paradisum
2786 3172 2879 3241 qui
2928 3172 2996 3227 ad
3056 3174 3256 3227 mentis
3302 3174 3727 3245 intelligentiam

2133 3270 2366 3330 spectat,
2394 3277 2672 3332 quemque
2703 3263 3088 3333 incorporeum
3126 3266 3479 3323 nominamus
3500 3308 3516 3334 ,
3551 3269 3722 3323 vitam

2133 3370 2255 3409 esse
2282 3355 2573 3411 dellnimus
2610 3373 2731 3427 qua:
2771 3360 2932 3427 plane
2981 3360 3287 3416 secundum
3325 3372 3588 3424 mentem.
3625 3377 3727 3433 per

2135 3449 2553 3518 temperantiam
2585 3452 3047 3522 sanctitatemque
3082 3455 3415 3510 excellenter
3448 3458 3718 3526 agitatur,

2141 3542 2363 3613 plenam
2416 3545 2792 3599 meditationis
2843 3561 3025 3599 rerum
3070 3555 3186 3602 tum
3235 3546 3550 3603 divinarum
3603 3560 3721 3603 tum

2140 3636 2530 3703 conditarum;
2570 3653 2598 3690 a
2628 3655 2736 3709 qua
2771 3644 2960 3706 procul
2991 3640 3175 3695 absint
3202 3656 3372 3702 cura}.
3428 3659 3726 3709 mmrorcs,

2136 3731 2396 3802 gemitus,
2449 3730 2885 3785 concomitanter
2944 3747 3073 3786 vero
3132 3734 3432 3802 gaudium,
3491 3736 3720 3802 laetitia,

2136 3823 2449 3877 exsultatio.
2484 3823 2617 3877 Nam
2660 3824 2753 3893 qui
2778 3823 2830 3876 in
2861 3824 2962 3877 hoc
3010 3824 3273 3894 paradiso
3309 3841 3615 3890 versantur,
3641 3828 3723 3881 vi—

2140 3925 2247 3968 tam
2287 3915 2448 3983 plane
2493 3915 2706 3970 beatam
2742 3926 2907 3981 atque
2939 3918 3241 3986 angelicam
3272 3920 3483 3983 vivunt,
3523 3922 3727 3975 radiis-

2138 4022 2247 4076 que
2274 4008 2477 4061 divina
2510 4007 2752 4063 notionis
2794 4009 3162 4075 illustrantur,
3189 4018 3247 4065 ut
3276 4013 3476 4083 angeli.
3514 4012 3722 4083 Duplex

2139 4102 2307 4169 igitur
2363 4100 2454 4153 ille
2510 4101 2805 4170 paradisus
2837 4113 3111 4173 quatenus
3144 4105 3366 4173 quidem
3422 4120 3727 4173 corporeus

2143 4205 2285 4258 erat,
2320 4195 2538 4256 Adami,
2567 4192 2800 4263 Evaaque
2829 4209 3035 4264 corpus
3060 4197 3370 4251 oblectabat
3402 4212 3417 4250 :
3442 4209 3718 4268 quatenus

2142 4300 2270 4338 vero
2305 4286 2663 4354 incorporeus
2692 4297 2855 4357 atque
2887 4287 2952 4340 ad
2988 4297 3222 4341 mentem
3255 4289 3720 4359 spectaus,‘ipso-

2145 4392 2268 4430 rum
2302 4379 2591 4432 recreabat
2623 4378 2859 4433 animos.
2893 4378 3106 4449 Quippe
3128 4380 3363 4437 utcibus
3398 4391 3722 4453 corporatus

450 4439 685 4502 tinctus,
711 4454 919 4509 eosque
949 4442 1156 4496 edisse.
1187 4442 1291 4508 Qui
1323 4446 1587 4512 potuisset
1622 4447 1768 4499 enim
1811 4449 1901 4501 illa
1943 4450 2039 4503 de-
2066 4471 2119 4532 ο
2146 4468 2245 4521 ειη
2277 4481 2482 4536 corpus
2505 4484 2519 4522 ε
2543 4468 2616 4521 ἧι.
2666 4439 2936 4539 “suam;
2960 4439 3073 4524 “id,
3097 4470 3166 4525 de
3211 4468 3320 4525 Deo
3353 4471 3472 4541 ipso
3499 4439 3615 4525 ίιηη
3658 4471 3723 4525 αα

448 4550 670 4605 ccrrerc
713 4536 763 4589 id
794 4537 941 4606 quod
975 4540 1080 4592 sub
1113 4548 1317 4592 tactum
1365 4556 1475 4594 non
1516 4541 1785 4610 cadebat,
1832 4556 1925 4598 aut
1966 4546 2034 4600 de

451 4630 544 4679 itlo
578 4643 777 4697 capere
804 4629 949 4699 quod
1002 4633 1389 4700 incorporeum
1421 4646 1542 4687 erat
1566 4675 1581 4701 ,
1608 4650 1733 4690 cum
1790 4637 1841 4691 id
1880 4640 2028 4707 quod

448 4731 817 4790 corporaturn-
844 4738 1040 4790 capers
1082 4734 1190 4786 est,
1222 4726 1388 4780 dividi
1426 4743 1532 4780 non
1564 4732 1758 4797 possit,
1786 4748 1852 4785 eo
1876 4733 2026 4802 quod

449 4812 519 4866 sit
554 4816 890 4881 incorporea:
916 4816 1156 4867 naturae?
1200 4814 1322 4870 lltec
1369 4816 1612 4873 Joannes
1683 4822 1792 4884 ille,
1835 4835 1890 4876 et
1928 4828 2033 4877 alia

449 4905 733 4971 complura
785 4923 851 4958 eo
904 4906 1007 4960 loci
1062 4910 1265 4976 scripta
1316 4910 1560 4979 reliquit,
1596 4914 1797 4982 quibus
1841 4920 2036 4971 edocet

451 5010 777 5064 corporeum
833 4996 1009 5052 fuisse
1060 4999 1421 5066 paradisum:
1463 5007 1608 5072 quod
1662 5006 1842 5074 ipsum
1890 5010 2028 5063 satis

451 5093 600 5146 dare
650 5092 813 5145 etiam
850 5089 1017 5147 Musis
1052 5093 1219 5147 verba
1267 5104 1539 5149 testantur
1564 5098 1695 5151 dum
1748 5100 1800 5151 iit
1836 5098 2033 5154 Genesi

451 5187 533 5240 sic
565 5185 794 5239 scribit:
837 5184 903 5238 Et
931 5186 1151 5239 sustulit
1180 5185 1279 5241 Lat
1312 5192 1495 5241 oculos
1523 5207 1664 5253 suos,
1707 5202 1753 5244 et
1775 5193 2035 5262 victitem-

453 5293 570 5330 nem
599 5291 799 5330 terram
837 5277 1119 5343 Iordanis,
1162 5286 1303 5348 quod
1347 5283 1599 5336 κτήνει-δα
1639 5295 1772 5338 esset
1808 5288 2038 5354 irrigua,

456 5370 769 5439 priusquam
802 5371 1141 5425 subvertisset
1193 5370 1657 5429 Deua'Sadomant
1714 5387 1761 5431 rt
1813 5377 2043 5433 Gomor-

455 5463 797 5531 rlunn.quasi
817 5465 1101 5531 paradisus
1140 5466 1291 5520 Det".
1322 5465 1442 5522 Non
1475 5472 1623 5524 enim
1664 5486 1787 5526 eum
1821 5474 2042 5543 paradi-

611 5608 748 5667 Cen.
776 5625 895 5677 xm,
924 5609 1011 5666 10.

532 5764 609 5835 (l)
642 5767 1096 5835 Chrysostomutn
1131 5768 1287 5822 «Ιίρλι.

2143 4558 2213 4615 iis
2245 4560 2411 4615 rebus
2443 4575 2581 4629 quas
2617 4559 2762 4615 Deus
2791 4564 3073 4627 condidit,
3110 4564 3285 4633 pascit
3328 4568 3574 4618 annuum
3626 4578 3719 4617 ra-

2144 4656 2294 4709 tione
2320 4654 2638 4725 praditum.
2676 4655 2913 4711 Perinde
2948 4657 3094 4712 cnittt
3134 4657 3362 4712 scicntia
3396 4668 3450 4712 et
3479 4658 3720 4729 cognitio

2155 4747 2350 4813 animi,
2386 4758 2552 4819 atque
2582 4750 2763 4819 panis,
2795 4750 3044 4820 corporis
3084 4760 3166 4806 est
3199 4752 3544 4808 alimentum.

2761 4881 2999 4941 CAPUT
3043 4884 3132 4941 lll.

2207 5019 2626 5078 Consentaneum
2661 5032 2738 5078 ut
2793 5018 2986 5078 Veteris
3027 5022 3346 5079 Testamnti
3395 5021 3724 5095 Scriptura-tt

2143 5114 2359 5182 mystice
2375 5115 2744 5184 interpretari.
2762 5145 2827 5156 -ο
2848 5115 2989 5171 Sunt
3014 5116 3155 5171 inter
3178 5117 3463 5171 haneticos
3486 5119 3576 5186 qui
3595 5128 3693 5168 con
3707 5141 3721 5152 -

2144 5203 2377 5255 tendunt
2415 5206 2641 5260 minime
2695 5207 3015 5269 convenire,
3069 5220 3119 5259 ut
3158 5204 3370 5263 Veteris
3396 5203 3723 5263 'l‘estamt-nti

2152 5296 2357 5364 scripta
2392 5298 2642 5366 mystice,
2672 5307 2834 5368 atque
2868 5299 3027 5354 aliter
3057 5315 3221 5369 quam
3277 5301 3345 5355 de
3379 5303 3514 5371 ipsis
3541 5302 3717 5361 rebus,

2154 5384 2591 5454 interpretentur
2619 5404 2634 5444 :
2678 5392 3029 5460 graviterque
3057 5403 3324 5447 accusant
3348 5408 3446 5449 eos
3475 5394 3568 5462 qui
3597 5405 3721 5447 ist-n-

2152 5490 2232 5533 tra
2264 5477 2494 5537 iaciunt.
2550 5480 2715 5553 Atqui
2749 5485 2794 5539 si
2827 5485 2899 5539 ita
2953 5493 3189 5551 statuas,
3224 5486 3392 5541 multa
3425 5499 3483 5541 ut
3534 5496 3721 5541 cnllie‘
