4054 6138
292 312 397 378 489

1429 312 1526 371 DE
1568 312 1966 372 PARADISU.
2014 336 2081 346 -
2122 312 2312 372 PMB
2351 315 2402 373 ῐ.

3448 314 3555 376 ιρι)

296 431 532 492 quantur
564 424 802 480 absurda
845 440 1127 481 necessum
1157 436 1259 481 est.
1299 424 1481 480 Primo
1514 428 1659 482 enim
1695 427 1867 482 Vetus
1900 445 1941 502 Α
1974 426 2236 483 Prmterea
2290 428 2458 484 Blosis
2484 437 2789 500 Serpentem
2822 444 3032 485 zeiteuni
3064 445 3221 501 quem
3253 433 3307 484 in
3337 432 3559 486 deserto

299 515 716 572 Testamentum
743 519 879 573 nihil
916 520 1020 574 nisi
1048 534 1225 574 meras
1257 520 1544 590 nudasque
1575 523 1881 577 continebit

300 610 561 667 historias
618 629 632 666 :
685 612 1001 681 carebitque
1073 628 1299 683 prorsus
1385 616 1630 685 mysticis
1706 616 1879 669 sancti

302 703 540 774 Spiritus
592 707 793 773 sensis,
843 706 1037 762 deinde
1097 705 1486 761 obfirmabitur
1542 707 1767 761 Manctis
1829 720 1883 761 et

300 796 595 854 Marcionis
629 800 922 867 sententia,
958 800 1050 871 qui
1081 801 1339 855 dicebant
1368 800 1531 855 Vetus
1554 800 1876 855 Testamen-

302 900 411 944 tum
449 907 793 963 nequaquam
823 894 891 948 ab
922 903 1143 948 auctore
1178 892 1269 946 Dei
1301 892 1508 948 Christi
1535 891 1702 948 Patre
1724 907 1873 948 esse.

306 982 579 1038 Przeterea
647 984 754 1038 nisi
818 983 871 1037 in
925 983 1021 1039 illo
1077 984 1360 1037 recondita
1421 983 1626 1039 fuerint
1685 998 1885 1038 arcana

303 1088 489 1139 sensa,
563 1074 708 1128 unde
768 1084 994 1143 potuere
1046 1075 1211 1144 prisci
1286 1082 1508 1144 patres,
1584 1076 1886 1145 prophetae,

305 1165 509 1234 aliique
540 1166 715 1221 sancti
747 1166 852 1219 viri
884 1167 1188 1237 intelligere
1220 1165 1503 1220 Christum
1531 1166 1658 1220 olim
1695 1177 1889 1221 ventu-

306 1275 467 1323 rum;
502 1274 571 1312 ex
612 1274 791 1328 eaque
823 1274 881 1313 re
927 1268 1076 1313 tanto
1126 1256 1264 1313 allici
1290 1257 1535 1328 gaudio?
1572 1257 1816 1328 Denique
1844 1260 1889 1313 si

304 1352 373 1405 ita
403 1365 532 1405 cum
584 1352 690 1407 illis
741 1352 1016 1408 haereticis
1049 1353 1343 1417 sentimus,
1389 1351 1638 1424 proiecto
1683 1352 1736 1406 iu
1790 1349 1886 1406 Ju-

302 1445 576 1500 daismum
626 1446 960 1507 incidimus;
996 1443 1197 1517 quippe
1236 1445 1431 1511 Judaei,
1470 1452 1528 1500 ut
1575 1444 1669 1516 qni
1718 1442 1892 1514 Spiri-

307 1547 393 1593 tus
443 1543 621 1593 sancti
676 1547 927 1608 expertes
978 1550 1144 1604 sunt,
1207 1540 1313 1595 alia
1368 1556 1531 1609 quam
1588 1539 1893 1611 corporalia

303 1647 602 1702 crassaque
629 1647 790 1687 sensa
834 1634 980 1687 nulla
1011 1634 1438 1702 amplectuntur.
1484 1631 1685 1688 Verum
1721 1635 1895 1687 enim-

305 1740 434 1778 vero
462 1728 685 1781 arcanis
715 1728 882 1779 etiam
948 1726 1128 1782 modis
1190 1737 1355 1795 atque
1419 1726 1666 1797 mysticis
1721 1726 1893 1795 expli—

306 1820 514 1873 candas
561 1832 688 1872 esse
722 1833 913 1872 sacros
967 1817 1181 1882 Libros,
1231 1836 1294 1872 ex
1349 1818 1417 1874 iis
1449 1820 1743 1873 coniicitur
1774 1835 1892 1888 qua:
1923 1793 1969 1852 Β

317 1915 481 1965 modo
521 1913 873 1980 subjicinius.
921 1913 979 1965 Si
1015 1914 1159 1967 enim
1208 1912 1352 1982 quod
1402 1913 1652 1982 capiendi
1691 1911 1889 1977 Judaei,

310 2004 474 2072 inque
510 2005 769 2060 exsilium
806 2004 1070 2069 ducendi,
1094 2006 1349 2073 quodque
1383 2020 1579 2060 rursus
1625 2006 1893 2060 liberandi

309 2097 720 2162 reducendique
769 2098 823 2150 in
856 2099 1089 2166 patriam
1135 2108 1320 2152 essent
1348 2113 1362 2161 ;
1388 2113 1507 2165 qua:
1544 2099 1719 2169 reipsa
1758 2112 1891 2151 con-

314 2190 589 2259 tingentes
644 2192 830 2260 ligurire
877 2190 1099 2245 fuerunt
1130 2206 1145 2242 :
1176 2189 1316 2259 jussi
1371 2202 1502 2246 sunt
1531 2191 1701 2245 divini
1745 2199 1894 2243 rates

311 2282 504 2352 ﬁguris
534 2292 697 2350 atque
752 2283 893 2352 typis
927 2283 1256 2351 quibusdam
1295 2282 1613 2351 praedicere,
1666 2298 1775 2352 quo
1813 2284 1895 2336 vi-

310 2378 506 2431 delicet
563 2376 656 2430 Dei
714 2377 1055 2445 providentia
1112 2375 1226 2443 jam
1284 2387 1397 2430 tum
1444 2385 1895 2445 agnosceretur:

312 2466 458 2520 sicut
505 2464 650 2535 apud
707 2464 1045 2520 Ezechielein
1087 2469 1151 2521 de
1181 2464 1447 2520 sumendo
1477 2465 1668 2530 latere,
1715 2465 1782 2520 de
1812 2463 1897 2519 di-

312 2557 559 2611 videndis
590 2557 774 2612 barbae
810 2567 865 2612 et
890 2558 1087 2628 capitis
1116 2558 1244 2628 pilis
1290 2566 1345 2614 et
1372 2557 1628 2611 cubando
1675 2556 1729 2609 in
1758 2555 1896 2610 late—

314 2650 489 2715 ribus,
524 2651 708 2705 videre
762 2650 902 2718 est‘;
958 2650 1087 2704 item
1143 2648 1286 2718 apud
1331 2648 1536 2703 Isaiam
1592 2649 1658 2703 de
1689 2648 1897 2704 amictu

314 2744 483 2806 sacci,
522 2744 703 2812 deque
756 2743 1013 2797 nudando
1065 2741 1374 2813 corpore';
1429 2750 1691 2810 prmterea
1753 2739 1899 2810 apud

311 2833 610 2891 Jeremiam
664 2835 732 2889 de
788 2836 923 2905 jugo
977 2844 1032 2889 et
1085 2834 1397 2900 vinculis“;
1462 2833 1701 2902 denique
1755 2833 1900 2901 apud

313 2925 511 2982 Oscam
544 2927 612 2980 de
640 2927 889 2981 ducenda
924 2942 1097 2980 uxore
1149 2927 1396 2980 adultera
1428 2936 1483 2978 et
1534 2926 1897 2991 meretrice”;

316 3027 479 3084 atque
507 3016 582 3069 ita
602 3016 670 3070 de
693 3016 818 3072 aliis
858 3016 1111 3086 plurimis
1136 3032 1258 3087 qua:
1290 3031 1438 3071 nunc
1471 3033 1578 3072 non
1614 3028 1697 3071 est
1724 3031 1904 3086 opera:

319 3112 556 3177 pretium
600 3124 925 3179 percensere
963 3127 979 3164 :
1016 3122 1223 3180 quanto
1249 3111 1424 3179 magis
1463 3119 1899 3166 consentaneum

319 3202 659 3271 putabimus,
714 3202 770 3256 in
817 3202 931 3273 lege
981 3214 1148 3272 atque
1196 3206 1474 3276 prophetis
1509 3205 1733 3275 mystice
1765 3203 1903 3272 ligu-

322 3305 549 3365 rateque
618 3296 706 3348 illa
767 3297 1088 3351 admiranda
1145 3307 1311 3368 atque
1382 3298 1897 3367 prmcellentissima

323 3402 501 3457 neque
532 3402 773 3454 unquam
817 3389 951 3442 satis
988 3389 1262 3442 laudanda
1298 3404 1460 3458 Opera
1507 3404 1626 3458 quae
1662 3385 1900 3442 Verbum

322 3477 419 3535 Dei
476 3479 756 3543 Christus,
790 3479 920 3533 dum
962 3480 1016 3534 in
1078 3496 1244 3535 carne
1299 3489 1567 3544 \crsatur,
1627 3480 1900 3549 patravit,

321 3586 556 3642 quaeque
588 3571 748 3626 nobis
779 3574 832 3626 in
868 3574 1076 3628 mundo
1106 3573 1197 3627 illo
1228 3574 1583 3641 sempiterno,
1611 3572 1769 3640 cujus
1807 3584 1904 3640 spe

324 3665 634 3722 certissima
653 3664 815 3721 iruim
826 3681 910 3731 ur,
929 3675 1189 3720 eventura
1212 3666 1482 3734 promisit,
1500 3679 1619 3719 esse
1643 3678 1901 3733 praznun-

324 3760 498 3813 tiatal
555 3758 637 3814 Ad
688 3759 812 3826 hoc,
863 3759 1275 3813 tabernaculum
1331 3757 1459 3811 illud
1508 3756 1705 3825 exiguo
1736 3755 1901 3811 dura-

324 3860 513 3904 turum
542 3859 822 3918 tempore,
862 3865 974 3919 quo
1025 3860 1227 3904 ornatu
1281 3862 1550 3918 corporeo
1604 3856 1753 3903 εδδρι
1801 3862 1900 3901 ex-

323 3945 650 3997 struendum
680 3958 711 3996 a
744 3940 913 4007 Mose,
949 3957 1056 3996 non
1086 3952 1215 3997 ante
1256 3942 1309 3995 in
1342 3941 1463 4009 ipso
1495 3951 1680 3995 monte
1712 3940 1904 4011 mysti-

324 4038 406 4089 cis
436 4036 619 4090 modis
651 4035 754 4105 ipsi
793 4036 1112 4091 ostenderat
1141 4032 1319 4090 Deusl
1359 4032 1504 4089 Sane
1548 4049 1615 4088 eo
1650 4045 1904 4101 spectant

327 4131 492 4183 verba
515 4129 606 4183 illa
629 4143 774 4200 qum,
799 4141 1088 4198 postquam
1112 4128 1200 4182 ille
1219 4128 1597 4183 descendisset
1617 4127 1900 4190 demente,

325 4223 391 4273 ad
423 4224 601 4291 ipsum
650 4223 736 4275 hic
771 4222 1026 4285 faciebat,
1060 4222 1319 4291 inquiens
1355 4237 1369 4274 :
1411 4219 1593 4274 Videto
1633 4238 1695 4276 ac
1738 4222 1904 4288 facito

325 4319 507 4371 ornnia
531 4316 679 4369 adid
698 4317 971 4384 exemplar
1006 4318 1141 4385 quod
1176 4317 1272 4369 tibi
1305 4316 1359 4367 in
1394 4328 1569 4368 monte
1606 4317 1813 4372 ostendi
1837 4317 1901 4368 ".

327 4408 470 4476 Quid
492 4408 763 4465 Gedeonis
797 4408 1025 4462 vellus”
1050 4409 1072 4461 Ἰ
1098 4409 1237 4475 Quid
1271 4406 1449 4462 Elissei
1483 4409 1675 4478 hydria
1698 4408 1783 4461 "‘3
1810 4424 1906 4462 an»

327 4518 437 4557 non
493 4512 686 4570 praeter
728 4502 874 4570 ipsas
919 4515 1008 4556 res
1036 4516 1157 4569 qua:
1207 4501 1533 4569 agebantur,
1572 4500 1677 4557 alia
1734 4502 1900 4555 etiam
1940 4525 1983 4579 ο

328 4595 541 4648 seclusa
574 4596 626 4645 in
663 4594 799 4662 ipsis
826 4603 986 4647 erant
1025 4593 1228 4647 sensa?
1258 4592 1388 4660 quid
1422 4591 1688 4658 triticum,
1726 4592 1905 4661 palea,

330 4687 723 4751 \entilabrum,
743 4699 865 4755 quae
890 4696 1283 4739 commemorat
1305 4684 1548 4742 Joannes
1570 4684 1809 4755 Baptista
1827 4684 1908 4737 "?

330 4795 463 4833 num
496 4795 592 4848 pro
620 4780 756 4849 ipsis
788 4780 952 4833 rebus
980 4781 1469 4847 suntaceipienda,
1496 4792 1559 4831 ac
1595 4794 1704 4832 non
1731 4778 1911 4847 potius

333 4887 603 4928 arcanum
642 4872 773 4941 quid
807 4887 900 4941 per
931 4887 993 4927 ea
1050 4872 1358 4938 signiﬁcare
1382 4872 1473 4926 ille
1508 4870 1910 4940 rolebat?quin

334 4966 453 5036 ipse
482 4968 645 5021 etiam
685 4964 948 5021 Dominus
979 4976 1167 5021 noster
1219 4966 1293 5018 ait
1346 4966 1722 5021 Abrahamuiu
1754 4976 1911 5033 opta-

334 5064 478 5115 \‘issc
508 5073 561 5113 ut
597 5060 802 5114 videret
840 5060 984 5114 diem
1032 5060 1205 5129 ipsius
1228 5100 1241 5125 ,
1290 5076 1352 5114 ac
1394 5060 1594 5115 vidisse
1626 5062 1912 5131 gavisnm-

335 5170 440 5222 que
472 5154 682 5216 esse“;
717 5170 877 5225 quem
911 5164 1090 5209 tamen
1142 5155 1295 5209 aliter
1325 5154 1635 5223 prospicere
1668 5168 1774 5207 non
1815 5168 1912 5221 po-

336 5249 439 5299 tuit
508 5248 636 5310 ille,
702 5263 868 5317 quam
918 5262 1014 5318 per
1051 5258 1234 5316 typum
1296 5264 1358 5300 ac
1398 5250 1687 5318 mysteria,
1750 5246 1911 5315 quale

340 5340 469 5395 illud
526 5340 628 5395 fuit
657 5341 802 5409 quod
838 5341 1004 5396 tilium
1044 5356 1201 5395 suum
1231 5340 1514 5393 immolare
1542 5339 1908 5408 jubebatur”.

337 5447 397 5486 ea
430 5436 573 5487 enim
612 5435 830 5487 victima
866 5432 1067 5488 (Ἄπιδιί
1111 5438 1253 5485 diem
1296 5433 1523 5503 ﬁgurate
1560 5432 1906 5484 ostendebat.

410 5640 431 5671 ⁸
466 5640 660 5695 Ezech.
696 5654 771 5698 Iv.
801 5640 854 5694 3.
930 5639 948 5668 τ
990 5638 1091 5692 lsa.
1119 5653 1209 5697 λι,
1242 5639 1293 5692 2.

345 5728 491 5778 seqq.
571 5712 613 5741 "
647 5709 712 5765 IV
742 5711 870 5781 Reg.
904 5724 974 5781 tv,
1008 5710 1035 5781 il
1088 5724 1239 5777 seqq.
1341 5711 1380 5739 ’³
1424 5708 1611 5763 Matth.
1659 5725 1738 5770 ιιι,
1800 5709 1881 5781 l2.

347 5784 383 5811 ¹’
425 5782 579 5837 Junii.
614 5798 709 5841 Ili.
758 5779 840 5833 Hi
924 5779 963 5810 ’⁸
996 5780 1154 5835 Jnuu.
1202 5796 1270 5839 IV,
1300 5781 1383 5833 ii.

717 5881 984 5938 ιἰτιιυι..
1034 5880 1151 5937 (in.
1197 5877 1343 5937 CXI.

1374 5637 1393 5668 ⁸
1433 5636 1633 5691 Jercm.
1679 5652 1847 5699 xxvn,
1878 5635 1931 5689 2.
2045 5637 2066 5668 ⁸
2101 5635 2236 5689 Osee
2266 5651 2305 5698 ι,
2336 5636 2384 5688 l.

1374 5712 1380 5739 ι
1424 5708 1611 5760 Matth.
1659 5725 1738 5760 ιιι.
1800 5709 1881 5760 l2.
1966 5708 2005 5736 ”
2034 5705 2193 5760 Juan.
2234 5721 2350 5760 vni.
2385 5706 2453 5759 56

1477 5722 1611 5763 nttli.
1659 5725 1738 5770 Ill,
1800 5722 1881 5762 Iz.
1966 5722 2005 5736 "
2034 5722 2193 5760 J08".
2234 5722 2350 5768 vnt,
2385 5722 2473 5759 ao.

1473 5784 1511 5809 ι’
1538 5782 1711 5835 tjulat.
1746 5795 1817 5847 tv,
1850 5779 1941 5832 “li.
2017 5778 2062 5809 '°
2112 5778 2282 5833 ICor.
2329 5793 2380 5841 ιι,
2416 5779 2467 5832 4.

1983 523 2270 592 suspendit
2307 524 2377 577 ob
2408 526 2601 579 oculos
2626 523 2813 593 populi
2840 524 2903 588 '°,
2940 525 3081 577 idem
3105 523 3356 578 Christus
3390 526 3559 578 inter-

1985 621 2231 682 pretatur
2264 614 2491 683 mystice
2517 615 2581 666 de
2604 629 2704 667 sua
2732 629 2920 677 cruce,
2960 615 3089 667 dum
3122 615 3197 668 ait
3227 633 3241 668 :
3285 615 3557 680 Quemad-

1985 707 2202 759 modum
2256 708 2310 760 in
2346 708 2509 760 altum
2557 706 2775 762 sustulit
2808 707 2975 761 Moses
3026 718 3317 775 serpentem
3346 709 3400 761 in
3430 708 3563 761 solt-

1988 801 2206 864 tudine,
2247 801 2321 854 ita
2374 800 2705 852 multabitur
2758 799 2927 853 Filius
2976 800 3284 852 hominis".
3324 800 3562 855 Rursum

1987 908 2145 963 aqua:
2166 892 2269 945 illae
2304 891 2370 945 de
2398 892 2600 960 quibus
2625 906 2748 945 cum
2782 890 3130 946 Samaritana
3190 893 3417 948 muliere
3448 891 3566 947 col-

1989 986 2217 1055 loquens
2250 983 2323 1038 ait
2356 1002 2369 1037 :
2406 989 2571 1053 Aqua:
2615 1000 2745 1054 quas
2811 1000 2902 1053 rgo
2958 986 3025 1038 do
3082 986 3151 1049 ei,
3184 985 3308 1053 [ient
3361 988 3414 1039 in
3452 987 3565 1051 ipso

1991 1079 2159 1149 fontes
2184 1080 2536 1133 sraturientes
2566 1079 2620 1131 in
2650 1080 2813 1132 vitam
2841 1089 3092 1133 a'ternam
3114 1078 3157 1110 "
3178 1120 3190 1143 ,
3220 1095 3564 1151 nequaquam

1993 1170 2235 1242 proiecto
2289 1180 2597 1242 corporataa
2653 1188 2833 1241 aqum,
2889 1176 2983 1227 sed
3042 1175 3283 1245 mysticae
3323 1174 3567 1229 fuerunt.

1994 1262 2236 1333 Denique
2294 1262 2498 1319 Paulus
2547 1278 2771 1334 quoque
2829 1267 3110 1334 apostolus
3165 1282 3370 1322 arcano
3401 1282 3565 1323 sensu

1994 1358 2386 1426 interpretatur
2428 1358 2566 1412 duas
2606 1359 2839 1413 Abrahae
2872 1374 3097 1425 uxores,
3123 1359 3314 1414 Saram
3344 1371 3398 1415 et
3423 1360 3568 1430 Aga-

1994 1463 2134 1516 rem,
2171 1450 2405 1505 duorum
2470 1450 2723 1520 inquiens
2768 1460 3218 1506 testamentorum
3267 1453 3388 1507 illas
3448 1466 3573 1509 esse

2008 1543 2292 1611 ligulas".
2326 1540 2590 1597 Similiter
2623 1554 2833 1611 petram
2876 1543 3023 1597 illam
3059 1560 3182 1613 qua:
3207 1545 3573 1600 comitabatur

1998 1636 2298 1701 lsraelitas,
2344 1635 2819 1704 profundebatque
2872 1636 2978 1689 illis
3031 1650 3202 1706 aquas
3253 1637 3306 1691 in
3361 1644 3571 1706 potum,

2002 1728 2235 1799 ﬁgurate
2289 1726 2529 1796 explicat
2561 1726 2783 1797 quando
2805 1726 2966 1793 ait",
3016 1744 3136 1782 eam
3166 1739 3370 1798 petram
3404 1727 3577 1784 fuisse

1996 1819 2299 1877 Christum.
2361 1819 2438 1875 Et
2492 1821 2579 1875 his
2637 1821 2807 1890 igitur
2851 1821 3104 1875 omnibus
3156 1821 3413 1889 colligere
3465 1829 3575 1879 est.

1998 1910 2205 1967 Veteris
2269 1907 2602 1965 Testatneuti
2669 1909 2837 1965 libros
2898 1925 3005 1964 non
3078 1910 3241 1965 modo
3293 1910 3359 1965 de
3411 1910 3581 1967 rebus

1998 2001 2157 2071 ipsis,
2181 2016 2371 2057 verum
2400 2002 2562 2056 etiam
2598 2002 2824 2072 mystice
2846 2015 2910 2055 ac
2938 2000 3169 2071 ﬁgurate
3196 2011 3353 2071 atque
3376 2016 3575 2058 recon-

1998 2094 2301 2149 ditioribus
2335 2094 2515 2151 modis
2549 2095 2892 2164 interpretari
2920 2094 3135 2150 debere.

2592 2187 2825 2245 CAPUT
2869 2186 2958 2243 IV.

2073 2278 2206 2335 Utro
2231 2281 2557 2350 expositione
2588 2281 2809 2351 mystica
2842 2298 2904 2335 ne
2942 2299 3012 2336 an
3054 2282 3308 2338 historica
3354 2286 3421 2339 sit
3467 2288 3585 2356 pri-

2000 2389 2145 2427 mum
2186 2376 2613 2443 interpretandus
2656 2375 2966 2444 paradisus.
3007 2376 3273 2447 -lgitur
3303 2394 3429 2434 eum
3477 2379 3573 2436 du-

2001 2468 2163 2540 plicis
2232 2468 2304 2524 sit
2362 2468 2695 2544 conditionis
2759 2468 3084 2538 paradisus,
3150 2480 3582 2528 consentaneum

2001 2560 2167 2613 etiam
2222 2567 2309 2614 est
2340 2567 2400 2613 ut
2433 2560 2634 2630 duplici
2673 2561 2835 2615 modo
2868 2562 3292 2632 interpretetur,
3351 2562 3586 2634 mystico

2002 2662 2058 2707 ct
2084 2662 2382 2722 corporate
2414 2668 2429 2705 :
2466 2652 2573 2707 hoc
2604 2662 2710 2717 est,
2748 2662 2809 2707 ut
2833 2661 2948 2708 tum
2977 2668 3067 2708 res
3094 2654 3223 2725 ipsa;
3253 2662 3589 2727 pertracten-

2005 2760 2118 2813 tur,
2149 2759 2263 2803 tum
2292 2764 2356 2818 ex
2386 2748 2550 2803 rebus
2577 2749 2831 2802 notiones
2862 2747 2983 2802 alia:
3016 2748 3174 2819 quasi
3216 2764 3313 2821 per
3352 2750 3586 2820 ligurem

2004 2842 2691 2911 intelligantur;caeterum
2740 2840 2831 2894 illa
2873 2839 3254 2909 interpretatio
3281 2857 3407 2897 cum
3456 2842 3586 2898 iun-

2004 2930 2266 2983 damento
2298 2937 2352 2983 et
2384 2928 2691 2999 parietibus
2720 2939 2864 2982 recte
2890 2928 3229 2983 conferatur.
3259 2930 3397 2985 Cum
3423 2931 3591 3001 igitur

2006 3033 2139 3077 tunc
2177 3021 2397 3076 demum
2445 3020 2589 3074 muri
2622 3021 2933 3075 immobiles
2965 3022 3275 3078 consistant
3312 3024 3405 3080 ubi
3459 3024 3588 3080 fun-

2008 3115 2263 3183 damenta
2314 3122 2443 3169 sunt
2479 3113 2669 3181 ﬁrma,
2705 3128 2768 3169 ac
2816 3114 3043 3183 proinde
3099 3115 3213 3169 haec
3241 3115 3395 3185 prius
3438 3116 3587 3190 iacta

2010 3210 2132 3263 esse
2156 3220 2336 3274 quam»
2390 3205 2469 3259 illi
2522 3215 2876 3261 exstruantur
2923 3216 3191 3275 oporteat,
3225 3208 3441 3263 tametsi
3491 3225 3588 3279 pa-

2012 3303 2198 3367 rietes,
2224 3314 2401 3369 eaque
2431 3314 2553 3369 quae
2584 3309 2809 3369 paratus
2851 3299 3049 3354 aedium
3091 3300 3286 3365 forma,
3335 3281 3585 3371 piiuslin

2011 3392 2197 3448 animo
2220 3401 2387 3464 atque
2420 3392 2752 3462 cogitatione
2793 3406 2825 3446 a
2875 3393 3037 3449 nobis
3064 3401 3356 3454 versentur
3421 3410 3585 3464 quan.

2013 3486 2404 3553 fundamenta;
2465 3499 2772 3556 congruum
2823 3498 3043 3555 quoque
3082 3495 3187 3546 est.
3232 3497 3289 3541 ut
3328 3486 3397 3541 de
3429 3488 3592 3541 rebus

2012 3575 2152 3646 ipsis
2224 3574 2606 3645 interpretatio
2663 3573 2816 3643 prior
2863 3575 3271 3645 constituatur;
3315 3591 3449 3649 quo,
3481 3576 3587 3633 hae

2011 3667 2207 3722 deinde
2239 3680 2337 3721 ceu
2394 3665 2772 3732 fundamento,
2815 3666 3049 3734 mystica
3100 3666 3191 3721 illa
3247 3676 3593 3724 sustentetur

2013 3757 2347 3827 uitaturque.

2636 3848 2866 3907 CAPUT
2911 3848 2977 3904 V.

2085 3939 2335 4005 Quotidie
2359 3942 2493 3993 inter
2519 3939 2641 3995 illos
2668 3956 2759 3995 sex
2786 3942 2900 3996 dies
2930 3941 3121 4007 quibus
3166 3942 3407 3996 condidit
3449 3944 3588 4000 Deus

2012 4033 2145 4086 hanc
2168 4033 2539 4102 aspectabilem
2557 4036 2857 4087 machinam
2886 4035 3207 4089 sitconditns
3231 4045 3387 4104 atque
3410 4038 3591 4092 consi-

2014 4136 2099 4180 tus
2139 4126 2441 4195 paradisus.
2472 4157 2532 4165 —-
2570 4128 2841 4180 Caeterum
2880 4125 3058 4181 Moses
3102 4128 3315 4190 scribit,
3352 4146 3445 4185 sex
3481 4130 3594 4185 die-

2015 4216 2413 4272 |)uscrea\'isse
2441 4216 2611 4272 Deum
2658 4218 2799 4272 hanc
2830 4220 3143 4273 machinam
3177 4224 3587 4289 aspectabilem.

2018 4312 2199 4365 l’rimo
2226 4310 2374 4366 enim
2428 4311 2744 4369 condidisse
2796 4310 2995 4366 cmlum
3026 4352 3041 4377 ,
3102 4320 3327 4376 terram,
3379 4317 3589 4382 lucem;

2015 4406 2277 4467 secundo,
2325 4403 2529 4457 aethera
2581 4417 2694 4457 sive
2748 4401 3589 4469 ﬁrmamentum;tertio,arho-

2016 4514 2122 4560 res,
2158 4496 2376 4559 herbas,
2406 4496 2617 4550 semina
2645 4513 2659 4555 ;
2691 4505 2913 4562 quarto,
2968 4496 3164 4563 solem,
3220 4497 3428 4560 lunam,
3462 4500 3590 4553 stt-l-

2015 4590 2207 4660 lasque
2244 4598 2503 4654 caeteras;
2539 4590 2755 4660 quinto,
2790 4605 2919 4645 aves
2973 4605 3099 4644 aera
3127 4603 3495 4660 peragrantes.
3538 4606 3591 4646 rt

2018 4687 2195 4754 pisces
2233 4700 2328 4754 per
2376 4698 2525 4738 mare
2557 4693 2829 4747 natantes,
2856 4699 2916 4737 ac
2950 4685 3099 4738 humi
3129 4700 3347 4756 quoque
3393 4702 3589 4756 repen-

2016 4789 2096 4835 tes
2123 4780 2429 4834 animantes
2454 4796 2466 4836 ς
2494 4788 2675 4842 sexto,
2711 4778 2878 4842 ieras,
2917 4789 3340 4848 mansuetasque
3368 4780 3592 4841 bestias,

2019 4886 2234 4927 necnon
2293 4872 2559 4927 Adamnan
2621 4881 2674 4925 et
2738 4869 2929 4924 Eram.
2985 4872 3051 4923 At
3113 4872 3425 4941 paradisum
3470 4887 3593 4925 csse

2017 4966 2239 5034 quidem
2300 4981 2329 5021 a
2382 4963 2489 5021 Deo
2542 4964 2823 5019 consitum
2864 4977 3279 5032 commemorat,
3341 4966 3436 5021 sed
3483 4981 3589 5020 non

2018 5068 2188 5129 quoto
2221 5058 2307 5113 die
2344 5075 2357 5111 :
2402 5073 2503 5113 nos
2539 5066 2718 5114 tamen
2755 5057 2913 5111 tertio
2958 5067 3010 5111 et
3040 5057 3343 5123 conditum,
3373 5068 3426 5114 et
3456 5073 3589 5113 con-

2018 5156 2181 5208 situm
2210 5168 2333 5208 esse
2360 5168 2424 5207 es
2465 5153 2533 5207 iis
2564 5152 2745 5207 \erbis
2786 5166 2907 5220 que
2944 5152 3010 5207 de
3055 5153 3172 5223 ipso
3207 5154 3349 5223 apud
3388 5152 3593 5208 Mosen.

2018 5247 2286 5302 habentur
2318 5287 2331 5309 ,
2393 5244 2795 5314 intelligimus:
2840 5247 2913 5298 ait
2970 5246 3116 5299 enim
3154 5245 3360 5302 dixisse
3420 5244 3592 5300 Deum

2018 5338 2103 5391 die
2138 5338 2296 5391 tertio
2324 5350 2338 5394 ;
2372 5335 2643 5390 Producat
2672 5346 2819 5392 terra
2856 5334 3052 5391 herbas
3084 5337 3471 5405 germinantes,
3509 5352 3595 5393 se-

2020 5432 2289 5500 tninisque
2320 5429 2529 5485 feraces
2557 5431 2608 5484 in
2636 5445 2735 5485 suo
2762 5444 2953 5498 genere
2974 5430 3037 5479 ".
3074 5427 3180 5484 Nec
3233 5446 3335 5483 non
3370 5432 3597 5486 arbores

2045 5637 2066 5668 ’
2101 5634 2236 5689 Osce
2266 5651 2305 5698 ι,
2336 5636 2384 5688 l.
2502 5635 2546 5665 “
2584 5631 2757 5688 Exod.
2797 5650 2924 5700 xxv,
2973 5635 3062 5690 J0.

2582 5705 2625 5735 ⁸³
2654 5703 2789 5761 Gen.
2835 5721 2968 5768 uti,
2999 5708 3053 5761 ‘2'.

2549 5777 2587 5807 "
2619 5774 2755 5833 Gen.
2795 5793 2810 5831 ι
2872 5778 2957 5832 Η.

3142 5638 3178 5667 ¹¹
3211 5635 3389 5690 Jtulic.
3418 5650 3489 5700 vt,
3526 5635 3598 5690 57

3131 5709 3173 5739 ¹⁶
3202 5708 3336 5762 Num
3393 5722 3501 5762 nl.
3540 5707 3594 5763 9.

2017 5778 2062 5809 '°
2112 5778 2282 5833 |(‘.or.
2329 5779 2467 5841 11,4.

3169 5874 3243 5936 16
