4054 6138
450 325 547 391 491

1739 320 1967 382 MOSIS
2008 320 2160 380 ΒΑΚ
2201 318 2450 382 CEPHA

3614 318 3724 387 ιςε

452 447 759 502 fructiferas
809 447 893 501 sui
955 457 1201 515 quasque
1235 442 1450 514 generis
1482 479 1498 505 .
1565 450 1672 496 etc.
1735 438 2030 496 Paradisus
2058 451 2103 509 Α
2133 438 2383 497 Profecto
2418 440 2540 494 diro
2569 440 2687 506 tibi,
2728 441 2898 495 (tudio
2927 442 3031 497 eris
3071 458 3268 498 mecum
3301 445 3353 497 in
3385 447 3639 513 paradiso
3656 450 3725 494 ".

455 548 634 610 itaque
666 549 790 593 ante
836 537 1102 591 Adamum
1135 535 1389 591 conditus
1421 544 1505 590 est
1546 543 1600 590 et
1639 532 1801 587 veluti
1832 547 2037 603 sponso

453 637 731 689 thalamus
752 649 778 684 a
832 629 941 685 Deo
970 636 1310 701 pra-paratus
1354 637 1516 699 atque
1547 626 1870 682 instructus.
1896 625 2035 681 Nam

451 726 598 795 quod
627 722 802 779 Moses
826 721 1062 792 paradisi
1113 720 1321 778 conditi
1374 720 1700 776 mentionem
1730 728 1856 789 post
1879 734 2033 775 crea-

453 828 565 871 tum
594 817 859 871 Adamum
903 814 1049 880 iacit,
1075 814 1196 869 ideo
1228 815 1307 879 iit,
1333 812 1476 883 quod
1517 812 1584 868 ad
1621 815 1859 868 nondum
1905 812 2038 866 satis

453 914 779 983 explicatam
844 911 911 967 de
964 911 1218 982 paradiso
1267 910 1483 965 consito
1518 910 1885 965 narrationem
1929 908 2035 964 sibi

457 1000 859 1065 revertendum,
893 1016 1123 1071 eamque
1164 999 1550 1056 absolvendum
1603 1001 1855 1071 putavit,
1914 1014 2022 1054 non

457 1098 642 1144 autem
686 1089 843 1158 quasi
884 1089 974 1144 ille
1026 1100 1147 1160 post
1184 1089 1466 1143 conditum
1527 1089 1801 1146 Adanium
1857 1088 2033 1144 lactus

452 1181 543 1236 sit.

1057 1274 1285 1333 CAPUT
1334 1275 1422 1331 Vi.

523 1368 698 1436 Quam
748 1369 811 1423 ob
868 1386 1089 1423 causam
1145 1368 1447 1423 condiderit
1508 1366 1648 1423 Deus
1723 1365 2037 1439 paradisum

453 1477 784 1532 corporeum.
838 1493 906 1502 -—-
956 1460 1145 1534 Neque
1204 1477 1336 1518 vero
1388 1463 1616 1517 dubium
1656 1471 1741 1518 est
1794 1466 1926 1534 quin
1983 1471 2037 1516 et

452 1554 848 1610 cohonestandi
892 1563 947 1610 et
997 1555 1275 1625 voluptate
1308 1554 1577 1610 alliciendi
1630 1553 1822 1608 Adami
1862 1554 2036 1624 gratia

458 1642 600 1697 Deus
629 1643 943 1715 paradisum
991 1643 1322 1708 condiderit,
1372 1655 1431 1697 nt
1457 1644 1550 1710 qui
1593 1642 1745 1697 illum
1777 1643 1880 1698 sibi
1917 1658 2037 1697 ma-

451 1736 570 1805 jore
620 1752 754 1789 cura
804 1736 1099 1806 studioque
1141 1736 1583 1806 prosequendum
1640 1737 1819 1803 duxit,
1870 1751 2034 1807 quam

2141 533 2259 589 Non
2292 548 2471 590 autem
2505 537 2645 591 dixit
2676 535 2729 591 iu
2766 539 2925 603 (asto,
2960 536 3087 606 quia
3124 552 3301 608 neque
3346 537 3463 608 ipsa
3510 537 3726 595 Domini

2140 626 2322 680 anima
2358 625 2543 696 (simul
2593 638 2758 694 atque
2795 640 2822 677 a
2877 640 3108 695 corpore
3142 624 3440 680 dissociata
3472 625 3576 699 est)
3608 640 3722 681 etn-

2140 718 2253 773 lum
2304 721 2663 783 conscendit,
2727 720 2819 774 sed
2880 719 2969 773 die
3033 719 3196 774 tertio
3254 732 3474 774 rursum
3524 733 3727 788 corpus

2141 809 2313 865 subiit
2365 825 2540 880 neque
2571 809 2714 863 latro
2743 826 2964 880 quoque
2987 825 3055 865 eo
3089 810 3178 865 die
3223 809 3280 865 in
3312 810 3512 867 ccelum
3549 813 3730 880 potuit

2141 900 2392 961 evadere,
2416 915 2540 954 cum
2571 900 2721 954 dicat
2753 900 3009 956 Christus
3030 901 3309 956 neminem
3334 904 3731 960 conscendisse

2141 991 2421 1047 incutiqu
2472 1001 2667 1062 prmler
2723 1006 2849 1048 eum
2885 995 2977 1064 qui
3030 994 3401 1049 descendisset
3447 995 3515 1049 de
3564 994 3730 1056 caelo,

2140 1083 2337 1139 Filium
2399 1086 2662 1149 hominis,
2716 1087 2808 1156 qui
2862 1096 3011 1141 esset
3049 1087 3102 1140 in
3135 1087 3355 1141 ocelli“.
3387 1084 3512 1140 Fuit
3562 1089 3733 1156 igitur

2140 1178 2459 1248 paradisus,
2494 1195 2602 1233 non
2644 1180 2697 1234 in
2730 1181 2891 1246 cmlo,
2918 1180 3010 1235 sed
3059 1179 3113 1234 in
3141 1182 3322 1235 terris.
3354 1179 3583 1251 insuper
3612 1197 3733 1235 cur.

2143 1283 2349 1342 poratae
2385 1272 2614 1329 arbores
2639 1315 2652 1339 ,
2687 1276 2879 1345 quales
2932 1289 3119 1329 revera
3158 1277 3211 1329 in
3256 1274 3510 1344 paradiso
3546 1285 3730 1329 exsta-

2142 1366 2273 1421 bant
2302 1382 2366 1421 ex
2399 1366 2549 1439 ligno
2579 1377 2874 1433 eoneretm,
2902 1385 2931 1423 (ι
2960 1378 3102 1423 terra
3128 1379 3258 1424 satas
3283 1369 3574 1439 pullulant,
3621 1382 3733 1423 non

2139 1470 2322 1515 autem
2384 1476 2552 1531 supra
2611 1462 2809 1517 coelum
2868 1472 3188 1517 nascuntur.
3232 1460 3475 1532 Denique
3508 1460 3732 1517 Patrum

2139 1552 2486 1621 auctoritate,
2508 1553 2596 1607 cui
2620 1555 2751 1607 lides
2773 1555 2956 1623 negari
2982 1559 3089 1606 no‘n
3116 1561 3311 1621 potest,
3330 1556 3463 1608 satis
3477 1567 3735 1623 compro-

2139 1643 2302 1699 batur
2330 1654 2648 1700 terrestrem
2702 1643 2869 1700 fuisse
2906 1646 3243 1715 paradisum.
3285 1642 3419 1698 Nam
3466 1644 3731 1699 dominus

2141 1737 2383 1795 Joannes
2413 1737 2470 1793 in
2501 1754 2563 1793 ea
2594 1741 2846 1794 oratione
2874 1754 2978 1810 qua
3024 1739 3251 1794 disserit
3280 1752 3381 1793 cur
3435 1737 3603 1792 arbor
3641 1737 3731 1792 illa

456 1827 619 1883 ullam
671 1844 851 1884 rerum
902 1836 1223 1885 ceterarum
1254 1842 1376 1899 quae
1413 1843 1576 1900 super
1609 1836 1808 1884 terram
1835 1837 2039 1884 essent.
2071 1822 2117 1879 Β
2147 1834 2220 1890 sit
2284 1843 2476 1888 vocata
2533 1833 2780 1889 scientia:
2823 1833 2951 1887 boni
2983 1840 3038 1888 et
3082 1831 3234 1897 mali,
3272 1831 3463 1888 scribit
3504 1833 3559 1885 in
3590 1832 3734 1886 hanc

458 1921 628 1991 Igitur
688 1920 1153 1992 quemadmodum
1216 1921 1546 1991 impensiore
1593 1922 1773 1991 ipsum
1821 1920 2035 1978 honore

456 2029 619 2082 quam
647 2013 786 2068 alias
827 2028 918 2069 res
943 2028 972 2067 a
1008 2028 1069 2069 se
1093 2022 1310 2069 creatas
1340 2010 1618 2077 aﬂecerat,
1660 2011 1743 2069 sic
1768 2012 1885 2069 suis
1916 2011 2036 2084 ipse

456 2107 732 2174 manibus,
770 2118 937 2178 atque
975 2107 1043 2163 ad
1077 2121 1231 2163 suam
1264 2105 1557 2177 imaginem
1587 2105 1741 2162 illum
1770 2105 2031 2173 condere,

454 2211 511 2253 et
538 2200 791 2269 paradiso
832 2199 996 2255 veluti
1036 2197 1318 2255 domicilio
1351 2214 1463 2270 pra:
1517 2199 1732 2255 caeteris
1756 2199 2034 2256 honorare

455 2291 645 2347 voluit.
711 2290 901 2361 Itaque
950 2290 1132 2346 locum
1192 2289 1244 2344 ci
1306 2290 1601 2346 destinavit
1635 2296 1689 2345 et
1747 2289 2037 2346 consuevit

454 2383 890 2450 ornatissimum,
922 2380 1528 2455 magniﬁcentissimum
1557 2421 1574 2447 ,
1607 2380 2036 2453 voluptuosissi-

454 2488 630 2541 mum,
654 2483 711 2530 et
743 2474 814 2532 ob
843 2489 1121 2532 summam
1160 2473 1486 2548 elegantiam
1541 2473 2037 2546 pulchritudinem-

450 2580 561 2637 que
610 2565 848 2622 maxime
908 2564 1282 2637 expetibilem,
1337 2565 1391 2619 in
1427 2579 1539 2635 quo
1582 2565 1681 2623 ille
1725 2574 2038 2623 versaretur

453 2656 877 2728 tiabitaretque:
914 2672 1091 2728 neque
1140 2656 1390 2727 permisit
1427 2665 1485 2711 ut
1529 2669 1852 2712 (mterorum
1886 2671 2039 2712 more

449 2748 864 2814 animantium,
902 2764 1023 2818 qua:
1079 2749 1289 2803 ratione
1347 2757 1563 2811 vacant,
1618 2755 1819 2804 terram
1868 2748 2037 2819 depa-

450 2853 633 2899 κιαι-ει
645 2884 656 2893 .

1058 2935 1287 2991 CAPIT
1328 2936 1433 2993 VII.

526 3032 603 3085 De
635 3030 909 3100 paradiso,
945 3046 1102 3099 super
1143 3042 1364 3094 terram,
1403 3046 1473 3084 nn
1529 3031 1587 3084 in
1632 3028 1759 3086 creto
1788 3029 2032 3087 exsistat.

450 3148 525 3166 -η
552 3126 691 3181 Sunt
718 3126 810 3194 qui
865 3125 917 3178 in
966 3124 1103 3179 cmlo
1157 3123 1470 3195 paradisum
1519 3136 1643 3178 esse
1698 3132 1911 3194 putent,
1969 3138 2035 3179 eo

2140 1928 2465 1985 sententiam
2500 1926 2602 1983 :Si
2649 1941 2875 1998 regnum
2907 1927 3032 1983 caeli
3059 1927 3311 1997 promisit
3348 1924 3505 1981 nobis
3539 1922 3734 1979 Domi-

2144 2037 2250 2078 nus
2302 2029 2513 2087 noster,
2583 2021 2851 2077 latronem
2884 2037 3016 2077 vero
3071 2022 3126 2076 in
3190 2021 3505 2092 paradisum
3568 2017 3739 2076 modo

2143 2115 2418 2182 subvexit,
2480 2129 2616 2171 sane
2666 2113 2959 2171 conlieitur
3007 2129 3113 2169 non
3150 2115 3491 2171 satisfecisse
3546 2115 3733 2185 ipsum

2143 2206 2364 2262 latroni.
2423 2206 2560 2262 item
2611 2205 2873 2262 dominus
2932 2204 3193 2273 Severus,
3247 2208 3497 2264 oratione
3528 2206 3628 2275 ἥ,
3665 2208 3735 2263 de

2142 2297 2426 2371 Epitronio
2448 2298 2531 2357 sic
2560 2298 2753 2355 scribit
2787 2315 2801 2353 :
2831 2299 2903 2354 Ea
2927 2314 3050 2370 quae
3076 2301 3233 2356 nobis
3266 2302 3536 2370 pomissa
3575 2308 3730 2365 sunt,

2140 2390 2319 2460 ipsum
2360 2399 2487 2446 sunt
2511 2392 2636 2447 εωὶί
2689 2406 2955 2463 regnum;
2986 2408 3094 2448 non
3129 2402 3313 2449 autem
3335 2408 3455 2457 ulla:
3483 2394 3539 2448 in
3566 2407 3730 2462 para-

2139 2483 2261 2540 diso
2301 2485 2635 2555 percipiatur
2664 2486 2937 2558 voluptas.
2996 2486 3153 2541 Aliud
3191 2486 3355 2557 igitur
3385 2488 3728 2556 paradisum.

2140 2577 2288 2634 aliud
2334 2592 2564 2647 regnum
2617 2579 2841 2634 caeleste
2876 2594 3016 2642 esse,
3050 2578 3228 2650 palam
3274 2577 3483 2633 faciunt
3535 2579 3591 2633 lii
3625 2578 3728 2633 Pa-

2141 2679 2272 2727 tres.
2313 2669 2599 2728 Postremo
2660 2670 2919 2742 Ephrem,
2949 2672 3003 2726 in
3050 2688 3119 2727 eo
3152 2673 3309 2737 libro,
3338 2688 3451 2742 quo
3484 2675 3729 2742 paradisi

2145 2763 2517 2819 conditionem
2550 2766 2890 2835 exsequitur,
2937 2765 3143 2819 diserte
3182 2766 3377 2818 asserit
3402 2775 3728 2820 terrestrem

2141 2871 2285 2913 esse.
2318 2856 2487 2929 Igitur
2519 2858 2867 2928 perspicuum
2904 2867 2984 2912 est
3034 2858 3086 2913 in
3122 2859 3284 2912 terris
3328 2873 3451 2913 esse
3507 2859 3732 2929 paradi-

2138 2964 2285 3013 sum,
2322 2964 2431 3005 non
2466 2951 2518 3004 in
2548 2952 2711 3005 cnilo.

2742 3088 2978 3145 CAPUT
3025 3087 3160 3142 Vill.

455 3220 601 3289 quod
669 3185 827 3273 divus
906 3214 1107 3271 Paulus
1157 3185 1442 3286 apostolus
1493 3216 1562 3271 de
1624 3185 1805 3286 seipse
1864 3185 2030 3282 dicat,

2213 3220 2402 3281 Utrum
2453 3224 2741 3294 paradisus
2789 3229 2844 3277 in
2896 3226 2991 3278 hoc
3026 3235 3294 3279 terrarmn
3341 3233 3515 3278 tractu
3573 3238 3730 3292 quem

455 3320 669 3381 raptum
704 3326 763 3367 se
791 3310 958 3365 fuisse
1010 3310 1065 3364 in
1122 3310 1341 3364 tertium
1399 3309 1621 3375 cmlutn,
1651 3318 1707 3365 et
1734 3312 1787 3364 in
1821 3309 2036 3383 paradi-

453 3405 679 3469 sum";
726 3418 903 3473 neque
930 3402 1075 3456 enim
1108 3402 1211 3456 hoc
1243 3400 1586 3472 adiecturum
1619 3400 1812 3468 fuisse,
1846 3402 2033 3474 nisijn

449 3497 594 3553 ett-lo
644 3505 788 3551 esset
823 3494 1128 3565 paradisus.
1174 3491 1371 3549 Verum
1426 3508 1527 3549 nos
1566 3494 1634 3549 ad
1684 3509 1751 3550 ea
1799 3508 2036 3567 respon-

452 3593 669 3657 demus,
696 3593 804 3645 duo
853 3588 1021 3644 fuisse
1044 3589 1159 3644 visa
1192 3587 1281 3642 illa
1316 3588 1371 3643 in
1430 3601 1554 3657 qua:
1598 3586 1800 3644 Paulus
1849 3600 2037 3660 raptus

454 3696 606 3751 erat;
641 3697 750 3737 nou
804 3678 1043 3745 unicum,
1092 3696 1223 3735 eum
1265 3682 1418 3751 ipsus
1450 3680 1597 3734 dicat
1642 3697 1655 3737 :
1710 3678 1924 3736 Veniam
1963 3681 2034 3735 ad

454 3776 569 3831 vita
596 3788 753 3847 atque
792 3775 860 3829 ad
900 3773 1283 3843 patefactiones
1326 3773 1537 3827 Domini
1555 3773 1638 3840 ”;
1690 3788 1799 3828 non
1851 3782 2033 3829 autem

457 3870 525 3925 ad
560 3869 739 3924 visum
782 3878 837 3922 et
865 3869 930 3919 ad
967 3865 1407 3937 patefactionem.
1460 3862 1644 3935 Neque
1684 3880 1810 3919 vero
1840 3866 2037 3920 desunt

453 3965 619 4020 etiam
651 3961 809 4016 nobis
843 3961 1136 4026 Scriptum
1169 3958 1275 4012 loci
1301 3959 1500 4027 quibus
1528 3958 1919 4012 convincamus
1948 3956 2034 4012 di-

455 4069 642 4111 versas
693 4052 863 4108 fuisse
892 4050 1030 4105 duas
1091 4050 1209 4104 illas
1266 4049 1686 4119 patefactiones;
1753 4056 1807 4105 et
1854 4049 2038 4120 priore

452 4146 676 4216 quidem
712 4144 764 4198 in
799 4142 1022 4207 caelum,
1066 4142 1236 4195 altera
1268 4156 1398 4195 vero
1443 4143 1495 4195 in
1525 4140 1837 4210 paradisum
1869 4140 2036 4195 fuisse

458 4237 729 4293 sublatum
776 4234 1030 4290 Paulum.
1064 4231 1175 4289 Nos
1220 4233 1386 4304 igitur
1439 4248 1602 4302 super
1657 4241 1857 4288 terram
1914 4248 2036 4289 esse

458 4329 771 4402 paradisum
796 4326 1113 4391 statuimus,
1144 4326 1315 4397 idque
1356 4326 1439 4382 his
1482 4327 1823 4397 argumentis
1860 4326 2038 4381 :Con-

461 4434 656 4487 servat,
725 4422 923 4491 inquit,
984 4419 1243 4474 Dominus
1294 4418 1433 4474 Deus
1459 4420 1771 4489 paradisum
1799 4421 1854 4476 in
1888 4420 2036 4476 Eden

2143 3330 2238 3370 nos
2268 3316 2554 3371 incolimus
2584 3318 2884 3381 exsisteret,
2912 3333 2979 3369 an
3008 3317 3062 3369 in
3090 3318 3196 3369 alio
3225 3316 3493 3386 quopiam.
3519 3314 3726 3372 --.Iam

2140 3420 2270 3464 vero
2302 3417 2659 3479 posteaquam
2707 3409 3051 3462 ostendimus
3081 3409 3134 3461 in
3170 3408 3328 3462 terris
3364 3406 3534 3462 fuisse
3560 3421 3730 3479 para-

2140 3499 2320 3556 disum
2350 3538 2367 3563 ,
2418 3499 2787 3571 indagandum
2853 3502 3009 3554 nobis
3060 3510 3359 3569 superest,
3415 3513 3484 3555 an
3544 3498 3603 3553 in
3644 3499 3730 3553 his

2141 3599 2413 3648 terrarum
2481 3594 2795 3662 regionibus
2866 3608 3003 3663 quas
3081 3607 3181 3646 nos
3238 3590 3493 3645 mortales
3553 3590 3730 3646 babe-

2140 3698 2300 3747 mus,
2332 3697 2400 3738 an
2464 3685 2518 3738 in
2555 3686 2675 3740 aliis
2728 3685 3054 3752 quibusdam
3100 3684 3387 3737 exstiterit.
3455 3683 3728 3738 (laterum

2140 3776 2434 3832 statuimus
2466 3786 2667 3830 terram
2717 3792 2881 3830 unam
2913 3776 3137 3830 omnino
3174 3789 3315 3836 esse,
3350 3783 3515 3846 atque
3562 3776 3730 3830 unius

2141 3868 2451 3923 universam
2491 3868 2845 3939 ejusdemque
2892 3878 3139 3932 naturae;
3176 3882 3407 3938 eamque
3440 3877 3642 3923 terram
3672 3867 3726 3921 in

2141 3974 2246 4029 qua
2277 3959 2566 4030 paradisus
2594 3960 2914 4025 exsistebat,
2942 3961 3211 4015 diversam
3261 3958 3483 4025 quidem
3501 3973 3627 4014 esse
3656 3961 3727 4019 ab

2142 4050 2244 4105 liae
2278 4063 2488 4119 nostra,
2523 4069 2708 4107 verum
2741 4070 2847 4107 non
2883 4054 3325 4123 naturaipsaque
3352 4054 3439 4108 sui
3463 4050 3720 4117 materia,

2138 4144 2237 4197 sed
2270 4146 2494 4199 raritate
2522 4154 2577 4198 et
2592 4145 2961 4200 densitudiue.
2994 4143 3310 4198 Dividamus
3337 4142 3502 4215 igitur
3520 4152 3725 4198 terram

2140 4234 2192 4290 in
2225 4235 2362 4292 duas
2392 4237 2661 4291 maximas
2715 4244 2933 4308 partes.
2984 4250 3215 4307 quarum
3261 4238 3432 4291 altera
3483 4234 3725 4305 paradisi

2141 4336 2307 4393 terra,
2331 4327 2504 4383 altera
2534 4340 2687 4383 extra
2719 4327 3034 4398 paradisum
3071 4336 3297 4382 vocetur
3327 4328 3457 4382 :illa
3485 4327 3723 4392 subtilis,

2138 4417 2374 4481 sincera,
2398 4432 2551 4487 pura,
2581 4419 2695 4472 haec
2716 4432 2838 4488 qua:
2858 4433 2886 4471 a
2907 4416 3063 4473 nobis
3081 4417 3297 4482 colitur,
3320 4430 3528 4481 crassa,
3552 4428 3726 4472 mate-

457 4520 523 4574 ab
579 4517 735 4572 initio
758 4515 844 4580 ’νς
889 4515 1009 4569 sive
1052 4514 1261 4584 pridem
1307 4531 1323 4567 :
1356 4512 1503 4567 liden
1537 4526 1666 4570 vero
1705 4513 1885 4569 locum
1944 4528 2036 4568 vo-
2070 4554 2115 4609 υ
2139 4511 2296 4575 riata,
2318 4511 2799 4581 impura,cont‘usa
2835 4506 3067 4564 sit..lam
3093 4523 3223 4563 vero
3247 4510 3521 4576 concipito
3540 4512 3726 4563 animo

455 4625 614 4667 casse
652 4608 888 4671 videtur,
943 4623 1048 4661 non
1076 4606 1166 4676 qui
1204 4619 1370 4674 supra
1400 4606 1597 4661 celum
1640 4614 1803 4669 esset,
1858 4609 1951 4662 sed
1980 4608 2033 4662 in

458 4703 641 4759 terris.
697 4699 962 4755 Prteterea
1000 4698 1141 4753 idem
1180 4698 1357 4753 Moses
1391 4695 1622 4751 amrmat
1646 4708 1887 4767 quatuor
1935 4698 2038 4754 ﬂu-

452 4797 653 4849 rminae
679 4790 934 4862 paradiso
965 4789 1316 4857 proﬂuxisse,
1346 4787 1646 4856 Tigridem,
1679 4788 2035 4858 Euphratem,

459 4888 791 4949 Giboneum,
818 4894 874 4938 et
912 4884 1206 4938 Phisunem
1256 4899 1265 4932 :
1306 4896 1426 4950 quae
1480 4882 1523 4935 si
1559 4895 1593 4935 e
1634 4883 1775 4936 coelo
1812 4881 2037 4951 delapsa

457 4988 659 5046 essent,
686 4988 1039 5033 excavassrut
1069 4976 1253 5043 utique
1286 4982 1450 5043 atque
1482 4984 1634 5031 vasto
1665 4976 1832 5031 halitu
1858 4978 2033 5046 ipsam

460 5087 660 5131 terram
692 5075 1058 5139 aperuissent,
1094 5068 1295 5137 quippe
1321 5084 1442 5138 quae
1463 5069 1737 5125 suatinere
1758 5072 2037 5139 nequivis-

459 5180 545 5227 set
570 5166 768 5223 molem
802 5176 1032 5224 tantum,
1060 5174 1262 5232 quanta
1318 5176 1473 5232 aqua:
1512 5178 1577 5217 ex
1626 5163 1745 5217 loco
1792 5174 1900 5217 tam
1942 5178 2034 5219 su-

459 5264 613 5321 blimi
644 5261 947 5333 praecipites
982 5264 1055 5329 (et
1084 5258 1307 5328 quidem
1354 5258 1471 5311 dies
1507 5268 1806 5328 noctesque
1854 5259 2035 5312 couti-

460 5369 631 5415 nuato
646 5360 836 5421 cursu)
870 5353 1076 5422 absque
1102 5352 1211 5405 ulla
1237 5351 1645 5405 intermissione
1676 5352 1846 5421 ipsam
1884 5366 2036 5420 pres-

459 5453 689 5515 sissent,
725 5460 897 5517 quare
930 5460 958 5498 e
994 5455 1134 5499 terra
1164 5455 1523 5512 promanasse
1548 5442 1637 5497 illa
1685 5438 1907 5497 ﬂumina
1942 5458 2037 5499 ne-

457 5561 613 5603 cesse
641 5550 745 5606 est,
774 5550 830 5596 et
860 5541 1085 5610 proinde
1122 5536 1439 5608 paradisum
1474 5551 1691 5608 quoque
1726 5546 2039 5592 terrestrem

454 5643 649 5700 tuisse.
686 5635 765 5688 Ad
800 5634 913 5688 haec
966 5631 1232 5687 Dominus
1268 5638 1455 5685 noster
1497 5630 1572 5684 ait
1615 5630 1682 5684 ad
1726 5629 1993 5686 latronem
2028 5649 2040 5686 :

530 5818 575 5849 "
607 5816 650 5872 ll
694 5814 823 5871 Cor.
859 5815 1031 5884 xn,2.
1108 5815 1157 5848 ’³
1184 5814 1318 5870 ibid.
1351 5812 1406 5869 1.
1482 5812 1530 5845 ’δ
1567 5810 1703 5869 Gen.
1748 5828 1805 5882 ιι,
1853 5810 1903 5869 8.

1984 5812 2028 5847 ³⁸
2056 5809 2170 5868 Luc
2228 5826 2381 5877 xxtn,
2421 5812 2507 5867 43.

2146 4614 2238 4661 tuo
2261 4607 2424 4661 hasce
2445 4615 2681 4675 quatuor
2706 4621 2789 4657 res
2812 4622 2824 4655 :
2849 4603 3055 4658 coelum
3084 4603 3339 4672 superius
3361 4602 3491 4656 illud
3518 4602 3725 4673 spiriti-

2144 4702 2245 4756 bus
2264 4700 2573 4770 angelisqne
2604 4697 3043 4767 frequentatum;
3065 4698 3261 4751 deinde
3278 4696 3423 4766 quod
3459 4695 3554 4751 illo
3581 4696 3724 4751 infe-

2146 4793 2262 4850 rius
2312 4802 2418 4856 est,
2477 4793 2995 4859 ﬁrmamentumque
3065 4804 3095 4845 a
3125 4790 3285 4845 nobis
3314 4790 3499 4847 vocari
3547 4792 3718 4855 solet;

2145 4897 2330 4957 postea
2349 4902 2468 4941 eam
2495 4897 2693 4940 terram
2714 4880 2836 4955 qlia:
2860 4884 3095 4952 paradisi
3111 4894 3216 4951 est;
3237 4884 3454 4937 demum
3478 4897 3597 4937 eam
3616 4894 3721 4937 tero

2144 4992 2262 5033 ram
2278 4992 2398 5047 quae
2438 4986 2521 5029 est
2539 4984 2691 5030 extra
2731 4975 3047 5044 paradisum
3066 4992 3079 5028 :
3096 4972 3377 5027 deindeita
3391 4972 3716 5035 existimata,

2144 5069 2599 5140 quemadmodum
2616 5068 2665 5122 id
2680 5068 2827 5138 quod
2849 5065 3447 5121 lirmameutmnvocari
3462 5064 3719 5130 diximus,

2144 5164 2507 5236 praecellentia
2536 5162 2774 5234 quadam
2805 5161 3123 5216 subtilitatis
3147 5158 3285 5214 caelo
3310 5159 3385 5213 illi
3415 5158 3716 5213 sublimiori

2143 5258 2535 5328 spiritibusque
2566 5259 2745 5312 dicato
2798 5258 2970 5315 cedit;
3006 5272 3069 5310 ac
3096 5269 3317 5309 rursum
3346 5256 3534 5309 eadem
3569 5268 3721 5319 para-

2147 5351 2326 5406 disum
2358 5359 2577 5419 superat
2604 5362 2660 5404 et
2686 5351 3017 5403 crassiorem
3047 5359 3100 5403 ct
3130 5350 3302 5419 magis
3339 5349 3671 5401 ntaleriatttn‘
3702 5364 3715 5398 :

2151 5443 2225 5497 ita
2259 5453 2311 5496 et
2346 5443 2656 5512 paradisum
2700 5443 2964 5510 dignitate
3007 5443 3355 5512 puritateque
3402 5438 3715 5493 inferiorem

2151 5536 2370 5605 quidem
2422 5552 2543 5589 esse
2596 5536 2979 5599 Iirttluinenlu;
3035 5534 3131 5589 sed
3184 5546 3351 5601 terra,
3399 5551 3521 5604 qum
3567 5541 3717 5587 extra

2154 5630 2331 5699 ipsum
2378 5641 2497 5696 est,
2552 5629 3010 5697 praestantiorem.
3066 5625 3148 5679 Fit
3199 5628 3380 5698 ituque
3427 5637 3487 5682 ut
3529 5626 3718 5682 cadum

2588 5812 2631 5843 "
2657 5808 2814 5865 Joan.
2854 5823 2934 5876 lli,
2985 5804 3070 5861 15.
