4082 6160
433 357 541 423 495

1705 362 1935 423 MOSIS
1980 364 2125 422 ΒΑΗ
2166 364 2255 423 (ΖΕ
2266 365 2414 424 PIIA

3594 368 3712 437 496

436 481 791 540 posteaquam
849 471 1147 525 revixerint
1199 471 1476 537 mOrluIcs,
1531 483 1587 529 ut
1635 476 1707 529 ait
1758 475 2018 534 Dominus
2049 486 2091 541 Α
2124 480 2320 544 acturi,
2363 480 2517 549 juxta
2567 493 2727 533 verax
2776 478 2991 534 Domini
3038 483 3405 551 promissum;
3455 485 3507 538 in
3543 500 3715 556 para-

437 576 642 629 noster,
681 580 788 618 non
822 580 942 619 esse
985 565 1037 617 in
1071 564 1251 625 terris.
1299 564 1394 619 sed
1427 582 1588 637 supra
1633 570 1833 623 cadum
1881 570 2020 641 (hoc

436 670 538 722 est,
571 674 735 727 supra
776 659 1221 729 tirmamcntum),
1253 659 1399 729 quod
1433 662 1681 731 proxime
1712 679 1873 733 supra
1916 681 2019 721 nos

419 761 538 818 'rst,
577 753 764 807 multis
810 753 1150 821 argumentis
1186 756 1594 824 comprobatur.
1642 755 1827 811 Primo
1861 759 2017 823 enim

434 851 614 917 ipsum
652 848 973 902 vocabulum
1013 848 1113 901 hoc
1144 848 1341 917 arguit,
1372 864 1481 918 quo
1510 851 1731 905 cwlrste
1768 866 2017 920 regnum,

435 959 542 995 non
583 950 841 996 terrestre
890 955 919 995 a
969 936 1201 994 Domino
1253 941 1582 1008 appellaturi:
1631 952 1715 995 est
1772 957 1785 995 :
1825 942 2023 997 deinde

438 1036 579 1091 idem
616 1034 704 1089 ille
754 1033 1021 1088 Dominus
1069 1035 1204 1087 dixit
1320 1031 1464 1087 Vada
1504 1050 1698 1102 parare
1748 1036 1888 1088 robis
1937 1034 2015 1088 lo-

436 1145 555 1182 cum
597 1130 663 1184 ".
712 1126 774 1180 Et
810 1145 822 1179 :
862 1125 961 1181 Ubi
1008 1143 1099 1197 ego
1146 1143 1287 1191 sum,
1338 1127 1445 1180 illic
1492 1136 1541 1180 et
1585 1127 1827 1180 minister
1875 1142 2020 1180 meus

434 1226 555 1275 erit.
600 1222 717 1276 Jam
766 1236 893 1276 vero
934 1220 1160 1275 dubium
1221 1220 1429 1274 nullum
1460 1228 1563 1283 est,
1611 1220 1743 1289 quin
1770 1218 2022 1273 Christus

437 1333 561 1370 \erc
586 1316 639 1369 in
664 1315 868 1371 ctelum
902 1313 1302 1369 conscenderit.
1333 1312 1595 1366 Ριωιι-τυιι
1630 1313 1789 1366 divus
1821 1310 2022 1367 Paulus

437 1410 626 1464 scribit
672 1408 725 1462 in
780 1409 894 1461 haec
944 1413 1106 1461 verba
1154 1422 1171 1463 :
1231 1403 1330 1458 Vos
1373 1415 1551 1457 autem
1607 1405 1903 1458 accessistis
1952 1405 2021 1458 ad

439 1513 666 1556 montem
697 1499 849 1566 Sion,
874 1512 922 1553 et
954 1500 1021 1553 ad
1053 1501 1317 1553 civitatem
1348 1497 1443 1551 Dei
1476 1499 1597 1561 rivi,
1627 1501 1696 1549 ad
1724 1496 2020 1552 Jerusalem

437 1614 554 1667 quw
585 1606 661 1651 est
699 1597 753 1648 in
788 1596 939 1661 cwio,
982 1605 1030 1648 et
1074 1595 1141 1646 ad
1172 1604 1337 1647 ca'tus
1379 1596 1678 1663 myriudmn
1714 1592 2021 1663 angelorum

436 1702 593 1759 atque
629 1691 697 1744 ad
738 1688 1030 1742 Ecclesium
1062 1689 1531 1757 primogenitorum
1564 1690 1655 1757 qui
1685 1687 1869 1757 scripti
1897 1700 2018 1740 sunt

437 1790 491 1838 in
540 1788 665 1839 casia
693 1785 760 1841 ".
805 1782 870 1838 Et
903 1784 1031 1836 alibi
1081 1802 1095 1836 :
1143 1780 1354 1839 Scimus
1404 1782 1543 1835 enim
1592 1781 1731 1852 quod
1781 1782 2020 1852 quamvis

2123 572 2305 627 disum
2340 586 2468 627 vero
2502 583 2623 643 post
2657 575 3109 628 resurrectionem
3138 591 3300 630 nemo
3346 575 3712 646 ingredietur,

2124 664 2220 715 sed
2256 678 2549 717 mansurus
2580 672 2663 718 est
2694 664 2783 718 ille
2824 667 3128 721 cultoribus
3164 682 3391 724 vacuus.
3425 667 3715 724 Postremo

2123 755 2338 810 diversa
2392 756 2533 810 inter
2580 772 2638 812 sc
2669 772 2791 812 esse
2845 773 3073 828 regnum
3125 760 3250 814 cteli
3283 773 3335 812 et
3370 760 3713 829 paradisum,

2124 847 2394 902 allirmant
2442 851 2607 902 etiam
2644 849 2919 917 doctores,
2970 865 3107 921 quos
3155 851 3380 905 honoris
3413 865 3578 904 causa
3613 865 3720 904 no-

2127 942 2273 994 tnino
2321 960 2334 995 :
2382 944 2641 1000 dominus
2688 942 2930 999 Joannes
2980 946 3201 1015 quidem
3236 947 3288 999 iu
3324 960 3388 1000 ea
3438 945 3717 1010 oratione,

2124 1036 2212 1089 cui
2265 1036 2455 1090 titulus
2503 1048 2606 1099 est,
2678 1037 2787 1091 Cur
2840 1042 3004 1091 arbor
3055 1039 3147 1091 illa
3197 1038 3439 1093 scicntia
3485 1038 3613 1092 boni
3661 1046 3721 1090 et

2127 1130 2253 1182 mali
2290 1130 2559 1198 appellata
2603 1132 2709 1195 sit;
2750 1139 2805 1184 ct
2846 1132 2979 1200 quid
3013 1131 3115 1185 sibi
3162 1132 3291 1185 velit
3324 1130 3459 1186 illud
3504 1128 3719 1184 Curiszi

2124 1224 2192 1276 ad
2247 1223 2538 1288 latronem,
2590 1221 2763 1278 llodie
2811 1240 3016 1278 mecum
3062 1226 3167 1279 eris
3214 1227 3269 1280 in
3338 1225 3592 1290 paradiso
3626 1224 3719 1279 "1

2129 1313 2363 1371 Severus
2419 1331 2585 1380 vero,
2633 1317 2882 1371 oratione
2930 1318 3001 1370 22
3048 1317 3391 1388 Epitlirouii,
3444 1329 3503 1372 ut
3547 1332 3720 1387 supe-

2128 1409 2244 1465 rius
2280 1409 2357 1480 (εὶ)
2397 1410 2765 1464 ostendimus.

2726 1504 2961 1560 CAPUT
3001 1503 3111 1558 Xll.

2203 1595 2394 1651 Utrum
2435 1601 2488 1650 in
2529 1598 2627 1651 hoc
2660 1608 2929 1653 terrarum
2967 1600 3092 1653 orbe
3139 1615 3291 1669 quem
3335 1597 3589 1653 mortales
3624 1597 3727 1650 Ita-

2130 1691 2299 1746 bitant
2327 1708 2395 1744 an
2421 1702 2575 1745 extra
2599 1707 2717 1745 eum
2743 1695 2810 1745 sit
2838 1694 3145 1763 paradisus.
3170 1720 3238 1731 -—
3262 1690 3722 1761 Philosophorum

2128 1783 2525 1854 profanorum,
2572 1784 2683 1839 imo
2732 1786 3125 1840 nonnullorum
3177 1786 3340 1840 etiam
3387 1785 3727 1840 ecclesiasti-

437 1883 625 1931 domus
657 1878 769 1931 haec
794 1884 977 1929 nostra
1008 1890 1126 1941 qua:
1155 1874 1209 1927 in
1242 1874 1400 1927 terris
1427 1882 1533 1939 est,
1566 1886 1766 1942 corpus
1810 1886 2023 1939 nempe,

2131 1891 2321 1931 eorum
2397 1874 2687 1930 doctorum
2747 1879 3018 1932 sententia
3082 1889 3206 1940 est,
3273 1878 3543 1931 elementa
3601 1874 3726 1944 ipsa

435 1970 782 2036 dissolvatur,
819 1981 1148 2021 structuram
1183 1977 1359 2019 tamen
1398 1965 1684 2017 habeamus
1721 1979 1838 2033 qua
1861 1982 1890 2015 a
1919 1962 2025 2016 Deo

438 2079 535 2129 est,
570 2068 783 2119 domum
812 2080 915 2116 non
949 2072 1308 2116 constructam
1350 2061 1594 2113 itionibus
1632 2060 1686 2112 in
1725 2061 1853 2113 coelo
1890 2077 2026 2113 sem-

436 2162 697 2229 piternam
735 2159 800 2210 ¹⁹.
854 2158 933 2210 Ad
988 2158 1090 2210 hoc
1136 2153 1377 2211 Joannes
1413 2154 1735 2217 monachus,
1771 2168 2026 2207 sermoiie

441 2252 622 2321 priore
672 2264 833 2320 quem
885 2250 951 2304 de
1003 2248 1212 2302 mundo
1266 2261 1408 2301 novo
1458 2247 1705 2313 scripsit,
1754 2246 1837 2302 sic
1889 2246 1965 2299 ait
2008 2262 2023 2298 :

440 2342 737 2399 Enimvero
782 2356 1007 2412 regnum
1062 2338 1195 2394 illud
1241 2339 1463 2394 cteleste
1506 2339 1732 2403 Christi,
1764 2353 1875 2393 non
1910 2348 2028 2393 erat

438 2434 545 2492 sub
573 2435 941 2496 ﬁrmamento,
976 2434 1070 2489 sed
1104 2447 1269 2501 supra
1300 2432 1523 2494 cretum,
1557 2430 1649 2485 ubi
1694 2440 2024 2500 potestatum

438 2531 661 2588 ordines
691 2531 986 2587 exsistunt.
1021 2528 1218 2598 Liquet
1253 2530 1417 2598 igitur
1451 2532 1673 2583 caeleste
1708 2545 1935 2599 regnum
1971 2529 2023 2582 iu

439 2639 549 2692 quo
582 2623 726 2677 beati
760 2622 1035 2694 voluptate
1079 2622 1332 2676 fruentur
1382 2632 1668 2690 postquam
1704 2622 2025 2688 revixerint,

441 2730 606 2783 supra
635 2716 835 2768 ccelum
865 2714 994 2783 (hoc
1023 2722 1107 2767 est
1140 2712 1566 2781 ﬁrmamentum)
1600 2714 1650 2765 id
1682 2714 1825 2783 quod
1855 2729 2024 2784 supra

443 2822 545 2861 nos
576 2817 823 2877 apparet.
857 2806 1094 2875 positum
1129 2820 1271 2859 θέτε.

1050 2895 1281 2951 CAPUT
1325 2896 1413 2953 XI.

512 2995 673 3049 Atiud
708 3010 822 3048 esse
856 3010 1073 3064 regnum
1114 2994 1340 3060 caeleste,
1387 2995 1537 3047 aliud
1582 2995 1914 3062 paradisum.
1958 3023 2024 3033 —-

444 3090 540 3145 Est
583 3104 709 3145 vero
761 3090 899 3144 inter
932 3090 1154 3144 cmleste
1205 3106 1431 3158 regnum
1465 3101 1520 3143 et
1554 3092 1866 3158 paradisum
1907 3105 2023 3142 ma-

441 3197 544 3250 gna
599 3180 893 3235 admodum
947 3180 1253 3236 dtﬂerentia
1306 3197 1468 3251 atque
1525 3182 1838 3237 diversitas.
1891 3179 2022 3235 Nam

443 3290 672 3344 regnum
718 3276 943 3328 caeleste
995 3289 1160 3343 supra
1207 3276 1327 3329 rreli
1378 3278 1779 3329 lirmamentum
1828 3281 1934 3340 est,
1970 3283 2027 3329 at

443 3368 729 3437 paradisus
765 3366 869 3419 sub
907 3367 1247 3420 llrmamento
1296 3368 1347 3419 in
1396 3370 1553 3421 terris
1605 3383 1619 3420 :
1671 3367 1739 3422 ad
1779 3367 1902 3434 hoc,
1940 3382 2028 3422 re-

443 3474 609 3530 gnum
672 3459 894 3513 rmleste
931 3458 1175 3526 spiritale
1209 3472 1327 3525 est;
1367 3459 1652 3527 paradisus
1689 3475 1819 3514 vero
1876 3470 1930 3515 et
1959 3460 2025 3515 ad

440 3568 642 3624 corpus
672 3562 725 3608 et
755 3559 820 3607 ad
856 3554 1105 3621 spiritum
1141 3564 1372 3621 spectat,
1402 3562 1461 3608 ut
1492 3556 1744 3623 superius
1775 3569 2029 3625 compro-

443 3647 714 3699 liavimus.
748 3646 951 3699 Deinde
976 3646 1215 3700 cmlestis
1247 3647 1398 3715 regni
1433 3650 1687 3716 voluptas
1712 3662 1775 3702 ea
1800 3658 1883 3702 est
1906 3663 2029 3717 qua)

442 3756 505 3793 ex
545 3738 654 3794 Deo
703 3754 827 3793 coni
885 3740 1058 3794 beatis
1090 3738 1295 3811 angelis
1330 3740 1578 3808 capitur;
1624 3740 1862 3808 paradisi
1900 3756 2027 3793 vero

445 3834 654 3889 delicia:
676 3850 741 3887 es
772 3833 1066 3888 arboribus
1095 3835 1326 3888 amantis
1354 3845 1519 3902 atque
1547 3834 2025 3897 desitlcrabilibus,

447 3943 550 3982 nec
578 3944 683 3981 non
717 3940 782 3980 es
815 3926 1016 3994 ingenti
1060 3926 1152 3979 illo
1180 3925 1404 3980 ﬂumine
1444 3928 1727 3980 habentur.
1767 3925 2027 3981 Praztereu

446 4035 673 4091 regnum
706 4020 928 4074 caeleste
972 4034 1064 4072 nec
1094 4019 1275 4072 oculus
1310 4020 1458 4082 vidit,
1497 4035 1591 4072 nec
1627 4022 1772 4071 auris
1803 4019 2027 4084 audirit,

444 4127 608 4181 neque
635 4111 689 4163 in
716 4127 806 4162 cor
835 4111 1065 4164 hominis
1097 4112 1355 4177 ascendit,
1388 4121 1445 4163 ut
1475 4110 1849 4179 apostolorum
1882 4116 2030 4179 prin-

444 4218 573 4273 ct-ps
603 4204 805 4259 Paulus
842 4206 918 4257 ait
943 4203 1027 4268 ³⁹;
1072 4202 1167 4259 sed
1204 4203 1488 4271 paradisus
1541 4214 1593 4256 et
1622 4203 1751 4256 Ade:
1811 4211 1866 4256 et
1908 4203 2032 4257 Eva:

446 4295 625 4349 oculis
658 4303 912 4365 aspectus
954 4304 1060 4359 est,
1098 4294 1435 4364 auribusque
1480 4295 1722 4356 auditus,
1769 4305 1824 4349 et
1865 4296 2032 4350 subiit

447 4388 504 4443 in
541 4389 777 4458 ipsorum
828 4392 1063 4442 animos.
1108 4385 1335 4458 Insuper
1371 4402 1496 4442 cum
1547 4388 1600 4441 in
1654 4389 1789 4457 lege,
1827 4397 1941 4442 tum
1975 4387 2030 4442 in

454 4483 750 4553 Evangelio
813 4482 1223 4550 distinguuntur
1278 4498 1291 4532 :
1347 4481 1401 4535 in
1457 4481 1573 4552 lege
1636 4482 1781 4535 enim
1840 4480 2033 4537 beatus

2129 1969 2360 2023 alterum
2405 1970 2458 2023 in
2513 1972 2686 2023 altero
2735 1986 2881 2033 esse,
2930 1984 3093 2039 atque
3145 1976 3375 2026 alterum
3421 1971 3491 2025 ab
3546 1969 3730 2025 altero

2130 2064 2518 2118 circumdari:
2570 2074 2771 2117 terram
2811 2066 2958 2118 cnim
3011 2065 3081 2119 ab
3133 2067 3247 2135 ipsa
3299 2079 3465 2133 aqua,
3518 2077 3725 2134 aqualis

2130 2160 2199 2211 ah
2247 2173 2396 2222 aere,
2442 2172 2623 2211 acrem
2665 2158 2735 2213 ab
2786 2158 2908 2227 igne
2944 2159 3211 2212 contineri
3246 2158 3337 2226 (de
3377 2174 3483 2226 qua
3528 2171 3583 2210 re
3622 2172 3728 2210 nos

2131 2264 2351 2319 quoque
2403 2249 2642 2306 dilucide
2687 2253 2901 2319 egimus
2941 2252 2997 2304 in
3041 2265 3107 2305 eo
3143 2251 3283 2305 libro
3326 2265 3489 2318 quem
3526 2250 3593 2304 de
3625 2264 3726 2303 sex

2127 2344 2323 2399 diebus
2349 2345 2832 2414 conscripsimus),
2858 2352 2915 2398 et
2954 2344 3183 2413 proinde
3218 2343 3535 2397 existimant
3568 2358 3725 2395 mare

2131 2436 2413 2492 Oceanum
2468 2447 2637 2492 tatam
2679 2436 2887 2491 ambire
2934 2446 3162 2498 terram,
3213 2450 3318 2489 non
3361 2450 3519 2490 secus
3558 2444 3730 2502 atque

2129 2544 2387 2584 coronam
2435 2539 2623 2599 caput,
2673 2539 2767 2582 aut
2813 2526 3094 2595 cingulum
3147 2524 3399 2591 lumbos;
3451 2527 3524 2579 ila
3560 2535 3621 2579 ut
3657 2524 3732 2579 ah

2127 2630 2374 2678 extrema
2405 2621 2605 2675 Oceani
2658 2628 2811 2690 parte
2862 2620 3006 2672 nulla
3049 2633 3276 2688 prorsus
3306 2626 3448 2672 terra
3504 2617 3596 2679 sit,
3630 2618 3727 2671 sed

2127 2728 2224 2769 aer
2254 2714 2304 2766 ei
2339 2728 2450 2767 orre
2495 2728 2558 2766 ex
2609 2712 2758 2766 omni
2811 2714 3033 2781 regimie
3080 2708 3472 2764 circumfusus.
3522 2711 3590 2761 At
3630 2706 3728 2760 alii

2129 2806 2453 2876 opinantur,
2493 2804 2744 2873 amplecti
2794 2803 3020 2874 quidem
3070 2817 3219 2857 auare
3253 2799 3532 2857 Oceanum
3577 2802 3733 2855 hunc

2131 2900 2482 2954 habitabilem
2516 2899 2731 2963 orbem,
2765 2908 3008 2969 quantus
3051 2907 3156 2958 est,
3206 2906 3263 2949 ut
3297 2909 3501 2949 corona
3536 2906 3725 2960 caput,

2128 2992 2209 3045 vel
2244 3007 2380 3046 zona
2429 3008 2633 3062 corpus
2664 2991 2869 3061 cingit;
2917 3002 2970 3045 et
3018 3001 3200 3044 tamen
3240 2988 3381 3042 ultra
3418 2997 3725 3041 extremam

2134 3087 2284 3141 illam
2333 3085 2539 3142 Oeeani
2576 3102 2728 3142 oram
2762 3101 3054 3157 superesse
3102 3100 3222 3139 eam
3272 3092 3496 3146 terram,
3530 3083 3583 3136 in
3615 3096 3729 3151 qua

2129 3181 2379 3236 consitus
2417 3178 2519 3235 l'nit
2551 3180 2867 3250 paradisus.
2892 3178 3084 3249 Itaque
3114 3189 3306 3248 putant
3330 3176 3382 3231 hi
3406 3176 3727 3247 paradisum

2130 3287 2285 3329 extra
2336 3276 2483 3329 hunc
2512 3290 2542 3328 a
2581 3274 2905 3328 mortalibus
2955 3272 3361 3341 frequentatum
3406 3272 3593 3325 orbem
3629 3284 3733 3325 es-

2130 3368 2372 3434 stitisse;
2409 3368 2556 3435 quod
2591 3382 2721 3421 sane
2754 3367 2869 3421 suis
2900 3364 3239 3437 argumentis
3274 3380 3441 3434 posse
3475 3376 3733 3433 compro-

2132 3461 2249 3515 bari
2298 3462 2535 3514 videtur.
2587 3456 2759 3514 Nemo
2806 3460 2953 3515 enim
3010 3474 3250 3529 unquam
3304 3457 3620 3527 regulorum
3657 3476 3730 3509 eo

2130 3553 2414 3625 prolectus
2474 3555 2795 3624 paradisum
2838 3555 3127 3623 conspexit
3163 3570 3175 3607 :
3207 3553 3301 3623 qui
3344 3553 3389 3607 si
3428 3554 3569 3606 intra
3600 3564 3728 3605 eam

2132 3647 2321 3702 mundi
2353 3657 2561 3718 partem
2594 3662 2716 3717 (piae
2745 3648 2813 3701 ab
2847 3647 3161 3701 hominibus
3197 3646 3477 3699 habitatur
3516 3645 3731 3714 positus

2130 3749 2297 3805 esset,
2342 3741 2531 3809 procul
2563 3742 2731 3793 dubio
2764 3756 2917 3810 reges
2964 3741 3053 3808 qui
3117 3741 3166 3791 id
3207 3739 3388 3793 facere
3416 3739 3731 3807 potuissmit

2133 3831 2311 3884 visum
2339 3846 2465 3885 eum
2498 3833 2725 3885 iwssent
2752 3846 2767 3882 :
2798 3846 2824 3883 a
2854 3846 2960 3900 qua
2993 3846 3049 3884 re
3084 3842 3267 3885 tamen
3298 3845 3491 3884 omnes
3518 3828 3724 3893 adhuc,

2132 3925 2203 3976 ob
2232 3940 2351 3978 eam
2384 3934 2442 3979 ut
2474 3928 2685 3978 videtur
2717 3942 2881 3994 quam
2913 3927 3079 3979 modo
3132 3926 3242 3978 dixi
3274 3939 3524 3987 causam,
3556 3924 3725 3977 absti-

2134 4033 2323 4072 nuere.
2354 4020 2445 4073 Ait
2493 4021 2660 4080 enim,
2693 4020 2785 4087 qui
2823 4021 2876 4072 in
2910 4019 3011 4073 hac
3050 4029 3181 4072 sunt
3226 4016 3520 4081 sententia,
3573 4016 3729 4069 nituit

2135 4127 2287 4165 mare.
2312 4110 2443 4166 illud
2466 4113 2612 4181 quod
2643 4112 2784 4166 inter
2814 4113 2953 4163 hanc
2980 4119 3223 4164 nostram
3257 4122 3311 4164 et
3344 4110 3492 4163 illam
3522 4116 3724 4162 terram

2133 4204 2437 4269 interﬂuit,
2505 4203 2870 4274 iunavignbéle
2932 4217 3093 4267 esse,
3157 4201 3390 4270 ideoque
3451 4200 3727 4255 neminem

2137 4311 2325 4366 regum
2365 4297 2491 4350 illuc
2530 4299 2834 4363 tra,’ecissc.
2880 4297 2985 4351 Alii
3030 4311 3159 4351 vero
3203 4295 3279 4349 illi
3314 4297 3408 4366 qui
3452 4296 3727 4349 elementa

2136 4393 2335 4445 ainbiri
2366 4390 2601 4445 alterum
2636 4390 2705 4446 ab
2740 4389 2934 4453 altero,
2963 4400 3126 4461 atque
3160 4386 3365 4443 Oceani
3396 4404 3571 4457 aquas
3604 4389 3728 4441 uni-

2136 4499 2351 4539 versam
2406 4484 2631 4539 omnino
2692 4486 3038 4538 circumdare
3108 4492 3309 4537 terram
3378 4488 3611 4551 putant,
3666 4489 3727 4534 ut

452 4577 630 4633 Moses
672 4577 725 4631 iu
756 4593 821 4631 co
864 4578 1005 4631 libro
1033 4593 1195 4647 quem
1244 4575 1501 4632 Genesim
1540 4576 1677 4645 (hoc
1721 4585 1823 4639 est,
1855 4578 1919 4629 de
1948 4592 2032 4629 re-
2067 4591 2107 4645 ι)
2139 4577 2351 4632 nullum
2382 4579 2628 4647 supersit
2651 4578 2830 4631 solum
2864 4580 3005 4633 ultra
3034 4592 3205 4639 mare,
3236 4576 3549 4646 paradisum
3583 4577 3725 4629 intra

453 4687 570 4724 ram
604 4672 757 4741 ortu)
789 4685 1069 4732 vocamus,
1097 4673 1159 4724 de
1190 4670 1445 4740 paradiso
1483 4669 1700 4724 locutus
1729 4678 1835 4732 est,
1878 4684 2035 4724 eum-

450 4781 559 4835 que
606 4766 721 4818 suis
767 4764 913 4819 notis
962 4763 1282 4831 descripsit;
1336 4766 1404 4816 de
1446 4762 1570 4816 ρωιί
1627 4771 1809 4815 autem
1861 4775 2031 4831 regno

452 4877 563 4918 non
612 4862 837 4916 verbum
886 4860 1108 4930 quidem
1170 4856 1319 4911 fecit.
1372 4856 1587 4910 ltuisus
1635 4856 1688 4909 in
1740 4853 2031 4925 Evangelia

455 4954 719 5009 Dominus
765 4960 971 5016 noster,
1004 4952 1235 5022 ejusque
1279 4948 1532 5019 discipuli
1577 4957 1634 5004 et
1662 4945 1900 5003 Joannes
1933 4946 2035 5001 Ba-

453 5050 617 5116 ptista
665 5045 1077 5109 roncionautes,
1128 5044 1403 5098 adhortati
1480 5052 1606 5095 sunt
1657 5041 1917 5095 mortales
1967 5039 2034 5094 ad

452 5145 873 5211 pmnitentiazn,
940 5143 1070 5214 quia
1127 5142 1182 5195 in
1238 5140 1546 5212 propinquo
1602 5149 1746 5194 esset
1807 5152 2033 5209 regnum

456 5238 675 5291 rouleste
705 5236 785 5304 3';
838 5237 929 5291 sed
983 5236 1296 5305 paradisum
1333 5248 1453 5289 esse
1502 5232 1741 5286 vicinum
1795 5245 1901 5283 non
1951 5229 2035 5283 di-

456 5345 605 5384 xere.
644 5330 883 5399 Denique
916 5328 1020 5384 hoc
1051 5341 1272 5396 quoque
1300 5326 1441 5380 inter
1478 5325 1566 5378 illa
1602 5322 1897 5377 discrimen
1925 5332 2030 5387 cst,

451 5423 598 5492 quod
631 5430 752 5490 post
787 5421 1242 5475 resurrectionem
1270 5417 1627 5473 conscensuui
1664 5417 1777 5472 sint
1799 5416 1933 5485 justi
1967 5420 2032 5471 ad

454 5516 678 5569 caeleste
726 5530 974 5584 regnum,
1024 5525 1191 5583 atque
1240 5510 1349 5566 illic
1400 5512 1452 5565 in
1494 5525 1709 5567 Summa
1760 5508 2035 5579 voluptate

524 5664 566 5696 ιτ
597 5660 751 5713 Joan.
789 5676 897 5722 λιν,
927 5661 979 5713 2.
1057 5660 1102 5690 ’⁸
1137 5658 1302 5713 ΙΙι-ὶιτ.
1339 5673 1434 5719 XII,
1468 5660 1556 5722 ‘22,
1587 5659 1675 5713 95.

458 5749 615 5791 XXIII,
652 5732 742 5785 45.

528 5870 604 5933 (2)
642 5872 814 5937 Supra
844 5883 964 5935 cap.
997 5868 1025 5921 7
1056 5869 1158 5925 sub
1188 5869 1373 5922 linem.

1756 5657 1800 5689 "
1830 5656 1867 5711 II
1897 5655 2022 5712 Cor.
2068 5671 2118 5724 v,
2154 5658 2203 5712 1.

2138 4686 2293 4726 mare
2318 4672 2538 4741 quidem
2573 4674 2810 4740 positum
2837 4686 2960 4727 esse
2984 4675 3160 4737 aiunt,
3188 4686 3378 4725 verum
3408 4671 3478 4725 ob
3509 4678 3726 4724 ineuntes

2140 4763 2491 4819 diﬂicillimos
2518 4773 2573 4817 et
2604 4765 2820 4833 penitus
2850 4764 3025 4817 invios
3056 4764 3148 4834 qni
3187 4764 3329 4816 inter
3362 4762 3514 4815 illum
3543 4771 3598 4816 et
3625 4777 3726 4817 nos

2140 4858 2449 4921 exsistunt,
2504 4859 2777 4910 neminem
2830 4856 3142 4911 mortalium
3199 4856 3331 4909 illuc
3398 4855 3721 4910 accessisse.

2139 4950 2444 5006 Conﬁcitur
2493 4952 2677 5019 itaque
2724 4965 2791 5004 es
2848 4950 2955 5015 his,
3013 4948 3331 5019 paradisum
3387 4959 3537 5002 extra
3594 4964 3723 5004 eum

2139 5053 2298 5100 terra:
2339 5044 2526 5099 orbem
2573 5059 2735 5114 quem
2789 5044 3040 5098 homines
3072 5043 3331 5108 colimus,
3362 5044 3529 5097 situm
3576 5056 3721 5097 esse.

2724 5135 2953 5192 CAPUT
2996 5136 3131 5191 XIII.

2214 5230 2278 5285 In
2313 5248 2418 5303 qua
2464 5231 2649 5284 mundi
2701 5232 2907 5301 regione
2946 5233 3149 5299 positus
3194 5232 3265 5283 sit
3310 5230 3617 5301 paradisus.
3652 5257 3725 5271 --

2138 5322 2243 5378 Sed
2297 5332 2507 5393 qitaerat
2559 5322 2799 5390 aliquis,
2855 5325 2906 5374 in
2960 5337 3201 5390 quanam
3257 5323 3447 5377 mundi
3500 5324 3723 5392 regione

2136 5418 2351 5487 positus
2395 5419 2467 5472 sit
2505 5417 2791 5488 paradisus
2827 5432 2840 5469 :
2877 5432 3066 5470 versos
3100 5414 3401 5478 Orientem,
3445 5429 3514 5469 an
3563 5417 3722 5469 (ιυρι-

2136 5512 2387 5574 deutom,
2440 5512 2507 5563 ad
2561 5509 2867 5573 Meridiani,
2926 5526 2993 5561 an
3046 5508 3526 5578 Septentrionem?
3584 5509 3720 5561 llnic

2917 5660 2955 5690 ³¹
3004 5658 3187 5715 Matth.
3241 5676 3323 5726 tit,
3378 5662 3429 5715 l.

2321 5658 2417 5712 "l
2460 5658 2585 5713 Cor.
2642 5674 2701 5721 tt,
2748 5657 2799 5711 9.
2917 5660 2955 5690 ³³
3004 5658 3187 5715 Matth.
3241 5676 3323 5721 tit,
3378 5662 3429 5715 1.
3508 5664 3549 5693 δ’
3587 5661 3724 5721 Luc.
