4054 6138
392 276 493 335 497

1519 273 1616 330 DE
1664 272 2063 332 P.\l‘t.\DiSO.
2109 297 2174 306 -
2215 272 2414 333 PARS
2456 275 2503 335 Ῐ.

3526 272 3626 344 tes

391 386 808 454 respondentus,
860 383 1117 438 Basilium
1185 384 1402 451 quidem
1456 393 1509 435 ct
1556 385 1673 451 ejus
1738 382 1956 436 fratrem

2062 381 2183 437 diso
2232 382 2375 436 aﬂini
2427 392 2567 436 terra
2610 381 2662 435 in
2732 385 2870 436 hanc
2922 391 3158 437 nostram
3233 399 3326 453 per
3372 385 3626 439 vadosum

393 479 708 549 Gregorium
744 474 1064 548 Nyssettum,
1112 486 1275 545 atque
1319 485 1513 545 prater
1556 476 1654 531 hos
1686 478 1960 531 dominum

399 574 682 633 Severum,
734 570 1154 639 compluresque
1202 570 1339 623 alios
1388 570 1596 638 opinari
1648 569 1961 639 paradisum

394 662 461 715 ad
512 660 842 716 Orientalem
900 670 1055 714 terra:
1115 662 1389 728 regionem
1439 671 1675 716 exstare.
1728 661 1961 715 Basilius

394 752 538 805 inim
592 766 847 805 sermone
894 766 1057 817 super
1104 750 1233 803 illud
1286 749 1434 802 l’auli
1480 750 1547 811 ³³.
1613 749 1678 803 In
1720 752 1860 803 omni
1908 768 1963 804 re

392 847 593 915 gratias
625 847 783 915 agite,
832 846 897 897 ad
944 845 1086 898 hunc
1123 843 1343 897 modum
1380 844 1563 899 scribit
1608 861 1621 897 :
1673 864 1689 896 ι
1723 845 1847 897 Ideo
1894 843 1962 897 ad

394 938 673 995 Orientem
710 936 854 992 versi
901 939 1042 991 inter
1072 938 1335 991 orandum
1380 937 1651 1003 stetimus,
1686 947 1743 990 ut
1774 935 1961 991 oculos

393 1037 612 1085 nostros
646 1028 711 1083 ad
759 1027 1232 1097 contemplandum
1282 1029 1599 1097 paradisum
1650 1027 1963 1083 assuefaee~

392 1136 595 1185 remus,
640 1136 813 1189 eoque
858 1120 1037 1175 locum
1087 1130 1333 1174 nostrum
1383 1121 1675 1187 pristinum
1719 1120 1961 1191 require-

390 1228 589 1268 remus.
618 1212 915 1280 Gregorius
970 1225 1101 1266 vero
1143 1211 1441 1283 Nyssi-nus,
1496 1226 1746 1264 sermone
1798 1226 1959 1279 quem

391 1308 444 1360 in
494 1304 810 1361 Orationem
878 1304 1219 1360 Dominicatn
1281 1304 1627 1373 composuit.
1684 1303 1765 1357 sic.
1815 1306 1890 1357 ait
1946 1322 1957 1352 :

388 1398 772 1452 Convertintus
823 1412 923 1450 nos
978 1396 1046 1450 ad
1096 1396 1411 1457 Orientem,
1470 1411 1575 1447 non
1624 1396 1746 1449 ideo
1800 1398 1961 1449 moto

391 1488 534 1555 quod
580 1486 694 1543 illic
739 1486 884 1542 Deus
930 1486 1001 1541 sit
1047 1486 1416 1555 sspectabilis,
1464 1486 1556 1555 qui
1610 1486 1811 1554 ubique
1855 1496 1958 1549 est,

390 1594 566 1648 neque
594 1579 707 1634 ullo
738 1578 1055 1647 particulari
1088 1579 1208 1633 loco
1234 1580 1457 1632 omnino
1491 1580 1806 1633 centinetur
1834 1594 1957 1633 cum

389 1686 607 1725 omnem
650 1686 712 1724 es
758 1684 917 1737 aequo
950 1678 1208 1740 occupet,
1259 1672 1351 1725 sed
1394 1669 1519 1738 quia
1574 1670 1726 1725 locus
1772 1680 1960 1725 noster

390 1764 655 1833 pristinus
701 1765 753 1819 in
800 1761 1024 1819 Oriente
1062 1775 1145 1819 est
1183 1763 1291 1820 :de
1320 1779 1381 1819 ea
1416 1765 1521 1818 vita
1558 1764 1751 1831 loquor
1795 1777 1956 1830 quam

393 1861 445 1911 in
475 1856 731 1929 paradiso
757 1856 1120 1927 agitabamus,
1149 1873 1214 1911 ex
1246 1871 1355 1925 quo
1386 1855 1583 1910 deinde
1611 1854 1914 1909 excidimus
1941 1871 1956 1919 ;

389 1959 671 2006 conservat
699 1951 843 2005 enim
879 1950 1018 2004 Deus
1040 1950 1350 2019 paradisum
1376 1949 1427 2003 itt
1448 1950 1617 2015 Eden,
1638 1949 1691 2002 in
1715 1947 1954 2003 Oriente.

386 2043 523 2097 Cum
550 2042 717 2112 igitur
740 2043 806 2098 ad
833 2041 1107 2097 Orientem
1136 2042 1421 2114 dirigimus
1446 2043 1726 2097 oculorum
1751 2051 1957 2095 nostro-

389 2150 507 2189 rum
538 2135 738 2199 ai-iem,
766 2142 929 2204 atque
961 2150 1147 2189 casunt
1194 2133 1271 2203 (3)
1304 2143 1554 2189 nostrum
1594 2149 1704 2205 quo
1739 2149 1802 2189 es
1836 2136 1957 2189 bea-

388 2231 614 2284 tissitnis
650 2230 757 2285 illis
787 2230 919 2284 locis
950 2229 1281 2291 excidimus,
1312 2245 1631 2285 revocamus
1661 2229 1714 2284 in
1742 2232 1956 2285 animus

389 2330 625 2381 nostros.
666 2324 860 2377 merito
909 2324 1049 2376 hanc
1095 2334 1240 2377 tuam
1289 2324 1658 2394 precationem
1702 2325 1795 2380 tibi
1826 2324 1959 2379 olfe-

386 2414 577 2478 rimus,
605 2424 715 2468 etc.
739 2412 983 2483 Denique
1009 2414 1266 2469 dominus
1291 2416 1547 2479 Severus,
1576 2417 1821 2473 oratione
1849 2432 1954 2487 qua

387 2506 605 2562 disserit
632 2521 732 2560 cur
763 2507 904 2561 versi
934 2505 1002 2559 ad
1028 2506 1305 2562 Orientem
1342 2505 1653 2573 adoremus,
1687 2508 1801 2562 hinc
1829 2523 1953 2578 pro—

387 2598 520 2653 didit
552 2613 567 2651 :
596 2598 732 2664 Quia
775 2598 1065 2667 paradisus
1098 2600 1152 2654 in
1184 2597 1407 2655 Oriente
1447 2608 1552 2663 est,
1595 2610 1649 2655 et
1680 2602 1829 2655 illinc
1860 2617 1955 2655 su-

395 2706 514 2745 tuus
553 2692 780 2761 egressi,
831 2699 992 2759 atque
1037 2691 1103 2744 ad
1149 2691 1329 2746 locum
1375 2700 1622 2746 nosttunt
1670 2693 1953 2762 antiquum

388 2784 578 2839 reverti
607 2797 917 2852 speramus,
938 2792 1047 2841 etc.
1074 2784 1214 2837 Sunt
1236 2785 1402 2837 etiam
1427 2783 1523 2853 qui
1554 2784 1682 2840 hinc
1707 2794 1957 2840 constare

384 2874 720 2937 existiment,
770 2873 1085 2943 paradisum
1135 2876 1189 2928 in
1238 2874 1460 2930 Oriente
1504 2890 1645 2933 esse.
1691 2877 1815 2944 quia
1862 2875 1954 2945 qui

385 2968 582 3036 templa
629 2977 724 3022 aut
767 2968 912 3022 {edes
957 2976 1281 3039 construere
1332 2967 1519 3021 volunt
1565 2968 1631 3021 ad
1678 2966 1951 3023 Orientem

383 3061 705 3130 spectantia,
755 3061 826 3114 ita
870 3059 1209 3123 describunt,
1242 3070 1301 3113 ut
1349 3059 1415 3113 ad
1466 3060 1634 3113 solem
1679 3059 1732 3113 in
1773 3075 1955 3114 mense
1984 3092 2027 3152 ο

387 3152 548 3207 Nisan
576 3151 852 3207 Orientem
883 3152 1112 3207 obversa
1154 3151 1227 3205 sit
1269 3149 1498 3214 fabrica,
1529 3152 1787 3205 nimirum
1831 3154 1954 3220 quia

387 3246 475 3301 illo
527 3260 714 3299 mense
758 3243 839 3299 sol
886 3258 1051 3312 supra
1104 3241 1341 3312 paradisi
1391 3243 1570 3298 locum
1609 3243 1839 3298 oriatur.
1895 3242 1959 3296 Et

387 3337 578 3392 horuut
610 3337 701 3391 alii
733 3336 953 3407 quidem
987 3336 1130 3389 diem
1172 3335 1446 3391 decimum
1475 3336 1725 3404 quintum
1757 3336 1958 3391 mensis

385 3430 547 3487 Nisan
605 3431 937 3495 observant,
990 3429 1146 3497 quasi
1202 3443 1268 3483 eo
1319 3428 1451 3484 solis
1502 3427 1642 3483 radii
1697 3436 1842 3483 recte
1890 3443 1953 3482 es

381 3524 744 3581 orientalibus
785 3520 1041 3578 fenestris
1066 3521 1382 3591 prosiliant;
1409 3520 1499 3575 alii
1526 3535 1654 3576 vero
1675 3530 1956 3591 quartum,

381 3632 552 3688 eoque
591 3617 646 3671 id
681 3615 796 3671 tieri
834 3623 1045 3685 putant,
1080 3614 1226 3684 quod
1269 3612 1445 3669 soleo
1488 3615 1560 3668 sit
1588 3611 1677 3668 die
1718 3622 1955 3680 creatus,

380 3718 434 3763 et
471 3723 692 3763 cursum
741 3723 900 3762 suum
953 3707 1245 3775 occeperit.
1292 3704 1493 3760 Verum
1536 3702 1784 3774 Ephrem
1828 3704 1958 3759 dicit

380 3800 692 3869 paradisum
724 3800 1031 3854 universam
1076 3799 1284 3854 ambire
1354 3805 1555 3863 terram
1576 3839 1591 3863 ,
1623 3806 1788 3867 atque
1817 3797 1954 3853 ultra

382 3894 664 3947 Oceanum
715 3890 787 3946 ita
822 3890 1059 3959 positum
1091 3902 1213 3944 esse
1247 3897 1306 3943 ut
1349 3896 1522 3942 totum
1570 3893 1838 3941 terrarum
1862 3899 1956 3940 or-

383 3986 501 4041 bem
533 3985 603 4040 ab
633 3982 783 4037 omni
819 3978 1123 4038 circumdet
1163 3980 1405 4049 regione.
1447 3992 1554 4032 non
1603 3977 1757 4032 aliter
1792 3985 1957 4046 atque

381 4080 523 4134 inn:
570 4076 723 4132 orbis
775 4074 961 4129 lunam
1011 4072 1203 4143 cingit.
1254 4071 1396 4127 Sunt
1442 4080 1625 4125 autem
1681 4070 1793 4124 haec
1838 4068 1957 4139 ejus

384 4169 496 4226 fere
537 4169 724 4232 verba,
766 4168 965 4237 quibus
995 4165 1048 4220 itt
1078 4180 1142 4220 ea
1188 4180 1283 4220 sua
1325 4163 1694 4234 disputatione
1742 4162 1952 4217 utitur:

382 4257 520 4322 Quis
567 4254 759 4327 procul
808 4262 960 4309 extra
1004 4264 1357 4322 conspectum
1409 4253 1637 4307 dissitus
1676 4262 1756 4306 est
1794 4266 1955 4321 para-

382 4349 559 4414 disus,
590 4361 769 4419 neque
815 4355 923 4400 tam
969 4356 1128 4402 acuta
1160 4346 1301 4400 inest
1340 4346 1516 4399 oculis
1545 4344 1748 4398 nostris
1791 4345 1953 4409 acies,

2063 489 2213 529 mare
2242 475 2467 545 pedibus
2498 490 2855 543 commeasse,
2882 491 3006 530 cum
3038 487 3221 531 essent
3252 487 3477 533 statura?
3508 494 3633 545 pro-

2064 567 2400 633 cerissimae;
2460 578 2622 634 atque
2695 568 2796 620 hoc
2864 577 2979 620 tum
3036 584 3101 622 ex
3162 568 3461 622 Athanasio
3518 578 3628 621 tum

2064 676 2094 715 e
2120 659 2322 729 Cyr-illo
2360 661 2715 728 comptobare
2745 661 3017 724 nituntur,
3064 661 3156 732 qui
3190 661 3327 714 inter
3361 661 3460 715 alia
3499 663 3631 713 scri-

2062 752 2228 820 bunt,
2259 752 2645 807 habitationem
2676 752 2904 822 primam
2940 762 3058 821 post
3089 751 3400 821 paradisum
3462 750 3631 806 fuisse

2064 847 2270 900 Adamo
2322 848 2376 901 itt
2418 848 2605 903 Judtca
2658 863 2671 900 :
2722 855 2982 915 praeterea
3033 845 3232 915 ipsum,
3284 854 3631 916 posteaquam

2063 953 2160 1009 per
2190 939 2453 1007 plurimas
2485 940 2735 1009 regiones
2775 948 3006 1007 vagatus
3065 939 3119 991 in
3154 938 3279 991 aliis
3309 948 3472 1006 atque
3512 938 3632 990 aliis

2064 1031 2365 1086 habitasset
2394 1032 2528 1086 locis
2550 1072 2565 1096 ,
2604 1032 2821 1085 laudent
2854 1031 2957 1086 sub
2989 1031 3111 1086 vitae
3140 1031 3297 1084 finem
3334 1029 3546 1084 venisse
3579 1030 3632 1083 itt

2064 1132 2302 1177 montem
2336 1122 2525 1183 Iebus,
2563 1124 2747 1192 ibique
2795 1123 3066 1191 sepultum
3116 1138 3271 1187 esse;
3309 1133 3517 1176 certum
3553 1131 3636 1175 est

2064 1227 2245 1270 autem
2278 1212 2447 1270 Jehus
2479 1230 2603 1271 esse
2633 1214 2955 1268 Jerusalem.
2991 1212 3056 1270 Et
3086 1229 3214 1269 vero
3261 1213 3515 1268 dominus
3544 1213 3635 1267 Ja-

2063 1308 2237 1362 cobns
2267 1306 2560 1363 Orrohaita
2598 1309 2760 1361 tradit
2800 1307 2963 1362 etiam
2995 1306 3164 1361 Noaut
3197 1307 3305 1361 illic
3337 1305 3634 1372 habitasse,

2062 1407 2226 1465 atque
2258 1397 2309 1450 in
2340 1400 2559 1466 regione
2583 1399 2945 1452 Sodomorum
2980 1398 3255 1467 plantasse
3288 1398 3410 1451 illas
3439 1398 3635 1451 ci-dros

2062 1504 2128 1543 ex
2177 1488 2377 1557 quibus
2431 1503 2611 1544 aream
2652 1490 2959 1545 construxit
3007 1506 3021 1542 :
3070 1504 3235 1558 quam
3275 1504 3459 1542 arcam
3508 1504 3632 1543 cum

2060 1591 2204 1637 esset
2248 1597 2354 1635 una
2404 1598 2529 1637 cum
2584 1582 2767 1637 liberis
2818 1584 2931 1637 suis
2978 1598 3380 1638 conscensurus
3430 1581 3633 1649 impen-

2061 1673 2226 1729 dente
2257 1675 2486 1738 diluvio,
2519 1690 2702 1730 secum
2740 1677 2790 1727 in
2828 1692 2947 1731 cam
2979 1676 3230 1731 intulisse
3261 1692 3385 1731 ossa
3420 1677 3632 1740 Adami,

2068 1780 2240 1835 eaque
2287 1766 2480 1821 deinde
2523 1775 2644 1836 post
2689 1767 2951 1821 diluvium
2992 1784 3116 1823 arra
3166 1785 3482 1838 egressum.
3520 1770 3634 1822 suis

2066 1855 2193 1910 ﬁliis
2226 1855 2587 1919 distribuisse,
2626 1868 2781 1925 prniit
2818 1858 3003 1913 orbem
3040 1866 3308 1914 terrarum
3341 1864 3481 1914 inter
3514 1862 3633 1915 illos

2066 1946 2418 2002 habitandum
2462 1949 2812 2015 partit-batur.
2867 1948 3025 2005 Verbi
3060 1951 3231 2021 gratia
3274 1970 3287 2007 :
3329 1951 3632 2010 Calvariam

2064 2038 2255 2094 Adami
2309 2040 2525 2097 dedisse
2572 2041 2937 2111 primogenita
2984 2058 3084 2098 suo
3132 2044 3282 2107 Sent,
3332 2056 3386 2099 ct
3436 2058 3632 2100 terram

2064 2131 2373 2199 assignasse
2401 2132 2450 2186 ei
2481 2131 2744 2199 Juda-am,
2774 2144 2939 2204 atque
2967 2136 3040 2191 ita
3070 2140 3435 2206 posteritatem
3470 2138 3591 2191 Sent
3618 2180 3632 2201 ,

2064 2238 2189 2280 cum
2235 2226 2284 2281 ei
2319 2223 2558 2281 Judteam
2604 2244 2702 2283 ceu
2760 2244 2915 2284 suam
2972 2231 3341 2288 lneralitatem
3373 2234 3632 2298 venisset,

2067 2318 2211 2373 illam
2252 2318 2382 2375 Adae
2429 2319 2733 2375 Calvariam
2784 2338 2908 2392 qua:
2955 2324 3061 2379 sibi
3114 2326 3261 2379 illius
3309 2328 3525 2381 ossibus
3567 2344 3632 2381 es

2065 2421 2289 2483 paterna
2323 2414 2709 2470 diStributiooe
2756 2417 3075 2484 obvenerat,
3113 2420 3166 2473 in
3202 2421 3330 2477 Atia:
3380 2422 3633 2493 sepulcro

2063 2503 2206 2573 quod
2253 2505 2456 2575 alioqui
2503 2507 2618 2576 jam
2668 2516 2779 2562 tum
2833 2509 2943 2564 illic
2990 2512 3260 2577 exstabat,
3298 2514 3630 2583 reposuisse.

2065 2596 2170 2651 Sed
2195 2597 2288 2651 alii
2312 2598 2652 2663 existimant,
2677 2600 2800 2655 inde
2821 2617 2887 2656 ex
2912 2617 3020 2669 quo
3045 2604 3347 2673 deliquerat
3368 2605 3631 2671 Adamus,

2063 2703 2202 2758 eque
2234 2691 2489 2759 paradiso
2535 2689 2713 2745 fuerat
2758 2691 3077 2749 eliminatos
3106 2712 3120 2746 :
3152 2710 3325 2763 usque
3370 2696 3435 2750 ad
3487 2696 3631 2751 dilu-

2063 2783 2233 2845 vium,
2284 2798 2390 2836 mut
2407 2784 2543 2838 tales
2588 2800 2781 2839 omnes
2828 2788 3096 2841 mansisse
3134 2789 3187 2841 itt
3222 2804 3283 2841 ca
3332 2799 3469 2841 terra
3513 2804 3635 2858 qua:

2064 2882 2214 2928 trans
2245 2870 2520 2928 Oceanum
2570 2875 2775 2929 circum
2809 2876 3123 2945 paradisum
3152 2877 3405 2933 exstabat
3448 2897 3460 2931 :
3496 2880 3634 2934 hanc

2064 2980 2193 3019 vero
2222 2980 2385 3036 quam
2422 2981 2521 3020 nos
2562 2967 2674 3037 jam
2718 2968 2984 3022 habemus
3017 2978 3216 3023 terram
3271 2970 3337 3024 ad
3373 2971 3424 3024 id
3461 2986 3633 3040 usque

2065 3066 2275 3127 tempus
2300 3074 2526 3112 vacuam
2561 3073 2787 3127 prorsus
2821 3060 3103 3113 hominum
3136 3060 3307 3117 fuisse
3335 3065 3634 3117 desertam-

2059 3167 2204 3221 que;
2242 3152 2472 3221 illosque
2518 3166 2711 3205 omnes
2758 3152 2962 3207 diluvio
2994 3153 3220 3208 obrutos
3255 3168 3473 3224 pr0pter
3506 3157 3630 3209 vita:

2060 3241 2425 3312 impuritatem
2450 3244 2700 3312 periisse,
2725 3258 2835 3298 uno
2856 3240 2971 3298 Noa
2995 3246 3111 3298 viro
3129 3246 3281 3315 jusw
3302 3262 3427 3300 cum
3453 3246 3629 3303 tribus

2060 3333 2244 3388 liberis
2276 3344 2438 3403 atque
2475 3334 2802 3404 coniugibus
2839 3336 3153 3403 superstite,
3190 3348 3247 3390 ut
3279 3338 3476 3409 reliqui
3515 3347 3629 3392 Iunt

2061 3425 2261 3481 fuerint
2293 3427 2394 3482 soli
2429 3436 2551 3482 octo
2580 3429 2858 3483 mortales.
2890 3426 3157 3483 Caeterum
3227 3426 3393 3483 Nosm
3440 3432 3633 3484 cedunt

2059 3518 2115 3573 in
2147 3518 2237 3573 illa
2271 3534 2394 3588 qua:
2427 3518 2569 3574 ultra
2604 3520 2879 3575 Oceanum
2912 3528 2997 3576 est
3024 3532 3166 3576 terra
3196 3522 3425 3585 sevisse,
3471 3531 3633 3592 atque

2057 3624 2123 3664 ex
2174 3610 2280 3665 illis
2329 3625 2511 3665 arcam
2549 3610 2661 3665 illic
2714 3611 3019 3677 struxisse;
3075 3628 3247 3682 caque
3285 3622 3463 3669 tectos
3509 3624 3634 3670 octo

2060 3701 2185 3756 illos
2216 3702 2485 3767 homines,
2520 3718 2644 3755 cttttt
2677 3719 2707 3756 a
2733 3702 2941 3757 diluvio
2974 3704 3176 3758 servati
3209 3718 3410 3767 essent,
3443 3723 3506 3759 ex
3543 3707 3630 3760 illa

2059 3790 2297 3860 paradisi
2336 3793 2553 3861 regione
2599 3793 2652 3846 in
2684 3792 2824 3848 hanc
2857 3804 3101 3848 nostram
3136 3797 3449 3864 pervenisse
3480 3815 3490 3851 :
3525 3815 3630 3854 non

2059 3894 2242 3938 autem
2292 3882 2518 3953 pedibus
2570 3883 2740 3940 maris
2822 3884 3020 3939 vadum
3078 3887 3469 3945 transmisisse.
3528 3888 3629 3955 Qui

2060 3971 2201 4028 hanc
2247 3976 2571 4029 sententiam
2619 3982 2862 4039 tuentur,
2911 3973 3156 4046 Ephratni
3194 3989 3470 4033 auctorem
3522 3980 3636 4034 latt-

2058 4065 2232 4128 dant,
2298 4066 2393 4138 qui
2449 4070 2500 4120 in
2562 4067 2677 4122 suis
2735 4066 3159 4124 Commentariis
3225 4070 3305 4124 sic
3369 4072 3630 4141 scriptum

2058 4158 2280 4226 reliquit
2308 4175 2321 4211 :
2358 4177 2378 4211 ι
2410 4158 2473 4211 Et
2500 4158 2661 4228 eiecit
2686 4172 2811 4212 eum
2836 4175 2902 4214 ex
2932 4174 2998 4213 eo
3024 4160 3632 4232 (paradisumintelligc)

2059 4249 2471 4320 assignat-itque
2523 4249 2624 4320 ipsi
2675 4264 2785 4305 non
2835 4249 3022 4320 procul
3071 4255 3140 4305 ah
3179 4268 3267 4306 eo.
3318 4250 3630 4322 Benignitas

2060 4351 2224 4412 atque
2253 4342 2426 4411 gratia
2466 4356 2666 4411 scopus
2694 4351 2778 4397 est
2809 4353 3105 4412 perpetuus
3144 4341 3289 4408 Deo;
3321 4343 3441 4411 ejus
3466 4345 3627 4399 etiam

383 4453 445 4498 ut
476 4440 629 4497 illum
664 4438 887 4510 assequi
939 4437 1248 4506 possimus;
1289 4437 1335 4492 si
1382 4437 1448 4491 de
1491 4436 1611 4505 ipso
1648 4435 1950 4505 periculum
1988 4432 2031 4488 ι)
2060 4433 2137 4487 rei
2181 4432 2323 4502 apud
2380 4432 2584 4488 inferos
2638 4433 2863 4504 vestigia
2930 4442 3166 4489 exstant.
3227 4432 3627 4490 llahitationetu

385 4534 565 4588 facere
603 4532 763 4593 velis,
813 4529 971 4585 facile
1015 4528 1314 4584 contuleris
1359 4543 1485 4585 cum
1529 4528 1735 4584 circulo
1766 4528 1951 4582 lunam

385 4624 693 4689 ambiente,
743 4631 909 4692 atque
961 4622 1033 4676 ita
1084 4622 1358 4676 intellecut
1414 4619 1893 4688 comprehenderis
1933 4635 1950 4673 :

388 4734 513 4774 nam
561 4717 632 4772 ita
684 4716 774 4771 ille
819 4725 876 4771 et
922 4729 1075 4768 mare
1104 4722 1157 4767 ct
1189 4724 1389 4768 terram
1442 4712 1583 4767 intra
1623 4727 1682 4768 se
1711 4712 1956 4782 contple~

388 4812 574 4866 ctitur.

966 4898 1192 4957 CAPUT
1234 4898 1373 4955 XIV.

460 4995 733 5061 Quomodo
773 4996 1075 5065 trojeccriut
1124 4993 1281 5062 primi
1323 5002 1564 5063 parentes
1604 5006 1670 5046 es
1714 4989 1955 5061 paradisi

388 5097 532 5143 terra
576 5103 629 5140 ut
679 5085 813 5140 lianc
856 5096 1074 5141 terram.
1131 5083 1198 5137 Et
1246 5082 1567 5137 habitaritne
1621 5078 1854 5134 Aricinus
1901 5080 1955 5131 in

389 5180 596 5251 regione
626 5176 1136 5249 Hierosolymorum,
1179 5192 1375 5231 annon.
1412 5206 1478 5217 —
1506 5173 1734 5242 Quidam
1763 5186 1955 5227 eorum

388 5272 695 5332 doctorum.
744 5270 837 5341 qui
881 5281 1103 5326 censent
1144 5268 1453 5336 paradisum
1490 5267 1629 5323 ultra
1682 5265 1956 5319 Oceanum

389 5376 510 5418 esse
537 5362 798 5434 positum,
830 5360 1018 5417 dixere
1052 5361 1261 5431 primos
1297 5359 1544 5416 homines
1574 5374 1637 5413 es
1678 5356 1764 5413 illa
1803 5371 1960 5427 para-

460 5539 505 5572 ”
535 5538 553 5595 Ι
587 5535 781 5593 Thess.
814 5553 864 5603 ν,
905 5538 989 5594 Ν.

465 5723 541 5787 f3)
571 5723 720 5779 Alias
753 5725 973 5777 exitum.

2061 4524 2285 4580 dederat
2331 4524 2433 4594 ipsi
2488 4525 2540 4579 in
2594 4525 2871 4594 paradiso,
2922 4526 3018 4581 sed
3073 4529 3457 4596 praevaricator;
3500 4540 3626 4584 cst:

2061 4633 2255 4673 rursus
2297 4633 2425 4687 ergo
2467 4619 2702 4674 extrusit
2751 4618 3029 4688 paradiso,
3071 4619 3166 4674 sed
3220 4620 3272 4673 itt
3328 4623 3633 4691 propinquo

2062 4708 2371 4764 collocavit.
2434 4706 2540 4763 Sed
2569 4716 2623 4763 et
2676 4708 2765 4763 hic
2821 4709 3174 4788 perditissimi
3215 4711 3463 4767 homines
3503 4713 3637 4768 dolis

2062 4806 2323 4868 qucruut,
2370 4808 2424 4853 et
2456 4796 2549 4869 qui
2578 4797 2735 4868 juxta
2766 4798 3079 4868 paradisum
3117 4799 3446 4868 habitarent,
3498 4802 3638 4857 indi-

2065 4891 2156 4959 gni
2184 4897 2476 4947 evaserunt
2507 4908 2520 4944 :
2552 4904 2694 4944 arcae
2721 4889 2889 4963 igitur
2917 4890 3219 4960 imperavit,
3258 4905 3321 4946 ea
3359 4892 3411 4946 itt
3442 4893 3635 4948 Arme-

2064 4983 2209 5037 niam
2245 4982 2365 5037 iilns
2394 4982 2678 5054 portavit.’
2710 4980 2983 5039 llactenus
3007 4981 3276 5052 Epitraem.
3306 4981 3437 5050 Quae
3480 4985 3524 5038 si
3554 4986 3635 5040 sic

2065 5091 2123 5131 se
2156 5074 2378 5140 habent,
2415 5089 2715 5146 velumque
2741 5083 2845 5138 rst,
2879 5074 3008 5129 Adae
3037 5074 3341 5130 Calvariant
3388 5077 3443 5129 itt
3467 5074 3632 5131 Jebus

2066 5167 2195 5237 (hoc
2222 5176 2322 5234 est,
2358 5163 2683 5236 Jerusalem)
2740 5165 3029 5236 sepultam,
3084 5177 3133 5221 ct
3170 5164 3374 5224 Christi
3419 5182 3635 5223 crucem

2068 5262 2122 5313 in
2151 5273 2271 5313 eam
2304 5260 2536 5313 dctixatn
2572 5257 2739 5313 fuisse
2775 5275 2786 5310 :
2814 5267 3021 5313 certum
3060 5271 3277 5328 quoque
3307 5258 3433 5322 erit,
3467 5257 3635 5312 Nnam

2072 5360 2385 5421 asportasse
2418 5364 2543 5407 ossa
2579 5348 2775 5406 Adami
2816 5364 2878 5405 ex
2933 5349 3097 5405 altera
3138 5350 3226 5405 illa
3275 5361 3438 5413 terra,
3482 5367 3633 5406 eum.
