  <div class='ocr_page' id='page_1' title='image "/cluster/home/n/w/nwhite01/storage/ocr_20150623/111/mdp.39015009379887/257.png"; bbox 0 0 4082 6160; ppageno 0'>
   <div class='ocr_carea' id='block_1_1' title="bbox 401 268 511 337">
    <p class='ocr_par' dir='ltr' id='par_1_1' title="bbox 401 268 511 337">
     <span class='ocr_line' id='line_1_1' title="bbox 401 268 511 337; baseline 0.018 -2"><span class='ocrx_word' id='word_1_1' title='bbox 401 268 511 337; x_wconf 68' lang='grc'><strong>499</strong></span> 
     </span>
    </p>
   </div>
   <div class='ocr_carea' id='block_1_2' title="bbox 1674 279 2386 343">
    <p class='ocr_par' dir='ltr' id='par_1_2' title="bbox 1674 279 2386 343">
     <span class='ocr_line' id='line_1_2' title="bbox 1674 279 2386 343; baseline -0.003 -2"><span class='ocrx_word' id='word_1_2' title='bbox 1674 279 1908 341; x_wconf 80' lang='lat' dir='ltr'><strong>MOSIS</strong></span> <span class='ocrx_word' id='word_1_3' title='bbox 1949 280 2098 341; x_wconf 66' lang='grc' dir='ltr'><strong>ΒΔΗ</strong></span> <span class='ocrx_word' id='word_1_4' title='bbox 2140 279 2386 343; x_wconf 76' lang='grc' dir='ltr'><strong>ΟΕΡΙΙΛ</strong></span> 
     </span>
    </p>
   </div>
   <div class='ocr_carea' id='block_1_3' title="bbox 3557 276 3660 343">
    <p class='ocr_par' dir='ltr' id='par_1_3' title="bbox 3557 276 3660 343">
     <span class='ocr_line' id='line_1_3' title="bbox 3557 276 3660 343; baseline 0 0"><span class='ocrx_word' id='word_1_5' title='bbox 3557 276 3660 343; x_wconf 85' lang='grc'><strong>500</strong></span> 
     </span>
    </p>
   </div>
   <div class='ocr_carea' id='block_1_4' title="bbox 404 385 3660 465">
    <p class='ocr_par' dir='ltr' id='par_1_4' title="bbox 404 385 3660 465">
     <span class='ocr_line' id='line_1_4' title="bbox 404 385 3660 465; baseline 0.002 -25"><span class='ocrx_word' id='word_1_6' title='bbox 404 405 537 451; x_wconf 78' lang='lat' dir='ltr'><strong>que,</strong></span> <span class='ocrx_word' id='word_1_7' title='bbox 600 385 693 442; x_wconf 92' lang='lat' dir='ltr'><strong>ubi</strong></span> <span class='ocrx_word' id='word_1_8' title='bbox 752 386 806 445; x_wconf 89' lang='lat' dir='ltr'><strong>in</strong></span> <span class='ocrx_word' id='word_1_9' title='bbox 844 387 986 444; x_wconf 89' lang='lat' dir='ltr'><strong>banc</strong></span> <span class='ocrx_word' id='word_1_10' title='bbox 1035 399 1279 446; x_wconf 87' lang='lat' dir='ltr'><strong>nostram</strong></span> <span class='ocrx_word' id='word_1_11' title='bbox 1344 391 1671 463; x_wconf 85' lang='lat' dir='ltr'><strong>trajecisset,</strong></span> <span class='ocrx_word' id='word_1_12' title='bbox 1727 392 1838 449; x_wconf 84' lang='lat' dir='ltr'><strong>lilio</strong></span> <span class='ocrx_word' id='word_1_13' title='bbox 1890 409 1988 448; x_wconf 91' lang='lat' dir='ltr'><strong>suo</strong></span> <span class='ocrx_word' id='word_1_14' title='bbox 2015 396 2062 457; x_wconf 78' lang='grc' dir='ltr'><strong>Α</strong></span> <span class='ocrx_word' id='word_1_15' title='bbox 2096 394 2304 452; x_wconf 83' lang='lat' dir='ltr'><strong>fructus</strong></span> <span class='ocrx_word' id='word_1_16' title='bbox 2339 393 2576 465; x_wconf 84' lang='lat' dir='ltr'><strong>paradisi</strong></span> <span class='ocrx_word' id='word_1_17' title='bbox 2614 393 2739 464; x_wconf 88' lang='lat' dir='ltr'><strong>(etsi</strong></span> <span class='ocrx_word' id='word_1_18' title='bbox 2770 392 2996 449; x_wconf 73' lang='lat' dir='ltr'><strong>arbdres</strong></span> <span class='ocrx_word' id='word_1_19' title='bbox 3031 390 3349 463; x_wconf 85' lang='lat' dir='ltr'><strong>fructusque</strong></span> <span class='ocrx_word' id='word_1_20' title='bbox 3382 393 3660 462; x_wconf 83' lang='lat' dir='ltr'><strong>appellen-</strong></span> 
     </span>
    </p>
   </div>
   <div class='ocr_carea' id='block_1_5' title="bbox 406 481 1981 560">
    <p class='ocr_par' dir='ltr' id='par_1_5' title="bbox 406 481 1981 560">
     <span class='ocr_line' id='line_1_5' title="bbox 406 481 1981 560; baseline 0.01 -32"><span class='ocrx_word' id='word_1_21' title='bbox 406 481 771 552; x_wconf 73' lang='lat' dir='ltr'><strong>primogenito</strong></span> <span class='ocrx_word' id='word_1_22' title='bbox 823 481 950 538; x_wconf 80' lang='lat' dir='ltr'><strong>Sern</strong></span> <span class='ocrx_word' id='word_1_23' title='bbox 1003 495 1167 555; x_wconf 91' lang='lat' dir='ltr'><strong>caput</strong></span> <span class='ocrx_word' id='word_1_24' title='bbox 1195 485 1413 542; x_wconf 81' lang='lat' dir='ltr'><strong>dedisse</strong></span> <span class='ocrx_word' id='word_1_25' title='bbox 1446 505 1461 541; x_wconf 88' lang='lat'><strong>:</strong></span> <span class='ocrx_word' id='word_1_26' title='bbox 1494 488 1763 560; x_wconf 87' lang='lat' dir='ltr'><strong>hujusque</strong></span> <span class='ocrx_word' id='word_1_27' title='bbox 1800 498 1981 558; x_wconf 86' lang='lat' dir='ltr'><strong>poste-</strong></span> 
     </span>
    </p>
   </div>
   <div class='ocr_carea' id='block_1_6' title="bbox 404 575 1981 651">
    <p class='ocr_par' dir='ltr' id='par_1_6' title="bbox 404 575 1981 651">
     <span class='ocr_line' id='line_1_6' title="bbox 404 575 1981 651; baseline 0.006 -24"><span class='ocrx_word' id='word_1_28' title='bbox 404 576 622 631; x_wconf 86' lang='lat' dir='ltr'><strong>ritatem</strong></span> <span class='ocrx_word' id='word_1_29' title='bbox 671 575 801 631; x_wconf 91' lang='lat' dir='ltr'><strong>illud</strong></span> <span class='ocrx_word' id='word_1_30' title='bbox 856 576 909 632; x_wconf 90' lang='lat' dir='ltr'><strong>in</strong></span> <span class='ocrx_word' id='word_1_31' title='bbox 947 577 1115 634; x_wconf 79' lang='lat' dir='ltr'><strong>Jebus</strong></span> <span class='ocrx_word' id='word_1_32' title='bbox 1146 578 1356 651; x_wconf 84' lang='lat' dir='ltr'><strong>(utpote</strong></span> <span class='ocrx_word' id='word_1_33' title='bbox 1422 597 1520 638; x_wconf 88' lang='lat' dir='ltr'><strong>sua</strong></span> <span class='ocrx_word' id='word_1_34' title='bbox 1578 584 1821 650; x_wconf 81' lang='lat' dir='ltr'><strong>ipsorum</strong></span> <span class='ocrx_word' id='word_1_35' title='bbox 1858 598 1981 651; x_wconf 82' lang='lat' dir='ltr'><strong>pos-</strong></span> 
     </span>
    </p>
   </div>
   <div class='ocr_carea' id='block_1_7' title="bbox 402 668 1980 747">
    <p class='ocr_par' dir='ltr' id='par_1_7' title="bbox 402 668 1980 747">
     <span class='ocr_line' id='line_1_7' title="bbox 402 668 1980 747; baseline 0.005 -26"><span class='ocrx_word' id='word_1_36' title='bbox 402 668 675 740; x_wconf 69' lang='lat' dir='ltr'><strong>sessione)</strong></span> <span class='ocrx_word' id='word_1_37' title='bbox 719 670 1061 747; x_wconf 79' lang='lat' dir='ltr'><strong>sepelivisse.</strong></span> <span class='ocrx_word' id='word_1_38' title='bbox 1107 671 1230 727; x_wconf 69' lang='lat' dir='ltr'><strong>llzec</strong></span> <span class='ocrx_word' id='word_1_39' title='bbox 1263 674 1424 744; x_wconf 78' lang='lat' dir='ltr'><strong>igitur</strong></span> <span class='ocrx_word' id='word_1_40' title='bbox 1469 676 1535 729; x_wconf 86' lang='lat' dir='ltr'><strong>ab</strong></span> <span class='ocrx_word' id='word_1_41' title='bbox 1590 674 1696 730; x_wconf 87' lang='lat' dir='ltr'><strong>illis</strong></span> <span class='ocrx_word' id='word_1_42' title='bbox 1726 674 1980 730; x_wconf 89' lang='lat' dir='ltr'><strong>dicuntur</strong></span> 
     </span>
    </p>
   </div>
   <div class='ocr_carea' id='block_1_8' title="bbox 401 762 1978 833">
    <p class='ocr_par' dir='ltr' id='par_1_8' title="bbox 401 762 1978 833">
     <span class='ocr_line' id='line_1_8' title="bbox 401 762 1978 833; baseline 0.006 -21"><span class='ocrx_word' id='word_1_43' title='bbox 401 762 496 832; x_wconf 77' lang='lat' dir='ltr'><strong>qui</strong></span> <span class='ocrx_word' id='word_1_44' title='bbox 555 762 849 833; x_wconf 85' lang='lat' dir='ltr'><strong>opinantur</strong></span> <span class='ocrx_word' id='word_1_45' title='bbox 905 765 1222 833; x_wconf 81' lang='lat' dir='ltr'><strong>paradisum</strong></span> <span class='ocrx_word' id='word_1_46' title='bbox 1298 768 1438 822; x_wconf 89' lang='lat' dir='ltr'><strong>ultra</strong></span> <span class='ocrx_word' id='word_1_47' title='bbox 1503 783 1653 823; x_wconf 86' lang='lat' dir='ltr'><strong>mare</strong></span> <span class='ocrx_word' id='word_1_48' title='bbox 1702 768 1978 823; x_wconf 77' lang='lat' dir='ltr'><strong>Oceanum</strong></span> 
     </span>
    </p>
   </div>
   <div class='ocr_carea' id='block_1_9' title="bbox 400 854 1979 930">
    <p class='ocr_par' dir='ltr' id='par_1_9' title="bbox 400 854 1979 930">
     <span class='ocr_line' id='line_1_9' title="bbox 400 854 1979 930; baseline 0.006 -24"><span class='ocrx_word' id='word_1_49' title='bbox 400 854 710 924; x_wconf 68' lang='lat' dir='ltr'><strong>exsistere;</strong></span> <span class='ocrx_word' id='word_1_50' title='bbox 743 866 800 912; x_wconf 85' lang='lat' dir='ltr'><strong>at</strong></span> <span class='ocrx_word' id='word_1_51' title='bbox 848 856 1063 914; x_wconf 90' lang='lat' dir='ltr'><strong>illorum</strong></span> <span class='ocrx_word' id='word_1_52' title='bbox 1105 860 1197 929; x_wconf 86' lang='lat' dir='ltr'><strong>qui</strong></span> <span class='ocrx_word' id='word_1_53' title='bbox 1251 868 1442 930; x_wconf 87' lang='lat' dir='ltr'><strong>putant</strong></span> <span class='ocrx_word' id='word_1_54' title='bbox 1473 860 1787 930; x_wconf 82' lang='lat' dir='ltr'><strong>paradisum</strong></span> <span class='ocrx_word' id='word_1_55' title='bbox 1839 862 1979 915; x_wconf 89' lang='lat' dir='ltr'><strong>intra</strong></span> 
     </span>
    </p>
   </div>
   <div class='ocr_carea' id='block_1_10' title="bbox 399 942 1982 1022">
    <p class='ocr_par' dir='ltr' id='par_1_10' title="bbox 399 942 1982 1022">
     <span class='ocr_line' id='line_1_10' title="bbox 399 942 1982 1022; baseline 0.006 -21"><span class='ocrx_word' id='word_1_56' title='bbox 399 942 678 1003; x_wconf 78' lang='lat' dir='ltr'><strong>Oceanum</strong></span> <span class='ocrx_word' id='word_1_57' title='bbox 714 963 836 1003; x_wconf 89' lang='lat' dir='ltr'><strong>esse</strong></span> <span class='ocrx_word' id='word_1_58' title='bbox 868 951 1133 1021; x_wconf 86' lang='lat' dir='ltr'><strong>positum.</strong></span> <span class='ocrx_word' id='word_1_59' title='bbox 1171 967 1346 1022; x_wconf 88' lang='lat' dir='ltr'><strong>neque</strong></span> <span class='ocrx_word' id='word_1_60' title='bbox 1375 968 1474 1006; x_wconf 84' lang='lat' dir='ltr'><strong>nos</strong></span> <span class='ocrx_word' id='word_1_61' title='bbox 1509 955 1649 1008; x_wconf 89' lang='lat' dir='ltr'><strong>mari</strong></span> <span class='ocrx_word' id='word_1_62' title='bbox 1687 953 1780 1008; x_wconf 88' lang='lat' dir='ltr'><strong>sed</strong></span> <span class='ocrx_word' id='word_1_63' title='bbox 1820 953 1982 1011; x_wconf 79' lang='lat' dir='ltr'><strong>inviis</strong></span> 
     </span>
    </p>
   </div>
   <div class='ocr_carea' id='block_1_11' title="bbox 397 1041 1977 1116">
    <p class='ocr_par' dir='ltr' id='par_1_11' title="bbox 397 1041 1977 1116">
     <span class='ocr_line' id='line_1_11' title="bbox 397 1041 1977 1116; baseline 0.003 -21"><span class='ocrx_word' id='word_1_64' title='bbox 397 1049 452 1095; x_wconf 87' lang='lat' dir='ltr'><strong>et</strong></span> <span class='ocrx_word' id='word_1_65' title='bbox 482 1041 625 1096; x_wconf 85' lang='lat' dir='ltr'><strong>haud</strong></span> <span class='ocrx_word' id='word_1_66' title='bbox 660 1043 1093 1114; x_wconf 74' lang='lat' dir='ltr'><strong>penetrabilibus</strong></span> <span class='ocrx_word' id='word_1_67' title='bbox 1125 1047 1403 1099; x_wconf 87' lang='lat' dir='ltr'><strong>montibus</strong></span> <span class='ocrx_word' id='word_1_68' title='bbox 1441 1046 1510 1100; x_wconf 87' lang='lat' dir='ltr'><strong>ab</strong></span> <span class='ocrx_word' id='word_1_69' title='bbox 1558 1046 1649 1100; x_wconf 88' lang='lat' dir='ltr'><strong>illo</strong></span> <span class='ocrx_word' id='word_1_70' title='bbox 1681 1044 1977 1116; x_wconf 88' lang='lat' dir='ltr'><strong>prohiberi,</strong></span> 
     </span>
    </p>
   </div>
   <div class='ocr_carea' id='block_1_12' title="bbox 402 1133 1980 1209">
    <p class='ocr_par' dir='ltr' id='par_1_12' title="bbox 402 1133 1980 1209">
     <span class='ocr_line' id='line_1_12' title="bbox 402 1133 1980 1209; baseline 0.007 -26"><span class='ocrx_word' id='word_1_71' title='bbox 402 1133 600 1203; x_wconf 81' lang='lat' dir='ltr'><strong>partim</strong></span> <span class='ocrx_word' id='word_1_72' title='bbox 626 1133 819 1190; x_wconf 88' lang='lat' dir='ltr'><strong>dicunt</strong></span> <span class='ocrx_word' id='word_1_73' title='bbox 844 1136 973 1191; x_wconf 76' lang='lat' dir='ltr'><strong>Adze</strong></span> <span class='ocrx_word' id='word_1_74' title='bbox 1012 1148 1235 1207; x_wconf 84' lang='lat' dir='ltr'><strong>nepotes</strong></span> <span class='ocrx_word' id='word_1_75' title='bbox 1267 1139 1498 1209; x_wconf 75' lang='lat' dir='ltr'><strong>pedibus</strong></span> <span class='ocrx_word' id='word_1_76' title='bbox 1534 1154 1597 1193; x_wconf 81' lang='lat' dir='ltr'><strong>ex</strong></span> <span class='ocrx_word' id='word_1_77' title='bbox 1640 1137 1728 1193; x_wconf 86' lang='lat' dir='ltr'><strong>illa</strong></span> <span class='ocrx_word' id='word_1_78' title='bbox 1759 1137 1980 1208; x_wconf 79' lang='lat' dir='ltr'><strong>regione</strong></span> 
     </span>
    </p>
   </div>
   <div class='ocr_carea' id='block_1_13' title="bbox 397 1226 1977 1302">
    <p class='ocr_par' dir='ltr' id='par_1_13' title="bbox 397 1226 1977 1302">
     <span class='ocr_line' id='line_1_13' title="bbox 397 1226 1977 1302; baseline 0.005 -25"><span class='ocrx_word' id='word_1_79' title='bbox 397 1226 454 1280; x_wconf 88' lang='lat' dir='ltr'><strong>in</strong></span> <span class='ocrx_word' id='word_1_80' title='bbox 505 1226 646 1282; x_wconf 69' lang='lat' dir='ltr'><strong>hanc</strong></span> <span class='ocrx_word' id='word_1_81' title='bbox 694 1241 938 1286; x_wconf 87' lang='lat' dir='ltr'><strong>nostram</strong></span> <span class='ocrx_word' id='word_1_82' title='bbox 994 1244 1358 1297; x_wconf 89' lang='lat' dir='ltr'><strong>commeasse,</strong></span> <span class='ocrx_word' id='word_1_83' title='bbox 1392 1230 1592 1302; x_wconf 86' lang='lat' dir='ltr'><strong>partim</strong></span> <span class='ocrx_word' id='word_1_84' title='bbox 1640 1246 1770 1287; x_wconf 87' lang='lat' dir='ltr'><strong>vero</strong></span> <span class='ocrx_word' id='word_1_85' title='bbox 1815 1230 1977 1287; x_wconf 84' lang='lat' dir='ltr'><strong>ober-</strong></span> 
     </span>
    </p>
   </div>
   <div class='ocr_carea' id='block_1_14' title="bbox 398 1320 1446 1381">
    <p class='ocr_par' dir='ltr' id='par_1_14' title="bbox 398 1320 1446 1381">
     <span class='ocr_line' id='line_1_14' title="bbox 398 1320 1446 1381; baseline 0.007 -8"><span class='ocrx_word' id='word_1_86' title='bbox 398 1327 552 1375; x_wconf 84' lang='lat' dir='ltr'><strong>rante</strong></span> <span class='ocrx_word' id='word_1_87' title='bbox 583 1334 710 1375; x_wconf 87' lang='lat' dir='ltr'><strong>arca</strong></span> <span class='ocrx_word' id='word_1_88' title='bbox 737 1320 889 1379; x_wconf 89' lang='lat' dir='ltr'><strong>illinc</strong></span> <span class='ocrx_word' id='word_1_89' title='bbox 921 1338 1043 1380; x_wconf 87' lang='lat' dir='ltr'><strong>esse</strong></span> <span class='ocrx_word' id='word_1_90' title='bbox 1074 1324 1180 1380; x_wconf 90' lang='lat' dir='ltr'><strong>huc</strong></span> <span class='ocrx_word' id='word_1_91' title='bbox 1211 1325 1446 1381; x_wconf 79' lang='lat' dir='ltr'><strong>delatos.</strong></span> 
     </span>
    </p>
   </div>
   <div class='ocr_carea' id='block_1_15' title="bbox 988 1417 1378 1475">
    <p class='ocr_par' dir='ltr' id='par_1_15' title="bbox 988 1417 1378 1475">
     <span class='ocr_line' id='line_1_15' title="bbox 988 1417 1378 1475; baseline 0.008 -3"><span class='ocrx_word' id='word_1_92' title='bbox 988 1417 1219 1475; x_wconf 82' lang='lat' dir='ltr'><strong>CAPUT</strong></span> <span class='ocrx_word' id='word_1_93' title='bbox 1258 1417 1378 1475; x_wconf 79' lang='lat' dir='ltr'><strong>XV.</strong></span> 
     </span>
    </p>
   </div>
   <div class='ocr_carea' id='block_1_16' title="bbox 466 1502 1978 1585">
    <p class='ocr_par' dir='ltr' id='par_1_16' title="bbox 466 1502 1978 1585">
     <span class='ocr_line' id='line_1_16' title="bbox 466 1502 1978 1585; baseline 0.006 -25"><span class='ocrx_word' id='word_1_94' title='bbox 466 1502 644 1572; x_wconf 78' lang='lat' dir='ltr'><strong>Quam</strong></span> <span class='ocrx_word' id='word_1_95' title='bbox 701 1508 774 1563; x_wconf 78' lang='lat' dir='ltr'><strong>si!</strong></span> <span class='ocrx_word' id='word_1_96' title='bbox 840 1510 1081 1580; x_wconf 81' lang='lat' dir='ltr'><strong>anrplum</strong></span> <span class='ocrx_word' id='word_1_97' title='bbox 1136 1515 1381 1580; x_wconf 76' lang='lat' dir='ltr'><strong>paradisi</strong></span> <span class='ocrx_word' id='word_1_98' title='bbox 1439 1518 1693 1585; x_wconf 85' lang='lat' dir='ltr'><strong>spatium.</strong></span> <span class='ocrx_word' id='word_1_99' title='bbox 1734 1545 1805 1555; x_wconf 90' lang='lat'><strong>-—-</strong></span> <span class='ocrx_word' id='word_1_100' title='bbox 1851 1512 1978 1570; x_wconf 79' lang='lat' dir='ltr'><strong>Sive</strong></span> 
     </span>
    </p>
   </div>
   <div class='ocr_carea' id='block_1_17' title="bbox 393 1599 1979 1679">
    <p class='ocr_par' dir='ltr' id='par_1_17' title="bbox 393 1599 1979 1679">
     <span class='ocr_line' id='line_1_17' title="bbox 393 1599 1979 1679; baseline 0.008 -28"><span class='ocrx_word' id='word_1_101' title='bbox 393 1605 577 1652; x_wconf 80' lang='lat' dir='ltr'><strong>autem</strong></span> <span class='ocrx_word' id='word_1_102' title='bbox 609 1599 900 1668; x_wconf 76' lang='lat' dir='ltr'><strong>paradisus</strong></span> <span class='ocrx_word' id='word_1_103' title='bbox 936 1603 988 1657; x_wconf 91' lang='lat' dir='ltr'><strong>in</strong></span> <span class='ocrx_word' id='word_1_104' title='bbox 1022 1604 1246 1675; x_wconf 73' lang='lat' dir='ltr'><strong>regione</strong></span> <span class='ocrx_word' id='word_1_105' title='bbox 1275 1606 1440 1661; x_wconf 90' lang='lat' dir='ltr'><strong>modo</strong></span> <span class='ocrx_word' id='word_1_106' title='bbox 1477 1607 1738 1663; x_wconf 88' lang='lat' dir='ltr'><strong>Orientali</strong></span> <span class='ocrx_word' id='word_1_107' title='bbox 1769 1608 1979 1679; x_wconf 89' lang='lat' dir='ltr'><strong>positus</strong></span> 
     </span>
    </p>
   </div>
   <div class='ocr_carea' id='block_1_18' title="bbox 2090 485 3661 557">
    <p class='ocr_par' dir='ltr' id='par_1_18' title="bbox 2090 485 3661 557">
     <span class='ocr_line' id='line_1_18' title="bbox 2090 485 3661 557; baseline -0.001 -12"><span class='ocrx_word' id='word_1_108' title='bbox 2090 490 2197 555; x_wconf 81' lang='lat' dir='ltr'><strong>tur)</strong></span> <span class='ocrx_word' id='word_1_109' title='bbox 2256 489 2390 543; x_wconf 87' lang='lat' dir='ltr'><strong>tales</strong></span> <span class='ocrx_word' id='word_1_110' title='bbox 2443 490 2670 544; x_wconf 81' lang='lat' dir='ltr'><strong>omnino</strong></span> <span class='ocrx_word' id='word_1_111' title='bbox 2717 486 2925 550; x_wconf 70' lang='lat' dir='ltr'><strong>fuisse,</strong></span> <span class='ocrx_word' id='word_1_112' title='bbox 2982 486 3171 556; x_wconf 87' lang='lat' dir='ltr'><strong>quales</strong></span> <span class='ocrx_word' id='word_1_113' title='bbox 3218 485 3309 541; x_wconf 83' lang='lat' dir='ltr'><strong>hic</strong></span> <span class='ocrx_word' id='word_1_114' title='bbox 3359 485 3501 557; x_wconf 88' lang='lat' dir='ltr'><strong>apud</strong></span> <span class='ocrx_word' id='word_1_115' title='bbox 3561 502 3661 544; x_wconf 83' lang='lat' dir='ltr'><strong>nos</strong></span> 
     </span>
    </p>
   </div>
   <div class='ocr_carea' id='block_1_19' title="bbox 2087 578 3662 653">
    <p class='ocr_par' dir='ltr' id='par_1_19' title="bbox 2087 578 3662 653">
     <span class='ocr_line' id='line_1_19' title="bbox 2087 578 3662 653; baseline 0.001 -20"><span class='ocrx_word' id='word_1_116' title='bbox 2087 584 2526 653; x_wconf 69' lang='lat' dir='ltr'><strong>progignuntur;</strong></span> <span class='ocrx_word' id='word_1_117' title='bbox 2570 580 2665 637; x_wconf 88' lang='lat' dir='ltr'><strong>sed</strong></span> <span class='ocrx_word' id='word_1_118' title='bbox 2713 581 2871 651; x_wconf 78' lang='lat' dir='ltr'><strong>longe</strong></span> <span class='ocrx_word' id='word_1_119' title='bbox 2906 580 2992 634; x_wconf 91' lang='lat' dir='ltr'><strong>his</strong></span> <span class='ocrx_word' id='word_1_120' title='bbox 3024 578 3508 648; x_wconf 69' lang='lat' dir='ltr'><strong>prmcellentiores,</strong></span> <span class='ocrx_word' id='word_1_121' title='bbox 3548 581 3662 635; x_wconf 87' lang='lat' dir='ltr'><strong>ele-</strong></span> 
     </span>
    </p>
   </div>
   <div class='ocr_carea' id='block_1_20' title="bbox 2086 671 3661 744">
    <p class='ocr_par' dir='ltr' id='par_1_20' title="bbox 2086 671 3661 744">
     <span class='ocr_line' id='line_1_20' title="bbox 2086 671 3661 744; baseline 0.001 -17"><span class='ocrx_word' id='word_1_122' title='bbox 2086 675 2382 743; x_wconf 76' lang='lat' dir='ltr'><strong>gantiores,</strong></span> <span class='ocrx_word' id='word_1_123' title='bbox 2435 675 2694 744; x_wconf 84' lang='lat' dir='ltr'><strong>majores.</strong></span> <span class='ocrx_word' id='word_1_124' title='bbox 2725 671 2864 729; x_wconf 83' lang='lat' dir='ltr'><strong>Nam</strong></span> <span class='ocrx_word' id='word_1_125' title='bbox 2915 682 2975 727; x_wconf 92' lang='lat' dir='ltr'><strong>ut</strong></span> <span class='ocrx_word' id='word_1_126' title='bbox 3027 671 3099 727; x_wconf 86' lang='lat' dir='ltr'><strong>ita</strong></span> <span class='ocrx_word' id='word_1_127' title='bbox 3133 681 3468 733; x_wconf 69' lang='lat' dir='ltr'><strong>statuamus,</strong></span> <span class='ocrx_word' id='word_1_128' title='bbox 3510 671 3661 728; x_wconf 88' lang='lat' dir='ltr'><strong>hisce</strong></span> 
     </span>
    </p>
   </div>
   <div class='ocr_carea' id='block_1_21' title="bbox 2086 762 3660 823">
    <p class='ocr_par' dir='ltr' id='par_1_21' title="bbox 2086 762 3660 823">
     <span class='ocr_line' id='line_1_21' title="bbox 2086 762 3660 823; baseline 0 -2"><span class='ocrx_word' id='word_1_129' title='bbox 2086 766 2398 822; x_wconf 85' lang='lat' dir='ltr'><strong>inducimur</strong></span> <span class='ocrx_word' id='word_1_130' title='bbox 2444 766 2775 823; x_wconf 82' lang='lat' dir='ltr'><strong>rationibus.</strong></span> <span class='ocrx_word' id='word_1_131' title='bbox 2830 763 3075 820; x_wconf 86' lang='lat' dir='ltr'><strong>Primum</strong></span> <span class='ocrx_word' id='word_1_132' title='bbox 3133 764 3209 818; x_wconf 92' lang='lat' dir='ltr'><strong>illi</strong></span> <span class='ocrx_word' id='word_1_133' title='bbox 3280 762 3497 821; x_wconf 84' lang='lat' dir='ltr'><strong>fructus</strong></span> <span class='ocrx_word' id='word_1_134' title='bbox 3550 780 3660 821; x_wconf 87' lang='lat' dir='ltr'><strong>non</strong></span> 
     </span>
    </p>
   </div>
   <div class='ocr_carea' id='block_1_22' title="bbox 2085 856 3658 927">
    <p class='ocr_par' dir='ltr' id='par_1_22' title="bbox 2085 856 3658 927">
     <span class='ocr_line' id='line_1_22' title="bbox 2085 856 3658 927; baseline -0.003 -12"><span class='ocrx_word' id='word_1_135' title='bbox 2085 858 2239 916; x_wconf 88' lang='lat' dir='ltr'><strong>fuere</strong></span> <span class='ocrx_word' id='word_1_136' title='bbox 2277 859 2649 915; x_wconf 79' lang='lat' dir='ltr'><strong>exsecrationi</strong></span> <span class='ocrx_word' id='word_1_137' title='bbox 2678 859 2877 914; x_wconf 72' lang='lat' dir='ltr'><strong>divinae</strong></span> <span class='ocrx_word' id='word_1_138' title='bbox 2910 856 3137 914; x_wconf 80' lang='lat' dir='ltr'><strong>obnoxii</strong></span> <span class='ocrx_word' id='word_1_139' title='bbox 3192 872 3369 927; x_wconf 85' lang='lat' dir='ltr'><strong>neque</strong></span> <span class='ocrx_word' id='word_1_140' title='bbox 3394 856 3658 921; x_wconf 85' lang='lat' dir='ltr'><strong>damnati.</strong></span> 
     </span>
    </p>
   </div>
   <div class='ocr_carea' id='block_1_23' title="bbox 2085 949 3661 1017">
    <p class='ocr_par' dir='ltr' id='par_1_23' title="bbox 2085 949 3661 1017">
     <span class='ocr_line' id='line_1_23' title="bbox 2085 949 3661 1017; baseline -0.001 -10"><span class='ocrx_word' id='word_1_141' title='bbox 2085 964 2144 1010; x_wconf 90' lang='lat' dir='ltr'><strong>ut</strong></span> <span class='ocrx_word' id='word_1_142' title='bbox 2193 954 2244 1009; x_wconf 93' lang='lat' dir='ltr'><strong>hi</strong></span> <span class='ocrx_word' id='word_1_143' title='bbox 2301 954 2520 1017; x_wconf 87' lang='lat' dir='ltr'><strong>nostri;</strong></span> <span class='ocrx_word' id='word_1_144' title='bbox 2566 952 2763 1009; x_wconf 87' lang='lat' dir='ltr'><strong>deinde</strong></span> <span class='ocrx_word' id='word_1_145' title='bbox 2812 954 2855 1008; x_wconf 88' lang='lat' dir='ltr'><strong>si</strong></span> <span class='ocrx_word' id='word_1_146' title='bbox 2904 952 2958 1009; x_wconf 89' lang='lat' dir='ltr'><strong>in</strong></span> <span class='ocrx_word' id='word_1_147' title='bbox 3002 953 3104 1009; x_wconf 87' lang='lat' dir='ltr'><strong>hac</strong></span> <span class='ocrx_word' id='word_1_148' title='bbox 3135 961 3323 1007; x_wconf 87' lang='lat' dir='ltr'><strong>nostra</strong></span> <span class='ocrx_word' id='word_1_149' title='bbox 3355 949 3661 1007; x_wconf 88' lang='lat' dir='ltr'><strong>detestabili</strong></span> 
     </span>
    </p>
   </div>
   <div class='ocr_carea' id='block_1_24' title="bbox 2083 1042 3664 1114">
    <p class='ocr_par' dir='ltr' id='par_1_24' title="bbox 2083 1042 3664 1114">
     <span class='ocr_line' id='line_1_24' title="bbox 2083 1042 3664 1114; baseline 0 -16"><span class='ocrx_word' id='word_1_150' title='bbox 2083 1054 2224 1102; x_wconf 85' lang='lat' dir='ltr'><strong>terra</strong></span> <span class='ocrx_word' id='word_1_151' title='bbox 2262 1054 2423 1113; x_wconf 83' lang='lat' dir='ltr'><strong>atque</strong></span> <span class='ocrx_word' id='word_1_152' title='bbox 2463 1043 2699 1113; x_wconf 87' lang='lat' dir='ltr'><strong>infelice,</strong></span> <span class='ocrx_word' id='word_1_153' title='bbox 2740 1045 2844 1100; x_wconf 89' lang='lat' dir='ltr'><strong>alia</strong></span> <span class='ocrx_word' id='word_1_154' title='bbox 2878 1044 3017 1107; x_wconf 87' lang='lat' dir='ltr'><strong>loca.</strong></span> <span class='ocrx_word' id='word_1_155' title='bbox 3068 1042 3217 1107; x_wconf 88' lang='lat' dir='ltr'><strong>aliis,</strong></span> <span class='ocrx_word' id='word_1_156' title='bbox 3255 1042 3664 1114; x_wconf 66' lang='lat' dir='ltr'><strong>praestantior-cs</strong></span> 
     </span>
    </p>
   </div>
   <div class='ocr_carea' id='block_1_25' title="bbox 2082 1130 3665 1203">
    <p class='ocr_par' dir='ltr' id='par_1_25' title="bbox 2082 1130 3665 1203">
     <span class='ocr_line' id='line_1_25' title="bbox 2082 1130 3665 1203; baseline -0.004 -10"><span class='ocrx_word' id='word_1_157' title='bbox 2082 1138 2304 1193; x_wconf 80' lang='lat' dir='ltr'><strong>arbores</strong></span> <span class='ocrx_word' id='word_1_158' title='bbox 2336 1146 2387 1191; x_wconf 89' lang='lat' dir='ltr'><strong>et</strong></span> <span class='ocrx_word' id='word_1_159' title='bbox 2415 1135 2621 1192; x_wconf 86' lang='lat' dir='ltr'><strong>fructus</strong></span> <span class='ocrx_word' id='word_1_160' title='bbox 2659 1134 2916 1191; x_wconf 80' lang='lat' dir='ltr'><strong>meliores</strong></span> <span class='ocrx_word' id='word_1_161' title='bbox 2948 1132 3200 1199; x_wconf 89' lang='lat' dir='ltr'><strong>fuerunt;</strong></span> <span class='ocrx_word' id='word_1_162' title='bbox 3235 1143 3443 1203; x_wconf 89' lang='lat' dir='ltr'><strong>quanto</strong></span> <span class='ocrx_word' id='word_1_163' title='bbox 3491 1130 3665 1199; x_wconf 79' lang='lat' dir='ltr'><strong>magis</strong></span> 
     </span>
    </p>
   </div>
   <div class='ocr_carea' id='block_1_26' title="bbox 2080 1224 3663 1299">
    <p class='ocr_par' dir='ltr' id='par_1_26' title="bbox 2080 1224 3663 1299">
     <span class='ocr_line' id='line_1_26' title="bbox 2080 1224 3663 1299; baseline -0.003 -14"><span class='ocrx_word' id='word_1_164' title='bbox 2080 1229 2506 1286; x_wconf 72' lang='lat' dir='ltr'><strong>existimandum</strong></span> <span class='ocrx_word' id='word_1_165' title='bbox 2544 1228 2728 1299; x_wconf 88' lang='lat' dir='ltr'><strong>fuerit,</strong></span> <span class='ocrx_word' id='word_1_166' title='bbox 2776 1228 3007 1284; x_wconf 83' lang='lat' dir='ltr'><strong>arbores</strong></span> <span class='ocrx_word' id='word_1_167' title='bbox 3047 1225 3374 1297; x_wconf 87' lang='lat' dir='ltr'><strong>fructusque</strong></span> <span class='ocrx_word' id='word_1_168' title='bbox 3422 1224 3663 1296; x_wconf 73' lang='lat' dir='ltr'><strong>paradisi</strong></span> 
     </span>
    </p>
   </div>
   <div class='ocr_carea' id='block_1_27' title="bbox 2083 1316 3665 1392">
    <p class='ocr_par' dir='ltr' id='par_1_27' title="bbox 2083 1316 3665 1392">
     <span class='ocr_line' id='line_1_27' title="bbox 2083 1316 3665 1392; baseline -0.003 -16"><span class='ocrx_word' id='word_1_169' title='bbox 2083 1323 2169 1377; x_wconf 91' lang='lat' dir='ltr'><strong>his</strong></span> <span class='ocrx_word' id='word_1_170' title='bbox 2241 1323 2447 1378; x_wconf 86' lang='lat' dir='ltr'><strong>nostris</strong></span> <span class='ocrx_word' id='word_1_171' title='bbox 2518 1320 2693 1377; x_wconf 89' lang='lat' dir='ltr'><strong>multo</strong></span> <span class='ocrx_word' id='word_1_172' title='bbox 2764 1318 3221 1392; x_wconf 67' lang='lat' dir='ltr'><strong>praecellentiores</strong></span> <span class='ocrx_word' id='word_1_173' title='bbox 3299 1316 3665 1387; x_wconf 86' lang='lat' dir='ltr'><strong>melioresque</strong></span> 
     </span>
    </p>
   </div>
   <div class='ocr_carea' id='block_1_28' title="bbox 2082 1405 3667 1479">
    <p class='ocr_par' dir='ltr' id='par_1_28' title="bbox 2082 1405 3667 1479">
     <span class='ocr_line' id='line_1_28' title="bbox 2082 1405 3667 1479; baseline -0.004 -12"><span class='ocrx_word' id='word_1_174' title='bbox 2082 1411 2252 1468; x_wconf 83' lang='lat' dir='ltr'><strong>luisse</strong></span> <span class='ocrx_word' id='word_1_175' title='bbox 2278 1413 2291 1467; x_wconf 83' lang='lat'><strong>!</strong></span> <span class='ocrx_word' id='word_1_176' title='bbox 2329 1410 2393 1468; x_wconf 83' lang='lat' dir='ltr'><strong>Et</strong></span> <span class='ocrx_word' id='word_1_177' title='bbox 2422 1427 2549 1467; x_wconf 80' lang='lat' dir='ltr'><strong>vero</strong></span> <span class='ocrx_word' id='word_1_178' title='bbox 2580 1411 2724 1469; x_wconf 86' lang='lat' dir='ltr'><strong>hanc</strong></span> <span class='ocrx_word' id='word_1_179' title='bbox 2750 1416 3001 1467; x_wconf 88' lang='lat' dir='ltr'><strong>nostram</strong></span> <span class='ocrx_word' id='word_1_180' title='bbox 3033 1408 3362 1465; x_wconf 83' lang='lat' dir='ltr'><strong>sententiam</strong></span> <span class='ocrx_word' id='word_1_181' title='bbox 3399 1405 3667 1479; x_wconf 83' lang='lat' dir='ltr'><strong>approbat</strong></span> 
     </span>
    </p>
   </div>
   <div class='ocr_carea' id='block_1_29' title="bbox 2080 1500 3669 1574">
    <p class='ocr_par' dir='ltr' id='par_1_29' title="bbox 2080 1500 3669 1574">
     <span class='ocr_line' id='line_1_29' title="bbox 2080 1500 3669 1574; baseline -0.005 -11"><span class='ocrx_word' id='word_1_182' title='bbox 2080 1506 2246 1563; x_wconf 87' lang='lat' dir='ltr'><strong>etiam</strong></span> <span class='ocrx_word' id='word_1_183' title='bbox 2307 1507 2666 1571; x_wconf 80' lang='lat' dir='ltr'><strong>Philoxenus,</strong></span> <span class='ocrx_word' id='word_1_184' title='bbox 2724 1520 2787 1561; x_wconf 88' lang='lat' dir='ltr'><strong>ea</strong></span> <span class='ocrx_word' id='word_1_185' title='bbox 2838 1504 3089 1561; x_wconf 80' lang='lat' dir='ltr'><strong>oratione</strong></span> <span class='ocrx_word' id='word_1_186' title='bbox 3121 1517 3284 1574; x_wconf 87' lang='lat' dir='ltr'><strong>quam</strong></span> <span class='ocrx_word' id='word_1_187' title='bbox 3341 1502 3410 1557; x_wconf 89' lang='lat' dir='ltr'><strong>de</strong></span> <span class='ocrx_word' id='word_1_188' title='bbox 3466 1500 3669 1556; x_wconf 86' lang='lat' dir='ltr'><strong>arbore</strong></span> 
     </span>
    </p>
   </div>
   <div class='ocr_carea' id='block_1_30' title="bbox 2076 1594 3668 1669">
    <p class='ocr_par' dir='ltr' id='par_1_30' title="bbox 2076 1594 3668 1669">
     <span class='ocr_line' id='line_1_30' title="bbox 2076 1594 3668 1669; baseline -0.004 -14"><span class='ocrx_word' id='word_1_189' title='bbox 2076 1598 2205 1655; x_wconf 71' lang='lat' dir='ltr'><strong>vita:</strong></span> <span class='ocrx_word' id='word_1_190' title='bbox 2239 1598 2497 1669; x_wconf 78' lang='lat' dir='ltr'><strong>scriptam</strong></span> <span class='ocrx_word' id='word_1_191' title='bbox 2533 1598 2793 1668; x_wconf 85' lang='lat' dir='ltr'><strong>reliquit;</strong></span> <span class='ocrx_word' id='word_1_192' title='bbox 2846 1612 2975 1655; x_wconf 88' lang='lat' dir='ltr'><strong>nam</strong></span> <span class='ocrx_word' id='word_1_193' title='bbox 3010 1597 3078 1652; x_wconf 89' lang='lat' dir='ltr'><strong>de</strong></span> <span class='ocrx_word' id='word_1_194' title='bbox 3104 1594 3385 1669; x_wconf 79' lang='lat' dir='ltr'><strong>paradiso,</strong></span> <span class='ocrx_word' id='word_1_195' title='bbox 3431 1594 3668 1665; x_wconf 78' lang='lat' dir='ltr'><strong>ejusque</strong></span> 
     </span>
    </p>
   </div>
   <div class='ocr_carea' id='block_1_31' title="bbox 392 1683 1969 1771">
    <p class='ocr_par' dir='ltr' id='par_1_31' title="bbox 392 1692 1969 1771">
     <span class='ocr_line' id='line_1_31' title="bbox 392 1692 1969 1771; baseline 0.007 -24"><span class='ocrx_word' id='word_1_196' title='bbox 392 1698 503 1758; x_wconf 89' lang='lat' dir='ltr'><strong>est,</strong></span> <span class='ocrx_word' id='word_1_197' title='bbox 569 1702 628 1749; x_wconf 91' lang='lat' dir='ltr'><strong>ut</strong></span> <span class='ocrx_word' id='word_1_198' title='bbox 687 1692 877 1751; x_wconf 87' lang='lat' dir='ltr'><strong>disere</strong></span> <span class='ocrx_word' id='word_1_199' title='bbox 934 1694 1191 1764; x_wconf 84' lang='lat' dir='ltr'><strong>Basilius,</strong></span> <span class='ocrx_word' id='word_1_200' title='bbox 1251 1698 1574 1771; x_wconf 83' lang='lat' dir='ltr'><strong>Gregorius,</strong></span> <span class='ocrx_word' id='word_1_201' title='bbox 1639 1700 1874 1757; x_wconf 70' lang='lat' dir='ltr'><strong>Severus</strong></span> <span class='ocrx_word' id='word_1_202' title='bbox 1924 1712 1969 1758; x_wconf 87' lang='lat' dir='ltr'><strong>et</strong></span> 
     </span>
    </p>
   </div>
   <div class='ocr_carea' id='block_1_32' title="bbox 2072 1683 3669 1771">
    <p class='ocr_par' dir='ltr' id='par_1_32' title="bbox 2080 1683 3669 1761">
     <span class='ocr_line' id='line_1_32' title="bbox 2080 1683 3669 1761; baseline -0.003 -18"><span class='ocrx_word' id='word_1_203' title='bbox 2080 1690 2282 1761; x_wconf 87' lang='lat' dir='ltr'><strong>plantis</strong></span> <span class='ocrx_word' id='word_1_204' title='bbox 2343 1690 2508 1746; x_wconf 86' lang='lat' dir='ltr'><strong>verba</strong></span> <span class='ocrx_word' id='word_1_205' title='bbox 2570 1688 2779 1747; x_wconf 78' lang='lat' dir='ltr'><strong>faciens</strong></span> <span class='ocrx_word' id='word_1_206' title='bbox 2841 1688 3354 1759; x_wconf 74' lang='lat' dir='ltr'><strong>aitzNequaqnam</strong></span> <span class='ocrx_word' id='word_1_207' title='bbox 3407 1683 3669 1756; x_wconf 66' lang='lat' dir='ltr'><strong>subject:</strong></span> 
     </span>
    </p>
   </div>
   <div class='ocr_carea' id='block_1_33' title="bbox 390 1763 1969 1863">
    <p class='ocr_par' dir='ltr' id='par_1_33' title="bbox 390 1783 1969 1863">
     <span class='ocr_line' id='line_1_33' title="bbox 390 1783 1969 1863; baseline 0.006 -24"><span class='ocrx_word' id='word_1_208' title='bbox 390 1783 705 1853; x_wconf 83' lang='lat' dir='ltr'><strong>complures</strong></span> <span class='ocrx_word' id='word_1_209' title='bbox 735 1784 849 1852; x_wconf 91' lang='lat' dir='ltr'><strong>alii,</strong></span> <span class='ocrx_word' id='word_1_210' title='bbox 883 1802 1168 1845; x_wconf 85' lang='lat' dir='ltr'><strong>necessum</strong></span> <span class='ocrx_word' id='word_1_211' title='bbox 1224 1799 1311 1847; x_wconf 87' lang='lat' dir='ltr'><strong>est</strong></span> <span class='ocrx_word' id='word_1_212' title='bbox 1346 1794 1649 1863; x_wconf 85' lang='lat' dir='ltr'><strong>spatiosum</strong></span> <span class='ocrx_word' id='word_1_213' title='bbox 1675 1793 1969 1850; x_wconf 85' lang='lat' dir='ltr'><strong>admodum</strong></span> 
     </span>
    </p>
   </div>
   <div class='ocr_carea' id='block_1_34' title="bbox 2072 1763 3667 1863">
    <p class='ocr_par' dir='ltr' id='par_1_34' title="bbox 2082 1776 3667 1853">
     <span class='ocr_line' id='line_1_34' title="bbox 2082 1776 3667 1853; baseline -0.002 -16"><span class='ocrx_word' id='word_1_214' title='bbox 2082 1790 2213 1837; x_wconf 90' lang='lat' dir='ltr'><strong>sunt</strong></span> <span class='ocrx_word' id='word_1_215' title='bbox 2257 1780 2627 1838; x_wconf 77' lang='lat' dir='ltr'><strong>essecratioui</strong></span> <span class='ocrx_word' id='word_1_216' title='bbox 2678 1789 2844 1853; x_wconf 88' lang='lat' dir='ltr'><strong>atque</strong></span> <span class='ocrx_word' id='word_1_217' title='bbox 2872 1780 3251 1846; x_wconf 88' lang='lat' dir='ltr'><strong>damnationi;</strong></span> <span class='ocrx_word' id='word_1_218' title='bbox 3291 1781 3373 1837; x_wconf 70' lang='lat' dir='ltr'><strong>ha:</strong></span> <span class='ocrx_word' id='word_1_219' title='bbox 3412 1778 3563 1835; x_wconf 85' lang='lat' dir='ltr'><strong>enim</strong></span> <span class='ocrx_word' id='word_1_220' title='bbox 3608 1776 3667 1834; x_wconf 84' lang='lat' dir='ltr'><strong>in</strong></span> 
     </span>
    </p>
   </div>
   <div class='ocr_carea' id='block_1_35' title="bbox 393 1878 1976 1951">
    <p class='ocr_par' dir='ltr' id='par_1_35' title="bbox 393 1878 1976 1951">
     <span class='ocr_line' id='line_1_35' title="bbox 393 1878 1976 1951; baseline 0.008 -20"><span class='ocrx_word' id='word_1_221' title='bbox 393 1884 565 1949; x_wconf 88' lang='lat' dir='ltr'><strong>atque</strong></span> <span class='ocrx_word' id='word_1_222' title='bbox 627 1878 869 1951; x_wconf 88' lang='lat' dir='ltr'><strong>amplum</strong></span> <span class='ocrx_word' id='word_1_223' title='bbox 942 1880 1152 1949; x_wconf 77' lang='lat' dir='ltr'><strong>fuisse;</strong></span> <span class='ocrx_word' id='word_1_224' title='bbox 1214 1884 1265 1941; x_wconf 89' lang='lat' dir='ltr'><strong>ei</strong></span> <span class='ocrx_word' id='word_1_225' title='bbox 1313 1886 1460 1941; x_wconf 86' lang='lat' dir='ltr'><strong>enim</strong></span> <span class='ocrx_word' id='word_1_226' title='bbox 1504 1887 1579 1941; x_wconf 89' lang='lat' dir='ltr'><strong>rei</strong></span> <span class='ocrx_word' id='word_1_227' title='bbox 1632 1885 1794 1942; x_wconf 85' lang='lat' dir='ltr'><strong>fidem</strong></span> <span class='ocrx_word' id='word_1_228' title='bbox 1845 1886 1976 1944; x_wconf 72' lang='lat' dir='ltr'><strong>facit</strong></span> 
     </span>
    </p>
   </div>
   <div class='ocr_carea' id='block_1_36' title="bbox 393 1970 1972 2051">
    <p class='ocr_par' dir='ltr' id='par_1_36' title="bbox 393 1970 1972 2051">
     <span class='ocr_line' id='line_1_36' title="bbox 393 1970 1972 2051; baseline 0.008 -26"><span class='ocrx_word' id='word_1_229' title='bbox 393 1970 589 2042; x_wconf 73' lang='lat' dir='ltr'><strong>ingens</strong></span> <span class='ocrx_word' id='word_1_230' title='bbox 634 1972 765 2029; x_wconf 90' lang='lat' dir='ltr'><strong>illud</strong></span> <span class='ocrx_word' id='word_1_231' title='bbox 803 1974 1003 2031; x_wconf 85' lang='lat' dir='ltr'><strong>ﬂumen</strong></span> <span class='ocrx_word' id='word_1_232' title='bbox 1044 1991 1157 2048; x_wconf 91' lang='lat' dir='ltr'><strong>quo</strong></span> <span class='ocrx_word' id='word_1_233' title='bbox 1209 1977 1513 2051; x_wconf 80' lang='lat' dir='ltr'><strong>rigabatur.</strong></span> <span class='ocrx_word' id='word_1_234' title='bbox 1569 1977 1704 2035; x_wconf 83' lang='lat' dir='ltr'><strong>Nam</strong></span> <span class='ocrx_word' id='word_1_235' title='bbox 1758 1979 1803 2037; x_wconf 88' lang='lat' dir='ltr'><strong>si</strong></span> <span class='ocrx_word' id='word_1_236' title='bbox 1845 1981 1972 2048; x_wconf 86' lang='lat' dir='ltr'><strong>hoc,</strong></span> 
     </span>
    </p>
   </div>
   <div class='ocr_carea' id='block_1_37' title="bbox 392 2056 1975 2140">
    <p class='ocr_par' dir='ltr' id='par_1_37' title="bbox 392 2056 1975 2140">
     <span class='ocr_line' id='line_1_37' title="bbox 392 2056 1975 2140; baseline 0.009 -28"><span class='ocrx_word' id='word_1_237' title='bbox 392 2056 485 2113; x_wconf 88' lang='lat' dir='ltr'><strong>ubi</strong></span> <span class='ocrx_word' id='word_1_238' title='bbox 532 2062 849 2131; x_wconf 87' lang='lat' dir='ltr'><strong>paradisum</strong></span> <span class='ocrx_word' id='word_1_239' title='bbox 905 2065 1041 2121; x_wconf 88' lang='lat' dir='ltr'><strong>satis</strong></span> <span class='ocrx_word' id='word_1_240' title='bbox 1092 2066 1291 2129; x_wconf 87' lang='lat' dir='ltr'><strong>abluit.</strong></span> <span class='ocrx_word' id='word_1_241' title='bbox 1354 2070 1405 2123; x_wconf 90' lang='lat' dir='ltr'><strong>in</strong></span> <span class='ocrx_word' id='word_1_242' title='bbox 1449 2078 1686 2140; x_wconf 74' lang='lat' dir='ltr'><strong>quatuor</strong></span> <span class='ocrx_word' id='word_1_243' title='bbox 1740 2070 1975 2137; x_wconf 77' lang='lat' dir='ltr'><strong>grandes</strong></span> 
     </span>
    </p>
   </div>
   <div class='ocr_carea' id='block_1_38' title="bbox 390 2150 1972 2233">
    <p class='ocr_par' dir='ltr' id='par_1_38' title="bbox 390 2150 1972 2233">
     <span class='ocr_line' id='line_1_38' title="bbox 390 2150 1972 2233; baseline 0.011 -29"><span class='ocrx_word' id='word_1_244' title='bbox 390 2150 589 2209; x_wconf 80' lang='lat' dir='ltr'><strong>tlurios</strong></span> <span class='ocrx_word' id='word_1_245' title='bbox 618 2154 945 2221; x_wconf 80' lang='lat' dir='ltr'><strong>tlisseeatur,</strong></span> <span class='ocrx_word' id='word_1_246' title='bbox 980 2161 1075 2231; x_wconf 92' lang='lat' dir='ltr'><strong>qui</strong></span> <span class='ocrx_word' id='word_1_247' title='bbox 1113 2176 1367 2228; x_wconf 67' lang='lat' dir='ltr'><strong>magnam</strong></span> <span class='ocrx_word' id='word_1_248' title='bbox 1415 2163 1568 2219; x_wconf 90' lang='lat' dir='ltr'><strong>orbis</strong></span> <span class='ocrx_word' id='word_1_249' title='bbox 1617 2165 1780 2233; x_wconf 83' lang='lat' dir='ltr'><strong>hujus</strong></span> <span class='ocrx_word' id='word_1_250' title='bbox 1808 2181 1972 2233; x_wconf 85' lang='lat' dir='ltr'><strong>quem</strong></span> 
     </span>
    </p>
   </div>
   <div class='ocr_carea' id='block_1_39' title="bbox 392 2246 1971 2318">
    <p class='ocr_par' dir='ltr' id='par_1_39' title="bbox 392 2246 1971 2318">
     <span class='ocr_line' id='line_1_39' title="bbox 392 2246 1971 2318; baseline 0.011 -21"><span class='ocrx_word' id='word_1_251' title='bbox 392 2259 494 2299; x_wconf 88' lang='lat' dir='ltr'><strong>nos</strong></span> <span class='ocrx_word' id='word_1_252' title='bbox 539 2246 770 2304; x_wconf 88' lang='lat' dir='ltr'><strong>colimus</strong></span> <span class='ocrx_word' id='word_1_253' title='bbox 798 2258 1009 2318; x_wconf 86' lang='lat' dir='ltr'><strong>partem</strong></span> <span class='ocrx_word' id='word_1_254' title='bbox 1040 2267 1143 2308; x_wconf 83' lang='lat' dir='ltr'><strong>suo</strong></span> <span class='ocrx_word' id='word_1_255' title='bbox 1179 2268 1345 2311; x_wconf 84' lang='lat' dir='ltr'><strong>cursu</strong></span> <span class='ocrx_word' id='word_1_256' title='bbox 1376 2255 1610 2318; x_wconf 88' lang='lat' dir='ltr'><strong>alluunt,</strong></span> <span class='ocrx_word' id='word_1_257' title='bbox 1669 2258 1971 2314; x_wconf 67' lang='lat' dir='ltr'><strong>maximum</strong></span> 
     </span>
    </p>
   </div>
   <div class='ocr_carea' id='block_1_40' title="bbox 390 2337 1975 2420">
    <p class='ocr_par' dir='ltr' id='par_1_40' title="bbox 390 2337 1975 2420">
     <span class='ocr_line' id='line_1_40' title="bbox 390 2337 1975 2420; baseline 0.01 -28"><span class='ocrx_word' id='word_1_258' title='bbox 390 2337 656 2408; x_wconf 82' lang='lat' dir='ltr'><strong>profecto,</strong></span> <span class='ocrx_word' id='word_1_259' title='bbox 702 2344 1103 2414; x_wconf 88' lang='lat' dir='ltr'><strong>amplissimum</strong></span> <span class='ocrx_word' id='word_1_260' title='bbox 1153 2357 1317 2420; x_wconf 87' lang='lat' dir='ltr'><strong>atque</strong></span> <span class='ocrx_word' id='word_1_261' title='bbox 1363 2347 1887 2419; x_wconf 86' lang='lat' dir='ltr'><strong>profundissimum,</strong></span> <span class='ocrx_word' id='word_1_262' title='bbox 1914 2359 1975 2409; x_wconf 89' lang='lat' dir='ltr'><strong>ut</strong></span> 
     </span>
    </p>
   </div>
   <div class='ocr_carea' id='block_1_41' title="bbox 390 2432 1974 2515">
    <p class='ocr_par' dir='ltr' id='par_1_41' title="bbox 390 2432 1974 2515">
     <span class='ocr_line' id='line_1_41' title="bbox 390 2432 1974 2515; baseline 0.011 -30"><span class='ocrx_word' id='word_1_263' title='bbox 390 2432 943 2493; x_wconf 55' lang='lat' dir='ltr'><strong>sit‘eonsentaneum</strong></span> <span class='ocrx_word' id='word_1_264' title='bbox 990 2451 1095 2507; x_wconf 87' lang='lat' dir='ltr'><strong>est,</strong></span> <span class='ocrx_word' id='word_1_265' title='bbox 1134 2452 1427 2515; x_wconf 86' lang='lat' dir='ltr'><strong>antequam</strong></span> <span class='ocrx_word' id='word_1_266' title='bbox 1471 2444 1525 2499; x_wconf 94' lang='lat' dir='ltr'><strong>in</strong></span> <span class='ocrx_word' id='word_1_267' title='bbox 1572 2452 1813 2514; x_wconf 90' lang='lat' dir='ltr'><strong>quatuor</strong></span> <span class='ocrx_word' id='word_1_268' title='bbox 1847 2444 1974 2503; x_wconf 88' lang='lat' dir='ltr'><strong>illos</strong></span> 
     </span>
    </p>
   </div>
   <div class='ocr_carea' id='block_1_42' title="bbox 385 2523 1971 2608">
    <p class='ocr_par' dir='ltr' id='par_1_42' title="bbox 385 2523 1971 2608">
     <span class='ocr_line' id='line_1_42' title="bbox 385 2523 1971 2608; baseline 0.009 -27"><span class='ocrx_word' id='word_1_269' title='bbox 385 2523 665 2583; x_wconf 88' lang='lat' dir='ltr'><strong>diductqu</strong></span> <span class='ocrx_word' id='word_1_270' title='bbox 697 2537 858 2601; x_wconf 89' lang='lat' dir='ltr'><strong>atque</strong></span> <span class='ocrx_word' id='word_1_271' title='bbox 878 2533 1223 2604; x_wconf 86' lang='lat' dir='ltr'><strong>dispertitum</strong></span> <span class='ocrx_word' id='word_1_272' title='bbox 1260 2536 1328 2591; x_wconf 91' lang='lat' dir='ltr'><strong>sit</strong></span> <span class='ocrx_word' id='word_1_273' title='bbox 1350 2539 1581 2608; x_wconf 78' lang='lat' dir='ltr'><strong>grandes</strong></span> <span class='ocrx_word' id='word_1_274' title='bbox 1612 2538 1827 2596; x_wconf 82' lang='lat' dir='ltr'><strong>ﬂuvios.</strong></span> <span class='ocrx_word' id='word_1_275' title='bbox 1849 2537 1971 2595; x_wconf 83' lang='lat' dir='ltr'><strong>Jam</strong></span> 
     </span>
    </p>
   </div>
   <div class='ocr_carea' id='block_1_43' title="bbox 388 2620 1968 2699">
    <p class='ocr_par' dir='ltr' id='par_1_43' title="bbox 388 2620 1968 2699">
     <span class='ocr_line' id='line_1_43' title="bbox 388 2620 1968 2699; baseline 0.008 -27"><span class='ocrx_word' id='word_1_276' title='bbox 388 2634 517 2675; x_wconf 81' lang='lat' dir='ltr'><strong>vero</strong></span> <span class='ocrx_word' id='word_1_277' title='bbox 545 2635 609 2676; x_wconf 80' lang='lat' dir='ltr'><strong>es</strong></span> <span class='ocrx_word' id='word_1_278' title='bbox 639 2620 883 2679; x_wconf 84' lang='lat' dir='ltr'><strong>ﬂuminis</strong></span> <span class='ocrx_word' id='word_1_279' title='bbox 911 2625 1284 2698; x_wconf 76' lang='lat' dir='ltr'><strong>magnitudine</strong></span> <span class='ocrx_word' id='word_1_280' title='bbox 1309 2628 1624 2695; x_wconf 82' lang='lat' dir='ltr'><strong>coniicitur,</strong></span> <span class='ocrx_word' id='word_1_281' title='bbox 1652 2628 1968 2699; x_wconf 80' lang='lat' dir='ltr'><strong>paradisum</strong></span> 
     </span>
    </p>
   </div>
   <div class='ocr_carea' id='block_1_44' title="bbox 385 2711 1969 2792">
    <p class='ocr_par' dir='ltr' id='par_1_44' title="bbox 385 2711 1969 2792">
     <span class='ocr_line' id='line_1_44' title="bbox 385 2711 1969 2792; baseline 0.009 -29"><span class='ocrx_word' id='word_1_282' title='bbox 385 2711 478 2781; x_wconf 86' lang='lat' dir='ltr'><strong>qui</strong></span> <span class='ocrx_word' id='word_1_283' title='bbox 531 2712 625 2769; x_wconf 91' lang='lat' dir='ltr'><strong>illo</strong></span> <span class='ocrx_word' id='word_1_284' title='bbox 679 2714 890 2783; x_wconf 83' lang='lat' dir='ltr'><strong>rigatur</strong></span> <span class='ocrx_word' id='word_1_285' title='bbox 964 2718 1366 2787; x_wconf 85' lang='lat' dir='ltr'><strong>amplissimum</strong></span> <span class='ocrx_word' id='word_1_286' title='bbox 1415 2736 1636 2792; x_wconf 84' lang='lat' dir='ltr'><strong>quoque</strong></span> <span class='ocrx_word' id='word_1_287' title='bbox 1673 2737 1816 2777; x_wconf 87' lang='lat' dir='ltr'><strong>esse.</strong></span> <span class='ocrx_word' id='word_1_288' title='bbox 1871 2722 1969 2778; x_wconf 88' lang='lat' dir='ltr'><strong>Sin</strong></span> 
     </span>
    </p>
   </div>
   <div class='ocr_carea' id='block_1_45' title="bbox 385 2804 1972 2884">
    <p class='ocr_par' dir='ltr' id='par_1_45' title="bbox 385 2804 1972 2884">
     <span class='ocr_line' id='line_1_45' title="bbox 385 2804 1972 2884; baseline 0.009 -28"><span class='ocrx_word' id='word_1_289' title='bbox 385 2818 519 2859; x_wconf 78' lang='lat' dir='ltr'><strong>vero</strong></span> <span class='ocrx_word' id='word_1_290' title='bbox 550 2805 693 2877; x_wconf 71' lang='lat' dir='ltr'><strong>(quae</strong></span> <span class='ocrx_word' id='word_1_291' title='bbox 726 2804 999 2880; x_wconf 64' lang='lat' dir='ltr'><strong>Ephrmmi</strong></span> <span class='ocrx_word' id='word_1_292' title='bbox 1030 2812 1299 2866; x_wconf 81' lang='lat' dir='ltr'><strong>sententia</strong></span> <span class='ocrx_word' id='word_1_293' title='bbox 1340 2820 1447 2881; x_wconf 81' lang='lat' dir='ltr'><strong>est)</strong></span> <span class='ocrx_word' id='word_1_294' title='bbox 1470 2826 1689 2867; x_wconf 86' lang='lat' dir='ltr'><strong>onmem</strong></span> <span class='ocrx_word' id='word_1_295' title='bbox 1728 2813 1972 2884; x_wconf 79' lang='lat' dir='ltr'><strong>undique</strong></span> 
     </span>
    </p>
   </div>
   <div class='ocr_carea' id='block_1_46' title="bbox 383 2904 1968 2976">
    <p class='ocr_par' dir='ltr' id='par_1_46' title="bbox 383 2904 1968 2976">
     <span class='ocr_line' id='line_1_46' title="bbox 383 2904 1968 2976; baseline 0.008 -21"><span class='ocrx_word' id='word_1_296' title='bbox 383 2907 591 2955; x_wconf 83' lang='lat' dir='ltr'><strong>terram</strong></span> <span class='ocrx_word' id='word_1_297' title='bbox 650 2910 895 2958; x_wconf 88' lang='lat' dir='ltr'><strong>nostram</strong></span> <span class='ocrx_word' id='word_1_298' title='bbox 959 2917 1086 2959; x_wconf 90' lang='lat' dir='ltr'><strong>cum</strong></span> <span class='ocrx_word' id='word_1_299' title='bbox 1145 2904 1368 2961; x_wconf 81' lang='lat' dir='ltr'><strong>Oceano</strong></span> <span class='ocrx_word' id='word_1_300' title='bbox 1420 2908 1593 2961; x_wconf 84' lang='lat' dir='ltr'><strong>ambit</strong></span> <span class='ocrx_word' id='word_1_301' title='bbox 1660 2908 1968 2976; x_wconf 77' lang='lat' dir='ltr'><strong>paradisus.</strong></span> 
     </span>
    </p>
   </div>
   <div class='ocr_carea' id='block_1_47' title="bbox 382 2989 1966 3070">
    <p class='ocr_par' dir='ltr' id='par_1_47' title="bbox 382 2989 1966 3070">
     <span class='ocr_line' id='line_1_47' title="bbox 382 2989 1966 3070; baseline 0.005 -24"><span class='ocrx_word' id='word_1_302' title='bbox 382 2989 628 3066; x_wconf 86' lang='lat' dir='ltr'><strong>profecto</strong></span> <span class='ocrx_word' id='word_1_303' title='bbox 674 2993 809 3050; x_wconf 92' lang='lat' dir='ltr'><strong>nihil</strong></span> <span class='ocrx_word' id='word_1_304' title='bbox 858 3011 1086 3067; x_wconf 84' lang='lat' dir='ltr'><strong>prorsus</strong></span> <span class='ocrx_word' id='word_1_305' title='bbox 1128 2996 1491 3054; x_wconf 83' lang='lat' dir='ltr'><strong>dubitationis</strong></span> <span class='ocrx_word' id='word_1_306' title='bbox 1541 3001 1812 3070; x_wconf 51' lang='lat' dir='ltr'><strong>reliquum</strong></span> <span class='ocrx_word' id='word_1_307' title='bbox 1862 3011 1966 3067; x_wconf 73' lang='lat' dir='ltr'><strong>est,</strong></span> 
     </span>
    </p>
   </div>
   <div class='ocr_carea' id='block_1_48' title="bbox 380 3087 1609 3162">
    <p class='ocr_par' dir='ltr' id='par_1_48' title="bbox 380 3087 1609 3162">
     <span class='ocr_line' id='line_1_48' title="bbox 380 3087 1609 3162; baseline 0.006 -19"><span class='ocrx_word' id='word_1_308' title='bbox 380 3087 516 3160; x_wconf 87' lang='lat' dir='ltr'><strong>quin</strong></span> <span class='ocrx_word' id='word_1_309' title='bbox 549 3088 623 3145; x_wconf 90' lang='lat' dir='ltr'><strong>sit</strong></span> <span class='ocrx_word' id='word_1_310' title='bbox 653 3088 1034 3161; x_wconf 87' lang='lat' dir='ltr'><strong>amplissimus</strong></span> <span class='ocrx_word' id='word_1_311' title='bbox 1065 3090 1609 3162; x_wconf 82' lang='lat' dir='ltr'><strong>patentissimusque.</strong></span> 
     </span>
    </p>
   </div>
   <div class='ocr_carea' id='block_1_49' title="bbox 966 3200 1375 3259">
    <p class='ocr_par' dir='ltr' id='par_1_49' title="bbox 966 3200 1375 3259">
     <span class='ocr_line' id='line_1_49' title="bbox 966 3200 1375 3259; baseline -0.002 -1"><span class='ocrx_word' id='word_1_312' title='bbox 966 3200 1375 3259; x_wconf 76' lang='lat' dir='ltr'><strong>CAPUT&#39;XVI.</strong></span> 
     </span>
    </p>
   </div>
   <div class='ocr_carea' id='block_1_50' title="bbox 452 3312 1969 3389">
    <p class='ocr_par' dir='ltr' id='par_1_50' title="bbox 452 3312 1969 3389">
     <span class='ocr_line' id='line_1_50' title="bbox 452 3312 1969 3389; baseline 0.003 -21"><span class='ocrx_word' id='word_1_313' title='bbox 452 3314 594 3383; x_wconf 79' lang='lat' dir='ltr'><strong>Quid</strong></span> <span class='ocrx_word' id='word_1_314' title='bbox 633 3315 705 3369; x_wconf 86' lang='lat' dir='ltr'><strong>sit</strong></span> <span class='ocrx_word' id='word_1_315' title='bbox 757 3312 938 3380; x_wconf 82' lang='lat' dir='ltr'><strong>Eden,</strong></span> <span class='ocrx_word' id='word_1_316' title='bbox 961 3322 1011 3369; x_wconf 83' lang='lat' dir='ltr'><strong>et</strong></span> <span class='ocrx_word' id='word_1_317' title='bbox 1046 3331 1140 3370; x_wconf 85' lang='lat' dir='ltr'><strong>cur</strong></span> <span class='ocrx_word' id='word_1_318' title='bbox 1179 3316 1462 3384; x_wconf 80' lang='lat' dir='ltr'><strong>paradisus</strong></span> <span class='ocrx_word' id='word_1_319' title='bbox 1503 3328 1714 3375; x_wconf 80' lang='lat' dir='ltr'><strong>vocetur</strong></span> <span class='ocrx_word' id='word_1_320' title='bbox 1747 3320 1969 3389; x_wconf 78' lang='lat' dir='ltr'><strong>paradi-</strong></span> 
     </span>
    </p>
   </div>
   <div class='ocr_carea' id='block_1_51' title="bbox 381 3405 1965 3484">
    <p class='ocr_par' dir='ltr' id='par_1_51' title="bbox 381 3405 1965 3484">
     <span class='ocr_line' id='line_1_51' title="bbox 381 3405 1965 3484; baseline 0.003 -20"><span class='ocrx_word' id='word_1_321' title='bbox 381 3423 496 3464; x_wconf 80' lang='lat' dir='ltr'><strong>sus.</strong></span> <span class='ocrx_word' id='word_1_322' title='bbox 538 3437 611 3451; x_wconf 76' lang='grc' dir='ltr'><strong>-ο</strong></span> <span class='ocrx_word' id='word_1_323' title='bbox 653 3406 802 3464; x_wconf 67' lang='lat' dir='ltr'><strong>Edere</strong></span> <span class='ocrx_word' id='word_1_324' title='bbox 857 3405 1100 3467; x_wconf 70' lang='lat' dir='ltr'><strong>Hebrais</strong></span> <span class='ocrx_word' id='word_1_325' title='bbox 1157 3409 1447 3481; x_wconf 78' lang='lat' dir='ltr'><strong>roluptatis</strong></span> <span class='ocrx_word' id='word_1_326' title='bbox 1522 3415 1965 3484; x_wconf 74' lang='lat' dir='ltr'><strong>signiﬁcationem</strong></span> 
     </span>
    </p>
   </div>
   <div class='ocr_carea' id='block_1_52' title="bbox 380 3500 1970 3578">
    <p class='ocr_par' dir='ltr' id='par_1_52' title="bbox 380 3500 1970 3578">
     <span class='ocr_line' id='line_1_52' title="bbox 380 3500 1970 3578; baseline 0.006 -23"><span class='ocrx_word' id='word_1_327' title='bbox 380 3500 559 3569; x_wconf 72' lang='lat' dir='ltr'><strong>habet,</strong></span> <span class='ocrx_word' id='word_1_328' title='bbox 611 3510 665 3557; x_wconf 78' lang='lat' dir='ltr'><strong>et</strong></span> <span class='ocrx_word' id='word_1_329' title='bbox 709 3502 959 3559; x_wconf 79' lang='lat' dir='ltr'><strong>credibile</strong></span> <span class='ocrx_word' id='word_1_330' title='bbox 1008 3512 1085 3558; x_wconf 80' lang='lat' dir='ltr'><strong>est</strong></span> <span class='ocrx_word' id='word_1_331' title='bbox 1136 3503 1349 3559; x_wconf 57' lang='lat' dir='ltr'><strong>Graecos</strong></span> <span class='ocrx_word' id='word_1_332' title='bbox 1407 3521 1563 3559; x_wconf 82' lang='lat' dir='ltr'><strong>suam</strong></span> <span class='ocrx_word' id='word_1_333' title='bbox 1615 3507 1787 3578; x_wconf 64' lang='grc' dir='ltr'><strong>ἡδονὴ</strong></span> <span class='ocrx_word' id='word_1_334' title='bbox 1846 3508 1970 3564; x_wconf 77' lang='lat' dir='ltr'><strong>inde</strong></span> 
     </span>
    </p>
   </div>
   <div class='ocr_carea' id='block_1_53' title="bbox 382 3593 1967 3669">
    <p class='ocr_par' dir='ltr' id='par_1_53' title="bbox 382 3593 1967 3669">
     <span class='ocr_line' id='line_1_53' title="bbox 382 3593 1967 3669; baseline 0.004 -18"><span class='ocrx_word' id='word_1_335' title='bbox 382 3597 664 3666; x_wconf 78' lang='lat' dir='ltr'><strong>formasse.</strong></span> <span class='ocrx_word' id='word_1_336' title='bbox 694 3593 1061 3653; x_wconf 80' lang='lat' dir='ltr'><strong>—-C:eterum</strong></span> <span class='ocrx_word' id='word_1_337' title='bbox 1114 3596 1264 3653; x_wconf 85' lang='lat' dir='ltr'><strong>Eden</strong></span> <span class='ocrx_word' id='word_1_338' title='bbox 1313 3598 1472 3654; x_wconf 90' lang='lat' dir='ltr'><strong>locus</strong></span> <span class='ocrx_word' id='word_1_339' title='bbox 1527 3608 1610 3655; x_wconf 88' lang='lat' dir='ltr'><strong>est</strong></span> <span class='ocrx_word' id='word_1_340' title='bbox 1643 3601 1859 3669; x_wconf 88' lang='lat' dir='ltr'><strong>amplus</strong></span> <span class='ocrx_word' id='word_1_341' title='bbox 1902 3616 1967 3657; x_wconf 88' lang='lat' dir='ltr'><strong>ac</strong></span> 
     </span>
    </p>
   </div>
   <div class='ocr_carea' id='block_1_54' title="bbox 380 3685 1970 3761">
    <p class='ocr_par' dir='ltr' id='par_1_54' title="bbox 380 3685 1970 3761">
     <span class='ocr_line' id='line_1_54' title="bbox 380 3685 1970 3761; baseline 0.003 -19"><span class='ocrx_word' id='word_1_342' title='bbox 380 3688 683 3759; x_wconf 87' lang='lat' dir='ltr'><strong>spatiosus.</strong></span> <span class='ocrx_word' id='word_1_343' title='bbox 733 3687 815 3743; x_wconf 89' lang='lat' dir='ltr'><strong>sic</strong></span> <span class='ocrx_word' id='word_1_344' title='bbox 858 3685 1063 3754; x_wconf 89' lang='lat' dir='ltr'><strong>dictus,</strong></span> <span class='ocrx_word' id='word_1_345' title='bbox 1118 3689 1268 3761; x_wconf 87' lang='lat' dir='ltr'><strong>quod</strong></span> <span class='ocrx_word' id='word_1_346' title='bbox 1309 3689 1600 3755; x_wconf 79' lang='lat' dir='ltr'><strong>delicatus.</strong></span> <span class='ocrx_word' id='word_1_347' title='bbox 1652 3706 1719 3746; x_wconf 86' lang='lat' dir='ltr'><strong>ac</strong></span> <span class='ocrx_word' id='word_1_348' title='bbox 1774 3693 1970 3749; x_wconf 81' lang='lat' dir='ltr'><strong>multis</strong></span> 
     </span>
    </p>
   </div>
   <div class='ocr_carea' id='block_1_55' title="bbox 384 3780 1967 3851">
    <p class='ocr_par' dir='ltr' id='par_1_55' title="bbox 384 3780 1967 3851">
     <span class='ocr_line' id='line_1_55' title="bbox 384 3780 1967 3851; baseline 0.004 -18"><span class='ocrx_word' id='word_1_349' title='bbox 384 3780 661 3851; x_wconf 58' lang='lat' dir='ltr'><strong>variisque</strong></span> <span class='ocrx_word' id='word_1_350' title='bbox 691 3780 987 3839; x_wconf 84' lang='lat' dir='ltr'><strong>arboribus</strong></span> <span class='ocrx_word' id='word_1_351' title='bbox 1016 3792 1315 3839; x_wconf 73' lang='lat' dir='ltr'><strong>exornatus</strong></span> <span class='ocrx_word' id='word_1_352' title='bbox 1340 3783 1435 3840; x_wconf 88' lang='lat' dir='ltr'><strong>ait.</strong></span> <span class='ocrx_word' id='word_1_353' title='bbox 1477 3782 1775 3840; x_wconf 84' lang='lat' dir='ltr'><strong>Paradisus</strong></span> <span class='ocrx_word' id='word_1_354' title='bbox 1832 3799 1967 3841; x_wconf 87' lang='lat' dir='ltr'><strong>vero</strong></span> 
     </span>
    </p>
   </div>
   <div class='ocr_carea' id='block_1_56' title="bbox 381 3872 1968 3951">
    <p class='ocr_par' dir='ltr' id='par_1_56' title="bbox 381 3872 1968 3951">
     <span class='ocr_line' id='line_1_56' title="bbox 381 3872 1968 3951; baseline 0.001 -24"><span class='ocrx_word' id='word_1_355' title='bbox 381 3872 691 3944; x_wconf 84' lang='lat' dir='ltr'><strong>appellatur</strong></span> <span class='ocrx_word' id='word_1_356' title='bbox 743 3874 1036 3945; x_wconf 81' lang='lat' dir='ltr'><strong>paradisus</strong></span> <span class='ocrx_word' id='word_1_357' title='bbox 1085 3877 1231 3949; x_wconf 88' lang='lat' dir='ltr'><strong>quod</strong></span> <span class='ocrx_word' id='word_1_358' title='bbox 1272 3876 1426 3934; x_wconf 86' lang='lat' dir='ltr'><strong>locus</strong></span> <span class='ocrx_word' id='word_1_359' title='bbox 1474 3878 1548 3933; x_wconf 81' lang='lat' dir='ltr'><strong>sit</strong></span> <span class='ocrx_word' id='word_1_360' title='bbox 1578 3878 1761 3933; x_wconf 89' lang='lat' dir='ltr'><strong>cultus</strong></span> <span class='ocrx_word' id='word_1_361' title='bbox 1797 3879 1968 3951; x_wconf 86' lang='lat' dir='ltr'><strong>pluri.</strong></span> 
     </span>
    </p>
   </div>
   <div class='ocr_carea' id='block_1_57' title="bbox 380 3963 1964 4039">
    <p class='ocr_par' dir='ltr' id='par_1_57' title="bbox 380 3963 1964 4039">
     <span class='ocr_line' id='line_1_57' title="bbox 380 3963 1964 4039; baseline 0.003 -18"><span class='ocrx_word' id='word_1_362' title='bbox 380 3965 487 4022; x_wconf 81' lang='lat' dir='ltr'><strong>mis</strong></span> <span class='ocrx_word' id='word_1_363' title='bbox 536 3963 1027 4033; x_wconf 57' lang='lat' dir='ltr'><strong>pulchram-imisque</strong></span> <span class='ocrx_word' id='word_1_364' title='bbox 1087 3969 1491 4039; x_wconf 85' lang='lat' dir='ltr'><strong>plantis,eum</strong></span> <span class='ocrx_word' id='word_1_365' title='bbox 1549 3968 1779 4025; x_wconf 86' lang='lat' dir='ltr'><strong>odoratu</strong></span> <span class='ocrx_word' id='word_1_366' title='bbox 1846 3978 1964 4026; x_wconf 88' lang='lat' dir='ltr'><strong>tum</strong></span> 
     </span>
    </p>
   </div>
   <div class='ocr_carea' id='block_1_58' title="bbox 380 4060 1963 4133">
    <p class='ocr_par' dir='ltr' id='par_1_58' title="bbox 380 4060 1963 4133">
     <span class='ocr_line' id='line_1_58' title="bbox 380 4060 1963 4133; baseline 0.002 -18"><span class='ocrx_word' id='word_1_367' title='bbox 380 4068 601 4129; x_wconf 67' lang='lat' dir='ltr'><strong>gustatu</strong></span> <span class='ocrx_word' id='word_1_368' title='bbox 645 4060 932 4133; x_wconf 83' lang='lat' dir='ltr'><strong>jucundis,</strong></span> <span class='ocrx_word' id='word_1_369' title='bbox 983 4061 1251 4132; x_wconf 87' lang='lat' dir='ltr'><strong>planeque</strong></span> <span class='ocrx_word' id='word_1_370' title='bbox 1294 4075 1600 4130; x_wconf 80' lang='lat' dir='ltr'><strong>congruos,</strong></span> <span class='ocrx_word' id='word_1_371' title='bbox 1654 4060 1963 4131; x_wconf 83' lang='lat' dir='ltr'><strong>appositus,</strong></span> 
     </span>
    </p>
   </div>
   <div class='ocr_carea' id='block_1_59' title="bbox 379 4152 1977 4229">
    <p class='ocr_par' dir='ltr' id='par_1_59' title="bbox 379 4152 1977 4229">
     <span class='ocr_line' id='line_1_59' title="bbox 379 4152 1977 4229; baseline 0 -22"><span class='ocrx_word' id='word_1_372' title='bbox 379 4153 871 4220; x_wconf 84' lang='lat' dir='ltr'><strong>accommodatus,</strong></span> <span class='ocrx_word' id='word_1_373' title='bbox 934 4163 994 4209; x_wconf 83' lang='lat' dir='ltr'><strong>ut</strong></span> <span class='ocrx_word' id='word_1_374' title='bbox 1048 4152 1120 4209; x_wconf 86' lang='lat' dir='ltr'><strong>sit</strong></span> <span class='ocrx_word' id='word_1_375' title='bbox 1183 4152 1523 4209; x_wconf 85' lang='lat' dir='ltr'><strong>domicilium</strong></span> <span class='ocrx_word' id='word_1_376' title='bbox 1581 4152 1853 4222; x_wconf 82' lang='lat' dir='ltr'><strong>sedesque</strong></span> <span class='ocrx_word' id='word_1_377' title='bbox 1908 4162 1977 4229; x_wconf 27' lang='lat' dir='ltr'><strong>et,</strong></span> 
     </span>
    </p>
   </div>
   <div class='ocr_carea' id='block_1_60' title="bbox 378 4246 1961 4318">
    <p class='ocr_par' dir='ltr' id='par_1_60' title="bbox 378 4246 1961 4318">
     <span class='ocr_line' id='line_1_60' title="bbox 378 4246 1961 4318; baseline 0.001 -16"><span class='ocrx_word' id='word_1_378' title='bbox 378 4249 678 4303; x_wconf 69' lang='lat' dir='ltr'><strong>amoenitas</strong></span> <span class='ocrx_word' id='word_1_379' title='bbox 754 4246 1082 4315; x_wconf 86' lang='lat' dir='ltr'><strong>hominum;</strong></span> <span class='ocrx_word' id='word_1_380' title='bbox 1154 4261 1283 4303; x_wconf 87' lang='lat' dir='ltr'><strong>nam</strong></span> <span class='ocrx_word' id='word_1_381' title='bbox 1344 4246 1725 4318; x_wconf 87' lang='lat' dir='ltr'><strong>hujuscemodi</strong></span> <span class='ocrx_word' id='word_1_382' title='bbox 1781 4246 1961 4303; x_wconf 87' lang='lat' dir='ltr'><strong>locum</strong></span> 
     </span>
    </p>
   </div>
   <div class='ocr_carea' id='block_1_61' title="bbox 379 4336 1964 4412">
    <p class='ocr_par' dir='ltr' id='par_1_61' title="bbox 379 4336 1964 4412">
     <span class='ocr_line' id='line_1_61' title="bbox 379 4336 1964 4412; baseline -0.001 -14"><span class='ocrx_word' id='word_1_383' title='bbox 379 4349 789 4398; x_wconf 78' lang='lat' dir='ltr'><strong>consueverunt</strong></span> <span class='ocrx_word' id='word_1_384' title='bbox 814 4339 1077 4397; x_wconf 83' lang='lat' dir='ltr'><strong>mortales</strong></span> <span class='ocrx_word' id='word_1_385' title='bbox 1102 4340 1376 4412; x_wconf 84' lang='lat' dir='ltr'><strong>appellare</strong></span> <span class='ocrx_word' id='word_1_386' title='bbox 1408 4339 1747 4412; x_wconf 82' lang='lat' dir='ltr'><strong>paradisum.</strong></span> <span class='ocrx_word' id='word_1_387' title='bbox 1779 4336 1964 4406; x_wconf 85' lang='lat' dir='ltr'><strong>Quare</strong></span> 
     </span>
    </p>
   </div>
   <div class='ocr_carea' id='block_1_62' title="bbox 382 4431 1961 4507">
    <p class='ocr_par' dir='ltr' id='par_1_62' title="bbox 382 4431 1961 4507">
     <span class='ocr_line' id='line_1_62' title="bbox 382 4431 1961 4507; baseline -0.003 -16"><span class='ocrx_word' id='word_1_388' title='bbox 382 4437 575 4492; x_wconf 89' lang='lat' dir='ltr'><strong>beatus</strong></span> <span class='ocrx_word' id='word_1_389' title='bbox 612 4434 825 4507; x_wconf 77' lang='lat' dir='ltr'><strong>Moyses</strong></span> <span class='ocrx_word' id='word_1_390' title='bbox 860 4447 1082 4505; x_wconf 88' lang='lat' dir='ltr'><strong>quoque</strong></span> <span class='ocrx_word' id='word_1_391' title='bbox 1147 4431 1405 4489; x_wconf 80' lang='lat' dir='ltr'><strong>Jordanis</strong></span> <span class='ocrx_word' id='word_1_392' title='bbox 1450 4432 1614 4488; x_wconf 89' lang='lat' dir='ltr'><strong>etiam</strong></span> <span class='ocrx_word' id='word_1_393' title='bbox 1659 4434 1961 4503; x_wconf 79' lang='lat' dir='ltr'><strong>regionem,</strong></span> 
     </span>
    </p>
   </div>
   <div class='ocr_carea' id='block_1_63' title="bbox 376 4526 1961 4601">
    <p class='ocr_par' dir='ltr' id='par_1_63' title="bbox 376 4526 1961 4601">
     <span class='ocr_line' id='line_1_63' title="bbox 376 4526 1961 4601; baseline -0.003 -17"><span class='ocrx_word' id='word_1_394' title='bbox 376 4528 508 4601; x_wconf 88' lang='lat' dir='ltr'><strong>quia</strong></span> <span class='ocrx_word' id='word_1_395' title='bbox 559 4543 777 4586; x_wconf 82' lang='lat' dir='ltr'><strong>arncena</strong></span> <span class='ocrx_word' id='word_1_396' title='bbox 822 4537 987 4599; x_wconf 88' lang='lat' dir='ltr'><strong>atque</strong></span> <span class='ocrx_word' id='word_1_397' title='bbox 1032 4526 1348 4598; x_wconf 87' lang='lat' dir='ltr'><strong>spectabilis</strong></span> <span class='ocrx_word' id='word_1_398' title='bbox 1393 4536 1542 4582; x_wconf 81' lang='lat' dir='ltr'><strong>esset</strong></span> <span class='ocrx_word' id='word_1_399' title='bbox 1577 4527 1628 4581; x_wconf 89' lang='lat' dir='ltr'><strong>id</strong></span> <span class='ocrx_word' id='word_1_400' title='bbox 1674 4528 1961 4599; x_wconf 84' lang='lat' dir='ltr'><strong>temporis,</strong></span> 
     </span>
    </p>
   </div>
   <div class='ocr_carea' id='block_1_64' title="bbox 380 4617 1963 4692">
    <p class='ocr_par' dir='ltr' id='par_1_64' title="bbox 380 4617 1963 4692">
     <span class='ocr_line' id='line_1_64' title="bbox 380 4617 1963 4692; baseline -0.004 -15"><span class='ocrx_word' id='word_1_401' title='bbox 380 4621 697 4691; x_wconf 88' lang='lat' dir='ltr'><strong>paradisum</strong></span> <span class='ocrx_word' id='word_1_402' title='bbox 734 4619 1062 4678; x_wconf 82' lang='lat' dir='ltr'><strong>nominavit.</strong></span> <span class='ocrx_word' id='word_1_403' title='bbox 1110 4619 1284 4676; x_wconf 86' lang='lat' dir='ltr'><strong>l’orro</strong></span> <span class='ocrx_word' id='word_1_404' title='bbox 1320 4626 1380 4675; x_wconf 92' lang='lat' dir='ltr'><strong>ut</strong></span> <span class='ocrx_word' id='word_1_405' title='bbox 1432 4619 1584 4692; x_wconf 77' lang='lat' dir='ltr'><strong>regio</strong></span> <span class='ocrx_word' id='word_1_406' title='bbox 1633 4617 1782 4673; x_wconf 84' lang='lat' dir='ltr'><strong>Eden</strong></span> <span class='ocrx_word' id='word_1_407' title='bbox 1824 4632 1963 4672; x_wconf 82' lang='lat' dir='ltr'><strong>curr-</strong></span> 
     </span>
    </p>
   </div>
   <div class='ocr_carea' id='block_1_65' title="bbox 375 4710 1957 4787">
    <p class='ocr_par' dir='ltr' id='par_1_65' title="bbox 375 4710 1957 4787">
     <span class='ocr_line' id='line_1_65' title="bbox 375 4710 1957 4787; baseline -0.003 -20"><span class='ocrx_word' id='word_1_408' title='bbox 375 4725 496 4771; x_wconf 79' lang='lat' dir='ltr'><strong>ctas</strong></span> <span class='ocrx_word' id='word_1_409' title='bbox 530 4714 774 4787; x_wconf 87' lang='lat' dir='ltr'><strong>reliquas</strong></span> <span class='ocrx_word' id='word_1_410' title='bbox 805 4713 1067 4785; x_wconf 62' lang='lat' dir='ltr'><strong>praecellit</strong></span> <span class='ocrx_word' id='word_1_411' title='bbox 1098 4722 1305 4781; x_wconf 85' lang='lat' dir='ltr'><strong>terras;</strong></span> <span class='ocrx_word' id='word_1_412' title='bbox 1354 4712 1428 4767; x_wconf 83' lang='lat' dir='ltr'><strong>ita</strong></span> <span class='ocrx_word' id='word_1_413' title='bbox 1454 4721 1505 4767; x_wconf 89' lang='lat' dir='ltr'><strong>et</strong></span> <span class='ocrx_word' id='word_1_414' title='bbox 1534 4726 1598 4767; x_wconf 92' lang='lat' dir='ltr'><strong>ea</strong></span> <span class='ocrx_word' id='word_1_415' title='bbox 1652 4710 1774 4782; x_wconf 82' lang='lat' dir='ltr'><strong>ejus</strong></span> <span class='ocrx_word' id='word_1_416' title='bbox 1808 4726 1957 4783; x_wconf 84' lang='lat' dir='ltr'><strong>pars,</strong></span> 
     </span>
    </p>
   </div>
   <div class='ocr_carea' id='block_1_66' title="bbox 377 4803 1972 4878">
    <p class='ocr_par' dir='ltr' id='par_1_66' title="bbox 377 4803 1972 4878">
     <span class='ocr_line' id='line_1_66' title="bbox 377 4803 1972 4878; baseline -0.001 -18"><span class='ocrx_word' id='word_1_417' title='bbox 377 4807 432 4862; x_wconf 90' lang='lat' dir='ltr'><strong>in</strong></span> <span class='ocrx_word' id='word_1_418' title='bbox 485 4822 594 4878; x_wconf 91' lang='lat' dir='ltr'><strong>qua</strong></span> <span class='ocrx_word' id='word_1_419' title='bbox 660 4806 799 4863; x_wconf 81' lang='lat' dir='ltr'><strong>situs</strong></span> <span class='ocrx_word' id='word_1_420' title='bbox 849 4813 935 4862; x_wconf 86' lang='lat' dir='ltr'><strong>est</strong></span> <span class='ocrx_word' id='word_1_421' title='bbox 986 4804 1314 4877; x_wconf 87' lang='lat' dir='ltr'><strong>paradisus,</strong></span> <span class='ocrx_word' id='word_1_422' title='bbox 1364 4814 1559 4860; x_wconf 67' lang='lat' dir='ltr'><strong>caetera</strong></span> <span class='ocrx_word' id='word_1_423' title='bbox 1613 4803 1794 4860; x_wconf 90' lang='lat' dir='ltr'><strong>omnia</strong></span> <span class='ocrx_word' id='word_1_424' title='bbox 1848 4817 1972 4874; x_wconf 54' lang='lat' dir='ltr'><strong>quae</strong></span> 
     </span>
    </p>
   </div>
   <div class='ocr_carea' id='block_1_67' title="bbox 378 4894 1969 4970">
    <p class='ocr_par' dir='ltr' id='par_1_67' title="bbox 378 4894 1969 4970">
     <span class='ocr_line' id='line_1_67' title="bbox 378 4894 1969 4970; baseline -0.003 -16"><span class='ocrx_word' id='word_1_425' title='bbox 378 4895 527 4954; x_wconf 85' lang='lat' dir='ltr'><strong>Eden</strong></span> <span class='ocrx_word' id='word_1_426' title='bbox 571 4896 955 4970; x_wconf 77' lang='lat' dir='ltr'><strong>complectitur</strong></span> <span class='ocrx_word' id='word_1_427' title='bbox 999 4896 1117 4952; x_wconf 90' lang='lat' dir='ltr'><strong>loca</strong></span> <span class='ocrx_word' id='word_1_428' title='bbox 1172 4906 1397 4967; x_wconf 88' lang='lat' dir='ltr'><strong>superat</strong></span> <span class='ocrx_word' id='word_1_429' title='bbox 1441 4912 1456 4951; x_wconf 87' lang='lat'><strong>:</strong></span> <span class='ocrx_word' id='word_1_430' title='bbox 1509 4910 1687 4967; x_wconf 89' lang='lat' dir='ltr'><strong>neque</strong></span> <span class='ocrx_word' id='word_1_431' title='bbox 1716 4894 1861 4951; x_wconf 90' lang='lat' dir='ltr'><strong>enim</strong></span> <span class='ocrx_word' id='word_1_432' title='bbox 1913 4895 1969 4949; x_wconf 91' lang='lat' dir='ltr'><strong>in</strong></span> 
     </span>
    </p>
   </div>
   <div class='ocr_carea' id='block_1_68' title="bbox 378 4987 1965 5060">
    <p class='ocr_par' dir='ltr' id='par_1_68' title="bbox 378 4987 1965 5060">
     <span class='ocr_line' id='line_1_68' title="bbox 378 4987 1965 5060; baseline -0.001 -16"><span class='ocrx_word' id='word_1_433' title='bbox 378 4990 529 5045; x_wconf 78' lang='lat' dir='ltr'><strong>Eden</strong></span> <span class='ocrx_word' id='word_1_434' title='bbox 590 4989 759 5045; x_wconf 90' lang='lat' dir='ltr'><strong>ullum</strong></span> <span class='ocrx_word' id='word_1_435' title='bbox 813 4998 892 5046; x_wconf 88' lang='lat' dir='ltr'><strong>est</strong></span> <span class='ocrx_word' id='word_1_436' title='bbox 959 4989 1138 5045; x_wconf 88' lang='lat' dir='ltr'><strong>solum</strong></span> <span class='ocrx_word' id='word_1_437' title='bbox 1191 4987 1544 5060; x_wconf 66' lang='lat' dir='ltr'><strong>prmstantius</strong></span> <span class='ocrx_word' id='word_1_438' title='bbox 1602 5002 1669 5043; x_wconf 90' lang='lat' dir='ltr'><strong>eo</strong></span> <span class='ocrx_word' id='word_1_439' title='bbox 1733 4988 1788 5042; x_wconf 87' lang='lat' dir='ltr'><strong>in</strong></span> <span class='ocrx_word' id='word_1_440' title='bbox 1853 5001 1965 5059; x_wconf 91' lang='lat' dir='ltr'><strong>quo</strong></span> 
     </span>
    </p>
   </div>
   <div class='ocr_carea' id='block_1_69' title="bbox 384 5079 1086 5152">
    <p class='ocr_par' dir='ltr' id='par_1_69' title="bbox 384 5079 1086 5152">
     <span class='ocr_line' id='line_1_69' title="bbox 384 5079 1086 5152; baseline 0.003 -18"><span class='ocrx_word' id='word_1_441' title='bbox 384 5079 672 5152; x_wconf 85' lang='lat' dir='ltr'><strong>paradisus</strong></span> <span class='ocrx_word' id='word_1_442' title='bbox 701 5091 786 5137; x_wconf 86' lang='lat' dir='ltr'><strong>est</strong></span> <span class='ocrx_word' id='word_1_443' title='bbox 815 5080 1086 5137; x_wconf 85' lang='lat' dir='ltr'><strong>consitus.</strong></span> 
     </span>
    </p>
   </div>
   <div class='ocr_carea' id='block_1_70' title="bbox 950 5191 1396 5252">
    <p class='ocr_par' dir='ltr' id='par_1_70' title="bbox 950 5191 1396 5252">
     <span class='ocr_line' id='line_1_70' title="bbox 950 5191 1396 5252; baseline -0.002 -1"><span class='ocrx_word' id='word_1_444' title='bbox 950 5191 1184 5252; x_wconf 75' lang='lat' dir='ltr'><strong>CAPUT</strong></span> <span class='ocrx_word' id='word_1_445' title='bbox 1231 5193 1396 5251; x_wconf 72' lang='grc' dir='ltr'>Χιίι.</span> 
     </span>
    </p>
   </div>
   <div class='ocr_carea' id='block_1_71' title="bbox 455 5288 1964 5364">
    <p class='ocr_par' dir='ltr' id='par_1_71' title="bbox 455 5288 1964 5364">
     <span class='ocr_line' id='line_1_71' title="bbox 455 5288 1964 5364; baseline 0.002 -22"><span class='ocrx_word' id='word_1_446' title='bbox 455 5291 539 5342; x_wconf 76' lang='lat' dir='ltr'><strong>Art</strong></span> <span class='ocrx_word' id='word_1_447' title='bbox 592 5288 797 5356; x_wconf 80' lang='lat' dir='ltr'><strong>Iaerint</strong></span> <span class='ocrx_word' id='word_1_448' title='bbox 844 5288 1061 5344; x_wconf 81' lang='lat' dir='ltr'><strong>arbores</strong></span> <span class='ocrx_word' id='word_1_449' title='bbox 1122 5289 1436 5364; x_wconf 78' lang='lat' dir='ltr'><strong>[ructusque</strong></span> <span class='ocrx_word' id='word_1_450' title='bbox 1490 5290 1734 5360; x_wconf 78' lang='lat' dir='ltr'><strong>paradisi</strong></span> <span class='ocrx_word' id='word_1_451' title='bbox 1781 5289 1964 5363; x_wconf 79' lang='lat' dir='ltr'><strong>quales</strong></span> 
     </span>
    </p>
   </div>
   <div class='ocr_carea' id='block_1_72' title="bbox 387 5381 1963 5452">
    <p class='ocr_par' dir='ltr' id='par_1_72' title="bbox 387 5381 1963 5452">
     <span class='ocr_line' id='line_1_72' title="bbox 387 5381 1963 5452; baseline 0.003 -17"><span class='ocrx_word' id='word_1_452' title='bbox 387 5386 499 5437; x_wconf 64' lang='lat' dir='ltr'><strong>hac</strong></span> <span class='ocrx_word' id='word_1_453' title='bbox 555 5389 742 5435; x_wconf 76' lang='lat' dir='ltr'><strong>nostra</strong></span> <span class='ocrx_word' id='word_1_454' title='bbox 787 5389 930 5435; x_wconf 83' lang='lat' dir='ltr'><strong>terra</strong></span> <span class='ocrx_word' id='word_1_455' title='bbox 959 5381 1084 5452; x_wconf 73' lang='lat' dir='ltr'><strong>fert,</strong></span> <span class='ocrx_word' id='word_1_456' title='bbox 1136 5398 1204 5435; x_wconf 83' lang='lat' dir='ltr'><strong>an</strong></span> <span class='ocrx_word' id='word_1_457' title='bbox 1260 5381 1342 5438; x_wconf 79' lang='lat' dir='ltr'><strong>liis</strong></span> <span class='ocrx_word' id='word_1_458' title='bbox 1389 5382 1696 5438; x_wconf 81' lang='lat' dir='ltr'><strong>dissimiles.</strong></span> <span class='ocrx_word' id='word_1_459' title='bbox 1728 5411 1797 5423; x_wconf 89' lang='lat'><strong>-—</strong></span> <span class='ocrx_word' id='word_1_460' title='bbox 1825 5381 1963 5439; x_wconf 83' lang='lat' dir='ltr'><strong>Illud</strong></span> 
     </span>
    </p>
   </div>
   <div class='ocr_carea' id='block_1_73' title="bbox 390 5469 1964 5545">
    <p class='ocr_par' dir='ltr' id='par_1_73' title="bbox 390 5469 1964 5545">
     <span class='ocr_line' id='line_1_73' title="bbox 390 5469 1964 5545; baseline 0 -16"><span class='ocrx_word' id='word_1_461' title='bbox 390 5484 559 5543; x_wconf 72' lang='lat' dir='ltr'><strong>porro</strong></span> <span class='ocrx_word' id='word_1_462' title='bbox 598 5469 936 5528; x_wconf 77' lang='lat' dir='ltr'><strong>aﬂirmamus</strong></span> <span class='ocrx_word' id='word_1_463' title='bbox 981 5486 1223 5544; x_wconf 87' lang='lat' dir='ltr'><strong>quoque,</strong></span> <span class='ocrx_word' id='word_1_464' title='bbox 1279 5487 1454 5545; x_wconf 88' lang='lat' dir='ltr'><strong>neque</strong></span> <span class='ocrx_word' id='word_1_465' title='bbox 1481 5473 1733 5540; x_wconf 85' lang='lat' dir='ltr'><strong>arbores,</strong></span> <span class='ocrx_word' id='word_1_466' title='bbox 1785 5486 1964 5545; x_wconf 86' lang='lat' dir='ltr'><strong>neque</strong></span> 
     </span>
    </p>
   </div>
   <div class='ocr_carea' id='block_1_74' title="bbox 462 5651 1959 5725">
    <p class='ocr_par' dir='ltr' id='par_1_74' title="bbox 462 5651 1959 5725">
     <span class='ocr_line' id='line_1_74' title="bbox 462 5651 1959 5725; baseline 0.001 -17"><span class='ocrx_word' id='word_1_467' title='bbox 462 5651 542 5724; x_wconf 78' lang='grc' dir='ltr'><strong>(ι)</strong></span> <span class='ocrx_word' id='word_1_468' title='bbox 580 5652 726 5725; x_wconf 79' lang='lat' dir='ltr'><strong>Cave.</strong></span> <span class='ocrx_word' id='word_1_469' title='bbox 764 5662 1042 5710; x_wconf 85' lang='lat' dir='ltr'><strong>auctorem</strong></span> <span class='ocrx_word' id='word_1_470' title='bbox 1069 5652 1233 5711; x_wconf 89' lang='lat' dir='ltr'><strong>istum</strong></span> <span class='ocrx_word' id='word_1_471' title='bbox 1261 5667 1446 5711; x_wconf 85' lang='lat' dir='ltr'><strong>errore</strong></span> <span class='ocrx_word' id='word_1_472' title='bbox 1476 5651 1789 5709; x_wconf 63' lang='lat' dir='ltr'><strong>Grmcortrm</strong></span> <span class='ocrx_word' id='word_1_473' title='bbox 1816 5668 1959 5725; x_wconf 86' lang='lat' dir='ltr'><strong>quo-</strong></span> 
     </span>
    </p>
   </div>
   <div class='ocr_carea' id='block_1_75' title="bbox 391 5724 1958 5797">
    <p class='ocr_par' dir='ltr' id='par_1_75' title="bbox 391 5724 1958 5797">
     <span class='ocr_line' id='line_1_75' title="bbox 391 5724 1958 5797; baseline 0.001 -19"><span class='ocrx_word' id='word_1_474' title='bbox 391 5725 643 5797; x_wconf 76' lang='lat' dir='ltr'><strong>rumdam</strong></span> <span class='ocrx_word' id='word_1_475' title='bbox 691 5724 1042 5797; x_wconf 72' lang='lat' dir='ltr'><strong>implicitum,</strong></span> <span class='ocrx_word' id='word_1_476' title='bbox 1093 5736 1427 5797; x_wconf 72' lang='lat' dir='ltr'><strong>sanctorum</strong></span> <span class='ocrx_word' id='word_1_477' title='bbox 1452 5725 1667 5797; x_wconf 69' lang='lat' dir='ltr'><strong>animas</strong></span> <span class='ocrx_word' id='word_1_478' title='bbox 1688 5724 1843 5797; x_wconf 64' lang='lat' dir='ltr'><strong>ante</strong></span> <span class='ocrx_word' id='word_1_479' title='bbox 1870 5725 1958 5796; x_wconf 87' lang='lat' dir='ltr'><strong>ju-</strong></span> 
     </span>
    </p>
   </div>
   <div class='ocr_carea' id='block_1_76' title="bbox 391 5791 1956 5854">
    <p class='ocr_par' dir='ltr' id='par_1_76' title="bbox 391 5791 1956 5854">
     <span class='ocr_line' id='line_1_76' title="bbox 391 5791 1956 5854; baseline 0.001 -3"><span class='ocrx_word' id='word_1_480' title='bbox 391 5795 518 5853; x_wconf 83' lang='lat' dir='ltr'><strong>dicii</strong></span> <span class='ocrx_word' id='word_1_481' title='bbox 541 5794 685 5852; x_wconf 77' lang='lat' dir='ltr'><strong>diem</strong></span> <span class='ocrx_word' id='word_1_482' title='bbox 709 5791 1027 5854; x_wconf 78' lang='lat' dir='ltr'><strong>in&#39;terrestri</strong></span> <span class='ocrx_word' id='word_1_483' title='bbox 1054 5794 1303 5853; x_wconf 79' lang='lat' dir='ltr'><strong>oaradiso</strong></span> <span class='ocrx_word' id='word_1_484' title='bbox 1327 5795 1576 5853; x_wconf 84' lang='lat' dir='ltr'><strong>detineri.</strong></span> <span class='ocrx_word' id='word_1_485' title='bbox 1605 5791 1737 5853; x_wconf 73' lang='lat' dir='ltr'><strong>Vide</strong></span> <span class='ocrx_word' id='word_1_486' title='bbox 1759 5791 1956 5853; x_wconf 77' lang='lat' dir='ltr'><strong>librum</strong></span> 
     </span>
    </p>
   </div>
   <div class='ocr_carea' id='block_1_77' title="bbox 2076 1875 3667 1944">
    <p class='ocr_par' dir='ltr' id='par_1_77' title="bbox 2076 1875 3667 1944">
     <span class='ocr_line' id='line_1_77' title="bbox 2076 1875 3667 1944; baseline -0.003 -13"><span class='ocrx_word' id='word_1_487' title='bbox 2076 1890 2196 1931; x_wconf 88' lang='lat' dir='ltr'><strong>eam</strong></span> <span class='ocrx_word' id='word_1_488' title='bbox 2257 1876 2421 1931; x_wconf 90' lang='lat' dir='ltr'><strong>modo</strong></span> <span class='ocrx_word' id='word_1_489' title='bbox 2476 1886 2681 1931; x_wconf 87' lang='lat' dir='ltr'><strong>terram</strong></span> <span class='ocrx_word' id='word_1_490' title='bbox 2733 1875 3102 1944; x_wconf 79' lang='lat' dir='ltr'><strong>pronuntiata:</strong></span> <span class='ocrx_word' id='word_1_491' title='bbox 3150 1880 3305 1938; x_wconf 89' lang='lat' dir='ltr'><strong>sunt,</strong></span> <span class='ocrx_word' id='word_1_492' title='bbox 3347 1888 3471 1944; x_wconf 70' lang='lat' dir='ltr'><strong>quae</strong></span> <span class='ocrx_word' id='word_1_493' title='bbox 3508 1877 3667 1928; x_wconf 78' lang='lat' dir='ltr'><strong>extra</strong></span> 
     </span>
    </p>
   </div>
   <div class='ocr_carea' id='block_1_78' title="bbox 2076 1962 3665 2039">
    <p class='ocr_par' dir='ltr' id='par_1_78' title="bbox 2076 1962 3665 2039">
     <span class='ocr_line' id='line_1_78' title="bbox 2076 1962 3665 2039; baseline -0.001 -16"><span class='ocrx_word' id='word_1_494' title='bbox 2076 1968 2390 2039; x_wconf 87' lang='lat' dir='ltr'><strong>paradisum</strong></span> <span class='ocrx_word' id='word_1_495' title='bbox 2430 1978 2535 2033; x_wconf 89' lang='lat' dir='ltr'><strong>est,</strong></span> <span class='ocrx_word' id='word_1_496' title='bbox 2571 1979 2691 2039; x_wconf 88' lang='lat' dir='ltr'><strong>post</strong></span> <span class='ocrx_word' id='word_1_497' title='bbox 2723 1967 2984 2023; x_wconf 78' lang='lat' dir='ltr'><strong>violatam</strong></span> <span class='ocrx_word' id='word_1_498' title='bbox 3016 1968 3087 2021; x_wconf 84' lang='lat' dir='ltr'><strong>ab</strong></span> <span class='ocrx_word' id='word_1_499' title='bbox 3111 1966 3323 2022; x_wconf 78' lang='lat' dir='ltr'><strong>Adamo</strong></span> <span class='ocrx_word' id='word_1_500' title='bbox 3358 1966 3558 2036; x_wconf 76' lang='lat' dir='ltr'><strong>legem.</strong></span> <span class='ocrx_word' id='word_1_501' title='bbox 3588 1962 3665 2021; x_wconf 86' lang='lat' dir='ltr'><strong>ita</strong></span> 
     </span>
    </p>
   </div>
   <div class='ocr_carea' id='block_1_79' title="bbox 2076 2056 3664 2131">
    <p class='ocr_par' dir='ltr' id='par_1_79' title="bbox 2076 2056 3664 2131">
     <span class='ocr_line' id='line_1_79' title="bbox 2076 2056 3664 2131; baseline -0.001 -17"><span class='ocrx_word' id='word_1_502' title='bbox 2076 2070 2137 2115; x_wconf 88' lang='lat' dir='ltr'><strong>ut</strong></span> <span class='ocrx_word' id='word_1_503' title='bbox 2187 2060 2256 2115; x_wconf 87' lang='lat' dir='ltr'><strong>ab</strong></span> <span class='ocrx_word' id='word_1_504' title='bbox 2297 2059 2434 2131; x_wconf 86' lang='lat' dir='ltr'><strong>ipsis</strong></span> <span class='ocrx_word' id='word_1_505' title='bbox 2465 2060 2756 2131; x_wconf 87' lang='lat' dir='ltr'><strong>paradisus</strong></span> <span class='ocrx_word' id='word_1_506' title='bbox 2802 2067 3052 2115; x_wconf 88' lang='lat' dir='ltr'><strong>maneret</strong></span> <span class='ocrx_word' id='word_1_507' title='bbox 3093 2058 3380 2125; x_wconf 86' lang='lat' dir='ltr'><strong>immunis,</strong></span> <span class='ocrx_word' id='word_1_508' title='bbox 3412 2058 3559 2114; x_wconf 85' lang='lat' dir='ltr'><strong>sicut</strong></span> <span class='ocrx_word' id='word_1_509' title='bbox 3607 2056 3664 2113; x_wconf 85' lang='lat' dir='ltr'><strong>lu</strong></span> 
     </span>
    </p>
   </div>
   <div class='ocr_carea' id='block_1_80' title="bbox 2072 2150 3665 2225">
    <p class='ocr_par' dir='ltr' id='par_1_80' title="bbox 2072 2150 3665 2225">
     <span class='ocr_line' id='line_1_80' title="bbox 2072 2150 3665 2225; baseline -0.003 -18"><span class='ocrx_word' id='word_1_510' title='bbox 2072 2150 2218 2207; x_wconf 84' lang='lat' dir='ltr'><strong>hane</strong></span> <span class='ocrx_word' id='word_1_511' title='bbox 2265 2167 2443 2223; x_wconf 87' lang='lat' dir='ltr'><strong>usque</strong></span> <span class='ocrx_word' id='word_1_512' title='bbox 2492 2152 2637 2208; x_wconf 90' lang='lat' dir='ltr'><strong>diem</strong></span> <span class='ocrx_word' id='word_1_513' title='bbox 2677 2166 2900 2225; x_wconf 87' lang='lat' dir='ltr'><strong>quoque</strong></span> <span class='ocrx_word' id='word_1_514' title='bbox 2942 2150 3209 2208; x_wconf 89' lang='lat' dir='ltr'><strong>immunis</strong></span> <span class='ocrx_word' id='word_1_515' title='bbox 3258 2151 3505 2220; x_wconf 84' lang='lat' dir='ltr'><strong>liberque</strong></span> <span class='ocrx_word' id='word_1_516' title='bbox 3552 2156 3665 2213; x_wconf 86' lang='lat' dir='ltr'><strong>est,</strong></span> 
     </span>
    </p>
   </div>
   <div class='ocr_carea' id='block_1_81' title="bbox 2073 2228 3666 2314">
    <p class='ocr_par' dir='ltr' id='par_1_81' title="bbox 2073 2228 3666 2314">
     <span class='ocr_line' id='line_1_81' title="bbox 2073 2228 3666 2314; baseline -0.005 -13"><span class='ocrx_word' id='word_1_517' title='bbox 2073 2260 2251 2314; x_wconf 89' lang='lat' dir='ltr'><strong>eoque</strong></span> <span class='ocrx_word' id='word_1_518' title='bbox 2281 2252 2336 2300; x_wconf 91' lang='lat' dir='ltr'><strong>et</strong></span> <span class='ocrx_word' id='word_1_519' title='bbox 2371 2228 2780 2300; x_wconf 77' lang='lat' dir='ltr'><strong>delicaiissinue</strong></span> <span class='ocrx_word' id='word_1_520' title='bbox 2804 2250 2859 2299; x_wconf 86' lang='lat' dir='ltr'><strong>et</strong></span> <span class='ocrx_word' id='word_1_521' title='bbox 2886 2241 3308 2314; x_wconf 71' lang='lat' dir='ltr'><strong>speciosissima:</strong></span> <span class='ocrx_word' id='word_1_522' title='bbox 3341 2240 3569 2297; x_wconf 86' lang='lat' dir='ltr'><strong>arbores</strong></span> <span class='ocrx_word' id='word_1_523' title='bbox 3606 2237 3666 2294; x_wconf 90' lang='lat' dir='ltr'><strong>lu</strong></span> 
     </span>
    </p>
   </div>
   <div class='ocr_carea' id='block_1_82' title="bbox 2076 2338 2660 2411">
    <p class='ocr_par' dir='ltr' id='par_1_82' title="bbox 2076 2338 2660 2411">
     <span class='ocr_line' id='line_1_82' title="bbox 2076 2338 2660 2411; baseline -0.002 -17"><span class='ocrx_word' id='word_1_524' title='bbox 2076 2338 2195 2411; x_wconf 88' lang='lat' dir='ltr'><strong>ipso</strong></span> <span class='ocrx_word' id='word_1_525' title='bbox 2221 2338 2385 2393; x_wconf 81' lang='lat' dir='ltr'><strong>etiam</strong></span> <span class='ocrx_word' id='word_1_526' title='bbox 2416 2345 2660 2394; x_wconf 75' lang='lat' dir='ltr'><strong>exstant.</strong></span> 
     </span>
    </p>
   </div>
   <div class='ocr_carea' id='block_1_83' title="bbox 2638 2449 3093 2508">
    <p class='ocr_par' dir='ltr' id='par_1_83' title="bbox 2638 2449 3093 2508">
     <span class='ocr_line' id='line_1_83' title="bbox 2638 2449 3093 2508; baseline 0 -1"><span class='ocrx_word' id='word_1_527' title='bbox 2638 2449 2867 2508; x_wconf 75' lang='lat' dir='ltr'><strong>CAPUT</strong></span> <span class='ocrx_word' id='word_1_528' title='bbox 2908 2449 3093 2507; x_wconf 76' lang='lat' dir='ltr'><strong>XVIII.</strong></span> 
     </span>
    </p>
   </div>
   <div class='ocr_carea' id='block_1_84' title="bbox 2143 2585 3667 2659">
    <p class='ocr_par' dir='ltr' id='par_1_84' title="bbox 2143 2585 3667 2659">
     <span class='ocr_line' id='line_1_84' title="bbox 2143 2585 3667 2659; baseline -0.001 -16"><span class='ocrx_word' id='word_1_529' title='bbox 2143 2585 2245 2643; x_wconf 81' lang='lat' dir='ltr'><strong>Cui</strong></span> <span class='ocrx_word' id='word_1_530' title='bbox 2269 2587 2347 2643; x_wconf 75' lang='lat' dir='ltr'><strong>vel</strong></span> <span class='ocrx_word' id='word_1_531' title='bbox 2374 2604 2535 2656; x_wconf 77' lang='lat' dir='ltr'><strong>nunc,</strong></span> <span class='ocrx_word' id='word_1_532' title='bbox 2576 2588 2657 2643; x_wconf 81' lang='lat' dir='ltr'><strong>vel</strong></span> <span class='ocrx_word' id='word_1_533' title='bbox 2678 2598 2797 2659; x_wconf 89' lang='lat' dir='ltr'><strong>post</strong></span> <span class='ocrx_word' id='word_1_534' title='bbox 2843 2587 3283 2643; x_wconf 70' lang='lat' dir='ltr'><strong>resurrectionem</strong></span> <span class='ocrx_word' id='word_1_535' title='bbox 3316 2587 3442 2643; x_wconf 79' lang='lat' dir='ltr'><strong>usui</strong></span> <span class='ocrx_word' id='word_1_536' title='bbox 3466 2587 3667 2644; x_wconf 73' lang='lat' dir='ltr'><strong>serviat</strong></span> 
     </span>
    </p>
   </div>
   <div class='ocr_carea' id='block_1_85' title="bbox 2071 2679 3666 2752">
    <p class='ocr_par' dir='ltr' id='par_1_85' title="bbox 2071 2679 3666 2752">
     <span class='ocr_line' id='line_1_85' title="bbox 2071 2679 3666 2752; baseline 0.003 -19"><span class='ocrx_word' id='word_1_537' title='bbox 2071 2680 2383 2751; x_wconf 83' lang='lat' dir='ltr'><strong>paradisus.</strong></span> <span class='ocrx_word' id='word_1_538' title='bbox 2411 2710 2480 2723; x_wconf 92' lang='lat'><strong>-—</strong></span> <span class='ocrx_word' id='word_1_539' title='bbox 2511 2679 2618 2737; x_wconf 87' lang='lat' dir='ltr'><strong>Sed</strong></span> <span class='ocrx_word' id='word_1_540' title='bbox 2644 2681 2827 2737; x_wconf 86' lang='lat' dir='ltr'><strong>solent</strong></span> <span class='ocrx_word' id='word_1_541' title='bbox 2850 2681 3072 2751; x_wconf 86' lang='lat' dir='ltr'><strong>quidam</strong></span> <span class='ocrx_word' id='word_1_542' title='bbox 3100 2681 3519 2752; x_wconf 84' lang='lat' dir='ltr'><strong>disciplinarum</strong></span> <span class='ocrx_word' id='word_1_543' title='bbox 3549 2690 3666 2739; x_wconf 77' lang='lat' dir='ltr'><strong>stu-</strong></span> 
     </span>
    </p>
   </div>
   <div class='ocr_carea' id='block_1_86' title="bbox 2074 2774 3667 2847">
    <p class='ocr_par' dir='ltr' id='par_1_86' title="bbox 2074 2774 3667 2847">
     <span class='ocr_line' id='line_1_86' title="bbox 2074 2774 3667 2847; baseline 0.001 -19"><span class='ocrx_word' id='word_1_544' title='bbox 2074 2774 2213 2830; x_wconf 88' lang='lat' dir='ltr'><strong>diosi</strong></span> <span class='ocrx_word' id='word_1_545' title='bbox 2247 2789 2519 2846; x_wconf 70' lang='lat' dir='ltr'><strong>qumrere,</strong></span> <span class='ocrx_word' id='word_1_546' title='bbox 2553 2775 2681 2847; x_wconf 87' lang='lat' dir='ltr'><strong>quis</strong></span> <span class='ocrx_word' id='word_1_547' title='bbox 2705 2775 2778 2831; x_wconf 90' lang='lat' dir='ltr'><strong>sit</strong></span> <span class='ocrx_word' id='word_1_548' title='bbox 2806 2775 2885 2830; x_wconf 87' lang='lat' dir='ltr'><strong>vel</strong></span> <span class='ocrx_word' id='word_1_549' title='bbox 2913 2776 3028 2847; x_wconf 92' lang='lat' dir='ltr'><strong>jam</strong></span> <span class='ocrx_word' id='word_1_550' title='bbox 3057 2789 3203 2830; x_wconf 84' lang='lat' dir='ltr'><strong>nunc</strong></span> <span class='ocrx_word' id='word_1_551' title='bbox 3236 2775 3476 2847; x_wconf 82' lang='lat' dir='ltr'><strong>paradisi</strong></span> <span class='ocrx_word' id='word_1_552' title='bbox 3507 2789 3667 2838; x_wconf 85' lang='lat' dir='ltr'><strong>usus.</strong></span> 
     </span>
    </p>
   </div>
   <div class='ocr_carea' id='block_1_87' title="bbox 2072 2867 3666 2938">
    <p class='ocr_par' dir='ltr' id='par_1_87' title="bbox 2072 2867 3666 2938">
     <span class='ocr_line' id='line_1_87' title="bbox 2072 2867 3666 2938; baseline 0 -16"><span class='ocrx_word' id='word_1_553' title='bbox 2072 2867 2157 2924; x_wconf 88' lang='lat' dir='ltr'><strong>vel</strong></span> <span class='ocrx_word' id='word_1_554' title='bbox 2213 2867 2340 2936; x_wconf 89' lang='lat' dir='ltr'><strong>quis</strong></span> <span class='ocrx_word' id='word_1_555' title='bbox 2382 2868 2515 2925; x_wconf 90' lang='lat' dir='ltr'><strong>olim</strong></span> <span class='ocrx_word' id='word_1_556' title='bbox 2556 2868 2776 2924; x_wconf 86' lang='lat' dir='ltr'><strong>futurus</strong></span> <span class='ocrx_word' id='word_1_557' title='bbox 2807 2911 2823 2936; x_wconf 87' lang='lat'><strong>,</strong></span> <span class='ocrx_word' id='word_1_558' title='bbox 2875 2877 3165 2938; x_wconf 84' lang='lat' dir='ltr'><strong>postquam</strong></span> <span class='ocrx_word' id='word_1_559' title='bbox 3225 2869 3486 2925; x_wconf 82' lang='lat' dir='ltr'><strong>mortales</strong></span> <span class='ocrx_word' id='word_1_560' title='bbox 3535 2882 3666 2924; x_wconf 81' lang='lat' dir='ltr'><strong>cum</strong></span> 
     </span>
    </p>
   </div>
   <div class='ocr_carea' id='block_1_88' title="bbox 2071 2959 3664 3031">
    <p class='ocr_par' dir='ltr' id='par_1_88' title="bbox 2071 2959 3664 3031">
     <span class='ocr_line' id='line_1_88' title="bbox 2071 2959 3664 3031; baseline -0.003 -13"><span class='ocrx_word' id='word_1_561' title='bbox 2071 2961 2402 3029; x_wconf 87' lang='lat' dir='ltr'><strong>corporibus</strong></span> <span class='ocrx_word' id='word_1_562' title='bbox 2455 2959 2891 3031; x_wconf 67' lang='lat' dir='ltr'><strong>reviserintu),</strong></span> <span class='ocrx_word' id='word_1_563' title='bbox 2953 2960 3050 3016; x_wconf 85' lang='lat' dir='ltr'><strong>llis</strong></span> <span class='ocrx_word' id='word_1_564' title='bbox 3091 2977 3191 3019; x_wconf 87' lang='lat' dir='ltr'><strong>nos</strong></span> <span class='ocrx_word' id='word_1_565' title='bbox 3243 2962 3664 3030; x_wconf 85' lang='lat' dir='ltr'><strong>respondemus,</strong></span> 
     </span>
    </p>
   </div>
   <div class='ocr_carea' id='block_1_89' title="bbox 2070 3054 3668 3126">
    <p class='ocr_par' dir='ltr' id='par_1_89' title="bbox 2070 3054 3668 3126">
     <span class='ocr_line' id='line_1_89' title="bbox 2070 3054 3668 3126; baseline 0.001 -18"><span class='ocrx_word' id='word_1_566' title='bbox 2070 3068 2139 3108; x_wconf 88' lang='lat' dir='ltr'><strong>eo</strong></span> <span class='ocrx_word' id='word_1_567' title='bbox 2169 3054 2342 3111; x_wconf 87' lang='lat' dir='ltr'><strong>fuisse</strong></span> <span class='ocrx_word' id='word_1_568' title='bbox 2376 3060 2623 3111; x_wconf 86' lang='lat' dir='ltr'><strong>creatum</strong></span> <span class='ocrx_word' id='word_1_569' title='bbox 2676 3056 2859 3125; x_wconf 86' lang='lat' dir='ltr'><strong>primo</strong></span> <span class='ocrx_word' id='word_1_570' title='bbox 2910 3055 3300 3126; x_wconf 81' lang='lat' dir='ltr'><strong>comitumque</strong></span> <span class='ocrx_word' id='word_1_571' title='bbox 3349 3056 3419 3109; x_wconf 87' lang='lat' dir='ltr'><strong>ab</strong></span> <span class='ocrx_word' id='word_1_572' title='bbox 3464 3054 3668 3125; x_wconf 80' lang='lat' dir='ltr'><strong>Opifice</strong></span> 
     </span>
    </p>
   </div>
   <div class='ocr_carea' id='block_1_90' title="bbox 1989 3134 3669 3219">
    <p class='ocr_par' dir='ltr' id='par_1_90' title="bbox 1989 3134 3669 3219">
     <span class='ocr_line' id='line_1_90' title="bbox 1989 3134 3669 3219; baseline -0.001 -19"><span class='ocrx_word' id='word_1_573' title='bbox 1989 3134 2037 3196; x_wconf 80' lang='lat' dir='ltr'><strong><em>C</em></strong></span> <span class='ocrx_word' id='word_1_574' title='bbox 2073 3147 2187 3201; x_wconf 84' lang='lat' dir='ltr'><strong>Deo</strong></span> <span class='ocrx_word' id='word_1_575' title='bbox 2213 3146 2554 3219; x_wconf 88' lang='lat' dir='ltr'><strong>paradisum,</strong></span> <span class='ocrx_word' id='word_1_576' title='bbox 2580 3154 2645 3203; x_wconf 90' lang='lat' dir='ltr'><strong>ut</strong></span> <span class='ocrx_word' id='word_1_577' title='bbox 2676 3147 2849 3202; x_wconf 81' lang='lat' dir='ltr'><strong>Adam</strong></span> <span class='ocrx_word' id='word_1_578' title='bbox 2881 3162 3006 3203; x_wconf 87' lang='lat' dir='ltr'><strong>cum</strong></span> <span class='ocrx_word' id='word_1_579' title='bbox 3043 3147 3158 3203; x_wconf 84' lang='lat' dir='ltr'><strong>suis</strong></span> <span class='ocrx_word' id='word_1_580' title='bbox 3201 3146 3254 3201; x_wconf 90' lang='lat' dir='ltr'><strong>in</strong></span> <span class='ocrx_word' id='word_1_581' title='bbox 3293 3148 3411 3217; x_wconf 85' lang='lat' dir='ltr'><strong>ipso</strong></span> <span class='ocrx_word' id='word_1_582' title='bbox 3443 3145 3669 3201; x_wconf 81' lang='lat' dir='ltr'><strong>habita-</strong></span> 
     </span>
    </p>
   </div>
   <div class='ocr_carea' id='block_1_91' title="bbox 2072 3237 3665 3308">
    <p class='ocr_par' dir='ltr' id='par_1_91' title="bbox 2072 3237 3665 3308">
     <span class='ocr_line' id='line_1_91' title="bbox 2072 3237 3665 3308; baseline -0.001 -13"><span class='ocrx_word' id='word_1_583' title='bbox 2072 3249 2178 3296; x_wconf 92' lang='lat' dir='ltr'><strong>ret.</strong></span> <span class='ocrx_word' id='word_1_584' title='bbox 2241 3237 2347 3308; x_wconf 86' lang='lat' dir='ltr'><strong>Qui</strong></span> <span class='ocrx_word' id='word_1_585' title='bbox 2422 3240 2519 3296; x_wconf 88' lang='lat' dir='ltr'><strong>ubi</strong></span> <span class='ocrx_word' id='word_1_586' title='bbox 2577 3249 2771 3296; x_wconf 89' lang='lat' dir='ltr'><strong>contra</strong></span> <span class='ocrx_word' id='word_1_587' title='bbox 2830 3237 3154 3295; x_wconf 87' lang='lat' dir='ltr'><strong>Conditoris</strong></span> <span class='ocrx_word' id='word_1_588' title='bbox 3211 3239 3298 3295; x_wconf 87' lang='lat' dir='ltr'><strong>sui</strong></span> <span class='ocrx_word' id='word_1_589' title='bbox 3369 3239 3665 3308; x_wconf 85' lang='lat' dir='ltr'><strong>imperium</strong></span> 
     </span>
    </p>
   </div>
   <div class='ocr_carea' id='block_1_92' title="bbox 2070 3329 3667 3404">
    <p class='ocr_par' dir='ltr' id='par_1_92' title="bbox 2070 3329 3667 3404">
     <span class='ocr_line' id='line_1_92' title="bbox 2070 3329 3667 3404; baseline -0.003 -15"><span class='ocrx_word' id='word_1_590' title='bbox 2070 3339 2414 3404; x_wconf 80' lang='lat' dir='ltr'><strong>peccassent,</strong></span> <span class='ocrx_word' id='word_1_591' title='bbox 2463 3331 2728 3388; x_wconf 87' lang='lat' dir='ltr'><strong>eliminati</strong></span> <span class='ocrx_word' id='word_1_592' title='bbox 2770 3329 2897 3385; x_wconf 87' lang='lat' dir='ltr'><strong>inde</strong></span> <span class='ocrx_word' id='word_1_593' title='bbox 2934 3329 3186 3401; x_wconf 84' lang='lat' dir='ltr'><strong>pulsique</strong></span> <span class='ocrx_word' id='word_1_594' title='bbox 3234 3338 3384 3385; x_wconf 86' lang='lat' dir='ltr'><strong>sunt.</strong></span> <span class='ocrx_word' id='word_1_595' title='bbox 3442 3331 3519 3384; x_wconf 76' lang='lat' dir='ltr'><strong>Ea</strong></span> <span class='ocrx_word' id='word_1_596' title='bbox 3570 3329 3667 3385; x_wconf 84' lang='lat' dir='ltr'><strong>illo</strong></span> 
     </span>
    </p>
   </div>
   <div class='ocr_carea' id='block_1_93' title="bbox 2072 3419 3661 3496">
    <p class='ocr_par' dir='ltr' id='par_1_93' title="bbox 2072 3419 3661 3496">
     <span class='ocr_line' id='line_1_93' title="bbox 2072 3419 3661 3496; baseline 0 -19"><span class='ocrx_word' id='word_1_597' title='bbox 2072 3439 2240 3496; x_wconf 85' lang='lat' dir='ltr'><strong>porro</strong></span> <span class='ocrx_word' id='word_1_598' title='bbox 2273 3433 2519 3494; x_wconf 88' lang='lat' dir='ltr'><strong>tempore</strong></span> <span class='ocrx_word' id='word_1_599' title='bbox 2569 3438 2743 3493; x_wconf 84' lang='lat' dir='ltr'><strong>usque</strong></span> <span class='ocrx_word' id='word_1_600' title='bbox 2772 3422 2839 3477; x_wconf 85' lang='lat' dir='ltr'><strong>ad</strong></span> <span class='ocrx_word' id='word_1_601' title='bbox 2869 3421 3076 3479; x_wconf 84' lang='lat' dir='ltr'><strong>Christi</strong></span> <span class='ocrx_word' id='word_1_602' title='bbox 3126 3419 3424 3477; x_wconf 80' lang='lat' dir='ltr'><strong>adventum</strong></span> <span class='ocrx_word' id='word_1_603' title='bbox 3455 3420 3661 3478; x_wconf 80' lang='lat' dir='ltr'><strong>versati</strong></span> 
     </span>
    </p>
   </div>
   <div class='ocr_carea' id='block_1_94' title="bbox 2070 3513 3667 3588">
    <p class='ocr_par' dir='ltr' id='par_1_94' title="bbox 2070 3513 3667 3588">
     <span class='ocr_line' id='line_1_94' title="bbox 2070 3513 3667 3588; baseline -0.003 -14"><span class='ocrx_word' id='word_1_604' title='bbox 2070 3526 2200 3574; x_wconf 88' lang='lat' dir='ltr'><strong>sunt</strong></span> <span class='ocrx_word' id='word_1_605' title='bbox 2229 3518 2285 3572; x_wconf 91' lang='lat' dir='ltr'><strong>in</strong></span> <span class='ocrx_word' id='word_1_606' title='bbox 2317 3516 2575 3588; x_wconf 86' lang='lat' dir='ltr'><strong>paradiso</strong></span> <span class='ocrx_word' id='word_1_607' title='bbox 2606 3514 2796 3571; x_wconf 83' lang='lat' dir='ltr'><strong>Enoch</strong></span> <span class='ocrx_word' id='word_1_608' title='bbox 2832 3524 2998 3587; x_wconf 86' lang='lat' dir='ltr'><strong>atque</strong></span> <span class='ocrx_word' id='word_1_609' title='bbox 3045 3513 3237 3579; x_wconf 77' lang='lat' dir='ltr'><strong>Elius;</strong></span> <span class='ocrx_word' id='word_1_610' title='bbox 3283 3522 3338 3567; x_wconf 78' lang='lat' dir='ltr'><strong>at</strong></span> <span class='ocrx_word' id='word_1_611' title='bbox 3366 3527 3499 3569; x_wconf 80' lang='lat' dir='ltr'><strong>vero</strong></span> <span class='ocrx_word' id='word_1_612' title='bbox 3534 3522 3667 3581; x_wconf 79' lang='lat' dir='ltr'><strong>post</strong></span> 
     </span>
    </p>
   </div>
   <div class='ocr_carea' id='block_1_95' title="bbox 2068 3605 3664 3681">
    <p class='ocr_par' dir='ltr' id='par_1_95' title="bbox 2068 3605 3664 3681">
     <span class='ocr_line' id='line_1_95' title="bbox 2068 3605 3664 3681; baseline -0.001 -17"><span class='ocrx_word' id='word_1_613' title='bbox 2068 3609 2275 3681; x_wconf 73' lang='lat' dir='ltr'><strong>Christi</strong></span> <span class='ocrx_word' id='word_1_614' title='bbox 2303 3608 2447 3681; x_wconf 82' lang='lat' dir='ltr'><strong>regis</strong></span> <span class='ocrx_word' id='word_1_615' title='bbox 2482 3607 2806 3673; x_wconf 77' lang='lat' dir='ltr'><strong>adventum,</strong></span> <span class='ocrx_word' id='word_1_616' title='bbox 2829 3605 2962 3663; x_wconf 89' lang='lat' dir='ltr'><strong>huic</strong></span> <span class='ocrx_word' id='word_1_617' title='bbox 2996 3616 3259 3677; x_wconf 67' lang='lat' dir='ltr'><strong>praeterea</strong></span> <span class='ocrx_word' id='word_1_618' title='bbox 3290 3607 3366 3662; x_wconf 89' lang='lat' dir='ltr'><strong>rei</strong></span> <span class='ocrx_word' id='word_1_619' title='bbox 3395 3608 3570 3665; x_wconf 76' lang='lat' dir='ltr'><strong>servlt</strong></span> <span class='ocrx_word' id='word_1_620' title='bbox 3598 3616 3664 3664; x_wconf 90' lang='lat' dir='ltr'><strong>ut</strong></span> 
     </span>
    </p>
   </div>
   <div class='ocr_carea' id='block_1_96' title="bbox 2071 3698 3669 3774">
    <p class='ocr_par' dir='ltr' id='par_1_96' title="bbox 2071 3698 3669 3774">
     <span class='ocr_line' id='line_1_96' title="bbox 2071 3698 3669 3774; baseline -0.001 -18"><span class='ocrx_word' id='word_1_621' title='bbox 2071 3702 2127 3757; x_wconf 91' lang='lat' dir='ltr'><strong>in</strong></span> <span class='ocrx_word' id='word_1_622' title='bbox 2171 3702 2293 3774; x_wconf 87' lang='lat' dir='ltr'><strong>ipso</strong></span> <span class='ocrx_word' id='word_1_623' title='bbox 2348 3699 2601 3757; x_wconf 89' lang='lat' dir='ltr'><strong>habitent</strong></span> <span class='ocrx_word' id='word_1_624' title='bbox 2648 3700 2847 3755; x_wconf 63' lang='lat' dir='ltr'><strong>anime</strong></span> <span class='ocrx_word' id='word_1_625' title='bbox 2890 3699 3175 3755; x_wconf 81' lang='lat' dir='ltr'><strong>hominum</strong></span> <span class='ocrx_word' id='word_1_626' title='bbox 3216 3698 3491 3771; x_wconf 87' lang='lat' dir='ltr'><strong>jnstorum</strong></span> <span class='ocrx_word' id='word_1_627' title='bbox 3548 3700 3669 3771; x_wconf 81' lang='lat' dir='ltr'><strong>pio-</strong></span> 
     </span>
    </p>
   </div>
   <div class='ocr_carea' id='block_1_97' title="bbox 2070 3790 3669 3867">
    <p class='ocr_par' dir='ltr' id='par_1_97' title="bbox 2070 3790 3669 3867">
     <span class='ocr_line' id='line_1_97' title="bbox 2070 3790 3669 3867; baseline -0.007 -15"><span class='ocrx_word' id='word_1_628' title='bbox 2070 3810 2332 3867; x_wconf 80' lang='lat' dir='ltr'><strong>rumque,</strong></span> <span class='ocrx_word' id='word_1_629' title='bbox 2366 3803 2534 3865; x_wconf 90' lang='lat' dir='ltr'><strong>atque</strong></span> <span class='ocrx_word' id='word_1_630' title='bbox 2563 3806 2757 3849; x_wconf 86' lang='lat' dir='ltr'><strong>eorum</strong></span> <span class='ocrx_word' id='word_1_631' title='bbox 2786 3791 2881 3862; x_wconf 91' lang='lat' dir='ltr'><strong>qui</strong></span> <span class='ocrx_word' id='word_1_632' title='bbox 2924 3806 3021 3862; x_wconf 89' lang='lat' dir='ltr'><strong>per</strong></span> <span class='ocrx_word' id='word_1_633' title='bbox 3055 3790 3304 3863; x_wconf 87' lang='lat' dir='ltr'><strong>corporis</strong></span> <span class='ocrx_word' id='word_1_634' title='bbox 3326 3792 3411 3847; x_wconf 85' lang='lat' dir='ltr'><strong>sui</strong></span> <span class='ocrx_word' id='word_1_635' title='bbox 3447 3794 3669 3848; x_wconf 77' lang='lat' dir='ltr'><strong>crucia.</strong></span> 
     </span>
    </p>
   </div>
   <div class='ocr_carea' id='block_1_98' title="bbox 2069 3885 3667 3957">
    <p class='ocr_par' dir='ltr' id='par_1_98' title="bbox 2069 3885 3667 3957">
     <span class='ocr_line' id='line_1_98' title="bbox 2069 3885 3667 3957; baseline -0.001 -11"><span class='ocrx_word' id='word_1_636' title='bbox 2069 3898 2159 3946; x_wconf 89' lang='lat' dir='ltr'><strong>tus</strong></span> <span class='ocrx_word' id='word_1_637' title='bbox 2228 3886 2437 3944; x_wconf 79' lang='lat' dir='ltr'><strong>Christi</strong></span> <span class='ocrx_word' id='word_1_638' title='bbox 2505 3886 2666 3944; x_wconf 86' lang='lat' dir='ltr'><strong>tidem</strong></span> <span class='ocrx_word' id='word_1_639' title='bbox 2728 3886 3156 3957; x_wconf 88' lang='lat' dir='ltr'><strong>comprobarunt</strong></span> <span class='ocrx_word' id='word_1_640' title='bbox 3215 3886 3421 3956; x_wconf 88' lang='lat' dir='ltr'><strong>quique</strong></span> <span class='ocrx_word' id='word_1_641' title='bbox 3477 3885 3667 3944; x_wconf 76' lang='lat' dir='ltr'><strong>ﬁdeles</strong></span> 
     </span>
    </p>
   </div>
   <div class='ocr_carea' id='block_1_99' title="bbox 2070 3978 3665 4051">
    <p class='ocr_par' dir='ltr' id='par_1_99' title="bbox 2070 3978 3665 4051">
     <span class='ocr_line' id='line_1_99' title="bbox 2070 3978 3665 4051; baseline -0.002 -15"><span class='ocrx_word' id='word_1_642' title='bbox 2070 3981 2242 4037; x_wconf 87' lang='lat' dir='ltr'><strong>Deum</strong></span> <span class='ocrx_word' id='word_1_643' title='bbox 2273 3987 2554 4046; x_wconf 88' lang='lat' dir='ltr'><strong>amarunt,</strong></span> <span class='ocrx_word' id='word_1_644' title='bbox 2588 3989 2765 4036; x_wconf 64' lang='lat' dir='ltr'><strong>exuta</strong></span> <span class='ocrx_word' id='word_1_645' title='bbox 2790 3978 3118 4051; x_wconf 89' lang='lat' dir='ltr'><strong>corporibus</strong></span> <span class='ocrx_word' id='word_1_646' title='bbox 3160 3991 3336 4050; x_wconf 87' lang='lat' dir='ltr'><strong>usque</strong></span> <span class='ocrx_word' id='word_1_647' title='bbox 3369 3978 3436 4034; x_wconf 86' lang='lat' dir='ltr'><strong>ad</strong></span> <span class='ocrx_word' id='word_1_648' title='bbox 3472 3993 3665 4035; x_wconf 89' lang='lat' dir='ltr'><strong>resur-</strong></span> 
     </span>
    </p>
   </div>
   <div class='ocr_carea' id='block_1_100' title="bbox 2069 4071 3665 4145">
    <p class='ocr_par' dir='ltr' id='par_1_100' title="bbox 2069 4071 3665 4145">
     <span class='ocr_line' id='line_1_100' title="bbox 2069 4071 3665 4145; baseline -0.001 -16"><span class='ocrx_word' id='word_1_649' title='bbox 2069 4073 2330 4129; x_wconf 88' lang='lat' dir='ltr'><strong>rectionis</strong></span> <span class='ocrx_word' id='word_1_650' title='bbox 2368 4073 2552 4129; x_wconf 88' lang='lat' dir='ltr'><strong>diem:</strong></span> <span class='ocrx_word' id='word_1_651' title='bbox 2592 4071 2737 4145; x_wconf 90' lang='lat' dir='ltr'><strong>quod</strong></span> <span class='ocrx_word' id='word_1_652' title='bbox 2783 4071 2838 4127; x_wconf 90' lang='lat' dir='ltr'><strong>in</strong></span> <span class='ocrx_word' id='word_1_653' title='bbox 2874 4086 2941 4129; x_wconf 89' lang='lat' dir='ltr'><strong>eo</strong></span> <span class='ocrx_word' id='word_1_654' title='bbox 2989 4085 3247 4130; x_wconf 88' lang='lat' dir='ltr'><strong>sermone</strong></span> <span class='ocrx_word' id='word_1_655' title='bbox 3292 4072 3665 4141; x_wconf 70' lang='lat' dir='ltr'><strong>ostendimus,</strong></span> 
     </span>
    </p>
   </div>
   <div class='ocr_carea' id='block_1_101' title="bbox 2067 4163 3665 4237">
    <p class='ocr_par' dir='ltr' id='par_1_101' title="bbox 2067 4163 3665 4237">
     <span class='ocr_line' id='line_1_101' title="bbox 2067 4163 3665 4237; baseline 0.001 -17"><span class='ocrx_word' id='word_1_656' title='bbox 2067 4181 2233 4237; x_wconf 89' lang='lat' dir='ltr'><strong>quem</strong></span> <span class='ocrx_word' id='word_1_657' title='bbox 2259 4165 2329 4223; x_wconf 90' lang='lat' dir='ltr'><strong>de</strong></span> <span class='ocrx_word' id='word_1_658' title='bbox 2359 4166 2542 4221; x_wconf 89' lang='lat' dir='ltr'><strong>anima</strong></span> <span class='ocrx_word' id='word_1_659' title='bbox 2574 4164 2829 4222; x_wconf 88' lang='lat' dir='ltr'><strong>fecimus.</strong></span> <span class='ocrx_word' id='word_1_660' title='bbox 2876 4163 3011 4223; x_wconf 79' lang='lat' dir='ltr'><strong>Nam</strong></span> <span class='ocrx_word' id='word_1_661' title='bbox 3041 4165 3274 4224; x_wconf 88' lang='lat' dir='ltr'><strong>latronis</strong></span> <span class='ocrx_word' id='word_1_662' title='bbox 3307 4164 3550 4222; x_wconf 86' lang='lat' dir='ltr'><strong>animam</strong></span> <span class='ocrx_word' id='word_1_663' title='bbox 3593 4180 3665 4222; x_wconf 85' lang='lat' dir='ltr'><strong>eu</strong></span> 
     </span>
    </p>
   </div>
   <div class='ocr_carea' id='block_1_102' title="bbox 2068 4257 3662 4331">
    <p class='ocr_par' dir='ltr' id='par_1_102' title="bbox 2068 4257 3662 4331">
     <span class='ocr_line' id='line_1_102' title="bbox 2068 4257 3662 4331; baseline -0.001 -17"><span class='ocrx_word' id='word_1_664' title='bbox 2068 4260 2321 4316; x_wconf 76' lang='lat' dir='ltr'><strong>subvexit</strong></span> <span class='ocrx_word' id='word_1_665' title='bbox 2350 4258 2638 4323; x_wconf 87' lang='lat' dir='ltr'><strong>Dominus,</strong></span> <span class='ocrx_word' id='word_1_666' title='bbox 2669 4259 2889 4317; x_wconf 91' lang='lat' dir='ltr'><strong>dicebat</strong></span> <span class='ocrx_word' id='word_1_667' title='bbox 2919 4262 3065 4315; x_wconf 87' lang='lat' dir='ltr'><strong>enim</strong></span> <span class='ocrx_word' id='word_1_668' title='bbox 3089 4259 3157 4316; x_wconf 91' lang='lat' dir='ltr'><strong>ad</strong></span> <span class='ocrx_word' id='word_1_669' title='bbox 3196 4260 3376 4331; x_wconf 73' lang='lat' dir='ltr'><strong>ipsum</strong></span> <span class='ocrx_word' id='word_1_670' title='bbox 3411 4275 3427 4314; x_wconf 90' lang='lat'><strong>:</strong></span> <span class='ocrx_word' id='word_1_671' title='bbox 3467 4257 3662 4331; x_wconf 73' lang='lat' dir='ltr'><strong>Prole-</strong></span> 
     </span>
    </p>
   </div>
   <div class='ocr_carea' id='block_1_103' title="bbox 2066 4349 3663 4426">
    <p class='ocr_par' dir='ltr' id='par_1_103' title="bbox 2066 4349 3663 4426">
     <span class='ocr_line' id='line_1_103' title="bbox 2066 4349 3663 4426; baseline -0.001 -16"><span class='ocrx_word' id='word_1_672' title='bbox 2066 4366 2153 4410; x_wconf 72' lang='grc' dir='ltr'><strong>(ιο</strong></span> <span class='ocrx_word' id='word_1_673' title='bbox 2183 4357 2305 4411; x_wconf 78' lang='lat' dir='ltr'><strong>dico</strong></span> <span class='ocrx_word' id='word_1_674' title='bbox 2332 4355 2428 4411; x_wconf 84' lang='lat' dir='ltr'><strong>tibi</strong></span> <span class='ocrx_word' id='word_1_675' title='bbox 2455 4395 2472 4423; x_wconf 89' lang='lat'><strong>,</strong></span> <span class='ocrx_word' id='word_1_676' title='bbox 2500 4355 2655 4410; x_wconf 80' lang='lat' dir='ltr'><strong>hodie</strong></span> <span class='ocrx_word' id='word_1_677' title='bbox 2702 4372 2903 4410; x_wconf 82' lang='lat' dir='ltr'><strong>mecum</strong></span> <span class='ocrx_word' id='word_1_678' title='bbox 2947 4357 3054 4411; x_wconf 85' lang='lat' dir='ltr'><strong>eris</strong></span> <span class='ocrx_word' id='word_1_679' title='bbox 3085 4356 3135 4409; x_wconf 87' lang='lat' dir='ltr'><strong>iu</strong></span> <span class='ocrx_word' id='word_1_680' title='bbox 3169 4352 3448 4426; x_wconf 80' lang='lat' dir='ltr'><strong>paradiso.</strong></span> <span class='ocrx_word' id='word_1_681' title='bbox 3490 4349 3663 4408; x_wconf 80' lang='lat' dir='ltr'><strong>Porro</strong></span> 
     </span>
    </p>
   </div>
   <div class='ocr_carea' id='block_1_104' title="bbox 2072 4443 3664 4521">
    <p class='ocr_par' dir='ltr' id='par_1_104' title="bbox 2072 4443 3664 4521">
     <span class='ocr_line' id='line_1_104' title="bbox 2072 4443 3664 4521; baseline -0.001 -20"><span class='ocrx_word' id='word_1_682' title='bbox 2072 4456 2193 4518; x_wconf 89' lang='lat' dir='ltr'><strong>post</strong></span> <span class='ocrx_word' id='word_1_683' title='bbox 2217 4448 2364 4504; x_wconf 89' lang='lat' dir='ltr'><strong>diem</strong></span> <span class='ocrx_word' id='word_1_684' title='bbox 2400 4449 2851 4514; x_wconf 81' lang='lat' dir='ltr'><strong>resurrectionis,</strong></span> <span class='ocrx_word' id='word_1_685' title='bbox 2882 4449 3065 4504; x_wconf 87' lang='lat' dir='ltr'><strong>nullus</strong></span> <span class='ocrx_word' id='word_1_686' title='bbox 3091 4460 3319 4521; x_wconf 86' lang='lat' dir='ltr'><strong>prorsus</strong></span> <span class='ocrx_word' id='word_1_687' title='bbox 3360 4448 3480 4517; x_wconf 75' lang='lat' dir='ltr'><strong>ejus</strong></span> <span class='ocrx_word' id='word_1_688' title='bbox 3510 4443 3664 4500; x_wconf 84' lang='lat' dir='ltr'><strong>futu-</strong></span> 
     </span>
    </p>
   </div>
   <div class='ocr_carea' id='block_1_105' title="bbox 2074 4540 3658 4617">
    <p class='ocr_par' dir='ltr' id='par_1_105' title="bbox 2074 4540 3658 4617">
     <span class='ocr_line' id='line_1_105' title="bbox 2074 4540 3658 4617; baseline -0.003 -20"><span class='ocrx_word' id='word_1_689' title='bbox 2074 4558 2169 4597; x_wconf 90' lang='lat' dir='ltr'><strong>rus</strong></span> <span class='ocrx_word' id='word_1_690' title='bbox 2201 4553 2285 4599; x_wconf 85' lang='lat' dir='ltr'><strong>est</strong></span> <span class='ocrx_word' id='word_1_691' title='bbox 2314 4559 2468 4609; x_wconf 84' lang='lat' dir='ltr'><strong>usus,</strong></span> <span class='ocrx_word' id='word_1_692' title='bbox 2502 4544 2594 4600; x_wconf 88' lang='lat' dir='ltr'><strong>sed</strong></span> <span class='ocrx_word' id='word_1_693' title='bbox 2621 4558 3063 4617; x_wconf 82' lang='lat' dir='ltr'><strong>supervacaneus</strong></span> <span class='ocrx_word' id='word_1_694' title='bbox 3086 4540 3327 4597; x_wconf 86' lang='lat' dir='ltr'><strong>manebit</strong></span> <span class='ocrx_word' id='word_1_695' title='bbox 3353 4550 3408 4596; x_wconf 88' lang='lat' dir='ltr'><strong>et</strong></span> <span class='ocrx_word' id='word_1_696' title='bbox 3426 4554 3658 4594; x_wconf 82' lang='lat' dir='ltr'><strong>vacuus.</strong></span> 
     </span>
    </p>
   </div>
   <div class='ocr_carea' id='block_1_106' title="bbox 2068 4632 3660 4710">
    <p class='ocr_par' dir='ltr' id='par_1_106' title="bbox 2068 4632 3660 4710">
     <span class='ocr_line' id='line_1_106' title="bbox 2068 4632 3660 4710; baseline -0.003 -16"><span class='ocrx_word' id='word_1_697' title='bbox 2068 4636 2190 4694; x_wconf 78' lang='lat' dir='ltr'><strong>Jarn</strong></span> <span class='ocrx_word' id='word_1_698' title='bbox 2223 4653 2353 4693; x_wconf 85' lang='lat' dir='ltr'><strong>vero</strong></span> <span class='ocrx_word' id='word_1_699' title='bbox 2406 4653 2474 4693; x_wconf 89' lang='lat' dir='ltr'><strong>ne</strong></span> <span class='ocrx_word' id='word_1_700' title='bbox 2521 4639 2646 4709; x_wconf 88' lang='lat' dir='ltr'><strong>quis</strong></span> <span class='ocrx_word' id='word_1_701' title='bbox 2684 4656 2781 4710; x_wconf 82' lang='lat' dir='ltr'><strong>per</strong></span> <span class='ocrx_word' id='word_1_702' title='bbox 2827 4637 3205 4707; x_wconf 88' lang='lat' dir='ltr'><strong>conjecturam</strong></span> <span class='ocrx_word' id='word_1_703' title='bbox 3255 4634 3371 4691; x_wconf 68' lang='lat' dir='ltr'><strong>haec</strong></span> <span class='ocrx_word' id='word_1_704' title='bbox 3418 4649 3447 4689; x_wconf 90' lang='lat' dir='ltr'><strong>a</strong></span> <span class='ocrx_word' id='word_1_705' title='bbox 3500 4632 3660 4690; x_wconf 87' lang='lat' dir='ltr'><strong>nobis</strong></span> 
     </span>
    </p>
   </div>
   <div class='ocr_carea' id='block_1_107' title="bbox 2071 4727 3655 4803">
    <p class='ocr_par' dir='ltr' id='par_1_107' title="bbox 2071 4727 3655 4803">
     <span class='ocr_line' id='line_1_107' title="bbox 2071 4727 3655 4803; baseline -0.001 -19"><span class='ocrx_word' id='word_1_706' title='bbox 2071 4730 2219 4785; x_wconf 72' lang='lat' dir='ltr'><strong>dii-ta</strong></span> <span class='ocrx_word' id='word_1_707' title='bbox 2255 4740 2431 4803; x_wconf 87' lang='lat' dir='ltr'><strong>putet,</strong></span> <span class='ocrx_word' id='word_1_708' title='bbox 2464 4730 2596 4787; x_wconf 88' lang='lat' dir='ltr'><strong>libet</strong></span> <span class='ocrx_word' id='word_1_709' title='bbox 2634 4731 2909 4786; x_wconf 91' lang='lat' dir='ltr'><strong>nonnullis</strong></span> <span class='ocrx_word' id='word_1_710' title='bbox 2942 4729 2994 4784; x_wconf 89' lang='lat' dir='ltr'><strong>id</strong></span> <span class='ocrx_word' id='word_1_711' title='bbox 3026 4729 3296 4784; x_wconf 85' lang='lat' dir='ltr'><strong>alllrmare</strong></span> <span class='ocrx_word' id='word_1_712' title='bbox 3326 4727 3655 4783; x_wconf 85' lang='lat' dir='ltr'><strong>rationibus.</strong></span> 
     </span>
    </p>
   </div>
   <div class='ocr_carea' id='block_1_108' title="bbox 2072 4818 3656 4893">
    <p class='ocr_par' dir='ltr' id='par_1_108' title="bbox 2072 4818 3656 4893">
     <span class='ocr_line' id='line_1_108' title="bbox 2072 4818 3656 4893; baseline -0.004 -16"><span class='ocrx_word' id='word_1_713' title='bbox 2072 4820 2262 4879; x_wconf 88' lang='lat' dir='ltr'><strong>Primo</strong></span> <span class='ocrx_word' id='word_1_714' title='bbox 2319 4830 2538 4880; x_wconf 85' lang='lat' dir='ltr'><strong>constat</strong></span> <span class='ocrx_word' id='word_1_715' title='bbox 2584 4824 2689 4878; x_wconf 90' lang='lat' dir='ltr'><strong>alia</strong></span> <span class='ocrx_word' id='word_1_716' title='bbox 2750 4825 2916 4880; x_wconf 85' lang='lat' dir='ltr'><strong>etiam</strong></span> <span class='ocrx_word' id='word_1_717' title='bbox 2981 4823 3210 4893; x_wconf 86' lang='lat' dir='ltr'><strong>spiritus</strong></span> <span class='ocrx_word' id='word_1_718' title='bbox 3277 4819 3460 4876; x_wconf 84' lang='lat' dir='ltr'><strong>dicata</strong></span> <span class='ocrx_word' id='word_1_719' title='bbox 3514 4818 3656 4881; x_wconf 87' lang='lat' dir='ltr'><strong>loca,</strong></span> 
     </span>
    </p>
   </div>
   <div class='ocr_carea' id='block_1_109' title="bbox 2073 4909 3656 4986">
    <p class='ocr_par' dir='ltr' id='par_1_109' title="bbox 2073 4909 3656 4986">
     <span class='ocr_line' id='line_1_109' title="bbox 2073 4909 3656 4986; baseline -0.003 -16"><span class='ocrx_word' id='word_1_720' title='bbox 2073 4915 2387 4986; x_wconf 86' lang='lat' dir='ltr'><strong>eujusmodi</strong></span> <span class='ocrx_word' id='word_1_721' title='bbox 2441 4926 2573 4972; x_wconf 90' lang='lat' dir='ltr'><strong>sunt</strong></span> <span class='ocrx_word' id='word_1_722' title='bbox 2612 4931 2674 4972; x_wconf 89' lang='lat' dir='ltr'><strong>ea</strong></span> <span class='ocrx_word' id='word_1_723' title='bbox 2720 4931 2785 4973; x_wconf 79' lang='lat' dir='ltr'><strong>ex</strong></span> <span class='ocrx_word' id='word_1_724' title='bbox 2820 4916 3023 4986; x_wconf 90' lang='lat' dir='ltr'><strong>quibus</strong></span> <span class='ocrx_word' id='word_1_725' title='bbox 3054 4914 3306 4970; x_wconf 86' lang='lat' dir='ltr'><strong>diabolus</strong></span> <span class='ocrx_word' id='word_1_726' title='bbox 3358 4927 3484 4968; x_wconf 87' lang='lat' dir='ltr'><strong>cum</strong></span> <span class='ocrx_word' id='word_1_727' title='bbox 3537 4909 3656 4966; x_wconf 87' lang='lat' dir='ltr'><strong>suis</strong></span> 
     </span>
    </p>
   </div>
   <div class='ocr_carea' id='block_1_110' title="bbox 2073 5007 3651 5080">
    <p class='ocr_par' dir='ltr' id='par_1_110' title="bbox 2073 5007 3651 5080">
     <span class='ocr_line' id='line_1_110' title="bbox 2073 5007 3651 5080; baseline -0.003 -17"><span class='ocrx_word' id='word_1_728' title='bbox 2073 5007 2251 5080; x_wconf 89' lang='lat' dir='ltr'><strong>copiis</strong></span> <span class='ocrx_word' id='word_1_729' title='bbox 2278 5008 2506 5072; x_wconf 75' lang='lat' dir='ltr'><strong>excidit,</strong></span> <span class='ocrx_word' id='word_1_730' title='bbox 2536 5023 2706 5063; x_wconf 76' lang='lat' dir='ltr'><strong>vacua</strong></span> <span class='ocrx_word' id='word_1_731' title='bbox 2747 5008 2928 5065; x_wconf 85' lang='lat' dir='ltr'><strong>adhuc</strong></span> <span class='ocrx_word' id='word_1_732' title='bbox 2984 5022 3207 5063; x_wconf 87' lang='lat' dir='ltr'><strong>manere</strong></span> <span class='ocrx_word' id='word_1_733' title='bbox 3254 5017 3418 5078; x_wconf 90' lang='lat' dir='ltr'><strong>atque</strong></span> <span class='ocrx_word' id='word_1_734' title='bbox 3455 5020 3651 5073; x_wconf 79' lang='lat' dir='ltr'><strong>super-</strong></span> 
     </span>
    </p>
   </div>
   <div class='ocr_carea' id='block_1_111' title="bbox 2074 5096 3651 5173">
    <p class='ocr_par' dir='ltr' id='par_1_111' title="bbox 2074 5096 3651 5173">
     <span class='ocr_line' id='line_1_111' title="bbox 2074 5096 3651 5173; baseline -0.003 -16"><span class='ocrx_word' id='word_1_735' title='bbox 2074 5118 2316 5159; x_wconf 85' lang='lat' dir='ltr'><strong>vacanea</strong></span> <span class='ocrx_word' id='word_1_736' title='bbox 2349 5121 2363 5157; x_wconf 89' lang='lat'><strong>:</strong></span> <span class='ocrx_word' id='word_1_737' title='bbox 2397 5103 2463 5158; x_wconf 87' lang='lat' dir='ltr'><strong>ad</strong></span> <span class='ocrx_word' id='word_1_738' title='bbox 2493 5104 2597 5159; x_wconf 85' lang='lat' dir='ltr'><strong>hoc</strong></span> <span class='ocrx_word' id='word_1_739' title='bbox 2629 5117 2758 5173; x_wconf 88' lang='lat' dir='ltr'><strong>pars</strong></span> <span class='ocrx_word' id='word_1_740' title='bbox 2807 5101 2929 5158; x_wconf 73' lang='lat' dir='ltr'><strong>(teli</strong></span> <span class='ocrx_word' id='word_1_741' title='bbox 2960 5100 3185 5157; x_wconf 79' lang='lat' dir='ltr'><strong>dimidia</strong></span> <span class='ocrx_word' id='word_1_742' title='bbox 3230 5115 3291 5156; x_wconf 87' lang='lat' dir='ltr'><strong>ea</strong></span> <span class='ocrx_word' id='word_1_743' title='bbox 3320 5115 3483 5171; x_wconf 86' lang='lat' dir='ltr'><strong>quam</strong></span> <span class='ocrx_word' id='word_1_744' title='bbox 3515 5096 3651 5169; x_wconf 82' lang='lat' dir='ltr'><strong>justi</strong></span> 
     </span>
    </p>
   </div>
   <div class='ocr_carea' id='block_1_112' title="bbox 2072 5194 3651 5268">
    <p class='ocr_par' dir='ltr' id='par_1_112' title="bbox 2072 5194 3651 5268">
     <span class='ocr_line' id='line_1_112' title="bbox 2072 5194 3651 5268; baseline -0.005 -15"><span class='ocrx_word' id='word_1_745' title='bbox 2072 5206 2199 5268; x_wconf 85' lang='lat' dir='ltr'><strong>post</strong></span> <span class='ocrx_word' id='word_1_746' title='bbox 2256 5197 2716 5255; x_wconf 85' lang='lat' dir='ltr'><strong>resurrectionem</strong></span> <span class='ocrx_word' id='word_1_747' title='bbox 2767 5194 3027 5261; x_wconf 86' lang='lat' dir='ltr'><strong>lncolent,</strong></span> <span class='ocrx_word' id='word_1_748' title='bbox 3076 5194 3258 5251; x_wconf 84' lang='lat' dir='ltr'><strong>adhuc</strong></span> <span class='ocrx_word' id='word_1_749' title='bbox 3310 5207 3479 5249; x_wconf 72' lang='lat' dir='ltr'><strong>vacua</strong></span> <span class='ocrx_word' id='word_1_750' title='bbox 3529 5201 3651 5257; x_wconf 80' lang='lat' dir='ltr'><strong>est;</strong></span> 
     </span>
    </p>
   </div>
   <div class='ocr_carea' id='block_1_113' title="bbox 2072 5287 3652 5363">
    <p class='ocr_par' dir='ltr' id='par_1_113' title="bbox 2072 5287 3652 5363">
     <span class='ocr_line' id='line_1_113' title="bbox 2072 5287 3652 5363; baseline -0.003 -18"><span class='ocrx_word' id='word_1_751' title='bbox 2072 5297 2337 5362; x_wconf 72' lang='lat' dir='ltr'><strong>praeterea</strong></span> <span class='ocrx_word' id='word_1_752' title='bbox 2384 5290 2499 5363; x_wconf 87' lang='lat' dir='ltr'><strong>ipse</strong></span> <span class='ocrx_word' id='word_1_753' title='bbox 2532 5299 2801 5347; x_wconf 83' lang='lat' dir='ltr'><strong>terrarum</strong></span> <span class='ocrx_word' id='word_1_754' title='bbox 2850 5287 3000 5345; x_wconf 88' lang='lat' dir='ltr'><strong>orbis</strong></span> <span class='ocrx_word' id='word_1_755' title='bbox 3034 5288 3351 5343; x_wconf 82' lang='lat' dir='ltr'><strong>universqu</strong></span> <span class='ocrx_word' id='word_1_756' title='bbox 3385 5287 3652 5357; x_wconf 84' lang='lat' dir='ltr'><strong>tantisper</strong></span> 
     </span>
    </p>
   </div>
   <div class='ocr_carea' id='block_1_114' title="bbox 2070 5376 3651 5453">
    <p class='ocr_par' dir='ltr' id='par_1_114' title="bbox 2070 5376 3651 5453">
     <span class='ocr_line' id='line_1_114' title="bbox 2070 5376 3651 5453; baseline -0.006 -14"><span class='ocrx_word' id='word_1_757' title='bbox 2070 5382 2202 5439; x_wconf 89' lang='lat' dir='ltr'><strong>dum</strong></span> <span class='ocrx_word' id='word_1_758' title='bbox 2235 5382 2433 5453; x_wconf 70' lang='lat' dir='ltr'><strong>linguae</strong></span> <span class='ocrx_word' id='word_1_759' title='bbox 2462 5380 2864 5444; x_wconf 81' lang='lat' dir='ltr'><strong>dividerentur,</strong></span> <span class='ocrx_word' id='word_1_760' title='bbox 2910 5378 3193 5435; x_wconf 84' lang='lat' dir='ltr'><strong>desolatus</strong></span> <span class='ocrx_word' id='word_1_761' title='bbox 3242 5392 3339 5449; x_wconf 91' lang='lat' dir='ltr'><strong>per</strong></span> <span class='ocrx_word' id='word_1_762' title='bbox 3369 5376 3651 5431; x_wconf 84' lang='lat' dir='ltr'><strong>hominum</strong></span> 
     </span>
    </p>
   </div>
   <div class='ocr_carea' id='block_1_115' title="bbox 2074 5464 3652 5544">
    <p class='ocr_par' dir='ltr' id='par_1_115' title="bbox 2074 5464 3652 5544">
     <span class='ocr_line' id='line_1_115' title="bbox 2074 5464 3652 5544; baseline -0.006 -14"><span class='ocrx_word' id='word_1_763' title='bbox 2074 5470 2506 5544; x_wconf 86' lang='lat' dir='ltr'><strong>infrequentiam</strong></span> <span class='ocrx_word' id='word_1_764' title='bbox 2558 5475 2841 5536; x_wconf 86' lang='lat' dir='ltr'><strong>manebat,</strong></span> <span class='ocrx_word' id='word_1_765' title='bbox 2886 5478 3082 5541; x_wconf 46' lang='lat' dir='ltr'><strong>pra‘ter</strong></span> <span class='ocrx_word' id='word_1_766' title='bbox 3132 5482 3298 5523; x_wconf 85' lang='lat' dir='ltr'><strong>unam</strong></span> <span class='ocrx_word' id='word_1_767' title='bbox 3343 5464 3652 5539; x_wconf 68' lang='lat' dir='ltr'><strong>Babylonia</strong></span> 
     </span>
    </p>
   </div>
   <div class='ocr_carea' id='block_1_116' title="bbox 2069 5643 3648 5729">
    <p class='ocr_par' dir='ltr' id='par_1_116' title="bbox 2069 5643 3648 5729">
     <span class='ocr_line' id='line_1_116' title="bbox 2069 5643 3648 5729; baseline -0.006 -17"><span class='ocrx_word' id='word_1_768' title='bbox 2069 5654 2259 5714; x_wconf 85' lang='lat' dir='ltr'><strong>fratris</strong></span> <span class='ocrx_word' id='word_1_769' title='bbox 2285 5653 2511 5729; x_wconf 60' lang='lat' dir='ltr'><strong>Thomas</strong></span> <span class='ocrx_word' id='word_1_770' title='bbox 2547 5654 2865 5729; x_wconf 68' lang='lat' dir='ltr'><strong>blabiendaa,</strong></span> <span class='ocrx_word' id='word_1_771' title='bbox 2880 5652 3159 5729; x_wconf 69' lang='lat' dir='ltr'><strong>theologi,</strong></span> <span class='ocrx_word' id='word_1_772' title='bbox 3203 5650 3413 5711; x_wconf 90' lang='lat' dir='ltr'><strong>ordinis</strong></span> <span class='ocrx_word' id='word_1_773' title='bbox 3444 5643 3648 5709; x_wconf 67' lang='lat' dir='ltr'><strong>Praedi-</strong></span> 
     </span>
    </p>
   </div>
   <div class='ocr_carea' id='block_1_117' title="bbox 2071 5726 2924 5801">
    <p class='ocr_par' dir='ltr' id='par_1_117' title="bbox 2071 5726 2924 5801">
     <span class='ocr_line' id='line_1_117' title="bbox 2071 5726 2924 5801; baseline -0.006 -17"><span class='ocrx_word' id='word_1_774' title='bbox 2071 5728 2444 5797; x_wconf 59' lang='lat' dir='ltr'><strong>eatorum,.de</strong></span> <span class='ocrx_word' id='word_1_775' title='bbox 2471 5726 2751 5801; x_wconf 83' lang='lat' dir='ltr'><strong>paradiso,</strong></span> <span class='ocrx_word' id='word_1_776' title='bbox 2788 5741 2837 5782; x_wconf 88' lang='lat' dir='ltr'><strong>c.</strong></span> <span class='ocrx_word' id='word_1_777' title='bbox 2871 5726 2924 5782; x_wconf 82' lang='lat'><strong>9.</strong></span> 
     </span>
    </p>
   </div>
  </div>
