4054 6138
327 302 424 368 501

1479 327 1575 390 DE
1614 333 2015 400 PARADISO.
2055 363 2122 378 ε·-
2163 340 2355 405 PARS
2395 345 2448 405 Ι.

3492 364 3594 427 502

328 418 613 490 regionem
668 423 721 479 in
763 442 927 497 quam
981 433 1135 488 multi
1189 449 1561 497 convenerant
1603 448 1863 505 mortales
1898 469 1911 505 :
1945 452 1990 510 Α
2023 468 2173 510 nere.
2213 456 2369 523 Quod
2399 473 2564 529 porro
2599 460 2807 519 nullam
2837 463 2952 536 ipsa
2986 469 3353 540 cognitionem
3388 473 3594 553 Atlante

328 512 552 553 Incunnr
598 515 766 553 Iam-ms
807 522 971 553 asin...
1032 534 1347 553 ..η-...ληιημ
1400 534 1617 553 ,ιαμ
1860 544 1868 553 .
2035 544 2051 553 .
2106 547 2117 553 -
2189 548 2198 553 .

326 512 552 583 Insuper
598 515 766 573 haece
807 522 971 577 etiam
1032 534 1352 599 tempestate
1398 534 1631 600 plurima
1676 553 1806 596 sunt
1857 544 1909 597 in

323 605 458 660 orbc
513 606 637 663 ioca
699 627 822 681 qua:
881 627 1060 686 neque
1112 621 1184 677 ab
1234 621 1551 684 hominibus
1608 645 1784 702 neque
1844 637 1911 691 ab

324 696 534 765 angelis
581 699 926 773 incoluntur,
962 709 1195 777 plurima
1229 716 1356 770 item
1393 722 1566 775 maria
1621 723 1904 795 innavigav

321 786 478 846 bilis.
514 789 761 866 Denique
795 810 919 869 post
958 808 1424 865 resurreetionem
1462 813 1598 871 nihil
1637 819 1742 873 erit
1774 835 1912 889 Opus

319 890 417 936 aut
470 885 607 952 sole,
655 898 750 943 aut
803 890 953 959 luna,
1005 908 1102 952 aut
1152 899 1325 956 stellis
1374 910 1610 976 caeteris,
1653 910 1737 967 vel
1783 913 1931 971 ullis.

322 974 556 1030 omnino
612 981 1030 1049 animantibus,
1081 994 1473 1063 serpentibus,
1528 974 1744 1059 avibus.
1801 1004 1912 1061 Po-

322 1069 539 1122 stremo
572 1082 698 1138 post
726 1078 1190 1139 resurrectionem
1227 1087 1414 1145 nullus
1436 1089 1715 1161 iustorum
1748 1112 1909 1155 man-

318 1167 488 1214 surus
515 1168 604 1216 est
635 1162 688 1218 in
721 1169 903 1233 terris,
942 1172 1143 1243 quippe
1169 1177 1263 1248 qui
1300 1195 1469 1253 supra
1499 1183 1907 1248 firmamentum

314 1254 714 1322 mnsceudent,
742 1259 840 1316 sed
872 1264 973 1319 soli
1004 1266 1117 1323 illic
1142 1272 1529 1345 relinquentur
1553 1288 1608 1335 et
1635 1287 1907 1344 moraturi

318 1348 449 1395 sunt
480 1340 659 1414 impii.
709 1347 778 1405 Ut
803 1366 939 1423 ergo
983 1355 1038 1411 in
1072 1358 1160 1416 bis
1207 1340 1467 1425 omnibus
1496 1384 1622 1427 cum
1659 1373 1736 1431 ita
1782 1340 1909 1436 sese

318 1430 582 1533 habeant,
628 1439 767 1497 nihil
796 1444 1101 1506 absurdum
1148 1464 1248 1512 aut
1286 1456 1731 1533 dissentaneutu,
1770 1430 1907 1530 nihil

320 1523 579 1583 mutilum
615 1541 715 1588 aut
746 1534 905 1593 hians
938 1554 1061 1597 esse
1085 1544 1326 1606 dicimus
1357 1568 1371 1606 :
1407 1552 1481 1610 ita
1516 1570 1696 1630 neque
1718 1523 1773 1616 in
1806 1577 1902 1631 eo,

308 1622 461 1689 quod
490 1624 785 1691 paradisus
822 1642 947 1702 post
996 1643 1457 1704 resurrectionem
1490 1622 1658 1711 nullis

310 1712 559 1779 serviet,
609 1721 913 1792 quidquam
964 1727 1214 1791 deforme
1260 1749 1359 1795 aut
1411 1741 1661 1803 hiulcum

310 1811 596 1866 statueris.
632 1810 861 1887 Insuper
901 1837 1056 1891 reges

1709 1657 1905 1716 usibus

310 1911 515 1970 magna
551 1913 817 1963 extruunt
863 1913 1118 1985 aediﬁcia,
1146 1937 1268 1995 que
1298 1940 1598 2002 postquam
1651 1911 1898 2009 ipsorum

306 1993 436 2051 usui
472 1994 656 2054 fecere
707 2003 869 2071 satis,
918 2023 1091 2067 vacua
1146 1993 1346 2076 deinde
1392 1993 1803 2097 reiinquuritur,
1844 2045 1901 2093 et

307 2094 492 2142 tamen
563 2092 789 2152 minime
858 2109 1102 2172 temere,
1172 2118 1269 2166 aut
1330 2092 1738 2179 inconsiderato
1809 2125 1900 2183 illa

304 2187 521 2237 structa
571 2186 962 2248 existimantur
987 2212 1004 2250 :
1034 2199 1162 2266 quis
1196 2203 1359 2273 igitur
1383 2204 1553 2266 Deum
1583 2215 1899 2284 prudentis.

307 2273 516 2331 simum
562 2292 749 2335 rerum
786 2284 1222 2356 dispensatorem
1273 2299 1758 2369 inconsiderantite
1802 2331 1899 2372 ar-

308 2474 550 2530 cumque
606 2463 662 2517 in
728 2465 823 2521 illo
886 2473 1253 2550 collocasset,
1309 2497 1370 2543 ut
1434 2505 1558 2548 eum
1620 2463 1900 2569 voluptate

309 2550 559 2622 haberet,
592 2568 907 2627 peccantem
942 2564 1072 2626 inde
1121 2574 1308 2647 ejecit,
1345 2597 1694 2661 vacuumque
1739 2550 1895 2653 illum

305 2644 567 2720 reliquit!

894 2763 1128 2821 CAPUT
1164 2765 1310 2823 XIX.

372 2835 699 2909 Cuiusmodi
747 2852 913 2921 fuerit
983 2860 1145 2913 arbor
1191 2863 1426 2921 scientia:
1474 2869 1597 2927 boui
1656 2885 1707 2930 et
1744 2879 1892 2949 mali,

300 2944 463 2997 quat»
524 2937 887 3001 interdixerat
934 2949 1140 3009 Adamo
1183 2954 1348 3024 Deus,
1397 2970 1445 3015 et
1476 2981 1594 3035 qua:
1635 2969 1704 3023 sit
1754 2937 1895 3028 ratio

300 3023 418 3091 ejus
448 3035 706 3093 nominis.
738 3070 807 3082 ——
839 3040 1041 3101 Beatus
1070 3047 1249 3105 Moses
1290 3055 1466 3122 primo
1488 3023 1645 3116 llibro
1670 3023 1895 3134 scripsit

302 3118 359 3171 in
414 3119 560 3180 banc
614 3134 947 3190 sententiam
980 3155 994 3191 ε
1032 3138 1099 3195 Et

2016 544 2247 609 dederit.
2272 560 2481 605 certum
2519 562 2622 618 est,
2655 557 3100 628 quandoquidem
3130 563 3219 617 ille
3249 544 3593 637 alioqui'jam

2015 648 2142 693 ante
2176 638 2356 698 fuerat
2378 644 2604 701 scientia
2630 647 2760 704 boni
2793 651 3032 723 malique
3058 664 3285 714 ornatus
3314 674 3325 709 :
3366 672 3594 728 compo-

2014 732 2153 787 situs
2219 738 2365 791 enim
2424 748 2546 794 erat
2592 754 2657 794 ex
2716 744 2901 799 anima
2962 748 3213 804 rationali
3280 765 3403 822 quae
3466 751 3593 808 beni

2015 824 2254 895 malique
2298 827 2508 897 judicio
2546 832 2730 903 pollet.
2768 835 2848 891 Ad
2898 837 3024 902 hoc,
3081 838 3167 897 les
3219 841 3592 911 imperabatur

2014 917 2248 985 Adamo,
2286 925 2467 993 qualis
2520 941 2629 983 non
2680 928 2786 985 nisi
2839 930 2907 987 iis
2948 933 3041 1004 qui
3085 933 3230 993 inter
3279 937 3483 996 bonum
3538 948 3595 996 et

2008 993 2217 1069 malum
2266 1028 2466 1075 norunt
2510 1019 2831 1088 discrimen,
2886 1034 3035 1083 recte
3086 1028 3388 1101 imponitur
3421 1050 3435 1087 :
3467 1046 3591 1088 nam

2010 1105 2216 1177 alioqui
2247 1107 2417 1179 (quod
2468 1113 2667 1186 absit!)
2718 1116 3004 1176 habuisset
3048 1120 3139 1178 ille
3173 1125 3320 1194 quod
3366 1126 3436 1180 de
3481 1124 3594 1181 ben

2010 1210 2359 1270 quereretur,
2411 1205 2510 1274 qui
2558 1204 2732 1280 legem
2779 1209 2885 1265 sibi
2930 1212 3114 1269 omnis
3143 1229 3371 1285 prorsus
3395 1218 3589 1286 iudicii

2010 1293 2219 1365 experti
2298 1299 2747 1372 praescripsisset.
2822 1304 3056 1379 Insuper
3128 1310 3235 1365 nisi
3299 1312 3591 1369 illiusmodi

2009 1386 2236 1443 scientia
2284 1389 2396 1460 jam
2449 1403 2564 1448 tum
2602 1392 2802 1452 fuisset
2842 1397 3090 1456 imbutus
3127 1403 3322 1469 Adam,
3352 1405 3445 1476 qui
3489 1422 3590 1478 pa.

2010 1481 2208 1537 tuisset
2239 1484 2463 1541 nomina
2492 1488 2871 1546 animantibus
2904 1491 3136 1550 indere?
3167 1496 3261 1565 qui
3288 1512 3592 1569 agnoscere

2007 1570 2177 1630 Evam
2214 1591 2443 1634 uxorem
2473 1595 2657 1647 suam,
2686 1590 2855 1656 atque
2881 1583 2952 1640 de
2974 1600 3039 1642 ea
3076 1586 3260 1646 dicere
3288 1610 3303 1647 :
3338 1589 3457 1648 IIoe
3471 1593 3593 1663 jam

2005 1681 2067 1722 os
2098 1684 2167 1724 ea:
2201 1670 2409 1729 ossibus
2452 1674 2603 1741 meis,
2635 1686 2687 1733 et
2739 1692 2867 1733 caro
2906 1676 2975 1736 de
3022 1696 3182 1737 carne
3234 1700 3351 1739 mea
3374 1684 3443 1754 ³⁸,
3477 1698 3586 1742 etc.

1717 1750 2254 1847 inessenDeniqne
2309 1765 2618 1828 divinitatis
2673 1770 2952 1829 desiderio
3006 1776 3331 1846 tangebatur
3393 1750 3589 1847 Adam,

1718 1803 1903 1811 νη---
2008 1803 2254 1835 ..ν-..Ψιν
2309 1803 2618 1828 mum-auo
2673 1803 2952 1829 ucmucuu
3007 1803 3331 1846 langcuaull‘
3393 1803 3589 1847 ﬂtlall'l.

1099 1842 1245 1900 saepe
1295 1837 1551 1896 maximis
1589 1803 2175 1924 sumptibusBatque
2241 1856 2364 1928 ejus
2427 1861 2795 1933 adipiscendae
2840 1884 3033 1929 causa
3089 1874 3159 1929 de
3226 1878 3423 1932 arbore
3496 1880 3591 1934 illa

2007 1949 2267 2018 gustabat
2329 1968 2346 2009 :
2400 1969 2574 2026 quare
2645 1974 2936 2019 necessum
3002 1975 3088 2022 est
3145 1967 3275 2024 boni
3346 1970 3589 2044 malique

2003 2043 2372 2113 cognitionem
2426 2047 2481 2102 in
2534 2047 2657 2121 ipso
2706 2049 2897 2119 fuisse,
2937 2056 3032 2127 qui
3082 2058 3391 2119 divinitatis
3433 2043 3588 2136 pra:-

2003 2135 2260 2191 stantiam
2298 2138 2733 2215 dignitatemque
2767 2145 3126 2219 intelligebat,
3175 2170 3405 2226 eamque
3438 2135 3586 2216 Valle-

2001 2227 2205 2293 etabat.
2251 2226 2481 2301 Insuper
2530 2235 2839 2293 considerat
2878 2240 3059 2312 ipsum
3096 2240 3238 2300 Deus
3282 2247 3348 2302 ad
3389 2248 3586 2321 Imagi-

2003 2334 2129 2390 nem
2189 2321 2720 2399 similitudinemque
2768 2347 2964 2399 suam,
3041 2346 3096 2394 et
3154 2341 3402 2396 omnium
3462 2360 3584 2414 qum

1878 2449 1895 2476 ,
2000 2411 2272 2480 viverent,
2312 2417 2791 2478 absolutissimum
2842 2423 3071 2484 iecerat.
3118 2428 3251 2487 Eum
3308 2449 3437 2490 vero
3486 2454 3579 2507 qui

2004 2504 2130 2560 talis
2174 2521 2204 2561 a
2250 2508 2357 2563 Deo
2404 2511 2585 2569 fuerat
2634 2515 2918 2585 ronditus,
2965 2522 3093 2590 quis
3143 2534 3321 2597 neget,
3375 2504 3583 2595 judicio

2001 2596 2128 2667 (hoc
2158 2608 2264 2665 est,
2292 2600 2423 2658 boni
2452 2605 2688 2677 malique
2727 2611 3062 2686 cognitione)
3094 2596 3342 2675 dolatum
3377 2620 3584 2678 fuisse?

1999 2688 2136 2747 Nam
2158 2693 2306 2763 quod
2336 2697 2740 2777 caeodtemonis
2772 2702 2872 2759 fuit
2900 2702 3095 2764 fraude
3141 2710 3421 2777 seductus,
3471 2731 3581 2771 ttntt

2000 2783 2132 2841 boni
2185 2786 2430 2858 malique
2481 2774 2828 2863 ignoratione
2867 2798 3089 2865 evenit;
3149 2802 3245 2858 sed
3297 2804 3424 2876 quia
3466 2822 3582 2863 suae

2000 2876 2132 2951 ipsa:
2192 2882 2504 2952 cupiditati,
2560 2885 2855 2979 Pcllectus.
2912 2889 3162 2949 indulsit.
3211 2893 3356 2952 .Nam
3412 2899 3576 2954 etlam

2000 2982 2146 3026 nunc
2165 2970 2260 3040 qui
2289 2985 2538 3044 peccant,
2560 2970 2917 3050 'nequaquam
2947 2989 3006 3039 ut
3034 2984 3216 3041 omnis
3247 2986 3578 3057 cognitionis

1998 3063 2153 3117 vacui
2205 3076 2459 3135 peccant,
2494 3082 2625 3125 cur.
2659 3069 2804 3127 enim
2853 3072 2993 3130 tales
3044 3076 3579 3137 condemnarentur?

1156 3150 1405 3215 prterepa't
1452 3150 1706 3210 Dominus
1751 3156 1891 3217 Deus
1916 3160 1963 3227 (ξ
1998 3154 2091 3208 sed
2136 3168 2168 3210 a
2220 3170 2324 3212 suo
2359 3156 2605 3228 ipsorum
2642 3158 2838 3220 aﬂectu
2889 3166 3247 3224 scducuntur.
3288 3167 3577 3229 Postremo

300 3208 457 3278 Adae,
496 3217 738 3291 dixitque
772 3223 867 3279 ei:
904 3226 980 3283 De
1020 3208 1264 3288 omnibus
1312 3208 1595 3298 orboribus
1636 3208 1889 3316 percidi};

302 3302 507 3334 -.ομ-,1-
540 3312 655 3334 -.ιη
698 3331 709 3334 -
783 3329 792 3334 .
849 3321 860 3334 .
996 3322 1008 3334 .
1224 3328 1235 3334 -
1338 3331 1345 3334 .
1431 3332 1438 3334 Α

1996 3243 2113 3300 ﬁeri
2159 3260 2271 3302 non
2304 3208 2480 3319 patruit
2525 3259 2587 3307 ut
2631 3255 2798 3312 arbor
2843 3270 2911 3312 eo
2955 3257 3226 3316 Adamum
3282 3262 3574 3334 imbueret,

300 3302 508 3363 edendo
534 3312 656 3367 edes
690 3331 709 3368 :
741 3329 793 3369 at
826 3321 890 3372 de
923 3322 1110 3379 arbore
1158 3328 1397 3387 scientia
1421 3332 1544 3390 boni
1569 3347 1620 3393 et
1641 3302 1797 3397 'moli
1828 3361 1890 3401 ne

301 3398 430 3427 μδ..-
459 3415 478 3427 .
505 3418 628 3427 μμμ-
673 3423 759 3427 μ..
817 3410 863 3427 ,s-
945 3415 957 3427 .
1023 3415 1036 3427 .
1207 3422 1215 3427 .

1996 3352 2105 3408 quo
2137 3337 2255 3410 ipsa
2286 3302 2848 3405 c'arebat.—I’ei'ficitiir
2881 3366 3014 3423 ergo
3046 3369 3114 3411 es
3144 3354 3213 3412 iis
3239 3371 3361 3427 qua
3395 3308 3575 3416 adhuc;

295 3398 430 3455 edas
454 3415 478 3458 :
505 3418 631 3459 nam
663 3423 779 3478 qua.
804 3410 893 3465 die
921 3415 988 3469 de
1015 3415 1117 3471 hac
1151 3422 1298 3489 edes,
1331 3437 1555 3483 mortem
1591 3443 1796 3501 appetes
1819 3398 1884 3493 ἐξ
1991 3398 2137 3486 dicta
2160 3398 2317 3498 sunt,
2347 3450 2457 3492 non
2485 3438 2610 3496 ideo
2641 3442 2899 3500 arbOrem
2932 3398 3178 3505 silentia
3203 3398 3333 3507 bruti
3364 3462 3418 3508 et
3446 3454 3574 3510 rami

295 3491 369 3549 Ei
423 3497 591 3566 Ρ²υ¹ο
649 3514 772 3569 Ροει
820 3522 834 3559 :
886 3507 952 3561 Et
1006 3513 1207 3581 accepit
1260 3518 1457 3573 naulier
1509 3521 1575 3576 de
1620 3491 1888 3593 ﬂuctibus
1991 3534 2239 3583 vocatam
2289 3491 2436 3593 esse,
2483 3533 2629 3603 quod
2663 3535 2748 3592 vel
2793 3536 2959 3594 ullam
3006 3539 3125 3612 ipsa
3176 3540 3303 3599 boni
3356 3561 3385 3599 a
3429 3547 3573 3602 nialu

296 3586 507 3612 ub..-
928 3604 940 3612 _
993 3600 1028 3612 ..
1139 3606 1150 3612 .
1321 3609 1332 3612 -

294 3586 533 3655 arboris,
556 3593 785 3663 editque,
818 3613 881 3652 ac
904 3600 1049 3656 dedit
1079 3606 1241 3660 etiam
1281 3609 1394 3665 viro
1427 3626 1545 3677 suo,
1575 3586 1668 3684 qui
1697 3627 1748 3672 et
1777 3621 1897 3690 ipse
1990 3614 2362 3691 distinguendi
2392 3586 2647 3693 peritiam
2699 3626 2993 3698 habuerit;
3028 3586 3129 3691 lIvel
3161 3636 3369 3694 Adamn
3412 3638 3481 3695 de
3512 3655 3574 3697 se

295 3677 412 3735 edit
438 3680 507 3738 ³⁸.
558 3686 663 3742 Hic
708 3689 811 3745 tria
845 3706 906 3747 se
941 3693 1180 3753 oﬂ‘ernnt
1208 3677 1598 3773 disquirenda,
1646 3677 1884 3782 quorum

298 3772 540 3842 primum
587 3790 695 3848 est,
737 3798 838 3837 cur
881 3787 1051 3844 arbor
1080 3790 1173 3847 illa
1224 3772 1498 3866 appellata
1528 3772 1601 3855 sit
1633 3772 1887 3864 scientiae

298 3863 433 3920 boni
482 3878 537 3923 et
590 3874 760 3939 mali;
802 3877 1061 3947 alterum,
1093 3883 1226 3954 quid
1260 3863 1352 3942 sit
1404 3890 1632 3957 bonum,
1667 3905 1723 3951 et
1754 3899 1887 3970 quid

298 3958 551 4029 malum;
593 3966 836 4033 tertium,
889 3972 1049 4041 cujus
1093 3979 1309 4045 generis
1352 3980 1517 4040 fuerit
1555 3986 1645 4043 illa
1699 3993 1883 4051 arbor.

292 4045 471 4117 Igitur
497 4057 645 4122 quod
683 4058 747 4111 ad
802 4062 1041 4130 primum
1078 4068 1301 4137 attinet,
1335 4073 1443 4131 hoc
1483 4088 1588 4146 est,
1633 4084 1885 4143 vocabuli

294 4145 599 4210 rationem.
631 4148 875 4209 dicimus
920 4158 1152 4218 minime
1182 4165 1510 4235 appellatam
1551 4145 1676 4231 esse
1719 4178 1881 4236 arbo-

298 4249 416 4291 rem
452 4239 701 4299 scientia:
736 4247 864 4304 boni
886 4258 944 4307 et
973 4254 1126 4319 mali,
1155 4260 1302 4329 quod
1337 4261 1454 4334 ipsa
1488 4277 1636 4324 esset
1656 4272 1885 4342 praedita

292 4332 615 4400 cognitione
682 4353 791 4408 qua
848 4342 992 4399 inter
1054 4347 1256 4405 bonum
1315 4332 1373 4409 et
1438 4332 1885 4434 malum-posset

293 4420 626 4494 diiudicare,
652 4444 832 4502 neque
865 4438 1032 4492 etiam
1067 4441 1212 4511 quod
1258 4444 1378 4515 ipsa
1417 4449 1540 4520 ejus
1574 4453 1651 4509 rei
1698 4420 1879 4515 mea;

295 4514 427 4567 tiam
469 4514 525 4572 in
556 4519 828 4578 Adamum
880 4529 1197 4587 contulerit.

293 4608 564 4677 guitiouis
619 4626 898 4686 expertem
959 4624 1179 4691 penitus
1241 4628 1411 4687 fuisse
1479 4636 1735 4695 arborem
1795 4643 1879 4698 vel

290 4699 422 4756 binc
470 4704 765 4777 intelligas,
822 4713 969 4780 quod
1023 4732 1091 4773 ne
1137 4718 1297 4777 bruta
1345 4724 1568 4795 quidem
1624 4732 1879 4801 (necdqu

290 4794 579 4870 rationali)
645 4801 832 4857 anima
882 4805 1048 4863 fuerit
1102 4813 1376 4882 praedita:
1410 4832 1539 4875 nam
1596 4794 1645 4879 si
1693 4824 1880 4893 bruta,

293 4890 581 4946 mactanda
642 4893 885 4965 primum
942 4897 1144 4959 fuisset
1196 4916 1258 4963 ut
1305 4923 1501 4968 onera
1557 4914 1881 4989 animantia,

292 4993 589 5054 antequam
626 4992 695 5045 de
729 5006 790 5045 ea
825 4999 1138 5063 potuissent
1185 5003 1351 5059 edere
1390 5007 1550 5077 primi
1585 5021 1876 5080 parentes;

295 5074 552 5133 rationali
588 5095 723 5139 vero
770 5088 998 5147 omnino
1050 5096 1300 5152 caruisse
1350 5101 1721 5159 certissimum
1770 5117 1876 5171 est,

293 5179 417 5221 cum
480 5172 633 5227 nulla
688 5175 948 5238 facultate
998 5184 1167 5243 rebus
1233 5204 1335 5259 pro
1396 5191 1630 5252 arbitrio
1686 5199 1874 5256 utendi

291 5259 479 5321 dotata
522 5265 716 5335 fuerit,
765 5290 943 5347 neque
997 5280 1237 5353 aliquam
1287 5300 1316 5339 a
1357 5287 1656 5348 Conditore
1700 5290 1873 5363 legem

294 5358 584 5424 acceperit,
636 5364 857 5434 qualem
910 5368 979 5427 iis
1024 5372 1115 5428 ille
1171 5376 1434 5445 imposuit
1484 5396 1608 5452 quze
1663 5382 1877 5441 ratione

296 5445 540 5507 donarit.
570 5454 755 5521 Quare
783 5459 828 5514 si
859 5476 959 5534 per
986 5474 1237 5523 neutram
1263 5445 1533 5527 dictarem
1559 5474 1870 5535 animarum

293 5535 502 5597 vivebat
539 5543 708 5601 arbor
729 5546 844 5613 illa,
878 5553 1155 5624 Colligitur
1180 5571 1359 5631 neque
1404 5560 1691 5619 scientiam
1724 5564 1777 5622 in
1810 5581 1874 5625 se

292 5629 458 5688 Illam
495 5635 756 5696 habuisse
796 5658 905 5714 qua
935 5644 1140 5702 bonum
1190 5629 1374 5722 posset
1421 5671 1451 5710 a
1489 5657 1633 5713 malo
1660 5658 1869 5718 discer-

362 5811 409 5845 ”
434 5813 573 5873 Gen.
608 5834 667 5887 tt,
717 5820 797 5893 l6,
841 5825 922 5883 Π.
1006 5829 1048 5861 ⁸⁸
1076 5831 1209 5890 Gen.
1249 5848 1303 5889 tn
1368 5833 1416 5891 Li.
1495 5835 1539 5867 ³⁸
1565 5834 1699 5895 Gen.
1736 5857 1794 5906 ll,
1828 5842 1883 5907 2.
1916 5843 2006 5903 25.

1251 4533 1384 4591 Nam
1436 4517 1734 4601 illiusmodi
1789 4563 1881 4605 co-
1912 4517 1959 4579 θ

1988 3708 2169 3768 edenti
2231 3714 2517 3773 scientiam
2563 3718 2834 3791 ejusmodi
2887 3729 3411 3788 accommodat-erit.
3460 3732 3569 3788 Sed

1988 3817 2096 3858 cur
2133 3802 2353 3861 demum
2420 3807 2473 3863 id
2528 3811 2769 3868 nominis
2825 3817 3018 3872 sortita
3076 3817 3150 3874 sit
3204 3819 3357 3891 prius
3400 3836 3567 3895 quam

1988 3897 2384 3968 expediamus,
2433 3902 2729 3961 dicendum
2782 3918 2904 3976 est;
2952 3911 3087 3982 quid
3137 3914 3288 3983 boni,
3324 3917 3571 3991 quidque

1989 3990 2116 4047 mali
2165 3993 2448 4050 vocabulis
2500 3996 2574 4053 sit
2623 3998 3058 4071 intelligendum.
3111 3990 3569 4080 Bonumigitur,

1986 4091 2074 4140 est
2128 4083 2246 4155 ipsa
2303 4087 2656 4159 obedientia;
2721 4092 2926 4148 malum
2984 4110 3158 4165 vero,
3225 4105 3567 4159 contrarium

1988 4176 2315 4237 obedientize
2373 4179 2603 4248 vitium,
2665 4184 2913 4244 rebellio.
2985 4186 3121 4245 Nam
3196 4194 3567 4254 obedientiam

1987 4270 2195 4329 bonum
2250 4288 2373 4332 esse
2426 4277 2726 4334 ostendunt
2772 4280 2864 4336 illa
2928 4280 3064 4353 legis
3118 4286 3280 4344 verba
3334 4307 3349 4346 :
3399 4287 3567 4361 Dilige

1986 4363 2274 4422 Dominum
2322 4367 2488 4426 Deum
2531 4380 2682 4427 tuam
2708 4372 2794 4442 ³¹;
2853 4391 2919 4433 ex
2963 4393 3153 4436 amore
3197 4382 3345 4439 enim
3404 4393 3569 4455 atque

1986 4458 2254 4517 cbaritate
2311 4464 2623 4522 obedientia
2682 4469 2947 4527 nascitur.
3019 4470 3116 4531 Est
3156 4476 3321 4547 igitur
3360 4479 3564 4537 bonum

1984 4549 2320 4609 obedientia.
2355 4550 2574 4612 Βυιέιιε
2609 4560 2817 4617 aratum
2860 4578 2985 4620 esse
3032 4568 3387 4627 rebellionem
3433 4589 3565 4645 pro-

1985 4642 2114 4698 bant
2147 4643 2238 4701 illa
2269 4644 2362 4702 Dei
2391 4651 2556 4705 verba
2590 4668 2606 4706 :
2643 4650 2761 4708 Dno
2785 4655 3084 4728 mala'fecit
3103 4662 3331 4733 populus
3371 4642 3517 4720 meus
3542 4685 3562 4734 ;

1986 4751 2070 4789 me
2116 4736 2510 4809 dereliquerunt
2538 4784 2552 4805 ,
2607 4744 2807 4815 fontem
2844 4763 2999 4816 aque
3039 4753 3203 4821 siste,
3248 4765 3298 4810 et
3340 4758 3568 4829 profecti

1983 4823 2231 4894 foderunt
2298 4830 2401 4884 sibi
2458 4832 2630 4902 fassus
2692 4838 2946 4909 "fractas
3010 4860 3130 4915 qua:
3175 4861 3279 4901 non
3340 4823 3565 4921 possunt

1984 4925 2257 4981 continere
2298 4929 2353 4983 iu
2387 4946 2443 4986 se
2468 4948 2636 5004 aquas
2662 4934 2727 4991 ³⁸.
2769 4934 2888 4993 Jam
2925 4955 3058 4997 vero
3099 4942 3360 5013 dicimus,
3393 4947 3562 5004 arbo-

1987 5032 2104 5073 rem
2145 5018 2389 5078 scientiae
2417 5022 2547 5079 boni
2577 5037 2631 5080 et
2680 5027 2807 5084 mall
2841 5028 2991 5087 illaut
3037 5047 3163 5091 esse
3212 5038 3562 5109 appellatam.

1983 5109 2111 5178 quia
2170 5111 2270 5180 per
2330 5128 2477 5182 eam,
2528 5118 2707 5188 reipsa
2773 5118 2920 5179 facto
2984 5127 3252 5197 periculo,
3312 5131 3559 5193 Adamua

1985 5202 2207 5271 agnem
2256 5204 2461 5261 bonum
2519 5217 2575 5264 et
2623 5211 2851 5267 malum.
2899 5214 2970 5271 At
3018 5219 3165 5275 enim
3215 5221 3390 5287 dices,
3431 5224 3562 5284 hinc

1981 5292 2196 5365 colligi.
2230 5295 2499 5355 Adamum
2552 5299 2727 5359 fuisse
2778 5308 3083 5365 cariturum
3144 5311 3272 5369 boni
3334 5327 3390 5373 et
3430 5319 3559 5374 ntali

1978 5382 2341 5454 cognitione,
2393 5389 2500 5444 nisi
2549 5389 2618 5447 de
2680 5393 2772 5451 illa
2829 5398 3025 5457 arbore
3091 5414 3383 5475 gustasset.
3453 5409 3558 5470 Sed

1978 5478 2398 5549 respondemus,
2442 5484 2673 5544 scit'isse
2704 5489 2928 5561 quidem
2973 5494 3246 5556 Adamum
3296 5502 3557 5562 obedien-

1977 5566 2107 5623 tiam
2147 5568 2354 5629 bouum
2398 5589 2543 5645 esse,
2575 5587 2631 5636 et
2677 5582 3029 5642 rebellionem
3080 5591 3309 5658 malum,
3357 5608 3419 5652 ut
3461 5598 3558 5669 qui

1978 5670 2127 5719 esset
2172 5662 2240 5720 ad
2302 5662 2394 5722 Dei
2439 5668 2861 5733 similitudinem
2912 5680 3191 5748 conditus,
3244 5696 3296 5742 et
3345 5662 3555 5745 ratione

2086 5843 2129 5879 δ’
2154 5842 2309 5905 Deut.
2343 5865 2418 5915 vr,
2450 5846 2503 5907 5.
2622 5854 2667 5886 ³⁹
2692 5854 2894 5915 Jetcm.
2931 5874 2978 5916 tt
3034 5860 3119 5918 I5.
