4054 6138
459 313 565 379 503

1692 327 1921 390 MOSIS
1961 329 2051 388 BA
2064 331 2108 389 R
2147 331 2235 391 ΟΕ
2245 334 2389 394 PHA

3592 334 3693 397 5M

464 428 696 492 pollens,
738 425 1107 497 facultateque
1139 443 1322 485 rerum
1356 447 1492 501 quas
1526 433 1710 488 animo
1740 435 2029 506 concepiso
2060 440 2105 498 Α
2135 437 2361 492 edoctus
2393 441 2522 510 quid
2554 450 2698 496 esset
2741 443 2941 497 bonum
2981 453 3034 498 et
3062 444 3191 513 quid
3239 443 3467 507 malum,
3503 449 3697 517 quippe

464 532 547 573 set
575 519 1045 588 dijudicandarum
1080 541 1094 577 :
1133 535 1511 578 verumtamen
1560 525 1611 579 id
1675 525 1851 596 ipsum
1884 536 2027 594 post,

466 629 561 681 per
601 615 992 683 experientiam
1035 632 1253 689 quoque
1300 616 1378 671 rei
1408 617 1686 682 didicisse,
1719 620 1810 673 ubi
1852 620 2031 673 conti-

462 708 634 773 gisset
684 718 847 776 atque
895 718 1166 777 gustasset
1236 712 1432 766 vetitos
1491 710 1722 765 frurtns.
1775 712 1931 767 Sicut
1975 720 2031 767 et

460 798 598 854 Cain
659 814 766 853 non
824 800 1110 870 ignorabat
1167 804 1385 872 quidem
1458 820 1569 858 rem
1633 805 1829 858 malam
1907 819 2029 859 esse

462 891 840 959 homicidium,
897 894 1215 964 priusquam
1272 896 1322 951 id
1381 906 1787 966 perpetrasset;
1839 910 2025 951 verum

460 983 655 1038 deinde
702 985 902 1040 clarius
958 985 1061 1040 hoc
1115 988 1291 1059 ipsum
1346 1004 1440 1059 per
1496 991 1883 1058 experientiam
1946 988 2025 1042 rei

457 1077 651 1132 didicit
701 1077 995 1133 homicidio
1049 1080 1311 1145 admisso,
1344 1096 1463 1133 cum
1500 1081 1675 1152 fugaci
1726 1082 2026 1137 mobilitate

455 1177 601 1224 esset
645 1170 928 1225 multatus.
969 1170 1112 1236 Quin
1146 1182 1199 1225 ct
1239 1188 1337 1227 uos
1389 1190 1610 1243 quoque
1660 1174 1911 1227 novimus
1960 1188 2021 1227 ea

456 1277 579 1330 qtue
636 1263 776 1315 mala
829 1273 997 1325 sunt,
1059 1273 1352 1333 antequam
1416 1267 1557 1319 mala
1619 1266 2020 1336 desiguemus:

455 1368 645 1406 verum
683 1354 770 1408 ubi
811 1353 923 1423 jam
959 1354 1074 1424 ipsa
1100 1356 1458 1425 patravimns,
1495 1366 1606 1411 tmn
1642 1358 1819 1427 reipsa
1865 1359 2025 1413 intel-

455 1444 680 1514 ligimus
719 1444 858 1498 mala
887 1461 1041 1512 esse;
1084 1460 1139 1502 et
1175 1449 1392 1517 quidem
1426 1452 1596 1504 multo
1640 1452 1867 1515 certius,
1907 1459 2020 1505 tum

455 1553 582 1591 cum
619 1539 868 1595 meritam
901 1542 970 1596 ob
1018 1543 1106 1596 illa
1146 1560 1366 1614 premam
1422 1548 1730 1614 pendimus.
1777 1546 2022 1618 Denique

452 1632 917 1699 quemadmodum
950 1638 1153 1690 malmn
1188 1653 1310 1692 esse
1337 1640 1585 1693 morbum
1614 1655 1720 1693 nou
1745 1641 2021 1697 nescimus

454 1722 611 1795 longe
640 1734 934 1795 antequam
960 1736 1307 1797 aegrotamus,
1332 1739 1386 1782 et
1410 1740 1588 1784 tamen
1616 1729 1756 1784 factu
1780 1732 2019 1800 periculo

455 1814 560 1869 boc
608 1816 784 1885 ipsum
842 1819 1069 1888 propius
1122 1822 1453 1890 penitusque
1500 1824 1845 1893 agnoscimus
1892 1839 2016 1879 cum

456 1907 647 1961 morbo
683 1923 977 1975 vexamur;
1027 1920 1175 1965 etut
1231 1914 1521 1967 sanitatem
1574 1929 1764 1968 omnes
1819 1925 2020 1972 norunt

456 1996 655 2051 bonam
706 2012 826 2055 esse
884 2000 1049 2054 etiam
1104 2002 1326 2071 quando
1372 2017 1435 2055 ea
1492 2013 1704 2068 carent,
1762 2015 2017 2060 caeterum

456 2090 548 2144 ubi
583 2092 841 2146 fruuntur
886 2093 1145 2157 sanitate,
1183 2094 1293 2164 jam
1319 2094 1629 2165 cujusmodi
1664 2104 1718 2149 et
1755 2106 2018 2165 quantum

455 2184 658 2238 bonum
693 2185 785 2249 sit,
831 2200 926 2254 per
974 2187 1369 2257 experientiam
1411 2188 1620 2243 certius
1655 2188 1962 2258 intelligunt
2000 2205 2012 2241 :

454 2277 527 2331 ita
551 2288 600 2333 et
634 2277 883 2333 Adamus
928 2280 1138 2334 sciebat
1165 2279 1411 2349 quidem,
1431 2290 1722 2351 antequam
1750 2282 1819 2337 de
1858 2281 2020 2335 vetita

452 2374 647 2428 arbore
692 2380 987 2441 gustasset,
1041 2372 1237 2427 bonam
1292 2389 1415 2430 esse
1462 2374 1850 2439 obedientiam,
1906 2390 2022 2430 ma-

454 2463 669 2533 lamque
712 2465 1101 2531 rebellionem;
1140 2482 1324 2521 verum
1361 2482 1488 2521 cum
1534 2467 1870 2530 rebellasset,
1906 2468 2016 2524 hoc

453 2555 630 2625 ipsum
661 2557 998 2624 experientia
1066 2559 1324 2628 magistra
1367 2563 1572 2615 rectius
1616 2562 1857 2628 agnovit.
1904 2560 2020 2627 Qua

451 2647 597 2701 enim
646 2651 913 2703 sententia
953 2648 1021 2704 de
1052 2652 1289 2719 paradisi
1336 2653 1493 2706 bonis
1536 2653 1803 2723 dejectus,
1856 2663 2022 2722 atque

455 2743 507 2795 in
547 2741 686 2795 hanc
716 2741 1031 2797 damnatam
1082 2752 1279 2799 terram
1321 2746 1588 2815 relegatus
1635 2755 1739 2807 est,
1774 2748 2019 2801 eamdem

452 2849 547 2906 per
584 2836 879 2905 periculum
914 2837 1109 2893 didicit
1144 2850 1407 2907 quantum
1458 2839 1659 2895 bonum
1689 2848 1836 2895 esset
1886 2840 2021 2893 obe-

451 2927 679 2991 dientia,
710 2938 762 2982 ct
792 2939 1055 2999 quantum
1087 2941 1274 2984 contra
1312 2932 1514 2986 malum
1571 2933 1811 2987 rebellio.
1852 2932 2023 3002 lgitur

451 3030 643 3076 vocata
694 3032 777 3077 est
844 3022 1010 3077 arbor
1070 3023 1313 3078 scientiae
1359 3024 1483 3079 boni
1550 3033 1605 3078 et
1669 3023 1840 3091 mali,
1893 3024 2019 3092 quia

2135 529 2188 581 in
2228 544 2291 583 ea
2324 530 2518 582 arbore
2546 532 2781 599 positum
2807 543 2924 586 erat
2958 534 3261 603 periculum
3294 542 3348 588 et
3380 533 3699 591 obedientiae

2132 630 2185 675 et
2216 623 2531 677 rebellionis
2562 622 2777 687 Adami,
2831 634 2993 693 atque
3034 641 3129 695 per
3158 642 3279 680 eam
3315 626 3457 680 clare
3483 630 3700 697 agnovit

2132 712 2220 766 ille
2252 713 2377 766 boni
2429 712 2667 782 malique
2703 715 2969 768 rationem
3026 716 3145 785 ipso
3178 716 3252 770 rei
3300 717 3521 779 cll'cctu,
3556 718 3699 771 didi-

2128 806 2311 875 citque
2364 815 2629 875 quantum
2691 818 2843 863 esset
2902 808 3027 863 boni
3091 810 3144 863 in
3204 810 3547 865 observando
3604 810 3695 865 Dei

2130 898 2387 952 mandato
2448 900 2734 967 positum,
2783 910 2837 956 et
2895 912 3160 969 quantum
3220 912 3407 956 contra
3463 902 3587 955 mali
3643 902 3697 956 in

2130 989 2555 1058 prtevaricando.
2584 991 2783 1045 Parere
2815 992 2960 1044 enim
2998 1001 3268 1061 praecepto
3299 993 3541 1055 bonum;
3590 1006 3698 1045 non

2127 1097 2340 1153 parere,
2374 1080 2575 1136 malum
2612 1082 2903 1152 appellavit
2935 1082 3236 1153 Scriptura.
3282 1082 3407 1138 llaec
3438 1084 3602 1153 igitur
3630 1083 3699 1137 de

2126 1174 2365 1230 nominis
2412 1175 2621 1230 ratione
2651 1174 2796 1230 dicta
2844 1177 2979 1230 satis
3021 1186 3220 1241 sunto;
3265 1176 3375 1246 jam
3431 1176 3697 1244 reliquum

2123 1275 2205 1323 est
2238 1280 2296 1321 ut
2328 1268 2697 1337 expendamus
2727 1267 2886 1338 cujus
2930 1270 3021 1323 illa
3058 1270 3271 1338 generis
3316 1269 3478 1323 arbor
3512 1270 3695 1325 fuerit.

2130 1355 2266 1412 Sunt
2294 1360 2517 1429 quidam
2550 1361 2644 1430 qui
2675 1360 2991 1415 existiment
3018 1375 3127 1413 non
3161 1358 3329 1413 fuisse
3358 1359 3610 1412 arborem
3643 1356 3696 1413 id

2122 1458 2190 1512 dc
2218 1472 2327 1526 quo
2378 1456 2615 1526 gustavit
2662 1456 2859 1521 Adam,
2900 1457 2992 1511 sed
3039 1470 3332 1510 venereum
3374 1454 3698 1525 amplexum

2124 1564 2233 1619 quo
2277 1565 2399 1602 cum
2445 1563 2620 1603 uxore
2673 1550 2763 1604 ille
2812 1564 3011 1617 corpus
3045 1549 3295 1611 miscuit;
3348 1563 3580 1618 eamque
3631 1550 3700 1603 ob

2127 1657 2240 1696 rem
2275 1648 2428 1698 aiunt
2458 1654 2672 1713 partum
2706 1642 2952 1698 mulieris
2975 1656 3097 1697 esse
3119 1654 3215 1711 per
3243 1641 3337 1695 Dei
3373 1642 3697 1695 sententiam

2122 1735 2409 1790 doloribus
2443 1735 2646 1791 factum
2684 1736 3025 1801 obnoxium;
3060 1749 3236 1803 neque
3275 1734 3418 1787 aliud
3464 1735 3703 1790 voluisse

2124 1829 2254 1884 illud
2300 1837 2651 1899 praeceptum,
2683 1827 2761 1883 Ne
2810 1828 2986 1882 edatis
3021 1827 3087 1882 de
3126 1827 3217 1882 illa
3254 1828 3472 1891 arbore,
3506 1841 3699 1895 quam,

2120 1920 2236 1975 Non
2286 1922 2514 1985 coeatis,
2560 1922 2653 1976 sed
2703 1932 2891 1975 sancte
2943 1929 2998 1975 et
3041 1919 3247 1989 absque
3293 1921 3438 1973 omni
3482 1917 3699 1974 Venere

2123 2014 2353 2077 vivatis;
2394 2022 2448 2068 et
2482 2032 2495 2067 :
2529 2011 2648 2078 Quo
2679 2013 2765 2066 die
2798 2015 2863 2067 de
2893 2011 2981 2066 illa
3010 2012 3201 2076 edetis,
3235 2021 3464 2066 mortem
3495 2011 3703 2066 morie-

2122 2107 2283 2170 mini,
2322 2107 2375 2161 id
2427 2121 2549 2160 esse
2588 2121 2697 2175 quo
2728 2106 2817 2160 die
2855 2117 3085 2175 corpora
3131 2104 3451 2159 miscebitis.
3498 2102 3699 2157 Verum

2125 2198 2265 2251 banc
2318 2198 2647 2253 sententiam
2687 2196 2911 2250 minime
2957 2210 3143 2251 veram
3184 2210 3309 2251 esse
3354 2195 3434 2247 vel
3471 2194 3525 2249 id
3565 2196 3703 2250 satis

2121 2292 2304 2363 arguit
2349 2292 2496 2362 quod
2574 2292 2787 2359 integra
2860 2289 3175 2356 virginitate
3240 2288 3381 2358 pulsi
3446 2289 3559 2342 sint
3621 2286 3698 2342 illi

2122 2384 2401 2455 paradiso.
2427 2381 2666 2439 Censent
2688 2397 2819 2453 ergo
2853 2380 2939 2434 alii
2975 2380 3315 2435 frumentum
3350 2380 3524 2435 fuisse
3555 2381 3703 2435 banc

2123 2478 2418 2541 arborem,
2488 2483 2651 2545 atque
2717 2474 2836 2529 ideo
2893 2474 3166 2528 Christum
3242 2487 3462 2543 quoque
3533 2486 3696 2526 suum

2122 2586 2324 2641 corpus
2382 2569 2435 2624 in
2488 2584 2627 2639 pane
2685 2568 2899 2621 dedisse
2935 2575 3036 2620 :ut
3074 2579 3181 2635 qua
3242 2579 3302 2618 re
3352 2571 3701 2619 contractum

2122 2672 2269 2719 esset
2306 2662 2571 2725 debitum,
2603 2660 2791 2715 eadem
2826 2672 2881 2715 et
2914 2659 3309 2715 exsolveretur.
3356 2655 3569 2711 Rursus
3604 2654 3700 2708 alii

2122 2757 2288 2810 vitem
2343 2754 2512 2808 fuisse
2558 2751 2935 2816 contendunt,
3000 2759 3055 2805 et
3111 2751 3319 2805 idcirco
3379 2749 3706 2819 sanguinem

2124 2864 2283 2904 suum
2313 2847 2529 2902 dedisse
2563 2844 2845 2900 Christum
2892 2845 2946 2897 in
2978 2844 3105 2898 vino
3140 2858 3243 2913 pro
3285 2842 3555 2911 expianda
3590 2841 3709 2910 pri—

2124 2953 2340 2993 morum
2368 2948 2657 3007 parentum
2687 2948 2850 2989 noxa.
2886 2933 2992 2988 Sed
3020 2947 3120 2988 nos
3155 2933 3267 2987 haec
3292 2947 3416 2986 vera
3444 2946 3553 2985 non
3579 2944 3709 2985 esse

2122 3038 2413 3100 putamus;
2440 3026 2772 3081 frumentum
2796 3023 2941 3079 enim
2964 3038 3143 3095 seges,
3164 3038 3271 3077 non
3294 3022 3457 3076 arbor
3480 3020 3709 3088 dicitur,

454 3115 698 3169 Adamus
728 3130 824 3186 per
855 3115 1026 3184 ipsam
1060 3127 1315 3185 expertus
1356 3125 1441 3171 est
1474 3114 1603 3186 quid
1638 3124 1783 3171 esset
1819 3116 2020 3170 bonum
2049 3123 2095 3181 C.
2128 3132 2186 3177 ut
2213 3118 2391 3191 neque
2430 3120 2575 3174 vitis.
2619 3116 2785 3188 Igitur
2811 3116 3143 3172 Philoxenus
3173 3114 3544 3185 Mabugensis,
3578 3126 3709 3168 ora-

450 3211 669 3283 etquid
701 3211 930 3279 malum,
958 3218 1121 3281 atque
1174 3212 1347 3281 reipsa
1403 3211 1618 3282 agnovit
1655 3210 2017 3265 obedientiam

451 3321 576 3361 esse
609 3306 837 3372 bonum,
872 3305 1074 3358 malum
1118 3319 1249 3356 vero
1296 3303 1667 3359 rebellionem.
1708 3302 1815 3359 Sed
1850 3302 2018 3369 enim,

451 3400 599 3456 dicet
629 3398 828 3468 aliquis
857 3438 870 3462 ,
911 3397 1104 3451 demus
1134 3397 1402 3450 Adamum
1444 3410 1543 3465 per
1588 3396 1733 3449 illam
1770 3394 2020 3450 arborem

453 3507 576 3548 esse
605 3503 883 3561 expertum
919 3490 1047 3560 quid
1095 3489 1296 3544 bonum
1336 3498 1389 3543 et
1440 3489 1568 3557 quid
1618 3488 1818 3542 malum
1855 3497 2018 3554 esset,

457 3602 566 3641 non
599 3584 829 3655 proinde
855 3584 996 3653 justa
1032 3584 1169 3637 ratio
1202 3597 1265 3637 ea
1300 3580 1532 3647 videtur,
1563 3581 1632 3635 ob
1664 3594 1826 3651 quam
1859 3579 2025 3634 arbor

456 3681 573 3749 ipsa
630 3677 868 3732 scientiae
914 3676 1041 3731 boni
1078 3684 1130 3729 et
1175 3675 1299 3728 mali
1335 3685 1639 3737 vocaretur,
1688 3689 1809 3743 qua
1841 3672 2024 3728 scicn-

457 3770 588 3823 tiam
620 3768 674 3821 in
702 3782 761 3821 se
792 3767 997 3820 nullam
1024 3764 1269 3820 haberet.
1303 3764 1716 3834 Respondemus
1752 3780 1875 3821 eum
1900 3780 2024 3821 esse

457 3876 662 3915 morem
697 3874 976 3915 sacrarum
1009 3856 1358 3919 Litterarum,
1405 3866 1462 3911 ut
1491 3869 1543 3911 et
1568 3858 1698 3911 locis
1733 3866 1787 3913 et
1818 3868 2025 3928 tempo-

457 3953 610 4008 ribus
654 3965 841 4005 earum
908 3965 1092 4004 rerum
1147 3948 1559 4004 accommodent
1600 3947 1846 4014 nomina,
1903 3963 2025 4018 quae

459 4044 621 4099 rebus
656 4044 788 4113 ipsis
826 4043 879 4095 in
904 4041 1035 4097 locis
1067 4052 1117 4095 et
1147 4041 1483 4110 temporibus
1508 4039 1614 4095 illis
1649 4039 2024 4096 evenientibus

458 4135 746 4191 debentur.
781 4134 872 4190 Sic
902 4144 1121 4205 puteum
1155 4135 1446 4204 quemdam
1465 4134 1635 4204 jurgii
1659 4133 2019 4205 appellarunt,

457 4246 582 4284 cum
617 4236 813 4299 puteus
842 4244 947 4283 non
976 4228 1249 4298 jurgasset
1298 4228 1392 4282 sed
1430 4228 1497 4281 de
1528 4235 1690 4297 puteo
1737 4226 1854 4297 ipso
1884 4226 2026 4281 inter

458 4340 516 4376 se
578 4319 987 4373 contendissent
1043 4328 1291 4390 pastores
1318 4316 1382 4371 ³⁹.
1451 4317 1515 4371 Et
1594 4332 1787 4372 rursus
1853 4318 2021 4373 alium

458 4424 673 4481 puteum
717 4412 1031 4481 juramenti,
1073 4425 1181 4465 non
1231 4411 1388 4481 quasi
1442 4410 1556 4479 ipse
1598 4409 1818 4479 juratus
1857 4420 2021 4473 esset,

461 4475 556 4558 sed
623 4475 750 4574 quia
820 4504 886 4557 de
956 4475 1075 4571 ipso
1130 4475 1274 4556 facta
1339 4475 1557 4555 fuerant
1598 4475 2102 4570 ijuramenta“.D

464 4595 722 4651 Similiter
776 4594 1055 4649 cumulum
1134 4592 1423 4663 quemdam
1481 4592 1721 4662 lapidum
1765 4604 2027 4648 vocarunt

461 4689 730 4743 tumulum
786 4687 1073 4741 testimonii
1098 4688 1163 4751 “,
1218 4686 1309 4756 qui
1370 4686 1577 4740 nullum
1616 4687 1792 4755 potuit
1845 4687 2029 4742 dicere

462 4779 858 4844 testimonium,
906 4779 997 4833 sed
1029 4778 1154 4848 quia
1186 4778 1329 4847 apud
1380 4778 1555 4847 ipsum
1596 4788 1812 4847 peracta
1850 4776 2027 4833 fuerat

464 4874 790 4927 eontestatio
825 4874 965 4925 inter
999 4867 1166 4925 Jacob
1195 4878 1248 4923 et
1293 4867 1517 4924 Labam.
1558 4867 1802 4939 Denique
1858 4866 2028 4923 Jacob

464 4966 651 5019 Detbel
687 4962 990 5018 nominavit
1019 4963 1305 5016 exercitum
1334 4962 1424 5015 Dei
1456 4960 1523 5025 ⁸⁸,
1559 4976 1681 5016 cum
1714 4962 1868 5016 locus
1916 4961 2030 5030 ipse

469 5057 614 5111 haud
662 5065 805 5110 esset
852 5057 1129 5110 exercitus
1168 5054 1282 5122 Dei,
1322 5070 1506 5108 verum
1539 5054 1664 5123 quia
1717 5054 1865 5107 ineo
1911 5053 2031 5107 loco

466 5148 765 5201 exercitum
822 5146 914 5201 Dei
974 5147 1063 5200 illc
1125 5146 1366 5202 vidisset.
1433 5147 1510 5199 Ad
1564 5148 1816 5201 eumdem
1868 5146 2032 5216 igitur

467 5241 688 5295 modum
736 5240 900 5292 arbor
949 5239 1035 5291 illa
1090 5238 1466 5307 cognominata
1508 5246 1591 5291 est
1625 5239 1865 5293 scientiae
1904 5239 2034 5293 boni

465 5338 521 5381 et
568 5327 720 5389 mali,
764 5343 869 5381 non
906 5329 1045 5396 quod
1086 5328 1199 5396 ipsa
1236 5328 1314 5382 vel
1370 5328 1419 5380 iu
1462 5344 1521 5383 se
1553 5329 1711 5383 talem
1747 5330 2032 5385 scientiam

472 5418 721 5473 habuerit
760 5428 850 5471 aut
877 5434 996 5471 eam
1032 5420 1083 5471 in
1127 5419 1333 5472 Adamn
1368 5417 1625 5482 eﬂ'ecerit,
1663 5436 1769 5489 qua
1801 5420 1890 5475 hic
1918 5420 2032 5490 jam

468 5520 594 5565 ante
628 5510 883 5581 pollebat,
920 5512 1012 5565 sed
1047 5512 1175 5579 quia
1226 5526 1319 5581 per
1366 5526 1484 5565 eam
1530 5513 1783 5567 arborem
1816 5523 1897 5567 est
1943 5512 2035 5568 ille

468 5603 643 5673 reipsa
688 5611 970 5672 expertus,
1020 5612 1183 5673 atque
1218 5605 1297 5672 (ut
1350 5605 1421 5656 ita
1478 5602 1677 5675 dicam)
1736 5603 2033 5660 ellicienter

539 5782 580 5815 ε’
606 5780 737 5839 Gen.
777 5797 893 5844 xm,
932 5781 981 5835 7.
1064 5780 1106 5812 δ”
1134 5783 1265 5859 Qun.
1310 5801 1413 5847 XM,
1448 5783 1515 5843 ‘29
1548 5784 1634 5839 32.

1715 5787 1753 5819 “
1779 5784 1913 5842 Gen.
1956 5802 2107 5855 xxxi,
2136 5790 2225 5847 47.

2128 3216 2278 3269 tione
2301 3214 2367 3267 de
2389 3212 2589 3269 arbore
2618 3210 2761 3277 vitae,
2804 3218 2859 3265 et
2891 3208 3046 3265 multi
3075 3209 3166 3263 alii
3191 3208 3510 3263 existimant
3536 3208 3707 3261 ticum

2128 3306 2302 3361 fuisse
2330 3320 2451 3360 eam
2484 3303 2762 3365 arborem.
2795 3317 2925 3371 qua,
2960 3317 3084 3357 eum
3113 3310 3257 3355 esset
3287 3300 3500 3354 Adamo
3532 3300 3710 3354 inter-

2125 3400 2355 3463 dictum,
2378 3412 2486 3452 non
2531 3396 2814 3452 abstinuit.
2854 3393 2992 3448 Huic
3034 3392 3317 3448 sentcntiae
3352 3407 3450 3445 nos
3481 3404 3707 3461 quoque

2127 3501 2185 3546 ut
2210 3504 2340 3546 vero
2384 3489 2633 3544 similiori
2662 3486 3084 3543 subscribimus.
3122 3484 3396 3539 Credibile
3424 3483 3569 3537 enim
3595 3491 3711 3548 est,

2126 3585 2290 3640 simul
2333 3592 2496 3652 atque
2545 3581 2613 3636 de
2646 3596 2707 3636 ea
2754 3579 2951 3635 arbore
2993 3577 3253 3640 edissent.
3285 3577 3490 3645 pudore
3518 3587 3710 3630 corre-

2127 3684 2265 3745 ptos,
2293 3690 2360 3727 ex
2389 3687 2456 3727 eo
2484 3673 2627 3743 quod
2668 3672 2917 3743 proxime
2950 3671 3017 3725 ad
3043 3684 3262 3725 manum
3291 3677 3433 3729 erat.
3457 3667 3707 3738 subliga-

2126 3770 2247 3825 cula
2277 3767 2383 3822 sibi
2411 3767 2826 3836 comparavisse
2863 3764 3066 3835 quibus
3096 3778 3195 3818 sua
3234 3760 3555 3817 obvelarent
3600 3775 3708 3829 pu-

2126 3862 2300 3918 denda
2329 3901 2341 3923 ,
2371 3876 2433 3915 ea
2478 3875 2609 3914 vero
2632 3874 2697 3913 ex
2730 3857 2976 3913 ﬁculneis
3009 3856 3157 3912 foliis
3203 3854 3373 3910 luisse
3422 3854 3564 3908 facta
3620 3861 3707 3908 te-

2132 3953 2455 4025 staturipsa
2507 3950 2787 4022 Scriptura
2822 3951 2888 4006 ”³.
2934 3948 3122 4019 Neque
3170 3949 3316 4003 enim
3364 3946 3543 4001 simile
3592 3945 3705 4001 veri

2129 4053 2308 4117 potest
2336 4043 2663 4108 existimari,
2696 4042 2840 4111 ipsos
2860 4039 3226 4113 praetermissa
3264 4053 3327 4093 ea
3347 4038 3544 4092 arLore
3582 4053 3708 4107 qua:

2130 4138 2375 4210 proxima
2400 4145 2537 4203 erat,
2586 4136 2653 4190 ad
2699 4134 2860 4190 aliam
2897 4132 3238 4203 longiuscule
3264 4130 3511 4186 dissitam
3553 4130 3708 4185 festio

2130 4246 2326 4297 nasse;
2350 4244 2414 4285 ex
2442 4229 2602 4298 cujus
2631 4226 2776 4282 follis
2794 4226 3138 4282 concinnatis
3168 4221 3521 4295 subligaculis
3546 4236 3704 4277 suam

2129 4333 2477 4394 contegerent
2530 4319 2856 4377 nuditatem.
2902 4319 2967 4373 Et
3028 4332 3159 4388 ergo
3212 4317 3349 4371 licus
3405 4315 3568 4369 arbor
3614 4314 3707 4368 illa

2132 4415 2377 4473 scientiae
2405 4414 2532 4471 boni
2580 4426 2637 4470 et
2684 4414 2848 4478 mali;
2889 4425 2993 4481 qua
3026 4424 3137 4464 non
3176 4409 3319 4464 vesci
3359 4423 3484 4463 cum
3523 4415 3711 4461 essent

2129 4509 2291 4583 jussi,
2328 4524 2435 4564 non
2468 4514 2768 4578 paruerunt
2800 4504 3001 4559 edicto.
3043 4501 3181 4556 Sunt
3208 4512 3385 4556 tamen
3416 4500 3506 4570 qui
3540 4498 3707 4553 velint

2135 4600 2555 4669 haudquaquam
2604 4596 2766 4650 ticum
2817 4591 3007 4655 fuisse,
3077 4589 3172 4645 sed
3224 4589 3405 4657 potius
3454 4585 3703 4640 arborem

2134 4690 2447 4763 quampiam
2486 4687 2613 4743 novi
2657 4684 2873 4756 generis
2909 4694 3070 4752 atque
3110 4680 3379 4745 inusitati,
3415 4679 3575 4747 longe
3621 4692 3710 4731 rev

2135 4782 2299 4851 liquis
2343 4777 2813 4849 prastantioretn;
2848 4773 3007 4843 cujus
3051 4771 3318 4826 fructibus
3364 4769 3708 4825 interdictum

2138 4875 2299 4929 luerit
2328 4872 2535 4926 Adamo
2569 4886 2582 4921 :
2621 4869 2784 4937 idque
2848 4866 2951 4920 bac
2998 4864 3263 4933 colligunt
3317 4864 3547 4928 ratione,
3580 4860 3707 4929 quia

2137 4963 2372 5035 peccarit
2415 4960 2585 5014 Adam
2619 4956 2827 5013 edendo
2865 4966 2919 5012 ct
2958 4954 3216 5010 multatus
3278 4954 3370 5008 sit.
3420 4952 3555 5005 Nam
3589 4950 3708 5003 vul—

2138 5060 2253 5129 gari
2282 5057 2577 5127 (imprium)
2614 5054 2793 5109 fructu
2842 5050 3134 5116 vescendo,
3171 5063 3348 5119 neque
3380 5044 3712 5117 peccavisset

2142 5152 2250 5215 ille,
2280 5164 2457 5217 neque
2503 5163 2717 5218 ptenam
2751 5145 3189 5201 commeruisset.
3224 5140 3425 5197 Verum
3474 5139 3540 5194 ad
3596 5140 3710 5191 lucc

2135 5242 2524 5311 respOndemus
2560 5257 2572 5292 :
2605 5238 2740 5292 Cum
2792 5252 2880 5291 res
2924 5237 3106 5304 aliqua
3146 5236 3259 5305 lege
3302 5231 3572 5304 prohibita
3607 5238 3708 5289 est.

2137 5349 2245 5389 non
2273 5332 2347 5387 rei
2384 5331 2466 5385 vel
2495 5331 2862 5401 praestantiam
2910 5329 3338 5398 dignitatemque
3392 5324 3473 5377 vel
3514 5323 3711 5378 utilita-

2141 5434 2247 5479 tem
2286 5434 2449 5495 atque
2485 5424 2887 5497 indignitatem,
2919 5423 3045 5476 dum
3076 5429 3169 5474 aut
3206 5420 3386 5474 editur
3420 5426 3513 5472 aut
3550 5414 3711 5470 omit-

2143 5518 2275 5573 titur
2325 5516 2662 5588 quidquam,
2704 5515 2904 5572 referre
2942 5524 3034 5569 aut
3076 5514 3141 5567 ad
3188 5520 3464 5582 peccatum
3512 5516 3605 5563 aut
3644 5504 3709 5560 ιιι

2132 5609 2405 5678 justitiam
2451 5607 2533 5663 vel
2580 5608 2646 5663 ad
2694 5622 2905 5661 coenam
2962 5605 3333 5675 prmmiumve,
3387 5601 3482 5657 sed
3544 5602 3710 5670 ipsam

2321 5790 2366 5825 “
2395 5790 2531 5850 Gen.
2565 5806 2733 5858 xxxii,
2766 5788 2855 5845 50.
2935 5791 2976 5821 δ’
3005 5786 3138 5843 Gen.
3172 5803 3250 5853 Ill,
3286 5786 3333 5843 7.
