4054 6138
379 346 488 410 505

1511 348 1609 410 DE
1650 349 2047 411 PARADISO.
2092 374 2154 384 --
2202 349 2393 409 PARS
2436 351 2481 407 Ι.

3533 356 3642 419 506

379 464 550 520 solam
608 460 697 518 bie
760 462 991 531 spectari
1056 459 1417 518 obedientiam
1479 472 1532 517 ct
1581 463 1953 519 rebellionem.
1988 468 2029 524 Α
2062 462 2236 517 thsles
2300 460 2477 517 solent
2535 463 2843 517 interimere
2888 478 2984 518 eos
3025 464 3279 534 aquibus
3325 477 3586 521 vorantur
3628 487 3639 522 :

379 556 540 610 Verbi
576 569 740 611 causa
774 572 789 609 :
827 554 944 608 Divi
988 554 1278 610 Dlacbabaei
1315 570 1439 610 cum
1466 571 1494 609 a
1521 556 1741 626 porcina
1784 570 1948 611 carne

379 661 503 702 sese
543 646 901 711 abstinerent,
927 662 1160 714 eamque
1207 647 1275 700 ob
1306 662 1419 700 rem
1471 646 1700 716 plurima
1747 648 1943 701 tolera-

377 748 497 793 rent
524 741 689 806 mala,
721 754 829 792 non
884 740 1054 809 ipsam
1094 741 1412 808 Spectabunt
1458 740 1669 795 suillam
1700 754 1943 797 carnem.

372 845 544 897 eaque
590 846 687 884 ceu
720 832 810 883 vili
860 840 910 884 et
969 833 1362 901 cuntemptibili
1402 832 1525 886 cibo
1560 831 1943 885 abstinebant:

372 924 466 978 sed
518 923 764 976 divinum
807 924 1096 976 versabant
1154 925 1340 976 animo
1409 935 1757 993 praeceptum,
1801 923 1945 992 quod

373 1013 554 1068 modis
582 1015 833 1067 onmibus
859 1012 959 1067 sibi
997 1013 1418 1074 observandum.
1453 1028 1626 1083 neque
1650 1014 1763 1067 ullo
1790 1024 1945 1084 pacto

373 1105 789 1159 transiliendum
825 1106 1136 1159 statuebant
1165 1104 1229 1158 “.
1267 1106 1330 1158 Et
1364 1116 1633 1176 martyres
1674 1118 1943 1160 tormenta

372 1197 604 1267 p’urima
640 1207 766 1251 sunt
810 1198 1051 1266 perpessi
1083 1196 1210 1266 quis
1241 1199 1309 1251 de
1347 1199 1539 1254 hostiis
1574 1198 1802 1253 deorum
1845 1213 1947 1267 gu-

370 1299 518 1345 stare
568 1290 928 1355 recusabant;
982 1306 1088 1343 nou
1125 1292 1269 1359 quod
1321 1290 1425 1344 cibi
1478 1291 1627 1346 illius
1680 1293 1942 1346 rationem

372 1382 635 1437 baberent
671 1382 762 1447 qui
794 1397 859 1438 ex
890 1384 1127 1439 victimis
1166 1384 1486 1453 parabatur,
1514 1385 1606 1438 sed
1634 1400 1701 1439 ne
1738 1400 1832 1438 sua
1862 1386 1944 1455 ip-

370 1489 559 1529 sorum
612 1476 876 1531 adversus
934 1475 1102 1531 Deum
1161 1479 1493 1532 conscientia
1545 1479 1940 1547 polluerentur.

371 1567 463 1621 Sic
485 1568 644 1622 divus
670 1567 871 1624 Paulus
907 1568 1172 1639 permittit
1202 1570 1357 1623 nobis
1387 1579 1443 1623 ut
1474 1573 1609 1624 cibis
1642 1571 1793 1624 nullo
1818 1586 1941 1624 cum

372 1662 690 1715 discrimine
746 1676 1064 1726 vescamur,
1109 1662 1379 1731 tantisper
1416 1663 1545 1716 dum
1598 1666 1789 1730 quales
1836 1663 1946 1716 sint

370 1754 719 1823 ignoramus;
770 1768 958 1807 verum
991 1754 1245 1809 conscios
1266 1755 1416 1824 jubet
1448 1756 1747 1819 abstinuere,
1781 1755 1943 1809 nimi-

2057 554 2158 610 soli
2190 553 2291 618 illi,
2333 556 2411 607 vel
2444 564 2713 617 tum,cttm
2748 558 3127 619 vescebantur,
3162 557 3241 610 vel
3273 568 3395 625 post
3422 562 3637 628 oppeti-

2055 649 2261 701 visscnt
2306 655 2557 701 mortem.
2594 644 2780 716 Neque
2836 662 3027 703 rursus
3083 648 3155 703 ob
3199 648 3366 703 solam
3401 652 3626 705 rebellio

2054 756 2177 794 nem
2218 742 2343 794 illos
2372 750 2596 794 mortem
2626 742 2919 796 incurrisse
2951 759 2964 795 :
2996 742 3432 812 quandoquidem
3472 742 3637 799 David

2056 834 2235 887 tribus
2292 830 2468 888 modis
2538 834 2944 903 przevaricatus,
2988 850 3085 904 per
3134 834 3484 900 adulterium,
3538 850 3640 904 per

2053 923 2212 988 iram,
2244 939 2338 993 per
2371 925 2748 988 homicidium,
2784 940 2888 980 non
2934 936 3113 979 tamen
3142 926 3360 994 punitus
3391 932 3495 991 est,
3545 924 3639 981 sed

2053 1015 2374 1069 delictorum
2420 1019 2647 1083 gratiam
2678 1032 2706 1068 a
2748 1014 2856 1069 Deo
2892 1024 3268 1070 consecutus:
3313 1031 3502 1070 verum
3556 1015 3632 1071 die

2051 1107 2294 1161 viuitatis
2328 1106 2722 1160 aﬂectationcm
2763 1106 2931 1162 fuisse
2972 1106 3079 1161 illis
3126 1121 3348 1162 causam
3407 1108 3638 1163 mortis.

2052 1196 2226 1252 Simul
2271 1207 2435 1267 atque
2475 1199 2620 1250 enim
2658 1198 2903 1269 (inquit)
2929 1199 2993 1251 ad
3036 1198 3200 1253 Evam
3252 1200 3480 1254 dixisset
3518 1214 3642 1254 scrc

2052 1304 2186 1358 petis
2218 1305 2231 1341 :
2266 1288 2434 1343 En’tis
2470 1292 2606 1343 sicut
2628 1290 2726 1351 dii,
2764 1291 2983 1344 scientes
3007 1290 3129 1345 boni
3156 1299 3205 1345 et
3236 1292 3366 1345 mali
3389 1293 3458 1355 δ’,
3491 1292 3536 1345 si
3569 1292 3635 1345 de

2051 1380 2137 1435 illa
2163 1384 2356 1437 arbore
2381 1383 2744 1449 gustaveritis,
2796 1384 3058 1452 evestigio
3106 1383 3218 1450 illa,
3246 1386 3479 1439 maxima
3506 1401 3631 1437 cum

2051 1473 2328 1538 aviditate,
2360 1483 2581 1542 accepto
2626 1473 2805 1529 fructu
2858 1476 3219 1531 vescebatur:
3249 1491 3420 1547 quare
3444 1476 3631 1531 existi-

2050 1564 2306 1619 mandunt
2348 1582 2452 1619 non
2480 1575 2587 1633 est,
2621 1567 2726 1621 cibi
2763 1566 2910 1622 illius
2975 1582 3168 1637 sapore
3200 1568 3433 1622 illectam
3467 1567 3630 1621 Evam

2054 1656 2285 1709 violasse
2315 1657 2599 1724 imperium
2647 1656 2739 1712 Dei
2753 1699 2765 1718 .
2795 1658 2888 1712 sed
2920 1658 3063 1727 quod
3102 1668 3345 1729 speraret
3389 1675 3446 1713 se
3470 1660 3630 1713 dcam

2052 1745 2191 1805 fore.
2218 1747 2675 1818 divinitatemque
2729 1749 3030 1815 ati‘ectaret,
3063 1761 3118 1805 et
3162 1751 3334 1821 ipsam
3375 1753 3553 1807 edisse
3580 1760 3635 1804 ct

371 1860 491 1898 runt
525 1846 651 1911 quia
691 1846 876 1900 nonin
919 1846 1049 1912 ipsis
1093 1846 1249 1910 cibis,
1289 1847 1380 1900 sed
1424 1845 1477 1899 in
1508 1861 1698 1901 eorum
1739 1848 1829 1917 qui
1864 1845 1951 1901 bis
1980 1830 2025 1890 Β
2055 1839 2171 1891 viro
2216 1840 2548 1905 ttorrctissc-
2594 1839 2701 1895 Sed
2755 1857 2931 1910 neque
2976 1842 3247 1897 Adamum
3305 1854 3399 1898 aut
3453 1844 3630 1898 fructu

371 1944 671 1988 vescuntur
698 1937 1032 1990 conscientia
1054 1978 1068 2000 ,
1100 1952 1188 1991 res
1212 1936 1312 1991 sita
1346 1946 1429 1992 cst
1456 1938 1522 1992 ".
1554 1936 1747 2006 itaque
1779 1938 1948 1991 Adam

367 2041 477 2080 non
510 2043 576 2080 ex
616 2027 829 2081 arboris
857 2028 927 2082 de
983 2044 1090 2097 qua
1135 2029 1375 2099 gustavit
1407 2031 1584 2096 pretio
1621 2029 1952 2100 dignitateve

367 2121 585 2189 agnovit
618 2118 874 2172 delictum
907 2134 1089 2182 suum,
1117 2118 1211 2173 sed
1239 2134 1302 2174 ex
1339 2120 1454 2189 ipsa
1484 2134 1582 2174 sua
1620 2120 1947 2186 rebellione;

368 2211 699 2278 punitusque
729 2219 813 2264 est
849 2208 1005 2277 plane
1049 2225 1158 2264 non
1193 2226 1290 2281 pro
1314 2211 1513 2281 gustati
1576 2211 1684 2267 cibi
1730 2221 1946 2276 natura,

368 2301 460 2357 scd
494 2312 718 2371 propter
747 2302 1003 2357 violatam
1053 2303 1245 2374 legem.
1272 2306 1482 2373 Quippe
1519 2304 1570 2357 iu
1603 2305 1949 2360 observanda

370 2404 460 2447 aut
525 2394 774 2449 violanda
824 2394 964 2465 lege,
992 2396 1175 2451 omnis
1222 2395 1433 2464 iustitia
1473 2398 1723 2451 consistit
1782 2408 1949 2467 atque

370 2483 673 2553 iniustitia;
714 2500 820 2539 non
854 2496 1031 2539 autem
1064 2486 1120 2540 in
1153 2500 1217 2540 ea
1255 2502 1311 2542 re
1344 2488 1411 2541 de
1434 2502 1537 2555 qua
1574 2487 1657 2541 lex
1695 2489 1811 2556 ipsa
1844 2489 1948 2542 luta

366 2586 466 2630 est.
531 2576 654 2631 Fuit
694 2576 860 2646 igitur
908 2576 1046 2633 ﬁcus
1110 2578 1273 2633 arbor
1307 2580 1396 2633 ills
1455 2580 1697 2635 scientia
1742 2581 1867 2635 boni
1895 2572 1951 2636 εί

368 2671 520 2736 mali,
548 2670 616 2724 de
641 2685 748 2740 qua
800 2672 1121 2727 vescebatur
1159 2670 1419 2728 Adamus.
1456 2670 1553 2726 llic
1588 2689 1779 2727 rursus
1808 2674 1949 2746 objio

365 2762 469 2816 ciet
494 2762 692 2831 aliquis
718 2780 731 2816 :
761 2760 817 2817 Si
844 2771 1068 2819 mortem
1107 2764 1287 2818 attulit
1320 2765 1447 2819 Adai
1491 2774 1705 2836 gustata
1748 2766 1939 2830 arbor,

364 2854 561 2908 merito
617 2868 717 2923 pro
756 2854 1025 2909 homicida
1080 2854 1328 2911 habenda
1400 2855 1600 2925 Deique
1640 2858 1794 2913 ltoste
1824 2869 1944 2927 est;

362 2958 487 2999 cum
526 2946 615 3000 hic
660 2945 929 3000 Adamum
968 2948 1272 3002 condiderit
1301 2951 1519 3018 vitaque
1552 2950 1791 3013 donarit.
1845 2952 1935 3006 illa

364 3038 659 3107 perdiderit
696 3051 750 3093 et
801 3041 969 3093 vitam
1018 3041 1300 3111 eripuerit.
1349 3041 1452 3095 Sed
1507 3042 1572 3095 ad
1624 3042 1730 3097 ltoc
1788 3042 1946 3098 facile

364 3130 744 3200 respondetur,
786 3145 892 3185 non
922 3131 1152 3186 arboreo
1186 3131 1278 3187 sed
1312 3134 1661 3189 rebellionem
1695 3136 1941 3192 attulisse

2052 1929 2292 1998 ciboque
2348 1930 2446 1984 illo
2496 1931 2798 1986 inescatunt
2871 1934 3237 1990 transilivisse
3282 1947 3633 2007 pnrceptum,

2048 2034 2174 2073 cum
2223 2031 2409 2076 essent
2435 2020 2490 2076 in
2527 2023 2783 2091 paradiso
2819 2023 3071 2092 plurimm
3112 2026 3339 2081 arbores
3366 2029 3486 2081 alia:
3515 2029 3636 2098 qui-

2050 2110 2152 2169 bus
2202 2115 2306 2168 sibi
2355 2115 2630 2169 libidinem
2677 2118 2743 2184 (si
2802 2131 2864 2168 ca
2925 2117 3099 2186 ipsum
3156 2127 3301 2172 tanta
3352 2119 3635 2188 tenuisset)

2050 2203 2325 2257 exsatiare
2364 2206 2649 2273 potuisset,
2685 2214 2779 2258 aut
2814 2209 3040 2261 omnino
3066 2208 3236 2263 ullius
3265 2224 3403 2264 escae
3436 2214 3630 2278 gratia,

2051 2308 2236 2367 spreto
2272 2306 2438 2367 atque
2491 2300 2738 2368 neglecto
2768 2300 2877 2355 Deo
2907 2301 3188 2356 conditore
3213 2316 3336 2365 suo,
3355 2303 3635 2371 obtempe-

2053 2387 2265 2442 ravisse
2319 2388 2582 2445 insidioso
2631 2393 2862 2446 dannuni
2905 2409 2918 2444 :
2960 2393 3055 2447 sed
3097 2393 3408 2462 perculsum
3464 2393 3627 2447 etiam

2052 2476 2229 2544 ipsum
2293 2478 2595 2534 divinitatis
2658 2481 2961 2538 ambitione
3027 2483 3435 2551 praevaricatum
3490 2498 3634 2548 esse,

2051 2568 2224 2634 deque
2254 2570 2417 2623 vetita
2441 2572 2635 2627 arbore
2661 2574 2860 2629 edisse.
2886 2573 2996 2628 Nisi
3028 2575 3176 2630 enim
3218 2576 3307 2629 illa
3347 2576 3635 2630 allectiono

2052 2662 2427 2729 perturbatum
2459 2663 2704 2718 animum
2742 2665 3059 2731 habuisset,
3102 2667 3298 2733 inquit,
3328 2667 3485 2724 facile
3515 2669 3633 2723 lta'c

2054 2766 2221 2825 atque
2253 2755 2567 2825 bujusmodi
2598 2758 2700 2811 alia
2726 2759 3071 2829 opposuisset
3098 2760 3251 2814 uxOri
3277 2771 3631 2833 argumenta:

2049 2843 2160 2900 Cur
2193 2861 2300 2899 non
2337 2861 2559 2915 serpens
2600 2848 2690 2913 qui
2737 2850 2895 2904 nobis
2934 2850 3273 2904 divinitatem
3313 2865 3379 2905 ex
3436 2852 3631 2907 arbore

2049 2944 2260 3006 gustata
2308 2938 2598 3007 promittit,
2627 2940 2740 3009 ipse
2781 2941 2929 3009 prior
2954 2942 3089 3002 edit.
3132 2942 3378 3012 deusque
3422 2944 3633 2999 evasit?

2045 3027 2163 3082 Jam
2198 3045 2323 3084 vero
2351 3046 2525 3100 neque
2558 3043 2628 3093 te.
2659 3043 2717 3087 ut
2755 3033 2939 3096 edisti,
2996 3032 3155 3088 dcam
3196 3033 3391 3090 factum
3430 3036 3627 3091 video:

2043 3121 2136 3189 qui
2184 3120 2387 3190 possim
2417 3137 2545 3191 ergo
2587 3123 2699 3191 ipse
2728 3123 3060 3179 divinitatem
3096 3140 3318 3196 sperare
3348 3126 3393 3181 si
3422 3126 3580 3180 edam
3607 3126 3631 3179 τ

361 3179 593 3276 mur-lem
648 3179 875 3277 Ααξηηο,
922 3221 1059 3285 Nam
1113 3235 1168 3277 ει
1217 3225 1271 3278 in
1321 3226 1435 3293 lege
1494 3225 1759 3280 scribitur
1788 3244 1801 3281 ε
1837 3226 1941 3292 Qui
1968 3179 2012 3235 ο
2046 3212 2129 3277 Et,
2162 3213 2254 3282 qui
2296 3214 2471 3269 valeat
2502 3215 2685 3281 arbor,
2711 3231 2832 3287 qua:
2863 3220 3026 3272 etiam
3062 3219 3257 3290 spiritu
3287 3228 3454 3282 caret,
3489 3218 3626 3276 deos

361 3312 656 3365 maledictis
699 3328 824 3365 usus
853 3313 1096 3381 fueritin
1119 3324 1321 3383 patre-tt
1351 3325 1443 3369 aut
1477 3330 1699 3369 matrem
1742 3320 1943 3371 moria-

362 3413 450 3457 tur
473 3403 545 3456 “.
573 3401 743 3457 Nemo
768 3412 949 3458 tamen
997 3405 1203 3459 dixerit
1248 3407 1367 3476 ipsa
1413 3408 1726 3475 maledicta,
1761 3412 1809 3464 ei
1843 3410 1939 3480 qui

360 3495 495 3565 ipsis
534 3504 817 3562 parentem
871 3496 1191 3561 insectatur,
1240 3509 1468 3553 mortem
1505 3500 1770 3568 inﬂigerc,
1816 3501 1941 3554 ani-

361 3600 616 3655 mamque
651 3584 772 3655 ejus
807 3601 838 3640 a
868 3602 1098 3656 corpore
1122 3586 1423 3643 divellere:
1459 3589 1552 3644 sed
1587 3590 1939 3659 impietatem,

360 3675 435 3730 illi
486 3691 610 3731 esse
659 3675 852 3730 mortis
891 3692 1141 3733 causam.
1181 3677 1260 3731 Ad
1299 3678 1422 3739 hoc.
1450 3679 1507 3732 in
1543 3677 1745 3743 iloreb,
1794 3693 1943 3734 mors

359 3768 801 3841 pmStituebatur
846 3772 1083 3840 populo,
1114 3771 1364 3840 quisquis
1400 3787 1551 3826 oram
1600 3772 1803 3826 montis
1855 3771 1941 3826 Si-

358 3861 449 3914 uai
517 3860 855 3929 contingeret
891 3860 934 3891 "
973 3878 987 3914 :
1026 3862 1445 3931 haudquaquam
1512 3873 1690 3917 tamen
1741 3864 1936 3918 existi-

361 3951 618 4004 mandum
671 3960 772 4014 est,
806 3967 835 4004 a
866 3962 1050 4005 monte
1101 3951 1248 4006 Siuai
1304 3970 1634 4024 quemquam
1694 3956 1935 4010 occisum

357 4056 503 4104 esse,
535 4042 629 4096 sed
658 4043 835 4110 potius
865 4060 895 4096 a
927 4053 1197 4113 praecepto
1243 4045 1463 4101 violato.
1497 4045 1735 4116 Denique
1769 4048 1813 4101 si
1844 4064 1937 4103 rex

358 4132 580 4202 aliquis,
612 4133 830 4188 civitate
871 4136 972 4188 bac
1002 4144 1095 4188 aut
1148 4135 1270 4199 illa,
1303 4137 1467 4191 alicui
1516 4137 1621 4191 sub
1667 4139 1937 4207 supplicio

358 4224 574 4294 capitali
605 4226 967 4287 interdixerit,
1002 4226 1213 4280 accidat
1254 4242 1416 4296 porro
1447 4238 1505 4282 ut
1547 4229 1592 4283 is
1625 4245 1690 4283 ea
1721 4229 1938 4285 civitate

359 4327 468 4367 non
517 4313 818 4374 abstineat.
854 4330 917 4367 ac
952 4317 1178 4384 proinde
1229 4318 1402 4386 capite
1431 4317 1737 4387 puniatura
1772 4333 1935 4387 rego:

357 4404 485 4475 quis
537 4405 688 4458 illum
743 4405 943 4459 dixerit
972 4422 1000 4460 a
1032 4407 1251 4461 civitate
1287 4407 1637 4464 interfeCtum
1679 4425 1820 4475 esse,
1873 4426 1937 4465 ac

360 4509 471 4549 non
525 4496 712 4563 potius
749 4511 845 4550 sua
879 4497 1056 4565 ipsum
1104 4497 1399 4554 rebellione
1454 4501 1723 4569 periisse?
1753 4500 1938 4571 Neque
1970 4493 2014 4549 Ι)

359 4601 488 4639 vero
529 4602 728 4641 manna
765 4588 1157 4654 lsraelitarum,
1186 4592 1329 4658 quod
1363 4590 1582 4646 Sabbati
1631 4601 1789 4647 nocte
1818 4608 1937 4647 ser-

360 4688 542 4732 vatum
581 4692 687 4731 non
722 4681 1088 4747 putrescebat,
1125 4681 1347 4748 reliquis
1382 4698 1511 4737 vero
1542 4684 1790 4737 noctibus
1812 4699 1937 4740 cor-

361 4770 873 4837 rumpebatur;ch
928 4773 1043 4841 ipsa
1098 4770 1321 4827 Sabbati
1368 4790 1474 4828 nox
1528 4777 1813 4839 servabat,
1857 4776 1937 4830 vel

359 4871 568 4915 canente
618 4863 913 4931 perdebant
965 4880 978 4916 :
1034 4865 1129 4919 sed
1165 4879 1231 4918 ex
1297 4865 1584 4921 observato
1633 4868 1938 4937 violatoque

358 4960 629 5023 praecepto
662 4969 747 5009 res
779 4964 892 5007 tota
938 4957 1206 5024 pendebat
1241 4957 1307 5012 “.
1334 4956 1450 5012 Non
1507 4958 1671 5028 igitur
1720 4960 1929 5013 Adamo

361 5043 439 5097 vel
471 5045 657 5107 arbor,
691 5046 773 5099 vel
806 5054 1049 5115 gustatus
1081 5046 1291 5103 fructus
1322 5058 1547 5104 mortem
1582 5050 1810 5121 peperit,
1840 5050 1935 5105 sed

359 5136 474 5203 ipsa
505 5133 750 5189 rebellio.

426 5228 696 5280 Caeterum
741 5226 1073 5284 Pliiluxenus
1127 5227 1473 5299 Mabugensis
1504 5234 1557 5285 in
1586 5246 1647 5286 ea
1686 5242 1769 5288 est
1806 5248 1927 5289 sen-

362 5319 547 5383 tentia,
584 5330 641 5372 ut
693 5330 841 5388 putet
900 5335 1075 5390 neque
1130 5323 1378 5377 arborem
1432 5323 1575 5377 illam
1629 5324 1930 5380 fructumve

361 5419 633 5479 gustatum
675 5411 926 5465 attulisse
976 5423 1210 5467 mortem
1257 5414 1445 5481 primis
1490 5417 1851 5482 parentibus:
1886 5418 1931 5472 si

361 5502 527 5567 enim,
570 5502 771 5569 inquit,
800 5517 923 5556 esca
965 5506 1046 5557 sic
1077 5504 1196 5557 illus
1227 5515 1525 5570 cneraSsct,
1558 5518 1613 5559 ιιι
1652 5508 1828 5561 herba:
1860 5510 1932 5561 le.

434 5706 475 5734 "‘
502 5704 540 5759 ll
579 5705 750 5762 Maclt.
790 5724 838 5761 Vl
878 5717 933 5761 et
966 5725 1076 5772 vn;
1117 5708 1287 5762 Levit.
1319 5725 1369 5763 XI
1399 5728 1413 5776 ;
1444 5710 1600 5765 Deut.
1634 5727 1742 5764 nv.
1778 5710 1819 5743 ”
1858 5710 1873 5764 Ι
1917 5714 2036 5764 (iur.
2078 5728 2129 5771 κ,
2163 5713 2231 5764 :25
2258 5729 2412 5779 seqq.

449 5776 593 5809 ιὐυι
646 5794 728 5809 -ιιι
792 5779 850 5809 ιι
888 5794 1017 5809 ειη.--
1062 5796 1070 5806 -
1105 5780 1238 5809 Νη...
1293 5795 1341 5809 ιι.
1397 5780 1459 5809 ’1.
1496 5782 1621 5809 “....-
1685 5797 1773 5809 ....
1840 5783 1896 5809 si:
2004 5784 2043 5809 λιι
2075 5783 2109 5809 ι·
2243 5798 2298 5809 ..-
2361 5783 2387 5809 l':

2004 5784 2043 5813 δι’
2074 5783 2206 5835 (ἐμ-ιι.
2242 5798 2322 5847 Ill,
2358 5783 2409 5834 ii.

372 5774 418 5808 υ
446 5776 615 5832 Exod.
642 5794 753 5844 avt,
792 5779 855 5832 Η
888 5794 1073 5849 seq-1.;
1104 5780 1264 5833 Nunt.
1293 5795 1365 5844 at,
1397 5774 1461 5847 7;
1495 5782 1645 5835 Deut.
1685 5797 1797 5842 \ill,
1840 5783 1917 5835 lti.

2041 3302 2255 3359 edicere
2300 3306 2392 3374 qui
2439 3322 2500 3361 se
2548 3307 2883 3362 vescantur?
2916 3310 3072 3378 quasi
3119 3326 3245 3365 vero
3298 3327 3459 3366 suum
3509 3312 3625 3381 ipsa

2046 3401 2269 3461 superet
2315 3394 2661 3449 cll‘ectorcml
2707 3398 2900 3452 \‘erum
2937 3398 3070 3452 niltil
3102 3399 3206 3453 tale
3236 3401 3510 3469 respondit
3539 3400 3629 3455 illc

2046 3484 2223 3547 uxori,
2250 3499 2424 3554 neque
2456 3502 2580 3539 cum
2613 3487 2730 3555 ipsa
2787 3499 2953 3543 estea
2985 3490 3052 3542 de
3090 3504 3147 3542 re
3176 3502 3624 3561 argmtn-ntatus:

2045 3574 2304 3629 nimirum
2356 3577 2448 3646 qui
2493 3578 2656 3632 etiam
2694 3579 2812 3649 ipse
2837 3580 3136 3636 divinitatis
3165 3582 3418 3652 cupidine
3452 3586 3627 3640 victus

2045 3681 2139 3735 per
2174 3669 2484 3723 vecordiam
2540 3671 2848 3725 tenebatur.
2895 3672 3139 3726 Etlicitur
3184 3674 3403 3742 itaque,
3450 3690 3626 3744 neque

2044 3758 2294 3813 arborem
2319 3760 2601 3816 arborisve
2631 3761 2864 3817 fructum
2902 3765 2983 3816 Vel
3010 3780 3213 3828 escam,
3240 3782 3418 3835 neque
3449 3766 3627 3823 rebel-

2040 3850 2237 3905 lionem
2271 3852 2515 3907 attulisse
2550 3854 2740 3921 primis
2764 3855 2967 3914 nostris
3009 3856 3322 3925 parentibus
3353 3857 3604 3925 exitium,

2041 3944 2136 3996 sed
2189 3944 2369 4013 ipsum
2422 3960 2614 4000 eorum
2667 3948 2912 4001 animum
2963 3964 3073 4018 quo
3105 3950 3621 4020 prtevaricabantur,

2048 4038 2155 4091 boc
2188 4048 2292 4101 eat,
2323 4039 2494 4108 ipsam
2527 4039 2831 4095 divinitatis
2865 4042 3238 4097 ambitionem.
3269 4042 3401 4097 Nam
3432 4044 3621 4099 eadem

2053 4129 2355 4184 ambitione
2385 4130 2636 4187 diabolus
2675 4149 2891 4202 quoque
2936 4148 3060 4189 cum
3104 4136 3219 4191 suis
3264 4138 3440 4205 copiis
3485 4138 3625 4192 deli-

2038 4224 2152 4292 quit
2184 4240 2196 4274 :
2233 4223 2606 4278 dicebatenim
2635 4240 2649 4280 :
2681 4224 2882 4279 Ponant
2906 4228 3081 4281 sedem
3109 4244 3457 4296 meamsupru
3500 4231 3627 4283 stet.

2039 4312 2119 4367 Ias
2160 4311 2276 4373 Dei.
2308 4323 2358 4367 et
2388 4330 2477 4367 ero
2499 4314 2686 4368 similis
2710 4316 2984 4370 Altissimo
3008 4318 3091 4385 ";
3121 4328 3283 4389 atque
3309 4320 3379 4375 ob
3412 4323 3512 4377 boc
3544 4326 3627 4393 ip-

2040 4420 2158 4459 sum
2175 4414 2451 4474 peccatum
2476 4407 2615 4459 cmlo
2641 4407 2909 4463 deturbati
2930 4409 3353 4479 praecipitatique
3372 4425 3499 4467 sunt
3522 4414 3619 4469 illi.

2116 4493 2392 4549 llacteuus
2436 4497 2791 4553 Pliiloxenus.
2847 4498 2954 4554 Sed
3004 4516 3104 4555 nos
3147 4502 3402 4567 dicimus,
3449 4505 3620 4575 ipsam

2044 4590 2548 4658 praevaricationem
2604 4589 2771 4644 luisse
2798 4605 3017 4645 causam
3052 4596 3239 4647 mortis
3269 4595 3507 4657 Adamo.
3541 4597 3620 4650 id-

2041 4697 2147 4751 que
2179 4682 2389 4737 duabus
2442 4682 2750 4736 rationibus
2799 4685 3245 4753 comprobamus,
3279 4702 3507 4755 quarunt
3553 4704 3619 4742 cx

2044 4774 2138 4827 Dei
2203 4776 2367 4828 verbo
2415 4783 2632 4844 sumpta
2714 4774 2828 4829 Inec
2871 4787 2977 4830 cst.
3009 4776 3232 4831 Dicebat
3278 4779 3422 4831 enim
3479 4778 3619 4836 Deus

2040 4864 2251 4918 Atlamo
2284 4881 2297 4917 :
2336 4862 2452 4930 Quo
2486 4866 2571 4918 die
2609 4862 2896 4918 comederis
2946 4874 3000 4917 tu
3046 4866 3107 4918 de
3146 4868 3352 4930 arbore.
3402 4879 3619 4925 mortem

2038 4974 2081 5021 ο,
2104 4966 2243 5027 petes
2270 4957 2339 5009 ⁸⁸.
2369 4957 2551 5010 Altera
2579 4955 2694 5012 hac
2722 4965 2805 5011 est
2829 4973 2844 5011 :
2873 4955 2927 5011 Si
2960 4957 3259 5013 divinitatis
3291 4976 3387 5030 spe
3415 4962 3617 5029 oblata,

2037 5046 2248 5099 diunon
2280 5060 2385 5100 non
2414 5046 2677 5116 quivissct
2729 5045 2995 5099 Adamum
3029 5059 3197 5117 atque
3235 5047 3397 5103 Evam
3453 5051 3615 5106 sedu-

2036 5153 2178 5199 cere,
2212 5137 2399 5205 procul
2432 5138 2598 5192 dubio
2630 5138 3036 5194 immortalitate
3068 5141 3333 5207 promissa
3368 5144 3619 5212 impulis-

2042 5238 2123 5283 sct
2150 5228 2215 5281 ad
2261 5228 2777 5297 prmvaricandum;
2835 5232 3091 5300 atqueita
3152 5235 3346 5301 quovis
3398 5236 3613 5290 tandem

2040 5324 2201 5377 tundo
2258 5323 2331 5377 illi
2366 5322 2684 5378 incidissent
2725 5324 2775 5377 in
2821 5335 3049 5379 mortem
3086 5328 3284 5381 violato
3314 5329 3403 5383 Dei
3446 5330 3617 5400 impc-

2041 5416 2141 5481 rio,
2168 5430 2329 5485 quam
2361 5417 2475 5485 ipse
2508 5419 2679 5470 fuerat
2700 5418 2779 5470 eis
2806 5419 3202 5484 comminatus;
3234 5418 3457 5489 fregisse
3485 5438 3615 5492 ergo

2044 5516 2371 5577 praeceptum
2429 5508 2541 5570 lici,
2576 5507 2678 5563 fuit
2726 5510 2856 5578 ipsis
2882 5510 3034 5565 cxitii
3088 5526 3272 5566 causa.
3333 5511 3437 5567 Sed
3487 5528 3608 5579 cur,

2492 5712 2536 5741 ⁵⁸⁸
2574 5713 2736 5766 Exod.
2773 5729 2886 5775 κει,
2929 5714 3008 5767 l7.
3088 5715 3131 5743 "
3165 5715 3333 5769 Evoti.
3368 5733 3477 5781 sn,
3516 5718 3602 5772 lxi.

2491 5783 2533 5812 "
2562 5783 2663 5837 l‘it.
2701 5800 2806 5847 λιν,
2834 5786 2848 5835 l
2872 5783 2914 5839 ἱ.
2994 5786 3033 5812 Μ
3068 5784 3196 5839 Gen.
3229 5802 3287 5849 ll,
3334 5788 3412 5838 Π.
