4054 6138
365 288 469 353 507

1645 292 1875 354 MOSIS
1911 292 2064 354 ΒΑΗ
2103 292 2347 359 (ῙΕΡΗᾹ

3526 296 3631 361 508

367 403 644 472 inquiunt,
691 405 949 475 imposuit
979 405 1119 463 Deus
1146 406 1357 464 Adamn
1392 408 1587 478 legem,
1617 420 1781 477 quam
1813 420 1945 476 prze-
1978 407 2023 466 Α
2054 403 2143 461 illa
2168 407 2367 463 arbore
2394 413 2560 475 esset,
2604 407 2657 464 in
2692 409 2909 467 animas
2948 424 3139 467 eorum
3170 411 3263 484 qui
3303 411 3396 467 illo
3423 413 3635 470 aleren-

367 496 574 552 sciebat
620 497 800 568 ipsum
855 514 965 555 non
1022 515 1143 557 esse
1195 500 1650 557 observaturum?
1698 500 1951 558 Proiecto

370 585 473 641 nisi
513 586 597 641 lex
642 586 717 640 illi
762 585 953 644 fuisset
996 592 1145 655 data,
1184 589 1237 644 in
1285 591 1459 645 multo
1518 589 1696 658 majus
1745 588 1947 642 malum

375 679 683 745 incidisset,
717 694 881 751 quam
928 680 1118 737 incidit
1141 682 1309 738 Satan
1346 697 1358 736 :
1392 682 1703 752 praisertim.
1732 697 1855 736 cum
1894 681 1947 735 in

369 777 481 822 tam
528 771 694 841 regali
731 784 1041 829 versaretur
1080 776 1300 845 palatio,
1336 775 1454 845 ipso
1490 774 1739 844 paradiso
1772 772 1952 829 omni-

367 860 474 913 bus
506 860 718 918 deliciis
748 862 1023 931 aliinente,
1066 866 1329 935 imperata
1368 875 1450 920 est
1484 880 1615 936 ergo
1647 865 1719 918 illi
1753 864 1836 919 lex
1860 863 1951 921 cui

370 969 480 1007 non
505 968 625 1014 erat
652 958 1145 1024 obsecundaturus,
1180 973 1247 1013 nc
1280 960 1331 1011 in
1360 956 1539 1027 majus
1580 958 1785 1011 malum
1818 972 1952 1026 pro-

370 1046 669 1113 laberetur,
692 1065 856 1119 quam
882 1049 1005 1106 data
1031 1050 1145 1121 lege
1179 1050 1308 1105 ruit.
1345 1049 1485 1106 Sunt
1508 1063 1637 1103 vero
1660 1048 1780 1104 aliae
1798 1063 1953 1105 com-

371 1142 554 1209 plures
616 1145 854 1202 rationes
903 1145 1323 1215 prmscribendae
1382 1146 1528 1200 illius
1578 1145 1713 1217 legis
1745 1162 1757 1198 :
1786 1158 1949 1216 quas,

370 1236 588 1291 volente
621 1238 749 1302 Deo,
777 1245 902 1310 post
934 1253 1127 1295 sumus
1148 1239 1491 1311 cxplicaturi.

442 1328 642 1385 Verum
675 1332 957 1387 enimvero
1011 1342 1223 1402 quaerat
1298 1331 1536 1401 aliquis,
1604 1347 1703 1389 cur
1756 1331 1952 1388 Adami

369 1432 652 1493 peccatum
683 1425 829 1495 quod
860 1425 1079 1496 quidem
1111 1439 1221 1480 non
1250 1425 1537 1482 videbatur
1564 1425 1951 1498 gravissimum

371 1514 667 1572 durissima
720 1518 793 1573 sit
845 1532 1009 1588 plena
1074 1525 1393 1582 consecuta,
1431 1518 1544 1588 ipsa
1592 1532 1763 1574 mors.
1814 1515 1955 1575 Huic

368 1605 550 1677 primo
588 1606 1005 1679 respondemus,
1049 1607 1223 1679 magis
1270 1608 1425 1663 illum
1469 1608 1757 1665 admisisse
1802 1606 1958 1680 ﬂagi-

367 1698 531 1765 tium,
579 1716 743 1773 quam
788 1701 1118 1774 pependisse
1168 1717 1385 1773 patriam
1423 1702 1762 1771 :multipiici
1805 1703 1952 1757 enirn

370 1809 640 1850 noxarum
666 1809 864 1867 genere
911 1795 1137 1852 rebellio
1179 1796 1269 1852 illa
1295 1796 1605 1858 constabat.
1643 1795 1955 1861 inscientia,
1990 1772 2032 1829 Β

370 1901 576 1953 errore,
604 1888 886 1959 superbia,
925 1887 1331 1954 incredulitate,
1370 1887 1670 1951 calumnia,
1704 1898 1956 1943 conteru-

369 1990 465 2050 ptu
504 1980 762 2051 denique.
819 1980 1112 2038 lnscietia
1158 1981 1379 2054 quidem
1413 2022 1430 2047 ,
1482 1980 1608 2051 quia
1673 1981 1953 2049 intuentis,

374 2073 674 2143 bestiisque
702 2072 901 2130 similis
938 2074 1132 2140 evasit,
1164 2076 1261 2146 qui
1296 2075 1505 2145 alioqui
1547 2074 1817 2145 sapientia
1868 2084 1957 2129 at-

367 2180 479 2235 que
514 2165 727 2220 ratione
777 2165 1034 2235 pollebat.
1074 2165 1273 2224 Errore
1303 2182 1454 2230 vero.
1482 2166 1682 2239 quippe
1710 2165 1957 2221 insidiosi

368 2255 691 2328 impostoris
728 2257 815 2313 sui
845 2258 1029 2316 verbis
1080 2259 1341 2315 seductus
1370 2268 1475 2315 est.
1516 2258 1782 2328 Superbia
1812 2274 1954 2330 quo-

369 2365 503 2419 que,
543 2366 666 2406 nam
694 2350 1038 2408 divinitatem
1068 2351 1378 2409 allectabat.
1408 2351 1634 2423 insuper
1666 2353 1961 2408 increduli-

358 2452 498 2510 tate,
534 2458 644 2499 non
673 2444 931 2501 credebat
958 2445 1105 2502 enim
1136 2456 1403 2502 eventura
1434 2462 1497 2501 ea
1533 2463 1655 2517 qua:
1692 2447 1796 2502 sibi
1824 2461 1961 2501 suus

360 2537 620 2593 conditor
643 2536 787 2594 Deus
812 2548 930 2593 erat
950 2538 1356 2595 interminatus.
1376 2538 1677 2594 Calumniis
1701 2540 1959 2609 denique,

370 2641 427 2684 ut
459 2629 657 2698 quibus
690 2631 780 2686 ille
808 2646 971 2688 suum
1015 2642 1101 2689 est
1148 2632 1458 2690 insectatus
1499 2641 1804 2703 parentem.
1854 2633 1959 2687 Po-

362 2732 578 2777 stremo
632 2725 796 2779 etiam
874 2734 1236 2796 contemptu;
1299 2741 1425 2781 nam
1476 2726 1797 2795 imperatam
1853 2726 1960 2782 sibi

371 2816 545 2884 legem
578 2816 883 2886 viiipendit,
914 2819 1139 2887 sprevit,
1170 2819 1427 2889 neglexit.
1452 2817 1637 2887 Neque
1664 2819 1809 2874 enim
1844 2834 1962 2875 sce-

370 2909 504 2965 leris
531 2909 676 2965 illius
703 2910 1111 2966 existimatione
1142 2912 1474 2979 spectandus
1504 2920 1587 2966 est
1609 2910 1767 2965 cibus
1795 2926 1961 2981 quem

369 3004 627 3074 sntnpsit.
662 3003 756 3060 sed
787 3005 930 3073 quod
957 3014 1142 3074 spreto
1171 3019 1275 3061 suo
1311 3004 1570 3060 eli‘ectore
1619 3002 1753 3070 Deo,
1782 3006 1947 3075 hujus

2056 508 2166 566 tur,
2196 501 2304 557 vim
2327 503 2620 573 quamdam
2659 505 3069 581 emcaciamque
3099 509 3285 565 indere
3311 509 3576 576 divinam,
3604 528 3634 567 a

2053 595 2266 649 ceteris
2313 595 2509 651 anima:
2545 597 2757 655 viribus
2794 599 3106 665 diversam;
3151 602 3295 658 sicut
3348 605 3532 659 carnis
3569 619 3634 660 ac

2053 686 2168 742 vini
2194 687 2299 741 alia
2331 697 2415 744 est
2454 688 2510 745 in
2534 689 2777 746 humano
2805 706 3040 764 corpore
3063 693 3351 750 eiiicientia
3379 737 3394 759 ,
3425 695 3532 751 alia
3557 695 3637 750 le-

2055 780 2341 851 guminum
2373 798 2387 837 :
2414 783 2621 852 qumvis
2669 783 2857 841 divina
2906 785 3310 858 ellicacitasque
3356 787 3561 843 bonum
3604 802 3635 844 a

2055 874 2202 929 maio
2225 885 2497 933 secernat.
2526 874 2727 933 Eadem
2760 878 2928 947 igitur
2946 879 3111 935 etiam
3140 880 3351 936 ratione
3384 882 3633 937 arborem

2014 995 2019 1003 ι
2053 967 2180 1023 vita
2213 978 2487 1036 vocatam,
2511 970 2638 1041 quia
2663 972 2830 1026 vitam
2865 972 3227 1029 immortalem
3266 975 3641 1046 suppeditaret

2053 1058 2124 1117 iis
2155 1060 2251 1130 qui
2288 1074 2357 1117 ex
2404 1062 2521 1131 ipsa
2569 1061 2753 1117 cibum
2793 1063 3303 1134 nutrimentumque
3341 1074 3635 1135 caperent;

2055 1152 2219 1223 idque
2252 1151 2436 1207 divina
2478 1154 2737 1223 quapiam
2775 1153 3087 1210 efﬁcientia.
3120 1152 3271 1212 lianc
3309 1156 3638 1212 sententiam

2056 1244 2239 1304 limat
2273 1244 2572 1317 Numysius
2602 1246 2963 1319 philosOplins
3007 1245 3356 1304 Christianus
3383 1249 3465 1305 sic
3497 1249 3641 1305 scri-

2056 1334 2193 1392 bens
2228 1354 2243 1393 :
2280 1334 2363 1393 En
2404 1335 2577 1391 Adam
2620 1340 2784 1393 evasit
2815 1338 2994 1408 qualis
3021 1354 3159 1393 unus
3188 1357 3216 1395 ε
3263 1340 3417 1396 nobis
3441 1341 3514 1394 ad
3547 1357 3641 1396 co-

2054 1428 2407 1500 gnoscendum
2453 1430 2646 1485 bonum
2695 1439 2747 1484 et
2781 1431 3020 1495 malum;
3057 1447 3122 1486 ne
3183 1432 3351 1502 igitur
3392 1432 3643 1487 extendat

2055 1536 2277 1576 manum
2310 1538 2463 1577 suam
2488 1530 2542 1577 et
2575 1530 2753 1577 sumat
2781 1523 2844 1578 de
2870 1521 3059 1579 arbore
3086 1525 3234 1588 vitta.
3265 1533 3636 1595 rsscatarquc,

2054 1622 2106 1667 et
2135 1613 2273 1667 vivat
2288 1623 2536 1681 perpetuo
2553 1610 2619 1667 “.
2636 1609 2756 1668 Non
2776 1612 2894 1669 bazc
2911 1612 3130 1670 dicebat
3163 1611 3308 1671 Dens
3336 1628 3431 1685 per
3452 1614 3642 1670 odium

2059 1712 2226 1775 atque
2268 1704 2555 1768 invidiam,
2599 1704 2695 1760 sed
2744 1705 2878 1773 quia
2923 1706 3182 1778 indignus
3209 1715 3358 1763 esset
3397 1705 3645 1764 Adamn:

2062 1796 2154 1866 qui
2186 1796 2349 1850 vitam
2382 1799 2775 1866 sempiternam
2805 1805 3252 1867 consequeretur,
3282 1796 3483 1868 quippe
3510 1811 3648 1854 con-

2062 1900 2144 1945 tra
2177 1906 2337 1961 quem
2378 1889 2489 1960 jam
2524 1899 2649 1944 ante
2682 1890 2789 1945 lata
2834 1889 3016 1947 fuerat
3045 1890 3333 1959 _sententia
3364 1908 3382 1948 :
3422 1888 3488 1947 In
3517 1892 3647 1963 pul-

2060 2000 2231 2040 uerem
2258 1984 2528 2040 reverteris
2552 1983 2885 2041 ".Semovit
2924 1984 3107 2055 itaque
3155 1984 3312 2040 illum
3335 1985 3407 2041 ab
3450 1984 3651 2044 arbore

2062 2077 2207 2141 vitae,
2243 2090 2311 2131 ne
2342 2076 2410 2132 de
2448 2075 2540 2132 illa
2576 2073 2760 2130 cibum
2807 2084 3055 2131 sumeret
3087 2094 3101 2132 :
3128 2078 3221 2148 qui
3262 2077 3419 2133 cibus
3456 2077 3649 2133 divino

2063 2171 2285 2225 decreto
2334 2169 2408 2226 illi
2458 2178 2606 2228 esset
2635 2168 2924 2225 adversus.
2949 2167 3075 2225 Haec
3123 2169 3213 2226 ille
3257 2169 3646 2241 philosophus.

2061 2264 2263 2336 quibus
2289 2262 2424 2320 satis
2452 2262 2631 2320 innuit
2670 2263 2993 2319 existimare
3023 2277 3107 2328 se,
3156 2262 3431 2333 ejusmodi
3477 2260 3652 2319 fuisse

2061 2372 2183 2412 eam
2204 2356 2460 2414 arborem
2483 2365 2542 2412 ut
2566 2357 2734 2413 vitam
2756 2356 2914 2412 daret
2934 2356 3002 2412 iis
3021 2354 3113 2428 qui
3144 2356 3323 2427 ipsam
3343 2365 3647 2428 gustare-nt.

2064 2448 2330 2504 Dominus
2354 2461 2483 2501 vero
2516 2444 2757 2503 Jacobus
2790 2444 3145 2517 Sarugensis.
3171 2446 3422 2503 oratione
3452 2462 3552 2503 sua
3578 2447 3654 2505 do

2062 2542 2235 2611 ejecta
2274 2540 2569 2597 Adamoex
2598 2540 2876 2608 paradiso,
2896 2540 3027 2596 dicit
3069 2538 3184 2595 ﬁeri
3213 2554 3375 2609 posse.
3397 2548 3459 2596 ut
3486 2539 3654 2595 arbor

2066 2635 2159 2690 illa
2192 2635 2357 2689 vitam
2385 2634 2618 2690 allatura
2650 2633 2819 2689 fuerit
2852 2632 3224 2687 immortalem
3266 2630 3477 2687 Adamo
3500 2632 3548 2689 si
3580 2632 3657 2687 de

2062 2742 2127 2782 ea
2156 2726 2378 2788 edisset.
2428 2737 2717 2799 propterea
2757 2726 2904 2796 quod
2972 2724 3299 2795 mysterium
3349 2725 3552 2781 Christi
3594 2727 3654 2780 in

2065 2821 2155 2876 illa
2184 2821 2395 2881 lateret.
2438 2836 2503 2876 ac
2543 2820 2774 2892 proinde
2811 2820 3029 2874 occulta
3074 2817 3313 2887 quadam
3359 2815 3656 2873 eliicientia

2064 2914 2240 2985 ipsius
2294 2913 2504 2969 fructus
2554 2912 2806 2983 ramique
2859 2911 3175 2981 pollerent,
3220 2924 3345 2967 cum
3399 2910 3659 2968 Christus

2066 3008 2184 3076 ipse
2209 3016 2403 3075 suapte
2432 3016 2627 3061 natura
2654 3006 2757 3061 vita
2798 3004 2890 3067 sit,
2914 3018 2979 3059 ac
3014 3003 3328 3075 ubicunque
3376 3001 3469 3060 ille
3499 3001 3663 3063 adest

366 3095 526 3167 iussa
558 3095 775 3151 violarit
796 3114 809 3150 :
830 3106 1023 3153 contra
1046 3110 1179 3154 vero
1204 3096 1452 3153 insidiosi
1480 3096 1657 3182 hostis
1688 3098 1772 3153 sui
1798 3098 1960 3154 verba
1986 3135 2033 3196 ϐ
2069 3098 2124 3154 in
2156 3100 2482 3170 propinquo.
2518 3098 2671 3155 illinc
2702 3099 2860 3170 longe
2886 3097 3028 3153 absit
3062 3111 3234 3152 mors.
3263 3093 3332 3151 Et
3351 3111 3485 3153 vero
3514 3096 3662 3153 lianc

372 3190 563 3260 magni
597 3188 827 3256 i’eccrit;
866 3190 918 3245 id
951 3206 1083 3247 vero
1106 3190 1160 3246 in
1197 3193 1466 3248 rationein
1500 3193 1806 3247 vocandum
1855 3204 1963 3260 est,

364 3282 499 3339 inde
515 3281 799 3353 ﬂagitium.
826 3282 959 3340 Illud
985 3299 1240 3358 magnum
1268 3284 1371 3342 fuit
1385 3296 1442 3342 et
1457 3290 1780 3357 gravissima
1805 3303 1964 3359 pcena

372 3374 634 3448 piandum
672 3389 779 3439 non
813 3375 868 3432 in
899 3375 1027 3432 Adae
1056 3387 1222 3449 caput
1270 3379 1445 3435 solum
1470 3420 1485 3445 ,
1519 3379 1616 3435 sed
1657 3380 1710 3436 in
1741 3396 1963 3437 omnem

377 3484 606 3539 prorsus
644 3469 1022 3540 posteritatem
1060 3480 1375 3541 propagata.
1395 3468 1556 3527 Sicut
1589 3471 1836 3539 etEsas,
1866 3474 1962 3545 qui

373 3563 458 3631 (ut
489 3563 564 3617 ait
600 3562 897 3632 Apostolus
919 3564 993 3632 ")
1034 3579 1136 3618 non
1168 3562 1367 3620 invenit
1400 3564 1576 3621 locum
1599 3568 1963 3635 paenitentiae;

374 3671 486 3712 non
517 3672 673 3723 sane,
703 3656 832 3726 quia
881 3670 994 3711 rem
1040 3657 1355 3727 quampiam
1405 3656 1726 3714 inusitatam
1775 3674 1966 3717 come-

376 3749 547 3806 disset
596 3750 790 3821 (lentes
835 3750 979 3806 enim
1031 3750 1195 3805 inodo
1221 3750 1459 3817 ederat),
1488 3752 1582 3807 sed
1624 3752 1770 3822 quod
1818 3760 1965 3809 esset

377 3860 494 3900 suae
536 3845 951 3899 obsecundatus
996 3844 1306 3915 cupiditati,
1352 3852 1748 3916 auctoremque
1796 3861 1959 3902 suum

374 3936 546 3994 Deum
582 3937 1027 4008 contempsisset.

964 4027 1197 4086 CAPUT
1234 4027 1357 4085 XX.

450 4124 581 4191 Qua:
610 4126 773 4193 fuerit
826 4124 987 4178 arbor
1018 4124 1114 4178 illa
1156 4125 1280 4179 vita:
1310 4124 1360 4178 in
1398 4124 1570 4179 medio
1610 4125 1865 4195 paradiso
1912 4130 1965 4179 et

378 4235 476 4274 cur
496 4220 617 4272 vita:
644 4219 805 4273 arbor
827 4219 896 4272 sit
929 4226 1135 4272 vocata.
1163 4216 1444 4288 Scriptum
1472 4230 1555 4273 est
1596 4219 1647 4272 in
1693 4219 1831 4274 libro
1856 4215 1965 4274 Ge-

378 4329 571 4368 neseos
605 4329 619 4367 :
649 4315 720 4367 Et
752 4320 1119 4380 procreat-erat
1152 4311 1409 4365 Dominus
1441 4309 1584 4367 Deus
1612 4327 1639 4365 e
1682 4322 1824 4366 terra
1853 4329 1967 4367 om-

377 4424 494 4461 nem
526 4410 765 4461 arborem
788 4408 898 4460 risu
922 4403 1283 4477 appetibt'lent,
1304 4417 1351 4459 et
1388 4405 1440 4459 in
1467 4406 1639 4459 cibum
1666 4404 1964 4474 pulchram;

2066 3192 2396 3249 sententiam
2447 3190 2524 3246 ait
2588 3189 2929 3248 Pbiiosenus
2981 3188 3330 3260 Mabugensis
3393 3204 3455 3246 se
3509 3190 3662 3248 nolle

2066 3295 2410 3355 oppugnare,
2441 3296 2570 3337 cum
2600 3279 2789 3337 credat
2818 3280 2931 3336 Deo
2960 3280 3145 3336 omnia
3172 3294 3297 3336 esse
3329 3279 3477 3336 factu
3514 3278 3664 3336 laci-

2067 3377 2161 3435 lia.
2194 3377 2466 3433 Cmterum
2498 3376 2589 3431 alii
2621 3376 2896 3443 doctores,
2936 3390 3078 3447 quos
3124 3388 3226 3431 nos
3275 3374 3535 3432 libentius
3564 3388 3664 3431 sc-

2067 3472 2315 3543 quimur,
2347 3469 2524 3533 aiunt,
2556 3469 2701 3525 haud
2736 3467 2857 3525 ideo
2889 3470 3037 3539 quod
3074 3469 3243 3524 vitam
3293 3467 3415 3537 ipsa
3471 3465 3666 3530 conci-

2069 3566 2226 3621 liaret
2250 3562 2623 3627 vescentibus,
2652 3570 2899 3618 vocatam
2928 3576 3051 3618 esse
3083 3560 3204 3617 vitae
3222 3561 3474 3617 arborem
3503 3560 3663 3634 (pero

2068 3657 2194 3714 inde
2239 3657 2387 3712 enim
2422 3654 2576 3711 rudis
2607 3668 2672 3711 ac
2701 3654 2854 3710 stulti
2909 3654 3110 3725 ingenii
3149 3666 3296 3720 esse,
3342 3651 3663 3708 existimare

2067 3750 2320 3806 arborem
2372 3747 2539 3803 ullam
2578 3746 2711 3804 boni
2766 3746 3005 3817 malique
3055 3747 3424 3816 cognitionem
3471 3744 3659 3815 largiri

2066 3855 2227 3913 posse
2262 3841 2330 3896 iis
2365 3854 2398 3895 a
2435 3839 2638 3910 quibus
2669 3838 2924 3894 ederetur
2951 3857 2965 3894 :
2996 3847 3051 3893 et
3086 3851 3208 3893 esse
3233 3836 3523 3900 arborem,
3550 3851 3661 3907 qua

2066 3935 2112 3991 si
2145 3947 2394 3999 vcscare,
2417 3931 2627 3989 evadas
2648 3929 3025 3999 immortalis),
3060 3929 3156 3985 sed
3196 3929 3269 3986 ob
3316 3930 3393 3995 id,
3441 3929 3545 3985 hoc
3580 3927 3664 3986 illi

2069 4041 2268 4083 nomen
2302 4040 2335 4080 a
2367 4022 2479 4080 Deo
2506 4022 2695 4079 datum
2724 4034 2871 4086 esse,
2907 4035 3020 4091 quo
3070 4018 3318 4077 Adamus
3348 4020 3416 4075 ad
3453 4032 3665 4095 paren-

2065 4118 2198 4177 dum
2250 4116 2579 4189 pmscﬁptz
2644 4114 2754 4171 sibi
2810 4112 2916 4185 legi
2956 4112 3314 4169 animaretur.
3352 4111 3487 4167 Nam
3531 4128 3661 4171 cum

2066 4213 2239 4269 soleat
2266 4210 2470 4281 quaevis
2499 4209 2582 4264 les
2611 4207 2826 4265 duabus
2864 4206 2977 4262 fere
3010 4205 3211 4261 muniri
3240 4205 3425 4268 rebus,
3482 4220 3663 4274 pinna

2070 4308 2284 4362 scilicet
2347 4299 2799 4365 denuntiatione,
2851 4308 2907 4354 et
2963 4297 3174 4370 praemii
3237 4297 3659 4368 pollicitatione,

2067 4410 2300 4470 quarum
2340 4395 2431 4449 illa
2480 4390 2981 4463 praevaricationem
3004 4429 3019 4453 ,
3055 4389 3172 4445 hoc
3209 4388 3650 4445 observationem

377 4501 547 4571 ipa-am
590 4502 748 4555 etiam
794 4499 1031 4552 arborem
1060 4498 1176 4554 vita:
1206 4499 1260 4552 in
1287 4500 1456 4551 medio
1490 4499 1767 4567 paradiso,
1800 4507 1849 4553 et
1876 4515 1962 4553 ar-

2067 4487 2359 4545 eomitetur
2404 4482 2777 4556 (nequeenim
2825 4482 3009 4536 minus
3044 4480 3231 4537 deberi
3256 4480 3474 4537 videtur
3521 4495 3665 4551 prae-

377 4596 555 4649 borem
580 4593 813 4648 scientia:
853 4592 977 4646 boni
1002 4602 1048 4646 et
1080 4590 1295 4655 ntali”,
1322 4600 1431 4645 etc.
1463 4589 1537 4644 Dc
1574 4590 1770 4646 arbore
1793 4592 1971 4647 scien-

379 4686 469 4739 tia:
506 4683 631 4737 boni
661 4691 710 4737 et
750 4680 877 4734 mali
910 4679 1049 4735 satis
1077 4694 1107 4733 a
1143 4678 1305 4735 nobis
1343 4678 1457 4748 jam
1483 4676 1688 4734 dictum
1729 4686 1832 4745 est,
1877 4694 1971 4737 su-

382 4787 566 4849 perest
619 4778 785 4845 igitur
817 4784 877 4829 ut
907 4773 974 4829 de
1004 4773 1203 4828 arbore
1243 4771 1368 4828 vitae
1410 4786 1557 4827 nunc
1607 4773 1967 4839 disseramus,

383 4874 452 4926 de
483 4887 587 4941 qua
612 4870 724 4927 duo
755 4870 871 4924 haec
909 4867 1137 4922 veniunt
1165 4850 1518 4937 disquirenda
1555 4882 1569 4919 :
1598 4880 1696 4921 cur
1723 4866 1849 4922 vita:
1882 4881 1973 4921 ar-

382 4963 484 5018 bor
514 4971 759 5027 vocetur,
790 4968 845 5015 et
876 4958 1182 5029 cuiusmodi
1214 4960 1378 5012 arbor
1406 4955 1524 5025 ipsa
1553 4956 1646 5013 sit.
1688 4956 1830 5012 Sunt
1872 4973 1972 5013 au-

385 5068 494 5114 tem
530 5055 623 5127 qui
654 5054 775 5111 ideo
803 5053 928 5109 vitae
954 5052 1204 5109 arborem
1239 5050 1565 5123 appellatam
1603 5057 1793 5124 putent
1819 5049 1971 5122 quod

383 5169 450 5209 ea
483 5160 627 5208 esset
661 5150 831 5222 ipsius
860 5148 1105 5206 conditio
1135 5158 1305 5219 atque
1342 5158 1539 5204 natura
1567 5157 1629 5202 ut
1661 5146 1827 5201 vitam
1868 5144 1974 5199 im.

386 5247 674 5302 mortalem
713 5246 781 5301 iis
809 5242 1128 5300 conciliaret
1164 5242 1257 5313 qui
1301 5258 1361 5298 se
1390 5249 1773 5306 vescerentur;
1820 5237 1969 5294 enim

388 5358 516 5399 vero
544 5342 598 5396 iii
629 5340 881 5397 arborem
918 5339 1161 5395 scientia:
1187 5336 1313 5392 boni
1347 5342 1403 5391 et
1425 5334 1578 5399 mali,
1608 5332 1725 5405 pari
1752 5345 1973 5404 quoque

388 5435 599 5489 ratione
623 5432 822 5489 dictam
856 5430 1068 5497 volunt,
1097 5429 1225 5500 quia
1268 5426 1644 5501 cognitionem
1674 5425 1803 5480 boni
1858 5440 1977 5480 ma-

389 5531 535 5599 lique
566 5527 634 5582 iis
666 5532 879 5597 pareret
910 5523 1004 5595 qui
1042 5522 1224 5594 ipsam
1272 5521 1520 5589 ederent,
1559 5520 1856 5591 cibumque
1904 5533 1972 5573 ex

386 5641 451 5680 ea
487 5630 774 5694 caperent;
836 5632 960 5676 nam
1013 5617 1222 5686 Deum,
1258 5632 1355 5690 per
1381 5631 1507 5673 eum
1549 5615 1732 5672 cibum
1772 5613 1869 5687 qui
1905 5627 1971 5669 ex

2070 4582 2240 4637 mium
2270 4581 2338 4635 iis
2366 4578 2458 4650 qui
2489 4577 2871 4645 obtemperant
2896 4614 2912 4641 ,
2938 4589 3103 4647 quam
3154 4573 3325 4629 multa
3352 4574 3423 4629 iis
3447 4576 3540 4644 qui
3571 4588 3663 4630 rc-

2070 4670 2294 4744 bellant)
2329 4670 2549 4740 lataque
2578 4683 2609 4723 a
2652 4667 2766 4724 Deo
2810 4668 2895 4723 lex
2935 4675 3102 4733 esset,
3157 4681 3226 4721 ne
3267 4666 3437 4723 Adam
3490 4666 3561 4722 de
3595 4681 3662 4723 ea

2068 4748 2268 4821 arbore
2295 4778 2419 4835 qua
2443 4762 2691 4819 scientiae
2734 4760 2860 4816 boni
2895 4769 2950 4816 et
2977 4759 3105 4815 mali
3137 4758 3447 4825 dicebatur,
3476 4769 3666 4832 gusta-

2071 4868 2176 4925 ret,
2221 4867 2275 4914 ct
2326 4837 2708 4927 pmvaricanti
2754 4867 2913 4923 penna
2959 4851 3248 4922 prostituta
3293 4852 3410 4923 ipsa
3457 4866 3608 4909 mors
3646 4870 3662 4908 :

2074 4953 2194 5020 Qua
2219 4953 2357 5006 enim
2394 4949 2500 5013 die,
2528 4947 2726 5018 inquit,
2766 4946 2831 5001 de
2866 4943 2963 4999 illa
2988 4944 3186 5008 aderis,
3214 4952 3435 4999 mortem
3469 4943 3666 5011 abibis;

2074 5045 2343 5115 reliquum
2404 5049 2564 5107 erat,
2621 5051 2683 5096 ut
2724 5040 3005 5111 praemium
3049 5035 3213 5091 etiam
3259 5036 3666 5107 promitteretnr

2072 5135 2390 5195 observanti
2436 5132 2633 5205 legem.
2668 5133 2859 5201 itaque
2896 5126 3041 5185 Deus
3086 5137 3520 5185 commonstrata
3559 5128 3667 5184 alia

2074 5233 2270 5290 arbore
2299 5246 2422 5304 qua:
2456 5229 2511 5284 in
2546 5223 2853 5283 meditullio
2881 5222 3119 5294 paradisi
3169 5230 3311 5286 sata,
3338 5234 3544 5293 magno
3571 5236 3667 5277 ex-

2076 5328 2256 5385 stabat
2292 5323 2527 5395 insignis
2555 5321 2772 5383 decore,
2806 5316 2931 5371 vitze
2981 5327 3103 5370 eam
3138 5312 3456 5385 appellavit,
3501 5311 3665 5384 quasi

2075 5420 2328 5474 diceret:
2362 5415 2422 5471 Si
2471 5413 2542 5470 ab
2601 5412 2691 5467 illa
2744 5412 2942 5466 arbore
2994 5406 3243 5464 scientias
3274 5406 3401 5460 boni
3447 5414 3504 5461 et
3539 5402 3666 5460 mali

2078 5523 2131 5570 te
2196 5508 2559 5576 continueris,
2605 5507 2817 5580 legique
2863 5517 2997 5561 mea:
3044 5498 3532 5571 obtemperaveris,
3596 5511 3665 5552 en

2081 5607 2179 5666 tibi
2220 5608 2472 5664 arborem
2517 5604 2640 5660 vit-re
2671 5599 2738 5658 dc
2768 5616 2873 5673 qua
2906 5598 3058 5665 edes,
3092 5594 3352 5666 vivesque
3383 5592 3438 5651 in
3472 5604 3635 5665 perpe

462 5808 507 5841 θ’
537 5807 701 5866 ilebr.
756 5819 848 5873 stt,
889 5803 969 5859 l7.
1048 5800 1250 5859 "Gen.
1284 5814 1345 5871 tt,
1371 5800 1425 5857 9.
1503 5800 1546 5832 "‘
1575 5797 1710 5856 Gen.
1755 5812 1836 5866 ttt,
1867 5796 1958 5852 ‘22.
2037 5794 2081 5827 ⁸³
2114 5790 2245 5851 ibid.
2286 5789 2364 5847 i9.
