4054 6138
323 253 426 324 509

1455 267 1555 328 DE
1595 264 2002 328 PARADISO.
2046 289 2117 302 -
2151 264 2347 327 PARS
2386 260 2440 326 ῐ.

3479 252 3602 317 510

321 386 492 432 tuum.
531 373 637 432 Pro
669 376 1009 435 cohortando
1046 377 1211 449 igitur
1264 378 1474 435 Adamo
1500 381 1565 434 ad
1596 380 1903 451 obsequen-
1934 386 1977 444 Α
2010 379 2257 445 duraret,
2302 378 2407 433 hac
2453 381 2671 448 gustata
2727 371 2983 429 evaderet
3026 368 3397 427 immortalis?
3429 368 3600 439 igitur

317 468 448 526 dum
500 472 626 538 legi,
686 482 882 544 vocata
923 479 1008 527 est
1063 473 1225 527 arbor
1290 473 1380 528 illa
1433 475 1558 528 vita:
1606 477 1791 538 arbor,
1854 484 1913 528 ut

318 574 581 631 quantum
612 567 802 622 mortis
842 566 1063 623 nomine
1100 582 1129 620 a
1159 567 1471 621 rebellando
1493 569 1865 622 tlett-rreretur
1892 608 1907 631 ,

325 663 539 709 tantum
573 654 695 709 vite
723 654 991 711 vocabulo
1033 656 1098 710 ad
1151 656 1452 725 parendum
1507 656 1908 726 impelleretur;

329 762 509 817 eaque
547 750 720 818 gratia
766 749 1048 819 praemium
1103 765 1323 822 quoque
1366 750 1521 822 plane
1572 765 1636 804 ex
1681 749 1911 803 adverso

322 856 499 913 parum
540 843 915 913 responderet,
950 855 1003 898 et
1037 846 1145 900 vita
1192 845 1375 899 morti.
1405 843 1553 898 lianc
1585 843 1907 897 sententiam

317 936 512 1007 probat
540 939 704 991 etiam
734 938 894 991 divus
938 942 1194 1001 Severus,
1225 941 1473 994 oratione
1529 940 1618 1004 55,
1672 938 1736 991 de
1789 936 1910 1007 cpi-

317 1030 563 1095 Ihrouio,
597 1031 690 1086 ubi
717 1031 786 1087 de
816 1047 981 1089 cruce
1027 1032 1229 1090 Christi
1284 1034 1515 1102 loquens
1565 1034 1641 1087 ait
1675 1048 1690 1083 :
1726 1030 1909 1085 Altera

316 1136 454 1177 vero
479 1121 572 1177 illa
595 1123 740 1191 (vita
765 1123 1016 1179 arborem
1050 1123 1197 1196 dico)
1234 1124 1462 1194 gloriam
1498 1122 1628 1176 Adae
1664 1121 1908 1190 paritura

312 1223 456 1278 erat,
489 1215 596 1270 nisi
665 1215 754 1271 ille
818 1215 1187 1285 intempestivi
1231 1215 1491 1285 cupidine
1559 1214 1668 1269 eihi
1706 1212 1907 1275 victus,

319 1321 433 1362 non
466 1309 741 1379 paruisset
777 1309 979 1365 edit-to.
1008 1319 1115 1365 etc.
1150 1310 1221 1364 At
1253 1311 1399 1364 enim
1448 1318 1653 1378 qua-ret
1685 1305 1907 1375 aliquis,

315 1412 423 1457 cur
455 1415 565 1456 non
602 1403 789 1472 potius
818 1416 1067 1473 regnum.
1103 1412 1199 1457 aut
1236 1401 1549 1473 incorrupta
1593 1397 1909 1455 immutabi-

316 1494 499 1565 lisque
524 1496 773 1554 conditio
820 1496 945 1552 vita:
971 1498 1237 1569 promissa
1267 1497 1339 1552 sit
1362 1495 1512 1563 Adze,
1537 1493 1582 1551 si
1619 1491 1760 1549 foret
1791 1506 1909 1546 mo-

316 1588 558 1662 rigerus.
588 1589 692 1643 Sed
729 1588 1123 1660 respondemus
1177 1605 1437 1662 capacem
1470 1588 1622 1644 illum
1657 1587 1909 1661 perfecta

316 1677 653 1749 discipline,
683 1681 845 1734 simul
879 1689 1042 1750 atque
1063 1681 1319 1737 conditus
1347 1690 1483 1746 erat,
1514 1694 1637 1737 esse
1669 1694 1778 1736 non
1813 1693 1908 1749 po-

319 1771 492 1828 tuisse
531 1771 659 1858 (4⁸).
710 1770 767 1828 Si
795 1772 942 1829 enim
978 1782 1100 1844 post
1130 1773 1439 1830 universam
1490 1773 1637 1829 illam
1688 1773 1823 1845 legis
1861 1781 1916 1827 et

316 1861 710 1934 prophetarum
738 1863 1069 1931 doctrinam,
1097 1864 1412 1921 Judzeorum
1446 1866 1669 1936 quidam
1695 1866 1749 1921 in
1777 1864 1918 1921 Sadc

315 1953 664 2023 timorum,
693 1964 752 2010 ut
781 1968 1003 2024 vocant,
1050 1967 1258 2013 sectam
1295 1958 1533 2031 prolapsi
1564 1970 1715 2024 sunt,
1762 1972 1916 2013 mor-

317 2053 663 2119 tuorumque
715 2050 1179 2107 resurrectionem
1226 2059 1284 2107 et
1327 2051 1433 2107 alia
1475 2066 1611 2107 sana
1659 2051 1913 2124 dogmata

317 2150 591 2211 negarunt
648 2158 661 2196 :
740 2154 952 2213 quanto
1012 2142 1190 2215 magis
1256 2145 1683 2199 existimandum
1751 2143 1916 2200 fuerit

316 2233 616 2300 Adamum,
645 2234 698 2290 in
727 2234 847 2305 ipso
882 2239 1067 2292 statim
1094 2237 1391 2293 ereationis
1423 2252 1536 2292 suae
1570 2238 1910 2305 rudimento,

320 2324 640 2393 incapacem
671 2325 841 2383 fuisse
886 2327 1155 2384 absolutae
1183 2328 1331 2385 illius
1362 2330 1626 2386 doctrina
1649 2345 1754 2401 qua
1787 2346 1914 2399 per-

322 2417 548 2475 suaderi
609 2420 914 2490 quivisset,
962 2436 1188 2477 manere
1234 2424 1455 2494 aliquod
1487 2424 1726 2479 sublime
1776 2439 1916 2495 prmo

319 2512 490 2567 mium
543 2528 641 2570 eos
686 2514 781 2584 qui
838 2514 1005 2571 Deum
1072 2526 1361 2583 amarent,
1412 2524 1916 2591 praeceptorumque

323 2606 446 2675 ejus
498 2606 861 2663 observantes
913 2618 1133 2671 essent;
1198 2610 1376 2680 ipsum
1436 2625 1630 2682 nempe
1694 2612 1918 2669 rreleste

322 2700 598 2771 regnum?
667 2698 921 2757 Profecto
969 2711 1029 2758 ut
1054 2702 1195 2759 illios
1247 2713 1467 2759 nostros
1506 2719 1643 2774 quos
1688 2704 1917 2760 tenellos

327 2792 389 2847 ad
441 2793 634 2849 ludum
684 2794 1013 2849 litterarium
1078 2796 1350 2852 mittimus
1398 2795 1755 2862 erudiendos,
1789 2798 1917 2866 quia

327 2886 545 2958 ingenio
585 2886 766 2943 adhuc
799 2889 917 2943 rudi
952 2897 1102 2955 sunt,
1136 2897 1190 2944 et
1222 2889 1464 2945 nondum
1499 2888 1771 2956 absoluto,
1807 2906 1914 2946 non

327 2979 711 3051 hujuscemodi
767 2982 1497 3053 rerbis‘prosequimurH,
1557 2982 1626 3039 da
1692 2999 1915 3053 operam

324 3073 548 3141 litteris,
597 3085 656 3130 ut
710 3075 764 3129 in
797 3078 972 3131 virum
1005 3077 1325 3147 prudentem
1372 3086 1536 3149 atque
1569 3078 1827 3142 doctum,
1862 3089 1916 3133 et

325 3168 672 3241 popularium
719 3177 939 3225 tuorum
996 3174 1284 3241 primatem
1324 3172 1689 3228 evadaszscd
1746 3172 1914 3229 meris

325 3264 611 3321 blanditiis
646 3265 713 3319 ad
764 3263 1224 3337 frequentandum
1280 3265 1465 3321 ludum
1519 3266 1915 3337 discendasque

325 3356 540 3413 litteras
620 3357 995 3437 cohortamur,
1049 3366 1102 3414 et
1177 3358 1489 3414 inducimus
1526 3376 1543 3414 :
1576 3360 1648 3414 ita
1706 3360 1916 3415 Adamn

325 3466 545 3523 quoque
607 3449 774 3516 Deus,
810 3468 1001 3509 recens
1032 3467 1063 3508 a
1089 3468 1148 3510 se
1170 3453 1416 3510 conditio
1450 3455 1622 3526 legem
1670 3454 1916 3526 praescri-

325 3542 511 3606 bebat,
548 3556 647 3613 per
672 3557 839 3615 quam
879 3558 939 3599 se
982 3545 1219 3601 revereri
1266 3546 1527 3610 disceret,
1559 3563 1789 3618 eamque
1836 3547 1915 3602 Ie-

324 3650 445 3707 gem
475 3637 521 3691 si
556 3635 879 3703 transiliret,
903 3646 1133 3693 mortem
1167 3639 1564 3695 denuntiabat:
1603 3642 1685 3696 sin
1727 3639 1917 3695 obser-

323 3738 515 3795 varet,
565 3744 961 3785 concessurum
1002 3746 1064 3788 se
1107 3732 1211 3802 ipsi
1253 3735 1611 3802 promittebat
1657 3734 1911 3788 arborem

321 3818 472 3884 vitae,
502 3820 571 3873 de
601 3834 707 3890 qua
738 3811 1153 3890 uhi'gustasset,
1180 3821 1410 3891 adeptus
1443 3821 1910 3876 immortalitatem

320 3911 575 3967 victurus
616 3921 762 3967 esset
804 3913 968 3966 vitam
1012 3914 1423 3983 sempiternam.
1456 3910 1573 3969 Non
1611 3928 1745 3983 ergo
1789 3913 1912 3968 rudi

325 4007 512 4064 adhuc
539 4017 594 4063 et
620 4008 841 4063 indocili
874 4008 1085 4063 homini
1113 4008 1367 4064 dicebat?
1402 4008 1637 4064 Daturus
1666 4024 1787 4064 sum
1815 4008 1910 4063 tibi

317 4099 573 4170 jussihus
624 4100 757 4153 meis
803 4100 1014 4169 parenti
1055 4099 1277 4155 caeleste
1322 4113 1591 4168 regnum;
1626 4098 1720 4152 sed
1750 4098 1913 4151 arbo-

322 4205 441 4245 rem
479 4188 645 4244 veluti
680 4190 852 4260 digito
872 4190 1196 4245 ostendebat
1230 4202 1446 4246 amoena
1486 4191 1667 4257 specie
1704 4188 1912 4258 appeti-

322 4287 515 4351 bilcm,
549 4286 839 4357 fructuque
873 4295 1144 4357 comptam
1183 4301 1308 4350 suo,
1372 4301 1538 4357 quam
1591 4287 1713 4341 vita:
1747 4284 1908 4338 arbo-

2014 488 2077 526 es
2117 473 2182 526 iis
2232 488 2353 543 qnzt-
2391 470 2502 540 jam
2554 468 2699 524 dicta
2746 474 2895 530 sunt,
2933 464 3142 520 clarum
3169 473 3290 528 est,
3324 463 3447 517 ideo
3475 462 3602 516 vitae

2015 578 2209 620 nomen
2251 578 2281 616 a
2316 560 2424 618 Deo
2472 560 2657 616 arbori
2709 559 2787 614 illi
2818 572 2939 613 esse
2984 558 3242 621 inditum,
3274 566 3331 609 ut
3376 569 3447 609 eo
3490 568 3598 610 non

2014 658 2200 712 minus
2226 656 2496 710 Adamum
2517 652 2586 710 ad
2614 653 3013 709 observandam
3037 650 3153 722 jam
3197 658 3313 705 tum
3350 647 3601 720 praeseri-

2013 759 2159 823 ptam
2189 765 2216 804 a
2245 764 2305 805 se
2338 749 2513 819 legem
2546 748 2814 802 animaret
2846 756 3009 816 atque
3032 760 3363 817 propensum
3402 743 3599 822 redde-

2012 854 2119 903 ret.
2176 856 2340 911 qnam
2374 840 2537 911 paulo
2579 849 2705 894 ante
2748 836 2944 894 mortis
2982 837 3258 893 nomines
3287 834 3603 892 rebellando

2010 934 2366 991 deterruerat.
2392 932 2499 990 Sed
2521 932 2637 989 haec
2656 931 2725 989 de
2753 931 2994 988 nominis
3019 933 3237 987 ratione
3259 929 3395 986 satis
3416 937 3604 986 sunto.

2013 1027 2169 1095 Quod
2203 1042 2368 1099 porro
2395 1033 2590 1094 restat,
2620 1025 2782 1096 cuius
2827 1040 2890 1081 ea
2939 1024 3104 1079 arbor
3146 1010 3365 1095 generis
3418 1022 3606 1084 fuerit,

2012 1122 2285 1178 neminem
2340 1121 2521 1177 adhuc
2574 1121 2859 1178 doctorum
2926 1118 3173 1174 omnium
3221 1116 3455 1190 legimus
3506 1116 3604 1187 qui

2011 1216 2192 1289 qualis
2240 1214 2417 1287 reipsa
2471 1223 2636 1285 atque
2686 1212 2821 1269 adeo
2877 1210 3124 1281 corporis
3170 1210 3358 1265 habitu
3409 1208 3597 1270 fuerit.

2010 1308 2339 1382 explicarit;
2382 1322 2507 1362 nam
2534 1306 2626 1378 qui
2678 1305 2905 1379 mystice
2938 1304 3429 1374 interpretarentur
3454 1301 3609 1355 inve-

2017 1403 2203 1459 nimus
2231 1398 2568 1471 complures,
2599 1407 2652 1453 et
2684 1412 2787 1454 nos
2815 1409 3032 1467 quoque
3067 1393 3177 1451 Deo
3208 1391 3356 1460 freti,
3385 1390 3608 1465 quando

2010 1496 2065 1553 in
2102 1493 2284 1568 operis
2313 1491 2477 1564 hujus
2528 1503 2820 1562 progressu
2862 1486 3178 1561 paradisum
3231 1486 3470 1554 ﬁgurare
3511 1496 3611 1540 es-

2010 1589 2338 1662 plicabimus
2363 1625 2381 1651 ,
2410 1600 2475 1643 ea
2507 1600 2630 1656 qua:
2658 1584 2724 1638 ad
2760 1596 2961 1638 arcana
2992 1580 3157 1652 hujus
3188 1579 3407 1635 arboris
3445 1591 3609 1634 sensa

2016 1690 2310 1752 spectant,
2344 1693 2702 1751 exponemus.
2740 1674 2976 1747 Ingenue
3012 1675 3177 1747 igitur
3207 1674 3443 1730 fatemur
3470 1686 3611 1727 non-

1946 1753 1991 1810 B
2018 1778 2147 1833 dum
2180 1775 2441 1832 didicisse
2475 1786 2585 1829 nos
2611 1770 2920 1841 qualisnam
2952 1768 3118 1823 arbor
3150 1766 3314 1823 fuerit
3338 1779 3462 1836 quae
3485 1765 3612 1821 vita)

1944 3120 1988 3180 C

2014 1871 2351 1934 vocabatur,
2406 1865 2626 1921 interim
2683 1871 3032 1935 corporatam
3082 1874 3271 1917 revera
3332 1858 3612 1915 exstitisse

2014 1970 2169 2021 certo
2227 1961 2473 2034 persuasi
2539 1972 2773 2024 sumus,
2825 1956 3116 2028 ipsumque
3163 1952 3493 2010 vocabulum
3543 1968 3611 2009 ex

2017 2058 2328 2113 creationis
2381 2054 2523 2111 libro
2577 2051 2939 2114 didiscimus,
2989 2046 3133 2118 quod
3184 2060 3285 2118 pro
3333 2045 3613 2102 incitando

2014 2150 2228 2207 Adamo
2260 2150 2324 2203 ad
2354 2147 2719 2204 obedientiam
2753 2144 2942 2199 datum
2976 2142 3050 2197 illi
3085 2154 3209 2196 esse
3228 2139 3343 2210 jam
3377 2139 3611 2194 demon-

2015 2245 2314 2301 stravimus
2348 2261 2363 2298 :
2398 2256 2585 2297 verum
2616 2240 2852 2311 speciem
2878 2238 3152 2308 ipsam,et
3182 2232 3397 2289 fructus
3422 2236 3613 2304 quales

2015 2331 2258 2398 iuerint.
2318 2336 2632 2407 quibusque
2655 2341 2874 2400 compta
2922 2328 3088 2384 fuerit
3123 2326 3434 2391 frondibus,
3466 2343 3609 2382 non-

2019 2431 2152 2486 dum
2185 2428 2448 2484 discendo
2483 2442 2671 2483 sumus
2701 2422 2959 2480 assecuti.

2592 2516 2825 2573 CAPUT
2882 2515 3024 2571 XXI.

2091 2615 2167 2671 De
2191 2615 2353 2686 ﬂuvio
2397 2615 2488 2685 qui
2542 2612 2857 2682 paradisum
2908 2608 3142 2680 rigabat,
3183 2618 3233 2664 et
3268 2608 3333 2663 de
3380 2615 3612 2678 quatuor

2017 2709 2193 2778 ﬂuuiis
2214 2709 2305 2778 qui
2337 2722 2402 2761 ea:
2437 2706 2535 2759 illo
2570 2704 2979 2758 diducebantur.
3038 2730 3108 2744 ··’
3168 2701 3342 2758 Porro
3396 2702 3461 2757 de
3498 2700 3601 2755 iln~

2018 2798 2168 2854 mine
2214 2799 2361 2868 quod
2426 2795 2737 2867 paradisum
2805 2789 3014 2864 irrigat.
3064 2791 3179 2849 haec
3210 2798 3410 2865 scripta
3441 2795 3605 2848 nobis

2019 2891 2243 2961 reliquit
2294 2892 2451 2945 divus
2506 2888 2728 2945 Moses:
2776 2887 2841 2943 Et
2883 2891 3079 2961 fiumen
3129 2888 3491 2959 egrediebatur
3537 2901 3603 2940 ea:

2026 2984 2173 3040 Eden
2201 2986 2272 3038 ad
2297 2983 2631 3053 irrigandum
2659 2983 2997 3052 paradisum,
3032 2992 3193 3052 atque
3220 2980 3344 3036 inde
3373 2981 3605 3036 divisum

2020 3094 2130 3133 erat
2152 3079 2184 3129 Et
2218 3077 2273 3130 in
2299 3085 2533 3147 quatuor
2562 3075 2818 3145 capita”.
2859 3074 2953 3130 Est
3003 3085 3187 3131 autem
3223 3091 3252 3131 a
3302 3076 3463 3130 nobis
3490 3076 3603 3143 iam

2015 3172 2228 3228 dictum
2274 3174 2452 3240 capite
2485 3169 2569 3224 l6.
2601 3170 2749 3225 Eden
2810 3184 2935 3225 esse
2964 3171 3242 3241 regionem
3274 3170 3601 3239 spatiosim,

2016 3266 2279 3334 amplam,
2307 3277 2604 3327 ammnam,
2632 3262 2861 3318 variam.
2894 3259 3219 3317 Paradisum
3265 3274 3401 3318 vero
3423 3261 3605 3317 locum

2015 3374 2162 3423 esse,
2193 3358 2462 3430 pulchris,
2497 3356 2821 3420 fructuosis,
2853 3358 3273 3429 praestantibus.
3308 3356 3599 3413 laudabili-

2016 3452 2227 3521 busqne
2252 3450 2566 3513 arboribus,
2598 3464 2709 3520 prae
2746 3450 3029 3518 quibusvis
3063 3450 3189 3506 aliis
3225 3450 3280 3504 in
3306 3458 3417 3505 tota
3450 3448 3599 3504 Eden

2015 3544 2154 3601 locis
2185 3552 2438 3598 ornatum
2481 3561 2495 3597 :
2530 3543 2857 3598 Paradisum
2886 3542 3035 3598 enim
3059 3542 3179 3611 eius
3206 3543 3447 3613 regionis
3479 3559 3603 3613 quze

2016 3635 2165 3692 Eden
2192 3636 2416 3698 dicitur,
2453 3646 2660 3707 partem
2713 3650 2837 3692 esse
2887 3637 3029 3691 inter
3062 3637 3199 3690 alias
3227 3652 3422 3694 clunes
3455 3653 3600 3709 prte—

2014 3732 2435 3795 stantissimam,
2496 3728 3011 3795 laudabilissimatn,
3071 3741 3240 3802 atque
3290 3731 3598 3787 cultoribus

2015 3825 2134 3881 suis
2183 3823 2709 3879 commodissimam.
2778 3821 2946 3893 igitur
3010 3822 3140 3878 illud
3171 3822 3374 3877 ﬂumen
3411 3840 3603 3880 revera

2014 3917 2229 3989 ingens,
2261 3915 2524 3984 amplum,
2558 3920 2865 3984 copiosum,
2895 3916 3128 3989 insigne,
3171 3932 3235 3972 ex
3274 3926 3416 3972 terra
3449 3917 3598 3974 Eden

2014 4011 2324 4066 scaturiens
2353 4018 2515 4075 atque
2571 4024 2923 4079 promanans,
2970 4010 3024 4065 in
3070 4013 3309 4066 medium
3354 4020 3606 4082 penetrat

2014 4102 2331 4171 paradisum
2357 4140 2371 4165 ,
2401 4117 2639 4173 eumque
2687 4102 3005 4157 universum
3068 4103 3295 4176 irrigat;
3329 4121 3439 4177 quo
3477 4121 3603 4176 per-

2012 4193 2148 4259 luto,
2186 4194 2407 4249 [inditur
2461 4196 2514 4250 in
2564 4203 2803 4265 quatuor
2866 4196 3060 4251 deinde
3115 4197 3335 4262 tiuvios,
3371 4199 3604 4272 etipsos

2008 4287 2270 4358 grandes,
2302 4288 2393 4357 qui
2435 4288 2504 4342 ab
2554 4289 2645 4342 illo
2681 4289 2914 4352 diducti,
2979 4289 3142 4346 simul
3176 4299 3343 4361 atque
3387 4293 3603 4361 paradi-

321 4393 442 4434 rem
484 4379 733 4443 vocabat,
763 4379 1147 4449 morigeroque
1180 4378 1255 4433 illi
1286 4379 1632 4447 promittebat
1682 4376 1798 4431 fore
1850 4383 1910 4432 ut
2012 4396 2135 4437 sum
2166 4380 2462 4450 reliquere,
2497 4384 2601 4437 sub
2654 4383 2772 4453 ipsa
2833 4383 3002 4438 maris
3036 4382 3239 4439 Oceani
3288 4388 3419 4442 vada
3450 4386 3602 4441 dela-

320 4485 387 4527 ca
439 4480 757 4525 vesceretur
792 4480 847 4525 et
897 4471 1151 4526 evaderet
1196 4472 1544 4525 immortalis.
1589 4468 1776 4541 Neque
1822 4478 1909 4526 est
1940 4471 1985 4529 υ
2016 4471 2248 4538 buntur;
2283 4481 2447 4543 atque
2477 4472 2601 4527 inde
2624 4489 2818 4529 rursus
2862 4474 2917 4528 in
2944 4475 3095 4530 haca
3146 4475 3306 4530 nobis
3358 4476 3599 4533 habitata

321 4563 472 4633 quod
520 4563 646 4631 quis
698 4563 812 4616 ha'c
860 4563 1088 4615 miretur
1123 4564 1174 4618 in
1210 4565 1453 4629 Adamo,
1504 4564 1726 4632 quando
1774 4564 1909 4634 ipsis
2014 4574 2301 4637 emergunt
2335 4575 2500 4621 terra.
2536 4562 2725 4634 Neque
2755 4582 2885 4622 vero
2916 4567 3029 4623 hare
3086 4571 3245 4623 nobis
3306 4570 3600 4642 ipsilingi-

322 4654 490 4710 etiam
526 4652 731 4709 Judaeis
758 4663 881 4724 post
909 4653 1201 4710 omniiaria
1252 4658 1387 4726 legis
1429 4667 1694 4726 praecepta
1744 4667 1907 4725 atque

323 4747 580 4802 instituta
618 4786 635 4811 ,
671 4762 777 4800 non
815 4746 1041 4802 caeleste
1072 4763 1298 4817 regnum
1347 4764 1377 4801 a
1420 4746 1529 4804 Deo
1575 4750 1904 4818 promissum

324 4840 507 4907 est,si
556 4840 718 4895 dictis
771 4840 892 4912 ejus
931 4841 1390 4905 obsecundarent,
1432 4843 1525 4897 sed
1573 4852 1716 4896 terra
1772 4841 1911 4897 lacte

323 4933 596 5002 nutusque
637 4929 884 4997 amoenis,
913 4941 969 4987 et
1002 4934 1260 4986 arborum
1302 4930 1689 5003 fructuumque
1734 4933 1911 4998 ferax,

323 5026 521 5095 quales
550 5035 679 5082 sunt
716 5025 841 5079 mali
881 5024 1119 5096 punica,
1149 5024 1317 5091 oleae,
1369 5029 1562 5097 palmae
1584 5070 1598 5093 ,
1630 5038 1736 5083 etc.
1769 5028 1911 5095 Quid

324 5119 498 5189 igitur
553 5119 753 5172 mirum
809 5119 855 5174 si
909 5118 1140 5184 Adatno,
1190 5122 1279 5175 cui
1327 5136 1503 5189 nuper
1551 5122 1688 5177 adeo
1744 5124 1912 5194 legem

324 5211 711 5282 imposuerat,
739 5210 957 5266 edulem
991 5213 1243 5268 arborem
1275 5214 1513 5270 ostendit
1539 5256 1553 5279 ,
1579 5231 1742 5287 quam
1792 5218 1914 5273 vitae

321 5304 641 5374 appellavit,
669 5319 731 5359 ea
758 5304 1127 5375 promissione
1151 5306 1385 5377 adjecta,
1409 5317 1467 5363 ut
1499 5309 1543 5363 si
1575 5309 1629 5363 in
1654 5311 1917 5382 obsequio

400 5480 446 5514 “
476 5479 612 5535 Gen.
648 5495 711 5540 ll.
749 5478 835 5534 Ill.

402 5628 415 5701 ς
433 5624 498 5689 i')
529 5622 754 5681 Fall;tur
776 5625 1124 5701 _Bar-Cepli_a.
1144 5628 1277 5701 Nam
1306 5646 1429 5684 vera
1460 5628 1728 5701 theologia
1752 5632 1913 5688 docet

329 5692 601 5773 Adamnm
651 5692 1017 5773 condituma
1071 5699 1179 5755 Deo
1235 5700 1286 5754 in
1348 5711 1493 5756 statu
1544 5692 1905 5770 perfecturum

327 5770 680 5821 scientiatum
715 5779 766 5821 ct
804 5770 1201 5837 cognitionum,
1233 5780 1342 5827 tum
1380 5772 1709 5828 naturalium
1745 5790 1907 5844 quant

2018 4673 2143 4715 ntus
2188 4658 2281 4713 sed
2315 4668 2575 4728 tanquam
2610 4658 2775 4715 Musis
2810 4662 3085 4730 prophetae
3131 4662 3311 4716 verbis
3360 4680 3597 4719 consen-

2016 4761 2176 4807 tanea
2236 4754 2675 4821 pronuntiamus,
2708 4770 2830 4823 quae
2885 4766 3077 4810 sancto
3134 4753 3339 4825 Spiritu
3375 4767 3631 4813 auctore-

2016 4846 2224 4916 seripta
2258 4860 2402 4901 sunt.
2435 4844 2571 4900 Nam
2604 4846 2804 4901 ﬂumen
2837 4848 2968 4903 illud
3003 4865 3067 4904 ex
3130 4860 3275 4906 terra
3304 4850 3450 4906 Eden
3486 4853 3595 4909 ori-

2019 4939 2199 5008 ginem
2228 4940 2447 5001 ducere.
2479 4951 2642 5010 atque
2672 4939 2945 5011 proﬂuere
2987 4942 3074 4997 his
3106 4944 3286 5000 verbis
3318 4944 3593 5002 afﬁrmat:

2019 5028 2245 5085 Flumen
2278 5032 2645 5103 egrediebatur
2700 5050 2765 5089 ea:
2814 5034 2985 5090 Eden.
3016 5034 3231 5092 Rursus
3262 5039 3407 5107 quod
3437 5054 3594 5111 para-

2016 5123 2195 5178 disum
2227 5126 2621 5197 perluatatque
2643 5125 2959 5199 irriget,his
2990 5145 3004 5183 :
3031 5129 3465 5201 Adirrigandum
3494 5149 3596 5202 pa-

2019 5219 2281 5274 radisum.
2322 5218 2593 5276 Praeterea
2624 5220 3018 5279 derivationem
3040 5224 3184 5279 illam
3208 5240 3373 5294 quam
3408 5226 3587 5298 ingen-

2019 5314 2101 5363 tes
2127 5306 2324 5364 ﬂuvios
2347 5310 2462 5366 lieri
2486 5310 2748 5378 diximus,
2771 5312 3006 5383 irrigato
3031 5313 3142 5386 jam
3165 5324 3278 5370 tum
3300 5315 3592 5384 paradiso;

2020 5639 2548 5713 stupet-naturalium,
2583 5656 2703 5713 qua:
2746 5643 3042 5713 principem
3075 5654 3126 5699 ct
3161 5657 3326 5713 caput
3368 5646 3593 5703 humani

2016 5710 2233 5779 generis
2266 5712 2479 5767 dicebat
2513 5714 2569 5766 S.
2610 5710 2805 5771 Thom.
2837 5730 2849 5770 ι
2878 5710 2936 5785 νζ
2965 5732 3021 5787 q.
3064 5717 3131 5773 9i
3162 5710 3265 5774 ari.
3299 5718 3353 5773 3.
