4054 6138
464 287 558 346 Sil

1728 279 1958 343 MOSIS
1995 276 2146 337 ΒΑΚ
2185 276 2435 339 CEPHA

3612 273 3709 338 512

465 398 579 451 hu-c
614 395 776 449 verba
811 393 1119 463 significant
1150 410 1164 446 :
1201 391 1268 446 Et
1294 393 1443 447 illinc
1465 394 1715 463 ﬁnditur,
1765 405 1813 449 et
1860 392 2037 448 evadit
2068 391 2113 448 Δ
2144 402 2240 454 per
2269 387 2416 459 quod
2448 387 2647 455 ﬂuunt,
2680 386 2981 453 dulciores,
3014 386 3339 450 amariores,
3374 387 3710 456 insulsiores,

461 493 517 542 in
552 491 583 543 4
606 490 823 557 capita:
858 488 1090 556 denique
1122 502 1246 541 cum
1273 487 1425 542 addit
1453 488 1635 544 Moses
1664 491 1831 545 unius
1885 489 2035 544 ﬂuvii

462 596 661 635 nomen
699 596 819 635 esse
862 578 1085 646 Phison,
1141 596 1375 651 eumque
1426 583 1663 637 circuire
1726 583 2035 637 universam

464 688 663 727 terram
695 670 913 736 llevila;
970 673 1194 725 alterius
1251 686 1379 725 vero
1412 670 1624 737 Gehon,
1655 673 1749 741 qui
1783 672 2039 744 pervadat

465 773 631 817 totam
701 763 974 832 regionem
1031 761 1362 832 Ethiopite;
1402 765 1618 818 tertium
1669 778 1835 832 porro
1870 764 2041 818 Diclat

463 855 767 923 appellari,
824 868 1064 922 eumque
1131 862 1322 908 contra
1398 854 1557 909 Attur
1611 857 1727 921 ire;
1801 857 2039 927 denique

463 956 718 1014 quartum
756 949 941 1002 vocari
974 946 1300 1017 Euphratem
1339 969 1351 1004 :
1386 950 1518 1005 satis
1568 950 1770 1005 indicat
1807 962 2042 1020 quatuor

462 1056 559 1095 eos
588 1041 805 1103 ﬂuvios,
832 1048 1182 1110 posteaquam
1210 1043 1520 1109 paradisum
1553 1044 1913 1113 reliquerunt,
1938 1046 2041 1100 sub

465 1138 663 1180 terram
690 1128 963 1196 delapsos,
996 1130 1210 1183 tandem
1242 1130 1295 1184 in
1345 1132 1449 1187 hoc
1491 1149 1520 1186 a
1553 1135 1709 1188 nobis
1733 1136 1880 1189 culto
1909 1137 2042 1190 orbe

466 1233 840 1286 prorumpere,
898 1221 1300 1292 scaturireque.
1362 1221 1436 1277 Ea
1485 1225 1652 1295 igitur
1675 1243 1798 1295 qua:
1823 1236 1940 1282 tum
1973 1230 2041 1284 de

464 1327 574 1365 uno
603 1312 695 1365 illo
736 1313 981 1379 ﬂuntine,
1015 1326 1128 1369 tum
1154 1316 1220 1369 de
1247 1328 1482 1384 quatuor
1514 1320 1636 1374 aliis
1659 1324 1724 1373 ab
1784 1322 1875 1375 illo
1899 1323 2044 1377 deri-

462 1404 602 1457 vatis
634 1404 870 1459 diximus
899 1422 1023 1460 cum
1073 1407 1240 1462 Mosis
1268 1409 1439 1464 divini
1483 1412 1723 1469 hominis
1766 1415 2040 1469 sententia

464 1506 788 1567 congruunt.
853 1501 958 1555 Sed
1013 1503 1225 1573 urgebit
1273 1504 1517 1574 aliquis:
1565 1504 1670 1572 Qui
1720 1508 1892 1576 possit
1924 1508 2038 1563 fieri

466 1602 525 1644 ut
552 1600 784 1660 quatuor
813 1593 887 1646 illi
923 1593 1071 1648 fluvii
1107 1595 1363 1665 paradiso
1391 1599 1599 1665 egressi
1631 1601 2043 1669 praecipitentur

466 1684 568 1739 sub
606 1682 806 1739 Oceani
834 1687 990 1752 vada,
1022 1698 1185 1756 atque
1217 1689 1342 1745 inde
1368 1692 1587 1746 tandem
1644 1694 1697 1748 in
1730 1695 1833 1748 hac
1857 1706 2041 1751 nostra

466 1788 610 1833 terra
640 1782 971 1848 erumpant?
1011 1780 1146 1836 Huic
1180 1782 1356 1851 primo
1384 1787 1794 1855 respondemus,
1826 1805 1888 1844 ca
1919 1807 2045 1861 qua:

464 1887 497 1927 a
528 1871 686 1928 nobis
724 1873 836 1929 ﬁeri
862 1890 968 1928 non
999 1889 1162 1945 posse
1209 1877 1614 1945 existimantur,
1679 1880 1857 1937 facilia
1921 1900 2045 1938 esse

467 1968 578 2020 Deo
608 1984 623 2019 :
663 1966 812 2020 illum
844 1982 973 2023 vero
1000 1984 1162 2038 quem
1201 1968 1442 2026 diximus
1474 1983 1713 2042 quatuor
1752 1974 2040 2031 ﬂuviorum

464 2073 707 2125 cursum,
739 2066 903 2129 atque
924 2060 1044 2130 eius
1076 2061 1290 2129 generis
1314 2062 1441 2127 alia,
1464 2065 1709 2120 divinum
1739 2083 1863 2122 esse
1882 2084 2041 2138 opus,

466 2158 574 2198 non
643 2147 963 2203 humanum.
1043 2148 1249 2205 Deinde
1314 2154 1416 2206 hoc
1469 2170 1687 2225 quoque
1718 2174 2038 2226 responsum

465 2238 741 2304 volumus,
766 2241 1083 2310 paradisum
1116 2245 1291 2299 multo
1317 2246 1638 2304 sublimiore
1665 2252 1900 2320 positum
1922 2269 2043 2310 esse

468 2329 709 2400 regione,
739 2340 901 2403 atque
932 2334 1047 2389 haec
1082 2345 1270 2390 nostra
1324 2349 1495 2393 exstet
1518 2348 1699 2408 terra;
1724 2359 1899 2413 eoque
1924 2347 2040 2404 lteri

466 2431 526 2477 ut
549 2423 701 2479 illinc
748 2440 843 2493 per
892 2426 1258 2497 praecipitium
1321 2429 1646 2486 delabantur
1702 2433 1849 2489 ﬂuvii
1891 2446 2041 2495 tanto

465 2531 590 2569 cum
614 2516 837 2585 impetu,
863 2530 1130 2587 quantum
1161 2522 1344 2577 verbis
1367 2525 1674 2593 exprimere
1699 2543 1805 2581 non
1839 2532 2039 2598 possis,

464 2622 641 2678 eoque
666 2608 866 2680 impetu
910 2611 1152 2681 impulsi,
1185 2616 1465 2685 pressique
1511 2619 1613 2672 sub
1655 2624 1846 2675 oceani
1904 2625 2039 2678 vada

470 2699 769 2781 rapiantur,
829 2703 974 2756 umle
1039 2720 1229 2760 rursus
1258 2708 1542 2775 prosiliant
1574 2710 1957 2782 ebulliantque
1985 2714 2039 2770 in

470 2791 571 2844 hoc
600 2807 630 2846 a
663 2792 820 2847 nobis
850 2794 999 2848 culto
1030 2797 1182 2852 orbe.
1209 2797 1345 2852 Nam
1369 2798 1464 2868 qui
1520 2814 1694 2870 aquas
1729 2806 1782 2857 in
1805 2807 2040 2863 sublimo

468 2881 690 2945 ducere,
727 2892 889 2953 atque
915 2901 980 2940 ex
1005 2887 1134 2942 altis
1185 2889 1495 2959 erectisque
1538 2893 1821 2950 canalibus
1875 2898 2040 2955 veluti

470 2971 795 3042 siphonibus
844 2976 1178 3045 profundere
1204 2979 1475 3044 laborant,
1514 2981 1548 3036 ii
1579 2997 1644 3038 ex
1680 2985 1841 3055 longo
1868 2988 2043 3045 inter-

2141 482 2397 538 salsiores
2454 484 2707 546 evadunt,
2765 498 2864 537 cur
2914 497 3024 537 non
3084 481 3526 538 existimabimus
3596 484 3714 539 illos

2138 592 2356 647 quoque
2382 577 2577 634 ﬂuvios
2610 578 2873 649 tantisper
2920 579 3049 632 dum
3111 592 3208 647 per
3256 577 3631 633 beatissimum
3654 592 3716 634 ac

2144 670 2530 727 felicissimum
2566 672 2743 727 locum
2794 671 3111 741 paradisum
3162 670 3383 738 ﬂuunt,
3427 670 3715 740 iucundis-

2141 766 2280 821 simo
2315 776 2480 835 atque
2523 764 2854 821 suavissimo
2888 780 3084 836 sapore
3115 780 3239 821 esse
3268 783 3283 833 ;
3348 766 3400 819 in
3435 765 3542 819 hoc
3586 781 3712 821 vero

2143 857 2502 912 exsecrabilis
2537 866 2739 912 nostra:
2769 867 2949 912 tractu
2978 866 3136 912 terrm
3177 858 3245 912 de
3298 857 3388 912 illa
3445 860 3714 911 suavitate

2142 951 2438 1021 plurimum
2466 950 2782 1006 remittere?
2816 950 2983 1007 Porro
3004 952 3194 1007 beatus
3218 951 3397 1008 Moses
3421 960 3475 1007 et
3501 955 3717 1007 nomina

2144 1044 2359 1099 illorum
2389 1054 2627 1113 quatuor
2664 1043 2979 1107 ﬂuviorum,
3004 1052 3058 1098 et
3100 1044 3214 1098 loca
3248 1060 3343 1114 per
3374 1062 3498 1115 qua)
3532 1044 3718 1099 ferun-

2143 1145 2251 1202 tur,
2308 1138 2526 1207 aliaque
2582 1137 2773 1191 eodem
2809 1139 3114 1207 spectantia
3168 1137 3371 1191 diserte
3401 1136 3718 1205 explicavit,

2145 1239 2205 1284 ut
2238 1245 2358 1300 quae
2392 1230 2481 1283 illa
2512 1238 2671 1284 aetate
2728 1244 2834 1282 non
2898 1229 3078 1299 ignota
3145 1238 3371 1283 essent:
3414 1229 3491 1282 ait
3526 1230 3672 1283 enim
3704 1246 3717 1282 :

2146 1320 2353 1376 Nomen
2417 1323 2575 1375 unius
2653 1317 2881 1383 Phison,
2938 1322 3029 1389 qui
3075 1320 3371 1389 perlabitur
3417 1322 3716 1374 universam

2148 1426 2342 1470 terram
2396 1414 2625 1480 Hauilae,
2696 1415 2805 1468 illic
2855 1424 2932 1467 eu
2979 1430 3195 1475 nurum,
3248 1425 3298 1467 et
3346 1413 3459 1479 ejus
3490 1414 3721 1482 regionis

2146 1522 2333 1559 aurum
2401 1514 2662 1574 pra'stans
2722 1512 2841 1565 est;
2894 1502 3005 1554 illic
3082 1500 3368 1565 Bedolneh,
3410 1514 3723 1570 gemma-qm.

2146 1598 2333 1654 Berilli
2358 1615 2378 1661 ς
2408 1598 2565 1666 quasi
2597 1597 2743 1650 dicat
2770 1613 2783 1647 :
2823 1593 2975 1649 Unus
3011 1594 3227 1647 illorum
3253 1603 3495 1662 quatuor
3524 1591 3721 1647 ﬂuvio-

2148 1706 2275 1746 rum
2354 1689 2560 1744 Phison
2598 1691 2674 1759 (5)
2743 1698 2989 1753 vocatur,
3024 1687 3117 1755 qui
3168 1687 3257 1740 ubi
3297 1686 3364 1740 ab
3396 1685 3600 1755 ingenti
3634 1684 3722 1740 illc

2146 1778 2366 1834 ﬂumine
2397 1778 2630 1833 medium
2665 1776 2946 1845 perluente
2969 1774 3278 1844 paradisum
3309 1773 3588 1827 derivatus
3618 1781 3721 1834 est.

2146 1873 2387 1943 atquein
2425 1881 2625 1926 terram
2660 1870 2762 1925 sub
2802 1867 3006 1924 Oceani
3033 1869 3167 1921 vade
3220 1882 3278 1921 se
3316 1865 3541 1935 recepit,
3596 1878 3723 1917 rur-

2143 1982 2238 2022 sus
2262 1966 2492 2035 prosilit,
2521 1965 2742 2029 emicat,
2774 1961 3114 2029 scaturitque
3164 1960 3219 2014 in
3254 1956 3494 2014 Occidua
3536 1955 3725 2012 mundi

2145 2059 2385 2129 regione,
2418 2058 2561 2112 unde
2591 2054 3082 2125 Septentrionaletn
3139 2063 3351 2120 petens,
3413 2058 3585 2103 totam
3643 2045 3731 2100 ln-

2143 2152 2335 2206 dorutn
2364 2149 2623 2204 ditionem
2684 2145 2836 2201 alluit
2882 2145 3020 2216 (haec
3065 2142 3211 2198 enim
3256 2140 3459 2194 tiavilaz
3505 2138 3733 2193 nomine

2146 2242 2531 2315 signiﬁcatur),
2590 2256 2653 2296 ac
2707 2239 2926 2295 tandem
2981 2238 3036 2292 in
3094 2251 3243 2291 mare
3270 2234 3489 2290 desinit.
3542 2231 3732 2288 Graece

2148 2334 2345 2390 Phison
2413 2331 2620 2386 Diiobis
2684 2339 2928 2384 vocatur.
2996 2325 3203 2382 Ferunt
3266 2335 3447 2381 autem
3491 2326 3733 2395 pteram-

2142 2441 2250 2497 que
2290 2425 2424 2496 ripae
2474 2424 2639 2493 hujus
2683 2423 2829 2478 ﬂuvii
2874 2436 3097 2477 arenam
3157 2428 3325 2488 atque
3376 2418 3537 2471 etiam
3589 2416 3731 2469 alvei

2142 2526 2436 2589 praestante
2457 2531 2593 2571 auro
2624 2515 2996 2577 abundare,et
3011 2513 3240 2583 gemmis
3266 2511 3522 2580 pretiosis
3552 2527 3565 2575 ;
3604 2524 3733 2563 nam

2140 2626 2247 2668 vox
2277 2610 2525 2672 Hebraea,
2560 2608 2812 2669 Bedotah,
2832 2608 3159 2678 margaritas
3189 2603 3481 2674 significat.
3518 2601 3732 2657 Secum

2143 2702 2196 2759 di
2225 2701 2371 2755 ﬂuvii
2405 2715 2603 2755 nomen
2653 2709 2736 2753 est
2763 2697 2975 2753 Gehon.
3014 2697 3066 2752 Is
3112 2704 3366 2767 peragrat
3415 2695 3733 2750 universam

2146 2803 2348 2849 terram
2408 2792 2581 2854 Chus,
2644 2791 2711 2845 id.
2743 2801 2848 2855 est,
2886 2788 3216 2859 Ethiopim;
3276 2785 3738 2842 hicanonnullis

2144 2888 2307 2944 etiam
2332 2886 2534 2943 Sichor
2569 2884 2645 2956 (ὃ)
2684 2883 3007 2953 appellatur.
3061 2881 3235 2937 Graeci
3268 2879 3452 2935 Nilum
3482 2888 3686 2935 vocant
3714 2897 3729 2934 :

2144 2980 2238 3051 qui
2272 2994 2302 3034 a
2332 2994 2528 3049 magno
2586 2978 2812 3031 numine
2871 2976 3172 3045 digressus,
3236 2982 3401 3044 atque
3430 2972 3531 3029 sub
3562 2973 3739 3029 maris

471 3061 613 3117 vallo
667 3072 999 3122 cataractam
1034 3069 1148 3124 sive
1203 3073 1563 3143 praecipitium
1599 3075 1732 3145 ipsis
1768 3081 2043 3148 quoddam
2073 3084 2119 3146 ο
2148 3070 2376 3127 fundum
2403 3069 2676 3138 delapsus,
2702 3068 2917 3134 prosilit
2939 3067 3155 3121 tandem
3177 3067 3479 3138 ebullitque
3500 3066 3553 3120 in
3578 3066 3739 3135 plaga

471 3155 580 3209 alta
613 3155 913 3214 devexitate
940 3161 1231 3231 ahruptmn
1258 3174 1421 3234 atque
1445 3166 1669 3223 difficile
1703 3185 2046 3242 comparant,

473 3264 569 3319 per
598 3250 741 3320 quod
772 3250 893 3307 detu
906 3254 1072 3308 rhatae
1100 3272 1295 3326 magno
1318 3275 1440 3314 cum
1477 3261 1679 3332 impetu
1708 3268 1810 3321 sub
1837 3275 2041 3325 terram

473 3344 778 3428 condantur
812 3346 957 3403 :sub
984 3364 1089 3416 qua
1128 3360 1416 3421 postquam
1451 3365 1676 3420 coactae,
1731 3367 1895 3430 atque
1946 3378 2047 3419 suo

474 3437 713 3507 ipsarum
746 3439 948 3511 impetu
971 3455 1171 3510 pressa:
1194 3443 1556 3516 aliquousque
1579 3448 1804 3516 ﬂuxere,
1834 3456 2046 3511 tandem

473 3544 570 3599 per
624 3530 839 3584 canales
900 3531 1020 3587 illos
1045 3549 1242 3605 magna
1294 3536 1343 3590 vi
1395 3553 1502 3608 qua
1560 3556 1624 3596 cx
1658 3548 1921 3614 przeeipiti
1957 3548 2050 3603 illo

470 3635 604 3676 casu
648 3631 928 3691 urgentur.
952 3639 1172 3679 sursum
1214 3628 1474 3685 emicant.
1509 3630 1632 3686 ﬂare
1657 3634 1729 3688 ita
1762 3652 1820 3691 se
1849 3638 2049 3693 habere

469 3712 727 3767 dominus
769 3716 961 3789 etiam.
995 3714 1266 3786 Ephrann,
1302 3729 1358 3776 et
1386 3738 1509 3777 cum
1568 3740 1633 3779 eo
1662 3726 1913 3786 doctores
1957 3731 2047 3785 alii

474 3802 788 3860 affirmant:
821 3822 993 3876 quare
1025 3823 1126 3863 nos
1156 3826 1376 3881 quoque
1435 3816 1662 3871 libenter
1694 3824 2047 3879 assentimur.

468 3892 743 3949 Caeterum
792 3897 937 3966 quod
983 3899 1051 3952 ad
1101 3914 1349 3970 saporem
1397 3917 1625 3972 spectat,
1681 3909 1896 3967 idemne
1942 3914 2051 3968 illis

471 3984 632 4055 aquis
663 3995 879 4043 maneat
913 3990 1053 4059 apud
1082 4006 1205 4054 nos,
1242 3996 1333 4062 qui
1360 3994 1537 4051 fuerat
1566 3999 1618 4051 in
1656 4001 1932 4067 paradiso,
1978 4020 2047 4059 an

476 4078 701 4135 minimc
736 4097 749 4134 :
780 4096 881 4135 nos
903 4086 1262 4150 pronuntiare
1292 4102 1398 4141 non
1429 4088 1770 4158 dubitamus,
1805 4094 1857 4147 in
1889 4111 2051 4164 para-

476 4172 597 4227 diso
629 4187 746 4229 esse
777 4185 994 4245 gustatu
1043 4177 1384 4246 gratissimas
1414 4183 1901 4256 suavissimasque,
1929 4188 2053 4245 inde

476 4274 658 4324 autem
688 4283 1028 4338 progressas,
1090 4270 1386 4341 plurimum
1437 4277 1726 4333 suavitatis
1778 4280 2049 4348 amittere,

478 4359 750 4417 acredinia
778 4376 907 4416 Vero
932 4364 1278 4430 contrahere,
1298 4383 1422 4422 eum
1446 4368 1577 4425 illud
1609 4372 1841 4438 paradisi
1872 4374 2050 4428 solum

479 4454 598 4509 tzeta
652 4453 744 4511 Dei
793 4457 1105 4526 precatione
1168 4458 1386 4514 beatum
1443 4475 1498 4515 et
1553 4462 1680 4519 felix
1705 4463 1816 4529 sit;
1851 4474 1909 4521 at
1945 4466 2049 4524 hoc

478 4562 722 4609 nostrum
783 4564 1007 4619 contra,
1069 4558 1445 4614 exsecratione
1497 4559 1684 4615 infelix
1750 4571 1806 4615 et
1869 4563 2042 4620 triste.

476 4646 754 4709 Quantum
803 4645 969 4715 igitur
1019 4646 1247 4704 interest
1302 4648 1444 4705 inter
1500 4665 1626 4705 eum
1692 4650 1897 4707 fontem
1952 4654 2042 4710 cui

477 4735 807 4791 benedicunt
834 4752 1045 4803 omnes,
1070 4751 1125 4793 et
1154 4756 1278 4794 eum
1310 4756 1474 4812 quem
1525 4758 1686 4798 nemo
1749 4760 1857 4799 non
1901 4746 2051 4801 dete-

480 4837 656 4883 statur
688 4846 704 4895 ;
741 4837 949 4885 tantum
1003 4831 1177 4886 diﬂert
1206 4835 1475 4905 suavitate
1524 4845 1688 4905 atque
1714 4839 2052 4903 animuitate.

482 4920 699 4976 illorum
734 4918 1019 4977 ﬂuviorum
1070 4939 1235 4994 sapor
1266 4904 1425 4997 quem
1457 4904 1509 4981 in
1541 4904 1819 4997 paradiso,
1867 4932 1937 4987 ab
1986 4947 2055 4987 co

480 5030 648 5082 quem
683 5016 823 5085 apud
852 5031 953 5071 nos
980 5016 1251 5074 obtinent.
1278 5018 1413 5076 Nam
1450 5022 1495 5077 si
1550 5031 1825 5079 nostrates
1876 5041 2054 5096 aquae,

485 5107 651 5163 unius
680 5108 1035 5180 ejusdemque
1060 5120 1267 5166 naturre
1301 5131 1424 5167 cum
1459 5114 1587 5181 sint,
1623 5131 1719 5185 pro
1746 5117 1844 5172 soli
1881 5117 2058 5173 indole

565 5315 640 5381 t5)
668 5312 823 5369 Unde
857 5315 962 5369 hoc
1029 5331 1225 5371 nomen
1283 5318 1478 5371 habeat
1537 5318 1747 5373 nescire
1777 5317 2071 5383 mefateor,

488 5388 629 5457 intra
683 5396 870 5457 autem
906 5386 1067 5440 habet
1097 5386 1327 5456 Dijnbis,
1358 5404 1479 5457 cap.
1510 5386 1604 5442 28.

561 5455 870 5529 (6)_Si_ehnr
902 5472 1004 5529 vox
1033 5469 1123 5529 est
1158 5455 1440 5511 llebraica‘
1482 5457 1799 5529 significans
1855 5462 2065 5529 nigrum

490 5542 554 5600 ac
586 5525 859 5600 rubidam.
890 5523 1045 5592 Quod
1065 5538 1245 5600 autem
1266 5523 1601 5600 Nilusgctia'ttt
1623 5543 1650 5579 a
1676 5523 1945 5583 veteribus
1974 5530 2071 5600 μέ-

495 5598 589 5717 ).πέ
615 5597 791 5651 dictus
818 5598 891 5653 sit
936 5606 1168 5653 testatur
1205 5598 1529 5653 l’lttturclttts
1568 5597 1751 5655 libello
1787 5600 1857 5655 De
1894 5597 2069 5668 [inini-

497 5683 546 5717 m
589 5682 675 5717 ua.

497 5682 675 5722 "illul.

572 5737 647 5811 (ἴ)
684 5735 892 5805 Melius,
925 5739 977 5795 in
1014 5739 1488 5812 chitcrraneum,
1520 5762 1641 5812 cap.
1676 5743 1763 5799 28.

2150 3162 2512 3226 meridionali,
2547 3172 2711 3231 atque
2742 3162 3056 3218 universam
3087 3159 3409 3231 Aithiopum
3444 3161 3733 3229 regionem

2149 3271 2470 3329 peragrans.
2501 3256 2719 3310 demum
2748 3255 2800 3309 in
2828 3254 3053 3308 Adriam
3083 3262 3411 3308 exoneratur
3442 3253 3519 3320 (7)
3545 3253 3739 3321 :quod

2151 3366 2301 3406 mare
2354 3350 2567 3421 Egypti
2640 3348 2774 3404 fines
2830 3348 3007 3403 alluit.
3047 3346 3269 3403 Tertius
3300 3345 3498 3402 ﬂuvius
3523 3346 3738 3409 Dictat,

2153 3445 2256 3500 hoc
2284 3451 2390 3509 est,
2424 3441 2625 3513 Tigris,
2664 3451 2854 3498 contra
2884 3442 3043 3497 Attur
3076 3440 3157 3511 (8)
3202 3437 3343 3494 ﬂuit.
3384 3438 3629 3504 Quartus
3656 3447 3744 3493 est

2152 3535 2375 3601 Perath,
2435 3536 2487 3589 id
2538 3544 2643 3597 est,
2696 3533 3017 3601 Euphrates.
3057 3532 3123 3586 Et
3167 3532 3220 3587 hi
3254 3545 3475 3603 quoque
3496 3531 3634 3593 duo.
3669 3530 3743 3586 ab

2153 3628 2249 3683 illo
2274 3626 2565 3698 grandiore
2593 3625 2828 3688 diducti,
2858 3635 2913 3680 et
2942 3623 3047 3681 sub
3076 3638 3226 3679 mare
3256 3624 3421 3677 mersi
3460 3628 3743 3693 prodeunt

2153 3720 2367 3775 tandem
2413 3718 2467 3773 in
2533 3718 2710 3773 medio
2776 3717 2880 3773 hoc
2919 3725 3109 3773 nostro
3128 3716 3260 3771 urbe
3281 3714 3478 3771 vicinis
3504 3717 3651 3772 inter
3683 3698 3746 3771 se

2153 3811 2395 3868 fontibus
2433 3809 2741 3880 perluitque
2766 3808 2938 3864 Diclat
2964 3808 3283 3864 orientalem
3318 3807 3745 3879 Mesopotamia:

2153 3903 2463 3975 regionem;
2495 3912 2679 3971 quem,
2711 3912 2770 3956 ut
2798 3900 2995 3956 Perath
3026 3908 3205 3955 tractu
3263 3900 3448 3957 vicino
3486 3902 3746 3973 aliquau-

2151 3998 2244 4052 diu
2280 3997 2570 4051 comitatus
2600 4002 2703 4059 est,
2725 3995 2982 4050 labuntur
3022 3994 3185 4049 ambo
3214 3993 3268 4049 in
3299 4011 3555 4068 magnum
3594 4012 3747 4052 mare

2152 4090 2410 4146 australze
2438 4088 2619 4142 Bosrae
2651 4087 2753 4157 (9).

2722 4178 2953 4235 CAPUT
3007 4179 3175 4237 XXII.

2233 4273 2360 4329 Tria
2391 4274 2509 4327 loco
2545 4288 2643 4341 pro
2686 4272 2893 4327 Adamo
2958 4274 3174 4328 condita
3214 4291 3247 4330 α
3294 4274 3399 4330 Deo
3427 4306 3497 4318 —-
3547 4274 3747 4332 Solent

2154 4368 2376 4440 quidam
2412 4366 2743 4438 percontari,
2800 4366 2932 4438 quid
2977 4366 3187 4423 Adamo
3212 4366 3446 4439 Evaque
3495 4365 3745 4425 futurum

2158 4464 2368 4529 fuisset,
2399 4464 2444 4519 si
2509 4462 2820 4532 impositam
2876 4460 2981 4516 sibi
3030 4478 3058 4515 a
3096 4459 3206 4517 Deo
3252 4460 3421 4532 legem
3476 4460 3530 4515 in
3579 4474 3748 4531 para-

2154 4559 2276 4613 diso
2371 4572 2477 4611 non
2561 4554 2871 4625 fregissent.
2960 4553 3056 4609 His
3118 4554 3552 4625 respondemus.
3610 4554 3747 4611 sub-

2153 4651 2429 4706 vehendas
2461 4648 2630 4705 fuisse
2654 4662 2722 4703 ex
2752 4646 3008 4717 paradiso
3032 4662 3198 4717 supra
3246 4647 3353 4703 hoc
3379 4647 3504 4703 cmli
3556 4645 3748 4702 ﬂrma-

2159 4751 2401 4799 mentum
2432 4742 2576 4812 quod
2610 4755 2773 4810 supra
2798 4754 2898 4796 nos
2933 4739 3169 4810 positum
3221 4738 3521 4803 intuemur,
3579 4746 3749 4808 atque

2159 4839 2212 4892 in
2250 4837 2457 4895 caelesti
2504 4848 2673 4905 regno
2700 4835 2976 4903 voluptate
3008 4832 3309 4890 incredibili
3359 4840 3416 4887 et
3456 4832 3751 4887 immorta-

2156 4932 2310 4988 litate
2335 4946 2562 5002 prorsus
2580 4929 2817 4984 beandos
2841 4943 2857 4992 ;
2888 4926 2990 4981 hoc
3004 4926 3148 4982 enim
3166 4924 3375 4996 prtemii
3403 4934 3566 4994 atque
3584 4922 3747 4993 pretii

2159 5041 2259 5097 pro
2284 5025 2570 5082 observata
2614 5022 2730 5093 lege
2764 5021 3003 5076 dandum
3042 5019 3148 5075 illis
3208 5016 3396 5075 fuisse.
3431 5015 3559 5073 Tria
3593 5016 3745 5071 enim

2160 5119 2279 5173 loca
2313 5117 2630 5173 condiderat
2656 5130 2753 5186 pro
2784 5113 2992 5169 Adamo
3050 5112 3192 5168 Deus
3219 5129 3234 5167 ;
3263 5111 3483 5176 celum,
3525 5107 3747 5180 paradi-

2251 5316 2327 5387 (8)
2357 5316 2554 5377 Ascur,
2588 5314 2751 5387 infra:
2794 5313 2991 5387 Tigrin
3011 5313 3187 5387 etiam
3214 5309 3382 5387 hodie
3419 5308 3545 5387 Syri
3574 5310 3750 5387 Diclat

2170 5381 2331 5457 vulgo
2370 5398 2567 5440 vocant
2593 5406 2607 5451 ς
2641 5397 2693 5442 et
2724 5381 2935 5439 Plinius
2965 5384 3123 5457 aliine
3157 5383 3436 5457 vocabulo
3464 5381 3745 5453 ‘Diglitum

2171 5452 2498 5524 anni-Italum
2530 5465 2819 5519 memorat,
2859 5472 2964 5526 qurt
2999 5456 3174 5510 lenior
3206 5452 3346 5517 ﬂuit,
3384 5453 3479 5508 lib.
3504 5452 3581 5518 vr,
3617 5466 3743 5523 cap.

2170 5530 2260 5585 '27.

2258 5599 2335 5666 (9)
2385 5598 2611 5653 Bosram
2651 5597 2804 5650 aiunt
2858 5596 2977 5666 Syri
3039 5594 3228 5666 urbem
3279 5608 3402 5648 esse
3461 5595 3528 5646 ad
3560 5593 3745 5647 sinum

2179 5663 2487 5730 Persicum,
2518 5668 2715 5736 alioqui
2752 5663 2915 5719 Amos
2953 5683 3009 5723 tl.
3043 5663 3351 5736 ingldumca
3388 5670 3703 5719 l‘t‘t'CllSCltl‘

2181 5753 2231 5795 ct
2260 5742 2399 5811 apud
2431 5734 2742 5805 Jcrcndam,
2780 5757 2828 5791 ι’.
2872 5736 2958 5802 i8,
2998 5737 3049 5791 in
3078 5734 3386 5790 Moabitidc.
