4054 6138
315 374 414 442 513

1455 374 1551 435 DE
1589 373 1993 435 PARADISO.
2032 398 2099 408 -
2142 374 2335 434 PARS
2382 375 2429 434 Ι.

3475 372 3578 445 514

312 507 457 557 sum,
486 503 541 546 et
573 490 713 545 hanc
764 504 883 560 qua:
939 495 1091 543 extra
1149 487 1463 558 paradisum
1520 497 1603 544 est
1662 497 1856 541 terram
1887 505 1899 540 :
1933 494 1977 551 Α
2007 500 2255 557 parentes
2278 486 2447 541 nostri
2478 486 2749 542 cavissent
2772 486 2874 543 sibi
2900 497 3062 559 atque
3099 491 3383 545 lnmiinum
3415 506 3572 547 suum

313 584 477 651 idque
511 582 615 635 hac
639 580 943 649 justissima
990 580 1199 633 ratione
1252 579 1460 633 scilicet
1491 590 1548 633 ut
1588 579 1741 632 illum
1778 594 1807 631 a
1838 593 1897 634 se

311 673 567 729 en‘eclum
598 673 890 727 oblectaret
925 672 977 723 in
1014 670 1285 740 paradiso,
1317 673 1480 726 simul
1515 680 1570 725 et
1592 670 1894 740 periculum

313 765 558 829 Iaceret,
614 765 989 834 morigerusne
1049 762 1189 817 foret
1253 764 1305 817 in
1375 763 1707 819 observanda
1761 764 1896 836 lege,

313 875 387 914 an
421 859 687 913 rebellis:
750 867 802 912 et
854 857 1127 926 morigero
1178 858 1396 926 quidem
1446 860 1725 927 prmmium
1768 851 1897 911 culti

315 954 574 1025 prmeepti
619 952 842 1006 daretur
877 966 1097 1017 regnum
1134 951 1380 1016 cmleste,
1414 951 1465 1004 in
1499 965 1609 1020 quo
1644 966 1705 1005 ex
1735 965 1899 1020 para-

311 1048 438 1100 diso
463 1044 867 1105 sustolleretur,
903 1054 963 1097 ut
1014 1044 1085 1097 ibi
1126 1044 1305 1099 omnis
1328 1059 1523 1113 expers
1550 1046 1900 1100 mortalitatis

320 1140 379 1191 in
410 1152 624 1191 summa
657 1137 934 1206 voluptate
991 1136 1150 1191 vitam
1186 1140 1449 1207 agitaret;
1498 1139 1718 1193 rebellis
1767 1153 1899 1194 vero

314 1236 485 1297 atque
515 1229 898 1296 praevaricator
957 1243 987 1281 e
1018 1229 1270 1297 paradiso
1298 1230 1352 1283 in
1385 1230 1523 1284 hanc
1556 1231 1897 1286 nialedictam

315 1328 520 1372 teriam
552 1319 949 1375 detruderemr.
984 1319 1117 1375 Nam
1152 1331 1203 1375 et
1234 1321 1405 1391 angeli
1434 1323 1588 1391 jussa
1616 1330 1899 1392 peragunt,

314 1410 626 1481 divinaeque
664 1412 927 1466 voluntati
964 1414 1328 1483 obsequentes
1356 1424 1506 1481 sunt,
1540 1431 1646 1468 n'in
1684 1416 1891 1484 absque

313 1515 414 1569 spe
451 1501 655 1569 prazmii
686 1504 829 1571 quod
870 1503 1001 1572 ipsis
1027 1506 1245 1557 dabitur
1266 1512 1387 1573 post
1419 1506 1723 1576 generalem
1751 1521 1899 1559 mor-

316 1594 509 1647 talium
542 1597 997 1650 resurrectionem
1033 1596 1143 1665 (lO)
1175 1614 1189 1650 :
1220 1599 1381 1669 igitur
1407 1598 1450 1651 si
1479 1600 1655 1668 angeli
1680 1615 1741 1653 ea
1774 1615 1896 1653 cum

313 1703 417 1756 spe
448 1687 544 1742 Dei
579 1689 784 1743 cultum
814 1701 1208 1759 exsequuntur,
1272 1693 1444 1745 Adam
1493 1709 1710 1763 quoque
1737 1703 1901 1764 atque

316 1777 429 1832 Eva
466 1793 590 1832 cum
638 1781 784 1836 omni
815 1796 911 1835 sua
944 1782 1264 1851 posteritate
1304 1782 1405 1853 legi
1433 1783 1628 1839 divina:
1662 1786 1713 1840 in
1748 1801 1901 1857 para-

313 1870 440 1927 diso
467 1871 570 1926 hac
606 1887 702 1941 spe
725 1872 1053 1941 paruissent,
1086 1874 1454 1942 virtutemque
1504 1878 1892 1941 excoluissent,

313 1964 464 2032 quod
492 1964 617 2018 inde
644 1965 711 2019 ad
738 1966 862 2020 coeli
904 1982 1125 2036 regnum
1148 1974 1332 2021 essent
1350 1968 1633 2023 eveliendi.
1656 1967 1898 2023 Eﬂicitur

312 2068 451 2123 ergo
484 2064 544 2109 ut
579 2058 1034 2125 quemadmodum
1068 2058 1262 2127 abiecti
1312 2071 1440 2114 sunt
1487 2060 1540 2114 iu
1574 2059 1714 2116 hanc
1748 2063 1899 2116 dete-

315 2148 572 2204 stabilem
610 2159 805 2204 terram
858 2160 1079 2221 propter
1108 2168 1267 2207 suum
1297 2165 1575 2224 peccatum
1618 2154 1898 2226 legemque

317 2238 415 2295 Dei
448 2242 726 2304 violatam,
758 2243 831 2298 ita
859 2242 905 2298 si
944 2244 1076 2315 legis
1128 2245 1482 2302 observantes
1544 2250 1898 2317 mansissent,

316 2330 563 2386 futurum
597 2331 791 2397 fuisse,
827 2345 884 2389 ut
905 2336 1127 2392 cmleste
1160 2351 1388 2408 regnum
1444 2340 1898 2405 conscenderent,

317 2434 483 2491 atque
511 2424 644 2479 inibi
676 2426 730 2479 in
776 2425 986 2482 deliciis
1042 2439 1361 2498 perpetuum
1400 2430 1659 2501 degerent
1696 2449 1895 2488 sevum.

321 2511 449 2568 "ac
481 2514 555 2568 ita
574 2528 698 2570 esse
746 2523 973 2571 testatur
1021 2516 1315 2588 Gregorius
1342 2517 1649 2591 Theologus
1682 2537 1743 2576 ea
1772 2540 1897 2579 ora-

319 2609 469 2662 tione
497 2623 662 2677 quam
697 2609 919 2679 scripsit
950 2611 1005 2666 in
1036 2612 1371 2667 Dominicam
1420 2630 1638 2681 novam,
1673 2616 1755 2670 bis
1779 2633 1899 2671 ver-

325 2699 405 2753 bis
442 2715 458 2753 :
494 2699 551 2753 Si
582 2702 975 2757 mansisscmus
1015 2704 1065 2756 id
1126 2706 1271 2774 quod
1322 2722 1564 2770 eramus,
1619 2710 1900 2778 legemque

328 2789 417 2845 Dei
453 2790 927 2857 observassemus,
958 2793 1011 2849 id
1045 2792 1171 2850 facti
1214 2811 1458 2851 essemus
1490 2798 1632 2867 quod
1659 2814 1761 2852 non
1781 2801 1900 2854 fue-

328 2896 534 2947 tantus,
570 2898 662 2952 per
689 2899 972 2940 accessum
1009 2886 1267 2941 nimirum
1291 2887 1357 2941 ad
1392 2888 1596 2958 lignum
1626 2893 1748 2944 vita:
1778 2900 1902 2959 pom

321 2976 526 3046 lignum
558 2978 825 3033 scientiae.
886 2978 991 3033 Sed
1020 2980 1147 3050 quid
1182 2979 1306 3036 facti
1337 2982 1356 3034 Ξ
1388 2981 1514 3036 facti
1544 2982 1899 3049 immortales,

320 3081 486 3139 atque
521 3074 587 3124 ad
617 3068 785 3125 Deum
827 3073 1046 3141 propius
1095 3075 1346 3128 admissi.
1382 3073 1715 3130 Philoxenus
1764 3092 1901 3149 prai-

324 3172 471 3217 terea
523 3164 770 3219 oratione
825 3166 892 3219 de
946 3169 1409 3237 contemplatione
1470 3169 1598 3238 ligni
1649 3172 1772 3225 vita:
1822 3173 1972 3236 sicc

325 3256 517 3309 scribit
544 3270 559 3307 :
602 3254 745 3310 Deus
778 3269 884 3310 non
917 3259 1095 3312 solum
1131 3273 1225 3324 per
1261 3268 1469 3313 natura:
1496 3259 1816 3316 instinctum
1845 3273 1901 3319 et

327 3345 620 3415 Scriptum
671 3352 1047 3404 auctoritatem
1090 3352 1242 3406 ducit
1305 3368 1404 3408 nos
1458 3354 1510 3406 in
1562 3355 1898 3423 agnitionem

322 3442 707 3509 mysteriorum
770 3443 974 3509 crucis,
1028 3443 1122 3497 sed
1164 3460 1260 3514 per
1316 3446 1489 3514 ipsum
1533 3447 1698 3501 etiam
1736 3464 1898 3518 quem

320 3532 604 3585 conseruit
627 3534 960 3599 paradisum,
990 3550 1111 3605 qua:
1143 3537 1311 3605 prima
1353 3536 1455 3590 fuit
1483 3540 1696 3609 generis
1721 3541 1895 3594 nostri

322 3625 605 3678 habitatio.
644 3622 776 3678 Nam
810 3636 865 3680 ut
894 3632 1209 3697 angelorum
1243 3631 1400 3683 sedes
1422 3640 1504 3682 est
1539 3631 1763 3696 cadum,
1790 3634 1899 3687 da:-

323 3732 549 3772 monum
578 3732 706 3772 vero
757 3729 878 3786 post
927 3722 1166 3788 ipsorum
1220 3737 1409 3777 casum
1472 3739 1564 3778 aer
1603 3725 1896 3792 (nimirum

324 3811 503 3866 medio
527 3813 739 3882 positus
772 3812 948 3883 loco);
986 3815 1206 3884 insuper
1235 3816 1596 3870 animantium
1617 3819 1897 3871 brutorum

320 3913 375 3957 et
414 3904 697 3959 hominum
731 3916 851 3974 post
882 3907 1136 3960 violatam
1169 3908 1365 3979 legem,
1396 3908 1509 3961 haec
1544 3919 1685 3964 terra
1713 3910 1764 3963 in
1792 3925 1898 3978 qua

323 4010 471 4051 nune
530 4012 846 4064 versamur;
913 3998 1146 4067 denique
1204 3999 1431 4067 piscium
1498 4008 1551 4053 et
1596 4002 1897 4054 natatilium

322 4089 568 4141 omnium
615 4104 803 4159 aquae;
840 4101 1112 4157 postremo
1147 4092 1341 4144 animae
1397 4105 1595 4159 corpus
1650 4092 1704 4145 iu
1754 4095 1897 4161 quod

325 4182 559 4249 primum
591 4191 676 4237 est
707 4182 1001 4251 inspirata:
1039 4182 1118 4236 sic
1144 4199 1360 4253 quoque
1390 4183 1695 4241 destinatus
1723 4184 1902 4240 fuerat

324 4268 615 4337 paradisus
667 4277 723 4323 ut
767 4280 908 4325 esset
958 4270 1262 4335 hominum,
1315 4275 1627 4343 priusquam
1681 4291 1901 4344 peccas-

323 4372 465 4425 sent,
523 4360 881 4416 domicilium.
944 4364 1078 4417 (.um
1137 4379 1299 4432 porro
1363 4368 1417 4419 in
1458 4381 1524 4419 eo
1564 4367 1682 4421 leve
1737 4380 1899 4437 atque

324 4453 616 4508 observato
657 4454 813 4508 facile
852 4454 1162 4510 mandatum
1198 4458 1497 4527 accepisset
1557 4461 1817 4523 Adamus,
1851 4463 1896 4516 si

2002 579 2369 647 agnovissent,
2396 580 2623 648 ejusque
2646 580 2956 648 paruissent
2979 581 3169 651 jussis,
3189 592 3240 637 et
3270 584 3435 637 animi
3465 601 3579 637 mu-

2000 668 2226 722 destiatn
2267 669 2737 737 humilitatemque
2794 671 3183 737 retinuissent,
3239 690 3577 745 nequaquam

2000 761 2316 814 amisissent
2373 762 2422 815 id
2455 778 2564 830 quo
2622 763 2829 829 prmditi
2868 762 3078 819 fuerant
3112 767 3276 820 decus
3310 777 3470 835 atque
3494 784 3580 819 nr-

2001 858 2341 905 namentum.
2376 851 2620 922 Denique
2657 852 2911 907 dominus
2934 852 3170 909 Jacobus
3193 855 3575 920 Botnanensis,

2000 942 2249 997 oratione
2278 942 2347 997 de
2395 943 2572 1013 ejecto
2602 944 2814 999 Adamn
2854 956 3007 1001 extra
3070 950 3407 1018 paradisum,
3467 950 3581 1005 haec

2000 1037 2204 1106 scripta
2261 1037 2478 1107 reliquit
2518 1053 2532 1088 :
2579 1035 2906 1093 Coudidcrat
2948 1038 3087 1095 Deus
3150 1041 3439 1105 Adamuni,
3474 1058 3580 1096 non

2000 1143 2107 1198 quo
2142 1130 2394 1197 paradiso
2416 1130 2664 1197 pelleret,
2698 1130 2791 1185 sed
2824 1139 2882 1183 ut
2920 1133 3233 1199 p.ira:lisum
3268 1133 3433 1187 veluti
3458 1134 3582 1203 jure

2003 1220 2347 1273 iurreditario
2404 1222 2727 1286 possideret,
2766 1223 2817 1275 in
2860 1238 3034 1291 coque
3084 1225 3480 1292 dominaretur,
3515 1244 3582 1283 eo

2006 1312 2284 1365 hominem
2317 1314 2564 1375 tinxerat,
2599 1314 2796 1382 quippe
2832 1316 2991 1385 cujus
3026 1317 3195 1385 gratia
3232 1321 3393 1371 etiam
3419 1335 3583 1374 mun-

2003 1404 2129 1454 dum
2175 1404 2353 1472 ipsum
2404 1414 2735 1459 creaverat:
2799 1409 3153 1475 quamobrem
3207 1412 3370 1464 simul
3422 1422 3584 1482 atque

2001 1494 2251 1548 conditus
2300 1504 2407 1561 est,
2470 1496 2710 1550 incolere
2770 1501 3082 1566 paradisum
3133 1505 3322 1571 ccepit.
3364 1507 3584 1573 quando

2003 1584 2180 1637 adhuc
2214 1584 2361 1637 nulla
2390 1588 2702 1655 nuptiarum
2735 1589 2941 1642 mentio
2971 1599 3109 1645 erat.
3136 1590 3272 1645 Tum
3298 1608 3421 1647 max
3453 1597 3584 1650 sub-

1997 1677 2118 1745 jicit
2151 1695 2167 1734 :
2196 1674 2262 1730 Et
2291 1687 2349 1730 ut
2397 1681 2449 1730 in
2480 1680 2752 1747 paradiso,
2792 1682 2863 1734 itu
2894 1687 2946 1734 in
2985 1684 3124 1737 cmlo
3153 1698 3368 1753 quoque
3389 1688 3582 1741 victuri

2003 1780 2157 1823 erant
2194 1771 2246 1823 in
2284 1774 2610 1826 suavissima
2648 1790 2772 1827 cum
2829 1772 2938 1828 Deo
2978 1778 3391 1842 consuetudine,
3422 1790 3585 1848 atque

2001 1856 2373 1915 familiaritate
2392 1903 2406 1926 ,
2430 1872 2535 1914 etc.
2560 1862 3044 1933 Colligituritaque
3066 1881 3128 1919 ex
3165 1868 3248 1920 liis
3272 1879 3582 1950 sanctorum

1998 1952 2216 2006 Patrum
2245 1963 2405 2022 atque
2426 1957 2774 2022 probatorum
2804 1970 3087 2013 auctorum
3115 1960 3294 2025 dictis,
3317 1961 3583 2016 Adamum

1997 2057 2051 2100 et
2086 2044 2278 2110 Evam,
2325 2048 2370 2101 si
2400 2048 2637 2102 mandati
2676 2050 2842 2103 divini
2870 2051 3224 2106 observantes
3252 2057 3585 2109 mansissent

2001 2153 2182 2205 neque
2233 2140 2589 2207 deliquissent
2628 2142 2998 2197 sustollendos
3056 2144 3225 2200 fuisse
3257 2146 3310 2199 in
3359 2148 3584 2202 cmleste

2002 2246 2227 2300 regnum
2263 2247 2425 2300 supra
2469 2231 2897 2299 firmamentum,
2933 2235 3022 2289 ubi
3054 2252 3279 2304 prorsus
3302 2238 3583 2291 immorta-

2000 2322 2150 2375 litate
2179 2324 2383 2387 donati,
2416 2325 2467 2377 in
2497 2325 2823 2394 sempiterna
2844 2328 3414 2396 vixissentvoluptate.
3439 2328 3581 2395 Quin

2002 2412 2106 2468 hec
2138 2416 2312 2483 ipsum
2346 2414 2542 2469 rationi
2603 2432 2757 2484 acque
2788 2427 2936 2472 certe
2983 2432 3408 2474 coosentaneum
3450 2432 3581 2485 est;

2002 2518 2057 2561 ut
2083 2506 2228 2560 enim
2290 2517 2508 2576 propter
2556 2508 2767 2562 violatae
2822 2508 2956 2579 legis
2990 2525 3270 2578 peccatum
3329 2516 3586 2581 paradiso

2000 2598 2263 2653 climinati
2308 2608 2457 2659 sunt,
2486 2609 2650 2668 atque
2706 2600 2757 2653 in
2790 2600 2932 2655 hanc
2980 2604 3320 2657 maledictum
3367 2605 3575 2658 detrusi

2002 2700 2226 2753 terram,
2257 2692 2329 2743 ita
2362 2694 2406 2742 si
2430 2690 2813 2760 divinisjussis
2834 2697 3383 2763 obtemperavissent,
3408 2711 3584 2767 coque

1997 2783 2132 2854 justi
2173 2782 2347 2838 enecti
2387 2784 2640 2852 fuissent,
2678 2787 2781 2840 hoc
2834 2797 2992 2840 erant
3024 2790 3249 2857 praemio
3274 2791 3581 2856 alliciendi;

2002 2880 2215 2932 Scilicet
2246 2888 2301 2931 ut
2339 2894 2404 2932 ex
2451 2878 2705 2947 paradiso
2739 2882 2792 2932 in
2822 2881 3043 2936 calcate
3078 2898 3304 2952 regnum
3347 2887 3585 2957 emigra-

2005 2979 2143 3033 rent,
2163 2986 2270 3040 quo
2310 2971 2434 3024 inde
2473 2973 2541 3024 ab
2568 2970 2700 3025 oibe
2723 2974 2942 3026 condito
2964 2973 3093 3043 ipsis
3119 2976 3294 3031 fuerat
3312 2986 3581 3046 paratum,

2005 3069 2063 3116 ut
2088 3061 2163 3115 ait
2193 3061 2477 3123 Dominus,
2531 3062 2595 3115 ad
2631 3064 2760 3117 Adae
2789 3073 2844 3118 et
2892 3061 3018 3118 Eva!
3048 3070 3442 3135 posteritatem.

2551 3152 2780 3209 CAPUT
2846 3156 3031 3210 XXIII.

2076 3246 2328 3312 Quandiu
2390 3250 2443 3301 in
2480 3249 2734 3317 paradiso
2785 3252 3105 3304 "transissent
3145 3255 3457 3321 priusquam
3516 3260 3584 3309 ad

2000 3342 2204 3396 (atcue
2238 3358 2449 3410 regnum
2482 3344 2791 3396 traducendi
2822 3344 3075 3412 fuissent,
3108 3350 3151 3400 si
3184 3365 3283 3403 non
3320 3353 3583 3421 deliquis-

2002 3445 2114 3485 sent
2133 3434 2293 3501 primi
2322 3448 2587 3501 parentes.
2620 3464 2692 3474 —
2741 3434 2846 3490 Sed
2876 3438 2988 3506 jam
3047 3445 3281 3508 quastio
3306 3448 3482 3499 oritur
3516 3450 3585 3502 de

2012 3525 2269 3593 temporis
2293 3528 2469 3595 spatio
2500 3530 2821 3596 quantisper
2853 3531 3062 3585 scilicet
3088 3535 3139 3585 in
3170 3536 3421 3603 paradiso
3452 3537 3585 3594 fuis-

2005 3625 2127 3669 sent
2148 3621 2542 3672 commoratnri
2572 3620 2734 3687 primi
2767 3623 2939 3675 nostri
2979 3636 3257 3692 parentes,
3289 3638 3580 3700 antequam

2001 3711 2068 3761 ad
2131 3711 2353 3762 cmleste
2414 3725 2639 3779 regnum
2695 3713 3092 3782 eiiiigrasseut,
3153 3716 3197 3770 si
3274 3724 3584 3787 paruissent

2003 3799 2200 3852 divina:
2232 3800 2354 3868 legi.
2386 3799 2671 3870 Tantisper
2696 3816 2828 3857 sane
2880 3804 3006 3856 dum
3073 3820 3172 3875 pro
3204 3807 3386 3864 divina
3418 3812 3584 3866 bene-

2000 3893 2237 3945 dictione
2279 3909 2294 3947 :
2353 3890 2584 3947 Crescite
2640 3905 2689 3948 et
2725 3896 3188 3967 multiplicamini,
3232 3903 3373 3956 aucti
3437 3906 3584 3973 prole

2003 3993 2165 4051 atque
2227 3986 2562 4055 multiplicati
2622 3987 2871 4044 homines
2929 4006 3218 4046 numerum
3276 4009 3583 4064 :equassent

2004 4075 2217 4129 Salaria:
2273 4087 2324 4129 et
2392 4092 2582 4130 earum
2633 4080 2914 4148 copiarum
2966 4096 3087 4150 qua:
3141 4098 3264 4135 cum
3314 4084 3429 4155 ipso
3484 4102 3582 4142 ex-

2001 4172 2240 4223 ciderant
2272 4173 2429 4225 t‘wlo.
2478 4173 2553 4223 lio
2599 4175 2742 4225 enim
2778 4189 3010 4228 nurnero
3065 4177 3299 4244 expleto,
3333 4181 3423 4248 qui
3482 4197 3579 4233 nu-

2002 4278 2186 4317 merus
2232 4264 2285 4315 in
2337 4262 2429 4316 Dei
2466 4265 2776 4333 cognitione
2810 4264 2914 4319 fuit
2965 4267 3237 4333 definitus,
3290 4275 3581 4341 elapsoque

1996 4354 2108 4423 jam
2162 4362 2275 4407 tum
2317 4354 2468 4424 justo
2521 4365 2805 4424 tempore;
2863 4357 3212 4412 traducturus
3267 4372 3383 4413 erat
3434 4363 3580 4431 ipsos

2004 4446 2146 4501 Deus
2178 4448 2229 4500 in
2263 4462 2487 4517 regnum
2520 4448 2763 4504 cmleste.
2812 4449 2942 4518 Ejus
2971 4450 3117 4504 enim
3154 4452 3227 4505 rei
3268 4454 3435 4522 gratia
3471 4464 3577 4509 tam

325 4548 412 4601 cui
460 4550 749 4617 paruisset,
776 4548 829 4601 in
857 4548 1059 4602 cmlum
1094 4550 1239 4605 illinc
1273 4549 1581 4605 evehendus
1615 4561 1733 4605 erat
1765 4570 1778 4605 :
1808 4555 1897 4607 illo

2004 4538 2321 4608 spatiosum,
2346 4540 2608 4608 amplum,
2634 4553 2886 4609 capacem
2910 4541 3223 4596 condiderat
3245 4546 3577 4613 paradisum,

327 4649 537 4709 spreto,
600 4640 799 4709 Deique
850 4642 1094 4711 neglecto
1125 4643 1311 4706 verbo,
1378 4658 1485 4699 non
1533 4646 1692 4699 modo
1726 4648 1903 4700 caruit

325 4734 483 4797 coelo,
512 4733 654 4801 quod
682 4732 783 4787 sibi
816 4733 1018 4802 alioqui
1053 4748 1173 4787 eum
1206 4735 1545 4805 incorporeis
1569 4737 1674 4791 illis
1726 4738 1901 4805 copiis

328 4838 619 4877 commune
656 4822 902 4877 Iutorum
950 4822 1175 4889 luisset;
1208 4840 1392 4879 verum
1434 4828 1598 4879 etiam
1622 4829 1897 4894 paradiso,

326 4915 418 4983 qui
447 4915 659 4969 medius
690 4926 806 4969 erat
828 4915 1009 4991 locus,
1042 4930 1139 4984 per
1173 4915 1523 4984 ignominiam
1552 4916 1792 4986 deiectus
1812 4927 1893 4971 est

329 5003 379 5059 iu
409 5007 550 5061 hanc
578 5016 778 5061 terram
836 5017 1055 5077 peccato
1105 5007 1420 5075 obnoxiam,
1472 5016 1530 5061 ut
1562 5008 1617 5062 in
1652 5023 1715 5062 ea
1770 5024 1894 5062 cum

329 5099 501 5155 brutis
574 5099 873 5169 pecudibus
944 5107 1273 5154 versaretur.
1325 5099 1590 5155 Praeterea
1646 5101 1898 5157 dominus

328 5188 563 5245 Joannes
581 5192 825 5246 oratione
856 5201 1043 5245 contra
1076 5207 1172 5245 eos
1199 5192 1288 5261 qui
1326 5192 1583 5245 mundum
1608 5194 1898 5262 gubernari

331 5297 360 5335 a
387 5283 721 5337 daemonibus
750 5293 958 5351 putant,
994 5284 1253 5351 scriptum
1283 5284 1497 5352 reliquit
1523 5285 1577 5337 in
1606 5287 1740 5338 hanc
1764 5300 1891 5338 scn-

334 5375 549 5427 teutiam
576 5390 587 5425 :
625 5370 680 5426 Si
707 5375 1005 5443 ejiciendus
1040 5382 1154 5426 erat
1185 5373 1353 5425 Adam
1384 5375 1452 5427 de
1500 5374 1772 5441 paradiso,
1799 5389 1897 5427 cur

334 5464 396 5519 ab
423 5465 577 5519 initio
608 5464 837 5519 donatus
859 5476 939 5520 est
968 5480 998 5518 a
1041 5464 1149 5519 Deo
1190 5464 1488 5533 paradiso?
1514 5474 1697 5518 nostra
1751 5474 1895 5518 terte

334 5570 489 5612 causa
518 5561 630 5611 han:
668 5558 739 5612 ita
790 5560 1009 5612 evenire
1054 5557 1355 5625 Oportebat.
1383 5554 1514 5608 Nam
1548 5556 1593 5609 si
1622 5557 1781 5623 primi
1817 5556 1890 5609 illi

402 5765 511 5835 μυ)
541 5767 706 5822 Caute
763 5770 877 5837 lege
915 5783 928 5821 :
991 5766 1125 5822 nihil
1178 5770 1324 5820 enim
1354 5767 1559 5836 prmmii
1592 5768 1898 5820 essentialis

339 5846 535 5907 πιιδιιιιε
560 5840 777 5894 obvenit
826 5849 918 5896 aut
953 5847 1230 5895 accrescet
1272 5848 1397 5905 post
1442 5839 1748 5907 generalem
1790 5841 1891 5891 ho-

2007 4638 2065 4683 ut
2095 4631 2365 4684 universa:
2394 4631 2699 4699 posteritati
2732 4633 2859 4687 Adae
2898 4634 3031 4688 satis
3069 4634 3122 4687 in
3166 4632 3282 4704 ipso
3307 4646 3451 4691 eSsct
3476 4638 3577 4693 loci

2010 4721 2074 4775 ad
2107 4722 2451 4775 morandum.
2485 4722 2542 4776 In
2572 4724 2672 4777 hac
2717 4724 2881 4778 etiam
2934 4727 3199 4780 sententia
3240 4739 3322 4782 est
3370 4727 3580 4797 Grego-

2003 4814 2116 4867 rius
2138 4811 2448 4884 Theologus
2474 4816 2602 4867 dum
2663 4814 2739 4869 ait
2778 4816 3041 4871 mundum
3083 4819 3441 4887 superiorem,
3487 4837 3581 4875 ex—

2002 4906 2135 4976 pleri
2156 4907 2352 4962 debere
2373 4923 2387 4968 ;
2410 4918 2561 4962 vocat
2595 4909 2740 4963 enim
2763 4910 3025 4963 mundum
3053 4911 3409 4979 superiorem,
3436 4929 3580 4983 ipsas

2005 5000 2254 5054 cmlestes
2279 4999 2483 5069 copias,
2513 5015 2742 5068 quarum
2770 5015 3057 5055 numerum
3078 5041 3095 5066 ,
3129 5004 3321 5056 diaboli
3373 5013 3426 5059 et
3458 4994 3580 5074 ejus

2006 5091 2282 5146 sociorum
2337 5107 2469 5147 casu
2508 5093 2860 5156 diminutum,
2908 5105 3097 5148 censet
3160 5097 3577 5150 instaurandum

2007 5196 2131 5237 esse
2182 5194 2347 5253 atque
2372 5185 2753 5252 supplendum,
2789 5184 2976 5239 ascitis
3011 5185 3231 5240 totidem
3267 5188 3321 5239 in
3361 5187 3576 5240 illorum

2005 5276 2098 5345 qui
2129 5276 2376 5330 excidere
2426 5277 2640 5340 locum;
2674 5276 2780 5331 hoc
2810 5286 2917 5338 εει,
2962 5280 3226 5332 traductis
3264 5279 3315 5331 in
3355 5280 3575 5334 emicsre

2004 5381 2228 5435 regnum
2284 5366 2615 5421 hominibus.
2677 5364 2967 5435 Gregorius
3012 5383 3231 5438 quoque
3287 5368 3576 5439 Nyssamus

2003 5459 2412 5515 Commentario
2436 5461 2503 5514 de
2542 5462 2941 5530 compositione
2992 5461 3254 5519 hominis.
3282 5465 3443 5533 capit.
3489 5466 3572 5527 I8,

2001 5553 2067 5607 ad
2091 5553 2234 5605 hunc
2262 5551 2480 5605 modum
2511 5553 2697 5607 scribit
2727 5569 2741 5608 :
2775 5552 2878 5607 Sed
2946 5554 3139 5608 modus
3176 5554 3261 5607 ille
3314 5557 3575 5623 llltliltpil-

2010 5766 2219 5819 minnm
2275 5764 2753 5823 resurrectionem,
2810 5763 2915 5817 nisi
2975 5772 3183 5816 tantum
3239 5765 3576 5821 accidcttlulc

2006 5834 2136 5891 Vide
2188 5836 2398 5889 Sixtum
2436 5842 2529 5890 lib.
2569 5851 2619 5903 v,
2655 5832 2928 5903 Biblioth.,
2972 5845 3155 5889 annot.
3206 5835 3319 5887 126.
