4054 6138
456 378 563 443 515

1738 378 1968 440 MOSIS
2012 378 2160 437 ΒΑΗ
2200 374 2447 437 CEPIIA

3626 372 3730 441 516

450 492 606 547 catuli
636 492 725 562 qui
763 493 814 547 in
843 494 1157 562 angelorum
1193 501 1386 546 natura
1418 500 1524 555 est,
1554 490 1605 545 iu
1639 491 1706 545 iis
1744 492 1910 544 etiam
1938 490 2030 559 qui
2064 498 2107 552 Α
2138 487 2231 543 sed
2250 486 2500 542 itlemillc
2516 486 3155 557 modusquoangclorum
3175 492 3364 541 natura
3382 486 3729 557 tnultipncata

452 587 675 657 paulum
704 586 956 640 diminuti
1009 588 1221 640 suntab
1266 585 1471 653 angelis
1500 587 1625 654 (hoc
1678 593 1797 649 est,
1848 585 1901 636 in
1935 584 2032 636 lto-

457 679 716 750 minibus)
742 683 881 733 viam
917 680 1417 733 snamexercuissct
1459 680 1523 732 :ul
1563 675 2034 747 multiplicandum

454 788 626 841 genus
686 773 985 825 humanum
1028 788 1197 842 usque
1239 774 1304 824 ad
1335 770 1616 825 deﬁnitum
1651 768 1871 840 Opilicis
1908 784 2038 822 con-

451 868 575 921 silio
607 882 916 922 nutuermu.

1013 978 1241 1034 CAPUT
1276 976 1469 1034 XXIV.

524 1099 787 1152 Adamum
809 1108 855 1151 et
886 1095 1052 1151 Euam
1087 1112 1189 1150 non
1219 1098 1357 1149 solos
1392 1096 1446 1148 in
1473 1093 1727 1163 paradiso
1759 1108 2038 1147 mansuros

451 1194 743 1260 fuisse.sed
781 1190 955 1243 sobole
986 1190 1155 1243 multa
1180 1186 1469 1259 augendos,
1492 1188 1537 1240 si
1575 1186 1888 1240 mandatum
1941 1185 2038 1239 Dei

449 1297 553 1334 non
572 1280 1139 1336 violassent.-—Solent
1158 1294 1320 1350 porro
1338 1278 1441 1333 hoc
1462 1279 1625 1333 etiam
1642 1293 1882 1348 quaerere
1902 1277 1950 1347 (l
1966 1277 2037 1347 l),

448 1374 542 1444 qui
609 1390 786 1427 rerum
850 1372 1355 1444 cognoscendarum
1417 1371 1692 1426 desiderio
1747 1379 2036 1432 tenentur;

449 1466 681 1521 fuissent
719 1480 785 1519 ne
820 1465 980 1534 primi
1032 1474 1284 1534 parentes
1320 1463 1420 1519 soli
1480 1464 1532 1518 in
1572 1463 1825 1534 paradiso
1857 1477 2038 1515 mora-

454 1558 584 1618 turi,
617 1559 662 1612 si
719 1558 888 1624 legem
924 1557 1352 1621 observassent;
1402 1572 1471 1610 an
1504 1572 1634 1611 vero
1676 1555 1863 1611 sobole
1913 1570 2040 1625 pro-

448 1660 627 1705 creata
682 1652 1043 1705 nihilominus
1100 1651 1407 1705 crevissent
1469 1665 1700 1704 numero
1764 1648 2037 1705 homines.

449 1745 659 1810 Quibus
671 1760 995 1814 responsum
1020 1747 1272 1799 volunms
1289 1755 1668 1814 generaturos,
1691 1743 2043 1810 maximoque

448 1851 680 1893 numero
728 1837 1167 1908 multiplicandos
1215 1838 1427 1892 fuisse:
1483 1837 1648 1905 idque
1692 1834 1776 1887 vel
1816 1832 2039 1921 exiipsa
2069 1862 2113 1921 Β

450 1931 825 1987 benedictione
885 1947 990 1997 qua
1046 1930 1194 1998 ipsos
1255 1938 1582 1998 prosecutus
1632 1926 1814 1980 fuerat
1893 1920 2039 1979 Deus

448 2032 727 2086 constare,
761 2038 886 2077 cum
933 2022 1181 2077 diceret:
1213 2020 1445 2075 Crescite
1477 2030 1526 2073 et
1586 2015 2037 2087 multiplicamini,

453 2125 752 2185 terramque
787 2114 981 2185 replete
1021 2123 1071 2168 et
1118 2131 1236 2169 eam
1265 2114 1511 2182 aubigite.
1562 2111 1638 2168 Ea
1671 2113 1816 2168 enim
1873 2110 2041 2167 verba

450 2224 577 2265 cum
612 2209 777 2265 simul
805 2225 927 2263 cum
965 2209 1141 2263 fausta
1177 2209 1496 2278 precatione
1553 2206 1877 2261 mandatum
1908 2222 2043 2261 con-

454 2298 699 2366 tineant;
730 2297 852 2369 quis
890 2298 1149 2366 ambigat.
1181 2296 1314 2367 quin
1372 2296 1465 2352 Dei
1518 2306 1574 2351 et
1625 2296 1939 2368 apprecatio
1987 2303 2043 2353 et

455 2392 773 2445 mandatum
822 2405 1050 2461 prorsus
1087 2392 1393 2460 praestanda
1449 2388 1698 2445 fuerint?
1742 2388 2044 2445 Conficitur

455 2483 680 2552 itaque,
747 2481 1018 2537 Adamum
1080 2493 1134 2537 et
1188 2482 1354 2537 Evam
1408 2482 1651 2536 sobolem
1690 2493 2042 2537 numerosam

454 2587 845 2646 propagatur-os
887 2578 1097 2639 fuisse;
1146 2592 1322 2647 neque
1367 2578 1515 2631 solos
1566 2576 1692 2632 illos
1728 2572 2042 2645 paradisum

459 2671 818 2736 habitaturus,
850 2674 895 2725 si
924 2671 1243 2727 obcdicntes
1276 2669 1632 2725 mansissent.

1004 2785 1238 2843 CAPUT
1309 2784 1480 2839 XXV.

525 2905 818 2970 Ceterum,
841 2905 985 2975 quod
1012 2905 1182 2973 quaeri
1209 2903 1366 2968 solet,
1390 2918 1483 2972 per
1503 2901 1873 2956 Venereumne
1898 2916 2047 2954 com-

458 2998 675 3068 plexum
742 3012 964 3066 operam
1002 2995 1189 3051 libeiis
1244 2994 1530 3066 gignendis
1582 2994 1759 3048 daturi
1818 2992 2048 3049 fuissent

459 3091 709 3144 homines
748 3089 801 3142 in
833 3090 1112 3158 paradiso,
1143 3101 1212 3142 an
1264 3090 1471 3157 absque
1506 3087 1711 3158 nuptiis
1744 3105 1757 3142 :
1787 3087 2043 3153 dicimus,

458 3195 519 3238 ut
554 3186 670 3253 ipsa
721 3194 906 3237 nostra
948 3192 1141 3237 natura
1206 3195 1413 3236 arcano
1478 3183 1776 3236 conditoris
1828 3182 1915 3235 sui
1950 3180 2043 3235 Dei

459 3277 690 3332 consilio
738 3277 873 3329 scite
904 3275 1255 3339 fecundatur,
1309 3287 1560 3344 augetur.
1603 3274 2043 3344 multiplicatur;

458 3370 534 3422 ita
568 3372 884 3422 universum
920 3382 1141 3438 quoque
1182 3367 1483 3421 humanum
1525 3383 1697 3435 genus
1746 3365 2047 3421 fecundans

458 3461 612 3524 dum,
644 3462 976 3532 augendum,
1012 3461 1487 3530 multiplicandum
1521 3460 1711 3526 fuisse,
1738 3472 1793 3516 et
1821 3462 2041 3530 quidem

460 3554 671 3623 absque
717 3553 1038 3607 concubitu.
1067 3551 1201 3606 Nam
1229 3562 1281 3607 et
1322 3553 1498 3622 angeli
1550 3555 1705 3607 multi
1751 3566 2047 3611 evaserunt

458 3648 702 3718 quidem,
735 3648 829 3701 sed
861 3650 1072 3716 absque
1124 3646 1354 3717 nuptiis,
1393 3656 1449 3701 et
1486 3648 1659 3700 Adam
1715 3658 1877 3717 atque
1933 3646 2046 3704 Eva

460 3740 577 3795 sine
620 3739 825 3794 Venere
866 3740 979 3793 nati
1024 3738 1272 3805 fuerant:
1304 3741 1370 3793 ad
1428 3739 1555 3801 hoc,
1596 3740 1756 3793 etiam
1792 3756 1938 3794 nunc
1967 3743 2046 3794 vi-

454 3834 588 3890 dere
617 3843 701 3889 est
742 3834 910 3888 multa
942 3834 1263 3888 animalium
1300 3849 1496 3901 genera
1526 3834 1734 3904 absque
1755 3836 1898 3889 coitu
1933 3850 2048 3904 pro-

460 3929 669 3998 pagari,
688 3929 848 3997 quale
874 3935 954 3980 est
973 3927 1236 3982 vermium
1257 3943 1453 3998 genus.
1479 3936 1531 3981 et
1554 3927 1814 3992 culicum,
1834 3929 2050 3998 aliaque

459 4021 761 4089 complura.
797 4018 947 4075 lianc
980 4021 1306 4076 sententiam
1353 4022 1618 4090 approbat
1650 4036 1870 4090 quoque
1901 4019 2048 4075 Cre-

460 4113 647 4184 gorins
683 4112 961 4185 Nyssteus,
984 4113 1409 4168 Commentariis
1428 4114 1497 4167 de
1519 4112 1755 4167 hominis
1775 4112 2051 4184 composi-

465 4205 633 4270 tione,
662 4205 827 4274 capit.
864 4204 949 4268 i8,
977 4204 1233 4275 inquiens
1268 4220 1284 4260 :
1314 4203 1481 4258 Aiunt
1526 4204 1771 4274 quidam,
1804 4205 1849 4259 si
1870 4204 2050 4259 nullus

465 4302 662 4354 fuisset
685 4302 737 4353 in
763 4298 1019 4369 paradiso
1065 4298 1408 4368 complexus,
1438 4296 1710 4353 humanas
1752 4301 1965 4354 animus
1999 4298 2053 4352 in

465 4409 666 4466 magno
697 4410 921 4448 numero
942 4396 1154 4449 futuras
1186 4407 1292 4448 non
1325 4393 1514 4448 fuisse.
1542 4391 1648 4448 Nos
1670 4408 1798 4448 vero
1819 4394 2053 4449 dicimus

466 4485 743 4539 hominem
774 4498 901 4540 ante
946 4499 1226 4556 peccatum
1287 4486 1588 4538 admissum
1632 4485 1775 4551 1uasi
1799 4485 2051 4555 angelum

2141 593 2224 637 est
2274 582 2328 636 in
2368 583 2605 636 humano
2663 597 2859 652 gent-re
2898 581 3041 650 quod
3096 579 3385 635 Paululum
3429 584 3493 635 ab
3533 583 3732 653 angelis

2142 677 2401 729 minutum
2436 675 2595 739 est",
2620 675 2805 729 cllit'ax
2846 673 3059 737 fuisset,
3084 687 3140 729 ut
3172 675 3239 729 ad
3262 691 3385 729 eum
3415 684 3734 745 augesceret

2142 784 2428 823 numerum
2447 770 2540 838 qui
2572 768 2666 822 Dei
2694 769 2923 825 consilio
2942 769 3199 823 definitus
3223 777 3361 823 erat.
3382 768 3533 834 Quod
3552 768 3736 838 siquis

2141 880 2270 918 vero
2296 873 2503 932 quterat
2543 862 2999 933 procreandarum
3034 862 3342 917 animarum
3377 863 3585 932 absque
3626 879 3735 917 nu-

2145 956 2269 1025 ptiis
2296 960 2559 1009 rationem
2602 956 2935 1025 modumque
2960 993 2977 1018 ,
3011 954 3058 1011 is
3090 954 3326 1011 vicissim
3372 954 3529 1009 nobis
3565 952 3733 1016 dicat,

2142 1066 2253 1119 quo
2289 1050 2372 1102 sul
2394 1049 2591 1102 sistant
2622 1049 2782 1103 modo
2818 1048 3017 1117 angeli,
3051 1047 3132 1102 sic
3156 1048 3299 1102 enim
3331 1048 3583 1102 homines
3614 1047 3735 1101 sine

2142 1144 2426 1213 complexu
2464 1143 2695 1198 fuissent
2721 1142 3061 1213 multiplicati
3088 1149 3146 1195 ut
3171 1142 3374 1212 angeli.
3408 1140 3557 1196 ldcm
3581 1137 3729 1210 Nys-

2143 1254 2303 1299 sseus,
2335 1254 2455 1306 Cap.
2496 1237 2580 1291 l4.
2613 1238 2731 1306 ejus
2788 1236 2995 1305 operis,
3052 1236 3132 1290 sic
3179 1236 3341 1291 habet
3379 1253 3392 1289 :
3435 1235 3492 1289 Si
3531 1248 3617 1290 me
3647 1234 3735 1288 in-

2144 1333 2527 1400 terrogaveris,
2569 1332 2661 1401 qui
2717 1331 3025 1401 potuissent
3075 1338 3155 1385 tot
3213 1329 3498 1383 hominum
3562 1326 3733 1383 iutilia

2144 1426 2443 1494 procreati,
2477 1426 2519 1480 si
2569 1426 2893 1480 concubitus
2935 1424 3120 1479 nullus
3176 1423 3394 1488 fuisset,
3456 1437 3560 1495 ego
3612 1438 3737 1479 mu-

2145 1532 2294 1573 tuum
2326 1534 2392 1573 ex
2428 1528 2481 1573 te
2528 1528 2729 1589 petam,
2768 1518 2858 1588 qui
2914 1520 2984 1575 sit
3044 1528 3341 1590 prognatus
3376 1518 3576 1586 Adam,
3637 1520 3731 1590 qui

2144 1611 2277 1675 Eva,
2300 1615 2521 1683 quando
2551 1613 2711 1667 nulla:
2731 1612 3099 1667 intervenerat
3130 1613 3361 1684 nuptiae!
3390 1612 3532 1680 Quid
3560 1609 3736 1682 ergo?

2142 1709 2208 1762 ad
2234 1722 2435 1762 eumne
2470 1708 2720 1773 modum,
2754 1722 2866 1775 quo
2903 1706 2977 1761 illi
3028 1717 3152 1761 sunt
3204 1705 3409 1773 ell'erti,
3466 1705 3733 1761 nascituri

2144 1808 2300 1853 erant
2360 1799 2619 1868 deinceps
2664 1813 2855 1853 Omnes
2906 1795 3219 1853 mortales?
3276 1796 3419 1851 Sane
3467 1796 3735 1866 geniturae

2144 1893 2342 1947 modus
2373 1893 2568 1946 talisne
2602 1906 2670 1945 an
2721 1889 2861 1944 alius
2893 1889 3055 1945 fuerit
3090 1888 3327 1949 futurus.
3362 1888 3413 1943 id
3450 1890 3562 1957 jam
3595 1889 3734 1943 mihi

2144 1997 2252 2037 non
2289 1993 2371 2037 est
2410 1980 2789 2051 explicandum
2828 1999 2843 2034 :
2897 1983 2999 2034 hoc
3046 1981 3192 2035 cuitu
3229 1979 3393 2035 modo
3444 1978 3734 2049 qumtitur,

2144 2078 2495 2132 connubione
2527 2089 2667 2144 opus
2719 2072 2917 2129 fuisset
2970 2072 3077 2129 Deo
3110 2073 3177 2129 ad
3229 2073 3528 2127 humanum
3559 2086 3741 2140 gerula

2143 2169 2621 2238 Inultiplicandum
2680 2172 2735 2223 in
2787 2167 2971 2231 terris,
3029 2183 3099 2221 an
3149 2165 3395 2223 minime.
3458 2165 3741 2223 llaetcuua

2143 2276 2208 2317 es
2243 2260 2493 2331 Nyssxo.
2529 2258 2634 2314 Sed
2680 2267 2739 2314 et
2784 2258 3045 2312 dominus
3068 2254 3305 2312 Iacobus
3336 2256 3401 2312 de
3449 2254 3681 2313 Botuam
3716 2272 3737 2314 :

2145 2353 2222 2409 Et
2254 2354 2457 2425 quibus
2485 2353 2709 2424 (inquit)
2737 2366 2923 2422 quaeso
2959 2352 3169 2418 nuptiis
3202 2349 3386 2407 editus
3415 2360 3499 2406 est
3525 2352 3740 2408 Atiam?

2144 2464 2284 2518 quos
2316 2461 2512 2517 passus
2548 2447 2665 2515 ipse
2696 2445 2915 2499 dolores
2964 2456 3023 2500 ut
3055 2443 3221 2499 Evam
3257 2445 3512 2515 pareret?
3537 2443 3739 2501 Millies

2145 2541 2466 2611 angelorum
2524 2539 2696 2593 millia
2752 2546 2901 2593 stant
2950 2552 3137 2592 coram
3198 2535 3331 2603 Deo,
3387 2552 3489 2593 nec
3549 2547 3736 2593 tamen

2146 2650 2336 2689 eorum
2391 2634 2538 2689 ullus
2574 2642 2730 2688 utero
2768 2641 3036 2699 gestatus.
3065 2640 3160 2686 aut
3206 2630 3427 2701 gravida
3458 2631 3580 2684 alvo
3605 2646 3739 2687 cum

2148 2727 2433 2781 doloribus
2476 2727 2531 2780 in
2566 2724 2744 2779 lucem
2800 2723 2985 2777 editus
3015 2734 3141 2778 est:
3180 2724 3354 2777 tnulto
3383 2737 3515 2793 ergo
3560 2720 3740 2793 magis

2149 2818 2576 2873 existimandum
2630 2824 2712 2871 est
2754 2815 3006 2886 opiﬁcem
3035 2813 3201 2869 Deum
3236 2815 3488 2869 homines
3525 2816 3741 2885 absque

2148 2913 2354 2981 nuptiis
2402 2922 2818 2982 procreaturum
2853 2909 3053 2977 fuisse,
3090 2912 3231 2965 sicut
3263 2910 3471 2979 primos
3516 2923 3742 2979 quoque

2151 3008 2272 3061 illos
2307 3015 2583 3075 parentes,
2631 3020 2658 3058 c
2690 3005 2892 3069 quibus
2940 3005 3195 3059 universa
3228 3002 3342 3058 hac
3386 3002 3598 3075 generis
3637 3003 3743 3055 ltu-

2152 3099 2297 3153 mani
2355 3100 2646 3168 posteritas
2678 3109 2800 3151 nata
2834 3105 2941 3164 est,
2993 3097 3321 3167 procreavit.
3358 3093 3425 3148 Et
3463 3094 3622 3165 paulo
3657 3094 3745 3148 in.

2151 3190 2323 3245 ferius
2353 3207 2367 3244 :
2402 3187 2543 3256 Quid
2571 3205 2724 3259 ergo,
2769 3190 2940 3242 dicito
2970 3187 3124 3251 mihi,
3158 3188 3472 3241 Abrahamo
3528 3184 3741 3256 profuit

2152 3299 2218 3337 ne
2266 3282 2597 3338 concubitus
2630 3285 2697 3336 ad
2735 3282 3135 3351 procreandum
3176 3281 3471 3336 sobolem?
3511 3279 3740 3335 Minimo

2149 3390 2327 3432 sane:
2361 3378 2563 3446 quippe
2618 3375 2711 3444 qui
2763 3382 2845 3439 tot
2900 3375 3059 3430 annis
3091 3389 3312 3444 cpt-ram
3363 3374 3565 3429 frustra
3607 3374 3742 3431 huic

2148 3470 2426 3533 dedisset,
2463 3470 2612 3525 hisce
2641 3470 2782 3539 apud
2827 3469 2997 3524 Deum
3045 3468 3231 3525 verbis
3259 3469 3421 3523 etiam
3454 3480 3567 3523 tum
3602 3483 3743 3526 usus

2148 3571 2234 3617 est
2266 3580 2280 3615 :
2315 3560 2559 3628 Domine,
2597 3561 2723 3631 quid
2746 3561 2875 3614 milii
2908 3562 3133 3616 daturus
3158 3577 3212 3616 es
3243 3564 3331 3631 qui
3351 3561 3527 3616 liberis
3545 3562 3747 3619 careo!

2149 3653 2317 3725 Igitur
2343 3665 2403 3709 ut
2444 3662 2577 3709 tunc
2623 3668 2689 3708 ex
2722 3665 2941 3710 mortuo
2970 3654 3117 3709 elleti
3150 3656 3300 3709 senis
3334 3655 3481 3708 illius
3506 3668 3745 3722 corpore

2148 3747 2320 3801 edidit
2352 3744 2497 3801 Deus
2528 3758 2639 3801 tam
2670 3747 2839 3801 multa
2874 3749 3156 3801 hominum
3194 3748 3361 3801 tnillit
3391 3767 3403 3800 ε
3429 3749 3501 3803 ita
3532 3749 3580 3803 si
3611 3750 3745 3807 iud.

2152 3839 2222 3892 ab
2282 3838 2443 3893 initio
2508 3836 2603 3893 Dei
2666 3839 2952 3909 praeceptis
3027 3842 3438 3908 acquievissent
3492 3841 3744 3897 Adamus

2152 3946 2401 4002 uxorque
2431 3930 2562 3999 Era,
2596 3941 2763 4003 atque
2806 3934 2873 3987 ah
2904 3935 3099 3989 arbore
3128 3934 3433 4004 appetenda
3472 3950 3531 3991 se
3570 3937 3745 3992 absti-

2151 4027 2433 4090 nuissent;
2489 4040 2597 4082 non
2649 4026 2914 4082 defuisset
2967 4026 3076 4083 Deo
3138 4027 3463 4084 fecundandi
3522 4031 3745 4098 generis

2155 4117 2379 4170 humani
2445 4117 2607 4171 ratio.
2667 4115 2971 4171 Conﬁcitur
3018 4131 3151 4188 ergo
3180 4119 3348 4175 exiis
3387 4135 3509 4189 quae
3558 4120 3744 4174 adhuc

2152 4210 2297 4263 dicta
2330 4218 2482 4270 sunt,
2509 4209 2761 4265 homines
2822 4210 2876 4263 in
2914 4212 3169 4280 paradiso
3224 4210 3429 4281 absque
3454 4211 3599 4280 :ullo
3639 4227 3746 4266 nu-

2163 4301 2325 4373 ptiali
2362 4301 2649 4372 complexu
2684 4303 2862 4374 reipsa
2898 4300 3258 4359 fetiftcaturos
3294 4305 3500 4371 fuisse,
3532 4308 3627 4359 sed
3675 4318 3745 4362 eo

2156 4394 2319 4451 modo
2355 4408 2522 4464 quem
2555 4395 2708 4450 solus
2748 4394 2934 4464 Opifex
2968 4394 3110 4452 Deus
3142 4395 3317 4452 novit.

2713 4484 2950 4542 CAPUT
3000 4484 3193 4543 XXVI.

469 4579 661 4644 inisse.
697 4580 791 4635 sed
849 4595 945 4652 per
979 4588 1261 4651 peccatum
1304 4579 1514 4641 fuisse:
1551 4578 1665 4647 ipsa
1694 4580 1836 4632 enim
1877 4595 2052 4635 rcsur-
2086 4579 2128 4636 D
2230 4582 2385 4637 Sicut
2421 4591 2599 4637 autem
2637 4582 2841 4649 absque
2875 4581 3173 4637 concubitu
3204 4581 3440 4638 fuissent
3463 4583 3739 4653 prognati,

467 4677 642 4729 rectio
680 4673 886 4728 reditus
916 4681 998 4728 est
1029 4676 1094 4728 ad
1128 4674 1413 4742 pristinam
1477 4672 1868 4725 conditionem.
1916 4672 2056 4743 Ergo

471 4768 514 4820 si
550 4773 670 4835 post
706 4769 1165 4821 resurrectionem
1200 4766 1406 4819 erimus
1448 4765 1613 4817 veluti
1667 4766 1868 4835 angeli,
1916 4780 2053 4819 cou-

470 4860 717 4915 sequitur
753 4857 883 4910 tales
913 4872 1131 4925 quoque
1168 4853 1340 4908 fuisse
1385 4864 1511 4909 ante
1542 4867 1852 4925 peccatum.
1887 4854 2051 4925 Atqui

470 4950 646 5019 angeli
684 4964 786 5003 non
810 4949 1406 5019 jungunturﬁtnplcxu;
1437 4963 1566 5017 ergo
1605 4962 1781 5016 neque
1807 4950 2053 5003 homines

464 5041 645 5111 juncti
700 5040 929 5094 fuisst-nt
978 5042 1080 5095 nisi
1118 5053 1433 5110 peccassent
1482 5058 1494 5093 :
1544 5045 1636 5096 sed
1677 5043 1817 5097 sicut
1878 5044 2053 5115 angeli

472 5133 679 5200 absque
711 5134 915 5201 nuptiis
950 5134 1143 5187 millies
1181 5134 1327 5187 mille
1356 5146 1508 5201 sunt,
1536 5145 1588 5187 ct
1636 5138 1907 5207 tnyriades
1939 5153 2055 5207 my-

474 5224 688 5279 riadnm
746 5239 971 5277 numero
1018 5234 1301 5294 superant,
1330 5226 1401 5277 ita
1432 5241 1529 5279 nos
1553 5242 1792 5297 quoque,
1821 5226 1924 5280 nisi
1958 5243 2055 5281 au-

475 5321 679 5390 gelzeus
696 5321 779 5373 ille
799 5329 970 5373 statos
989 5321 1039 5374 in
1058 5320 1214 5374 nobis
1232 5330 1473 5375 ιηυι.ιιιιε
1494 5321 1687 5375 fuisset
1704 5321 1977 5375 connubio
1990 5320 2057 5375 ad

478 5414 650 5467 nostri
680 5415 1185 5484 multiplicationcm
1220 5415 1442 5469 minime
1474 5429 1611 5485 opus
1655 5416 2057 5479 liabuiSSemus,

544 5561 590 5592 "
624 5559 770 5613 Psal.
806 5575 920 5624 tm,
962 5559 1036 5625 5;
1064 5556 1229 5613 Hebr.
1262 5573 1319 5623 ll,
1348 5557 1399 5613 7.

546 5681 659 5749 (ll)
695 5686 863 5733 Caute
898 5680 1013 5749 lege
1041 5679 1143 5733 hoc
1168 5686 1353 5748 caput,
1386 5692 1507 5730 nam
1559 5676 1808 5731 dissouat
1849 5692 1878 5730 a
1903 5690 2059 5731 com-

478 5756 632 5808 muni
684 5768 847 5805 sensu
878 5767 885 5773 ·
916 5748 1297 5819 theologorum
1364 5749 1678 5803 docentiqu
1710 5748 1765 5802 in
1794 5758 1940 5801 statu
1973 5749 2057 5800 in-

481 5823 745 5879 nocentis:
762 5821 998 5876 futuram
1028 5820 1198 5876 fuisse
1226 5819 1509 5889 hominum
1533 5819 1939 5889 generationem
1973 5834 2064 5885 per

480 5892 923 5951 commisﬁouem
953 5891 1124 5949 utaris
1156 5900 1212 5947 et
1243 5890 1432 5947 femin.
1459 5885 1592 5945 Vzde
1614 5886 1673 5943 S.
1708 5887 1901 5945 Thom.
1934 5903 1973 5957 ι,
2011 5905 2064 5958 p.

2166 4677 2424 4743 auctique
2484 4687 2711 4727 numero
2745 4672 2995 4727 homines
3029 4672 3083 4727 in
3120 4674 3398 4743 paradiso,
3422 4675 3493 4727 ita
3526 4674 3578 4728 in
3618 4690 3741 4727 veta

2160 4770 2458 4835 voluptate,
2496 4773 2664 4834 atque
2694 4763 2925 4818 inﬁnitis
2946 4766 3199 4835 partibus
3234 4766 3443 4829 majore
3466 4779 3631 4833 quam
3661 4774 3747 4819 est

2159 4877 2222 4913 ca
2256 4875 2359 4927 qua
2401 4857 2560 4913 hodie
2597 4857 2859 4912 murtales
2893 4855 3153 4912 fruuntur
3182 4859 3443 4919 maxima,
3477 4858 3589 4911 illic
3615 4868 3747 4912 mta-

2164 4959 2269 5003 tem
2327 4950 2658 5019 agitassent,
2690 4957 2877 5017 utpote
2927 4950 3109 5004 omnis
3163 4948 3402 5013 laboris,
3460 4952 3749 5020 perturba-

2163 5046 2353 5108 tionis,
2412 5046 2695 5107 Inolestie,
2751 5044 2997 5107 doloris,
3060 5045 3234 5099 morbi
3290 5045 3527 5113 denique
3581 5053 3747 5112 atque

2160 5135 2503 5203 agritudiuis
2524 5146 2792 5204 expertes.
2816 5133 3067 5191 Edisseut
3086 5136 3229 5189 enim
3249 5135 3315 5189 de
3339 5134 3749 5204 paradisiarboo

2167 5228 2338 5290 ribus,
2362 5238 2414 5280 et
2433 5229 2819 5281 suavissimum
2843 5243 2907 5281 ex
2934 5230 3169 5282 maximo
3205 5231 3297 5282 illo
3320 5228 3747 5295 dulcissimoque

2169 5318 2407 5391 paradisi
2441 5319 2662 5373 ﬂumine
2689 5330 2874 5388 potum
2900 5322 3161 5375 bibissent
3190 5323 3399 5392 absque
3422 5320 3570 5374 omni
3607 5321 3745 5373 inter

2169 5429 2231 5469 se
2263 5412 2496 5467 dissidio
2556 5416 2779 5481 rixave;
2828 5416 3042 5484 qualem
3076 5416 3249 5487 angeli
3284 5417 3409 5486 ipsi,
3443 5425 3495 5469 et
3528 5414 3742 5485 qualetu

2162 5696 2220 5751 qg.
2252 5679 2343 5737 98.
2374 5688 2481 5736 ert.
2523 5679 2578 5751 2.
2604 5679 2833 5751 ejusque
2889 5688 3220 5751 interpretes
3256 5678 3492 5751 Bannes,
3531 5675 3743 5739 Cumel.

2168 5746 2499 5815 Valentiam,
2529 5746 2809 5815 Molinam,
2842 5761 2896 5808 et
2930 5746 3148 5807 Sixiutu
3204 5752 3406 5806 Senen.
3440 5746 3582 5804 Jcm.
3647 5751 3742 5809 lib.

2171 5840 2249 5891 γρ
2292 5821 2428 5875 Bibl.
2466 5834 2653 5876 annot.
2695 5819 2787 5877 20.
