4054 6138
349 354 446 419 517

1479 360 1577 421 DE
1617 357 2019 422 PARADISO.
2062 383 2132 393 --
2172 358 2366 419 PARS
2406 356 2453 418 Ι.

3504 351 3606 417 513

349 467 595 520 Adamus
621 483 744 521 euzn
781 466 889 522 Eva
931 478 1054 523 ante
1086 456 1281 524 factam
1321 468 1515 542 legem,
1536 473 1702 527 vitam
1739 473 1929 527 viven-
1962 477 2003 534 Α
2033 484 2356 539 corporeum
2380 466 2622 538 quidem,
2644 466 2689 525 si
2726 467 2902 537 ipsum
2930 463 3318 535 aspectabilem
3336 478 3567 537 anguem
3594 487 3610 533 ;

350 567 431 611 tes
467 560 521 611 in
557 559 800 627 perfecta
839 576 992 633 pare,
1047 561 1331 625 charitate.
1373 563 1689 620 concordia.
1714 565 1927 636 Quippe

349 645 435 699 his
462 649 665 715 quibus
695 648 806 713 jam
836 652 1095 706 mortales
1133 651 1367 707 fruimur
1402 655 1796 722 voluptatibus,
1828 671 1926 709 sua

346 737 547 808 cuique
610 743 860 796 molestia
888 743 1145 809 colurrrt,
1181 746 1341 800 veluti
1373 747 1495 801 cibo
1551 748 1768 820 largiori
1802 765 1929 803 cru-

347 829 534 885 ditatis
594 831 834 899 malum,
892 835 1043 903 potui
1099 837 1391 906 copiosiori
1471 854 1710 905 nausea,
1772 843 1927 895 bona:

345 921 643 977 valetudini
734 928 1000 993 adversa,
1076 930 1257 983 ruberi
1331 930 1712 998 imbecillitas,
1777 936 1927 987 l:on.e

343 1007 537 1066 formae
594 1011 946 1084 deformitas;
996 1026 1158 1090 atque
1204 1019 1258 1073 in
1308 1021 1430 1075 aliis
1488 1038 1726 1092 quoque.
1760 1026 1823 1079 At
1870 1026 1923 1080 in

347 1106 604 1173 paradiso
617 1107 763 1161 nulla
793 1108 983 1165 fuisset
1007 1111 1343 1182 cjuscctnodi
1365 1131 1547 1170 rerum
1573 1119 1921 1187 vicissitudo;

345 1209 496 1252 mera
545 1199 695 1255 enim
755 1201 866 1257 illic
915 1205 1166 1275 voluptas
1219 1205 1442 1274 fuisset,
1503 1211 1762 1267 molestiae
1795 1228 1925 1268 vero

344 1298 575 1355 prorsus
607 1291 789 1358 nullas,
819 1302 1015 1366 utqua:
1039 1304 1161 1367 post
1185 1300 1444 1355 violatum
1477 1301 1567 1357 Dei
1605 1305 1921 1360 mandatum

346 1381 562 1438 tandem
594 1394 772 1443 enata:
799 1387 1273 1461 sintnblajoribus
1303 1410 1432 1465 ergo
1454 1396 1666 1453 deliciis
1696 1414 1759 1454 ex
1797 1401 1925 1455 cibo

343 1482 585 1544 potuque
634 1480 742 1534 illic
785 1481 963 1537 alfccti
1011 1481 1283 1552 fuissent,
1321 1502 1485 1557 quam
1517 1491 1719 1561 quibus
1763 1493 1925 1547 hodie

343 1570 610 1624 mortales
641 1571 1046 1630 demulcentnr.

886 1667 1116 1725 CAPUT
1168 1670 1384 1728 XXV".

420 1757 495 1809 De
539 1765 776 1827 serpente
805 1759 896 1829 qui
948 1758 1119 1815 Evam
1153 1764 1374 1819 adortus
1408 1765 1704 1835 derepit.-—
1752 1768 1918 1823 Porro

2032 562 2332 631 spiritalem
2392 577 2543 627 vero,
2594 562 2641 617 si
2704 575 2928 616 sensum
2988 573 3209 614 omnem
3262 558 3609 629 eﬂ‘ngientcm

2032 654 2292 709 Satanam
2326 654 2419 725 qui
2457 653 2599 709 intra
2653 654 2805 708 illum
2841 652 3040 707 latebat
3090 660 3255 722 atque
3290 653 3415 708 inde
3447 657 3611 711 verba

2032 747 2617 803 faciebatconsideres.
2640 746 2824 800 Altera
2860 746 3092 814 quaestio
3142 753 3248 798 est.
3284 743 3362 798 Ex
3397 738 3615 815 genere~

2031 857 2098 893 ne
2132 841 2428 908 reptilium,
2453 854 2521 894 an
2548 854 2680 894 vero
2712 846 3036 892 creterorum
3066 836 3427 891 animantium
3452 837 3614 892 fuerit

2031 929 2118 983 ille
2150 944 2396 998 serpens,
2423 930 2475 982 in
2500 944 2660 998 quem
2704 943 2763 983 se
2787 928 3042 981 Satanam
3093 927 3421 991 insinuasse,
3449 936 3614 997 atque

2030 1020 2102 1074 ita
2134 1036 2259 1076 cum
2289 1022 2522 1075 muliere
2544 1021 2875 1075 collocutum
2902 1020 3186 1074 diximus?
3219 1021 3611 1100 Existimamus

2027 1129 2156 1169 Vero
2194 1129 2257 1169 ex
2307 1114 2605 1168 bestiarum
2639 1129 2745 1167 non
2792 1115 3098 1183 repentium
3149 1131 3379 1171 numero
3410 1117 3608 1182 fuisse,

2028 1206 2191 1274 idque
2225 1205 2307 1260 his
2344 1206 2491 1261 ducti
2516 1208 2874 1277 argumentis.
2895 1205 3078 1263 Primo
3096 1207 3271 1264 Moses
3288 1211 3362 1264 ait
3386 1226 3613 1280 serpen-

2029 1305 2135 1351 tem
2190 1299 2359 1353 fuisse
2387 1299 2707 1353 astutiorem
2740 1299 2997 1353 omnibus
3024 1300 3249 1367 bestiis;
3289 1317 3397 1356 non
3422 1311 3608 1359 autem

2024 1387 2185 1451 dixit,
2220 1388 2479 1442 omnibus
2507 1387 2815 1456 reptilibns.
2859 1388 2923 1440 Et
2970 1390 3132 1458 paulo
3162 1398 3282 1459 post
3322 1392 3435 1459 ipse
3468 1392 3613 1448 Deus

2028 1480 2092 1533 ad
2119 1490 2427 1549 serpentem
2451 1480 2613 1533 verba
2640 1494 2833 1533 rursus
2855 1479 3066 1535 faciens
3105 1500 3120 1535 :
3160 1480 3478 1537 Maledictus
3502 1484 3610 1555 (in-

2024 1572 2162 1644 quit)
2190 1587 2303 1644 pra:
2331 1573 2471 1625 omni
2503 1570 2670 1624 bestia
2716 1572 2858 1641 agri.
2888 1582 2937 1625 et
2965 1588 3077 1642 prie
3096 1574 3240 1627 omni
3263 1574 3486 1627 animati
3507 1615 3523 1638 .
3556 1584 3609 1629 et

2023 1680 2132 1733 pm
2160 1664 2406 1720 omnibus
2441 1664 2739 1733 reptttibus,
2771 1665 2979 1719 dictum
3031 1681 3139 1720 non
3176 1666 3281 1726 est’.
3338 1665 3415 1721 Εὐ
3470 1668 3607 1733 hoc,

2024 1759 2267 1813 Adatnus
2323 1760 2379 1813 in
2442 1759 2562 1827 ipso
2597 1757 2753 1811 initio
2803 1759 3027 1812 nomina
3076 1759 3268 1812 bestiis
3300 1760 3608 1829 avibusque

342 1845 410 1899 de
445 1857 697 1915 serpente.
734 1850 814 1904 sic
848 1852 1063 1907 locutus
1113 1866 1198 1911 est
1243 1858 1403 1913 divus
1456 1857 1633 1914 Moses
1665 1880 1681 1915 :
1714 1860 1783 1915 Et
1812 1878 1920 1917 ser-

2028 1850 2328 1916 indiderat,
2364 1858 2420 1902 ut
2452 1858 2684 1903 testatur
2732 1847 3041 1919 Scriptura,
3070 1864 3180 1904 non
3208 1851 3368 1905 etiam
3402 1852 3609 1920 reptili-

338 1951 467 2007 pen:
500 1940 751 1995 callidior
782 1951 897 1997 erat
942 1945 1181 2001 omnibus
1216 1950 1576 2009 animantibus
1621 1956 1759 2024 agri,
1804 1970 1923 2025 qua

336 2031 647 2086 condiderat
678 2033 937 2092 Dominus
958 2038 1137 2108 Deus;
1160 2042 1401 2115 dixitque
1422 2062 1635 2115 serpens
1660 2049 1873 2103 mulieri
1901 2067 1922 2104 :

350 2121 480 2178 Vere
530 2124 666 2181 dixit
720 2128 880 2194 Deus,
925 2147 989 2187 ne
1027 2138 1363 2191 nasceremini
1397 2139 1462 2193 de
1494 2141 1732 2196 omnibus
1761 2159 1923 2210 para-

336 2214 531 2270 disi”.
582 2215 682 2274 Hic
736 2221 923 2278 decem
978 2226 1138 2282 nobis
1174 2232 1541 2298 expendendre
1580 2244 1742 2303 atque
1792 2250 1922 2290 era.

341 2311 613 2366 minantia:
636 2316 969 2383 quzcstiones
1015 2330 1588 2394 occurrunt,quarum
1625 2326 1801 2396 prima
1837 2338 1922 2384 est

336 2398 577 2458 fueritne
630 2418 953 2476 corporatus
1002 2428 1227 2485 serpens
1281 2414 1356 2470 ita
1411 2425 1469 2470 ut
1531 2419 1708 2477 oculis
1772 2430 1920 2477 esset

340 2493 688 2562 aspectabilis
708 2500 801 2568 qui
832 2515 958 2555 cum
996 2504 1221 2559 muliere
1245 2506 1677 2577 colloquehatur,
1697 2527 1765 2568 an
1793 2528 1919 2568 vero

342 2584 511 2642 Satan
562 2592 837 2659 corporali
887 2598 1158 2665 serpentis
1200 2601 1439 2669 speciem
1470 2614 1586 2673 prae
1618 2620 1678 2659 se
1713 2603 1916 2672 ferens.

340 2675 485 2731 illam
523 2680 596 2755 sit
624 2679 821 2738 allatus
840 2702 854 2748 ;
876 2698 944 2739 an
973 2688 1211 2758 denique
1239 2692 1402 2745 Satan
1432 2693 1570 2748 intra
1608 2706 1918 2767 serpentem

340 2766 542 2835 latens,
574 2774 734 2827 verba
770 2774 857 2829 illa
889 2776 957 2831 ad
1000 2779 1283 2836 mulierem
1321 2781 1533 2840 fecerit.
1563 2766 1712 2842 Sane?
1745 2792 1921 2848 domi.

346 2874 442 2915 nus
477 2858 731 2933 prraem
765 2867 1002 2936 quodam
1050 2885 1152 2925 suo
1186 2876 1581 2931 commentario
1605 2877 1684 2932 ait
1712 2896 1915 2952 corpo-

341 2961 518 3006 ratum
550 2965 855 3025 serpentem
877 2955 1066 3022 fuisse,
1086 2961 1178 3029 qui
1198 2964 1482 3018 mulierem
1503 2966 1777 3025 allocutus
1799 2980 1916 3026 est:

340 3037 604 3095 Satanam
626 3044 771 3098 enim
795 3059 825 3098 a
854 3043 964 3100 Deo
985 3048 1263 3115 petivisse,
1281 3048 1339 3104 ut
1360 3048 1598 3123 serpenti
1648 3061 1919 3116 sermonis

341 3127 655 3187 facultatem
713 3137 1035 3192 concederet
1106 3140 1173 3192 ad
1229 3144 1552 3200 tentandqu
1605 3146 1914 3217 Adamum;

342 3224 489 3278 sicut
520 3239 652 3294 Opes
673 3222 795 3281 Jobi
831 3243 1050 3299 quoque
1073 3231 1174 3285 sibi
1198 3236 1435 3303 permitti
1466 3240 1782 3306 postulavit,
1806 3208 1916 3314 quo
1943 3208 1990 3267 ε

343 3316 413 3370 de
449 3318 566 3385 ejus
602 3320 861 3389 patientia
889 3320 1095 3378 faceret
1120 3327 1445 3393 periculum.
1474 3328 1552 3385 Ex
1587 3347 1695 3401 quo
1725 3349 1921 3391 conse-

340 3412 550 3476 quitur,
584 3411 658 3465 ita
709 3413 782 3466 illi
830 3428 1099 3485 corporeo
1132 3420 1370 3485 serpenti
1412 3425 1693 3495 sermonis
1755 3443 1916 3483 usum

338 3497 515 3553 fuisse
563 3501 774 3565 datum,
825 3513 884 3558 ut
944 3504 1116 3561 asina
1162 3505 1420 3577 Balaam;
1454 3513 1564 3567 imo
1618 3530 1747 3570 vero
1809 3534 1914 3574 non

339 3592 513 3647 solam
565 3594 952 3662 elocutionem,
998 3615 1183 3653 verum
1227 3605 1391 3658 etiam
1453 3605 1789 3665 intellectum
1841 3613 1915 3666 illi

338 3688 583 3754 serpenti
642 3688 871 3745 inditum
931 3690 1102 3748 fuisse
1155 3694 1390 3750 aﬂirtnat
1449 3695 1733 3768 Ephrtctn,
1790 3719 1914 3757 cum

344 3776 488 3830 Deus
524 3780 703 3844 ipsum
752 3792 811 3837 ut
842 3781 1234 3852 intelligentem
1275 3789 1349 3841 sit
1391 3788 1588 3845 aifatus
1624 3792 1708 3848 his
1741 3796 1915 3849 male-

340 3868 503 3923 dictis
539 3871 913 3942 perstringens
957 3892 972 3927 :
1021 3873 1297 3930 Pulverent
1339 3880 1481 3944 edes,
1516 3890 1568 3935 et
1611 3898 1769 3953 super
1794 3901 1916 3938 ven-

340 3967 476 4014 trem
500 3975 645 4016 tuum
668 3964 964 4022 ambulabis
977 3968 1045 4020 ".
1071 3969 1305 4038 Cyrillus
1322 3987 1475 4048 .vero,
1490 3975 1737 4030 oratione
1760 3979 1915 4033 tertia

339 4055 608 4111 adversus
636 4056 913 4113 Julianum
942 4060 1251 4131 perlugam,
1275 4064 1353 4117 ait
1375 4065 1557 4135 ipsum
1577 4064 1835 4123 Satanam
1858 4085 1918 4125 se

339 4146 399 4203 in
442 4160 698 4216 serpente
738 4151 1182 4217 transformassc,
1211 4164 1377 4225 atque
1409 4156 1484 4213 ita
1530 4173 1656 4213 cum
1692 4164 1917 4219 muliere

338 4241 673 4297 collocutum
714 4257 873 4308 esse;
920 4258 985 4297 ac
1038 4246 1268 4315 proinde
1321 4248 1496 4317 ipsum
1546 4264 1765 4320 quoque
1813 4255 1916 4308 sub

338 4334 611 4402 serpentis
629 4349 858 4404 persona
885 4334 1086 4392 divinis
1108 4338 1411 4395 maledictis
1431 4355 1554 4396 esse
1576 4344 1914 4412 perculsum.

344 4425 637 4480 Esistimat
687 4426 832 4481 enim
902 4428 1169 4499 Cyrillus.
1231 4430 1531 4488 'launoneru
1598 4450 1760 4507 posse
1816 4453 1916 4508 pro

2027 1942 2185 1999 bus:
2228 1958 2293 1996 ac
2343 1939 2573 2012 proinde
2632 1941 2741 1994 Eva
2794 1957 2826 1995 a
2882 1940 3001 1995 viro
3051 1941 3246 1997 educta
3305 1942 3603 1998 bestiarum

2024 2034 2245 2091 nomine
2270 2041 2603 2105 serpentem,
2632 2032 2778 2103 quod
2795 2049 2863 2088 ex
2888 2033 3187 2089 bestiarum
3211 2051 3408 2105 genere
3432 2047 3602 2101 esset,

2028 2126 2227 2195 (levio;
2273 2128 2379 2184 hoc
2426 2138 2533 2191 est,
2567 2128 2761 2183 bestia:
2803 2128 3027 2184 nomine
3077 2130 3415 2198 appellavit;
3451 2131 3599 2201 quod

2022 2236 2222 2276 nomen
2274 2222 2345 2277 ab
2397 2219 2606 2276 Adamo
2640 2220 2908 2276 didicerat
2960 2222 3191 2275 scilicet.
3252 2222 3380 2276 Erat
3434 2224 3599 2291 igitur

2021 2328 2248 2384 serpens
2294 2329 2360 2368 ex
2414 2312 2712 2370 bestiarum
2768 2328 2985 2384 genere,
3023 2329 3129 2365 non
3178 2324 3359 2367 autem
3405 2330 3600 2369 eorum

2022 2408 2383 2463 animantium
2419 2422 2542 2476 quae
2575 2404 2786 2476 reptilia
2838 2404 3116 2460 dicuntur.
3151 2403 3395 2472 Quaestio
3444 2407 3601 2459 tertia

2020 2508 2105 2556 est
2137 2518 2148 2552 :
2180 2504 2263 2554 An
2282 2500 2447 2570 pedes
2474 2498 2726 2552 habuerit
2746 2511 3005 2566 serpens;
3029 2505 3102 2560 et,
3124 2497 3170 2550 si
3193 2496 3382 2551 habuit
3404 2497 3600 2567 pedes;

2021 2591 2276 2662 bipesne,
2308 2606 2375 2645 an
2410 2607 2539 2644 vero
2569 2590 2883 2659 quadrupes
2920 2588 3082 2642 fuerit
3111 2588 3135 2641 ?
3161 2588 3241 2643 Ad
3272 2593 3410 2645 hanc
3449 2606 3601 2660 qua:-

2021 2686 2253 2742 stionem
2316 2684 2735 2755 respondemus,
2790 2682 3200 2752 quadrupedem
3234 2680 3437 2748 fuisse,
3471 2697 3599 2737 cum

2019 2792 2087 2832 ex
2142 2777 2439 2831 bestiarum
2499 2790 2696 2843 genere
2736 2772 2907 2843 (Mose
2962 2779 3125 2841 teste)
3170 2771 3605 2842 fuerit;easquo

2019 2870 2348 2933 animantes,
2409 2881 2547 2936 quas
2579 2866 2783 2920 bestias
2821 2864 3065 2919 solemus
3114 2879 3332 2929 vocare,
3362 2868 3605 2934 quadru-

2020 2961 2185 3031 pedes
2243 2976 2365 3016 csse
2420 2962 2720 3014 videamus.
2774 2959 2840 3015 Et
2898 2972 3025 3013 vero
3072 2957 3329 3011 dominus
3353 2957 3600 3026 Ephraun

2019 3053 2148 3108 dum
2182 3052 2295 3107 haec
2340 3052 2393 3107 in
2445 3054 2560 3107 suis
2592 3050 3019 3105 Commentariis
3051 3050 3306 3118 explicat,
3333 3049 3475 3102 inter
3494 3050 3601 3103 alia

2022 3144 2147 3197 ait:
2190 3143 2338 3197 Itane
2394 3142 2645 3207 volebas,
2685 3149 2745 3195 ut
2792 3141 2968 3195 Adam
3030 3140 3304 3193 amitteret
3365 3137 3595 3209 gloriam

2020 3252 2213 3301 suam;
2245 3249 2468 3305 serpens
2520 3248 2648 3287 vero
2717 3248 2783 3287 ne
2834 3230 3065 3303 pedibus
3096 3231 3312 3299 quidem
3342 3230 3603 3285 multare-

2022 3328 2141 3382 tur!
2177 3326 2302 3381 Erat
2331 3342 2459 3392 ergo
2490 3326 2802 3395 tptudt‘npcs
2826 3325 3023 3395 anguis
3047 3339 3063 3375 :
3091 3324 3185 3389 sed
3210 3324 3337 3392 quia
3364 3321 3466 3377 fuit
3496 3320 3601 3375 Sa-

2022 3428 2161 3473 lana:
2197 3434 2489 3489 organum,
2524 3427 2579 3473 et
2635 3416 2853 3471 inhaesit
2904 3417 3004 3485 ipsi
3058 3414 3241 3468 divina
3270 3414 3599 3476 exsecratio,

2020 3528 2082 3566 es
2113 3512 2287 3565 bestia
2344 3513 2521 3565 factus
2568 3518 2652 3565 est
2715 3510 2905 3579 reptile
2967 3505 3192 3569 animal,
3223 3516 3277 3559 et
3310 3522 3434 3560 cum
3471 3515 3600 3559 ante

2019 3605 2245 3674 pedibus
2262 3604 2587 3672 gradiretur,
2616 3602 2873 3673 deinceps
2893 3615 3065 3670 prono
3085 3610 3270 3654 ventre
3292 3600 3560 3669 prorepsit
3583 3617 3597 3653 :

2020 3698 2159 3750 sicut
2194 3706 2247 3749 et
2282 3695 2472 3759 Satan,
2514 3698 2638 3765 quia
2680 3695 3065 3766 prarvaricatus
3090 3691 3286 3755 fuerat,
3314 3706 3378 3744 ex
3403 3691 3600 3762 angelo

2018 3799 2264 3845 evaserat
2300 3790 2664 3853 dtemonium;
2704 3796 2757 3843 et
2785 3798 2841 3844 ut
2869 3802 3005 3841 uxor
3034 3783 3156 3849 Lot,
3178 3786 3304 3854 quia
3338 3784 3603 3855 respexit,

2019 3896 2085 3934 ex
2122 3861 2346 3936 muliere
2374 3897 2498 3952 quae
2522 3890 2646 3937 ante
2680 3888 2827 3946 erat,
2868 3878 3252 3934 transformata
3278 3884 3359 3931 est
3393 3875 3447 3930 in
3477 3886 3596 3932 sta-

2021 3982 2169 4027 tuam
2216 3973 2368 4027 salis.
2400 3972 2604 4040 Quarta
2645 3971 2881 4043 quaestio
2903 3981 3007 4031 est.
3043 3970 3089 4026 si
3123 3969 3357 4026 Satanas
3391 3972 3446 4025 in
3499 3985 3600 4024 an-

2020 4080 2177 4135 guem
2199 4080 2258 4119 se
2290 4064 2607 4130 insinuavit,
2636 4072 2801 4133 atque
2822 4077 2884 4117 es
2908 4076 2975 4116 co
2998 4061 3113 4132 ipse
3142 4063 3209 4114 ad
3239 4060 3405 4115 Evam
3435 4060 3598 4116 verba

2022 4156 2179 4224 fecit;
2230 4172 2330 4211 cur
2382 4155 2433 4211 id
2486 4170 2517 4210 a
2570 4154 2719 4210 Maso
2753 4154 3015 4225 scriptum
3054 4169 3159 4207 non
3184 4152 3277 4216 sit,
3300 4152 3396 4207 sed
3427 4151 3599 4208 solius

2017 4250 2209 4319 anguis
2228 4246 2367 4302 facta
2390 4246 2612 4302 mentio.
2637 4244 2735 4300 Hie
2754 4244 3173 4314 respondemus:
3193 4243 3392 4298 Mosen)
3412 4244 3485 4298 rei
3505 4258 3600 4313 ge.

2018 4352 2115 4399 sta:
2137 4342 2479 4412 scriptorem,
2516 4355 2625 4395 non
2663 4340 3008 4408 interpretem
3033 4339 3210 4407 egisse
3245 4351 3346 4391 :ac
3369 4335 3599 4406 proinde

2017 4433 2198 4504 qualis
2238 4447 2466 4503 qumque
2517 4447 2602 4487 res
2648 4431 2758 4486 visa
2788 4429 3075 4496 est,talem
3110 4429 3178 4484 ab
3202 4427 3321 4499 ipso
3352 4443 3472 4493 esse
3501 4429 3597 4483 de-

346 4516 580 4573 arbitrio
628 4530 724 4572 aut
773 4520 1042 4590 serpentis
1091 4534 1185 4577 aut
1219 4523 1361 4580 alius
1390 4528 1645 4582 animalis
1676 4532 1913 4600 speciem
1952 4561 1995 4616 ο
2022 4526 2304 4596 scriptam,
2341 4541 2447 4579 non
2485 4526 2614 4579 item
2637 4524 2968 4593 esplicatum
2996 4521 3089 4590 qui
3118 4536 3175 4576 se
3203 4534 3391 4576 revera
3428 4520 3599 4576 habe-

342 4626 509 4680 quam
548 4612 776 4666 voluerit
804 4630 1038 4668 sumere.
1084 4615 1154 4670 At
1202 4617 1457 4674 dominus
1492 4618 1724 4677 Iacobus
1757 4623 1918 4679 Satu-

344 4706 553 4773 gensis,
605 4708 1002 4761 commentario
1056 4724 1158 4763 suo
1199 4710 1457 4780 depulso
1508 4714 1719 4770 Adamo
1764 4728 1915 4772 extra

342 4800 683 4867 paradisum.
726 4799 877 4865 dicit,
920 4800 1178 4857 Satanam
1210 4821 1271 4858 se
1302 4806 1705 4874 incorporatum
1749 4818 1916 4879 atque

341 4890 727 4960 aspectabilent
776 4907 1005 4959 anguem
1040 4893 1373 4963 insinuasse,
1399 4904 1453 4949 et
1484 4897 1607 4951 inde
1635 4912 1759 4953 cum
1789 4914 1912 4953 tnu-

343 4985 479 5038 liere
553 4998 677 5039 esse
749 4986 1079 5040 collocutum
1142 5006 1153 5041 :
1216 5004 1378 5058 quam
1432 4992 1748 5059 Opinionem
1817 5008 1917 5047 nos

342 5077 510 5130 etiam
592 5078 957 5146 approhamus
1040 5090 1203 5150 atque
1286 5085 1692 5151 amplectimur.
1770 5085 1919 5141 llanc

340 5172 487 5224 enim
551 5186 733 5222 veram
780 5187 902 5225 esse
951 5171 1031 5225 vel
1090 5174 1141 5225 id
1196 5175 1397 5243 arguit.
1445 5178 1587 5245 quod
1634 5179 1920 5249 paradisus

345 5266 539 5335 duplex
573 5278 722 5322 erat:
754 5282 1049 5336 corporeus
1095 5281 1145 5322 et
1186 5270 1469 5336 spiritalis,
1498 5282 1570 5325 ~ut
1595 5272 1807 5342 magnis
1836 5287 1923 5326 ra-

349 5360 588 5413 tionibus
628 5370 711 5412 est
757 5376 788 5412 a
846 5361 1002 5414 nobis
1050 5361 1484 5416 demonstratum
1522 5382 1533 5417 :
1567 5363 1741 5418 Adam
1790 5365 1917 5419 item

346 5450 566 5519 Evaun
595 5452 827 5519 duplicis
854 5464 904 5507 et
933 5457 1251 5523 composita:
1288 5456 1438 5510 fuere
1466 5466 1694 5518 naturae,
1722 5458 1921 5529 quippe

344 5544 436 5611 qui
477 5559 542 5594 es
579 5558 803 5611 corpore
828 5553 1144 5598 censtarcnt
1177 5555 1231 5599 et
1260 5546 1470 5611 anima;
1504 5562 1674 5617 quare
1698 5562 1920 5616 serpen-

348 5647 452 5688 tem
510 5651 728 5706 qnoquc
778 5636 1051 5707 duplicem
1098 5637 1271 5693 fuisse
1310 5638 1734 5695 existimandum
1780 5651 1912 5696 est:

903 5821 945 5853 ⁸³
980 5819 1117 5874 Ceu.
1173 5834 1247 5886 ιιι,
1298 5818 1378 5873 Η.

416 5819 618 5874 "lien.
658 5836 741 5885 nt,
774 5822 824 5874 l.
903 5821 945 5853 ⁸³
980 5819 1117 5874 Ceu.
1173 5834 1247 5886 ιιι,
1298 5818 1378 5873 Η.
1456 5818 1500 5851 ⁸ο
1534 5818 1574 5872 ΙΙ
1608 5818 1736 5874 Cor.
1771 5835 1832 5889 tt,
1861 5821 1915 5876 5.

2027 4624 2126 4670 ret.
2149 4614 2259 4669 Eva
2285 4626 2465 4670 autem
2488 4625 2794 4683 serpentem
2821 4613 3057 4679 videbat,
3079 4622 3386 4682 serpentem
3410 4627 3596 4668 secum

2027 4709 2336 4777 loquentem
2394 4707 2649 4761 audiebat
2679 4720 2695 4761 :
2732 4706 2836 4761 hoc
2885 4706 3049 4775 igitur
3079 4704 3258 4775 ipsum
3293 4702 3467 4759 Moses
3495 4718 3600 4758 suo

2026 4801 2231 4871 scripto
2293 4799 2570 4871 prodidit,
2617 4797 3081 4869 quemadmodum
3144 4794 3272 4850 alibi
3321 4804 3430 4852 tres
3479 4796 3599 4852 illos

2025 4910 2165 4965 quos
2196 4894 2793 4955 videbatAbraliamus,
2830 4891 2978 4946 viros
3009 4888 3319 4960 appellavit,
3350 4903 3474 4943 cum
3498 4886 3598 4941 viri

2029 5004 2133 5042 non
2183 4996 2385 5042 eSsent.
2419 4984 2499 5039 Ad
2566 4985 2691 5048 hoc,
2746 4982 2791 5037 si
2845 4983 3001 5037 divus
3065 4980 3286 5044 Paulus,
3327 4979 3419 5049 qui
3450 4987 3599 5032 tanto

2029 5081 2284 5151 temporis
2332 5077 2613 5133 intervallo
2656 5075 2855 5131 Moscm
2914 5085 3136 5131 secutus
3184 5081 3304 5135 οηι,
3348 5087 3474 5125 cum
3511 5088 3597 5126 res

2023 5175 2135 5246 jam
2187 5183 2300 5228 tum
2356 5172 2641 5243 explicata:
2696 5176 2903 5235 essent,
2947 5167 3185 5238 serpenti
3240 5182 3345 5219 non
3384 5162 3598 5218 Satanae

2029 5266 2389 5335 imposturam
2420 5260 2688 5322 attribuit,
2720 5259 2973 5331 inquiens
3010 5276 3024 5312 ι
3073 5256 3263 5310 Vereor
3310 5257 3447 5309 sicut
3488 5271 3595 5308 ser-

2021 5370 2147 5423 pens
2187 5355 2387 5425 decepit
2435 5351 2598 5408 Evam
2623 5352 2690 5418 ‘°,
2730 5359 2861 5414 etc.,
2901 5362 3000 5405 cur
3025 5365 3131 5403 non
3166 5347 3360 5402 merito
3396 5345 3596 5407 Moses.

2023 5449 2114 5519 qui
2140 5457 2249 5502 tam
2276 5446 2463 5502 multis
2495 5444 2748 5501 aetatibus
2776 5441 3005 5497 Paulum
3035 5443 3331 5511 praecessit,
3353 5440 3596 5495 fraudein

2022 5540 2259 5612 serpenti
2309 5538 2626 5609 ascripsisse
2657 5534 2948 5592 videatur?
2986 5534 3284 5603 Scriptor-is
3312 5532 3455 5587 enim
3494 5539 3595 5595 est,

2022 5652 2110 5694 res
2135 5646 2316 5708 gestas
2334 5648 2598 5701 narrare;
2622 5643 2674 5688 at
2694 5631 3004 5702 interpretis
3032 5643 3253 5694 munus,
3280 5642 3306 5680 a
3332 5634 3595 5695 scriptore
