4082 6160
393 349 499 417 519

1688 329 1919 393 MOSIS
1959 326 2111 388 ΒΑΗ
2150 322 2401 384 CEi’HA

3578 299 3684 364 520

392 464 606 538 prodita
640 458 911 531 explicare
946 475 958 509 :
993 469 1058 510 ac
1107 448 1336 523 proinde
1371 447 1569 512 Moses,
1600 443 1691 511 qui
1738 442 1977 509 scriptor
2008 445 2051 500 Α
2084 450 2188 490 nus
2247 434 2511 490 obsecuta
2549 427 2741 483 fuisset
2774 422 2958 479 dictis.
3007 418 3200 492 Igitur,
3236 426 3293 472 ut
3342 431 3452 472 sum
3506 413 3685 470 fraudi

2090 527 2103 538 ·
2412 533 2446 538 ν-
2518 520 2802 538 uuln—ﬂ-
2866 514 2998 538 tu..-
3078 511 3251 538 :...t..:.
3326 518 3680 538 -,,....,.,..,.,,,_,

390 574 501 614 non
561 557 832 621 interpres
890 564 1012 603 esse
1080 545 1293 609 voluit,
1355 555 1501 596 recte
1563 538 1806 592 narravit
1866 550 1984 589 ser-

389 659 607 719 pentem
648 660 773 701 cum
807 642 915 695 Eva
940 639 1271 695 collocutum
1312 652 1454 700 esse,
1486 649 1593 688 non
1626 642 1809 685 autem
1844 628 1987 684 dixit

395 722 655 797 Statariam
692 742 833 792 intra
862 745 1169 807 serpentem
1223 730 1395 785 fuisse
1430 728 1786 782 occultatum.
1824 720 1987 787 Qua:-

394 840 503 893 stio
534 837 723 908 quinta
756 844 861 895 est,
891 833 1250 901 quamobrem
1285 825 1515 881 Satanas
1555 819 1822 873 Adamum
1858 831 1983 871 cuin

394 946 563 986 uxore
598 927 898 985 seduxerit.
940 922 1052 977 Nos
1081 922 1461 975 existimamus
1521 928 1745 969 Causam
1770 912 1988 965 Satanae

394 1024 565 1079 fuisse
601 1021 858 1076 invidiam
888 1034 995 1088 qua
1033 1017 1155 1070 illos
1189 1011 1666 1083 prosequebatur;
1699 1020 1823 1060 nam
1862 1019 1986 1059 cum

396 1119 486 1171 ille
544 1113 766 1170 sublimi
826 1128 925 1165 sua
987 1108 1254 1177 dignitate
1309 1105 1597 1173 gloriaque
1656 1098 1989 1161 excidisset,

396 1208 711 1274 videretque
745 1218 907 1272 porro
935 1200 1205 1253 Adamutn
1235 1210 1300 1249 ex
1329 1196 1441 1247 luto
1472 1192 1900 1253 conformatum,
1921 1186 1988 1241 ad

394 1303 690 1370 imaginem
728 1308 910 1352 tamen
938 1292 1464 1358 sitnilitndinentque
1490 1287 1577 1341 Dei
1614 1285 1817 1339 factum
1844 1299 1987 1347 esse,

394 1405 561 1465 atque.
588 1392 835 1448 omnium
875 1404 1055 1442 rerum
1087 1400 1210 1456 quae
1243 1385 1296 1436 in
1333 1383 1494 1436 terris
1524 1386 1709 1434 cssmt
1760 1377 1992 1446 imperio

396 1492 662 1561 potitum;
739 1494 997 1555 prieterea
1080 1480 1393 1549 paradisum
1458 1474 1672 1528 deliciis
1733 1472 1989 1527 omnibus

397 1585 615 1654 plenum
662 1582 1016 1642 incolentetn,
1060 1585 1228 1644 atque
1276 1571 1644 1639 augelicarum
1703 1566 1989 1634 c0piarum

400 1676 668 1730 fruentem
696 1671 983 1732 societate,
1005 1684 1064 1722 se
1095 1682 1223 1721 vero
1246 1672 1436 1718 contra
1459 1662 1805 1715 deturbatum
1830 1668 1996 1726 atque

397 1770 695 1839 dejectnm,
734 1765 973 1818 maxima
1030 1770 1306 1831 permotus
1335 1757 1603 1811 adversus
1642 1753 1910 1807 Adamum
1939 1760 1995 1804 et

403 1863 568 1917 Evam
603 1860 831 1922 invidia,
867 1859 1015 1926 ipsos
1038 1852 1281 1908 seduxit.
1307 1849 1575 1903 Nimirum
1604 1840 1989 1915 hujuscemodi

401 1956 833 2027 cogitationibus
883 1950 1193 2019 exagitatus
1241 1954 1325 1997 est
1361 1960 1375 1995 :
1414 1942 1526 2010 Ego
1590 1940 1683 2009 qui
1736 1933 1997 2007 spiritalis

402 2068 549 2115 sum,
585 2048 810 2111 exsulo;
852 2055 907 2101 at
940 2044 1110 2098 Adam
1142 2040 1236 2109 qui
1266 2052 1567 2106 corporeus
1604 2042 1708 2095 est,
1744 2033 1890 2086 intro
1914 2039 1999 2084 est

406 2154 661 2212 receptus
695 2161 709 2197 :
744 2155 846 2209 ego
894 2130 1217 2207 proﬂigatus
1248 2134 1509 2200 omnique
1539 2128 1710 2196 gloria
1759 2134 1995 2186 exutus;

406 2239 498 2290 ille
530 2234 694 2304 gloria
732 2232 958 2285 indutus
989 2227 1327 2294 vesntusque
1362 2238 1504 2291 :i-go
1537 2222 1589 2273 in
1637 2220 1778 2279 imo,
1820 2218 1911 2269 ille
1947 2216 1998 2267 in

406 2345 624 2386 summo
650 2346 661 2379 ε
689 2323 947 2393 egoapud
975 2320 1198 2384 bestias,
1225 2318 1310 2369 ille
1341 2316 1480 2385 apud
1512 2312 1737 2384 angelos
1770 2329 1783 2364 :
1816 2322 1917 2375 ego
1948 2306 2001 2359 itt

405 2432 560 2476 vasta
615 2416 930 2480 solitudine,
979 2414 1070 2466 ille
1128 2412 1272 2464 inter
1306 2406 1714 2463 amoznissimas
1761 2398 2004 2473 paradisi

407 2516 633 2570 arbores
663 2520 935 2565 versatur.
967 2502 1377 2573 Hujuscemodi,
1414 2501 1664 2569 inquam,
1706 2493 2005 2567 cogitatio-

412 2623 511 2661 nes
572 2603 639 2659 ad
699 2598 1119 2670 prosequendos
1174 2596 1296 2648 illos
1345 2593 1548 2645 invidia
1622 2587 2006 2655 fallendosque

411 2703 594 2771 ipsum
629 2695 968 2766 impulerunt
1004 2708 1018 2746 :
1050 2690 1251 2762 quippe
1292 2685 1633 2753 intelligebat
1660 2699 1726 2738 ex
1760 2697 1827 2737 eo
1857 2678 2004 2752 quod

412 2794 515 2848 sibi
550 2789 849 2854 acciderat,
879 2786 925 2841 si
959 2782 1423 2856 pecearetltdam,
1446 2779 1693 2834 futurum
1726 2786 1788 2831 ut
1822 2782 2010 2831 rueret

412 2888 558 2941 sicut
630 2884 746 2952 ipse
801 2881 951 2949 prior
1023 2878 1546 2943 ceciderat:atque
1607 2887 1673 2925 ex
1748 2877 2006 2940 peccato,

412 2981 611 3035 horum
661 2975 822 3047 plane
870 2972 1101 3027 alterum
1153 2969 1361 3023 Adamo
1408 2978 1736 3021 eventurum
1770 2978 1913 3027 esse,
1950 2969 2012 3016 ut

414 3071 497 3124 vel
526 3076 854 3124 moreretur.
888 3079 988 3134 pro
1022 3064 1129 3118 lata
1160 3062 1273 3131 jam
1305 3070 1431 3113 ante.
1458 3057 1752 3119 sententia,
1787 3057 1904 3122 Quo
1926 3054 2013 3108 die

417 3162 701 3216 romederis
756 3159 819 3212 de
880 3158 1007 3221 illa,
1063 3168 1286 3209 mortem
1336 3162 1582 3222 appetes;
1620 3152 1701 3203 vel
1753 3150 2009 3218 paradiso

417 3252 809 3321 expelleretur,
840 3254 1003 3314 atque
1052 3244 1248 3297 deinde.
1277 3241 1463 3295 sobole
1506 3248 1788 3304 procreata
1823 3236 2010 3290 multi-

418 3347 716 3417 plicaretnr
757 3340 1059 3396 secundum
1110 3337 1342 3391 faustam
1378 3336 1524 3387 illam
1558 3333 2011 3403 apprecatiooem

418 3440 693 3519 ‘qna‘Dens
713 3438 777 3491 ad
802 3437 925 3489 illos
945 3448 1078 3487 usus
1103 3431 1316 3485 dixerat
1339 3446 1352 3482 ι
1375 3430 1605 3482 Crescite
1623 3438 1667 3480 et
1690 3424 2018 3494 multiplica-

424 3537 595 3604 mini;
630 3537 735 3586 lioe
777 3544 907 3582 vero
940 3526 985 3581 si
1016 3526 1088 3580 illi
1122 3528 1483 3589 contingeret,
1515 3531 1627 3574 tum
1663 3520 1777 3573 fore
1820 3528 1879 3572 ιιι
1906 3519 2021 3587 ipse

423 3641 475 3684 et
502 3630 557 3682 in
585 3627 735 3680 illum
760 3628 1028 3693 ipsum,ct
1051 3621 1101 3672 in
1129 3618 1275 3673 illius
1301 3631 1516 3669 omnem
1538 3610 2023 3683 posteritatemim-

424 3721 638 3792 perium
672 3724 973 3771 exerceret.
994 3712 1161 3784 igitur
1185 3712 1251 3765 ad
1272 3711 1421 3763 illum
1457 3706 1752 3762 [allendum
1781 3703 2024 3775 percitus

428 3822 513 3869 est
542 3827 691 3866 mera
719 3808 944 3863 invidia.
980 3806 1141 3860 Sexta
1179 3804 1407 3874 quazstio
1439 3810 1542 3864 est,
1579 3816 1679 3854 cur
1708 3814 1817 3852 non
1854 3811 2021 3866 appa-

429 3906 601 3962 ruerit
646 3903 811 3957 Satan
842 3900 1033 3969 primis
1081 3897 1400 3967 parentibus
1435 3894 1675 3946 humana
1707 3891 1912 3960 specie,
1941 3889 2023 3941 vel

430 4003 611 4057 divina
648 3999 819 4067 (quali
859 3993 1118 4046 Dominus
1148 4002 1335 4045 noster
1375 3988 1426 4041 in
1484 3988 1713 4055 monte),
1739 3996 1832 4038 aut
1856 3984 2027 4053 figura

434 4094 705 4162 majorum
765 4087 1089 4149 bestiarum,
1127 4082 1317 4153 quales
1356 4091 1487 4134 sunt
1516 4077 1736 4140 cameli,
1763 4077 2028 4143 elephan-

437 4195 539 4245 tes,
568 4189 619 4232 et
650 4178 835 4247 ejusee
877 4174 1097 4244 generis
1140 4172 1260 4224 alia:
1296 4187 1309 4222 :
1362 4178 1456 4220 aut
1508 4166 1746 4234 denique
1793 4178 1891 4217 Cur
1921 4179 2027 4216 non

437 4292 537 4331 suo
569 4276 741 4344 ipsius
773 4270 995 4338 preprio
1025 4278 1191 4334 atque
1222 4265 1405 4318 nativo
1443 4261 1654 4324 habitu,
1694 4257 1788 4313 sed
1818 4270 2030 4324 organo

440 4380 578 4434 Opus
639 4361 915 4413 habuerit.
966 4356 1108 4409 Sane
1143 4355 1381 4407 humana
1412 4352 1594 4420 specie
1621 4363 1726 4401 non
1758 4345 2029 4416 apparuit,

443 4457 609 4528 quod-
645 4462 811 4507 sea-et
855 4451 1021 4505 Evam
1058 4464 1167 4501 non
1213 4447 1465 4515 ignorare
1526 4441 1715 4505 altum,
1750 4448 1948 4508 prmter
1975 4450 2033 4491 se

447 4508 497 4528 τ
1236 4508 1261 4515 -

443 4558 719 4611 suumque
774 4542 1031 4594 maritum
1092 4534 1367 4589 hominem
1403 4530 1613 4586 nullum
1662 4544 1816 4592 esse;
1853 4542 2011 4596 nequi

2139 4514 2368 4585 Qilmallo
2423 4508 2736 4580 hujusmodi
2795 4516 2877 4559 est
2922 4521 2938 4558 :

447 4655 575 4693 vero
621 4637 761 4688 Dius
793 4635 894 4702 ipsi
926 4628 1277 4700 permittebat
1312 4638 1370 4679 ut
1401 4622 1680 4678 hominem
1717 4620 2027 4685 simularet,

447 4751 516 4787 ne
567 4731 769 4801 justam
814 4727 1036 4779 haberet
1086 4722 1194 4776 Eva
1229 4722 1433 4773 erroris
1468 4718 1553 4771 sui
1598 4713 2028 4775 excusationem,

448 4822 762 4889 cimspicaza
823 4815 1099 4867 hominem
1135 4808 1241 4865 sibi
1262 4806 1494 4863 similem
1525 4820 1555 4859 a
1579 4819 1691 4874 quo
1732 4801 2030 4856 falleretur.

450 4912 622 4968 Perro
670 4908 891 4973 divina,
927 4902 1009 4958 \el
1046 4900 1314 4970 majorum
1368 4898 1671 4953 bestiarum
1712 4896 1883 4965 ligura
1926 4905 2032 4944 non

456 5007 730 5089 apparuit,
767 5004 915 5074 quod
970 5004 1053 5057 hae
1095 4999 1303 5070 species
1340 4996 1511 5051 nimio
1545 5004 1693 5047 metu
1726 4992 2043 5047 concussis-

457 5086 577 5159 Sent
624 5099 1146 5170 perturbassentque
1209 5092 1514 5152 mulierem,
1550 5088 1749 5141 nedum
1796 5086 1863 5139 ad
1942 5100 2043 5136 au-

460 5194 807 5250 scultandum
866 5188 1050 5243 verbis
1078 5187 1194 5240 suis
1250 5180 1611 5236 induxissent.
1645 5177 1756 5232 Sua
1810 5176 2047 5245 denique

461 5289 633 5357 ipsius
682 5282 916 5338 naturali
968 5280 1148 5348 specie
1194 5283 1414 5329 nonest
1457 5274 1601 5326 illam
1635 5270 1886 5333 adortus,
1916 5270 2054 5336 quia

464 5382 637 5443 magis
693 5376 853 5428 etiam
923 5377 1267 5427 consternata
1308 5367 1423 5434 ipsa
1474 5363 1667 5417 fuisset
1715 5363 1757 5415 si
1793 5361 1913 5429 ejus
1946 5359 2040 5427 qui

462 5472 676 5525 videndi
718 5483 936 5522 sensum
987 5463 1192 5517 falleret
1228 5460 1388 5512 verba
1428 5455 1701 5521 audisset;
1736 5468 1906 5520 coque
1948 5451 2055 5504 mi-

486 5648 526 5678 °‘
564 5648 697 5701 Luc.
734 5661 825 5709 xv,
865 5642 921 5695 ll
959 5656 1115 5709 seqq.

539 5804 652 5871 (l2)
686 5804 855 5857 (laute
884 5801 1178 5872 lege;uam
1214 5794 1517 5854 similitudo
1548 5794 1798 5867 quantam
1864 5789 2091 5861 indolis,
2134 5804 2241 5846 non

473 5876 621 5930 bolo.

2090 527 2246 581 locus
2310 533 2453 579 esset
2516 520 2808 589 verbisque
2865 514 3021 581 lides,
3077 511 3254 567 induit
3325 518 3683 579 corporatum

2090 620 2223 674 illud
2262 630 2553 688 organum,
2584 620 2894 682 serpentem
2916 647 2931 673 ,
2961 622 3135 677 eoque
3168 604 3355 659 habitu
3394 600 3682 655 visendum

2092 727 2151 767 se
2174 710 2444 766 exhibuit.
2482 705 2724 777 Septima
2757 701 2990 772 quiestio
3038 707 3144 762 est,
3179 712 3279 752 cur
3331 710 3441 763 prie.
3472 692 3687 747 caeteris

2093 802 2283 859 bestiis
2350 813 2583 869 anguem
2618 795 2719 850 sibi
2752 792 2987 847 Satanas
3015 790 3068 845 in
3104 802 3371 860 organum
3403 782 3688 855 delegerit.

2092 896 2267 965 llujus
2314 894 2393 948 rei
2441 904 2639 945 causas
2679 887 2880 941 multas
2905 898 3028 938 esse
3057 881 3292 936 dicimus
3330 876 3514 932 Primo
3546 875 3691 930 enim

2093 990 2304 1044 nullmn
2352 996 2473 1041 erat
2506 997 2685 1053 angue
2731 978 2930 1035 animal
2964 977 3030 1033 ad
3089 973 3394 1029 fallendum
3425 971 3695 1032 astutius;

2093 1082 2145 1135 id
2180 1081 2324 1150 quod
2362 1080 2518 1131 divus
2553 1076 2729 1129 Moses
2761 1086 2983 1143 quoque
3012 1070 3097 1124 bis
3127 1067 3310 1123 verbis
3358 1064 3641 1137 significat
3676 1079 3693 1115 :

2100 1171 2167 1225 Et
2218 1185 2426 1238 serpens
2467 1175 2581 1221 erat
2632 1164 2881 1217 callidior
2910 1163 3053 1216 omni
3101 1161 3269 1214 bestia
3304 1158 3445 1228 agri.
3476 1154 3613 1209 Nam
3642 1161 3700 1210 et

2103 1265 2468 1320 animantium
2532 1261 2636 1313 alia
2702 1256 2916 1311 vafritie
2970 1253 3268 1316 excellunt,
3341 1260 3399 1304 ut
3458 1249 3691 1319 vulpes;

2104 1363 2233 1425 alia,
2262 1359 2379 1412 rudi
2437 1354 2788 1425 simplicitate
2840 1359 2991 1412 sunt,
3022 1358 3082 1402 ut
3113 1361 3271 1401 Oves.
3310 1342 3514 1399 Deinde
3567 1356 3693 1396 cum

2098 1451 2297 1521 anguis
2358 1445 2547 1501 letbali
2606 1454 2819 1497 veneno
2863 1439 3079 1509 plenum
3127 1432 3369 1495 animal,
3405 1436 3699 1484 consepta-

2098 1559 2262 1599 neum
2305 1551 2449 1603 erat,
2486 1548 2542 1592 ut
2592 1536 2673 1591 vel
2728 1542 2949 1604 prepter
3002 1540 3209 1586 naturir
3255 1522 3699 1594 congruentiam,

2100 1634 2447 1691 mortiferum
2482 1631 2674 1685 'snum
2735 1626 2978 1679 toxicum
3043 1618 3430 1675 commisceret
3466 1614 3704 1670 Satanas

2098 1745 2224 1785 cum
2263 1725 2533 1796 serpentis
2565 1736 2797 1776 veneno.
2829 1716 3042 1778 Tertio,
3102 1721 3163 1767 ut
3213 1710 3354 1765 idem
3387 1707 3705 1765 usuveniret

2024 1832 2063 1885 ιι
2096 1818 2313 1875 Satanae
2358 1816 2503 1884 quod
2568 1813 2681 1866 lilio
2736 1810 2811 1863 illi
2848 1807 3120 1877 prodigo:
3160 1804 3207 1858 is
3238 1803 3384 1855 enim
3414 1807 3702 1868 postquam

2101 1928 2318 1970 summo
2378 1911 2589 1963 honore
2629 1902 2944 1965 excidisset,
2978 1900 3031 1953 in
3066 1912 3158 1952 eas
3179 1900 3435 1951 redactus
3460 1903 3543 1947 est
3575 1890 3703 1944 vita:

2103 2006 2356 2061 miserias
2404 2012 2462 2057 ut
2502 2013 2696 2070 porcos
2727 2010 2953 2066 pascere
2997 2003 3289 2062 cogeretur
3315 1989 3357 2019 ⁶¹
3404 2005 3416 2042 ;
3457 1986 3538 2040 sic
3594 1983 3707 2038 sci-

2103 2101 2229 2155 licet
2283 2102 2452 2149 Satan
2489 2108 2554 2147 ex
2597 2105 2694 2144 sua
2730 2090 2987 2158 delapsus
3036 2084 3232 2154 gloria,
3276 2084 3330 2135 in
3363 2094 3595 2149 anguem
3641 2089 3704 2130 se

2105 2191 2427 2245 insinuavit.
2467 2185 2705 2250 Quarto,
2745 2190 2804 2233 ut
2849 2193 2974 2231 cmn
3007 2186 3148 2230 esset
3182 2174 3481 2243 aliquando
3510 2168 3707 2238 anguis

2106 2300 2269 2354 super
2301 2290 2541 2336 ventrem
2578 2291 2741 2330 suum
2777 2280 3168 2343 prorepturus;
3202 2267 3254 2321 id
3286 2270 3483 2335 ipsum,
3550 2262 3702 2317 humi

2106 2392 2348 2447 serpere,
2389 2370 2703 2437 diaboliqui
2744 2368 2797 2420 in
2829 2379 3005 2436 angue
3038 2362 3294 2424 latuerat,
3328 2357 3486 2411 nobis
3513 2368 3702 2409 casum

2107 2471 2179 2526 ob
2210 2470 2404 2526 oculos
2435 2472 2683 2535 poneret.
2717 2459 2965 2529 Denique
2997 2456 3071 2509 ita
3104 2464 3300 2507 natura
3323 2458 3702 2519 comparatum

2110 2572 2195 2620 est
2254 2567 2567 2630 serpentum
2622 2567 2818 2626 genus,
2852 2559 2914 2604 ut
2969 2546 3184 2601 occulta
3243 2542 3496 2613 quaedam
3535 2538 3703 2595 veluti

2112 2656 2355 2712 fraterna
2411 2651 2612 2706 indolis
2670 2642 3002 2714 conjttuetiu
3054 2639 3155 2709 ipsi
3204 2653 3328 2692 cum
3361 2633 3707 2689 daemonibus

2112 2746 2415 2805 intercedat
2447 2741 2585 2813 (η),
2627 2740 2733 2795 etsi
2772 2753 2835 2791 ea
2895 2749 2997 2788 nos
3030 2733 3213 2786 lateat.
3243 2727 3445 2783 Octava
3475 2723 3707 2796 quer-tio

2112 2849 2218 2906 est,
2246 2854 2344 2896 cur
2373 2833 2687 2908 permiserit
2711 2831 2855 2887 Deus
2876 2828 3093 2883 Satanae
3113 2833 3168 2879 et
3198 2821 3435 2891 serpenti
3465 2820 3520 2873 in
3545 2834 3706 2889 para-

2114 2936 2298 2992 disum
2361 2930 2590 2986 introire
2625 2943 2639 2979 :
2675 2928 2785 2979 ituo
2829 2936 2960 2977 vero
2991 2921 3229 2983 Satanae,
3271 2916 3541 2970 Adamqu
3574 2926 3703 2968 cum

2115 3042 2290 3084 uxore
2325 3024 2535 3081 fallere.
2578 3021 2659 3075 Ad
2696 3020 2839 3073 hanc
2869 3014 3230 3084 quastionem
3262 3010 3662 3078 respondemus
3685 3043 3704 3071 ,

2117 3122 2299 3175 varias
2342 3117 2415 3172 ob
2466 3130 2555 3170 res
2587 3113 2855 3185 permissa
2888 3109 2979 3164 illa
3016 3119 3164 3162 esse.
3230 3101 3489 3157 Permisit
3526 3102 3702 3158 enim.

2037 3183 2081 3241 c
2114 3221 2242 3274 dum
2302 3214 2521 3271 Satanm
2575 3183 2881 3265 libertatem
2934 3222 3041 3261 non
3096 3202 3375 3274 impedivit
3412 3199 3711 3269 quominus

2115 3317 2310 3377 suopte
2341 3304 2568 3360 arbitrio
2598 3312 2866 3363 uteretur,
2925 3298 3064 3352 sicut
3099 3308 3276 3366 neque
3306 3292 3490 3346 Oziam
3520 3289 3711 3360 probi;-

2120 3403 2238 3456 huit
2295 3417 2325 3455 a
2363 3380 2728 3452 sanctissimis
2777 3390 2979 3462 adytis,
3003 3405 3069 3443 ne
3102 3403 3201 3457 pro
3255 3384 3531 3453 voluptate
3565 3384 3618 3436 in
3645 3396 3711 3436 ea

2120 3501 2466 3567 penetraret.
2498 3490 2763 3544 Praaterea
2813 3486 2942 3539 sivit
2988 3468 3129 3536 Deus
3191 3466 3283 3533 illa
3327 3478 3569 3542 evenire,
3602 3490 3714 3547 quo

2122 3587 2455 3648 ostenderet,
2489 3576 2954 3652 quemadmodum
3002 3574 3116 3629 fieri
3142 3572 3318 3642 pOtltit
3347 3580 3405 3623 ut
3438 3570 3710 3623 Adamum

2124 3679 2207 3733 sui
2256 3676 2547 3746 imaginem
2595 3668 3125 3736 similitudinemqtte
3151 3664 3219 3718 de
3251 3671 3393 3717 terra
3438 3662 3712 3723 aboleret;

2126 3771 2198 3824 ita
2244 3782 2437 3821 rursus
2491 3780 2550 3819 se
2603 3762 2734 3817 huic
2780 3760 2881 3829 ipsi
2938 3757 3253 3832 permisisse
3294 3762 3351 3807 ut
3403 3763 3591 3823 posset
3619 3765 3716 3821 per

2128 3865 2442 3934 superbiam
2474 3870 2635 3930 atque
2663 3856 2861 3912 fastum
2898 3854 3155 3909 alii-ctare
3189 3849 3429 3906 divinam
3460 3847 3718 3917 majesta-

2131 3972 2261 4013 tem.
2308 3958 2537 4026 Insuper
2586 3964 2645 4008 ut
2693 3969 2759 4006 ne
2816 3950 2952 4004 nihil
3006 3955 3155 4002 esset
3211 3960 3336 4000 cum
3381 3957 3491 4014 quo
3519 3938 3712 3996 Adami

2131 4054 2355 4107 libertas
2387 4048 2598 4103 arbitrii
2629 4055 2815 4117 posset
2850 4042 3136 4096 decertare
3170 4038 3444 4106 :deniquc
3480 4043 3537 4089 ut
3569 4034 3716 4103 peri-

2132 4147 2316 4198 culmn
2350 4141 2504 4194 ﬂeret
2536 4139 2603 4193 de
2626 4137 2836 4191 Adamn
2872 4133 3248 4187 observansne
3275 4126 3515 4180 mandati
3546 4122 3717 4179 divini

2134 4246 2306 4301 esset,
2344 4249 2412 4288 an
2445 4233 2695 4288 minime.
2758 4227 2927 4288 Erant
2979 4227 3144 4297 igitur
3195 4238 3321 4277 cum
3369 4221 3532 4275 arbor
3577 4219 3715 4288 ipsa,

2134 4341 2248 4385 tum
2307 4326 2544 4382 Satanas
2577 4335 2741 4392 atque
2775 4332 3001 4388 serpens
3029 4317 3095 4371 ad
3149 4312 3542 4383 explorandam
3593 4309 3723 4364 Atia:

2136 4421 2347 4475 arbitrii
2382 4419 2691 4473 libertatem
2720 4410 3137 4467 accommodata
3167 4401 3725 4461 instrumettta.Nona

2992 4501 3104 4558 Cut-
3159 4499 3323 4569 angui
3382 4496 3727 4552 maledixerit

2140 4610 2303 4672 Deus,
2355 4605 2449 4675 qui
2507 4602 2717 4656 nuilum
2777 4597 2959 4654 scelus
3017 4602 3278 4665 patrarat,
3328 4589 3546 4645 Satanas
3592 4604 3727 4643 vero

2138 4702 2327 4771 ﬂagitii
2373 4692 2465 4753 reo
2516 4690 2974 4774 noxioqne‘nihil
3035 4686 3162 4741 mali
3213 4687 3549 4754 imprecatus
3601 4679 3725 4736 sit?

2142 4812 2319 4866 neque
2340 4793 2483 4849 cnim
2509 4790 2683 4845 libero
2703 4784 2958 4841 utebatur
2981 4781 3174 4849 anguis
3200 4777 3450 4839 arbitrio,
3476 4784 3530 4827 ttt
3548 4782 3731 4843 posset

2144 4906 2203 4945 se
2234 4887 2452 4942 Satanae
2495 4899 2595 4954 pro
2641 4883 3009 4935 instrumento
3052 4888 3157 4926 non
3192 4876 3471 4941 pta1stare.
3505 4866 3583 4920 Ad
3616 4867 3730 4921 haec

2145 4981 2380 5038 dicimus
2444 4979 2770 5032 detestatqu
2828 4985 2949 5026 esse
3001 4981 3232 5037 anguem
3297 4971 3355 5017 ut
3406 4962 3508 5015 hoc
3551 4960 3727 5029 ipsum

2148 5076 2368 5130 Satanas
2419 5072 2705 5127 molestum
2769 5066 3061 5125 accideret,
3097 5060 3188 5129 qui
3233 5057 3330 5112 illo
3362 5054 3615 5111 utebatur
3650 5055 3738 5107 in-

2150 5179 2493 5231 strumento;
2529 5161 2697 5216 veluti
2746 5159 2792 5214 si
2841 5157 2967 5229 quis
3002 5154 3275 5209 musicum
3310 5149 3735 5202 instrumentum

2152 5260 2485 5327 confringat,
2518 5269 2626 5326 quo
2658 5269 2783 5308 eum
2826 5250 2918 5321 qui
2953 5249 3044 5302 illo
3110 5243 3342 5302 canebat
3408 5238 3681 5295 excruciet
3722 5254 3735 5287 ;

2155 5368 2361 5423 equum
2422 5350 2679 5404 nimirum
2734 5347 2967 5417 graviter
3024 5338 3336 5410 prastraiit,
3370 5343 3427 5391 ut
3470 5345 3739 5388 sessorem

2166 5446 2333 5503 simul
2368 5451 2780 5505 cousterncret;
2818 5451 3122 5503 navemque
3178 5429 3463 5489 subvertit,
3513 5436 3569 5477 ut
3610 5438 3745 5476 nau-

2334 5784 2572 5845 fraterna
2628 5784 2944 5856 conjunctio
3001 5784 3139 5838 inest
3192 5776 3418 5837 colubro
3460 5787 3585 5831 cum
3627 5769 3749 5826 dia-
