4054 6138
362 257 455 323 521

1495 264 1593 324 DE
1638 261 2034 323 l‘AllADlSO.
2080 288 2143 298 --
2183 262 2377 323 PARS
2418 258 2467 322 ῐ.

3514 250 3621 313 522

362 389 467 432 tam
527 379 808 433 multaret.
866 376 1191 447 Serpentem
1247 392 1377 447 ergo
1437 378 1745 432 maledictis
1798 375 2163 440 I'eriitAhaee
2225 384 2444 445 propter
2500 370 2850 427 Hebraeorum
2917 381 3137 437 quoque
3196 364 3620 420 imbecillitatem

363 470 521 533 Deus,
556 478 612 525 ut
644 471 906 524 Satanam
967 468 1153 524 dolore
1206 478 1431 541 angeret
1476 471 1567 536 qui
1600 472 1652 523 in
1688 479 1944 538 serpente

362 563 719 630 loquebatur;
776 563 920 615 sicut
974 572 1030 615 et
1079 559 1347 630 legionem
1401 561 1595 615 alllixit
1666 562 1943 631 perdeudo

360 671 557 726 puteos
578 656 623 687 θ’
654 672 667 709 :
700 654 866 708 simul
893 663 1059 721 atque
1089 653 1233 707 enim
1266 652 1500 706 Satanas
1526 655 1808 723 conspexit
1842 669 1942 707 an-

363 762 516 818 gnem
540 746 760 801 amissis
785 747 1014 814 pelibus
1049 746 1199 799 humi
1227 746 1481 810 volutari,
1515 747 1715 800 acerbo
1740 762 1945 815 angore

359 840 708 893 excruciatus
761 849 863 892 est.
902 834 1170 892 Praeterea
1226 840 1345 892 ideo
1395 854 1614 908 quoque
1665 837 1947 892 maledisit

360 930 621 997 serpenti,
658 928 803 999 quod
856 928 1068 983 Adamo
1104 940 1271 995 atque
1317 927 1439 983 Erae
1488 929 1745 997 peccandi
1780 945 1942 984 causa

357 1021 697 1085 exstitiSset;
750 1019 893 1073 sicut
952 1020 1261 1087 iumentum
1314 1019 1583 1088 lapidibus
1612 1020 1945 1075 obruebatur

360 1125 486 1167 cum
514 1129 626 1183 quo
658 1128 861 1180 corpus
910 1116 1208 1167 miscuerat
1238 1113 1476 1176 homo",
1513 1129 1579 1169 eo
1604 1114 1747 1183 quod
1777 1131 1943 1169 eausa

360 1205 487 1258 mali
523 1205 749 1270 fuisset;
783 1206 1045 1274 scriptum
1078 1207 1331 1260 cstcnim
1369 1223 1383 1260 :
1420 1204 1501 1260 En
1551 1208 1749 1261 malum
1787 1212 1942 1272 venit,

360 1297 449 1351 sed
469 1313 542 1349 cu:
561 1298 644 1350 illi
670 1314 759 1365 per
779 1315 929 1366 quem
950 1301 1086 1352 venit
1106 1301 1176 1354 θ’.
1196 1302 1274 1353 Ad
1298 1303 1411 1356 lucc
1431 1304 1503 1357 ita
1527 1304 1805 1357 maledixit
1830 1321 1943 1359 sur-

362 1394 510 1461 peati
550 1401 770 1460 propter
806 1393 1088 1456 Satanam,
1119 1405 1177 1447 ut
1213 1406 1372 1450 terra!
1399 1408 1618 1465 propter
1647 1397 1940 1451 Adamum.

363 1483 594 1553 Insuper
634 1486 733 1539 hac
780 1488 942 1539 etiam
1002 1487 1070 1541 de
1122 1503 1287 1542 causa
1348 1489 1628 1543 maledixit
1681 1492 1943 1559 serpenti,

360 1591 469 1647 quo
496 1578 665 1630 Adam
697 1577 911 1648 Evaque
931 1578 1044 1647 (ubi
1081 1579 1326 1633 viderent
1358 1591 1619 1650 quantam
1652 1584 1945 1636 sustineret

360 1682 586 1739 serpens
637 1686 702 1724 ex
755 1671 938 1724 divina
994 1672 1383 1729 maledictione
1416 1678 1666 1738 tttultam,
1713 1674 1944 1745 pedibus

2047 467 2225 520 noluit
2294 465 2473 521 Moses
2546 464 2795 534 spiritum
2873 462 3011 514 intra
3080 474 3308 528 anguem
3370 459 3625 513 latentem

2048 559 2316 630 prodere;
2364 577 2430 613 ne
2475 559 2684 614 scilicet
2714 556 2796 611 illi
2846 554 3218 610 adversariam
3255 552 3365 606 Deo
3393 562 3625 618 potesta-

2047 660 2153 705 tem
2189 651 2515 706 csse-ullam
2565 654 2941 720 opinarentur,
2988 662 3107 716 qmc
3155 645 3457 715 majoribus
3488 644 3629 697 fretu

2048 746 2258 799 viribus
2306 752 2492 814 p03sct
2545 742 2750 812 aliquid
2786 742 2956 794 invito
2987 755 3146 808 agere
3176 741 3306 795 Deo.
3337 736 3470 791 Nam
3508 738 3630 792 ideo

2046 838 2210 890 ctiam
2244 838 2563 907 angelorum
2601 837 2744 889 nulla
2782 844 2867 889 est
2896 850 2924 887 a
2957 832 3104 887 Mose
3135 832 3275 887 facta
3324 833 3531 885 mentio
3564 833 3629 884 ad

2048 929 2240 999 Agaris
2269 945 2439 1000 usque
2458 937 2694 993 aetatem,
2720 944 2788 981 ne
2815 926 2986 982 Judrei
3014 926 3426 996 suspicarentur
3448 925 3632 994 plures

2045 1039 2167 1078 esse
2199 1024 2352 1077 deos.
2391 1021 2618 1092 Insuper
2660 1023 2911 1092 quamvis
2945 1037 3053 1075 non
3104 1029 3297 1090 aperte
3352 1021 3627 1073 maledixit

2050 1115 2269 1170 Satanas
2310 1116 2484 1179 Deus,
2550 1126 2728 1168 tamen
2769 1117 2983 1169 occulte
3015 1124 3179 1183 atque
3214 1113 3534 1167 abscondite
3581 1112 3633 1165 id

2046 1209 2115 1262 ab
2180 1209 2273 1263 illo
2330 1209 2567 1263 maxime
2619 1218 2803 1263 actum
2881 1224 3003 1264 esse
3064 1207 3424 1261 aﬂirmamus.
3496 1208 3631 1259 ltum

2045 1299 2189 1353 enim
2209 1315 2464 1373 evpresse
2485 1316 2720 1370 anguem
2742 1302 3156 1365 exsecrabatur,
3183 1298 3345 1354 tacite
3369 1299 3631 1352 Satamm

2048 1391 2347 1446 maledictis
2374 1393 2771 1463 perstringebat
2790 1410 2805 1454 ;
2826 1395 2968 1457 quod
2990 1403 3107 1463 post
3134 1390 3634 1462 probabimushlleu

2041 1483 2289 1553 juvante.
2332 1482 2483 1538 llauc
2534 1486 2679 1538 enim
2744 1484 2957 1539 Satanae
2994 1484 3433 1539 maledictionem
3487 1484 3633 1535 clare

2047 1584 2285 1644 arguunt
2315 1575 2405 1629 illa
2438 1574 2639 1631 Christi
2672 1576 2831 1629 verba
2861 1577 2914 1629 in
2938 1575 3273 1647 Evangelia:
3312 1576 3454 1640 Quia
3480 1575 3626 1644 prino

2048 1684 2165 1733 σερε
2229 1670 2412 1721 mundi
2468 1668 2626 1738 hujus
2657 1668 2776 1737 jam
2813 1669 3087 1737 judicatus
3128 1680 3205 1723 cst
3247 1670 3314 1727 ".
3348 1670 3411 1723 Et
3444 1673 3571 1725 aiihi
3615 1693 3629 1726 :

361 1761 529 1817 orbus
553 1772 716 1831 atque
741 1779 904 1834 super
942 1776 1184 1819 ventrem
1216 1768 1563 1836 proreptans)
1597 1768 1943 1823 animadvcr-
1979 1742 2017 1796 Β
2049 1760 2471 1826 Discediteame,
2496 1762 2789 1826 maledicti,
2808 1764 3049 1833 iuigncm
3068 1766 3446 1833 a:ternum,qui
3464 1783 3632 1834 paru-

363 1867 538 1913 tcreut
585 1868 749 1929 atque
785 1859 1152 1928 intelligerent
1184 1860 1236 1913 in
1272 1875 1436 1931 quam
1474 1875 1690 1930 gravem
1726 1860 1945 1915 incidis-

362 1957 486 2006 sent
539 1964 806 2011 errorem,
840 1960 1219 2021 quantumque
1270 1951 1536 2020 ﬂagitium
1592 1950 1945 2006 admisissent

362 2044 603 2112 serpenti
657 2041 1143 2113 obtemperantes:
1176 2058 1240 2098 ac
1273 2043 1500 2113 proinde
1567 2043 1620 2097 in
1664 2054 1943 2112 posterum

362 2150 566 2203 magno
589 2144 735 2190 metu
768 2136 1206 2191 continerentur.
1242 2135 1347 2191 Sed
1371 2136 1525 2207 juvct
1551 2137 1693 2207 apud
1727 2150 1822 2192 eos
1850 2137 1945 2207 qui

364 2225 505 2281 hanc
538 2237 755 2283 movent
797 2230 1154 2298 quaestionem
1213 2228 1314 2282 hac
1361 2239 1613 2282 mutuum
1642 2228 1946 2298 quzcstione

363 2322 439 2375 uti
475 2338 489 2374 :
523 2321 669 2374 Itane
701 2336 817 2385 vos,
846 2322 1115 2392 serpentis
1144 2321 1457 2376 vindicandi
1489 2321 1662 2391 gratia
1699 2322 1945 2391 quaeritis

361 2429 459 2469 cur
512 2414 891 2469 exsecratione
918 2414 1236 2483 perstrictus
1286 2414 1358 2468 sit
1387 2413 1482 2483 qui
1514 2413 1743 2467 arbitrio
1776 2413 1947 2468 libero

364 2508 591 2564 minime
639 2509 875 2564 donatus
927 2509 1052 2563 mali
1084 2509 1154 2562 nil
1196 2509 1474 2579 patiarat?
1506 2509 1669 2563 dicite
1690 2550 1705 2575 ,
1735 2524 1943 2579 quaeso,

362 2603 604 2658 vicissim
630 2602 787 2664 mihi,
827 2616 926 2657 cur
958 2601 1107 2665 ferae,
1158 2602 1429 2671 jttmcnta,
1463 2602 1714 2657 volucres
1745 2600 1946 2656 diluvio

363 2698 601 2769 periere,
646 2713 766 2765 qua:
798 2711 908 2751 non
964 2695 1347 2763 deliquerunt?
1378 2704 1475 2750 aut
1527 2697 1656 2765 quid
1698 2710 1946 2751 meruere

362 2805 522 2855 oves,
560 2791 832 2858 bovesque
873 2798 926 2842 et
954 2804 1083 2844 aves
1113 2805 1233 2858 qua'
1279 2789 1526 2859 quotidie
1582 2788 1829 2844 insontes
1878 2790 1943 2843 ad

363 2880 629 2938 sacriﬁcia
676 2882 1058 2937 debebantur?
1110 2881 1249 2949 Quid
1297 2882 1689 2937 commiserant
1750 2896 1941 2951 pecora

360 2973 486 3040 Job,
502 2990 625 3045 quae
651 2975 871 3031 innoxia
893 2990 1014 3030 cum
1051 2985 1256 3041 essent,
1274 2975 1384 3048 igni
1406 2985 1537 3031 sunt
1564 2974 1762 3031 tradita
1780 2976 1947 3031 devo-

2048 1864 2130 1906 tus
2148 1862 2225 1907 est
2246 1853 2455 1909 diabolo
2471 1864 2521 1908 et
2536 1856 2738 1925 angelis
2764 1855 2899 1924 ejus.
2927 1854 3145 1910 Decima
3165 1859 3393 1925 quaestio
3410 1869 3509 1917 est.
3534 1874 3632 1913 cur

2045 1944 2225 2001 Moses
2253 1956 2559 2019 serpentem
2586 1947 2867 2017 scripserit
2890 1949 3209 2003 astutiorem
3246 1949 3271 2001 I'
3272 1948 3416 2004 uisse
3441 1950 3632 2006 bestiis

2050 2038 2187 2108 agri,
2228 2054 2336 2093 non
2366 2046 2551 2094 autern
2587 2039 3015 2111 prudentiorem.
3056 2043 3137 2096 Ad
3166 2043 3308 2097 hanc
3333 2045 3632 2114 responde-

2049 2144 2174 2183 mus
2235 2130 2579 2198 prudentiam
2610 2130 2789 2186 virtuti
2816 2131 3030 2187 amnem
3075 2148 3239 2199 esse;
3272 2141 3452 2190 asturn
3479 2150 3630 2202 vero,

2046 2222 2217 2276 vitiis.
2251 2222 2322 2277 Et
2357 2233 2486 2278 sunt
2521 2225 2657 2279 inter
2707 2224 2909 2281 bestias
2949 2227 3069 2282 alia:
3128 2226 3455 2296 hebetiores,
3509 2229 3633 2283 alia:

2045 2315 2387 2374 callidiores:
2430 2333 2607 2387 neque
2664 2318 2751 2372 hic
2800 2316 3012 2389 Moyses
3040 2335 3299 2389 anguem,
3345 2324 3628 2378 hominum

2044 2409 2474 2479 comparatione,
2494 2411 2911 2466 callidissimttm
2952 2415 3347 2483 pronuntiavit.
3382 2420 3474 2471 sed
3502 2433 3629 2471 cum

2048 2501 2264 2558 ueteris
2322 2504 2581 2557 collatum
2617 2504 2827 2571 bestiis,
2883 2507 3199 2563 hominibus
3244 2523 3375 2563 vero
3411 2513 3629 2581 propria

2046 2595 2314 2665 sapientia
2340 2596 2736 2666 prudentiaque
2782 2598 2944 2652 tribui
2975 2600 3137 2666 solet,
3164 2602 3256 2672 qui
3281 2602 3486 2673 alioqui
3518 2618 3629 2658 non

2047 2691 2225 2745 solum
2254 2700 2480 2743 tea-teras
2505 2691 2836 2756 animantes,
2888 2695 2982 2747 sed
3014 2692 3162 2765 ipsos
3188 2697 3354 2751 etiam
3420 2712 3631 2768 angues

2045 2794 2167 2838 astu
2201 2789 2363 2851 atque
2388 2781 2606 2836 solertia
2632 2784 2789 2852 longe
2818 2796 3095 2841 anteeunt.

2573 2877 2805 2935 CAPUT
2848 2879 3087 2938 XXVIII.

2120 2971 2265 3041 (13⁸)
2292 2972 2521 3043 Scripsit
2549 2983 2730 3028 autem
2771 2974 2964 3032 beatus
2992 2973 3170 3033 Moses
3194 2978 3261 3034 de
3278 2980 3537 3050 paradiso
3562 2982 3629 3036 ad

364 3067 569 3122 rando?
615 3068 730 3121 Cur
780 3065 1035 3122 Christus
1082 3066 1280 3138 legioni
1322 3068 1571 3138 permisit
1631 3082 1826 3138 porcos
1886 3068 1939 3122 in
1970 3094 2017 3155 c
2050 3066 2195 3121 hunc
2222 3066 2442 3121 modum
2478 3084 2493 3121 :
2531 3065 2596 3120 Et
2630 3066 2966 3136 plunlaverot
2994 3070 3256 3128 Dominus
3289 3073 3430 3129 Deus
3457 3092 3628 3146 para-

364 3162 499 3215 mari
535 3159 907 3224 suﬂ'ocandos,
940 3161 1033 3231 qui
1065 3176 1172 3214 non
1212 3162 1544 3231 peccarant?
1588 3160 1699 3216 Cur
1729 3160 1942 3217 sacriﬁ-

362 3254 654 3318 eabantur,
709 3253 1189 3324 ollerebantttrque
1244 3254 1516 3310 columba
1578 3269 1646 3309 ac
1701 3262 1940 3310 turtures

365 3365 463 3421 pro
485 3350 772 3420 expiandis
794 3348 1029 3418 peccatis
1059 3364 1295 3417 quorum
1324 3349 1456 3420 ipsa:
1482 3358 1731 3420 expertes
1754 3350 1944 3404 erant?

364 3440 476 3497 Cur
507 3443 628 3496 ovis
665 3457 761 3512 pro
798 3440 980 3511 populi
1008 3441 1380 3512 redemptione
1410 3443 1820 3507 immolabatur,
1845 3453 1938 3495 aut

366 3538 564 3594 bmdus
605 3540 941 3592 mactabatur
972 3554 1069 3607 pro
1096 3535 1346 3591 ecclesia:
1373 3535 1671 3605 iropietate,
1710 3537 1792 3591 vel
1838 3536 1939 3590 bos

364 3644 465 3703 pro
495 3630 783 3686 sacerdote
834 3629 1123 3701 improbo,
1172 3645 1296 3684 cum
1347 3644 1525 3699 neque
1573 3629 1713 3693 ovis,
1761 3644 1937 3700 neque

365 3723 584 3787 bellus,
618 3738 793 3794 neque
837 3723 936 3779 bos
981 3719 1377 3795 deliquissent?
1407 3720 1520 3776 Cur
1566 3722 1938 3786 contumeliis,

364 3815 477 3872 imo
500 3816 666 3869 etiam
700 3826 872 3869 morte
903 3813 1080 3870 achcti
1124 3824 1252 3869 sunt
1283 3828 1381 3884 pro
1410 3812 1613 3884 populo
1666 3814 1941 3884 praphetae

365 3904 999 3971 innocentissinti?Quid
1056 3902 1345 3960 Christus?
1387 3918 1566 3959 nonne
1612 3903 1937 3974 supplicium

362 3997 548 4052 crucis
576 3995 837 4051 sustinuit
867 4010 964 4067 pro
998 3996 1202 4051 nostris
1232 3996 1471 4065 peccatis
1493 3993 1517 4047 ?
1537 3992 1649 4049 Cur
1673 4009 1802 4066 ergo
1821 4010 1934 4049 ser-

363 4090 545 4163 pentis
592 4091 818 4145 multam
874 4089 1519 4161 suggillatis?Numquid
1574 4093 1787 4161 aequius
1816 4107 1941 4148 esse

364 4188 639 4243 duceretis
662 4186 709 4241 si
731 4185 999 4239 Adamum
1035 4182 1182 4239 Deus
1214 4185 1593 4240 maledictione
1620 4186 1936 4244 multasset.

364 4288 673 4349 serpentem
694 4294 818 4334 vero
842 4277 1059 4333 interim
1086 4277 1155 4331 ab
1179 4278 1327 4332 omni
1353 4292 1495 4333 noxa
1521 4277 1753 4333 liberum
1776 4287 1941 4349 atque

366 4373 644 4443 impunem
680 4370 952 4427 habuisset
986 4370 1010 4424 ‘l
1037 4369 1499 4427 Destituendusne
1528 4372 1623 4427 tibi
1656 4372 1941 4426 videbatur

2045 3159 2224 3212 disum
2255 3160 2309 3211 in
2359 3156 2510 3212 Ede»
2550 3159 2615 3211 ab
2660 3160 2815 3214 initio
2852 3160 2923 3218 “‘.
2970 3162 3035 3217 Et
3081 3164 3128 3219 si
3172 3168 3463 3237 paradisus
3500 3178 3628 3225 ante

2043 3251 2311 3307 Adaomm
2345 3252 2597 3308 conditus
2638 3264 2787 3310 esset
2832 3263 3015 3312 tamen
3087 3259 3264 3317 Moses
3294 3276 3480 3321 creato
3506 3266 3621 3337 jam

2045 3344 2256 3401 Adamo
2301 3348 2412 3417 agit
2435 3347 2501 3401 de
2569 3348 2783 3404 consito
2849 3352 3129 3421 paradiso,
3188 3356 3449 3413 nimirum
3494 3363 3624 3431 quia

2046 3439 2337 3493 revertitur
2384 3439 2452 3492 ad
2495 3440 2833 3511 superiorem
2884 3443 3194 3501 historiam.
3230 3448 3365 3505 Nam
3394 3468 3521 3507 cum
3555 3457 3628 3510 ah

2044 3531 2113 3586 iis
2144 3530 2212 3587 de
2261 3531 2466 3601 quibus
2506 3534 2559 3587 in
2594 3549 2688 3588 sex
2745 3536 2941 3592 diebus
2985 3537 3331 3610 loquebatur,
3380 3548 3623 3603 nomium

2046 3624 2283 3693 perfecta
2313 3627 2625 3681 narratione
2656 3628 2933 3697 digressus
2962 3629 3126 3688 fuerit
3154 3673 3171 3699 ,
3203 3636 3343 3690 redit
3373 3656 3519 3695 nunc
3554 3646 3621 3696 ad

2043 3717 2436 3775 absolvendum
2510 3719 2659 3775 illam
2715 3722 3121 3792 narrationem,
3180 3744 3355 3799 eaque
3413 3734 3624 3790 ratione

2043 3811 2155 3881 agit
2193 3810 2302 3874 hic,
2346 3820 2470 3882 post
2508 3821 2756 3869 creatum
2786 3815 3081 3883 Adamum,
3131 3821 3201 3875 de
3233 3826 3490 3891 paradiso
3527 3830 3622 3898 qui

2042 3904 2250 3975 alioqui
2286 3914 2415 3960 ante
2445 3904 2596 3960 illum
2642 3904 2822 3961 fuerat
2848 3908 3125 3967 conditus.
3157 3911 3279 3969 Jam
3317 3932 3445 3974 vero
3486 3923 3620 3990 quid

2044 3996 2117 4052 sit
2151 3996 2464 4067 paradisus,
2488 4007 2544 4053 et
2569 4012 2670 4052 cur
2700 4015 2729 4053 a
2760 4001 2872 4057 Deo
2900 4005 3171 4071 consitus,
3205 4024 3316 4078 quo
3346 4013 3475 4068 item
3507 4016 3621 4083 die,

2041 4100 2097 4145 et
2123 4090 2213 4143 ubi
2245 4090 2511 4155 locorum,
2547 4090 2601 4144 in
2622 4100 2838 4148 terrane
2862 4109 2933 4149 an
2962 4095 3016 4149 in
3044 4099 3202 4163 etnlo,
3226 4112 3279 4155 et
3298 4101 3350 4157 in
3373 4120 3478 4174 qua
3500 4114 3623 4162 tan-

2042 4184 2164 4238 dem
2204 4182 2393 4238 mundi
2423 4184 2644 4253 regione
2671 4186 2909 4256 positus,
2940 4198 3056 4245 tum
3085 4208 3207 4262 qua:
3238 4195 3344 4252 huc
3372 4210 3623 4266 spectant

2043 4276 2147 4332 alia
2200 4292 2369 4347 supra
2415 4286 2544 4332 sunt
2581 4292 2610 4330 a
2653 4278 2813 4335 nobis
2845 4281 2963 4338 suis
3036 4284 3339 4355 disceptata
3387 4294 3619 4349 ratioiii.

2044 4371 2166 4426 bus.
2193 4369 2463 4424 Caeterum
2499 4369 2642 4424 Edeo
2676 4371 2827 4428 locus
2857 4384 2937 4429 est
2963 4392 3218 4435 amoenus
3247 4390 3411 4452 atque
3437 4388 3623 4443 omnis

365 4463 611 4519 Adamus
661 4472 809 4517 tanta
864 4461 1036 4531 gloria
1061 4500 1077 4524 ,
1135 4470 1394 4532 tantoque
1442 4462 1648 4516 honore
1671 4501 1687 4526 ,
1747 4465 1942 4533 anguis
1974 4447 2017 4501 υ
2046 4462 2263 4535 generis
2290 4463 2578 4517 arboribus
2611 4463 2816 4530 varius,
2856 4467 2910 4521 in
2939 4482 3049 4535 quo
3074 4469 3194 4525 loco
3224 4447 3366 4527 Deus
3406 4476 3621 4544 paradi-

366 4570 499 4616 Vcro
553 4571 622 4612 ne
673 4556 901 4627 pedibus
965 4555 1188 4627 quidem
1247 4556 1627 4612 mutilandus'!
1672 4556 1778 4611 Sed
1828 4558 1940 4627 jam

366 4648 550 4704 dicent
577 4665 591 4702 :
619 4650 730 4703 Cur
759 4650 954 4703 saltem
994 4663 1105 4703 non
1142 4649 1309 4703 etiam
1355 4647 1618 4703 Satanam
1660 4650 1823 4703 simul
1859 4660 1945 4705 est

366 4753 685 4797 exsecratus
732 4755 861 4795 cum
921 4743 1220 4812 serpente?
1290 4758 1481 4797 verum
1551 4744 1943 4813 respondemus

368 4832 539 4891 Deum
566 4833 772 4889 idcirco
801 4848 909 4889 non
939 4834 1297 4892 maledixisso
1321 4834 1540 4890 Satana:
1562 4836 1779 4907 (I5),nc
1801 4836 1947 4891 Ada-

367 4942 490 4985 mus
516 4926 735 5000 Evaque
755 4928 1256 4985 animadverterent
1277 4928 1530 5000 spiritum
1573 4930 1811 4999 aliquem
1840 4945 1944 4985 non

367 5022 754 5094 sspectabilcm
805 5036 964 5088 esse,
994 5037 1169 5092 coque
1203 5022 1257 5078 in
1293 5024 1466 5078 multo
1512 5023 1746 5094 majores
1785 5040 1943 5093 rape-

370 5124 557 5170 rentur
586 5128 802 5170 errores
829 5132 843 5169 :
868 5129 1046 5185 neque
1079 5115 1224 5170 enim
1256 5115 1435 5171 adhuc
1464 5114 1708 5171 sciebant
1735 5115 1942 5186 aliquid

369 5221 487 5265 csse
545 5215 741 5277 prater
796 5205 986 5274 Deum,
1019 5209 1163 5279 quod
1209 5208 1385 5264 oculis
1429 5208 1577 5263 cerni
1615 5217 1839 5277 posset:
1872 5208 1939 5262 ad

472 5372 521 5407 ⁸ο
572 5368 762 5424 Matth.
798 5385 916 5437 snt,
941 5369 1029 5436 3I,
1068 5368 1159 5424 '52.

428 5527 560 5599 ,(15)
592 5527 823 5599 Temere
855 5525 958 5579 ista
1013 5523 1210 5599 astruit
1234 5521 1544 5599 Har-pepli:
1576 5536 1700 5599 cum
1726 5530 1935 5577 certum

377 5592 467 5655 sit.
500 5592 766 5652 Adatnnnt
814 5597 865 5649 in
914 5596 1166 5665 paradiso
1212 5592 1497 5649 excellenti
1554 5592 1789 5661 quadam
1847 5610 1938 5644 (o-

376 5670 614 5739 gniuone
645 5668 879 5739 movisse
929 5666 1263 5719 substantias
1297 5665 1593 5739 spiritales,
1626 5665 1677 5739 id
1713 5671 1797 5717 est
1829 5665 1938 5715 An-

369 5735 515 5812 icles
544 5738 601 5797 S.
644 5737 841 5794 Thom.
911 5750 926 5790 ι
959 5748 1098 5806 part.
1134 5750 1190 5804 q.
1215 5738 1306 5801 tu,
1343 5735 1502 5790 art.2
1529 5737 1596 5790 ad
1618 5736 1780 5791 tinent
1817 5747 1938 5789 cor-

686 5837 956 5902 ΡΑτιιοι..
988 5833 1104 5897 Gn.
1145 5831 1292 5895 CXI.

1274 5370 1314 5401 "
1359 5369 1532 5426 Levil.
1564 5384 1656 5434 xx,
1690 5368 1777 5424 i5.
1855 5368 1901 5400 “
1943 5366 2135 5424 Matth.
2207 5385 2362 5435 xvrn,
2393 5370 2445 5425 6.

2043 4569 2166 4607 sum
2199 4555 2485 4608 consuevit
2528 4562 2694 4623 atque
2735 4557 3029 4627 disposuit.
3079 4558 3206 4615 Htec
3229 4565 3376 4618 enim
3409 4569 3575 4620 verba
3603 4587 3617 4623 :

2049 4643 2118 4698 Et
2159 4649 2493 4714 plantat'crat
2542 4646 2800 4703 Dominus
2851 4648 2991 4704 Deus
3031 4653 3346 4720 paradisum
3371 4697 3388 4722 ,
3433 4670 3619 4727 aperte

2045 4738 2360 4801 ostendunt,
2408 4755 2753 4811 nequaquam
2781 4742 2852 4797 ab
2896 4743 3121 4800 homine
3158 4746 3311 4801 illum
3340 4764 3461 4804 esse
3485 4765 3614 4805 eon-

2050 4831 2217 4883 situm
2273 4830 2763 4904 dispositumque,
2814 4837 3041 4907 perinde
3105 4853 3171 4893 ac
3241 4838 3357 4896 Noe
3406 4842 3618 4898 vineam

2043 4923 2328 4994 plantavit,
2357 4935 2453 4980 aut
2478 4936 2537 4982 ut
2562 4927 2677 4991 jam
2700 4942 2997 4985 conserunt
3022 4932 3285 4988 mortales
3308 4935 3618 5004 paradisos,

2042 5016 2339 5087 hortosque
2367 5034 2384 5083 ;
2417 5017 2512 5074 sed
2547 5018 2714 5073 Deum
2752 5020 2956 5089 ipsum,
2997 5037 3101 5077 suo
3146 5024 3323 5093 ipsius
3355 5027 3539 5081 studio
3566 5042 3621 5083 et

2040 5111 2300 5166 mandato
2330 5111 2481 5166 illum
2515 5112 2792 5181 plantasse
2828 5117 2976 5169 sicut
3003 5117 3079 5170 ait
3113 5116 3323 5173 Psaltes
3350 5118 3516 5174 David
3552 5120 3621 5175 de

2040 5200 2153 5259 Deo
2203 5206 2368 5260 verba
2401 5205 2611 5261 faciens
2660 5224 2673 5259 :
2727 5206 2794 5260 Et
2841 5208 2985 5262 cedri
3014 5208 3205 5264 Libani
3234 5227 3367 5281 quas
3402 5214 3620 5282 planta.

2594 5369 2641 5403 “
2677 5369 2837 5426 Joan.
2866 5387 2979 5436 xvi,
3012 5372 3097 5427 Il.
3223 5370 3269 5401 “
3307 5370 3440 5429 Gen.
3477 5384 3538 5438 n,
3562 5374 3614 5429 8.

2050 5531 2412 5659 Ροῖίῗῗῗᾝοο
2466 5592 2649 5661 capite
2700 5593 2861 5647 verba
2914 5593 3077 5649 Hosis
3123 5592 3191 5649 de
3224 5594 3495 5664 paradiso,
3529 5612 3618 5650 re-

2048 5663 2258 5737 busque
2304 5680 2369 5717 eu
2407 5664 2817 5737 spectantibus:
2868 5680 2975 5737 non
3023 5663 3253 5737 mystico
3308 5682 3494 5736 sensu,
3524 5669 3618 5725 sed

2046 5733 2179 5803 ipsis
2208 5734 2624 5793 accommodata
2655 5737 2820 5795 rebus
2855 5733 3222 5810 explicantur.

3228 5826 3290 5900 I'I
