4082 6160
387 301 491 366 525

1530 299 1627 360 DE
1662 298 2070 363 PARADISO.
2105 325 2176 336 -
2214 300 2407 361 PARS
2448 300 2497 362 Ι.

3526 298 3634 364 526

386 424 632 492 miserat.
680 416 956 471 Orientem
1004 414 1167 485 igitur
1198 410 1467 483 appellant
1498 411 1570 464 illi
1602 411 1952 482 interpretes,
1983 423 2022 478 Α
2062 412 2357 481 propltetite
2394 409 2536 467 dona
2563 409 2614 464 in
2648 408 2827 479 ipsum
2854 408 3105 473 contulit,
3139 419 3459 479 propttetam
3480 416 3627 470 enim

385 528 502 568 eam
533 523 802 567 terrarum
843 507 1115 575 regionem
1142 520 1207 560 ex
1250 518 1357 573 qua
1390 505 1471 558 sol
1505 503 1791 570 oboritur;
1830 520 1953 557 nam

386 610 438 663 in
471 606 566 661 illo
592 614 769 658 tractu
811 598 1095 655 orientalis
1118 599 1452 670 plantavcrat
1489 595 1957 665 collocaveratque

385 700 719 772 paradisum,
770 707 826 749 ut
867 692 1119 755 Basilius,
1184 701 1237 746 ct
1283 692 1403 760 ejus
1454 689 1618 743 frater
1662 688 1957 760 Gregorius

393 801 744 854 attestantur,
792 797 844 842 et
892 786 1152 841 Dominus
1216 784 1452 838 Severus
1507 798 1744 854 quoque.
1801 781 1958 849 Quod

336 874 340 879 ’
383 899 514 940 vero
541 884 610 936 ad
644 883 819 949 ipsum
864 892 1062 931 nomen
1108 874 1323 941 attinet,
1350 888 1463 944 quo
1502 873 1577 928 illi
1616 870 1757 926 LXX
1791 871 1960 926 inter-

381 986 563 1045 proles
637 972 727 1025 hic
804 968 978 1022 Adam
1038 977 1238 1023 vocant
1310 967 1551 1037 (vocant
1622 964 1767 1019 enim
1826 961 1960 1017 Bar-

382 1064 525 1120 Noso
558 1062 719 1134 [15]),
754 1061 855 1114 tria
878 1068 1008 1114 sunt
1029 1057 1290 1115 vocabula
1311 1056 1512 1129 quibus
1534 1056 1647 1112 fere
1673 1055 1957 1126 Scriptura

380 1169 433 1211 et
473 1160 575 1210 ltoc
607 1157 726 1210 loco
756 1164 809 1207 et
840 1153 1097 1222 superius
1136 1152 1305 1206 utitur
1337 1165 1436 1223 pro
1473 1150 1669 1205 Adami
1718 1147 1959 1219 appella-

385 1252 565 1316 tione;
616 1247 779 1312 Noso,
834 1243 1131 1310 ltar-Noso,
1176 1243 1373 1299 Adam.
1420 1243 1489 1298 Et
1531 1240 1687 1297 Noso
1736 1240 1957 1310 quidem

379 1352 573 1406 vocat,
633 1342 759 1393 dum
812 1340 888 1399 ait
948 1354 968 1391 :
1040 1336 1322 1391 Faciamus
1384 1332 1535 1391 Naso
1590 1332 1666 1402 (id
1732 1340 1816 1388 est
1862 1336 1960 1386 lto-

380 1437 609 1503 minem)
654 1431 725 1485 ad
762 1432 1045 1501 imaginem
1074 1438 1312 1483 nostram
1345 1428 1637 1482 secundum
1703 1424 1958 1479 similitu-

379 1528 555 1579 dinem
592 1532 874 1585 nostram;
904 1520 1075 1575 Adam
1108 1535 1239 1575 Vero
1265 1520 1394 1574 dum
1425 1520 1557 1575 dicit
1590 1537 1603 1572 :
1660 1515 1727 1571 Et
1759 1516 1961 1570 creavit

381 1615 519 1671 Deus
578 1615 749 1670 Adam
805 1612 873 1666 ad
929 1611 1212 1681 imaginem
1266 1624 1418 1664 suam
1457 1628 1473 1664 :
1508 1606 1574 1660 Et
1622 1606 1796 1677 posuit
1846 1603 1960 1656 illic

381 1709 552 1762 Adam
597 1720 752 1773 quem
810 1703 1154 1775 formaverat.
1209 1698 1456 1770 Denique
1508 1696 1818 1758 Bar-Noso,
1867 1695 1959 1749 hic

2057 502 2229 558 fuisse
2260 501 2430 557 Adam
2490 501 2569 555 vel
2616 499 2743 557 hinc
2772 509 2990 557 constat
3014 503 3159 571 quod
3192 518 3289 572 per
3310 504 3626 559 vaticinium

2058 595 2297 654 dixerit:
2327 596 2459 650 Ilaec
2479 595 2598 669 jam
2640 610 2767 648 caro
2791 593 2853 646 de
2906 610 3064 648 carne
3103 612 3215 649 mea
3245 604 3296 651 et
3332 612 3389 649 os
3415 596 3479 650 de
3518 614 3631 651 os'e

2057 704 2193 750 meo,
2246 689 2358 742 La‘c
2411 688 2682 752 parabitur
2747 688 2959 753 mulier,
3023 696 3128 742 etc.
3187 688 3423 753 Decimo,
3477 694 3631 745 ausit

2058 778 2234 853 ipsum
2279 778 2567 836 sacerdotii
2602 793 2823 833 munere
2852 795 2866 842 ;
2922 792 3044 832 nam
3076 776 3244 835 fuisse
3265 779 3627 844 sacerdotem,

2057 884 2124 926 ex
2174 867 2400 926 Davidis
2444 868 2736 940 psalmistze
2769 870 2949 925 verbis
2974 872 3342 938 cognoscitur,
3376 870 3506 925 dum
3541 887 3637 927 ve-

2062 962 2164 1018 luti
2209 963 2522 1032 loquentem
2569 962 2842 1019 Adamum
2887 977 3011 1017 cum
3064 962 3174 1015 Deo
3205 961 3470 1019 inducens
3502 965 3577 1021 ait
3615 984 3628 1021 :

2060 1047 2295 1107 Finxiin
2319 1066 2399 1105 me
2424 1061 2475 1105 ct
2517 1051 2741 1120 posuisti
2790 1065 2944 1119 super
2993 1066 3205 1110 manum
3251 1062 3400 1108 tuam
3431 1054 3515 1122 “;
3545 1071 3634 1109 sa-

2059 1142 2362 1198 cerdotium
2412 1142 2557 1199 enim
2617 1158 2878 1197 manuum
2930 1144 3280 1214 impositionc
3327 1146 3630 1207 confertur.

2060 1232 2210 1288 sicut
2243 1243 2298 1288 et
2326 1232 2629 1303 baptismus
2652 1274 2669 1289 .
2710 1234 3032 1301 Undecimo,
3062 1238 3212 1310 regia
3239 1246 3403 1309 atque
3427 1238 3634 1309 princi-

2061 1325 2169 1396 pali
2201 1326 2379 1396 ipsum
2420 1327 2716 1383 donatione
2762 1328 3158 1399 ampliticavit;
3202 1331 3282 1385 ait
3321 1332 3467 1385 enim
3507 1347 3524 1383 :
3562 1330 3633 1385 Et

2054 1421 2411 1475 dominamini
2435 1421 2664 1491 piscibus
2697 1423 2885 1485 maris,
2912 1432 2961 1477 et
2992 1422 3293 1479 volucribus
3315 1426 3451 1480 ccli.
3485 1424 3635 1487 Duri.

2060 1512 2300 1578 decimo,
2349 1514 2422 1567 ita
2465 1513 2642 1582 ipsum
2676 1515 3035 1584 comparavit,
3061 1516 3324 1571 utanimo
3360 1526 3524 1589 atque
3551 1518 3639 1573 in-

2063 1604 2362 1675 telligentia
2433 1620 2533 1659 sua
2620 1607 2825 1675 angelis
2867 1615 3012 1663 esset
3058 1607 3365 1665 familiaris.
3411 1609 3635 1667 Decimo

2064 1696 2249 1760 tertio,
2275 1695 2519 1753 condidit
2549 1700 2726 1769 ipsum
2768 1713 2997 1768 corpore
3030 1699 3136 1755 levi
3172 1710 3337 1773 atque
3359 1706 3636 1773 expedito.

378 1798 693 1867 (sequamur
724 1791 865 1847 LXX
887 1794 1245 1862 interpretum
1276 1787 1736 1857 translationem).
1768 1784 1959 1840 Posuit
1990 1782 2034 1839 Β
2064 1804 2173 1845 non
2195 1797 2375 1844 autem
2426 1790 2577 1861 gravi
2603 1790 2763 1859 quale
2785 1788 3003 1847 denmm
3022 1791 3191 1852 evasit
3220 1805 3341 1866 post
3377 1795 3634 1850 violatam

376 1887 495 1946 illic
523 1884 817 1942 Bar-Noso
846 1884 920 1954 (id
968 1892 1072 1945 est.
1112 1881 1282 1937 lilium
1312 1880 1573 1947 hominis)
1605 1894 1757 1951 quem
1788 1879 1958 1947 ﬁnxe-

375 1987 485 2034 rat.
538 1981 716 2050 Atque
748 1978 862 2032 haec
905 1976 1008 2032 tria
1036 1974 1260 2029 nomina
1290 1974 1432 2029 inter
1474 1988 1534 2027 se
1565 1972 1639 2028 ita
1677 1970 1954 2036 diﬂ‘erunt,

379 2081 440 2127 ut
469 2070 617 2127 Naso
647 2072 861 2141 proprie
894 2068 1211 2123 universum
1255 2080 1430 2137 genus
1456 2065 1739 2121 hominum
1774 2074 1959 2119 osten-

375 2164 503 2229 dat;
538 2162 823 2221 BaroNoso
851 2178 979 2217 vero
1014 2175 1143 2216 eum
1172 2159 1269 2231 qui
1304 2174 1371 2215 ex
1403 2158 1628 2214 homine
1663 2166 1959 2229 prognatus

376 2255 470 2318 sit,
517 2254 623 2310 hoc
678 2262 782 2318 est,
823 2253 991 2306 lilium
1044 2251 1283 2306 hominis
1332 2249 1606 2319 signiﬁcet
1644 2266 1660 2302 :
1707 2258 1764 2302 et
1811 2244 1959 2300 ano

376 2347 599 2418 quidem
645 2345 934 2416 pluraliter
956 2384 974 2410 ,
1008 2338 1295 2397 Bar-Noso
1322 2356 1452 2395 vero
1490 2337 1841 2411 singulariter
1879 2337 1961 2410 (ut

378 2439 457 2494 sic
484 2437 686 2506 dicam)
717 2435 1081 2506 accipiantur,
1141 2443 1539 2503 spectentque;
1570 2429 1718 2487 Naso
1749 2429 1864 2485 fere
1888 2430 1955 2485 ad

378 2529 553 2600 ipsam
582 2529 847 2599 speciem,
884 2524 1161 2582 Bar-Noso
1198 2540 1329 2581 vero
1355 2526 1422 2580 ad
1457 2524 1756 2584 individua.
1784 2523 1957 2579 Porro

377 2622 446 2677 de
494 2636 631 2676 voce
681 2621 853 2673 Adam
898 2619 1089 2675 dicunt
1150 2618 1294 2687 apud
1338 2630 1441 2672 nos
1488 2615 1657 2688 Syros
1710 2615 1959 2687 plerique

379 2712 796 2783 appellationem
845 2725 968 2764 esse
1019 2710 1405 2779 particularem
1453 2707 1721 2777 hominis,
1756 2723 1953 2777 perso-

384 2822 623 2876 namque
667 2820 830 2859 unam
892 2811 1285 2872 repraesentare
1338 2818 1351 2854 :
1406 2816 1594 2856 verum
1644 2801 1735 2854 alii
1772 2800 1964 2853 existi-

383 2909 554 2960 mant,
607 2898 748 2965 apud
791 2896 1047 2949 Hebraeos
1093 2909 1292 2951 nomeu
1336 2908 1457 2948 esse
1508 2893 1850 2963 speciiicum,
1902 2899 1959 2946 et

384 3003 555 3051 talum
590 3006 762 3060 genus
796 2992 1095 3046 humanum
1132 3006 1231 3045 sua
1257 2993 1483 3046 notione
1514 2990 1788 3061 amplecti,
1819 2989 1962 3043 sicut

380 3085 616 3143 antehac
658 3084 895 3139 diximus
951 3084 1003 3137 in
1052 3083 1461 3140 Commentario
1506 3094 1693 3138 nostro
1746 3084 1811 3138 de
1864 3096 1958 3137 sex
1988 3118 2031 3175 ο

381 3176 595 3231 diebus.
629 3176 840 3229 Rursus
872 3172 966 3227 alii
995 3184 1142 3233 sunt.
1178 3174 1268 3242 qui
1299 3182 1492 3243 putant
1528 3188 1723 3228 nomen
1782 3172 1957 3228 Adam

382 3279 658 3342 sumptum
689 3282 812 3321 esse
851 3282 916 3321 ex
952 3267 1072 3338 ipso
1102 3266 1340 3321 hominis
1370 3280 1633 3336 corpore,
1665 3275 1719 3319 et
1746 3266 1794 3319 ei
1831 3279 1961 3335 pro-

383 3361 501 3433 prie
534 3360 848 3427 impositum
885 3373 1007 3413 esse
1034 3374 1100 3412 eo
1123 3358 1269 3427 quod
1296 3374 1361 3411 ex
1395 3366 1538 3414 terra
1564 3375 1684 3428 qua:
1715 3360 1956 3415 Adanto-

384 3457 479 3513 tiro
506 3453 704 3506 dicitur
723 3452 1102 3507 conﬁrmatum
1133 3452 1205 3504 sit
1235 3467 1249 3503 :
1286 3449 1433 3507 Naso
1460 3465 1591 3507 vero
1621 3452 1687 3507 ad
1718 3454 1956 3508 animum

384 3545 739 3615 peculiariter
766 3554 1033 3615 spectare.
1061 3542 1331 3601 (laterum
1364 3543 1497 3613 quid
1528 3543 1634 3605 sibi
1668 3542 1795 3597 velit
1825 3544 1957 3600 illud

385 3646 549 3693 terrae
582 3633 931 3696 vocabulum,
964 3633 1292 3698 Attamotho,
1348 3631 1459 3688 illic
1490 3647 1710 3704 quoque
1738 3648 1768 3687 a
1799 3633 1959 3689 nobis

382 3734 467 3783 est
491 3724 843 3792 explicatum.

456 3815 643 3873 οιίιι
697 3811 946 3883 beneﬁcia
1005 3814 1059 3868 in
1113 3811 1398 3867 Adamnan.
1432 3811 1729 3870 ~Yerum
1779 3828 1956 3869 cmm-

387 3923 522 3965 vero
549 3923 730 3981 opera:
760 3910 994 3980 pretium
1041 3918 1125 3964 est
1175 3915 1233 3961 ut
1278 3906 1552 3978 espendas
1590 3908 1677 3965 hic
1704 3915 1960 3964 accurate

385 4000 536 4076 apud
589 4003 830 4057 animum
862 4008 1040 4067 tuum,
1074 4016 1235 4069 quam
1269 4000 1462 4055 multis
1506 4001 1685 4057 modis
1712 4004 1958 4058 cohone-

386 4092 620 4151 staverit
646 4090 787 4147 Deus
814 4093 1105 4146 Adamum.
1138 4091 1319 4145 Primo
1346 4092 1492 4146 enim
1526 4107 1651 4148 cum
1684 4092 1739 4147 in
1775 4110 1955 4150 rerum

388 4195 583 4243 natura
638 4198 864 4261 prorsus
913 4199 1021 4238 non
1075 4193 1250 4249 esset,
1294 4187 1637 4252 procreavit,
1693 4186 1961 4257 ellicitque

388 4280 569 4351 ipsum
597 4293 664 4334 ex
699 4277 871 4331 nihilo
902 4284 964 4331 ut
996 4274 1225 4351 aliquid
1250 4284 1417 4331 esset.
1451 4277 1657 4336 Deinde
1696 4278 1764 4333 ad
1800 4294 1956 4337 suam

388 4348 562 4440 ipsius
664 4370 951 4439 imaginem
1043 4379 1097 4425 et
1189 4348 1597 4425 similitudinem
1693 4369 1955 4427 candidit.

2059 1880 2251 1950 legem.
2341 1878 2559 1933 Decimo
2634 1888 2831 1949 quarto
2908 1880 3167 1953 denique,
3212 1886 3395 1952 posuit
3458 1888 3635 1954 ipsum

2061 1970 2115 2027 in
2164 1969 2416 2040 paradiso
2450 2009 2464 2035 ,
2531 1979 2591 2025 ut
2665 1970 2798 2028 inibi
2865 1972 3227 2030 obiectaretur
3269 1992 3443 2047 neque
3508 1993 3635 2037 cum

2060 2063 2274 2119 creteris
2335 2063 2667 2121 animalibus
2724 2067 2925 2119 mentis
2991 2067 3303 2137 expertibus
3361 2070 3415 2123 in
3489 2081 3636 2126 terra

2066 2155 2354 2214 nascendo
2411 2154 2633 2226 reliquit
2691 2175 2710 2211 :
2789 2157 2855 2211 Et
2906 2162 3084 2215 enasci
3128 2161 3324 2231 fecerat
3376 2161 3636 2219 Dominus

2062 2249 2205 2306 Deus
2233 2267 2260 2303 e
2288 2258 2429 2306 terra
2476 2266 2680 2308 orunem
2728 2252 2969 2306 arborem
2998 2254 3112 2323 ipso
3152 2265 3365 2325 aspectu
3391 2269 3604 2311 eanetcn
3624 2286 3636 2297 -

2060 2342 2206 2405 dam,
2246 2348 2299 2395 et
2335 2340 2610 2411 pulchram
2638 2343 2707 2396 ad
2733 2343 3037 2397 vescendum
3058 2345 3191 2408 :die
3228 2347 3438 2403 scilicet
3467 2352 3634 2403 tertio

2063 2434 2395 2503 produxerat
2448 2432 2717 2489 Dominus
2768 2449 2863 2490 eas
2912 2436 3140 2493 arbores
3181 2453 3247 2493 ex
3301 2449 3467 2507 terra,
3511 2459 3634 2498 cum

2062 2527 2269 2581 diceret
2299 2541 2316 2581 :
2347 2526 2615 2580 Producat
2638 2535 2779 2580 terra
2809 2527 3023 2583 herbam
3051 2530 3270 2587 viridem
3296 2552 3471 2587 semen
3496 2540 3637 2605 [wri-

2063 2619 2257 2690 ﬁcans,
2296 2628 2346 2675 et
2387 2619 2629 2674 arborem
2664 2620 3023 2693 fructiferas»,
3066 2632 3173 2682 etc.
3214 2623 3409 2681 Verum
3453 2629 3540 2682 hic
3566 2635 3634 2683 al

2063 2710 2302 2780 priorem
2329 2708 2475 2763 illam
2512 2708 2880 2766 narrationem
2916 2714 3245 2783 regreditur,
3275 2714 3449 2785 ipsam
3476 2718 3639 2774 abso-

2064 2801 2280 2857 luturus
2306 2801 2437 2871 quia
2485 2801 2599 2876 ipse
2644 2804 2805 2858 etiam
2849 2805 3137 2873 paratisus
3188 2806 3277 2863 die
3324 2809 3417 2861 illo
3472 2811 3639 2865 tertio

2065 2892 2322 2948 Consiltts
2353 2893 2547 2949 luerat.
2580 2893 2856 2949 Caeterum
2907 2894 3017 2952 Deo
3048 2900 3299 2953 attribuit
3326 2899 3503 2958 Muses
3543 2906 3634 2958 illa

2064 2985 2229 3041 verba
2266 3002 2279 3039 :
2314 2982 2382 3038 Et
2410 2986 2589 3039 enasci
2622 2986 2819 3055 fecerat
2848 2990 3081 3056 arbores,
3118 3000 3180 3047 ut
3204 2992 3635 3064 intelligetemus

2066 3093 2173 3134 non
2210 3076 2278 3132 ab
2308 3077 2529 3133 homine
2567 3088 2715 3134 satas
2748 3079 2941 3145 fuisse,
2989 3084 3060 3159 ut'
3094 3081 3207 3141 Noe
3257 3086 3420 3141 vitem
3469 3092 3631 3155 sevit,

2066 3178 2161 3232 aut
2190 3170 2325 3225 alias
2349 3170 2596 3237 arbores,
2630 3172 2760 3238 alii;
2791 3177 2887 3230 sed
2914 3175 3084 3246 ipsius
3114 3176 3205 3231 Dei
3236 3193 3366 3239 cura
3401 3197 3466 3236 ac
3493 3194 3631 3237 nutu

2068 3272 2451 3334 praeceptaque
2491 3264 2791 3331 exstitisse,
2821 3266 2973 3336 juxta
3014 3266 3143 3324 illud
3172 3268 3475 3333 Psalmista:
3507 3292 3523 3329 :
3567 3274 3636 3329 Et

2064 3354 2207 3410 cedri
2232 3353 2423 3415 Libani
2473 3374 2606 3427 quas
2653 3358 2913 3429 plantavit
2956 3360 3022 3416 "'.
3059 3360 3165 3418 Sed
3201 3364 3370 3420 videri
3405 3378 3639 3437 possunt

2066 3448 2230 3503 Verba
2258 3450 2436 3516 potius
2460 3451 2525 3503 ad
2554 3450 2695 3505 lnmc
2724 3452 2945 3507 modum
2974 3469 3097 3511 esse
3124 3456 3345 3528 legenda
3369 3476 3383 3512 :
3412 3458 3635 3519 Omnem

2069 3539 2313 3593 arborem
2337 3540 2613 3609 pulchram
2645 3542 2715 3600 ad
2754 3548 3115 3615 spectandum,
3152 3558 3203 3605 et
3224 3557 3635 3620 exspectandam

2065 3634 2136 3688 ad
2170 3634 2499 3700 vescendum,
2528 3635 2873 3703 pulchritudo
2894 3639 3042 3693 enim
3071 3641 3136 3694 ad
3171 3641 3384 3697 videndi
3411 3659 3634 3703 s--t:sum

2066 3730 2320 3797 pertinet,
2364 3726 2638 3798 appetitus
2668 3743 2798 3783 vero
2833 3732 2900 3784 ad
2933 3731 3116 3785 cibum
3160 3744 3386 3801 spectat.
3434 3735 3629 3791 Verum

2066 3820 2350 3874 consuevit
2377 3817 2659 3890 Scriptura
2684 3823 3049 3891 appetentiam
3084 3824 3284 3881 referre
3315 3828 3380 3882 ad
3420 3832 3633 3894 oculos,

2064 3912 2225 3982 quale
2269 3921 2353 3967 est
2384 3912 2514 3967 illud
2560 3911 2790 3970 Joannis
2831 3918 3179 3988 evangelista:
3230 3918 3286 3973 in
3338 3919 3576 3991 Epistola
3608 3943 3631 3987 ς

2070 4003 2237 4059 Omne
2258 4004 2397 4075 quod
2413 4014 2489 4059 est
2509 4007 2561 4059 in
2585 4011 2801 4069 mando,
2828 4010 3252 4079 concupiscentia
3275 4013 3509 4082 corporis
3532 4026 3635 4084 est,

2065 4104 2115 4152 et
2148 4097 2573 4166 concupiscentia
2619 4099 2892 4154 oculorum
2921 4099 2989 4156 “.
3042 4099 3110 4157 Et
3160 4103 3398 4158 arborem
3430 4107 3551 4160 vitm
3578 4111 3634 4164 t'ts

2066 4188 2237 4243 medio
2273 4188 2549 4258 paradiso,
2590 4200 2638 4245 et
2683 4190 2927 4246 arborem
2964 4196 3200 4250 scientia
3238 4195 3361 4250 boni
3389 4208 3438 4252 et
3479 4199 3633 4254 ntali.

2067 4280 2213 4337 Duas
2243 4284 2319 4337 ait
2351 4280 2639 4339 Dominum
2664 4286 2849 4341 enasci
2885 4285 3080 4344 iecisse
3104 4289 3332 4347 arbores
3368 4292 3423 4346 in
3456 4294 3636 4349 medio

2067 4375 2345 4444 paradiso,
2380 4376 2605 4430 alteram
2641 4377 2783 4444 vitae,
2828 4380 3055 4435 alteram
3108 4385 3373 4439 scientiae.
3431 4386 3634 4442 Viden-

391 4461 604 4527 Tertio,
635 4479 759 4516 eum
796 4462 973 4530 ipsius
1003 4461 1167 4530 longe
1212 4463 1556 4529 praestantior
1583 4473 1729 4517 esset
1768 4474 1959 4519 natura
1996 4480 2039 4536 ι)
2068 4466 2197 4522 dum
2231 4467 2397 4537 igitur
2431 4468 2526 4538 qui
2572 4470 2688 4524 lieri
2738 4474 2997 4545 potuerit.
3056 4484 3111 4530 ut
3160 4476 3281 4531 duae
3314 4476 3539 4535 arbores
3580 4482 3636 4536 ia

391 4572 559 4628 quam
606 4558 697 4611 cui
737 4570 932 4609 manus
972 4554 1233 4622 vocisque
1274 4569 1407 4608 usus
1436 4555 1659 4609 attribui
1695 4556 1958 4621 deberet,

390 4657 575 4703 tamen
603 4648 756 4700 illum
790 4655 844 4700 et
890 4645 1141 4699 manibus
1176 4645 1289 4699 suis
1320 4643 1563 4711 tinxisse,
1592 4654 1648 4700 et
1672 4661 1803 4703 voce
1831 4647 1965 4703 alia,

390 4745 479 4795 tus
536 4752 662 4793 esse
716 4735 823 4792 dici
872 4735 1067 4790 voluit.
1120 4732 1359 4801 Quarto,
1418 4733 1700 4791 conditum
1754 4735 1962 4791 ratione

392 4831 632 4895 ornavit,
679 4844 789 4902 qua
843 4827 1057 4883 caneris
1104 4825 1475 4881 animantibus
1524 4826 1613 4880 illa
1646 4828 1961 4885 carentibus

391 4931 695 4996 praestaret.
756 4921 983 4987 Quinto,
1016 4918 1101 4973 sui
1141 4918 1454 4987 cognitione
1494 4919 1671 4989 ipsum
1702 4919 1960 4989 dignatus

389 5024 491 5069 est.
524 5011 709 5082 Sexto,
734 5013 956 5069 admisit
986 5012 1163 5080 ipsum
1193 5010 1357 5064 veluti
1393 5011 1447 5064 in
1474 5026 1630 5071 suam
1668 5012 1959 5065 familiari-

392 5112 582 5170 tatem,
618 5114 675 5161 ut
717 5120 781 5159 ea
825 5120 945 5160 sese
992 5117 1091 5174 pro
1123 5102 1355 5158 arbitrio
1382 5102 1702 5167 oblectaret,
1731 5104 1961 5158 medita-

392 5198 632 5258 tionibus
658 5195 1319 5266 contemplationibusque
1338 5192 1539 5249 divinis
1570 5209 1770 5250 vacans
1800 5204 1963 5265 atque

394 5289 705 5364 indulgens.
782 5288 1073 5359 Septimo,
1154 5288 1617 5342 immortalitatem
1684 5288 1956 5355 promisit.

390 5377 617 5447 Octavo,
666 5379 904 5441 maxims
950 5379 1130 5449 ipsum
1192 5378 1460 5450 sapientia
1518 5377 1736 5435 imbuit.
1786 5380 1961 5447 Nono,

464 5540 509 5572 “
548 5538 691 5595 Psal.
721 5553 983 5601 cvsxvttt,
1020 5537 1107 5594 16.
1200 5535 1242 5566 ⁵⁷
1284 5533 1426 5590 Psal.
1458 5552 1572 5602 cut,
1611 5536 1696 5591 l6.

2070 4556 2190 4628 ipso
2233 4566 2514 4615 exstarent
2562 4561 2801 4630 paradisi
2864 4566 3170 4623 meditullio
3211 4583 3227 4622 :
3284 4583 3446 4622 unam
3485 4570 3633 4625 enim

2069 4650 2242 4707 solam
2273 4666 2435 4721 posse
2480 4654 2720 4710 medium
2760 4656 3014 4713 obtinere
3060 4657 3244 4713 locum
3279 4675 3441 4715 nemo
3474 4678 3637 4733 nega—

2070 4742 2234 4809 verit,
2271 4752 2324 4797 at
2370 4744 2493 4800 dua:
2522 4755 2582 4800 ut
2612 4746 2776 4803 simul
2817 4749 2996 4803 medio
3038 4752 3458 4821 qttopiamvloco
3486 4759 3634 4811 exsi-

2064 4842 2232 4899 stant,
2265 4849 2372 4890 non
2409 4835 2491 4891 las
2533 4845 2640 4895 est.
2673 4834 2814 4893 Sunt
2861 4838 3027 4910 igitur
3071 4843 3164 4911 qui
3204 4841 3385 4898 dicant
3419 4848 3633 4901 unicam

2064 4922 2235 4982 fuisse
2282 4928 2335 4983 in
2385 4928 2502 4996 ipso
2554 4931 2733 4985 medio
2794 4932 3102 4999 consitam,
3150 4949 3273 4989 eam
3331 4952 3452 5006 qua:
3512 4940 3633 4995 \‘llil!

2064 5027 2309 5083 vocatur,
2338 5024 2559 5077 alteram
2590 5039 2722 5077 vero
2743 5041 2864 5094 quae
2886 5027 3187 5096 appellatur
3214 5030 3455 5085 scientia:
3479 5032 3633 5101 juxta

2063 5107 2215 5162 illam
2276 5111 2397 5164 vine
2450 5115 2722 5169 exstitisse
2778 5127 2976 5173 satam.
3034 5118 3140 5172 Sed
3190 5119 3276 5173 his
3341 5122 3635 5190 objicintus

2064 5200 2240 5270 ipsam
2279 5204 2615 5273 St‘t'iplttt'mtl
2642 5227 2657 5271 ;
2691 5226 2811 5278 qua!
2835 5214 2993 5265 verba
3029 5214 3117 5265 illa
3150 5230 3163 5266 :
3188 5215 3255 5268 In
3283 5216 3451 5268 medio
3474 5232 3635 5283 para-

2065 5292 2203 5352 diso.
2264 5296 2329 5350 ad
2383 5310 2669 5367 tttratnqne
2728 5304 2977 5360 arborem
3043 5312 3465 5369 accommodat,
3524 5324 3634 5363 non

2067 5394 2253 5450 autem
2289 5390 2354 5443 ad
2386 5406 2506 5446 eam
2536 5408 2657 5461 qua:
2691 5395 2812 5452 vita:
2839 5406 2947 5465 est,
2982 5401 3175 5456 solam.
3201 5401 3314 5457 lloc
3335 5404 3480 5459 enim
3512 5404 3641 5459 inde

1774 5539 1818 5571 "
1859 5539 1877 5594 l
1908 5539 2065 5597 Joan.
2101 5559 2163 5607 tt,
2194 5544 2283 5601 {6.

620 5676 782 5767 Apud
814 5673 954 5733 LXX
1002 5675 1056 5731 in
1099 5675 1287 5731 Graeco
1342 5685 1444 5731 est.
1488 5674 1781 5747 ἄνθρωπον
1833 5682 1976 5749 quod
2019 5683 2177 5742 Sirus
2248 5689 2535 5757 interpres,
2570 5707 2730 5760 quem
2779 5704 2971 5750 auctor
3015 5699 3281 5767 sequitur,
3324 5700 3498 5757 reddit
3530 5701 3639 5756 illis:

399 5747 657 5802 Barnow.
