4082 6160
426 303 527 367 597

1686 289 1927 351 ’ΜΟΞΙΞ
1964 288 2115 348 BAll
2153 286 2402 347 CEl’llA

3575 280 3679 343 528

419 414 794 486 cognoscitur,
842 410 988 482 quod
1033 410 1142 464 Eva
1188 409 1253 462 ad
1298 414 1605 475 serpentem
1632 404 1889 460 diceret:
1930 403 2003 457 Ile
2031 409 2078 466 Α
2106 400 2259 455 locus
2291 408 2411 454 erat
2449 412 2679 481 magnus
2726 404 2889 467 atque
2933 395 3169 466 amplus,
3221 396 3309 450 cui
3352 394 3404 449 id
3438 395 3679 450 nominis

421 508 597 572 fructu
640 505 846 559 arboris
895 518 1011 572 qua:
1058 511 1133 555 est
1180 501 1235 553 in
1281 498 1450 551 atedio
1501 494 1752 566 paradiso
1779 535 1795 557 .
1834 493 1997 548 nolite

420 598 707 661 comedere,
737 596 815 648 ait
869 592 1030 647 Deus.
1070 590 1198 645 Erat
1239 587 1384 643 enim
1418 587 1586 641 arbor
1614 585 1880 648 scientiae,
1930 598 1997 639 ea

416 703 523 757 qua
549 688 659 743 i|lis
692 687 870 741 fuerat
900 682 1248 738 interdictum
1269 724 1285 749 ,
1309 697 1419 735 non
1449 682 1611 735 arbor
1630 677 1773 734 vitae.
1803 676 1996 734 Conli-

417 783 563 837 citur
608 796 738 851 ergo
787 780 853 834 ad
890 790 1179 848 utramque
1227 775 1481 831 arborem
1527 774 1803 845 pertinere
1847 770 1996 843 quod

421 873 622 929 dicitur
648 889 663 933 ;
694 872 755 926 In
796 870 962 925 medio
999 869 1271 938 paradiso.
1321 866 1487 939 Igitur
1520 864 1816 938 Gregorius
1859 862 2001 935 Nys-

428 980 599 1020 senns
664 962 799 1019 dicit
838 963 977 1017 duas
1020 961 1182 1016 hasce
1225 960 1451 1013 arbores
1489 956 1765 1028 spiritales
1805 955 1996 1021 fuisse,

424 1059 654 1128 solaque
690 1058 901 1111 ratione
935 1053 1184 1124 potuisse
1208 1051 1458 1123 intelligi,
1496 1050 1688 1122 quales
1722 1064 1833 1105 non
1864 1049 2000 1104 duas

420 1151 607 1215 modo,
632 1149 725 1207 sed
752 1148 1019 1219 plurimas
1055 1161 1162 1201 uno
1185 1144 1489 1215 eodemque
1516 1143 1637 1199 loco
1664 1142 1847 1199 medlo
1878 1156 2000 1197 esse

420 1258 609 1314 posse,
672 1255 836 1295 nemo
876 1239 1227 1295 dubitaverit.
1285 1235 1420 1290 Nam
1463 1234 1631 1291 animi
1682 1236 1855 1291 nostri
1916 1235 1998 1290 vis

419 1336 580 1391 facile
632 1352 696 1388 ca
756 1335 1041 1403 conjungit
1097 1347 1220 1401 qua:
1278 1331 1482 1400 alioqui
1535 1330 1618 1384 vel
1664 1344 1695 1384 a
1747 1328 1998 1399 plurimis

420 1424 587 1481 simul
656 1406 1046 1493 comprehendi
1110 1429 1404 1489 nequeant.
1466 1418 1536 1470 At
1604 1430 1706 1470 nos
1759 1414 1998 1469 dicimus

415 1518 646 1568 arbores
693 1513 814 1567 illas
872 1518 1188 1579 eorporatas
1236 1508 1557 1572 exstitisse;
1613 1504 1777 1572 idque
1825 1517 1999 1572 nuper

419 1604 799 1665 ostendimus.
858 1614 1020 1671 atque
1084 1612 1347 1669 utrasque
1395 1600 1447 1653 in
1505 1595 1744 1669 paradisi
1817 1594 1997 1649 medio

418 1697 639 1768 quidem
678 1695 843 1750 fuisse.
872 1695 1080 1764 positas
1107 1693 1200 1746 sed
1229 1708 1335 1744 nun
1364 1699 1422 1745 ut
1464 1689 1521 1743 in
1564 1701 1675 1743 uno
1697 1687 1997 1756 eodemque

2099 494 2354 558 dabatur,
2421 502 2706 562 propterea
2767 490 2914 560 quod
2975 505 3225 544 alumnus
3275 498 3329 545 et
3381 487 3675 545 multarum

2097 584 2357 641 arborum
2392 584 2652 667 varietate
2675 582 2985 653 spectabilis
3005 591 3151 638 esset
3180 600 3196 639 ;
3250 580 3415 652 hujus
3458 595 3584 651 pars
3613 597 3677 635 ca

2098 696 2221 749 qua:
2292 688 2517 734 czeteras
2558 693 2757 733 omnes
2802 674 3208 747 pulchritudine
3258 685 3422 741 atque
3475 674 3677 729 decore

2102 771 2372 836 anteibat,
2416 768 2709 841 paradisus
2736 768 3025 824 dicebatur
3072 766 3675 823 accommodatissimas

2097 863 2165 917 ad
2200 862 2584 916 habitationem
2621 860 3149 928 oblectationemque
3195 860 3502 913 hominum.
3569 855 3674 913 Sed

2099 964 2304 1025 quanta
2333 952 2499 1008 fuerit
2529 952 2695 1024 hujus
2726 952 3047 1023 amplitudo,
3089 951 3224 1006 satis
3254 950 3437 1020 arguit
3472 948 3676 1005 ﬂuvius

2100 1046 2189 1100 ille
2273 1059 2506 1113 magnus
2541 1084 2557 1108 ,
2606 1042 2699 1114 qui
2754 1059 2819 1097 ex
2884 1044 3003 1111 ipso
3053 1041 3347 1107 aﬂluebat,
3417 1052 3471 1094 et
3525 1049 3674 1110 post-

2097 1152 2263 1207 quam
2314 1137 2535 1206 elapsus
2587 1143 2734 1190 esset
2789 1134 3130 1189 dividebatur
3179 1137 3231 1187 in
3285 1141 3522 1204 quatuor
3568 1130 3675 1185 llu-

2100 1231 2293 1291 utina;
2353 1230 2398 1284 si
2450 1230 2594 1283 enim
2644 1228 2842 1283 ﬂuvius
2907 1228 3024 1297 ipse
3075 1242 3305 1297 magnus
3354 1232 3503 1289 erat,
3559 1238 3675 1276 ma.

2098 1320 2356 1377 nili-stum
2401 1332 2487 1376 est
2530 1321 2845 1389 paradisum
2902 1335 3063 1391 quem
3118 1320 3351 1389 rigabat,
3410 1331 3673 1386 magnum

2096 1415 2505 1485 spatiosumque
2535 1412 2702 1469 fuisse
2734 1431 2751 1469 :
2787 1410 2855 1466 Et
2883 1412 3032 1465 illinc
3057 1412 3413 1476 dividebatur,
3436 1423 3486 1465 et
3511 1412 3676 1466 evasit

2095 1507 2151 1561 in
2207 1517 2436 1577 quatuor
2483 1508 2682 1575 capita.
2746 1506 3041 1577 Postquam
3089 1507 3137 1561 is
3199 1506 3396 1561 ﬂuvius
3446 1506 3676 1575 rigasset

2095 1596 2434 1666 paradisum,
2496 1597 2751 1652 diductus
2812 1597 3126 1666 divisusque
3180 1605 3263 1650 est
3317 1596 3372 1650 in
3435 1606 3675 1665 quatuor

2097 1690 2291 1747 ﬂuvios
2317 1707 2455 1762 quos
2485 1691 2663 1746 Moses
2693 1692 2842 1762 (quia
2886 1693 3060 1762 ipsius
3114 1692 3316 1747 smculo
3351 1693 3465 1746 nati
3497 1690 3673 1761 erant)

423 1764 737 1863 particulari
780 1788 923 1851 luco.
957 1784 1054 1857 qui
1082 1784 1239 1839 locus
1275 1783 1438 1838 fuerit
1466 1781 1701 1853 paradisi
1744 1778 1998 1835 medilul-
2033 1764 2072 1818 η
2097 1784 2215 1840 suis
2259 1794 2313 1840 et
2352 1784 2704 1849 numinibus,
2754 1794 2811 1839 et
2863 1785 2998 1839 locis
3027 1784 3324 1845 describit.
3375 1782 3669 1853 inquiens:

424 1878 735 1937 Iium.Nam
792 1877 847 1933 id
891 1877 1034 1932 haud
1061 1876 1175 1931 ﬂeri
1206 1873 1401 1946 potuit,
1447 1883 1503 1927 et
1549 1872 1595 1926 si
1635 1872 1692 1927 in
1723 1885 1790 1926 eo
1829 1869 1995 1924 altera

427 1975 703 2037 exstabat,
729 1973 957 2026 alteram
983 1978 1135 2024 estra
1158 1982 1283 2023 eum
1306 1966 1483 2020 locum
1508 1964 1684 2019 fuisse
1712 1975 1995 2017 necessum

422 2079 529 2130 est,
561 2080 684 2119 cum
729 2062 941 2135 profani
990 2061 1154 2117 etiam
1210 2057 1519 2129 philosophi
1574 2055 1843 2111 aﬂirment
1890 2054 1998 2107 im-

424 2157 683 2229 possibile
730 2168 854 2210 esse
900 2163 969 2207 ut
1016 2152 1128 2205 duo
1187 2163 1417 2220 corpora
1463 2150 1843 2203 contineantur
1886 2160 1995 2201 uno

422 2246 739 2322 particulari
787 2246 907 2302 loco
956 2244 1121 2300 simul
1177 2260 1191 2297 :
1242 2243 1334 2299 sed
1385 2243 1457 2297 ita
1510 2241 1701 2295 ambas
1731 2239 1897 2294 luisse
1936 2237 1994 2293 in

422 2342 602 2398 medio
634 2338 909 2411 paradiso,
946 2347 1005 2392 ut
1034 2337 1157 2407 quis
1182 2334 1449 2389 utramvis
1478 2333 1659 2387 dicere
1690 2341 1836 2387 recte
1866 2344 1996 2401 pos-

423 2440 527 2499 set,
561 2439 809 2501 respectu
860 2435 1229 2482 extremarum
1260 2422 1502 2493 paradisi
1555 2422 1789 2492 partium
1822 2418 1995 2475 fuisse

422 2528 477 2581 in
509 2525 688 2580 medio
741 2520 1017 2592 paradiso.
1060 2516 1295 2575 Medium
1330 2515 1494 2584 igitur
1523 2517 1575 2568 in
1623 2522 1879 2569 contextu
1919 2513 1994 2569 ita

422 2614 797 2687 accipiendum
856 2622 960 2676 est,
1020 2624 1129 2665 non
1191 2618 1254 2663 ut
1317 2606 1698 2677 particularem
1752 2607 1993 2674 aliquem

424 2717 601 2770 locum
651 2710 946 2781 signiticet,
995 2706 1093 2763 sed
1139 2703 1298 2775 quasi
1356 2702 1520 2765 dicat.
1557 2715 1683 2755 cum
1712 2699 1996 2767 paradisus

426 2802 905 2876 frequentissimus
935 2805 1083 2853 esset
1112 2796 1279 2852 variis
1308 2793 1601 2848 arboribus
1630 2799 1797 2858 atque
1836 2788 1992 2860 plan-

424 2901 516 2964 tis,
552 2897 717 2953 hasce
745 2894 882 2948 duas
917 2891 1142 2946 arbores
1171 2902 1279 2941 non
1327 2887 1380 2941 in
1436 2885 1559 2954 ejus
1608 2882 1809 2955 angulo
1859 2896 1996 2950 quo-

429 2992 574 3062 piam
602 2996 749 3043 satas
777 2983 965 3047 fuisse,
993 2981 1096 3037 sed
1126 2980 1182 3035 in
1208 2977 1384 3032 medio
1408 2973 1664 3047 paradiso
1691 2973 1836 3028 inter
1858 2971 1996 3026 alias

2098 1874 2305 1932 Nomen
2332 1878 2487 1931 anius
2515 1874 2734 1941 Phison,
2756 1876 2801 1931 is
2820 1885 2898 1931 est
2923 1876 3013 1946 qui
3035 1877 3221 1929 circuit
3252 1875 3545 1929 universam
3572 1883 3676 1927 ter-

2096 1986 2213 2024 ram
2251 1967 2475 2025 llarilte.
2530 1967 2738 2024 Nomen
2795 1969 2963 2040 igitur
2993 1968 3157 2023 unius
3210 1968 3404 2021 borum
3434 1977 3674 2037 quatuor

2094 2061 2385 2117 ﬂuviorum
2416 2072 2500 2115 est
2529 2060 2767 2124 Phison;
2797 2062 2911 2116 sive
2937 2099 2952 2124 ,
2986 2069 3044 2113 ut
3066 2057 3287 2113 Graecus
3316 2064 3493 2123 vocat,
3526 2056 3674 2125 Dija-

2097 2154 2182 2212 bis
2212 2174 2226 2208 :
2256 2156 2348 2225 qui
2380 2155 2579 2209 ﬂuvius
2633 2166 2920 2225 postquam
2971 2154 3194 2208 avulsus
3224 2152 3295 2207 ab
3334 2152 3428 2207 illo
3469 2150 3679 2221 majore

2094 2257 2150 2303 et
2184 2249 2445 2319 primario
2474 2248 2787 2319 paradisum
2816 2247 3089 2320 pelluente
3109 2287 3125 2312 ,
3161 2248 3213 2300 in
3241 2256 3551 2316 terramque
3576 2245 3677 2300 de-

2098 2356 2315 2397 mersus
2369 2351 2475 2407 est,
2529 2343 2634 2396 sub
2674 2342 2807 2411 ipsis
2852 2343 3014 2396 etiam
3075 2342 3274 2395 Oceani
3329 2342 3482 2395 vadis
3534 2338 3673 2405 ﬂuit,

2096 2435 2269 2489 donec
2313 2433 2582 2489 ebulliens
2624 2442 2943 2504 prorumpat
3000 2434 3055 2487 in
3105 2433 3483 2498 occidentem,
3534 2433 3675 2487 unde

2097 2540 2290 2581 versus
2340 2527 2770 2597 septentrionem
2809 2541 3068 2597 regyrans
3104 2527 3375 2582 delabitur
3419 2541 3513 2596 per
3549 2527 3678 2580 uni-

2096 2631 2309 2670 versam
2379 2616 2654 2687 regionem
2712 2615 2968 2672 ludorum
3030 2616 3214 2686 (quam
3279 2626 3439 2671 vocat
3496 2614 3676 2671 Moses

2095 2718 2294 2765 terram
2316 2711 2565 2779 Havilte),
2586 2726 2649 2765 ac
2679 2710 2896 2765 tandem
2915 2710 3112 2765 desinit
3146 2708 3199 2763 in
3232 2724 3381 2764 mare
3407 2708 3675 2766 Indicum.

2099 2800 2237 2855 Sunt
2265 2810 2445 2856 autem
2490 2802 2584 2872 qui
2626 2810 2817 2872 putent
2873 2800 3076 2856 Phison
3117 2801 3454 2871 appellatqu
3486 2815 3612 2855 esse
3643 2814 3675 2854 a

2097 2891 2263 2947 verbo
2296 2890 2586 2965 PhasUti),
2614 2905 2896 2964 propterea
2926 2894 3063 2960 quod
3085 2902 3257 2948 cesset
3279 2909 3309 2946 a
3328 2890 3489 2947 ﬂuctu
3520 2907 3676 2962 aspe-

2098 2986 2305 3050 Ctabili,
2334 2987 2534 3057 quippe
2560 2986 2652 3057 qui
2683 2987 2783 3040 sub
2808 2985 2993 3040 multis
3026 2985 3229 3056 pelagis
3256 2985 3514 3053 majmem
3549 2999 3677 3038 cur-

426 3061 655 3135 arbores
684 3075 979 3132 exstitisse.
1012 3069 1120 3125 Sed
1150 3077 1206 3124 et
1250 3069 1354 3122 hoc
1386 3066 1529 3122 scire
1556 3078 1734 3135 opera:
1762 3061 1994 3133 pretium

2101 3089 2194 3130 sus
2224 3075 2308 3129 sui
2347 3085 2550 3145 partem
2583 3084 2824 3145 peragat.
2854 3072 2921 3127 Et
2956 3074 3026 3128 ibi
3055 3085 3130 3128 est
3164 3089 3379 3137 aurum,
3407 3083 3457 3127 et
3484 3090 3675 3126 aurum

425 3174 611 3238 fuerit,
645 3185 776 3226 num
802 3168 922 3224 duae
951 3166 1067 3221 ista!
1096 3164 1319 3219 arbores
1345 3200 1362 3227 ,
1394 3160 1560 3214 altera
1582 3158 1738 3228 juxta
1774 3156 1998 3212 alteram

426 3267 621 3339 positae
638 3260 967 3327 exstiterint,
996 3273 1064 3312 an
1100 3255 1328 3312 seorsim
1361 3269 1375 3307 ε
1408 3252 1476 3307 de
1510 3253 1611 3307 hac
1650 3266 1711 3307 re
1750 3265 1850 3305 nos
1879 3264 2005 3319 pro-

429 3356 770 3418 nuntiamus,
804 3350 955 3422 juxta
989 3346 1196 3418 positas
1230 3343 1417 3399 fuisse.
1473 3338 1660 3412 Neque
1690 3341 1839 3395 enim
1868 3339 2005 3393 dixit

426 3450 710 3520 Scriptura
741 3446 809 3501 de
835 3442 1044 3498 Adamo
1072 3458 1087 3496 :
1120 3438 1196 3495 Ne
1226 3438 1367 3493 forte
1391 3434 1550 3491 adeat
1580 3434 1831 3489 arborem
1861 3431 2004 3498 vita,

426 3543 716 3614 capiatque
749 3540 817 3595 de
868 3552 956 3600 ca,
1003 3549 1065 3588 ac
1089 3542 1360 3594 vescatur,
1409 3538 1464 3584 et
1516 3529 1660 3582 vivat
1705 3533 2002 3597 perpetuo;

428 3637 526 3693 sed
580 3635 743 3690 habet
804 3630 873 3685 ad
931 3631 1078 3683 hunc
1123 3626 1342 3681 modum
1398 3640 1413 3676 :
1464 3620 1547 3676 Ne
1574 3620 1711 3690 forte
1758 3617 2004 3673 extendat

428 3740 646 3782 manum
676 3738 853 3786 suam,
901 3728 950 3773 et
973 3718 1172 3787 capiat.
1205 3715 1254 3769 ιδ
1282 3730 1409 3769 vero
1445 3712 1539 3783 qui
1589 3723 1812 3766 manum
1845 3724 2001 3762 suam

431 3818 501 3873 ad
537 3830 650 3871 rem
700 3810 1013 3883 quampiam
1074 3806 1369 3878 protendit,
1408 3817 1698 3861 necessum
1746 3809 1831 3855 est
1866 3809 1926 3856 ut
1954 3798 2004 3854 ei

434 3911 513 3965 rei
553 3908 834 3977 proximus
871 3910 1032 3959 astet.
1052 3899 1332 3955 'Prmterca
1366 3897 1491 3952 hinc
1522 3892 1780 3951 credibile
1811 3903 1915 3955 est,
1954 3890 2003 3948 ei

435 4004 578 4069 loco,
606 4015 660 4054 tu
687 4013 797 4068 quo
819 3994 1029 4051 Adamo
1060 4000 1333 4050 certamen
1359 3998 1415 4045 et
1436 3990 1579 4044 lucta
1606 3997 1724 4041 erat
1742 3983 2005 4040 adversus

434 4094 680 4150 arborem
730 4089 1008 4153 scientiis,
1054 4086 1361 4159 proximam
1423 4081 1701 4138 exstitisse
1754 4079 2003 4134 arborem

431 4189 580 4250 vitae,
637 4199 737 4239 ceu
804 4179 1046 4236 victoriae
1098 4179 1428 4248 praemium:
1471 4188 1531 4231 ut
1580 4176 1625 4231 si
1663 4175 1877 4231 vicisset
1911 4189 2004 4244 per

435 4276 830 4333 continentiam
863 4288 1039 4345 neque
1061 4272 1265 4326 edisset
1292 4270 1359 4324 de
1398 4269 1523 4334 hac,
1570 4282 1693 4323 mox
1738 4268 2003 4338 permissa

437 4367 631 4423 fuisset
693 4365 795 4435 ipsi
863 4364 956 4418 illa
1012 4362 1185 4417 altera
1242 4358 1551 4431 gustanda,
1610 4358 1809 4428 quippe
1866 4358 2005 4412 solet

2103 3168 2217 3237 ejus
2265 3178 2420 3221 terra
2469 3176 2725 3228 pra'stans
2769 3176 2876 3229 est;
2925 3165 3001 3217 ibi
3057 3163 3339 3227 Bedolalh,
3386 3172 3436 3217 et
3478 3163 3676 3233 lapides

2105 3258 2324 3317 Berilli.
2361 3258 2566 3314 Ferunt
2605 3259 2658 3314 in
2712 3263 2969 3329 pleraque
3023 3257 3187 3326 hujus
3226 3255 3463 3311 ﬂuminis
3510 3269 3676 3310 arena

2105 3363 2268 3423 atque
2301 3352 2354 3407 in
2408 3351 2523 3423 ipsa
2557 3352 2696 3421 ripa,
2731 3366 2924 3406 aurum
2956 3350 3185 3421 probum
3222 3347 3680 3417 admirandasque

2105 3444 2434 3517 margaritas
2481 3444 2717 3500 ubertim
2767 3444 3010 3514 reperiri.
3037 3439 3329 3498 Hebraeum
3359 3443 3527 3507 enim,
3577 3440 3680 3495 Be-

2105 3536 2318 3600 dolath,
2350 3552 2588 3607 gemmas
2646 3548 2839 3602 vocat;
2875 3533 3103 3590 Berillos
3136 3549 3285 3595 vero.
3320 3533 3527 3603 lapides
3557 3548 3678 3604 pre-

2107 3630 2301 3685 tiosos.
2332 3629 2459 3694 Alii,
2495 3628 2780 3695 Bedolatb,
2814 3628 3077 3685 candidas
3112 3630 3341 3683 uniones
3369 3626 3677 3698 signiﬁcare

2104 3719 2460 3787 existimant;
2522 3717 2753 3775 Berillos
2806 3734 2957 3786 vero,
3020 3720 3233 3783 sardos,
3298 3718 3563 3788 topazios,
3622 3726 3675 3772 tt

2105 3822 2333 3867 czeteras
2368 3811 2421 3866 id
2455 3827 2627 3883 genus
2654 3827 2921 3881 gemmas.
2961 3814 3027 3867 Et
3056 3826 3242 3865 nomen
3283 3810 3435 3878 ﬂuvii
3464 3810 3693 3883 secandi

2107 3901 2309 3970 Cillan;
2345 3904 2389 3957 is
2426 3914 2502 3959 est
2546 3920 2635 3975 qui
2674 3904 2863 3959 circuit
2907 3918 3111 3958 onmem
3151 3913 3347 3958 terram
3376 3902 3542 3958 Cltas.
3580 3898 3683 3958 So

2104 3995 2318 4052 candus
2344 3995 2544 4051 ﬂuvius
2577 4011 2773 4052 nomen
2806 3997 2970 4052 habet
2998 3995 3203 4051 Gihon.
3233 3994 3457 4051 Graecus
3488 3993 3675 4050 Nilum

2106 4088 2375 4160 appellat:
2412 4087 2503 4142 alii
2528 4086 2734 4144 Siehor
2765 4087 3061 4143 voeant.Et
3092 4088 3179 4143 hic
3207 4101 3425 4158 quoque
3449 4084 3672 4151 ﬂuvius.

2107 4192 2168 4237 ut
2220 4192 2499 4252 separatus
2550 4192 2635 4236 est
2683 4182 2753 4235 ab
2800 4181 2894 4235 illo
2943 4180 3172 4250 majore,
3252 4180 3355 4234 sub
3401 4177 3677 4235 Oceanum

2105 4272 2406 4340 descendit.
2438 4272 2614 4328 donec
2643 4273 2973 4342 scaturigine
3002 4273 3271 4327 evomitur
3297 4272 3352 4326 in
3382 4270 3535 4343 plaga
3569 4275 3680 4325 Au-

2106 4364 2281 4430 strali,
2345 4374 2508 4436 atque
2570 4379 2771 4437 gyrans
2820 4363 3020 4435 perluit
3071 4373 3271 4419 terram
3319 4363 3678 4420 Chussiorum

438 4459 632 4516 victori
668 4457 843 4526 palma
878 4456 933 4509 in
957 4462 1218 4525 promptu
1244 4465 1388 4507 esse.
1438 4451 1669 4521 Insuper
1705 4450 1836 4508 illud
1870 4465 2008 4522 quo-
2036 4477 2081 4536 υ
2109 4456 2401 4527 (Ethiopas
2452 4455 2735 4526 vocamus)
2796 4465 2850 4511 et
2898 4454 3294 4528 Egyptiorum,
3351 4455 3680 4525 tandemque

438 4568 547 4623 que
573 4548 743 4621 quaeri
791 4556 990 4620 potest,
1029 4561 1128 4601 cur
1188 4546 1331 4599 Deus
1371 4543 1693 4615 produxerit
1719 4542 1856 4598 duas
1882 4541 2002 4598 illas
2106 4545 2312 4601 desinit
2358 4547 2412 4600 in
2432 4560 2584 4601 mare
2614 4546 2988 4609 Adriaticum,
3032 4544 3181 4615 quod
3224 4553 3309 4600 est
3351 4545 3493 4616 apud
3516 4542 3681 4617 Egy-

439 4642 661 4700 arborcs
683 4641 741 4694 in
782 4636 962 4693 medio
1000 4635 1273 4707 paradiso,
1320 4649 1385 4690 ac
1424 4648 1528 4690 non
1572 4633 1753 4701 potius
1782 4634 1835 4687 in
1867 4648 2005 4703 quo-
2108 4647 2282 4707 ptum.
2309 4636 2578 4692 Ceterum
2624 4652 2821 4693 nomen
2866 4636 3098 4693 Gihonis
3135 4637 3373 4693 obtinuit
3401 4652 3431 4691 a
3467 4639 3681 4692 ﬂuendo

436 4737 581 4806 piam
609 4732 732 4801 ejus
755 4729 972 4800 angulo.
1003 4727 1101 4782 llic
1128 4726 1541 4795 respondemus,
1568 4727 1690 4779 ideo
1718 4725 1769 4779 id
1799 4723 2001 4780 factum
2109 4742 2234 4783 cum
2261 4726 2643 4794 inundatione;
2667 4728 2765 4782 hac
2784 4728 2958 4794 enim,
2981 4728 3096 4799 ripa
3121 4743 3221 4783 sua
3245 4730 3677 4801 supergrediens.

438 4838 561 4879 esse
619 4820 749 4891 quia
825 4821 878 4874 in
954 4816 1133 4873 medio
1183 4817 1443 4887 paradiso
1493 4814 1838 4869 habitaturus
1886 4822 2007 4869 erat
2109 4819 2300 4889 irrigat
2350 4829 2524 4874 terras
2570 4821 2671 4874 sibi
2709 4820 3180 4892 circumjacentes.
3214 4819 3281 4875 Et
3321 4836 3509 4877 nomen
3532 4823 3681 4891 ﬂuvii

438 4915 636 4978 Adam,
678 4921 903 4982 accepto
946 4908 1039 4964 Dei
1080 4909 1310 4980 imperio
1352 4907 1419 4963 de
1466 4905 1692 4961 edendis
1728 4904 2004 4961 fructibus

438 5005 653 5061 arboris
685 5002 929 5058 scientias
960 5001 1089 5057 boni
1122 5008 1179 5056 et
1207 4998 1357 5055 mali.
1388 4998 1657 5053 Caeterum
1693 4999 2001 5067 qualisnam

436 5097 607 5152 fuerit
632 5094 796 5149 arbor
831 5095 973 5156 vitae.
992 5102 1045 5149 et
1075 5108 1175 5148 cur
1199 5091 1279 5147 sic
1304 5090 1376 5146 sit
1404 5090 1548 5145 dicta
1571 5129 1586 5154 ,
1616 5087 1809 5143 deinde
1827 5088 2005 5160 qualis

438 5190 601 5244 arbor
668 5185 909 5243 scientia
961 5185 1085 5240 boui
1144 5195 1200 5239 ct
1250 5183 1403 5249 tituli,
1446 5192 1501 5237 et
1528 5180 1890 5253 quamobrem
1937 5195 2005 5235 eo

440 5280 665 5336 nomine
724 5277 1035 5349 appellata,
1086 5291 1197 5330 una
1266 5290 1393 5329 eum
1452 5273 1574 5328 aliis
1626 5273 1754 5343 ejus
1794 5274 2007 5340 generis

445 5371 749 5429 rationibus
777 5384 939 5441 supra
972 5384 1003 5423 a
1038 5368 1195 5423 nobis
1218 5367 1359 5423 satis
1382 5366 1749 5437 explicatum:
1798 5362 1866 5417 Et
1900 5364 2007 5432 [lu-

439 5467 554 5537 eiits
584 5463 950 5535 egrediebatur
977 5477 1041 5515 ea:
1068 5458 1211 5515 Eden
1236 5470 1294 5514 at
1337 5458 1532 5529 rigaret
1572 5457 1902 5527 paradisum.
1946 5454 2010 5509 Et

2112 4910 2255 4964 tertii
2286 4908 2491 4976 Diltlat,
2520 4910 2609 4979 qui
2639 4910 2679 4963 it
2706 4910 2956 4966 adversus
2980 4913 3171 4968 Assur.
3206 4910 3444 4978 Quartus
3464 4914 3682 4985 denique

2114 5002 2310 5071 ﬂuvius
2361 5010 2441 5057 est
2496 5001 2713 5058 Peratli.
2775 5002 2951 5059 Diklat
3008 5004 3310 5075 appellatus
3356 5016 3443 5061 est
3491 5007 3681 5063 tertius

2112 5092 2331 5159 ﬂuvius,
2362 5094 2507 5163 quod
2536 5094 2875 5165 impetuosus
2917 5109 2980 5150 ac
3021 5097 3240 5165 rapidus
3272 5110 3491 5153 sursum
3520 5096 3682 5153 deor-

2111 5199 2234 5240 sum
2274 5183 2480 5240 feratur
2509 5188 2665 5257 quasi
2707 5187 2869 5243 homo
2901 5187 3171 5243 violentus
3220 5203 3283 5241 ac
3314 5187 3552 5244 lervidus
3583 5188 3678 5258 qui

2114 5278 2179 5333 ad
2206 5280 2630 5349 perrumpendas
2649 5280 2929 5350 angustias
2949 5280 3160 5350 aliquas
3184 5295 3330 5336 nunc
3351 5295 3410 5336 se
3424 5281 3676 5351 subrigit.

2117 5380 2264 5419 nunc
2329 5365 2587 5420 demittit.
2642 5366 2879 5433 Quartus
2944 5368 3178 5439 denique
3231 5366 3429 5423 ﬂuvius
3478 5368 3680 5424 dicitur

2116 5456 2337 5521 Perath,
2374 5455 2505 5527 quia
2537 5454 2961 5514 fecundissimus
2992 5467 3095 5514 est.
3127 5456 3194 5513 Et
3218 5457 3270 5511 hi
3321 5471 3538 5529 quoque
3569 5459 3678 5513 duo

515 5671 630 5741 (id)
662 5671 888 5733 Phison,
916 5669 1303 5742 superiuseap.
1330 5668 1421 5733 2|,
1448 5667 1582 5725 dixit
1610 5667 1794 5725 Crtece
1850 5664 2034 5725 vocari
2074 5663 2284 5731 Diiabis
2331 5681 2427 5737 per
2464 5675 2713 5723 quartam
2786 5670 3025 5725 vocalem
3063 5670 3117 5726 in
3173 5669 3412 5727 secunda
3444 5669 3668 5742 syllaba.

438 5738 839 5808 Phas,'eessarc
867 5738 1133 5810 signiﬁcat
1168 5738 1340 5807 Syris.
