4082 6160
404 334 509 397 5‘29

1568 348 1665 409 DE
1706 350 2087 412 PARADISO
2150 374 2218 387 -
2262 348 2453 409 PARS
2492 347 2545 411 Ι.

3572 340 3681 405 530

402 450 553 506 ﬂuvii
579 452 745 508 simul
776 461 940 525 alque
967 458 1196 512 derivati
1224 468 1352 515 sunt
1382 462 1450 515 ab
1477 463 1569 516 illo
1596 465 1985 535 principaliore
2016 473 2074 525 Α.
2094 458 2202 519 tllic
2225 465 2371 518 haud
2399 462 2494 516 diu
2530 460 2754 526 mansit,
2788 476 2919 523 sua,
2940 474 3051 514 non
3076 456 3365 535 Hectoris
3396 458 3479 513 sui
3513 458 3673 527 culpa

404 542 628 597 Iluniine
653 560 667 596 :
697 544 941 617 absorpti
972 550 1076 602 sub
1098 548 1401 617 Oceanum,
1433 556 1651 610 tandem
1686 558 1976 625 prosiliunt

402 634 457 687 in
496 636 679 690 medio
712 645 981 694 terrarum
1012 642 1163 699 orbe.
1203 643 1447 702 fontibus
1479 662 1590 703 non
1626 650 1813 717 procul
1843 650 1981 703 inter

401 740 458 778 se
480 725 763 793 dissipatis
792 744 856 785 ac
881 733 1121 803 prolapsi
1159 735 1414 792 desinunt
1460 739 1513 793 in
1545 755 1696 795 mare
1727 740 1982 797 Australe

405 814 578 882 ipsius
607 818 812 876 Bosrte.
840 820 1008 878 Porro
1034 825 1206 881 Assur
1241 839 1399 884 vocat
1427 832 1701 901 regionem
1736 833 1893 886 Attur
1929 842 1984 887 ct

400 905 778 967 Nittevitarum
810 929 873 969 ac
904 912 1227 985 Bethgarme
1248 958 1263 982 ,
1305 922 1522 991 aliaque
1552 925 1982 994 circumquaque

401 1001 484 1055 bis
507 1003 820 1073 adjacentia
853 1008 989 1063 loca.
1020 1007 1124 1064 Sed
1148 1012 1292 1066 enim
1314 1022 1567 1082 quaerunt
1590 1017 1679 1071 hic
1707 1018 1978 1081 homines,

399 1092 495 1161 qui
534 1096 705 1165 possit
741 1100 855 1153 lieri
890 1109 947 1154 ut
978 1100 1030 1153 hi
1064 1111 1300 1170 quatuor
1331 1103 1477 1159 ﬂuvii
1514 1107 1731 1161 veniant
1758 1124 1788 1162 e
1817 1123 1982 1179 para-

400 1182 528 1238 diso
554 1226 570 1250 ,
597 1196 653 1242 et
688 1188 924 1261 absorpti
959 1193 1062 1247 sub
1090 1193 1365 1250 Oceanum
1410 1197 1548 1253 intra
1583 1208 1743 1254 terra-
1772 1201 1980 1256 viscera

408 1287 610 1342 meent,
643 1294 703 1333 ac
732 1282 946 1336 tandem
974 1295 1274 1356 emergant,
1313 1287 1771 1361 eﬂ‘undaoturque
1794 1293 1851 1346 in
1881 1294 1985 1347 bac

407 1374 601 1420 nostra
622 1370 797 1421 terra!
836 1366 1031 1424 Verum
1077 1372 1218 1427 banc
1243 1376 1624 1443 quaestionem,
1659 1390 1715 1434 et
1741 1379 1862 1448 ejus
1888 1397 1983 1450 ge-

402 1458 552 1511 neris
600 1459 738 1515 alias
781 1461 893 1529 jam
938 1465 1073 1519 satis
1114 1466 1484 1525 dissolvimus.
1546 1470 1718 1526 Porro
1772 1472 1984 1538 Moses.

399 1546 672 1613 explicata
704 1551 1018 1604 narratione
1044 1567 1235 1607 earum
1266 1571 1450 1611 rerum
1485 1574 1606 1629 qua:
1637 1561 1703 1615 ad
1741 1562 1979 1631 paradisi

400 1633 616 1689 laudem
677 1637 1246 1711 ntagniliccntiamque
1277 1662 1290 1698 :
1325 1643 1451 1699 item
1502 1661 1689 1703 earum
1739 1664 1862 1720 qua:
1916 1651 1983 1707 ad

400 1719 604 1777 ﬂumen
636 1722 826 1791 ingens
854 1740 964 1795 quo
1003 1726 1091 1783 ille
1126 1730 1333 1799 rigatur
1365 1752 1379 1787 :
1418 1733 1654 1805 denique
1680 1719 1984 1794 adiscduli-

2090 557 2293 610 evenit.
2317 554 2472 622 Quod
2498 568 2661 623 porro
2682 552 2953 622 sequitur:
2983 550 3048 607 Ut
3070 567 3189 606 eum
3212 550 3406 604 coleret
3430 560 3480 603 et
3506 562 3687 604 custo-

2088 649 2259 712 diret,
2294 662 2526 718 quanam
2580 646 2846 702 sententia
2906 645 3009 699 erit
3044 643 3463 714 accipiendum?
3528 643 3686 698 Nunc

2090 742 2225 811 quid
2259 739 2543 811 paradisus
2576 739 2786 794 cultore
2816 739 3025 809 egebat,
3058 738 3113 793 in
3142 753 3253 808 quo
3284 736 3483 793 silvosa
3511 738 3683 792 senti-

2089 847 2325 903 cosaque
2347 831 2602 887 materies
2625 848 2731 885 non
2754 831 3171 887 snecrescebat?
3193 833 3305 886 haec
3330 830 3475 886 enim
3499 840 3686 900 postea

2088 941 2186 995 per
2213 924 2642 981 exsecrationem
2682 924 2846 994 carpit
2878 924 2930 978 in
2953 939 3016 980 ea
3054 934 3223 990 terra,
3253 939 3376 994 qua
3398 933 3550 979 extra
3582 938 3681 991 pa—

2092 1016 2335 1071 radisum
2384 1024 2532 1081 erat,
2574 1018 2780 1072 enasci.
2817 1014 3085 1071 Prmterea
3113 1017 3206 1086 qui
3255 1015 3433 1086 potuit
3475 1016 3687 1070 cultore

2090 1121 2230 1177 opus
2290 1107 2493 1163 habere
2544 1108 2872 1179 paradisus,
2906 1108 3088 1163 omnis
3136 1107 3349 1179 generis
3389 1108 3683 1163 arboribus

2090 1199 2415 1254 abundans?
2474 1198 2710 1270 denique
2772 1200 3050 1270 quomodo
3100 1199 3399 1260 coluisset.
3444 1199 3666 1270 quando

2091 1306 2269 1359 neque
2298 1291 2537 1357 sarcula,
2585 1306 2777 1362 neqnze
2828 1306 3028 1368 scopae,
3057 1300 3152 1346 aut
3206 1290 3433 1347 alterius
3468 1296 3684 1359 generis

2095 1381 2456 1437 instrumenta
2485 1382 2710 1437 culturae
2734 1381 2872 1437 facta
2916 1390 3107 1437 erant.
3139 1381 3403 1437 Similiter
3444 1397 3681 1453 quorum

2094 1472 2333 1528 habebat
2353 1475 2605 1530 custodia
2631 1489 2771 1545 opus
2804 1474 3111 1544 paradisus,
3138 1489 3262 1530 cum
3292 1474 3423 1528 nulli
3450 1490 3679 1545 usquam

2091 1569 2422 1625 exsisterent
2469 1570 2624 1639 egeni
2671 1568 2960 1623 homines?
2997 1567 3137 1634 Quid
3174 1582 3305 1636 ergo
3350 1568 3455 1623 sibi
3492 1566 3683 1623 volunt

2092 1660 2183 1717 illa
2210 1662 2393 1717 verba:
2434 1659 2505 1716 Ut
2552 1660 2742 1715 coleret
2792 1668 2841 1713 et
2885 1660 3211 1714 custodiret!
3264 1659 3681 1730 Respondemus

2094 1750 2291 1806 nonid
2340 1750 2648 1822 signiﬁcare
2695 1748 2979 1807 fodiendas
3029 1749 3103 1804 illi
3146 1748 3317 1805 fuisse
3368 1750 3593 1805 scrobes
3623 1749 3677 1804 iu

400 1821 572 1915 me"?
610 1814 710 1915 Dei_
738 1816 1044 1915 θξξηδίιξπίε
1088 1820 1233 1879 imus
1273 1832 1436 1891 Mtille
1463 1829 1663 1883 δεῑοΐίε
1691 1840 1939 1899 specum
1970 1850 1985 1886 ε
2021 1831 2062 1887 Β
2089 1843 2287 1915 quibus
2308 1814 2523 1914 plantas
2548 1850 2878 1908 consereret,
2908 1848 2969 1895 ut
2989 1839 3103 1897 Noe
3129 1840 3339 1895 vineam
3367 1882 3382 1905 ,
3407 1849 3502 1894 aut
3531 1839 3678 1893 labo-

400 1904 598 1959 transit
646 1905 711 1960 ad
751 1907 1043 1964 dicendum
1073 1914 1141 1967 de
1171 1913 1395 1972 inducto
1425 1919 1633 1976 Adamo
1663 1922 1714 1976 in
1763 1925 1983 1993 paradi-

397 2007 518 2049 sum
546 1996 631 2051 bis
662 1998 840 2056 verbis
870 2020 885 2052 :
919 1998 985 2055 Et
1017 2007 1219 2074 accepit
1245 2006 1501 2065 Dominus
1528 2010 1665 2068 Deus
1688 2015 1979 2080 Adamum.

398 2095 450 2139 et
469 2088 643 2155 paruit
673 2089 845 2158 ipsum
883 2094 936 2147 in
958 2096 1212 2163 paradiso
1243 2097 1413 2157 Edeu.
1440 2103 1560 2169 Quo
1598 2106 1784 2162 babitu
1815 2124 1984 2179 appa-

394 2179 573 2233 ruerit
603 2180 742 2236 Deus
769 2183 999 2249 Adamo,
1032 2185 1270 2246 diximus
1308 2208 1506 2262 tntper.
1566 2194 1685 2250 1am
1720 2214 1847 2254 vero
1885 2202 1986 2257 hoc

404 2270 698 2363 ἳιὰςηιιιιηι
724 2285 828 2341 est,
852 2278 1015 2345 unde,
1038 2289 1226 2351 etquo
1250 2287 1533 2342 sustulerit
1559 2289 1735 2360 ipsum
1765 2295 1985 2363 quando

401 2359 685 2431 Scriptura
719 2366 791 2418 ait
825 2384 839 2420 :
871 2366 940 2420 Et
985 2373 1183 2440 accepit
1217 2373 1473 2433 Dominus
1513 2359 1649 2435 Deus
1696 2359 1981 2440 Arionium.

402 2451 571 2519 Igitur
600 2456 821 2525 quidam
856 2472 1049 2529 putant
1071 2480 1133 2519 ex
1172 2464 1468 2524 Jerusalem
1503 2472 1777 2529 sublatum
1812 2486 1987 2534 trans-

402 2545 589 2599 tulisse
620 2547 670 2600 in
706 2549 1021 2619 paradisum
1054 2574 1067 2609 :
1108 2573 1230 2610 nam
1265 2558 1318 2612 in
1345 2557 1649 2618 Jerusalem
1689 2563 1983 2623 formatum

399 2650 543 2701 esse,
580 2638 668 2693 ubi
696 2651 749 2694 et
778 2653 1005 2699 mortem
1040 2649 1205 2702 etiam
1237 2650 1456 2706 obierit.
1502 2654 1607 2709 Alii
1641 2673 1770 2713 vero
1793 2660 1983 2715 existi-

402 2739 593 2795 mant,
639 2745 704 2785 es
758 2731 882 2788 loco
914 2736 1205 2795 humiliore
1249 2752 1414 2814 atque
1446 2745 1634 2803 viliore
1691 2751 1985 2808 sustulisse

401 2819 455 2875 in
487 2822 665 2877 locum
696 2826 985 2884 sublimem
1015 2832 1498 2905 magniﬁcumque,
1550 2848 1604 2894 ct
1630 2842 1797 2896 veluti
1827 2859 1984 2899 crea-

406 2922 518 2968 tum
560 2930 588 2969 a
622 2932 682 2970 se
718 2933 895 2989 regem
932 2921 1213 2979 induxisse
1246 2926 1299 2979 in
1346 2931 1583 2999 regalem
1634 2934 1840 2991 sedem.
1878 2936 1984 2993 Sed

401 3020 640 3076 quonam
669 3008 818 3064 illum
849 3014 1011 3069 modo
1037 3017 1309 3072 sustulit!
1328 3017 1677 3092 Respondent
1701 3028 1981 3095 nonnulli,

399 3097 453 3151 id
488 3099 632 3169 quod
668 3101 944 3173 Scriptura
985 3106 1103 3161 ait:
1135 3107 1199 3163 Et
1239 3115 1441 3183 occepit
1465 3157 1481 3181 ,
1514 3116 1649 3171 nibil
1686 3118 1831 3174 aliud
1868 3120 1973 3177 sibi

398 3190 535 3245 velle
561 3207 724 3260 quam
758 3193 923 3251 Deum
959 3199 1165 3256 dixisse
1204 3205 1268 3259 ad
1312 3206 1465 3261 illum
1495 3226 1509 3261 ι
1539 3208 1663 3273 Abi,
1690 3212 1982 3282 ipsumque

396 3283 659 3372 continuo
712 3287 1016 3355 proiectum
1059 3307 1199 3349 esse.
1248 3296 1353 3351 Sed
1404 3300 1489 3352 bis
1540 3300 1813 3369 objiciunt
1861 3304 1979 3372 alii,

402 3371 665 3458 incertum
694 3377 863 3432 fuisse
887 3380 1121 3448 Adamo,
1157 3386 1318 3450 unde,
1344 3400 1397 3441 et
1425 3405 1533 3458 quo
1553 3390 1711 3447 abire
1734 3371 1977 3450 deberet.

399 3456 608 3524 Quibus
638 3462 709 3515 illi
736 3468 1086 3534 respondent,
1115 3470 1216 3539 ipsi
1242 3472 1295 3526 in
1326 3456 1561 3533 mentem
1592 3479 1809 3535 venisse
1835 3483 1980 3538 unde

396 3562 448 3626 ct
476 3568 587 3619 quo
610 3556 919 3609 abeundum
952 3560 1079 3626 sibi,
1108 3572 1271 3631 atque
1298 3566 1387 3619 ubi
1419 3567 1773 3625 habitandum
1804 3582 1975 3639 esset,

398 3642 559 3697 sicuti
618 3644 731 3701 visa
786 3650 1065 3719 pr0pbctis
1114 3653 1290 3709 solent
1342 3659 1585 3715 evenire.
1638 3658 1841 3718 Verum
1884 3664 1979 3719 alii

399 3733 606 3788 malunt
643 3736 979 3802 existimare,
1051 3740 1217 3796 Deum
1255 3745 1466 3802 Adatno
1513 3749 1747 3807 bumana
1798 3755 1981 3822 specie

399 3823 742 3892 apparuisse,
784 3825 1080 3897 ipsumque
1124 3833 1527 3901 apprehensum
1578 3845 1981 3907 transportasse

399 3912 453 3966 in
480 3916 817 3985 paradisum.
848 3920 953 3990 Sed
980 3920 1129 3976 dices
1155 3940 1167 3975 :
1196 3923 1312 3977 sive
1336 3941 1433 3993 per
1458 3928 1654 3984 mentis
1683 3931 1976 3998 visionem,

399 4005 516 4061 sive
546 4024 643 4077 per
674 4009 970 4065 humanam
1014 4013 1238 4083 Iiguram
1289 4017 1363 4071 illi
1413 4023 1762 4089 apparuerit;
1813 4033 1979 4096 atque

401 4096 475 4151 ita
513 4101 869 4166 transtulerit,
904 4120 1099 4174 magno
1130 4105 1306 4162 fuisse
1342 4124 1481 4178 opus
1509 4115 1769 4182 temporis
1799 4118 1977 4186 epatio

403 4190 471 4243 ad
523 4191 629 4244 iter
673 4192 775 4247 hoc
809 4194 1231 4252 conﬁciendum.
1282 4198 1453 4268 Igitur
1486 4214 1668 4258 nostra
1703 4209 1975 4263 sententia

400 4291 505 4348 est,
541 4280 709 4336 Deum
749 4285 1015 4342 I’urtnasse
1039 4290 1305 4344 Adamum
1336 4302 1486 4347 extra
1522 4298 1860 4366 paradisum,
1891 4310 1978 4356 at-

404 4388 511 4455 que
536 4373 684 4428 illinc
709 4388 987 4448 arreptum
1013 4382 1323 4439 sustullisse
1350 4384 1401 4439 in
1429 4390 1761 4455 paradisum,
1793 4392 1978 4464 ibique

403 4464 1014 4532 dimisisse;ca:terum
1065 4488 1131 4527 eo
1184 4476 1463 4546 accepisse
1522 4481 1706 4545 modo,
1759 4498 1871 4552 quo
1924 4494 2055 4580 et”

405 4554 589 4580 D-.---I_
674 4570 715 4580 _.
753 4561 807 4580 na
834 4563 884 4580 ιι·
1114 4564 1157 4580 ιν
1327 4576 1337 4580 -
1403 4571 1415 4580 .
1496 4569 1533 4580 .-.
1644 4574 1658 4580 -
1803 4575 1814 4580 -

405 4554 627 4625 Enorb,
666 4570 721 4614 ct
750 4561 1078 4633 Philippum.
1114 4564 1247 4621 Nam
1284 4576 1343 4622 ιιι
1384 4571 1451 4624 de
1495 4569 1678 4627 Enocb
1711 4575 1974 4644 scriptum

406 4658 583 4702 exstat
613 4668 629 4701 :
663 4650 731 4705 Et
755 4655 876 4706 tulit
905 4655 1076 4722 ipsum
1100 4655 1240 4710 Deus
1260 4659 1341 4725 ⁶⁹;
1401 4660 1637 4731 itemque
1674 4662 1924 4736 Philippo
1952 4681 1971 4723 :

413 4741 479 4793 let
507 4739 742 4810 Spiritus
779 4744 991 4799 Domini
1020 4750 1197 4817 rapuit
1225 4750 1395 4818 ipsum
1419 4752 1463 4783 "
1497 4770 1513 4809 :
1548 4755 1627 4809 sic
1652 4766 1707 4811 et
1736 4757 1971 4813 dicimus

408 4834 675 4890 Adamum
706 4851 829 4892 esse
856 4853 885 4890 a
927 4838 1035 4894 Deo
1064 4848 1278 4909 raptum
1307 4859 1373 4897 ex
1405 4860 1471 4899 eo
1507 4846 1629 4902 loco
1658 4864 1766 4919 quo
1793 4849 1973 4907 Inerat

403 4928 691 4991 formatus.
724 4940 890 5000 atque
921 4933 974 4985 in
1015 4936 1325 5003 paradisum
1359 4941 1770 5007 transpositum.
1798 4942 1971 4999 Dimi-

401 5023 573 5091 sitque
610 5023 779 5090 ipsum
822 5026 873 5076 in
924 5027 1176 5093 paradiso
1218 5030 1398 5094 Eden,
1448 5041 1503 5083 ut
1537 5048 1655 5087 eum
1698 5034 1889 5090 coleret
1922 5047 1972 5091 et

402 5112 706 5165 custodiret.
735 5114 811 5167 Eo
832 5115 981 5183 quod
1005 5117 1139 5170 dicit
1168 5134 1183 5170 :
1211 5116 1280 5171 Et
1301 5118 1501 5174 dimisit
1528 5122 1699 5191 ipsum
1727 5124 1779 5179 in
1812 5142 1974 5195 para-

403 5202 536 5267 diso,
573 5203 814 5257 declarat
842 5203 1009 5258 Deum
1041 5208 1256 5261 sublato
1283 5209 1495 5265 Adamo
1528 5230 1635 5267 non
1662 5217 1971 5275 ostendisse

402 5291 563 5343 ιιιιιιιο
591 5292 825 5360 paradisi
879 5293 1336 5361 pulchritudinem
1385 5301 1969 5374 magnilicentiatnque,

404 5389 456 5431 et
485 5397 605 5434 mox
637 5382 762 5437 inde
787 5383 1111 5451 abripuisse,
1136 5386 1228 5439 sed
1261 5387 1391 5443 inibi
1422 5391 1629 5455 relicto,
1658 5392 1970 5451 faettltatem

404 5473 655 5525 tttanetnli
679 5488 845 5541 seque
863 5474 1168 5531 oblectandi
1190 5479 1509 5547 permisisse
1528 5491 1589 5535 ut
1612 5483 1665 5537 in
1685 5485 1805 5540 loco
1826 5487 1973 5542 illius

404 5566 572 5633 Ipsius
624 5568 794 5637 gratia
848 5567 1070 5623 condito
1120 5570 1559 5644 conc-innataque
1599 5590 1614 5627 :
1649 5590 1773 5631 nam
1826 5580 1972 5636 ouod

479 5754 523 5788 "
554 5754 687 5811 Gen.
724 5772 774 5821 v,
800 5756 890 5813 ει.
969 5754 1013 5788 ⁷⁸
1046 5755 1164 5812 Act.
1194 5770 1308 5824 \‘Ill,
1336 5757 1422 5814 39.
1501 5760 1539 5790 ⁷⁸
1573 5758 1615 5815 Il
1651 5757 1842 5816 'l'bcss.
1870 5776 1947 5829 ιιι,
1994 5762 2075 5816 II.

2092 1936 2259 1991 riosis
2283 1935 2464 2005 ipsum
2486 1934 2865 1992 instrumentis
2888 1932 3163 2005 operando
3186 1932 3487 1987 molestiam
3511 1930 3675 1984 ullam

2085 2024 2269 2083 subire
2283 2025 2556 2092 debuisse,
2581 2024 2676 2082 sed
2697 2024 2750 2082 in
2773 2040 2839 2080 eo
2859 2024 3091 2096 positum
3108 2021 3279 2078 fuisse
3300 2021 3504 2077 cultum
3525 2022 3675 2078 illum

2087 2124 2148 2172 ut
2184 2115 2318 2171 inibi
2344 2115 2524 2171 locum
2550 2114 2655 2170 sibi
2692 2129 2791 2187 pro
2811 2113 3145 2169 habitatione
3178 2121 3411 2182 aptaret,
3451 2112 3678 2182 viasque

2085 2220 2151 2260 ac
2202 2205 2427 2262 semitas
2490 2206 2692 2277 quibus
2746 2204 3034 2261 commode
3082 2211 3269 2273 posset
3294 2202 3676 2267 obambulare.

2084 2298 2456 2368 complanaret
2478 2337 2494 2362 ,
2548 2312 2617 2354 nc
2649 2295 2858 2354 scilicet
2905 2296 3116 2351 otiosus
3145 2306 3321 2351 esset:
3353 2295 3572 2367 quando
3605 2310 3670 2351 es

2092 2392 2208 2445 otio
2238 2390 2470 2461 plurima
2497 2401 2832 2446 enascantur
2855 2390 3020 2452 mala,
3053 2390 3205 2460 juxta
3236 2390 3366 2444 illud
3398 2390 3676 2459 Sapientis

2085 2483 2368 2553 cujusdam
2406 2500 2423 2538 :
2458 2482 2641 2539 Otium
2696 2482 2899 2539 malum
2959 2468 3084 2550 est,
3150 2492 3207 2538 et
3241 2482 3486 2538 [tandem
3538 2483 3681 2552 parit

2087 2574 2322 2645 pigritia.
2384 2573 2448 2628 Et
2499 2574 2659 2631 divus
2706 2573 2907 2629 Paulus
2937 2575 3068 2632 dicit
3107 2592 3120 2631 :
3158 2574 3283 2629 Nisi
3319 2575 3471 2629 aliud
3505 2592 3671 2647 quam

2084 2667 2253 2719 otium
2292 2676 2503 2737 agentes
2527 2668 2596 2722 ".
2633 2665 2699 2721 Et
2725 2667 2855 2724 alibi
2877 2669 2975 2731 ait,
3004 2667 3271 2739 quasdam
3304 2665 3537 2723 feminas
3562 2682 3676 2723 nos:

2083 2754 2260 2812 solum
2289 2755 2494 2813 otiosas
2522 2770 2667 2823 esse,
2696 2771 2883 2811 verum
2919 2758 3082 2812 etiam
3112 2757 3477 2826 quarumdam
3501 2756 3676 2811 mala-

2087 2864 2207 2902 rum
2238 2863 2420 2904 rerum
2457 2850 2808 2906 occasionem
2849 2851 3075 2905 dare".
3104 2848 3401 2916 Caeterum,
3429 2848 3575 2918 quod
3607 2851 3678 2905 de

2085 2940 2443 2995 custodiendo
2494 2941 2753 3011 paradiso
2805 2941 3013 2996 dictum
3057 2951 3160 3007 est,
3192 2941 3248 2997 id
3272 2941 3357 2995 «ad
3406 2944 3675 2999 arcendas

2086 3026 2210 3084 inde
2234 3028 2439 3085 bestias
2466 3038 2707 3096 spectat;
2737 3029 2974 3100 paradisi
3015 3030 3160 3084 enim
3208 3030 3382 3085 vinea:
3419 3030 3671 3100 bonique

2084 3120 2176 3174 alii
2202 3123 2422 3189 quando
2456 3124 2529 3178 ab
2560 3121 2872 3180 hominibus
2921 3123 3125 3178 deserti
3167 3134 3416 3187 manent,
3444 3127 3673 3179 concul-

2086 3219 2303 3273 cantur,
2335 3212 2831 3284 opprimunturun
2854 3230 2885 3269 a
2927 3214 3079 3271 I‘eris.
3105 3216 3278 3287 Igitur
3313 3225 3366 3268 et
3396 3216 3579 3273 colere
3614 3224 3672 3273 et

2084 3301 2390 3365 custodire.
2433 3303 2499 3359 ad
2547 3320 2736 3359 curam
2776 3304 3127 3361 habitationis
3174 3307 3365 3361 Adami
3422 3319 3669 3378 spectat;

2085 3408 2261 3462 neque
2309 3394 2453 3447 enim
2509 3396 2575 3450 ad
2626 3397 2885 3466 exiguum
2919 3398 3185 3453 duntaxat
3220 3409 3432 3469 tempus
3482 3401 3669 3456 datum

2083 3483 2261 3539 fuerat
2294 3485 2343 3539 ei
2378 3486 2510 3540 illud
2565 3488 2907 3545 domicilium
2948 3493 3003 3545 in
3037 3506 3147 3561 quo
3182 3500 3441 3556 maneret,
3478 3494 3570 3545 sed
3600 3494 3669 3547 ad

2082 3574 2405 3628 diuturnum
2450 3574 2804 3649 longumque.
2840 3578 3066 3649 Insuper
3109 3579 3215 3632 buc
3244 3593 3462 3650 quoque
3490 3581 3672 3638 cultus

2082 3661 2174 3716 ille
2200 3672 2254 3715 et
2283 3663 2529 3717 custodia
2565 3665 2837 3733 pertinent
2858 3709 2871 3730 ,
2907 3675 2964 3720 ut
3012 3674 3158 3722 esset
3185 3666 3427 3722 Adamus
3457 3667 3584 3737 vigil
3617 3681 3674 3723 et

2080 3760 2297 3817 cautus;
2319 3764 2748 3825 agnosceretque
2764 3767 3043 3821 parentem
3062 3773 3223 3812 suum
3239 3772 3304 3812 es
3330 3757 3461 3828 ipsis
3475 3759 3673 3827 plantis

2082 3843 2462 3915 fructibusque
2492 3846 2754 3915 paradisi,
2789 3863 2887 3903 ceu
2935 3850 3169 3905 colonus
3208 3850 3515 3918 plantarum
3564 3852 3669 3907 itu-

2082 3936 2399 3991 mortalium
2435 3956 2451 3993 :
2489 3938 2594 3994 hoc
2639 3949 2725 3993 est
2772 3938 3081 3995 divinarum
3140 3942 3530 4012 cogitationum
3557 3983 3571 4007 ,
3611 3955 3670 3999 ut

2080 4026 2158 4081 ait
2187 4027 2485 4097 Gregorius
2518 4028 2855 4100 Tbeologus.
2896 4030 3143 4102 Denique
3193 4034 3300 4088 illis
3327 4034 3540 4090 colendi
3567 4051 3668 4092 cu-

2081 4121 2463 4192 stodiendique
2497 4121 2685 4178 verbis
2722 4124 3035 4179 ostenditur
3062 4124 3227 4180 etiam
3253 4164 3269 4189 ,
3319 4124 3478 4196 longe
3510 4128 3670 4183 aliter

2083 4212 2335 4269 homines
2363 4215 2529 4270 vitam
2563 4230 2721 4271 suam
2754 4215 3040 4272 instituere
3069 4216 3270 4273 debere
3298 4233 3466 4289 quam
3502 4234 3667 4288 pecu-

2082 4307 2182 4361 des
2219 4306 2451 4362 rationis
2489 4317 2742 4375 espertcs
2788 4308 3034 4381 degant:
3071 4310 3155 4365 bze
3196 4311 3345 4367 enim
3383 4312 3451 4367 ad
3481 4312 3668 4368 colen-

2080 4391 2212 4448 dum
2270 4393 2797 4465 custodiendamque
2858 4395 3173 4466 paradisum
3253 4398 3478 4453 minime
3534 4409 3666 4455 sunt

2081 4484 2401 4551 destinate;
2455 4484 2549 4540 sed
2599 4488 2761 4543 homo
2811 4496 2899 4544 cst
2944 4488 3091 4543 illius
3136 4488 3318 4545 cultor
3362 4500 3415 4544 et
3476 4500 3665 4547 custos

2079 4576 2419 4648 designatus,
2450 4594 2625 4649 caque
2660 4594 2721 4634 re
2755 4580 3049 4650 plurimum
3082 4580 3184 4636 iste
3212 4580 3283 4636 ab
3311 4581 3419 4637 illis
3439 4580 3660 4647 (ἥσθη.

2078 4671 2225 4741 quod
2265 4670 2443 4738 ipsum
2483 4686 2704 4741 quoque
2733 4671 2866 4726 dum
2901 4671 3177 4725 hominem
3211 4672 3446 4742 prepriis
3479 4675 3660 4729 mani-

2081 4762 2185 4818 bus
2204 4761 2459 4817 Iormaret
2482 4760 2646 4829 Deus,
2665 4762 2952 4819 ostendere
2972 4763 3162 4818 voluit.
3181 4762 3351 4819 Porro
3369 4775 3656 4833 postquam

2079 4853 2147 4910 de
2172 4852 2483 4908 introducto
2510 4855 2562 4908 in
2590 4854 2902 4924 paradisum
2927 4856 3141 4910 Adamn
3167 4854 3446 4920 disseruit,
3478 4865 3532 4911 et
3559 4872 3660 4911 cur

2077 4959 2202 4998 eum
2239 4946 2379 5001 Deus
2413 4947 2542 5000 illuc
2571 4945 2843 5000 intulisset
2872 4986 2888 5011 ,
2912 4944 3223 5015 explicavit,
3266 4946 3566 5016 digreditur
3589 4947 3656 4998 ad

2077 5033 2369 5089 dicetidum
2398 5036 2467 5089 de
2502 5034 2618 5103 lege
2648 5034 2723 5087 illi
2756 5036 3010 5104 imposita
3049 5035 3132 5089 bis
3159 5035 3342 5090 verbis
3373 5053 3387 5087 :
3420 5033 3488 5089 Et
3519 5052 3652 5104 prat-

2080 5125 2216 5193 repit
2251 5124 2506 5179 Dominus
2548 5122 2690 5180 Deus
2721 5126 2964 5193 Adamo,
2987 5128 3225 5199 dixitque
3244 5127 3346 5197 ipsi
3370 5139 3392 5179 .'
3432 5126 3506 5181 De
3542 5144 3653 5182 ont-

2072 5215 2224 5270 nibus
2261 5214 2540 5270 arboribus
2574 5234 2694 5287 qua:
2721 5229 2847 5273 sunt
2876 5218 2931 5271 in
2968 5220 3244 5286 paradiso,
3271 5218 3475 5272 edendo
3506 5218 3648 5285 edes;

2073 5317 2127 5360 at
2154 5307 2219 5361 de
2247 5307 2433 5363 arbore
2461 5309 2694 5362 scientia:
2720 5310 2839 5362 belli
2863 5319 2912 5362 et
2947 5309 3077 5362 mali
3121 5326 3225 5362 non
3256 5308 3377 5363 edes
3421 5312 3485 5363 de
3514 5311 3650 5377 ipsa.

2077 5397 2190 5454 Hoc
2248 5399 2411 5469 igitur
2457 5408 2540 5455 est
2580 5410 2947 5469 praeceptum,
3010 5402 3124 5456 haec:
3171 5401 3252 5453 lex
3294 5415 3459 5468 quam
3512 5400 3654 5455 Deus

2078 5490 2286 5544 Adamo
2319 5491 2599 5560 imposuit,
2628 5505 2693 5546 ne
2719 5492 2907 5547 ederet
2937 5491 3005 5547 de
3027 5491 3226 5547 arbore
3255 5491 3512 5545 scientiae.
3542 5491 3649 5546 Sed

2075 5584 2188 5654 jam
2242 5581 2297 5637 in
2338 5582 2777 5652 disquisitionem
2812 5584 2995 5650 venit,
3034 5592 3165 5654 quot
3215 5582 3391 5639 modis
3436 5583 3649 5640 dicatur

2154 5763 2196 5794 "
2232 5759 2420 5817 I'I'im.
2461 5779 2511 5827 v,
2572 5761 2653 5815 I5.
