4094 6156
448 365 546 430 531

449 488 584 557 legis
615 482 961 546 votahulum,
990 489 1044 534 et
1072 479 1356 548 cuiusnam
1395 472 1610 543 generis
1642 473 1727 524 lex
1765 474 2024 539 imperata
2056 466 2097 521 Α

450 581 615 634 fuerit
663 577 901 638 Adamn,
942 572 1174 641 denique
1212 585 1309 623 cur
1342 569 1504 621 ullam
1557 568 1631 619 illi
1667 565 1807 621 Deus
1852 562 2020 631 legem

448 670 721 728 statuerit.
751 667 993 722 Dicimus
1023 666 1185 733 igitur
1218 664 1386 732 legem
1420 661 1635 715 duobus
1672 656 1777 711 dici
1809 651 1984 708 modis
2007 693 2021 716 ,

452 761 869 824 universaliter,
899 768 953 813 et
991 758 1390 828 particulariter
1425 774 1436 807 :
1473 752 1621 807 verbi
1673 748 1870 821 gratia,
1901 746 2023 798 uui-

450 853 681 910 versalis
726 855 808 908 lex
854 861 936 907 est
995 849 1236 920 cognitio
1272 848 1359 902 illa
1411 846 1669 901 naturalis
1700 857 1820 913 qua:
1868 837 2025 893 nobis

454 949 620 1004 insita
646 958 769 1012 est,
803 957 857 1000 et
894 945 973 1001 vis
1022 946 1221 1015 ingenii
1254 958 1358 1013 qua
1392 942 1701 1011 iudicamus
1746 932 1952 993 bonum
1994 949 2024 987 a

453 1040 599 1096 malo
635 1058 647 1095 :
679 1054 799 1093 eam
840 1038 985 1091 enim
1023 1020 1217 1091 indidit
1261 1035 1403 1090 Deus
1450 1034 1696 1086 omnium
1746 1029 2023 1083 hominum

452 1131 674 1196 animis,
710 1130 942 1184 laudans
970 1129 1137 1196 ipsos,
1177 1129 1223 1183 si
1257 1128 1400 1198 quod
1434 1128 1637 1181 bonum
1666 1134 1749 1179 est
1798 1122 1852 1178 id
1892 1135 2027 1192 0pc-

452 1236 667 1289 rentur,
696 1233 746 1277 et
776 1224 1019 1278 vicissim
1049 1222 1276 1291 culpans
1321 1223 1696 1285 damnatisque
1730 1216 1775 1272 si
1823 1215 2025 1269 malum

452 1322 691 1385 patrent,
723 1314 1077 1385 quantumvis
1104 1313 1316 1367 occulte
1345 1328 1405 1365 ea
1438 1319 1782 1379 peragautur.
1812 1305 1945 1361 Nam
1973 1314 2027 1359 et

452 1410 507 1461 itt
558 1405 821 1476 gentium,
855 1414 913 1459 ut
937 1404 1012 1459 ait
1048 1403 1271 1470 Paulus,
1314 1402 1557 1455 cordibus
1591 1400 1787 1468 scripta
1813 1398 1895 1451 (ea:
1925 1404 2026 1458 est,

452 1506 503 1553 et
524 1506 604 1553 est
628 1498 757 1566 ipsis
787 1513 886 1551 sua
914 1498 1234 1551 conscieuna
1266 1497 1413 1548 testis
1435 1494 1502 1556 ⁷³,
1525 1503 1630 1547 etc.
1662 1492 1790 1561 Ejus
1814 1490 2030 1559 generis

451 1596 538 1643 est
564 1587 695 1642 illttd
730 1586 943 1641 Domini
980 1588 1182 1643 dictum
1211 1605 1224 1640 :
1260 1586 1414 1641 Sicut
1442 1585 1598 1639 vultis
1622 1567 1709 1638 vos
1737 1594 1791 1636 ut
1831 1582 2028 1652 faciant

450 1678 595 1734 vobis
625 1676 884 1742 homines,
911 1679 987 1733 sic
1020 1678 1182 1748 facile
1212 1676 1369 1730 etiam
1402 1692 1490 1729 vos
1520 1675 1651 1739 ipsis
1674 1672 1744 1727 ⁷³.
1784 1671 2030 1725 Particu~

440 1772 587 1853 laris
619 1773 702 1827 lex
746 1782 926 1827 autem
961 1783 1065 1837 est,
1103 1771 1284 1842 qualis
1312 1785 1373 1824 ea
1410 1784 1574 1839 quam
1615 1768 1755 1822 Deus
1786 1764 2031 1834 praescri—

454 1859 623 1921 behat
655 1867 789 1937 ipsis
820 1865 1105 1921 Noachitis
1128 1908 1143 1932 ,
1187 1880 1255 1919 ne
1285 1871 1635 1919 vescerentur
1669 1860 1939 1929 sanguine
1963 1858 2032 1923 7°;

454 1962 585 2015 item
620 1961 801 2030 qualis
849 1961 1102 2030 imposita
1132 1968 1252 2013 erat
1300 1956 1614 2012 Judatorum
1648 1952 1941 2013 Nazaraeis,
1971 1952 2039 2007 de

455 2066 563 2105 non
630 2050 862 2105 bibendo
912 2052 1063 2113 vino,
1096 2058 1189 2104 aut
1222 2049 1420 2111 sicera,
1474 2062 1652 2116 neque
1698 2044 2038 2100 admovenda

452 2146 619 2215 capiti
655 2144 921 2199 novacula
940 2143 1024 2209 ",
1059 2143 1251 2213 quales
1283 2142 1519 2213 denique
1556 2140 1869 2196 Judaeorum
1924 2148 2035 2194 sta-

453 2245 586 2291 tuta:
610 2235 759 2291 fuere
785 2234 1182 2299 sacerdotibus,
1211 2234 1279 2291 de
1314 2234 1508 2297 rebus,
1539 2233 1661 2288 aliis
1704 2231 2040 2295 omittendis,

457 2331 583 2386 aliis
646 2327 893 2399 agendis.
940 2326 1080 2385 Cum
1133 2324 1297 2397 igitur
1351 2325 1484 2396 legis
1522 2324 1790 2379 vocabulo
1823 2323 2042 2380 duobus

458 2429 677 2474 utamur
718 2417 897 2473 modis
920 2458 936 2483 ,
971 2424 1027 2472 et
1070 2414 1495 2487 particulariter,
1531 2423 1583 2467 et
1638 2414 2041 2477 universaliter,

456 2509 850 2582 respondemus
903 2509 971 2565 ad
1009 2510 1235 2565 alteram
1275 2508 1654 2577 quaestionem,
1709 2522 1816 2561 non
1869 2505 2042 2561 fuisse

456 2607 631 2677 legem
661 2604 1028 2659 universalem
1078 2604 1171 2658 sed
1220 2601 1603 2671 particularem
1636 2599 1815 2666 illam;
1849 2616 1916 2653 ne
1941 2604 2064 2669 gu-'

457 2706 628 2754 staret
653 2698 719 2752 de
742 2697 938 2751 arbore
967 2694 1242 2759 scientiae;
1268 2693 1371 2749 soli
1401 2693 1547 2747 enim
1579 2691 1788 2746 Adamn
1818 2691 2047 2759 ejusque

461 2784 679 2861 conjugi
717 2804 837 2843 eam
886 2790 1250 2858 imperaverat
1275 2784 1420 2839 Deus
1456 2799 1562 2838 non
1598 2784 1760 2838 etiam
1789 2782 2046 2837 universo

458 2882 646 2952 generi
687 2881 949 2936 humano.
1001 2878 1119 2934 Jam
1157 2884 1406 2944 superest
1453 2884 1512 2929 ut
1538 2884 1593 2930 et
1640 2878 1741 2929 hoc
1771 2874 2045 2942 disquire-

463 2984 608 3034 tnus,
643 2985 746 3039 qua
793 2969 862 3023 de
915 2983 1079 3022 causa
1131 2965 1345 3021 dederit
1399 2966 1541 3021 Deus
1592 2966 1800 3020 Adamn
1850 2965 2045 3034 legem.

460 3061 759 3119 Ccnsemus
805 3068 911 3114 aut.
935 3075 985 3113 m
1020 3061 1091 3114 ob
1124 3060 1259 3114 bene
1295 3058 1494 3113 multas
1527 3074 1723 3113 causas
1759 3058 1809 3112 id
1841 3055 2045 3115 factum

1717 350 1946 414 MOSKS
1988 346 2143 408 ΒΑΗ
2183 345 2428 407 (ΣΕΡΙΙᾹ

3599 309 3701 375 532

2126 477 2248 531 qua:
2298 462 2510 515 ratione
2561 460 2795 514 vacant,
2836 445 3258 515 haudquaquam
3294 445 3377 492 est
3423 444 3697 531 concessa.

2128 521 2409 603 llos'rctno
2436 547 2507 601 ob
2533 547 2633 599 hoc
2665 556 2878 613 quoque
2910 542 3015 591 lata
3048 542 3133 589 est
3162 531 3374 584 Adamn
3402 526 3482 578 les
3516 539 3546 575 a
3575 521 3701 581 Deo,

2128 652 2187 695 ut
2223 641 2309 694 ille
2336 641 2499 694 sciret
2537 649 2701 705 atque
2737 632 3083 699 intelligeret,
3117 622 3348 679 alterum
3378 618 3489 672 Deo
3515 629 3709 683 super—

2125 748 2249 789 esse
2307 732 2566 788 san-nium
2636 731 2689 782 iu
2753 740 2863 793 quo
2944 723 3170 791 dignum
3246 716 3478 784 pretium
3539 707 3709 761 solvet

2130 826 2374 890 utrisque
2398 835 2450 875 et
2477 824 2542 875 iis
2570 820 2662 889 qui
2688 820 2987 871 observant
3010 821 3066 867 et
3095 811 3161 864 iis
3188 808 3281 876 qui
3314 804 3516 858 violant
3538 800 3707 867 leges.

2130 912 2235 968 Sed
2272 919 2505 983 pergunt
2551 902 2795 980 quaerere
2834 901 3082 960 nonnulli
3117 897 3346 953 ulterius
3368 935 3383 955 ,
3406 906 3509 947 cur
3538 890 3710 956 legem

2129 1006 2316 1061 tulerit
2340 1003 2484 1061 Deus
2511 1003 2723 1058 Adamn
2746 1013 2912 1070 quam
2938 993 3219 1065 praesciret
3248 992 3429 1059 ipsum
3453 998 3560 1038 nou
3591 994 3715 1035 esse

2129 1100 2568 1155 observaturum.
2599 1095 2675 1148 Ad
2700 1093 2804 1148 hoc
2828 1090 3004 1161 primo
3027 1085 3420 1153 respondemus
3445 1090 3554 1132 non
3593 1072 3715 1128 ideo

2128 1190 2468 1246 conditorem
2528 1188 2692 1242 Deum
2745 1186 2916 1252 legem
2964 1180 3176 1236 Adamn
3223 1172 3605 1245 imperavisse,
3657 1176 3717 1219 ut

2130 1296 2250 1336 eam
2300 1282 2651 1342 observaret,
2707 1290 2885 1347 neque
2943 1288 3161 1335 rursus,
3198 1278 3254 1323 ut
3308 1266 3539 1321 violaret
3589 1260 3720 1331 (quo

2131 1384 2314 1432 vestra
2342 1377 2455 1430 haec
2484 1372 2717 1444 quaestio
2744 1377 2958 1441 spectat
2985 1380 3111 1421 cum
3139 1362 3325 1417 dicitis
3356 1379 3370 1413 :
3397 1357 3531 1417 Cur,
3555 1367 3721 1424 quam

2133 1469 2412 1541 prasciret
2439 1469 2591 1523 illdm
2627 1467 2799 1536 legem
2836 1477 2945 1517 non
2978 1459 3314 1530 praestitum,
3353 1445 3721 1522 praceperit),

2132 1562 2227 1619 sed
2255 1576 2351 1617 eas
2394 1561 2466 1616 ob
2498 1570 2697 1613 causas
2746 1570 2886 1628 quas
2926 1568 3099 1623 nuper
3142 1542 3719 1605 commemoravimus.

2133 1655 2346 1726 Quippe
2394 1653 2540 1707 aliud
2598 1660 2681 1705 est
2721 1651 3055 1711 observare,
3106 1642 3253 1699 aliud
3287 1654 3395 1694 non
3432 1638 3726 1690 observare

2136 1750 2329 1819 legem,
2392 1758 2446 1801 et
2482 1743 2628 1798 aliud
2673 1742 2813 1799 scire
2858 1755 2918 1797 se
2954 1737 3159 1793 habere
3193 1744 3518 1793 creatorem,
3559 1736 3730 1793 seuue

2065 1819 2106 1874 Β
2138 1856 2261 1899 esse
2287 1846 2530 1894 creatum
2568 1840 2624 1890 et
2652 1833 2936 1907 praditum
2972 1829 3187 1886 arbitrii
3219 1828 3490 1885 libertate,
3530 1819 3727 1888 huius-

2141 1948 2249 2004 que
2279 1931 2495 2004 generis
2521 1937 2719 1984 caetera
2749 1938 3107 1997 cognoscere.
3147 1921 3414 1976 Praeterea
3446 1914 3684 1969 dicimus
3710 1929 3727 1965 :

2144 2026 2297 2082 Sicut
2336 2022 2610 2094 przcseivit
2639 2022 2791 2076 illum
2826 2033 2934 2075 non
2967 2016 3394 2073 observaturum
3427 2010 3620 2077 legem,
3654 2005 3732 2058 ita

2142 2116 2415 2190 praescivit
2451 2128 2674 2185 quoque
2704 2111 2954 2167 futurum
2989 2116 3048 2163 ut
3089 2115 3380 2180 postquam
3433 2102 3608 2169 legem
3641 2095 3735 2151 ille

2142 2188 2533 2264 transilivisset
2558 2214 2613 2261 et
2641 2218 2737 2275 per
2768 2210 3052 2273 peccatum
3084 2198 3399 2259 cecidisset,
3437 2196 3553 2263 ipse
3582 2188 3737 2244 veni-

2143 2312 2247 2363 ret.
2280 2302 2590 2366 redimeret,
2621 2296 2934 2352 sublevaret
2961 2294 3114 2348 illum
3151 2308 3181 2346 a
3216 2305 3347 2344 casu
3377 2283 3605 2357 p-ecati.
3645 2281 3740 2337 lu-

2143 2410 2308 2465 super
2351 2394 2522 2464 legem
2554 2391 2676 2445 ideo
2696 2390 2821 2444 tulit
2850 2387 2977 2459 (etsi
3031 2388 3290 2439 violatam
3330 2383 3394 2435 iri
3447 2395 3554 2432 non
3584 2380 3740 2446 igno-

2147 2491 2314 2559 raret)
2338 2502 2448 2557 quo
2479 2484 2901 2551 intelligeretur,
2932 2481 3109 2549 ipsum
3144 2491 3265 2530 esse
3298 2472 3610 2530 Dominum,
3639 2470 3736 2537 qui

2148 2579 2556 2635 condendarum
2614 2576 2792 2645 legum
2828 2574 3051 2627 haberet
3083 2577 3433 2639 potestatem,
3464 2565 3735 2617 Adamutu

2148 2687 2277 2725 vero
2309 2679 2617 2727 creaturam
2648 2709 2662 2732 ,
2698 2678 2751 2721 et
2779 2681 2907 2721 eum
2939 2664 3031 2734 qui
3067 2662 3265 2716 merito
3297 2660 3511 2727 legibus
3544 2670 3737 2724 parere

2148 2764 2388 2820 deberet.
2425 2762 2693 2817 Pratterea
2727 2775 2841 2830 quo
2872 2765 3151 2813 constaret
3187 2756 3417 2808 liberum
3444 2750 3735 2806 arbitrium

2148 2858 2231 2912 eis
2258 2855 2606 2927 peculiariter
2643 2866 2971 2906 concessum
3008 2864 3132 2903 esse
3182 2846 3345 2901 rebus
3391 2843 3590 2898 creatis
3617 2856 3741 2910 quze

2150 2950 2362 3005 ratione
2392 2949 2618 3018 pollent,
2656 2954 2716 3000 ut
2747 2958 2917 3015 penes
2945 2944 3095 3012 ipsas
3119 2950 3267 2993 esset
3298 2937 3379 2993 vel
3403 2951 3621 2991 servare
3650 2934 3740 2989 vel

2150 3042 2402 3112 frangere
2452 3040 2619 3108 leges.
2659 3037 2740 3092 Ad
2780 3036 2895 3090 haec
2944 3031 3179 3088 ‘sanci‘vit
3228 3030 3402 3100 legem
3453 3026 3595 3081 Deus
3623 3025 3738 3094 iam

461 3173 491 3210 a
540 3155 652 3210 Deo
691 3168 834 3209 esse.
870 3150 1054 3206 Primo
1102 3152 1272 3213 enim,
1324 3159 1384 3205 ut
1433 3149 1600 3205 sciret
1648 3165 1709 3205 se
1756 3148 2046 3203 Dominum
2073 3162 2119 3224 ε
2154 3147 2266 3190 tttm
2298 3133 2593 3205 przeseiens
2616 3131 2861 3186 futurum
2891 3137 2951 3182 ut
2978 3128 3298 3191 violaretur,
3348 3136 3461 3192 quo
3488 3136 3549 3174 ea
3578 3120 3743 3172 obse-

460 3245 908 3310 conditoremque
951 3240 1151 3295 habere
1186 3240 1276 3309 qui
1325 3239 1427 3294 sibi
1462 3254 1580 3293 eam
1609 3238 1778 3309 legem
1809 3238 2046 3307 impera-

459 3337 649 3398 visset,
692 3346 813 3387 nam
857 3328 1205 3386 dominorum
1241 3340 1326 3384 est
1361 3329 1506 3397 leges
1544 3328 1795 3392 sancire,
1852 3328 2049 3382 deinde

462 3436 525 3483 ut
573 3441 635 3482 se
664 3432 907 3479 creatum
939 3422 1303 3491 ell‘ectumque
1335 3428 1656 3490 agnosceret
1690 3433 1703 3470 :
1733 3417 1930 3487 quippe
1964 3417 2045 3472 lex

466 3517 736 3573 creaturis
765 3526 931 3582 atque
976 3512 1186 3568 cﬂ'ectis
1219 3512 1383 3567 statui
1429 3512 1586 3576 solet,
1628 3519 1685 3565 ut
1716 3510 1794 3564 ait
1831 3509 1998 3564 David
2030 3526 2044 3561 :

463 3608 657 3667 Statue
686 3607 816 3677 ipsis
848 3605 1227 3675 legislatorcm,
1255 3612 1313 3657 ut
1339 3603 1509 3657 sciant
1536 3612 1713 3673 gentes
1736 3617 1788 3655 se
1811 3599 2047 3654 homines

461 3720 576 3759 esse
589 3703 684 3759 η’.
713 3700 791 3755 Ad
825 3700 950 3765 hoc,
975 3706 1035 3753 ut
1066 3697 1392 3765 intelligeret
1426 3695 1724 3750 libertatem
1752 3694 1853 3747 sibi
1879 3692 2051 3747 facul-

463 3802 744 3865 tatemque
784 3789 997 3845 arbitrii
1043 3803 1076 3843 a
1122 3784 1233 3842 Deo
1279 3786 1462 3842 datam
1496 3800 1620 3842 esse
1662 3800 1785 3840 cum
1833 3785 1902 3839 ab
1954 3785 2049 3838 illo

462 3885 832 3950 conderetur;
885 3896 1062 3952 neque
1113 3882 1257 3935 enim
1323 3881 1493 3950 legem
1548 3878 1648 3949 ipsi
1698 3877 2050 3946 imposuisset

462 3973 849 4047 particularem
884 3984 938 4029 et
973 3987 1095 4043 qua:
1122 3987 1186 4027 ex
1219 3971 1497 4026 voluntate
1550 3969 1828 4039 penderet,
1876 3983 1944 4022 ne
1984 3966 2051 4022 de

465 4068 667 4123 arbore
703 4066 889 4121 ederet
933 4062 1175 4119 scientia:
1199 4106 1214 4130 ,
1243 4061 1345 4117 nisi
1377 4070 1503 4116 ante
1534 4059 1785 4114 libertate
1816 4066 2052 4126 potesta-

468 4161 633 4230 teqire
676 4157 887 4213 arbitrii
920 4156 1121 4228 proprii
1146 4154 1324 4225 ipsum
1376 4154 1652 4215 donasset,
1684 4167 1787 4219 qua
1821 4150 1866 4205 si
1897 4149 2054 4203 vellet

468 4255 787 4309 observaret
812 4249 1005 4319 legem,
1040 4248 1126 4302 sin
1156 4248 1317 4302 nollet
1340 4286 1355 4309 ,
1391 4261 1498 4300 non
1529 4246 1867 4315 observaret.
1907 4242 2050 4297 Prat—

468 4355 620 4401 terea
654 4344 824 4411 legem
859 4340 981 4397 ideo
1010 4341 1192 4412 posuit
1220 4338 1429 4394 Adamn
1454 4336 1617 4401 Deus,
1657 4348 1715 4391 ut
1744 4337 1917 4391 libero
1964 4336 2051 4403 ip-

471 4437 592 4493 sius
629 4434 857 4492 arbitrio
887 4443 1034 4490 esset
1076 4434 1331 4489 materies
1376 4440 1431 4486 et
1462 4431 1625 4487 veluti
1654 4431 1902 4485 clibanus
1946 4446 2054 4499 quo

2152 3227 2333 3299 qulosi
2366 3242 2395 3281 a
2434 3225 2729 3283 rebellibus
2758 3220 3197 3279 secernerentnr,
3233 3215 3508 3284 amicique
3538 3213 3606 3266 ab
3637 3212 3741 3265 ho-

2150 3322 2419 3385 stlbus,et
2443 3318 2620 3391 legum
2649 3316 2884 3373 cultores
2916 3328 2946 3367 a
2982 3310 3526 3383 prtevaricatoribus,
3568 3315 3735 3375 atque

2150 3427 2276 3468 cum
2325 3411 2547 3467 illorum
2574 3411 2749 3464 virtus
2770 3448 2785 3471 ,
2823 3418 2937 3461 tum
2971 3406 3166 3460 borum
3204 3401 3476 3456 vitiositas
3506 3396 3740 3453 manife-

2150 3509 2318 3564 staria
2344 3504 2496 3561 iteret
2517 3544 2533 3568 ,
2561 3510 3103 3571 cognoscereturque
3133 3516 3147 3551 :
3182 3495 3394 3551 sublata
3428 3493 3573 3545 enim
3599 3491 3737 3559 lege,

2152 3598 2363 3655 ttullum
2416 3598 2560 3652 inter
2609 3602 2878 3661 utrosque
2927 3588 3224 3645 discrimen
3265 3584 3451 3642 fuerit.
3490 3583 3557 3638 Et
3606 3596 3739 3636 vero

2153 3694 2293 3749 hanc
2320 3691 2485 3747 etiam
2514 3688 2586 3745 ob
2616 3702 2729 3744 rem
2764 3688 2870 3741 lata
2907 3702 2936 3739 a
2964 3683 3073 3738 Deo
3099 3684 3181 3738 lex
3213 3690 3321 3745 est,
3350 3695 3518 3750 quam
3554 3685 3740 3730 tamen

2152 3774 2260 3839 nun
2283 3782 2561 3841 nesciebat
2586 3780 3097 3841 transiliendam,ue
3119 3787 3178 3831 ut
3200 3774 3539 3830 nesciremus
3560 3772 3739 3842 ipsum

2154 3878 2347 3932 merito
2376 3877 2497 3947 jure
2546 3875 2612 3930 iis
2650 3876 2745 3945 qui
2789 3872 2891 3939 legi
2942 3878 3193 3940 parerent
3250 3868 3550 3924 retribuere
3599 3860 3740 3914 deli-

2152 3968 2266 4022 cias
2297 3966 2486 4021 mundi
2513 4007 2527 4031 ,
2558 3974 2858 4032 contraque
2892 3961 3190 4017 rebellibus
3216 3970 3495 4013 aerumnas
3526 3950 3737 4008 mundi.

2154 4059 2428 4115 Praeterea
2480 4066 2541 4111 ut
2593 4056 2628 4111 ii
2658 4046 2751 4127 qui
2804 4056 3013 4109 ratione
3067 4059 3321 4114 utuntur,
3374 4047 3740 4117 intelligerent

2154 4148 2301 4221 quod
2333 4149 2500 4203 alium
2534 4148 2625 4202 ille
2660 4145 2857 4202 habeat
2905 4142 3170 4199 mundum
3224 4142 3279 4198 in
3314 4156 3425 4213 quo
3463 4137 3652 4192 merita
3684 4138 3740 4191 in

2157 4257 2434 4315 quemque
2459 4240 2701 4295 conferet
2719 4236 2968 4309 prtemia.
3001 4236 3245 4304 Denique
3268 4249 3377 4288 non
3405 4231 3509 4286 alia
3533 4231 3746 4286 ratione

2157 4312 2491 4404 prescripsit
2557 4330 2707 4386 Illam
2762 4328 2975 4385 Adamn
3030 4327 3250 4397 legem,
3307 4342 3475 4395 quam
3535 4312 3747 4380 Sciebat

2158 4429 2335 4499 ipsum
2367 4439 2839 4496 transgressurum
2866 4463 2883 4486 .
2916 4432 3082 4492 atque
3121 4429 3246 4489 post
3296 4418 3421 4474 aliis
3499 4416 3746 4471 mortali-

474 4526 800 4601 probaretur
825 4566 841 4591 ,
891 4523 1036 4580 sicut
1087 4524 1165 4579 ait
1217 4522 1515 4593 Gregorius
1563 4521 1869 4593 Thcologus
1896 4520 2006 4593 (l7)
2035 4537 2050 4575 :
2085 4505 2130 4561 ί)
2160 4522 2261 4575 bus
2290 4522 2417 4577 ﬁdei
2453 4520 2623 4594 leges,
2656 4535 2763 4575 non
2798 4517 3020 4575 nescius
3074 4513 3345 4586 plurimos
3392 4510 3509 4566 fore
3560 4511 3741 4564 incre-

476 4620 634 4677 Dedit
675 4617 975 4692 (inquiens)
1011 4618 1184 4688 legem
1210 4658 1229 4682 ,
1264 4615 1546 4671 materiem
1592 4614 1763 4669 libero
1799 4614 2048 4668 arbitrio.

472 4702 632 4768 Sicut
688 4711 835 4767 enim
876 4724 973 4783 per
1014 4707 1159 4781 ligna
1206 4707 1507 4778 periculum
1557 4704 1617 4759 lit
1651 4705 1717 4759 de
1752 4714 1869 4759 arte
1913 4704 2052 4758 t'abri

471 4805 715 4875 lignarii,
748 4819 819 4860 an
858 4803 1025 4875 probe
1053 4813 1217 4873 atque
1244 4801 1432 4855 exacte
1456 4815 1575 4853 eam
1604 4809 1772 4853 teneat
1797 4839 1811 4863 ,
1848 4813 1914 4851 an
1948 4796 2052 4851 mi-

475 4898 777 4959 nime,itetn
798 4911 891 4963 per
907 4910 1101 4949 aurum
1120 4900 1512 4963 argentumque
1527 4890 1593 4944 de
1612 4889 1873 4944 aurii'abri
1892 4896 2010 4943 arte
2035 4906 2049 4940 :

476 4994 552 5044 ita
601 5005 695 5059 per
746 4988 915 5059 legem
966 4986 1174 5040 Adamn
1227 4984 1581 5038 constitutam
1637 4980 1925 5053 probatum
1970 4987 2058 5035 est

480 5084 652 5152 ipsius
681 5081 912 5136 liberum
940 5079 1253 5143 arbitrium,
1277 5085 1727 5147 compertumque
1750 5074 2055 5130 libertatem

481 5172 653 5243 ipsius
679 5173 962 5228 remissam
1000 5170 1343 5239 solutamque
1371 5184 1494 5224 esse
1526 5183 1589 5221 ac
1619 5167 1791 5236 magis
1825 5179 2061 5237 propen-

480 5262 609 5320 dere
658 5261 727 5319 ad
761 5263 1230 5333 praevaricaudum
1266 5262 1729 5331 peccandumque.
1775 5258 1910 5311 Nam
1960 5273 2057 5310 va-

482 5358 680 5415 luisset
735 5356 955 5424 quidem
1007 5356 1300 5412 obscrvare
1355 5353 1549 5422 legem,
1606 5361 1661 5406 et
1709 5360 1891 5405 tamen
1949 5363 2057 5404 nou

482 5441 811 5510 observavit,
842 5447 1020 5518 qualis
1047 5461 1178 5501 sane
1210 5445 1440 5499 facultas
1482 5445 1657 5499 brutis
1686 5441 2057 5498 animantibus

552 5626 599 5658 "
654 5634 811 5685 ilout.
851 5641 915 5692 tt,
950 5626 1037 5681 15.
1112 5626 1159 5657 ⁷⁵
1186 5622 1373 5679 Matth.
1420 5639 1515 5688 vtt,
1550 5619 1638 5680 t2.

553 5804 666 5877 (l7)
696 5802 958 5863 Oratione
989 5802 1042 5859 in
1071 5800 1248 5859 Natali
1272 5799 1499 5857 Christi.

1713 5620 1760 5655 "
1812 5620 1948 5677 Gen.
1987 5626 2063 5687 ut,
2098 5618 2151 5674 4.
2225 5618 2271 5653 ’⁸
2302 5616 2461 5674 Num.
2495 5632 2572 5682 vt,
2615 5615 2670 5672 2.

2162 4614 2351 4669 dulos.

2231 4703 2341 4760 Cur
2375 4704 2464 4764 Ira:
2487 4704 2833 4775 particularis
2858 4709 3055 4770 prmter
3078 4696 3382 4753 naturalem
3411 4692 3619 4749 Adamn
3645 4708 3742 4762 po-

2161 4803 2268 4856 sita
2316 4804 2404 4857 sit.
2429 4830 2500 4842 —
2538 4796 2785 4852 Ulterius
2812 4800 3086 4865 quarunt,
3119 4804 3247 4845 cum
3298 4795 3448 4841 esset
3496 4785 3742 4839 Adamus

2159 4890 2395 4946 naturali
2429 4890 2547 4957 lege
2575 4885 2905 4941 informatus
2929 4895 3052 4952 qua:
3084 4880 3140 4932 in
3168 4876 3520 4933 causcientiar
3536 4873 3743 4944 judicio

2164 4983 2340 5053 posita
2369 4990 2453 5037 est
2498 4979 2706 5035 bonum
2734 5017 2749 5039 ,
2778 4993 2811 5031 ι
2834 4975 2979 5029 malo
3013 4972 3408 5040 distinguente,
3450 4982 3549 5020 cur
3601 4967 3740 5019 haue

2163 5075 2390 5129 alteram
2423 5070 2808 5141 particularem
2836 5068 3000 5121 etiam
3044 5063 3186 5117 Deus
3238 5062 3337 5131 ipsi
3371 5057 3737 5127 imperaverit.

2161 5182 2229 5219 ne
2258 5165 2441 5220 ederet
2469 5164 2536 5217 de
2564 5161 2759 5216 arbore
2787 5154 3069 5213 scientiae?
3110 5152 3209 5208 llic
3242 5149 3657 5217 respondemus,
3687 5143 3739 5198 id

2161 5257 2365 5312 factum
2396 5268 2523 5311 esse
2558 5266 2669 5323 quo
2714 5248 2981 5305 illustrior
3025 5256 3174 5301 esset
3219 5243 3429 5298 beatitas
3470 5236 3743 5293 Creatoris

2159 5348 2376 5413 Adami,
2426 5354 2490 5402 ut
2532 5344 2626 5415 qui
2681 5357 2792 5397 non
2844 5340 2971 5393 sivit
3021 5338 3201 5409 ipsum
3241 5335 3408 5388 rebus
3441 5326 3739 5401 majoribus

2162 5440 2405 5493 animum
2458 5451 2621 5495 suum
2673 5446 2941 5503 occupare
2970 5447 2987 5487 :
3020 5428 3212 5483 deinde
3261 5441 3328 5480 ne
3362 5440 3455 5495 per
3499 5430 3738 5477 errorem

2752 5613 2816 5646 ⁷⁸⁸
2848 5610 2990 5669 Psal.
3037 5625 3109 5675 ιι,
3151 5607 3239 5661 ἂι.
