4094 6156
414 277 521 338 533

411 502 562 544 ιιιιιιι,
596 499 774 553 neque
824 502 989 555 supra
1031 502 1089 541 se
1132 489 1411 542 dominum
1444 490 1611 543 alium
1652 506 1795 545 esse.
1830 489 1989 554 Nam.

414 578 558 632 ιρι-ιιι
594 581 789 648 gratia,
824 593 947 634 cum
986 583 1465 637 animadvertisset
1532 584 1716 638 nnmia
1751 584 1839 638 illa
1870 601 1991 653 qua:

413 670 516 724 sub
546 681 831 741 aspectum
864 673 1066 727 cadunt
1100 691 1199 728 sua
1233 690 1399 730 causa
1428 692 1549 730 csSc
1580 677 1768 731 ell‘erta
1796 694 1825 730 a
1863 677 1992 737 Deo.

408 777 579 828 s-que
614 764 855 817 naturali
889 766 1173 833 pratilitum
1226 770 1293 819 ab
1336 766 1430 821 illo
1458 769 1798 837 togiiitioue.
1831 778 1993 838 atque

411 869 577 908 nume
623 870 802 926 genus
850 857 1075 911 (lviii-ias
1122 860 1227 911 sibi
1261 859 1466 929 absque
1510 862 1619 914 ullo
1655 861 1884 915 molesto
1918 861 1994 913 lu-

414 943 550 999 bore
580 944 635 1000 in
666 960 923 1018 promptu
946 965 1094 1012 esse.
1124 951 1362 1020 denique
1392 967 1475 1004 res
1502 953 1862 1019 aspertahiles
1889 952 1993 1007 sibi

414 1036 718 1093 servientes
751 1040 907 1105 quasi
941 1040 1190 1103 ancillas.
1220 1051 1294 1103 et.
1333 1052 1388 1096 ut
1438 1043 1603 1095 si-nu-l
1638 1044 1839 1103 dicam.
1870 1059 1993 1094 cum

413 1126 647 1185 vidisset
692 1130 878 1185 omnia
931 1132 1020 1184 illa
1061 1131 1202 1186 bona
1235 1135 1438 1203 quibus
1493 1137 1699 1203 absque
1748 1133 1996 1187 molestia

413 1231 512 1276 aut
543 1236 674 1276 rura
706 1223 1083 1279 oblectabatur
1115 1241 1130 1280 :
1162 1224 1321 1281 facile
1356 1228 1527 1293 ipsius
1557 1228 1775 1281 animus
1804 1242 1869 1280 ex
1912 1226 1996 1282 his

418 1314 581 1371 rebus
626 1329 724 1386 per
784 1322 1151 1387 a'rngantiam
1198 1320 1698 1389 conﬁdentiamque
1752 1329 2000 1375 initiatus

419 1409 523 1463 sibi
576 1412 939 1477 persuasisset
968 1453 982 1474 ,
1019 1428 1107 1465 res
1138 1428 1329 1467 omnes
1354 1428 1477 1482 qtne
1516 1413 1750 1468 conditae
1790 1422 1999 1478 essent.

416 1501 483 1556 ad
559 1517 621 1559 se
678 1514 964 1573 spectare.
1022 1520 1198 1576 neque
1254 1506 1400 1560 alius
1453 1506 1819 1562 dominationi
1879 1518 2001 1561 esse

418 1593 700 1665 subjectus
728 1613 742 1647 :
776 1596 881 1650 nisi
913 1596 1053 1649 hanc
1087 1597 1315 1651 alteram
1344 1613 1374 1652 a
1410 1597 1519 1650 Deo
1549 1598 1720 1663 legem
1752 1598 2001 1668 θυι-βρίδ-

418 1692 543 1751 set.
571 1685 640 1741 de
685 1701 791 1739 non
822 1688 1095 1756 gustanda
1136 1688 1335 1742 arbore
1357 1727 1373 1750 .
1420 1705 1542 1758 qum
1579 1700 1840 1758 perpetuo
1870 1688 2002 1758 ipsis

1561 281 1660 342 DE
1704 279 2103 342 P.~\RADlSO.
2145 305 2212 319 ·-
2253 281 2452 343 PARS
2492 282 2539 342 I.

411 390 497 443 ille
532 394 886 451 existimaret.
926 407 991 446 se
1018 409 1200 447 iurum
1249 393 1590 449 conditarum
1628 412 1753 449 esse
1810 396 1985 449 dumi-
2015 407 2058 463 Α
2090 395 2359 468 agendum
2422 394 2877 451 omittendumve.

3559 284 3667 349 53l

2964 396 3044 451 Ad
3122 412 3243 452 eam
3325 399 3663 467 questionem

2091 489 2535 561 respondemus,
2591 505 2710 544 eam
2770 491 3275 562 euncnpiscenti.uu
3341 508 3464 561 qua)
3523 494 3665 547 eirea

2092 582 2273 635 cibum
2339 591 2591 637 versatur
2650 584 2887 650 primum
2947 596 3068 637 esse
3124 583 3292 637 animi
3364 586 3530 637 nostri
3592 586 3671 636 al-

2092 671 2338 739 lectum.
2414 689 2591 743 eoque
2673 684 2821 728 recte
2886 675 3115 743 primam
3204 677 3383 742 primo
3465 675 3670 727 homini

2093 768 2304 820 Adamn
2360 766 2530 835 legem
2598 765 2668 819 de
2721 764 2812 820 illa
2869 781 2995 820 esse
3055 767 3386 834 impositam.
3449 765 3554 818 Sed
3619 779 3670 817 ιιι

2094 859 2302 911 clarius
2358 855 2554 913 evadat
2600 858 2744 926 quod
2784 858 3045 920 dicimus.
3082 857 3237 911 multi
3268 869 3323 909 et
3375 858 3508 910 varii
3548 868 3675 909 sunt

2093 949 2319 1004 allectus
2341 949 2539 1018 quibus
2598 961 2784 1004 nostra
2817 950 3040 1003 libertas
3077 949 3389 1015 impellitur.
3440 963 3675 1014 quorum

2094 1042 2344 1096 «nmium
2377 1042 2671 1113 ιιι-κείρω.
2698 1052 2747 1097 et
2788 1042 2950 1096 veluti
2983 1040 3134 1095 radix
3168 1052 3252 1097 est
3284 1043 3683 1111 cnticupisern-

2099 1137 2197 1190 tia.
2230 1135 2356 1191 Hzrc
2387 1148 2550 1203 pnrrn
2577 1133 2845 1189 trifariam
2899 1133 3162 1187 dividitur
3211 1151 3224 1186 :
3280 1150 3402 1185 nam
3464 1142 3558 1186 aut
3608 1131 3677 1183 ad

2098 1226 2303 1281 ventris
2348 1225 2643 1295 ingluviem
2670 1225 2929 1296 pertinet.
2974 1234 3072 1279 aut
3098 1224 3165 1277 ad
3211 1240 3373 1294 opum
3425 1224 3683 1292 pecunia-

2097 1332 2330 1389 i‘uinque
2362 1316 2668 1381 avaritiam,
2700 1326 2798 1370 aut
2821 1315 2890 1369 ad
2940 1315 3130 1385 εισι-ιω
3176 1314 3547 1367 ambitimu-m.
3588 1312 3681 1365 "l5

2097 1409 2243 1463 enim
2295 1408 2475 1463 tribus
2529 1406 2877 1464 allectionum
2928 1406 3222 1475 generibus
3276 1405 3684 1474 (Ὀιιψωιιιξιιςιιε

2099 1508 2360 1557 tenentur
2385 1515 2580 1556 omnes
2606 1515 2786 1571 prava:
2819 1497 3145 1569 cupiditates
3177 1515 3191 1549 :
3229 1508 3283 1553 et
3311 1498 3399 1552 his
3458 1499 3689 1552 adortus

2102 1602 2189 1647 cst
2215 1592 2437 1663 quidem
2472 1589 2705 1647 Satanas
2741 1589 3034 1646 Dominum
3080 1598 3330 1644 nostrum
3367 1590 3423 1643 in
3451 1589 3671 1643 deserui

2102 1692 2159 1739 et
2183 1684 2240 1738 in
2272 1683 2435 1748 urbe;
2469 1698 2677 1748 verum.
2713 1681 3027 1738 succubuit.
3056 1680 3323 1737 Caeterum
3359 1679 3569 1735 ventris
3589 1697 3688 1733 ru-

418 1775 715 1833 observata
773 1777 952 1833 oculis
1016 1779 1070 1832 in
1123 1781 1442 1833 memoriam
1500 1789 1847 1848 mentemque
1900 1778 2002 1848 ipsi
2035 1767 2075 1824 Β
2107 1776 2330 1847 piditas.
2400 1775 2627 1845 reliquis
2690 1776 2913 1832 duabus
2964 1775 3255 1832 violentior
3317 1777 3694 1845 dillieiliurquu

420 1878 707 1923 revocaret
731 1870 982 1924 servilem
1020 1870 1392 1939 humilemque
1422 1887 1577 1925 suam
1606 1871 1999 1936 emulitionem.

422 1974 591 2026 seque
629 1959 832 2015 habere
862 1960 1151 2015 Dominum
1186 1980 1219 2017 a
1248 1980 1356 2033 quo
1385 1964 1655 2032 ejusmodi
1694 1965 1776 2017 lex
1809 1964 1877 2017 de
1909 1979 2002 2018 ar-

424 2054 555 2109 bore
584 2055 687 2109 sibi
720 2062 865 2109 esset
906 2056 1187 2124 imposita,
1220 2066 1384 2125 atque
1415 2073 1508 2112 eas
1540 2057 1687 2124 ipsas
1720 2065 2003 2113 creaturas

421 2160 546 2214 qua
578 2145 679 2201 sibi
711 2146 975 2212 serviunt.
1008 2148 1075 2201 ad
1107 2149 1257 2201 illum
1310 2165 1472 2202 suum
1532 2159 1780 2217 spectare
1822 2147 2005 2203 Domi-

427 2251 578 2289 num.
639 2232 773 2291 Nam
833 2238 878 2293 si
930 2254 1054 2292 cum
1103 2238 1272 2307 legi-ui
1331 2240 1553 2294 haberet
1590 2239 1914 2303 naturalem.
1949 2250 2005 2295 et

425 2330 649 2399 insuper
679 2330 819 2384 hanc
851 2328 921 2384 de
966 2333 1183 2396 arbore,
1216 2346 1337 2401 qua:
1366 2332 1530 2387 veluti
1581 2332 1823 2402 adjutris
1856 2333 2004 2388 illius

423 2431 593 2483 esset.
617 2431 800 2477 tamen
826 2420 1057 2493 deliquit
1090 2434 1281 2492 suaple
1302 2426 1602 2486 voluntate.
1622 2433 1787 2494 atque
1838 2424 2006 2478 sedn-

424 2521 550 2565 ctus
580 2520 667 2566 est
708 2528 723 2566 :
759 2520 967 2581 quanto
1002 2515 1174 2581 magis
1202 2526 1480 2584 peccasset
1511 2516 1802 2585 lapsusque
1833 2523 2004 2582 esset,

423 2600 471 2656 si
503 2602 618 2658 hac
645 2602 712 2658 de
743 2603 941 2658 arbore
972 2604 1055 2658 lex
1086 2606 1257 2675 posita
1309 2606 1411 2674 ipsi
1460 2620 1570 2659 non
1605 2605 1838 2661 fuisset?
1869 2606 2009 2660 Rur-

427 2709 545 2757 sus.
598 2696 644 2751 si
675 2704 871 2766 praeter
908 2697 1057 2751 illam
1101 2699 1407 2753 naturalem
1462 2697 1636 2769 legem
1680 2715 1790 2753 non
1841 2699 2005 2755 etiam

428 2786 571 2843 hane
631 2786 934 2844 interdictas
988 2791 1205 2845 arboris
1261 2794 1605 2861 accepisset.
1656 2792 2009 2848 niusilassent

430 2881 637 2938 morosi
668 2876 929 2938 homines
950 2924 965 2946 .
1000 2901 1098 2938 cur
1128 2902 1235 2939 non
1270 2886 1511 2939 dedisset
1548 2886 1625 2939 illi
1659 2884 1801 2941 lleus
1836 2886 2008 2957 legem

429 2973 621 3037 aliam.
652 2989 831 3045 eaque
860 2974 1166 3030 subsidium
1196 2977 1473 3031 attulisset
1504 2978 1820 3045 priusquam
1854 2975 2011 3030 labe-

429 3079 580 3126 retur
630 3084 726 3137 per
779 3069 1109 3139 peccatum?
1160 3068 1328 3122 Recte
1388 3070 1556 3141 igitur
1606 3067 1748 3123 Deus
1775 3069 2008 3133 Adamn,

430 3170 725 3229 antequam
756 3174 1003 3232 peccaret
1028 3202 1042 3225 .
1075 3162 1216 3218 hanc
1246 3162 1417 3231 legem
1449 3163 1516 3216 de.
1543 3162 1741 3216 arbore
1770 3162 2012 3217 scientia:

432 3254 713 3325 imposuit.
748 3254 875 3309 licet
916 3262 1187 3323 praterea
1236 3253 1470 3307 naturali
1517 3253 1635 3321 lege
1685 3252 2012 3307 informatus

431 3356 596 3403 esset.
625 3342 767 3413 Quin
806 3345 908 3399 hoc
948 3346 1174 3415 insuper
1228 3329 1383 3399 scire.
1422 3345 1719 3406 convenit.
1749 3358 1855 3397 nnu
1896 3343 2011 3412 jam

434 3451 549 3495 tum
592 3438 881 3508 inquinatn
913 3437 1126 3492 Adamn
1170 3439 1403 3508 positam
1452 3452 1575 3493 esse
1606 3452 1636 3491 a
1672 3436 1782 3489 Deo
1816 3437 2014 3507 legem.

433 3531 528 3585 sed
567 3529 753 3585 adhuc
790 3544 925 3599 puro
956 3529 1238 3601 proboque
1284 3536 1337 3583 et
1368 3528 1528 3582 veluti
1560 3528 1631 3581 ab
1658 3527 1808 3581 omni
1855 3528 2016 3582 vitio-

436 3622 602 3676 sitate
647 3622 961 3691 percolato};
1009 3621 1089 3675 sic
1127 3619 1279 3674 enim
1329 3620 1506 3690 ipsum
1559 3619 1900 3675 condiderat.
1934 3619 2016 3672 Ad

434 3717 549 3771 ha-c
582 3716 717 3770 illud
748 3716 913 3769 etiam
946 3714 1249 3786 quaeritur.
1287 3730 1388 3768 cur
1423 3713 1565 3768 Dens
1600 3713 1807 3768 Adamo
1842 3712 2016 3785 legem

433 3808 498 3861 de
519 3806 717 3863 arbore
744 3804 836 3861 illa
868 3805 1243 3876 imperaverit,
1273 3813 1329 3858 et
1350 3821 1457 3857 non
1485 3806 1553 3859 de
1570 3805 1675 3859 alia
1698 3817 1757 3857 re
1789 3802 2015 3873 quavis.

425 3899 847 3969 Respondemus
865 3906 1051 3955 autem
1078 3916 1093 3953 :
1115 3897 1238 3965 Quo
1258 3909 1682 3966 cognosceretur
1698 3896 1846 3951 illius
1863 3909 2021 3950 amor

435 4007 561 4062 erga
610 4008 772 4047 suum
820 4000 1105 4063 parentem
1138 3988 1332 4044 Deum.
1383 3988 1579 4045 Omnis
1614 3988 1760 4044 enim
1811 3988 1896 4043 lex
1934 3986 2018 4042 vel

437 4084 505 4139 ad
558 4098 800 4138 amorem
856 4084 911 4137 in
962 4082 1172 4145 Deum,
1211 4083 1293 4134 vel
1349 4083 1416 4134 ad
1468 4095 1709 4135 amorem
1753 4080 2021 4135 adversus

439 4179 754 4252 proximum
784 4186 993 4243 spectat
1023 4197 1037 4232 :
1077 4178 1189 4246 jam
1218 4193 1348 4231 vero
1390 4177 1523 4231 nulli
1563 4176 1740 4230 adhuc
1770 4176 2023 4233 homines

440 4283 671 4339 usquam
698 4276 853 4322 erant
878 4308 894 4329 .
924 4277 985 4323 ut
1015 4268 1276 4321 mandare
1305 4266 1516 4319 Adamn
1547 4276 1729 4335 posset
1762 4280 1832 4319 ne
1871 4264 2021 4321 occl-

437 4363 611 4424 deret.
642 4374 819 4417 autne
849 4362 1220 4415 committeret
1248 4360 1599 4421 adulterium.
1618 4360 1700 4412 vel
1724 4375 1790 4412 ne
1814 4360 2019 4413 furtum

2106 1867 2430 1923 mortalibus
2462 1867 2775 1923 incumbit:
2814 1868 2962 1938 quod
3000 1867 3080 1923 vel
3114 1868 3244 1924 hinc
3285 1880 3521 1931 constat,
3565 1872 3690 1935 quia

2101 1961 2313 2032 absque
2344 1961 2574 2031 pecunia
2597 1968 2651 2015 et
2689 1962 2861 2030 gloria
2899 1962 3080 2015 vivere
3125 1960 3376 2017 homines
3413 1974 3636 2030 possunt
3678 1979 3690 2012 :

2104 2064 2161 2107 at
2189 2054 2311 2107 sine
2356 2052 2481 2107 cibo
2509 2068 2621 2107 non
2647 2064 2876 2122 possunt
2907 2053 3047 2108 sicut
3084 2053 3226 2121 apud
3246 2050 3538 2110 Jcreniiam
3569 2070 3695 2123 pru-

2105 2145 2322 2215 phetani
2377 2144 2639 2211 scriptum
2693 2155 2874 2199 exstat
2920 2161 2933 2195 :
2990 2142 3258 2198 hederam
3289 2161 3372 2200 res
3400 2159 3526 2199 suas
3571 2162 3696 2214 ντες

2104 2238 2272 2291 tiaras
2307 2253 2408 2306 pro
2456 2236 2597 2299 cibo.
2651 2248 2707 2289 ut
2751 2237 3111 2289 instanrarent
3168 2237 3401 2290 mximam
3447 2239 3693 2290 suum”.

2106 2327 2292 2399 Neque
2323 2329 2470 2384 enim
2492 2330 2784 2382 adversum
2818 2344 2917 2382 nos
2950 2329 3081 2383 l‘acit
3107 2330 3239 2383 illud
3271 2330 3490 2406 Domini
3525 2332 3696 2383 nostri

2105 2422 2358 2475 dictum:
2406 2420 2529 2474 Non
2578 2421 2635 2473 in
2689 2422 2804 2475 solo
2841 2436 2978 2489 pauc
3028 2423 3152 2475 ririt
3210 2423 3366 2476 homo
3406 2423 3471 2476 ⁷⁸.
3530 2422 3698 2494 Igitur

2106 2518 2367 2586 quoniam
2407 2514 2556 2584 gula,
2579 2513 2754 2582 prima
2776 2525 2859 2568 est
2887 2515 2940 2567 in
2957 2516 3115 2569 nobis
3141 2516 3479 2583 perturbatio
3507 2517 3695 2576 animi.

2106 2615 2537 2663 cotiscntaueum
2571 2614 2708 2671 erat.
2759 2615 2824 2659 ut
2848 2607 3034 2676 prima:
3068 2606 3211 2675 legis
3258 2607 3468 2660 Adamn
3520 2609 3699 2676 primo

2109 2699 2320 2755 homini
2354 2697 2593 2753 ferenda:
2650 2708 2797 2753 esset
2840 2699 3079 2753 occasio.
3116 2700 3181 2752 Et
3240 2713 3371 2754 vero
3421 2700 3547 2769 quia
3604 2716 3701 2770 per

2120 2792 2332 2845 ventris
2395 2790 2715 2860 ingluviem.
2776 2790 2993 2860 cibique
3047 2794 3410 2860 appetentiam
3469 2791 3702 2846 Satanas

2112 2884 2381 2939 Azlamnm
2402 2884 2627 2946 vicerat.
2660 2882 2867 2939 idcirco
2890 2894 2945 2939 et
2973 2884 3235 2939 Christus
3255 2884 3381 2937 inde
3413 2888 3699 2940 victoriam

2113 2990 2268 3032 suam
2308 2976 2575 3031 adversus
2600 2975 2756 3029 illum
2782 2976 2839 3029 lu
2872 2975 3091 3030 deserto
3116 2987 3198 3028 cst
3227 2979 3544 3045 auspicatus
3573 2994 3699 3031 cum

2114 3069 2188 3123 illi
2212 3067 2439 3131 diceret.
2466 3075 2641 3123 utest
2661 3069 2804 3138 apud
2836 3069 3021 3122 divum
3046 3067 3351 3124 Matuta:qu
3383 3088 3396 3123 :
3434 3068 3493 3125 Si
3527 3070 3702 3125 Filius

2116 3159 2213 3214 Dei
2236 3176 2315 3226 es.
2343 3159 2509 3214 dicito
2572 3169 2633 3216 st
2695 3160 2898 3229 lapides
2934 3161 3025 3215 isti
3078 3178 3242 3231 pones
3261 3162 3395 3231 [iam
3429 3164 3498 3216 7“.
3532 3165 3705 3219 Porro

2113 3263 2244 3309 sunt
2273 3255 2370 3326 qui
2402 3252 2574 3310 Deum
2604 3255 2852 3326 culpent,
2895 3256 3045 3326 quod
3090 3256 3361 3312 Adamnan
3398 3259 3706 3313 condiderit

2114 3346 2224 3402 cibi
2251 3346 2470 3402 avidum
2517 3363 2584 3402 ac
2618 3362 2917 3405 voraeem:
2957 3359 3011 3404 et
3058 3349 3302 3413 interim,
3351 3352 3464 3420 lege
3496 3352 3624 3414 lata.
3674 3369 3703 3404 a

2115 3440 2241 3495 cibo
2258 3439 2591 3494 cohibuerit.
2627 3440 2733 3496 Sed
2781 3456 2882 3495 nos
2922 3442 2988 3496 ad
3027 3441 3144 3498 hec
3188 3444 3447 3505 dicimus.
3503 3443 3705 3497 nullam

2118 3531 2211 3588 hic
2245 3531 2303 3588 in
2327 3532 2497 3587 Deum
2551 3543 2860 3587 creatorem
2892 3548 3052 3602 posse
3074 3534 3289 3605 culpam
3319 3536 3578 3598 conferri.
3610 3537 3704 3589 sed

2120 3623 2174 3679 in
2197 3621 2377 3694 ipsum
2404 3622 2673 3678 Adamum
2691 3623 3019 3690 iustissime.
3073 3626 3231 3691 cuius
3258 3628 3526 3680 rationem
3546 3628 3670 3680 andi
3693 3646 3705 3677 :

2118 3714 2389 3784 Cupidine
2436 3730 2559 3786 qua:
2592 3724 2676 3771 est
2707 3716 2764 3770 in
2796 3716 2977 3778 nobis.
3006 3726 3093 3771 est
3115 3727 3392 3785 quatenus
3436 3718 3605 3772 libere
3628 3718 3707 3770 uti

2126 3806 2489 3879 permittitur.
2518 3815 2605 3861 est
2634 3807 2801 3862 etiam
2830 3808 2922 3861 ubi
2954 3809 3256 3863 coercenda
3294 3807 3712 3877 eohibendaque

2130 3908 2239 3956 cst.
2270 3896 2348 3951 Ea
2400 3898 2570 3969 igitur
2588 3914 2720 3967 pars
2754 3898 2906 3952 illius
2936 3912 3060 3968 qua
3085 3910 3272 3953 nostro
3298 3899 3419 3953 usui
3445 3898 3711 3967 permissa

2121 3997 2229 4055 est.
2258 3987 2423 4060 culpa
2454 3998 2633 4052 vacat.
2662 4004 2840 4059 neque
2868 3990 2987 4059 lege
3021 3988 3301 4043 inhibetur
3339 4006 3355 4041 :
3392 3988 3571 4056 qualis
3601 3996 3710 4048 est.

2124 4088 2187 4137 ιιι
2216 4079 2468 4144 edamus,
2504 4090 2562 4133 ut
2586 4079 2859 4142 bibamus,
2881 4090 2938 4133 ut
2971 4080 3329 4141 dormiamus.
3355 4091 3515 4147 atque
3544 4078 3709 4146 hujus

2121 4170 2341 4241 generis
2367 4173 2473 4225 alia
2509 4172 2799 4226 iaciamus.
2843 4169 3184 4224 Ilclretiandu
3219 4185 3346 4222 vero
3379 4169 3711 4223 coercenda.

2123 4277 2233 4332 que
2258 4262 2351 4317 illa
2380 4272 2493 4325 est.
2526 4278 2694 4333 quam
2723 4263 2806 4316 les
2838 4271 2987 4317 vetat
3013 4262 3292 4325 exerceri;
3322 4261 3485 4314 veluti
3518 4260 3561 4313 si
3588 4260 3712 4329 quis

2127 4356 2357 4427 gulosus
2386 4356 2481 4417 sit.
2517 4363 2614 4409 aut
2630 4355 2906 4419 ebriosus.
2928 4353 3011 4407 vel
3041 4369 3154 4410 seut
3168 4362 3307 4409 tatur
3327 4362 3380 4406 et
3406 4354 3714 4421 ltttjUattltltll

437 4455 661 4520 faceret,
704 4465 900 4525 ctqua:
927 4464 1057 4507 sunt
1090 4453 1250 4521 hujus
1281 4452 1496 4521 generis
1546 4452 1677 4507 alia.
1718 4451 2099 4543 llliusmiidiu
2123 4446 2249 4501 aliis
2272 4445 2418 4501 vitiis
2447 4446 2687 4501 deditus.
2738 4444 3041 4501 Conﬁcitur
3088 4460 3239 4514 ergo.
3290 4445 3455 4499 lleum
3495 4445 3707 4498 Adamn

437 4548 580 4603 enim
599 4548 889 4618 pra-crpus
906 4546 1092 4600 nullus
1114 4554 1243 4598 tunc
1276 4544 1429 4598 locus
1447 4558 1569 4596 esse
1585 4544 1778 4610 potuit.
1797 4542 2016 4611 quando

439 4638 571 4694 nulli
608 4646 769 4691 erant
798 4636 889 4689 alii
934 4637 1184 4690 homines
1210 4672 1226 4697 .
1260 4634 1489 4701 ideoque
1523 4634 1693 4698 levem
1724 4632 1790 4685 de
1824 4635 2019 4687 arbore

442 4725 668 4791 terebat.
718 4742 828 4793 qua
885 4721 1227 4779 observanda
1264 4725 1440 4792 pietas
1501 4721 1694 4776 Adauii
1756 4722 2019 4778 adversus

440 4834 600 4875 suum
631 4818 982 4873 Conditorem
1013 4826 1425 4885 agnosceretur.

512 4911 619 4965 Cur
673 4910 738 4962 de
795 4909 900 4962 cibi
967 4908 1388 4976 concupiscentia
1461 4907 1543 4960 lex
1590 4906 1794 4959 Adamn
1843 4906 2019 4974 posita

441 5008 529 5057 sit.
556 5034 620 5044 -η-
651 5002 893 5070 [lemque
928 5010 981 5055 et
1008 5000 1141 5055 illud
1171 5002 1309 5053 solet
1333 5000 1526 5067 quani.
1556 5013 1655 5051 cur
1685 4997 1825 5050 Deus
1847 4996 2017 5068 legem

447 5096 655 5150 Adamn
685 5094 1053 5163 imperaverit.
1093 5106 1217 5162 quae
1264 5090 1333 5145 ad
1363 5090 1470 5143 cibi
1510 5088 2015 5152 comupiseeutiam

448 5195 738 5258 spectaret.
772 5201 879 5241 non
913 5185 980 5240 ad
1026 5185 1188 5239 aliam
1236 5198 1350 5237 rem
1382 5182 1719 5252 quampiam.
1746 5179 2020 5235 l’otuisset

444 5282 588 5333 eltllll
623 5278 696 5332 illi
725 5278 831 5332 lata
869 5278 985 5345 lege
1015 5276 1274 5329 mandare
1311 5285 1367 5328 ut
1402 5274 1666 5343 quosdam
1698 5271 2020 5327 nominatim

449 5372 796 5441 proscriptos
824 5368 1185 5436 diesjejunus
1213 5374 1308 5419 aut
1334 5365 1582 5434 precibus
1612 5378 1811 5418 vacans
1838 5374 2020 5420 trans-

451 5463 639 5531 igeret.
676 5461 757 5517 vel
787 5477 855 5517 se
900 5475 1011 5516 uno
1037 5460 1341 5530 eodemque
1394 5460 1511 5512 loco
1547 5472 1641 5523 per
1670 5472 1763 5511 eos
1820 5457 2023 5511 immo-

451 5566 540 5609 tus
593 5554 937 5615 contineret.
991 5560 1086 5606 aut
1138 5549 1455 5620 huiusmodi
1508 5549 1653 5603 aliud
1737 5548 2018 5619 quidpiam

1600 5726 1641 5755 τ’
1681 5724 1813 5780 ibid.
1838 5725 1891 5779 5.

522 5732 563 5765 ’³
599 5726 803 5785 Tbren.
836 5741 875 5794 t.
906 5728 989 5783 ll.
1066 5724 1113 5757 "
1139 5723 1331 5781 Matth.
1361 5738 1435 5790 tv,
1466 5723 1520 5778 ι.

2126 4539 2300 4607 legem
2322 4538 2469 4593 illam
2490 4538 2896 4609 perscripsisse,
2933 4553 3043 4591 non
3077 4546 3136 4592 ut
3166 4553 3394 4607 prorsus
3424 4538 3559 4592 nihil
3587 4539 3715 4591 ede-

2124 4641 2231 4697 ret.
2266 4633 2361 4687 sed
2410 4642 2471 4688 ut
2495 4633 2565 4687 de
2599 4649 2709 4687 una
2727 4634 2818 4689 illa
2859 4634 3060 4688 arbore
3113 4648 3221 4688 non
3264 4633 3471 4698 etlet't‘l.
3500 4631 3635 4685 Nam
3666 4632 3715 4687 si

2125 4725 2274 4780 nulla
2310 4724 2386 4779 illi
2423 4740 2519 4795 per
2559 4740 2679 4779 eain
2713 4726 2884 4795 legem
2921 4739 2982 4779 re
3014 4728 3158 4780 vesci
3188 4725 3456 4784 licuisset.
3488 4725 3715 4794 culpan-

2124 4816 2229 4874 dus
2258 4831 2446 4873 revera
2496 4814 2691 4871 l’uisset
2723 4817 2869 4872 Deus
2923 4816 3225 4888 legislatnr.
3280 4820 3373 4886 qui
3433 4818 3581 4871 illam
3639 4820 3713 4871 ita

2124 4909 2443 4966 condiderat
2474 4917 2535 4962 ut
2580 4907 2790 4961 edendo
2824 4907 2990 4962 vitam
3024 4908 3297 4964 sustinere
3349 4908 3590 4962 deberet.
3645 4908 3715 4962 At

2123 5000 2344 5070 quando
2381 4998 2453 5053 ab
2488 4999 2650 5055 unica
2686 4998 2867 5069 ipsum
2896 4999 3166 5055 duntaxat
3192 5014 3387 5053 arnore
3419 4999 3715 5069 prohibuit.

2124 5104 2305 5161 neque
2337 5090 2389 5145 id
2419 5090 2498 5145 vel
2522 5105 2615 5161 per
2643 5091 2904 5144 invidiam
2931 5090 3011 5143 vel
3039 5105 3138 5160 per
3170 5093 3356 5145 otium
3386 5108 3402 5157 ;
3437 5093 3531 5146 sed
3561 5098 3618 5145 nt
3646 5107 3715 5148 ev

2128 5182 2251 5253 eius
2289 5182 2424 5253 legis
2446 5183 2825 5238 observatione
2853 5197 3077 5238 causam
3109 5184 3331 5240 haberet
3359 5184 3713 5255 permittendi

2128 5274 2325 5330 deinde
2347 5275 2448 5346 ipsi
2483 5284 2701 5346 gustare
2726 5275 2853 5328 vitae
2877 5276 3151 5338 arborem,
3174 5290 3287 5344 quo
3316 5278 3420 5329 vita
3452 5277 3711 5344 deinceps

2130 5363 2237 5421 frui
2282 5364 2614 5436 sempiterna
2668 5374 2898 5435 posset:
2935 5364 3079 5419 haud
3138 5363 3329 5420 insons
3363 5379 3495 5419 sane
3542 5364 3714 5419 videri

2130 5454 2421 5523 illeidebet
2448 5453 2540 5521 qui
2592 5469 2702 5511 non
2738 5455 3014 5511 satiaverit
3044 5469 3199 5510 suam
3251 5455 3601 5525 cupiditatem
3644 5454 3716 5510 ab

2136 5550 2359 5622 reliquis
2389 5548 2711 5615 arboribus;
2744 5562 2916 5618 neque
2945 5547 3156 5604 unicam
3188 5546 3335 5603 illam
3373 5546 3574 5613 vitarit,
3602 5562 3709 5617 qua
