4082 6160
392 323 496 388 535

1660 326 1896 387 MOSIS
1936 324 2086 384 ΒΔΗ
2124 323 2368 386 CEPIIA

3545 313 3649 379 536

391 438 567 490 fuerat
606 437 708 492 sibi
746 439 1111 499 interdictum.
1142 440 1276 497 Nam
1316 451 1374 496 ut
1399 450 1607 497 craterae
1661 455 1851 496 omnes
1876 456 1972 494 ve—

2085 440 2222 492 liene
2251 450 2304 494 et
2335 454 2455 509 qua:
2508 437 2690 492 anima
2721 442 2931 499 carent,
2966 441 3177 488 natura:
3226 429 3429 501 impetu
3488 436 3648 496 atque

389 528 504 579 titm
546 527 796 594 fuissent,
830 530 1055 599 solaque
1098 546 1204 586 una
1261 547 1547 601 concessa,
1598 534 1743 587 nulla
1784 542 1962 587 tamen

390 623 567 689 ipsum
599 621 903 692 subegisset
935 624 1231 678 necessitas
1252 624 1319 679 de
1346 625 1675 696 reliquarqu
1702 640 1808 678 una
1831 640 1966 695 qua-

390 712 533 781 piam
566 724 805 785 gustare,
836 726 1040 785 quanto
1069 717 1252 773 minus
1286 733 1409 772 cum
1436 734 1628 774 omnes
1650 730 1845 788 prseter
1873 733 1966 774 so-

391 806 496 860 lum
523 822 686 860 unam
735 808 1010 877 permissae
1072 818 1272 875 essent,
1326 810 1433 864 ulla
1462 812 1639 880 ipsum
1696 811 1964 879 compulit

390 898 471 952 vis
497 913 618 953 eam
648 915 811 953 unam
850 900 1097 955 arborem
1128 902 1349 957 vetitam
1402 902 1691 971 attingere.
1744 903 1963 959 Certum

388 988 555 1056 igitur
591 1003 653 1041 ex
708 989 792 1042 bis
823 976 1026 1055 evadit,
1067 993 1282 1061 culpam
1333 993 1387 1046 in
1443 992 1649 1048 Adamo
1678 994 1965 1057 inhrercre,

385 1094 496 1131 non
539 1078 592 1131 in
654 1079 826 1147 ipsius
874 1082 1126 1138 cll'ectore
1166 1084 1297 1139 Deo.
1349 1082 1454 1139 Sed
1496 1094 1550 1139 et
1582 1085 1716 1140 illud
1752 1086 1969 1156 disqui-

388 1168 622 1223 rendum
697 1180 780 1226 est
821 1189 837 1229 :
886 1173 1063 1229 soline
1122 1175 1333 1230 Adamo
1383 1177 1554 1246 legem
1620 1177 1969 1245 imperaverit

384 1260 553 1324 licus,
576 1276 644 1315 an
672 1278 796 1316 vero
846 1264 1008 1318 etiam
1036 1264 1248 1320 caeteris
1279 1268 1442 1321 rebus
1471 1266 1600 1320 dum
1642 1267 1787 1337 ipsas
1837 1282 1971 1322 con-

394 1350 571 1416 deret,
628 1367 759 1408 suas
806 1355 1003 1424 cuique
1038 1355 1183 1427 leges
1216 1358 1469 1412 dederit?
1503 1358 1744 1414 Dicimus
1766 1369 1971 1422 autem,

388 1444 645 1501 erunibus
729 1446 893 1502 rebus
978 1463 1108 1504 esse
1196 1450 1401 1519 positas
1466 1450 1615 1517 leges
1681 1470 1695 1506 :
1764 1452 1974 1507 ratione

392 1535 659 1605 prreditis,
685 1548 739 1593 et
771 1539 1000 1595 rationis
1027 1543 1363 1613 expertibus,
1401 1542 1746 1604 mortalibus.
1782 1551 1838 1598 et
1874 1542 1976 1597 im-

392 1629 752 1696 mortalibus;
792 1631 1069 1697 animatis,
1126 1642 1181 1688 et
1231 1633 1579 1703 inanimatis;
1636 1649 1757 1705 quis
1806 1649 1972 1690 sensu

392 1722 792 1789 percipiuntur,
845 1734 901 1779 et
936 1738 1059 1794 qua:
1112 1739 1335 1780 sensum
1398 1741 1616 1781 omnem
1682 1725 1967 1797 cll'ugiunt.

392 1810 553 1877 Nam,
584 1814 755 1883 (verbi
792 1792 1012 1887 gratia),
1044 1817 1255 1888 angelis
1297 1819 1531 1887 primam
1581 1818 1752 1891 legem
1794 1792 1971 1875 dabat
2005 1792 2048 1846 Β

394 1921 519 1960 eum
580 1907 729 1977 ipsos
771 1918 1009 1975 crearet,
1066 1911 1330 1965 adversus
1372 1925 1537 1981 quam
1584 1912 1973 1980 prevaricatur

393 1997 586 2063 Satan,
626 2013 752 2052 cum
784 2000 900 2054 suis
932 2000 1105 2071 copiis
1146 2000 1328 2071 lapsus
1357 2010 1478 2068 est;
1508 2002 1707 2060 deinde
1741 2005 1968 2062 alteram

397 2089 512 2143 illis
543 2104 765 2146 rursum
793 2090 961 2147 dabat
984 2092 1179 2164 legem,
1209 2105 1268 2148 ut
1301 2111 1389 2151 res
1417 2104 1613 2152 natura
1653 2108 1974 2166 corporatas

398 2181 866 2248 administrarent,
912 2194 1079 2256 atque
1130 2186 1245 2242 bare
1286 2187 1546 2244 inferiora
1590 2200 1645 2245 et
1673 2205 1975 2262 cognosce-

398 2283 521 2328 rent
551 2283 606 2328 et
634 2276 1039 2346 gubernarent;
1090 2279 1202 2347 ipsa
1241 2280 1451 2336 scilicet
1474 2290 1681 2337 natura:
1706 2283 1972 2337 elementa

400 2374 456 2421 ει
481 2380 604 2435 quae
640 2382 707 2421 ex
760 2369 1047 2425 elementis
1082 2373 1383 2442 composita
1443 2381 1575 2429 sunt
1615 2388 1867 2443 corpora,
1913 2384 1975 2430 ut

399 2461 477 2513 ait
512 2456 848 2517 Pliilosenus
893 2477 1144 2519 sermone
1179 2463 1247 2518 de
1285 2468 1480 2520 arbore
1516 2465 1658 2521 vitae.
1714 2465 1977 2526 Similiter

403 2559 459 2603 et
492 2551 633 2607 θωῐο
663 2561 716 2607 et
747 2562 907 2609 terra:
937 2554 1107 2625 legem
1146 2556 1353 2627 posuit,
1381 2567 1438 2611 ut
1477 2557 1532 2613 in
1563 2573 1745 2613 rerum
1777 2567 1976 2614 natura

405 2643 781 2711 perdurarent,
816 2654 874 2699 ut
922 2648 998 2701 ait
1024 2646 1189 2702 David
1224 2665 1240 2705 :
1281 2648 1553 2705 Stabilivit
1578 2662 1779 2705 terram
1810 2666 1976 2720 supra

403 2736 579 2801 fulua
609 2753 707 2791 sua
730 2737 799 2792 '°.
832 2739 1047 2795 Rursus
1084 2742 1187 2796 soli
1229 2750 1285 2796 et
1315 2743 1457 2797 luna:
1496 2742 1817 2814 ueterisque
1845 2744 1977 2800 stel-

407 2828 477 2883 lis
504 2844 637 2897 suas
676 2830 1009 2899 praescripsit
1052 2832 1220 2904 leges,
1267 2836 1471 2904 quibus
1516 2844 1699 2890 motus
1728 2838 1975 2905 ipsorum

404 2920 685 2990 sequalitas
743 2924 970 2993 regitur,
1020 2925 1149 2980 dum
1210 2940 1355 2981 nunc
1416 2928 1682 2982 accedunt
1730 2929 1976 2998 propius,

407 3026 554 3065 nunc
584 3015 877 3078 recedunt;
913 3016 1071 3085 juxta
1098 3016 1228 3071 illml
1260 3017 1507 3087 ejusdem
1544 3017 1765 3075 Davidis
1796 3039 1812 3074 :
1848 3020 1980 3074 Sta-

407 3107 507 3158 tuit
548 3106 715 3173 ipsam
760 3108 815 3160 in
835 3109 1089 3162 saculum
1117 3110 1319 3176 δίπαις,
1348 3112 1512 3183 legem
1561 3113 1729 3180 dedit,
1772 3122 1823 3168 et
1877 3130 1978 3168 non

406 3199 699 3265 prmerfbit
728 3199 790 3254 ³¹.
834 3198 1079 3271 Denique
1114 3212 1166 3257 et
1202 3218 1351 3259 mare
1394 3220 1551 3260 suam
1577 3222 1610 3261 ιι
1654 3205 1763 3262 Deo
1808 3206 1977 3277 legem

408 3291 816 3361 acoepit,ipsam
836 3307 1056 3349 arenam
1078 3313 1093 3364 ;
1116 3296 1180 3349 ad
1202 3312 1363 3366 quam
1376 3299 1506 3353 dum
1528 3300 1801 3356 inundans
1821 3310 1985 3369 atque

412 3398 740 3451 procurrens
762 3388 1040 3459 pertingit,
1075 3390 1289 3445 sistitur
1318 3405 1496 3463 neque
1526 3392 1697 3462 ipsam
1728 3395 1982 3462 praeterit.

410 3477 554 3542 Quin
591 3487 645 3533 et
678 3478 885 3545 herbis,
920 3483 1246 3548 seminibus,
1278 3483 1567 3539 arboribus
1614 3483 1699 3538 lex
1726 3483 1856 3540 data
1880 3492 1987 3550 est.

414 3577 472 3620 ιιι
524 3566 811 3637 pullulent,
860 3580 1287 3642 augescantque.
1342 3572 1635 3629 Postremo
1686 3575 1987 3632 animantia

412 3663 597 3716 omnia
627 3678 751 3729 quae
791 3665 1001 3720 ratione
1038 3675 1245 3733 carent,
1276 3667 1515 3736 generali
1543 3668 1645 3725 bac
1670 3666 1787 3738 lege
1812 3667 1988 3723 infor-

414 3755 605 3817 mavit,
639 3764 820 3812 utres
848 3771 1013 3813 sensu
1072 3773 1178 3814 suo
1226 3759 1504 3830 percipere
1545 3769 1602 3815 et
1658 3769 1806 3816 motu
1867 3776 1990 3818 sese

415 3847 623 3916 agitare
658 3857 883 3917 queant.
950 3849 1224 3907 Castorum
1281 3851 1533 3906 leonibus
1587 3853 1991 3923 particulariter

414 3940 700 3997 audaciam
723 3956 825 4010 pro
856 3942 975 4013 lege
1025 3944 1204 4007 dedit;
1263 3943 1565 4011 leporibus,
1606 3946 1989 4014 timiditatem;

410 4030 726 4102 pantheris.
750 4034 1014 4105 unguenti
1046 4048 1327 4095 amorem;
1361 4036 1635 4107 vulpibus,
1669 4036 1991 4094 fraudulen-

415 4126 547 4177 tiam
579 4133 741 4196 atque
769 4126 1073 4193 astutiam;
1108 4128 1285 4197 agnis,
1325 4146 1514 4200 puram
1546 4130 1988 4201 simplicitatem;

418 4217 641 4287 aquilis.
702 4232 901 4274 srevam
955 4220 1340 4291 rapacitatem;
1388 4222 1679 4288 columbis,
1730 4223 1993 4278 innocen-

418 4312 592 4376 tiam;
652 4321 815 4381 atque
868 4312 939 4366 ita
992 4313 1061 4367 dc
1085 4313 1297 4368 eaetcris
1326 4314 1535 4385 legibus
1567 4317 1994 4386 particular-ibus

416 4421 594 4475 quam
633 4404 741 4458 Deo
800 4406 1121 4469 bestiarum,
1162 4406 1367 4471 avium,
1422 4409 1703 4477 reptilium
1752 4408 1993 4481 denique

2068 532 2352 587 eﬂieientia
2380 532 2653 585 ducuntur
2684 537 2742 582 ut
2767 526 2978 597 legibus
3004 524 3121 581 suis
3145 522 3543 592 obsequantur.
3567 522 3648 575 Ad

2068 625 2219 678 lucc:
2249 624 2518 689 homines,
2549 622 2595 676 si
2632 621 2844 683 volunt,
2870 626 3135 684 servant;
3188 616 3235 671 si
3297 615 3493 669 nolunt
3541 628 3647 666 non

2067 726 2287 773 servant
2319 733 2447 773 suas
2483 718 2625 788 leges
2662 732 2678 769 :
2723 714 2957 783 pendent
3004 713 3151 767 enim
3172 725 3235 766 ex
3271 710 3444 765 libero
3469 707 3649 761 homi-

2070 826 2197 864 num
2220 809 2542 864 arbitrio.At
2562 809 2718 863 aliter
2743 822 2803 863 se
2831 805 3032 861 habent
3055 816 3243 858 earum
3271 816 3453 857 rerum
3486 798 3652 868 leges,

2069 917 2191 963 qum:
2236 902 2450 955 ratione
2475 909 2531 956 et
2576 915 2698 969 quas
2759 912 2924 955 sensu
2971 904 3207 962 vacant;
3262 907 3438 962 neque
3501 891 3647 945 enim

2067 995 2172 1055 leo.
2213 1004 2269 1049 et
2322 992 2499 1049 audax
2562 1003 2617 1047 et
2654 991 2883 1047 timidus
2930 1004 3052 1044 esse
3109 997 3322 1059 potest;
3370 997 3547 1051 neque
3579 982 3654 1036 le-

2070 1102 2194 1154 pus,
2230 1084 2459 1155 pavidus
2490 1092 2545 1139 et
2568 1080 2894 1153 impavidus,
2925 1080 3018 1136 sed
3045 1092 3151 1133 una
3175 1074 3401 1131 audacia
3432 1072 3651 1127 leonum

2069 1190 2173 1242 est,
2210 1194 2377 1248 pavor
2404 1192 2535 1233 vero
2568 1177 2720 1233 solus
2752 1176 3021 1245 leporum.
3062 1170 3249 1239 Neque
3299 1176 3362 1222 nt
3412 1166 3498 1221 leo
3544 1180 3651 1220 non

2070 1275 2139 1329 sit
2172 1273 2381 1338 audax,
2418 1271 2505 1326 vel
2552 1272 2703 1340 lepus
2759 1283 2869 1323 non
2915 1266 3076 1337 fugax
3128 1263 3244 1318 ﬁeri
3282 1270 3478 1332 potest.
3507 1258 3655 1314 Con-

2072 1375 2395 1422 sentaneum
2427 1364 2593 1435 igitur
2622 1372 2731 1428 est,
2764 1362 2878 1417 haec
2910 1361 2954 1416 si
2998 1358 3116 1414 suis
3158 1357 3363 1429 legibus
3401 1363 3652 1425 pareant,

2074 1476 2180 1515 non
2230 1461 2351 1514 ideo
2380 1458 2542 1527 digna
2565 1472 2695 1513 esse
2725 1454 2971 1526 pra-min,
2997 1452 3219 1521 quando
3264 1449 3412 1505 nulla
3444 1446 3655 1502 arbitrii

2074 1551 2325 1608 libertate
2359 1551 2588 1620 pollent,
2620 1548 2712 1604 sed
2743 1554 2952 1601 natura:
2982 1542 3217 1599 vinculis
3249 1540 3544 1594 constricta
3579 1546 3659 1591 te-

2074 1653 2271 1699 nentur
2303 1660 2318 1698 :
2355 1657 2458 1698 nos
2489 1657 2619 1697 vero
2666 1641 2751 1695 vel
2792 1640 3103 1703 observare,
3154 1636 3239 1691 vel
3278 1634 3481 1688 violare
3513 1631 3660 1701 leges

2077 1736 2233 1790 nobis
2263 1734 2564 1804 imperatas
2603 1733 2850 1804 quimus,
2892 1730 3177 1787 Postremo
3210 1728 3317 1781 boc
3345 1726 3510 1780 etiam
3562 1722 3663 1777 ad-

2075 1828 2312 1884 dendum
2352 1827 2459 1882 huc
2510 1825 2789 1886 duximus,
2832 1822 2993 1878 nobis
3043 1821 3271 1890 insuper
3295 1831 3417 1873 esse
3456 1813 3663 1869 inditas

2077 1920 2240 1975 etiam
2269 1919 2440 1988 leges,
2485 1916 2593 1972 illis
2637 1914 2848 1985 legibus
2908 1918 3287 1970 creaturarum
3333 1908 3546 1964 ratione
3602 1912 3660 1959 et

2078 2026 2240 2068 sensu
2321 2008 2627 2065 carentium
2721 2005 2955 2063 similes.
3011 2003 3176 2059 Verbi
3224 2002 3429 2072 gratia;
3485 1997 3662 2055 oculis

2081 2106 2281 2160 nostris
2307 2102 2468 2157 insita
2500 2111 2582 2158 est
2619 2115 2650 2155 a
2683 2099 2793 2154 Deo
2818 2100 2900 2154 lca
2935 2097 3177 2161 videndi,
3203 2094 3454 2161 auribus,
3506 2091 3663 2147 audi-

2079 2198 2248 2265 endi;
2307 2197 2512 2267 palato.
2548 2192 2843 2266 gustandi;
2902 2192 3147 2257 naribus,
3187 2188 3485 2254 odorandi;
3530 2201 3664 2240 ven-

2080 2289 2299 2357 triculo,
2342 2286 2762 2357 isoncoquendi;
2800 2296 2965 2357 atque
3000 2284 3073 2339 ita
3128 2283 3344 2339 caeteris
3397 2280 3661 2337 membris

2080 2398 2207 2439 anas
2240 2380 2435 2436 indidit
2463 2395 2644 2435 rerum
2672 2378 2861 2448 Opifex
2905 2375 3250 2432 elﬁcacitates
3280 2390 3380 2447 pro
3409 2374 3617 2445 legibus
3642 2389 3656 2425 :

2083 2475 2221 2542 Quia
2253 2489 2357 2545 quo
2387 2472 2474 2527 die
2494 2472 2733 2527 comedas
2787 2471 2852 2524 de
2878 2486 2963 2532 ea,
3012 2479 3180 2523 morte
3218 2467 3483 2522 morieris.
3537 2462 3660 2519 Hec

2083 2568 2260 2623 oratio
2299 2567 2480 2622 minas
2534 2574 2917 2633 terroremque
2974 2562 3244 2625 continet,
3272 2570 3333 2616 ut
3378 2575 3486 2629 qua
3522 2560 3662 2614 Deus

2082 2662 2313 2723 Adamo,
2355 2660 2401 2714 si
2454 2657 2905 2728 praevaricaretur
2926 2664 2980 2709 ct
3010 2655 3076 2709 de
3107 2654 3302 2708 arbore
3336 2653 3426 2706 illa
3457 2652 3659 2717 ederet,

2081 2751 2429 2806 obnuntiavit
2464 2748 2790 2819 periculum.
2823 2746 2926 2802 Sed
2948 2744 3233 2816 quaeritur,
3271 2758 3381 2813 qua
3401 2743 3468 2797 de
3494 2756 3660 2799 causa

2084 2844 2160 2898 illi
2199 2847 2270 2897 sit
2300 2840 2681 2897 interminans.
2704 2839 2902 2893 Facilis
2932 2847 3016 2892 est
3051 2837 3360 2906 responsio.
3383 2844 3443 2891 ut
3470 2852 3499 2890 a
3532 2834 3656 2890 vio-

2086 2932 2705 3004 landalege,illiusmodi
2738 2931 2924 2992 minis,
2951 2939 3005 2984 et
3028 2943 3202 2997 poenae
3231 2926 3477 2999 periculo
3506 2925 3664 2981 cobl-

2087 3028 2328 3089 beretur,
2362 3041 2527 3095 quam
2568 3024 2672 3079 sibi
2696 3022 3038 3091 delinquenti
3094 3031 3296 3092 praesto
3353 3020 3659 3075 adfuturam

2008 3150 2052 3207 ο
2088 3120 2384 3189 prmsciret.
2416 3117 2589 3187 Leges
2612 3117 2753 3171 enim
2788 3132 2883 3185 per
2914 3125 3024 3170 tres
3066 3128 3263 3168 causas
3309 3110 3423 3167 fere
3468 3113 3663 3166 obser-

2089 3220 2320 3265 vantur:
2355 3220 2449 3262 aut
2470 3224 2564 3277 per
2588 3221 2829 3262 amorem
2851 3220 2959 3275 quo
2982 3204 3348 3275 legislatorem
3382 3202 3666 3273 prosequi-

2088 3317 2233 3369 mur,
2268 3307 2365 3356 aut
2413 3315 2508 3369 per
2542 3299 2748 3369 pra'mii
2784 3313 2935 3366 spem
2965 3298 3109 3366 quod
3145 3294 3463 3366 parentibus
3505 3293 3665 3350 nobis

2087 3394 2429 3465 propositum
2462 3401 2566 3457 est,
2595 3400 2689 3447 aut
2720 3391 2957 3460 denique
2985 3405 3078 3459 per
3104 3398 3309 3443 metum
3335 3402 3510 3458 pronae
3544 3400 3666 3455 qua

2091 3486 2445 3557 peccantibus
2475 3494 2561 3540 est
2589 3485 2914 3554 prmstituta.
2959 3480 3075 3536 lluc
3108 3482 3273 3549 igitur
3318 3487 3529 3551 spectat
3580 3478 3670 3534 illa

2088 3579 2445 3634 comminatio
2494 3592 2600 3647 qua
2637 3591 2767 3631 usus
2800 3575 2941 3630 Deus
2972 3575 3049 3629 ait
3086 3592 3101 3628 :
3136 3571 3254 3639 Quo
3304 3573 3391 3627 die
3430 3570 3671 3626 comedas

2088 3672 2155 3727 de
2174 3686 2258 3737 ea,
2288 3678 2460 3724 morte
2483 3668 2765 3730 morieris;
2800 3675 2859 3722 ut
2911 3666 2957 3721 si
2984 3666 3075 3721 illo
3126 3663 3404 3735 prioribus
3457 3663 3673 3719 duabus

2090 3762 2276 3819 causis
2320 3761 2463 3816 baud
2502 3758 2857 3815 induceretur
2900 3756 2967 3811 ad
3001 3756 3329 3827 parendum,
3391 3763 3671 3826 postrema

2092 3856 2285 3910 saltem
2316 3853 2434 3908 baec
2464 3852 2485 3919 (
2515 3848 2766 3921 supplicii
2790 3856 2936 3903 metu
2981 3844 3128 3919 dico)
3156 3846 3210 3902 in
3257 3846 3440 3902 ofﬁcio
3494 3847 3672 3917 ipsum

2092 3946 2419 4001 contineret.
2458 3941 2594 3996 Nam
2640 3950 2696 3997 et
2746 3938 2878 3994 illud
2927 3954 3148 4008 quoque
3199 3936 3575 4007 intelligimus,
3611 3945 3672 3993 ut

2098 4051 2313 4106 positam
2341 4035 2577 4089 minatus
2608 4042 2693 4089 est
2720 4033 2962 4100 peccauti
2999 4031 3165 4095 Deus,
3202 4031 3277 4084 ita
3308 4039 3362 4083 et
3388 4029 3673 4098 praemium

2095 4144 2216 4182 esse
2248 4127 2551 4198 pollicitum
2585 4124 2933 4193 obsequenti,
2962 4121 3211 4193 quamvis
3246 4122 3352 4177 hoc
3382 4136 3559 4191 neque
3588 4122 3675 4178 di-

2102 4221 2244 4276 xerit
2292 4234 2469 4287 neque
2503 4217 2785 4288 scripserit
2820 4216 2979 4270 divus
3013 4213 3215 4277 Moses,
3262 4212 3357 4268 sed
3387 4222 3677 4269 conuentus

2098 4328 2271 4385 pmnze
2296 4311 2634 4371 meminisse,
2662 4309 2732 4365 de
2765 4306 2993 4379 prmmio
3040 4305 3291 4361 tacuerit.
3341 4302 3680 4361 Promiserat

2098 4406 2269 4470 etaim,
2316 4405 2363 4460 si
2400 4405 2589 4475 positae
2637 4402 2741 4472 legi
2787 4407 3022 4471 pareret,
3067 4399 3466 4469 permissurum
3516 4412 3575 4453 se
3603 4397 3677 4453 illi

417 4498 629 4553 naturis
683 4505 811 4551 sunt
864 4496 1155 4566 impositae,
1200 4496 1345 4552 sicut
1399 4498 1608 4569 prolixo
1654 4498 1887 4555 antehac
1934 4502 1989 4554 in
2029 4497 2069 4552 D
2098 4508 2157 4554 ut
2182 4501 2249 4553 de
2271 4497 2469 4552 arbore
2524 4495 2649 4550 vita:
2689 4494 2895 4558 ederet,
2946 4500 3112 4561 atque
3165 4488 3239 4544 ita
3270 4490 3438 4545 vitam
3475 4490 3680 4545 viveret

416 4606 485 4645 eo
525 4589 665 4645 libro
715 4604 876 4657 quem
906 4585 975 4643 de
1011 4604 1104 4644 sex
1148 4589 1342 4644 diebus
1372 4587 1619 4655 fecimus,
1655 4606 1685 4644 a
1724 4590 1881 4647 nobis
1906 4600 1991 4647 est

418 4693 718 4738 ostensum.
758 4681 999 4750 Denique
1028 4681 1351 4751 interrogari
1383 4685 1544 4749 solet,
1575 4683 1774 4753 quibus
1824 4682 1879 4737 in
1910 4698 1997 4739 rc-

420 4775 520 4827 Ims
559 4771 811 4829 dill‘erant
838 4787 916 4827 ea:
947 4772 1093 4842 leges
1124 4788 1261 4841 quas
1292 4771 1437 4827 Deus
1460 4774 1717 4843 imposuit
1748 4773 1997 4829 animan-

418 4869 566 4923 tibus
592 4863 817 4921 rationis
848 4862 1181 4933 expertibus,
1215 4863 1486 4931 rebusque
1518 4862 1637 4919 aliis
1669 4868 1999 4934 corporatis,

418 4975 541 5028 quae
571 4969 625 5011 et
656 4957 836 5011 anima
865 4964 921 5011 et
948 4970 1113 5012 sensu
1140 4965 1355 5018 carent,
1394 4956 1465 5009 ab
1496 4956 1601 5011 illis
1622 4957 1834 5025 legibus
1856 4973 1994 5028 quas

423 5050 735 5103 hominibus
792 5047 1123 5117 prescripsit
1183 5057 1239 5102 et
1278 5048 1401 5103 aliis
1456 5048 1722 5103 creaturis
1786 5050 1995 5104 ratione

422 5142 687 5213 prmditis.
734 5141 816 5197 Ad
845 5142 949 5197 ltoc
976 5140 1393 5212 respondemus,
1422 5139 1674 5211 plurimis
1710 5154 1804 5195 eas
1855 5140 1996 5194 inter

422 5250 476 5286 se
504 5234 676 5287 modis
706 5232 945 5291 dilferre.
989 5231 1123 5287 Nam
1156 5233 1329 5302 legum
1363 5247 1485 5301 qua:
1524 5230 1837 5288 hominibus
1877 5230 1999 5285 lata:

426 5335 573 5385 sunt.
612 5328 665 5381 in
695 5327 809 5395 ipsa
835 5325 1300 5393 voluntateposita
1331 5322 1770 5389 estobservatio;
1805 5338 1995 5379 earnm

428 5434 553 5476 vero
575 5420 755 5491 legum
786 5420 1033 5475 custodia
1089 5433 1209 5486 quae
1275 5433 1376 5473 nec
1434 5414 1619 5471 anima
1672 5430 1769 5471 nec
1830 5430 1994 5471 sensu

428 5512 668 5582 prmditis
746 5510 911 5566 rebus
988 5508 1255 5579 imposita
1312 5516 1463 5571 sunt,
1525 5508 1579 5561 in
1634 5506 1752 5577 ipsa
1806 5521 1994 5562 earum

429 5615 621 5658 natura
656 5610 736 5656 est
774 5600 898 5655 sita.
940 5598 1080 5655 Tum
1116 5596 1366 5652 homines
1408 5596 1654 5653 doctrina
1694 5595 2000 5651 formantur

429 5698 494 5751 ad
536 5694 875 5766 prastandas
904 5693 1049 5764 leges
1073 5705 1211 5762 quas
1255 5690 1494 5754 debent;
1531 5698 1587 5745 at
1624 5705 1687 5747 ea
1741 5704 1863 5762 qua
1910 5703 1998 5744 ra-

498 5792 545 5825 ⁸⁸
584 5792 730 5850 Psal.
754 5807 869 5859 cui,
897 5790 951 5849 5.
1025 5786 1070 5823 "
1096 5788 1240 5847 Psal.
1262 5801 1485 5855 rsum,
1507 5786 1563 5843 ϐ.

2096 4590 2507 4660 sempiternam,
2546 4585 2983 4655 immortalisque
3032 4583 3307 4646 evaderet,
3340 4582 3507 4651 idque
3550 4579 3680 4635 hinc

2096 4691 2335 4747 constat,
2376 4678 2523 4751 quod
2555 4678 2645 4734 ubi
2678 4676 2882 4733 edisset
2912 4676 3152 4731 Adamus
3176 4673 3245 4727 de
3283 4673 3480 4729 arbore
3506 4672 3682 4727 scien-

2101 4776 2209 4839 tiae,
2239 4772 2436 4827 dixerit
2470 4769 2648 4825 Deus:
2685 4766 2770 4823 Ne
2798 4767 2936 4835 forte
2970 4764 3220 4820 extendat
3256 4778 3475 4818 manum
3495 4778 3676 4824 suam,

2102 4878 2149 4923 et
2183 4875 2358 4920 sumat
2393 4864 2458 4917 de
2485 4861 2674 4915 arbore
2718 4862 2859 4927 vita,
2898 4859 3121 4929 edatqre
3149 4873 3214 4911 ac
3238 4858 3378 4911 vivat
3406 4856 3462 4910 in
3490 4870 3682 4927 per-pse

2103 4968 2195 5012 tuo
2231 4975 2244 5011 :
2272 4964 2556 5026 praeterea,
2580 4953 2724 5023 quod
2753 4962 2925 5005 morte
2951 4959 3010 5005 ut
3052 4964 3228 5019 pcenae
3255 4948 3507 5018 opposita
3537 4947 3585 5002 si
3615 4962 3681 5002 es

2102 5050 2334 5104 adverso
2384 5048 2492 5100 vita
2546 5058 2746 5098 a-terna
2802 5043 2959 5113 quasi
3027 5041 3335 5110 praemium,
3369 5047 3426 5094 ct
3465 5039 3682 5093 mortali

2101 5140 2399 5196 conditioni
2432 5154 2593 5207 quam
2620 5137 2929 5192 minabatur
2960 5134 3100 5189 Deus
3135 5133 3489 5196 immortalis,
3516 5145 3626 5202 qua
3652 5149 3683 5185 ιι

2107 5232 2478 5305 promittebat.
2498 5231 2690 5294 Porro,
2727 5227 2819 5285 ubi
2847 5228 2913 5281 de
2946 5228 3060 5297 lege
3082 5240 3245 5295 quam
3278 5226 3487 5279 Adamo
3516 5224 3687 5293 impe-

2105 5333 2322 5381 raverat
2351 5323 2493 5377 D.--us
2551 5321 2767 5375 locutus
2809 5327 2896 5374 est
2951 5317 3152 5381 Moses,
3211 5317 3561 5387 progreditur
3616 5317 3686 5370 ad

2106 5413 2395 5468 dicendum
2458 5412 2524 5465 de
2553 5409 2876 5464 concinnata
2934 5406 3277 5477 formataque
3333 5405 3467 5469 Eva,
3510 5406 3687 5475 deque

2108 5504 2403 5560 bestiarum
2436 5512 2490 5559 et
2512 5502 2779 5573 pecudum
2813 5501 3211 5571 procreatione,
3266 5507 3322 5554 et
3348 5499 3417 5554 de
3449 5496 3684 5553 nomini-

2115 5599 2217 5653 bus
2251 5596 2453 5665 quibus
2484 5597 2584 5652 bas
2632 5594 2923 5665 appellavit
2949 5593 3142 5655 Adam,
3188 5591 3441 5661 inquiens
3467 5609 3479 5644 :
3509 5588 3576 5644 Et
3606 5589 3685 5642 ait

2105 5685 2361 5741 Dominus
2393 5683 2532 5741 Deus
2552 5704 2566 5741 :
2588 5681 2640 5739 Ν
2646 5700 2712 5741 on
2740 5691 2816 5740 est
2844 5686 3036 5740 bonum
3066 5682 3330 5738 Adamum
3358 5698 3470 5739 esse
3489 5680 3687 5747 solum,
