4094 6156
383 382 487 451 537

1515 377 1616 439 DE
1652 371 2061 437 PARADISO.
2100 397 2167 408 -
2209 370 2409 432 PARS
2448 367 2499 430 Ι.

3533 357 3641 422 538

451 494 561 551 Cur
597 493 800 549 Adamo
835 502 1013 548 creato
1068 510 1169 547 non
1200 490 1392 548 dixerit
1431 490 1572 545 Deus
1606 489 1799 544 bonum
1848 504 1961 543 esse
1987 489 2032 548 Α
2063 486 2320 545 Numine,
2380 492 2433 539 et
2472 482 2523 535 in
2560 479 2788 535 aliarum
2840 478 3102 532 virtutum
3154 474 3414 529 exercitio
3465 474 3642 529 virum

380 587 520 659 quod
564 587 892 657 {eciaseL—
936 586 1075 642 Sunt
1107 602 1172 640 ex
1212 584 1599 655 interpretibus
1646 584 1737 652 qui
1779 582 1963 637 dicant

382 695 444 732 ea
482 679 640 732 verba
673 692 704 732 ι
737 679 843 732 Deo
877 678 1227 747 pronuntiata
1255 691 1378 733 esse
1426 691 1555 731 voce
1579 691 1701 745 quae
1764 675 1817 728 in
1864 689 1963 728 att-

384 770 566 824 diendi
614 786 839 824 sensum
902 773 1144 835 caderet,
1185 770 1250 824 ad
1282 768 1643 824 erudiendum
1696 767 1961 819 Adamum

382 862 805 933 docendumque
858 864 1004 935 quod
1056 862 1199 918 Drus
1250 871 1465 917 creator
1524 862 1617 925 sit,
1670 860 1789 928 ipse
1834 872 1965 912 vero

383 968 507 1007 cum
534 969 704 1008 uxore
737 953 1008 1024 rebusque
1025 954 1147 1009 aliis
1172 970 1295 1024 qua:
1325 968 1555 1023 usquam
1580 957 1784 1012 essent,
1807 963 1963 1004 crea-

380 1052 541 1097 tune.
574 1043 844 1099 Caeterum
876 1061 977 1101 cur
1012 1060 1138 1100 cum
1193 1044 1443 1099 ﬁnxisset
1504 1043 1647 1097 Deus
1692 1040 1961 1096 Adamum

381 1150 490 1191 non
543 1136 766 1200 dixerit,
799 1138 983 1192 videre
1016 1152 1073 1192 se
1100 1138 1151 1192 id
1192 1136 1336 1207 quod
1362 1137 1694 1193 condidissrt
1723 1150 1843 1188 esse
1864 1133 1960 1187 bo-

382 1243 539 1292 num,
569 1229 715 1283 sicut
750 1230 820 1284 de
854 1230 1077 1297 reliquis
1109 1229 1273 1284 rebus
1313 1245 1344 1282 a
1398 1245 1459 1284 se
1511 1228 1717 1283 ell‘ertis
1757 1227 1966 1281 dixisse

382 1328 757 1387 memoratur;
796 1320 1072 1393 duplicem
1104 1320 1486 1376 existimamus
1534 1301 1657 1375 esse
1684 1333 1906 1373 causam
1943 1333 1960 1371 :

379 1413 634 1475 alteram.
666 1415 795 1485 quia
826 1414 915 1470 hic
963 1414 1214 1469 dicturus
1267 1425 1384 1468 erat
1416 1429 1523 1468 non
1584 1424 1705 1467 esse
1736 1412 1960 1474 bonum,

379 1521 572 1576 parum
612 1508 757 1561 enim
786 1507 876 1561 illa
904 1507 1016 1562 duo
1041 1508 1182 1561 inter
1209 1522 1267 1561 se
1286 1514 1656 1560 consentanea
1689 1503 1960 1565 fuissent;

379 1598 633 1665 alteram,
687 1599 815 1669 quia
872 1600 927 1653 in
981 1599 1485 1653 Iibertate'arbitrii
1539 1600 1671 1653 Adae
1719 1598 1957 1666 positum

377 1703 517 1754 erat,
545 1699 604 1745 ut
633 1699 727 1747 aut
756 1691 931 1747 bonus
962 1700 1057 1747 aut
1091 1707 1199 1747 non
1226 1692 1434 1747 'bonus
1465 1700 1611 1747 esset
1648 1709 1663 1745 :
1700 1690 1824 1745 Non
1854 1703 1958 1757 est,

384 1785 588 1853 inquit,
630 1784 846 1848 bonum,
873 1784 1135 1839 Adamum
1158 1803 1271 1840 esse
1297 1785 1489 1839 solum.
1517 1783 1657 1851 Quid
1692 1785 1853 1855 igitur
1879 1785 1959 1840 fa-

381 1851 478 1932 eto
522 1892 663 1947 opus
695 1886 865 1932 estut
899 1877 1066 1933 faciat
1106 1877 1157 1932 ei
1205 1878 1581 1948 adjutorium?
1618 1851 1753 1933 Nam
1807 1878 1853 1934 si
1913 1880 1964 1933 id
2000 1851 2038 1902 u

380 1971 525 2038 quod
550 1979 753 2026 nonest
778 1969 978 2025 bonum
1008 1969 1364 2040 rejiciendum
1386 1981 1492 2037 es'.
1515 1970 1646 2025 illud
1675 1987 1805 2027 sane
1826 1972 1967 2040 quod

383 2064 588 2118 bonum
617 2072 724 2131 est,
755 2064 915 2133 plane
946 2074 1003 2119 ut
1044 2063 1415 2119 constituatur
1465 2063 1753 2127 convenit;
1803 2078 1971 2131 nega-

383 2157 460 2211 tio
502 2155 649 2209 cnitu
697 2155 743 2211 si
801 2154 938 2211 falsa
989 2157 1079 2219 sit,
1132 2154 1549 2210 aﬂirmationem
1605 2169 1729 2211 esse
1781 2170 1968 2210 veram

386 2263 675 2305 necessum
702 2260 785 2304 est
813 2266 828 2317 ;
870 2256 996 2303 sunt
1028 2248 1174 2302 enim
1217 2247 1307 2303 illa
1337 2248 1440 2302 sibi
1482 2247 1624 2302 inter
1665 2263 1725 2305 se
1758 2264 1824 2304 ex
1853 2248 1975 2303 dia-

384 2349 565 2394 metro
608 2341 856 2410 opposita
901 2358 915 2395 :
977 2337 1200 2394 Furiam
1257 2341 1361 2408 ipsi
1415 2340 1745 2411 adjutorium
1797 2338 1971 2409 qualis

382 2430 494 2500 ipse
525 2443 623 2485 est.
656 2430 837 2501 Nuper
867 2432 1083 2488 dicebat
1113 2432 1254 2487 Deus
1281 2450 1299 2490 :
1324 2431 1615 2488 Faciamus
1667 2433 1928 2487 hominem
1953 2449 1969 2500 ;

384 2525 477 2581 hic
505 2540 636 2579 vero
666 2526 799 2579 dicit
834 2542 850 2581 :
886 2523 1138 2580 Faciam.
1174 2522 1441 2580 Nimirum
1474 2525 1606 2579 illud
1658 2525 1816 2579 nobis
1845 2539 1971 2579 ora-

384 2616 572 2671 culum
633 2630 862 2671 numero
934 2615 1127 2686 plurali
1199 2615 1379 2686 prodit
1428 2626 1540 2670 tres
1594 2623 1974 2669 saerosauctas

387 2724 683 2780 personas,
716 2710 820 2764 hoc
868 2725 1019 2775 vero,
1072 2709 1361 2779 singulari,
1414 2725 1580 2763 unam
1627 2708 1971 2762 essentiam:

388 2812 446 2856 ut
469 2818 535 2856 es
571 2802 656 2855 his
682 2802 896 2857 duobus
929 2800 1167 2856 orat-uiis
1202 2800 1596 2871 intelligamus.
1648 2799 1821 2854 Deum
1852 2811 1975 2852 esse

389 2907 557 2947 unam
590 2893 913 2957 essentiam,
942 2900 996 2945 et
1030 2900 1142 2947 tres
1198 2904 1482 2961 personas.
1519 2889 1601 2944 Ad
1651 2888 1777 2955 hoc,
1809 2902 1972 2957 supra

392 2987 460 3041 de
520 2985 849 3041 formatione
901 2984 1092 3039 Adami
1160 2999 1326 3054 agens
1380 2984 1641 3039 dicebat:
1686 2981 1972 3037 Faciamus

389 3078 653 3134 hominem
682 3079 751 3132 ad
780 3080 1064 3147 imaginem
1092 3091 1356 3142 nostram,
1386 3093 1495 3148 quo
1524 3076 1853 3147 signiﬁcaret
1878 3091 1975 3147 per

395 3169 619 3224 verbum
651 3168 862 3222 numeri
901 3167 1146 3239 pluralis,
1179 3167 1636 3221 consultationem
1676 3165 1967 3237 quamdam
1994 3197 2041 3257 ς

389 3262 965 3330 deliberationcmque,
1005 3259 1169 3329 idque
1228 3259 1295 3313 ad
1329 3260 1471 3329 ejus,
1504 3259 1596 3329 qui
1650 3257 1971 3315 formandus

390 3363 526 3412 erat.
566 3353 882 3423 dignitatem
919 3354 1223 3424 spectabat.
1254 3362 1314 3406 ut
1356 3351 1449 3421 qui
1503 3366 1611 3406 non
1653 3350 1977 3406 conderetur

394 3444 605 3516 absque
670 3445 838 3501 verbo
876 3454 932 3500 et
1001 3444 1235 3499 consilio
1300 3443 1799 3514 deliberationeque
1856 3443 1973 3509 Dei,

390 3546 581 3591 contra
608 3544 663 3592 at
685 3554 772 3605 :ue
794 3538 980 3593 bestizc
1006 3537 1234 3592 rationis
1261 3545 1510 3606 expertes
1528 3552 1650 3608 qua:
1680 3537 1797 3591 solo
1821 3536 1976 3604 jussu

392 3629 715 3684 exstiterunt
753 3648 766 3681 :
801 3629 888 3684 hic
926 3646 1073 3696 vero,
1102 3631 1192 3683 u'i
1227 3630 1293 3683 de
1323 3630 1603 3683 formanda
1640 3628 1749 3682 Eva
1779 3637 1977 3683 tracta-

393 3730 500 3787 tur,
528 3724 636 3774 ait:
673 3718 910 3774 Faciant.
940 3722 1001 3773 Et
1033 3722 1148 3775 itn-c
1169 3720 1459 3785 variantia,
1486 3720 1794 3789 complures
1817 3721 1977 3774 habet

394 3813 659 3868 rationes.
682 3810 867 3866 Primo
890 3813 1035 3866 enim
1064 3811 1323 3868 ostendit.
1372 3825 1537 3863 unam
1597 3825 1720 3864 esse
1763 3809 1861 3888 viri
1895 3808 1978 3863 fe-

396 3905 666 3975 minaque
713 3914 996 3968 naturam;
1050 3903 1246 3956 deinde
1294 3902 1386 3956 Dei
1440 3900 1680 3956 studium
1714 3883 1977 3955 adversus

396 3996 666 4051 Adamum
731 4003 787 4049 et
839 3994 1005 4050 Evam
1037 3993 1273 4063 explicat
1305 3993 1541 4057 clarius;
1576 3991 1642 4044 ad
1688 3991 1812 4053 hoc,
1847 4005 1976 4059 pro-

400 4087 481 4140 dit
510 4083 635 4139 Eva:
663 4084 1033 4139 conditionem
1080 4081 1304 4136 minime
1339 4096 1800 4150 supervacaneam
1832 4095 1972 4136 esse.

398 4174 628 4247 Insuper
660 4176 816 4230 docet
865 4174 973 4229 Deo
1013 4189 1119 4228 non
1157 4173 1373 4228 tandem
1408 4171 1702 4241 aliquando
1743 4171 1797 4225 in
1826 4185 1977 4224 men-

399 4277 505 4324 tem
569 4271 787 4324 venisse
836 4267 904 4321 dc
952 4265 1350 4321 conformanda
1405 4262 1539 4327 Eva,
1591 4264 1683 4318 sed
1746 4262 1801 4317 in
1858 4263 1979 4333 ipso

398 4362 587 4413 statim
620 4358 777 4413 initio
820 4358 985 4412 simul
1037 4366 1200 4426 atque
1253 4354 1524 4409 Adamum
1570 4353 1847 4408 conderet.
1914 4351 1979 4409 Et

400 4448 515 4505 hac
562 4448 781 4518 quidem
840 4463 1001 4502 sensa
1055 4461 1117 4499 ex
1166 4447 1353 4509 verbo,
1414 4442 1659 4505 Faciam,
1694 4458 1976 4498 commen-

2068 578 2185 647 ipsa
2230 575 2500 646 adjuvat:
2552 588 2675 628 nam
2726 581 2786 624 ιιι
2842 568 3045 624 Paulus
3078 566 3421 623 ait:Christi
3474 566 3643 631 salus,

2067 678 2117 721 et
2146 668 2273 722 viris
2324 678 2374 720 et
2406 665 2722 736 feminis'ez
2771 677 2919 731 aqua
2952 671 3029 715 est
3061 659 3351 713 communis
3381 658 3447 711 “.
3479 657 3634 723 Quod

2068 774 2232 829 porro
2279 758 2462 811 addit:
2496 755 2688 822 Qualis
2722 754 2830 822 ipse
2851 760 2951 814 est,
2998 748 3223 819 perinde
3269 758 3351 801 est
3385 762 3448 801 ac
3480 749 3530 801 si
3562 747 3649 799 di-

2067 853 2179 909 cat,
2236 860 2357 914 qua:
2437 844 2627 897 eadem
2682 852 2890 895 natura:
2952 837 3269 893 conditione
3340 851 3465 889 cum
3529 834 3648 888 viro

2070 941 2295 1010 praedita
2346 937 2439 1001 sit,
2504 952 2610 990 non
2661 941 2843 988 autem
2899 947 3020 1002 qua:
3070 938 3130 984 ut
3198 928 3370 984 bestia
3426 926 3507 981 vel
3552 926 3645 997 ju-

2070 1042 2332 1095 tnentum,
2371 1042 2592 1099 operam
2637 1027 2712 1080 illi
2768 1032 3009 1095 prastet,
3041 1036 3162 1091 quae
3193 1021 3427 1074 humana
3458 1028 3648 1073 carent

2069 1125 2268 1178 indole.
2330 1121 2593 1176 Praeterea
2644 1120 2931 1189 paritatem
2995 1131 3212 1186 quoque
3267 1122 3499 1176 naturae,
3556 1113 3645 1167 illa

2068 1217 2255 1282 verba,
2312 1225 2369 1272 et
2400 1214 2921 1270 consimilitudinetn
2972 1211 3028 1265 in
3069 1219 3298 1279 utroque
3348 1224 3479 1261 sexu
3552 1222 3646 1259 os-

2066 1310 2314 1374 tendunt,
2358 1309 2432 1363 ita
2487 1316 2547 1362 ut
2576 1306 2846 1370 neutrius,
2902 1304 2982 1358 vel
3040 1301 3385 1373 praestantior
3415 1299 3496 1353 vel
3546 1300 3635 1353 de

2066 1402 2263 1459 sertior
2338 1400 2639 1456 existimari
2702 1400 2919 1453 debeat.
2970 1396 3209 1465 Denique
3272 1409 3397 1447 cum
3470 1391 3645 1445 tribus

2067 1494 2178 1548 fere
2243 1492 2444 1557 modis,
2486 1506 2581 1547 eos
2634 1491 2731 1560 qui
2805 1492 2946 1543 alios
2995 1488 3256 1554 adjuvant
3312 1485 3647 1552 distinguere

2065 1586 2341 1642 soleamus
2384 1586 2504 1653 (aut
2555 1584 2701 1639 enim
2755 1584 2930 1650 major
2955 1595 3111 1651 opem
3145 1578 3249 1632 fert
3299 1578 3519 1638 minori.
3552 1586 3645 1630 aut

2066 1680 2243 1734 minor
2280 1679 2539 1749 majorem
2574 1677 2751 1748 juvat,
2781 1687 2870 1731 aut
2922 1674 3150 1744 requalis
3175 1672 3371 1743 aequali
3422 1685 3642 1738 Operam

2065 1772 2377 1827 commodat
2419 1787 2435 1837 ;
2480 1770 2630 1825 verbi
2683 1770 2879 1839 gratia,
2937 1765 3211 1821 interdum
3271 1781 3363 1821 rex
3408 1763 3647 1833 Opitula-

2069 1873 2158 1919 tur
2191 1862 2417 1917 humilis
2452 1859 2781 1916 conditionis
2818 1854 2961 1924 viro,
3017 1864 3071 1910 et
3109 1854 3273 1909 etiam
3304 1853 3394 1909 ubi
3435 1865 3647 1924 pauper

2071 1956 2317 2011 subsidio
2372 1964 2457 2010 est
2510 1951 2687 2018 diviti,
2748 1966 2893 2019 smpe
2974 1962 3193 2019 quoque
3261 1946 3344 2000 vir
3391 1945 3647 2016 princeps

2072 2047 2301 2120 principi
2349 2048 2488 2112 viro,
2538 2055 2634 2100 aut
2684 2043 2927 2113 plebeius
2988 2040 3197 2110 plebeio
3230 2037 3509 2107 suppetias
3559 2054 3650 2089 ve-

2072 2141 2172 2208 nit)
2237 2147 2463 2211 possunt
2515 2138 2695 2192 addita
2727 2136 2894 2189 videri
2942 2134 3103 2187 verba
3141 2132 3228 2185 illa
3264 2144 3281 2184 :
3317 2128 3507 2195 Qualis
3538 2129 3649 2194 ipse

2071 2242 2170 2297 cst,
2210 2244 2267 2286 ut
2323 2231 2590 2301 aequalem
2620 2228 2813 2299 a'quali
2849 2226 3053 2281 auxilio
3078 2240 3199 2279 esse
3259 2221 3646 2290 intelligamus,

2074 2324 2202 2378 dum
2247 2322 2353 2377 Eva
2408 2321 2675 2375 Adamum
2726 2319 2971 2387 adjuvat.
3023 2316 3178 2381 Quod
3225 2324 3270 2370 si
3333 2330 3463 2368 vero
3522 2311 3649 2382 quis

2074 2416 2316 2487 objiciat.
2366 2415 2535 2470 Evam
2581 2412 2790 2467 Adatno
2836 2410 2958 2480 plus
3022 2409 3401 2479 angustiarum
3484 2420 3649 2475 quam

2075 2512 2194 2581 opis
2242 2509 2536 2563 attulisse:
2574 2508 2622 2560 ei
2659 2502 3135 2575 respondebimus,
3173 2501 3384 2572 culpam
3422 2501 3541 2565 ejus
3567 2499 3645 2553 rei

2074 2616 2183 2656 non
2210 2600 2263 2655 iu
2308 2599 2433 2654 Eva:
2461 2597 2800 2652 conditorem
2843 2584 3035 2657 Deum.
3064 2593 3156 2649 sed
3189 2595 3243 2648 in
3277 2596 3447 2662 ipsam
3484 2593 3650 2645 Evam

2075 2707 2201 2748 esse
2271 2690 2683 2745 coulerendam.
2725 2688 2881 2742 Sicut
2930 2685 3093 2740 hodie
3150 2685 3397 2737 videmus
3452 2682 3653 2736 inultas

2076 2786 2308 2840 feminas
2337 2785 2496 2839 triste
2544 2783 2677 2838 viris
2712 2782 2830 2836 suis
2891 2779 3227 2836 conuuhium
3256 2778 3519 2845 reddere;
3555 2776 3651 2831 sed

2075 2880 2126 2934 id
2203 2878 2419 2932 illarum
2492 2875 2735 2945 ipsarum
2797 2874 2931 2928 vitio
2984 2874 3123 2937 fieri,
3181 2886 3288 2925 nou
3341 2882 3521 2924 autem
3564 2870 3651 2939 ip-

2075 2987 2258 3027 sarum
2286 2968 2463 3041 opifici
2495 2967 2605 3023 Deo
2634 2966 2737 3023 hoc
2784 2966 3001 3022 crimini
3039 2979 3199 3036 posse
3241 2966 3400 3018 verti.
3435 2962 3567 3017 Nam
3598 2973 3655 3019 et

2074 3080 2269 3119 manus
2306 3073 2502 3119 nostra:
2544 3076 2609 3117 eo
2655 3060 2859 3116 effectae
2888 3070 3036 3123 sunt,
3066 3070 3125 3114 ut
3156 3074 3278 3129 qua:
3317 3057 3483 3125 proba
3525 3062 3654 3112 sunt

2077 3169 2138 3207 ea
2172 3160 2354 3221 agant.
2377 3150 2491 3221 jam
2542 3150 2589 3204 si
2633 3150 2766 3221 ipsis
2813 3149 2880 3204 ad
2942 3149 3204 3220 patranda
3239 3148 3380 3203 mala
3410 3156 3652 3215 utamur,

2075 3246 2178 3297 erit
2209 3258 2340 3298 sane
2378 3250 2564 3297 nostra
2610 3256 2673 3297 ea
2713 3240 2896 3311 culpa,
2931 3256 3039 3294 non
3080 3241 3387 3295 conditoris
3436 3240 3649 3294 illarum

2075 3336 2169 3392 Dei
2211 3353 2225 3390 :
2259 3344 2313 3389 rt
2348 3335 2539 3391 oculos
2581 3345 2800 3389 nostros
2845 3332 3101 3387 formavit
3141 3330 3286 3387 Deus
3319 3343 3377 3385 ut
3408 3334 3658 3387 viderent

2076 3445 2200 3499 quae
2236 3436 2383 3482 recta
2418 3434 2546 3482 sunt
2584 3434 2723 3482 teste
2772 3424 2994 3489 Davide,
3044 3424 3089 3480 si
3128 3434 3306 3480 tamen
3352 3423 3418 3479 ad
3447 3441 3510 3479 ea
3534 3441 3655 3495 qua:

2078 3536 2291 3593 impura
2324 3528 2453 3575 sunt
2481 3521 2628 3590 ipsos
2649 3519 3017 3586 intendamus,
3049 3518 3174 3587 quis
3196 3517 3250 3571 id
3273 3516 3513 3573 eﬂ’ectori
3547 3518 3655 3573 Deo

2076 3629 2140 3669 ac
2168 3628 2273 3665 non
2321 3612 2503 3682 potius
2553 3619 2756 3664 nostra:
2806 3609 3089 3663 vitiositati
3120 3607 3397 3663 ascribat?
3442 3609 3509 3661 Et
3537 3607 3656 3678 [or-

2077 3712 2312 3759 niaverat
2339 3703 2595 3757 Dominus
2619 3701 2757 3756 Deus
2784 3718 2813 3756 ο
2837 3712 2976 3755 terra
2993 3716 3195 3755 omnem
3230 3700 3491 3753 uolucrem
3514 3699 3652 3754 cmli.

2076 3795 2199 3851 Non
2238 3796 2349 3865 jam
2380 3792 2647 3848 formasse
2680 3791 2848 3846 Deum
2883 3792 3024 3846 alios
3054 3792 3384 3852 animantes.
3412 3791 3655 3861 aliasque

2078 3888 2333 3942 volucres
2362 3893 2485 3955 post
2508 3884 2821 3954 superiores
2866 3882 3125 3947 allirmat,
3170 3881 3265 3936 sed
3294 3881 3362 3934 de
3386 3880 3497 3934 illis
3524 3880 3657 3950 ipsis

2080 3994 2304 4049 prorsus
2335 3978 2422 4033 hic
2462 3978 2662 4049 agitur,
2706 3985 2871 4047 atque
2905 3974 2973 4029 ad
3005 3974 3196 4028 eadem
3258 3972 3471 4039 eﬂecta,
3517 3989 3575 4026 re
3600 3974 3657 4026 .it

2078 4074 2274 4138 oratio,
2337 4070 2483 4140 quod
2542 4068 2663 4124 ideo
2690 4067 2784 4133 sit,
2838 4074 2898 4121 ut
2954 4065 3323 4135 intelligamus
3374 4064 3650 4119 Adamnm

2080 4166 2257 4221 solum
2296 4174 2349 4219 et
2390 4164 2599 4230 absque
2657 4160 2768 4213 ullo
2830 4157 3106 4226 adjutorio
3158 4157 3301 4225 quod
3352 4155 3656 4212 consimilis

2080 4263 2228 4310 esset
2271 4269 2395 4307 cum
2453 4252 2572 4321 ipso
2624 4258 2853 4313 naturae,
2918 4248 3208 4301 formatum
3242 4245 3416 4314 primo
3463 4244 3656 4313 fuisse,

2080 4364 2204 4401 cum
2238 4345 2447 4406 bestiae,
2469 4343 2740 4413 jumenta,
2768 4354 2897 4395 aves
2938 4341 3155 4409 gemino
3184 4355 3315 4393 sexu
3339 4338 3655 4393 simulcon-

2081 4440 2191 4491 dita
2245 4444 2449 4493 essent.
2499 4434 2769 4490 Cmterum
2817 4431 3086 4487 formandi
3138 4431 3363 4487 Verbum
3409 4430 3499 4486 hic
3547 4446 3654 4485 non

400 4542 562 4597 tando
593 4540 790 4594 elicere
845 4553 1159 4608 possumus.
1203 4537 1370 4592 l‘orro
1422 4552 1547 4591 cum
1586 4534 1841 4606 adjutorii
1881 4550 1975 4587 vo-
2008 4544 2061 4603 Ῑ)
2088 4532 2160 4584 ita
2197 4529 2570 4596 accipiendum
2605 4536 2689 4583 est
2719 4527 2875 4596 quasi
2930 4542 2992 4581 cx
3027 4536 3169 4581 terra
3214 4526 3321 4580 sint
3351 4539 3657 4594 coagmen-

400 4632 655 4688 cabulum
706 4630 873 4685 variis
916 4639 1210 4699 usurpetur
1245 4627 1444 4690 modis,
1506 4627 1636 4680 illud
1694 4628 1982 4695 qua-ritur,

402 4738 509 4794 qua
561 4721 615 4775 in
680 4735 737 4775 re
774 4722 1032 4789 adjuvare
1090 4718 1338 4772 debuerit
1373 4716 1483 4771 Eva
1535 4718 1837 4781 Adamum;
1882 4717 1986 4770 hoc

404 4824 487 4872 est
545 4813 747 4869 femina
793 4815 992 4867 virum.
1027 4813 1332 4866 Statuimus
1373 4821 1556 4865 autem
1605 4808 1657 4863 in
1712 4807 1979 4877 plurimis.

406 4909 587 4963 Primo
632 4908 687 4962 in
755 4904 1105 4976 procreandis
1181 4903 1395 4966 liberis,
1474 4903 1576 4955 hoc
1638 4911 1743 4963 est,
1826 4910 1983 4952 utero

404 5000 703 5071 gestandis.
746 4998 1010 5052 Praeterea
1048 4995 1103 5050 in
1160 4992 1442 5071 educanda
1497 4991 1650 5062 prole
1700 4999 1983 5060 prognata.

404 5067 634 5161 insuper
670 5101 731 5147 ut
783 5090 849 5144 ad
885 5089 1061 5141 virum
1101 5067 1311 5157 spectat
1365 5100 1429 5137 ea
1479 5083 1680 5154 quibus
1711 5096 1857 5151 opus
1906 5089 1994 5134 est

407 5184 659 5253 colligere
682 5189 1129 5249 comportat-eque
1174 5178 1396 5230 aliunde
1447 5174 1693 5236 domum,
1728 5174 1799 5227 ita
1838 5172 1990 5225 femi-

410 5294 490 5333 na
547 5286 650 5340 est,
687 5275 832 5328 domi
864 5272 1047 5325 omnia
1103 5270 1381 5334 ordinare,
1428 5277 1589 5337 atque
1632 5276 1688 5320 ut
1716 5266 1770 5319 in
1804 5280 1986 5334 prom-

411 5381 501 5440 ptu
551 5370 662 5423 sint
701 5369 988 5436 disponere
1048 5362 1561 5429 administrareque.
1620 5360 1841 5421 Adltzec.
1903 5357 1984 5412 fe-

413 5462 557 5515 tnina
612 5472 670 5514 ιιι
714 5460 767 5513 in
802 5459 939 5511 laetis
993 5458 1066 5510 ita
1123 5467 1179 5509 et
1239 5455 1292 5507 in
1324 5453 1569 5507 adversis
1624 5451 1859 5507 ferendis
1891 5467 1985 5503 so—

415 5551 552 5606 ciam
591 5566 652 5605 se
683 5550 799 5605 viro
833 5560 1114 5620 prmstare,
1168 5562 1384 5616 unaque
1440 5560 1605 5600 onera
1637 5544 1820 5599 omnia
1850 5542 1987 5598 sub-

414 5640 491 5697 ite
531 5642 709 5697 debet.
751 5642 995 5712 Denique
1044 5648 1097 5694 et
1155 5640 1205 5693 in
1273 5638 1592 5705 reverentlo,
1651 5635 1987 5697 colendoque

488 5819 531 5853 ³⁸
562 5815 737 5872 finiat.
773 5832 854 5878 ιιι.
904 5814 997 5872 9.8.

2092 4632 2199 4676 tata
2235 4621 2554 4684 animantia,
2590 4620 2740 4683 ferae,
2793 4633 2958 4685 aves;
2999 4619 3111 4673 hate
3149 4617 3292 4671 enim
3345 4618 3458 4687 ipsa
3530 4632 3657 4687 pro-

2088 4716 2244 4770 duxit
2291 4727 2502 4776 natura,
2546 4715 2689 4768 s'cut
2716 4723 2771 4765 et
2815 4712 3025 4783 reptilia
3080 4726 3415 4783 progenuere
3475 4726 3655 4781 aquai,

2091 4818 2149 4861 ιιι
2208 4817 2332 4861 ante
2358 4818 2442 4860 est
2493 4821 2522 4859 a
2576 4805 2721 4860 Mose
2773 4805 3028 4859 dictum:
3075 4804 3173 4860 sed
3229 4803 3353 4860 ideo
3387 4802 3658 4860 formandi

2088 4900 2205 4955 sive
2256 4898 2489 4968 tingendi
2536 4897 2701 4949 verbo
2735 4898 2908 4950 utitur
2959 4894 3262 4964 Scriptura,
3303 4903 3363 4949 ut
3419 4896 3663 4949 sciamus

2091 5006 2198 5045 non
2258 4990 2431 5045 solam
2473 4997 2673 5042 terram
2719 4988 2806 5041 illa
2862 4987 3256 5057 procreavisse,
3297 4989 3443 5056 quod
3488 4986 3663 5043 Musis

2090 5082 2249 5135 verba
2287 5101 2300 5136 :
2343 5081 2609 5135 Praducat
2643 5093 2785 5134 terra
2830 5082 3065 5135 animum
3098 5081 3657 5149 viecntcm,jnmcnta,

2088 5184 2137 5228 et
2166 5173 2403 5242 replilia,
2436 5185 2571 5237 ete.,
2634 5173 2960 5225 videbantur
3002 5186 3241 5238 sonare;
3273 5172 3366 5226 sed
3397 5188 3462 5226 ex
3504 5180 3665 5225 terra:

2089 5266 2249 5319 simul
2289 5274 2342 5318 et
2384 5279 2645 5332 aquarum
2682 5263 2911 5333 coagulo
2959 5270 3115 5315 enata
3147 5277 3289 5326 esse,
3314 5273 3405 5315 aut
3433 5278 3494 5314 ex
3526 5276 3665 5329 qua-

2089 5369 2214 5411 tuor
2265 5356 2446 5427 potius
2476 5354 2780 5409 clcmrntis.
2824 5356 2961 5408 Nam
2996 5371 3059 5409 ea
3097 5354 3203 5419 his,
3253 5365 3313 5407 ut
3345 5353 3559 5418 Atlami,
3589 5353 3662 5405 ita

2088 5456 2404 5501 (-aaterorum
2440 5460 2657 5513 quoque
2703 5446 3088 5506 animantium,
3143 5444 3405 5503 ferarum,
3455 5442 3660 5505 miunt,

2090 5540 2361 5609 reptilium
2397 5553 2624 5604 corpora
2662 5548 2790 5591 sunt
2828 5539 3126 5606 composita
3167 5552 3183 5601 ;
3215 5537 3309 5592 sed
3346 5535 3490 5588 illius
3522 5548 3663 5587 cur—

2091 5644 2214 5700 pns,
2267 5629 2358 5685 Dei
2412 5628 2583 5700 ipsius
2622 5637 2707 5684 cst
2754 5629 3009 5684 manibus
3039 5626 3427 5698 informatum,
3468 5627 3660 5681 bonum
