4094 6156
401 325 498 393 541

1535 337 1631 397 DE
1672 335 2072 397 ΡᾹΠᾹΙΗδΟ.
2117 361 2186 371 ο-
2228 338 2421 400 PARS
2464 338 2512 397 ῐ.

3553 328 3657 389 542

397 440 680 495 vocabulis
704 452 912 510 queunt
955 445 1229 514 appellare
1257 462 1271 498 :
1318 445 1384 499 Et
1423 445 1629 499 Adumo
1689 463 1790 498 non
1827 448 1964 498 inre-
1998 450 2036 504 Λ
2070 447 2399 518 gerebantur
2423 459 2627 516 :eaque
2654 459 2763 500 non
2785 445 2944 501 aliter
2973 443 3516 514 intelligerentquan
3542 462 3662 509 vlt'm

397 532 643 586 niebatnr
691 534 1016 597 adiutorium
1050 537 1224 607 qualis
1255 538 1421 604 ipsius
1482 546 1618 590 erat.
1670 535 1970 606 Haudqua-

401 639 562 693 quant
596 625 958 679 existimanda
1012 636 1142 681 sunt
1196 627 1308 682 lucc
1345 628 1504 682 verba
1557 643 1656 698 pro
1709 643 1975 697 responso

399 720 521 773 data
544 732 669 771 esse
698 718 936 786 cuipiam
973 736 987 770 :
1024 720 1145 788 quis
1174 719 1319 774 enim
1346 721 1683 791 interrogare
1707 721 1978 791 potuisset

395 828 526 866 num
559 815 802 866 Adatnns
823 812 1042 868 haberet
1079 814 1387 869 subsidium
1425 816 1526 870 sibi
1559 816 1760 874 simile.
1792 832 1972 885 quan—

396 907 465 957 do
509 915 706 974 prieter
748 905 900 958 illum
929 907 1097 960 etiam
1129 918 1247 960 tum
1282 921 1444 963 nemo
1475 915 1594 960 erat
1645 907 1974 962 hominum?

397 995 600 1050 Verum
625 1005 874 1066 spectant
903 997 971 1051 ad
1013 1001 1448 1068 cognoscendum
1503 1003 1795 1056 discrimen
1834 1003 1978 1056 inter

395 1091 528 1146 Δάαι
555 1089 929 1144 conditionem
963 1101 1018 1145 et
1039 1099 1360 1148 ceterorum
1386 1095 1744 1148 animantium
1767 1097 1978 1152 ratione

397 1183 704 1238 carentium
737 1184 792 1234 in
817 1197 884 1234 eo
917 1185 1154 1253 positum
1182 1187 1328 1254 quod
1361 1185 1414 1239 in
1448 1186 1533 1242 bis
1556 1201 1674 1242 mas
1701 1197 1754 1242 et
1777 1187 1975 1244 teritina

395 1275 515 1346 pari
537 1283 663 1328 ortu
695 1274 860 1330 simul
885 1275 1231 1342 exstiterint;
1267 1277 1320 1331 itt
1352 1292 1549 1346 genere
1575 1292 1707 1332 vero
1736 1280 1979 1336 humano

395 1365 569 1421 Adam
604 1365 760 1420 Solus
789 1365 1044 1420 conditus
1067 1366 1159 1431 sit,
1202 1374 1258 1421 et
1284 1367 1481 1422 deinde
1506 1383 1574 1423 ex
1607 1369 1730 1439 ipso
1751 1369 1974 1426 femina.

467 1455 659 1524 Qualis
679 1457 841 1526 fuerit
863 1459 1058 1512 Διίαωί
1107 1475 1342 1514 somnus.
1380 1491 1444 1501 --
1496 1458 1566 1513 Et
1615 1463 1833 1514 immisit
1871 1461 1975 1514 Do-

397 1552 573 1606 minus
605 1549 742 1604 Deus
773 1552 829 1605 in
857 1550 1119 1604 Adamnan
1153 1552 1402 1621 quietem.
1431 1561 1481 1606 et
1509 1551 1843 1608 obdormivit.
1866 1551 1976 1606 No-

396 1643 622 1699 tandum
654 1655 756 1707 est,
782 1659 879 1714 pro
901 1644 1085 1714 quiete
1110 1645 1162 1698 in
1185 1642 1374 1699 Graeco
1407 1644 1670 1698 ἔκστασιν
1697 1664 1710 1699 :
1734 1645 1841 1698 hoc
1869 1653 1978 1711 est,

396 1734 600 1788 tuentis
627 1745 931 1802 stuporem,
973 1749 1100 1791 esse
1138 1737 1402 1806 scriptum
1434 1750 1449 1801 ;
1483 1738 1536 1788 in
1592 1734 1820 1791 llebrmo
1847 1751 1980 1790 vero

2076 540 2252 595 oculis
2276 541 2612 610 auribusque
2643 537 2925 608 corporeis
2953 553 3136 593 curam
3161 538 3276 591 ticri
3303 529 3546 589 viden-nt
3580 548 3662 589 at—

2078 647 2187 702 que
2215 631 2491 696 audirent,
2512 632 2708 686 deinde
2737 630 2908 686 radiis
2930 629 3233 686 divinarum
3271 628 3658 682 t-evelationum

2074 734 2296 799 pectora
2315 725 2554 794 ipsorum
2575 722 2958 778 collustrabat:
2986 722 3371 776 revelationum
3391 721 3658 788 (inquam)

2075 832 2264 874 earum
2291 831 2474 872 rerum
2498 832 2621 886 qua:
2645 824 2738 869 aut
2769 822 3051 868 eventura:
3075 821 3253 871 erant.
3277 819 3371 864 aut
3397 811 3508 878 jam
3534 818 3650 862 tum

2075 912 2411 967 acciderant.
2438 907 2642 962 Verum
2664 907 2965 960 illiusmodi
2993 904 3354 958 revelationes
3383 902 3580 957 divinae
3609 913 3653 955 cl

2077 1001 2315 1072 Spiritus
2338 1001 2516 1056 sancti
2552 999 2803 1053 ei‘l‘tcaees
2851 999 3118 1059 actiones,
3171 995 3457 1064 prophetis
3524 995 3659 1060 ﬁgi-

2081 1094 2322 1150 lantibus
2346 1091 2734 1162 contingebant
2761 1106 2776 1153 ;
2811 1086 2874 1144 at,
2919 1088 3129 1142 Adamo
3161 1087 3454 1142 dormienti
3486 1086 3656 1138 obve-

2078 1186 2160 1239 nit
2184 1199 2339 1239 sacra
2371 1182 2460 1237 illa
2489 1182 2827 1236 rcvelatiorei
2870 1196 2990 1247 qu:e
3042 1179 3186 1235 circa
3220 1179 3369 1233 il’um
3401 1177 3664 1247 agebatur

2080 1275 2138 1331 itt
2176 1275 2459 1332 condenda
2482 1292 2546 1330 ex
2584 1274 2700 1344 ipso
2725 1273 2856 1328 Eva.
2893 1269 3019 1327 Fuit
3059 1271 3222 1342 igitur
3246 1286 3311 1325 ea
3343 1272 3458 1327 sive
3507 1273 3665 1337 qu‘cs

2081 1372 2197 1426 sive
2270 1367 2550 1428 ἔκστασις.
2606 1381 2713 1436 qua
2791 1366 2934 1420 Deus
3002 1366 3269 1418 Adamum
3320 1363 3666 1418 devinciebat

2079 1461 2304 1533 quando
2324 1463 2496 1529 ipsius
2509 1461 2814 1515 detractant
2833 1458 3048 1526 corpori
3068 1455 3446 1511 cottt‘ormztbat
3469 1457 3661 1522 Evam,

2086 1555 2161 1608 illi
2199 1552 2397 1610 similis
2438 1566 2609 1608 sat-r2
2648 1550 2842 1606 visioni
2905 1564 3014 1618 qua
3078 1549 3352 1602 Abt-altam
3406 1544 3668 1602 cernebat

2083 1646 2386 1715 lampadem
2418 1644 2562 1714 ignis
2589 1643 2927 1721 incedentem
2949 1643 3089 1694 inter
3114 1638 3286 1694 frusta
3309 1637 3380 1702 ⁸⁵.
3398 1651 3508 1708 qua
3531 1637 3668 1694 Eze-

2082 1737 2226 1791 chiel
2255 1735 2503 1790 invectus
2549 1732 2899 1789 Clterubinos
2928 1733 2997 1797 ⁸⁸,
3033 1747 3142 1801 qua
3181 1729 3353 1788 Isaias
3376 1729 3548 1786 Deum
3578 1742 3670 1786 ss-

395 1838 676 1881 sonmum.
711 1826 982 1879 Caeterum
1025 1840 1093 1880 eo
1121 1828 1270 1896 quod
1333 1827 1432 1892 ait.
1471 1826 1638 1880 Deum
1678 1827 1893 1880 misisse
1924 1826 1978 1877 in
2012 1806 2055 1864 Β
2080 1832 2298 1886 dentem
2339 1829 2392 1883 in
2429 1828 2556 1883 sedc
2586 1827 2807 1882 sublimi
2844 1827 3289 1896 Serapltinosque
3323 1831 3533 1878 stantes
3561 1822 3672 1879 cir-

304 1979 308 1982 ,
394 1919 687 1981 Adatnttm,
720 1921 962 1989 quietem
985 1921 1102 1974 sive
1130 1921 1327 1976 mentis
1359 1929 1640 1988 stuporem
1662 1957 1681 1983 ,
1707 1920 1977 1988 arguitur,

397 2029 506 2065 non
541 2018 752 2066 natura:
781 2012 1188 2066 necessitudine
1240 2027 1501 2068 sonnutn
1567 2012 1720 2066 tilum
1761 2011 1976 2067 Adamo

394 2103 717 2167 accessisse,
748 2106 845 2158 sed
878 2103 990 2157 Deo
1036 2105 1387 2161 conciliante.
1416 2105 1608 2171 Qualis
1647 2119 1778 2159 vero
1813 2103 1981 2159 fuerit

397 2197 490 2252 illa
518 2196 696 2266 quies.
737 2207 833 2249 aut
863 2195 1142 2260 εκστασις,
1177 2197 1224 2250 si
1254 2197 1379 2266 quis
1408 2204 1642 2267 qus-rat,
1676 2194 1978 2265 responde-

395 2301 525 2345 tuus
573 2287 725 2341 haud
759 2287 994 2343 similent
1026 2291 1310 2344 consuetis
1341 2289 1449 2344 illis
1484 2287 1656 2344 fuisse.
1688 2289 1890 2358 quibus
1921 2297 1981 2342 ut

395 2381 666 2446 solemus,
696 2391 907 2435 natura
933 2381 1298 2451 indulgentes.
1339 2381 1581 2436 Primum
1611 2383 1756 2436 enim
1783 2397 1850 2436 eo
1881 2395 1977 2436 so-

398 2487 534 2542 pore
566 2471 833 2532 immisso,
855 2473 1087 2537 obduxit
1113 2471 1465 2530 DcusAdatni
1502 2486 1735 2528 mentem
1765 2490 1792 2527 a
1816 2474 1981 2531 rebus

395 2570 659 2625 munibus
697 2580 819 2636 qua:
873 2570 993 2623 visu
1029 2569 1112 2624 \cl
1180 2571 1284 2624 alio
1320 2573 1517 2640 quovis
1566 2589 1729 2627 sensu
1775 2571 1980 2642 percipi

402 2662 630 2730 possint,
658 2671 824 2730 atque.
853 2662 926 2715 ita
957 2676 1152 2717 somno
1177 2677 1242 2716 co
1260 2662 1438 2718 ail‘ccit
1462 2675 1519 2718 ut
1551 2665 1764 2718 illarum
1799 2674 1982 2720 rerum

400 2766 630 2821 prorsus
671 2752 876 2806 nullam
902 2752 1133 2807 sentiret
1170 2771 1183 2807 :
1224 2754 1482 2807 nimirum
1544 2754 1716 2822 ipsius
1771 2754 1984 2825 eogita~

403 2842 580 2895 tiones
621 2843 838 2910 penitus
887 2841 958 2895 ab
997 2845 1454 2908 occupationibus
1503 2862 1688 2899 return
1744 2848 1982 2901 munda-

403 2949 599 2987 narum
633 2933 896 2989 omnibus
938 2935 1011 2988 ita
1045 2936 1262 3006 collegit
1297 2946 1359 2990 ut
1395 2940 1503 2991 alio
1533 2949 1767 2993 mentem
1824 2954 1981 2995 suam

403 3026 513 3089 ille,
529 3039 696 3096 quam
724 3027 778 3079 in
813 3025 1056 3096 seipsutn
1087 3042 1153 3082 ac
1182 3031 1326 3083 circa
1354 3045 1494 3092 sese,
1534 3046 1639 3084 non
1670 3033 1982 3089 intenderet

2081 1942 2148 1980 cu
2175 1942 2206 1979 ιι
2240 1923 2420 1994 ipsum
2464 1924 2514 1956 “
2544 1938 2560 1990 ;
2606 1921 2842 1992 denique
2871 1937 2978 1989 qua
3023 1918 3220 1976 Petrus
3263 1919 3602 1976 descendens
3629 1928 3664 1974 ο

2081 2020 2226 2076 cutio
2271 2018 2453 2072 velunt
2486 1996 2850 2072 contuebatur
2878 2015 2946 2069 ".
2979 2014 3154 2084 Atque
3209 2013 3331 2067 hac
3383 2010 3655 2066 hactenus

2082 2114 2150 2168 de
2180 2113 2368 2182 quiete
2394 2113 2508 2166 sive
2527 2110 2937 2178 exstasi,quam
2967 2107 3108 2164 licus
3139 2103 3666 2176 Adamoinjiciebat,

2081 2207 2226 2263 dicta
2260 2222 2290 2261 a
2325 2206 2485 2261 nobis
2532 2213 2716 2258 sunto.
2755 2203 2889 2258 Illud
2948 2215 3115 2271 porro
3181 2199 3330 2270 quod
3379 2197 3667 2260 scribitur,

2081 2299 2393 2355 dormiriue
2415 2299 2704 2360 Adamum,
2728 2291 2970 2350 ostendit
2996 2293 3173 2362 ipsum
3204 2291 3385 2346 adhuc
3416 2289 3666 2360 ignarum

2079 2388 2214 2460 quid
2240 2390 2316 2442 rei
2347 2398 2491 2444 esset
2539 2400 2793 2447 somnus,
2849 2399 2910 2439 se
2939 2383 3147 2438 nudum
3188 2383 3340 2434 humi
3373 2379 3664 2449 abiecisse,

2084 2493 2251 2552 atque
2273 2482 2576 2545 stertuisse,
2609 2480 2702 2534 scd
2726 2478 2979 2533 ittdutum
3010 2478 3226 2530 interim
3255 2476 3450 2546 gloria.
3475 2472 3665 2544 splen-

2085 2575 2411 2644 dentemque
2438 2573 2571 2629 solis
2600 2573 2652 2627 itt
2684 2585 2890 2627 morem
2913 2568 3102 2625 .Pnrro
3135 2571 3188 2622 in
3212 2566 3660 2637 disquisitionem

2085 2678 2268 2722 autem
2302 2667 2390 2719 hic
2423 2665 2594 2729 venit,
2632 2680 2762 2718 num
2795 2679 2893 2734 per
2929 2661 3263 2719 insomnium
3312 2659 3511 2714 viderit
3538 2672 3673 2714 cos-

2084 2770 2196 2817 tam
2223 2775 2346 2830 quae
2382 2756 2485 2813 sibi
2530 2757 2976 2820 subtraltel-atnr,
3028 2765 3189 2826 atque
3218 2749 3672 2810 eoniormabatttr

2085 2854 2143 2910 in
2173 2852 2456 2916 ieminam,
2482 2865 2550 2905 an
2575 2865 2706 2906 vero
2735 2851 2910 2921 reipsa
2927 2866 3048 2905 eam
3069 2857 3280 2904 costam
3312 2847 3544 2902 intuitus
3562 2845 3675 2901 sit?

2088 2946 2506 3017 “capondemus
2547 2958 2700 3006 vero,
2726 2958 2854 2996 cum
2895 2934 3120 2998 minimc
3140 2951 3351 2999 costam
3380 2941 3554 3010 ipsam
3584 2957 3674 2994 reo

2090 3052 2214 3093 vera
2262 3035 2564 3105 aspexisse,
2596 3048 2724 3089 cum
2754 3034 3038 3087 dormierit
3072 3051 3088 3087 :
3143 3048 3321 3102 neque
3383 3033 3546 3087 etiam
3577 3045 3673 3099 rer

401 3132 494 3177 aut
524 3132 761 3178 verteret
794 3139 810 3178 :
841 3125 1039 3179 deinde
1071 3127 1460 3182 revelationetn
1494 3128 1594 3194 ipsi
1620 3129 1837 3193 indidit,
1862 3144 1970 3198 qua
2011 3159 2054 3218 ε
2085 3127 2424 3186 insomnium
2473 3126 2493 3196 (
2519 3139 2837 3197 quanquam
2895 3141 3004 3179 non
3062 3124 3375 3195 negandum
3423 3123 3494 3178 sit
3546 3135 3670 3178 esse

401 3215 571 3272 veluti
600 3216 782 3271 divina
813 3217 1072 3288 quapiam
1105 3216 1418 3284 ellieientia,
1455 3221 1537 3273 sic
1569 3221 1659 3274 ille
1683 3233 1976 3287 compara-

403 3309 590 3376 batur,
637 3319 697 3363 ιιι
737 3323 836 3380 per
855 3309 1052 3363 anime
1081 3325 1194 3364 sua:
1225 3321 1405 3367 utotns
1435 3311 1714 3380 viresque,
1773 3312 1982 3368 videret

397 3411 565 3474 atque
614 3401 831 3456 audiret
860 3411 1057 3456 cuncta
1090 3415 1212 3473 qua
1241 3403 1424 3472 seipso
1453 3418 1517 3457 ac
1558 3405 1707 3458 circa
1743 3419 1811 3460 se
1847 3417 1981 3475 age-

400 3499 624 3552 bantur.
680 3494 934 3549 Permisit
951 3495 1098 3549 enim
1123 3497 1228 3564 ipsi
1262 3504 1322 3551 ut
1357 3510 1466 3552 non
1499 3496 1658 3553 aliter
1677 3498 1820 3568 apud
1852 3496 1979 3552 ani-

398 3603 550 3643 mum
581 3602 744 3642 suum
776 3597 1021 3642 versaret
1055 3597 1447 3659 reputat-etque
1473 3605 1540 3644 ac
1566 3598 1752 3644 certus
1780 3589 1976 3645 redde-

396 3685 548 3734 retur
567 3678 712 3748 quod
726 3689 876 3733 costa
903 3679 1004 3734 sibi
1030 3679 1372 3734 eximebatur
1403 3685 1641 3748 atquein
1677 3681 1973 3736 mulierem

394 3769 856 3835 concinnabatur,
902 3785 1067 3839 quam
1126 3769 1173 3823 si
1204 3771 1382 3825 oculis
1410 3774 1751 3842 auribusque
1779 3786 1982 3842 corpo-

400 3863 512 3916 reis
547 3876 680 3917 usus
709 3877 825 3919 rem
846 3863 1024 3933 ipsam
1086 3865 1315 3920 vidissrt
1363 3873 1417 3918 et
1462 3865 1786 3919 audivisset.
1846 3861 1984 3918 Nam

399 3963 649 4023 cocaptu
681 3955 875 4020 animi,
912 3957 1009 4025 qui
1050 3957 1269 4010 videndi
1326 3955 1692 4026 audiendique
1732 3954 1986 4011 sensibus

400 4047 785 4117 responderet,
820 4048 940 4102 ideo
978 4048 1160 4118 ipsum
1190 4048 1487 4103 intirmavit
1516 4048 1661 4103 Deus
1685 4062 1796 4116 quo
1826 4047 1984 4117 peni-

398 4152 490 4196 tus
511 4139 662 4195 cordi
698 4140 872 4207 ipsius
918 4141 1027 4195 tixa
1071 4144 1301 4198 haereret
1349 4142 1629 4209 mentique
1658 4149 1808 4195 certa
1845 4154 1985 4195 con-

403 4236 574 4284 Staret
616 4244 704 4284 res
739 4229 829 4284 illa
882 4245 1006 4299 qua:
1058 4231 1323 4300 agebatur
1354 4248 1370 4297 ;
1400 4230 1836 4301 intelligeretque
1896 4229 1987 4286 ille

401 4335 463 4376 se
494 4308 604 4377 non
650 4319 886 4374 fantasia
920 4324 1178 4390 quapiam
1213 4330 1381 4391 atque
1423 4335 1562 4377 vana
1594 4319 1986 4392 imaginatione

403 4415 754 4471 aeductum‘a
796 4431 924 4470 vero
948 4432 1091 4476 esse.
1128 4421 1221 4473 sed
1253 4432 1368 4471 rem
1424 4419 1598 4486 ipsam
1637 4419 1981 4487 percepisse:

2079 3222 2337 3290 quaedam
2375 3218 2648 3274 insomnia
2682 3233 2831 3281 vera,
2864 3218 3170 3287 cujusmodi
3202 3215 3356 3271 tuere
3402 3214 3495 3270 illa
3546 3229 3671 3284 qua

2078 3313 2322 3384 Josepho
2346 3322 2644 3369 evenerunt
2673 3321 2730 3369 et
2753 3310 3047 3374 Pharaoni,
3085 3310 3214 3364 item
3239 3305 3445 3362 Danieli
3477 3315 3530 3360 et
3558 3303 3673 3360 Na-

2085 3407 2555 3473 buchodonosori,
2578 3415 2742 3475 atque
2771 3408 2935 3460 etiam
2967 3402 3210 3474 Josepho
3238 3401 3424 3455 Mariae
3442 3413 3673 3470 sponso,

2063 3497 2320 3567 'denique
2352 3499 2509 3553 uxori
2547 3496 2730 3558 Pilati,
2769 3496 3166 3565 eompluraque
3200 3491 3305 3548 alia
3368 3491 3533 3562 hujus
3563 3507 3660 3560 ge-

2088 3591 2260 3662 neris)
2291 3592 2388 3646 sed
2420 3603 2517 3661 per
2565 3589 2805 3644 divinam
2839 3588 3253 3648 revelationem.
3285 3602 3410 3641 cum
3469 3579 3670 3642 sonmo

2090 3693 2272 3738 tamen
2306 3682 2520 3736 interim
2551 3690 2700 3736 esset
2726 3681 2842 3749 ipse
2896 3688 3226 3749 occupatus.
3262 3678 3533 3735 Caeterum
3585 3680 3672 3735 di-

2088 3775 2230 3828 vina?
2258 3774 2618 3829 revelationes
2654 3788 2759 3824 non
2799 3786 2910 3825 uno
2935 3785 3128 3824 omnes
3158 3772 3319 3825 modo
3345 3769 3667 3826 hominibus

2085 3867 2272 3924 olierri
2301 3868 2478 3922 solent
2502 3886 2515 3920 :
2542 3865 2635 3921 sed
2653 3865 2851 3932 partim
2880 3863 3286 3932 repraesentatis
3313 3862 3482 3933 rebus
3509 3861 3674 3932 ipsis.

2089 3964 2211 4018 alias
2241 3975 2336 4030 per
2371 3958 2645 4014 insomnia
2683 3972 2698 4012 :
2730 3957 2968 4023 denique
2995 3957 3271 4009 nonnulla:
3296 3956 3459 4008 etiam
3490 3966 3673 4024 neque

2090 4070 2184 4123 per
2208 4068 2298 4109 res
2327 4052 2478 4121 ipsas
2507 4064 2689 4120 neque
2735 4065 2831 4118 per
2863 4049 3158 4112 insomnia,
3201 4048 3296 4102 sed
3333 4062 3430 4118 per
3471 4046 3674 4104 anima

2090 4161 2290 4202 sensus
2313 4183 2330 4211 ,
2362 4143 2598 4199 occlusis
2647 4143 2857 4198 scilicet
2902 4142 3159 4197 sensibus
3188 4141 3440 4212 corporis
3477 4156 3494 4194 :
3529 4138 3676 4196 sicut

2088 4240 2250 4294 nobis
2277 4235 2690 4302 usuvcttit,dnm
2722 4233 2923 4289 clausis
2949 4234 3128 4289 ouilia
3162 4231 3546 4300 obtura‘tisque
3569 4242 3675 4286 att~

2090 4330 2244 4385 ribus
2279 4326 2666 4397 cogitationem
2707 4335 2952 4380 nostram
2979 4327 3055 4377 ita
3099 4323 3437 4378 intendimus
3463 4321 3516 4375 in
3555 4315 3669 4376 ηιὶι

2089 4421 2409 4490 quampiam
2445 4430 2733 4481 remotam,
2773 4427 2833 4472 ut
2870 4430 3047 4487 neque
3090 4417 3379 4470 audiamus
3408 4414 3540 4468 illos
3572 4411 3671 4484 qui

399 4520 512 4562 non
545 4507 706 4560 aliter
739 4515 904 4578 atque
936 4509 1095 4561 nobis
1126 4510 1343 4570 accidit,
1382 4510 1476 4578 qui
1515 4510 1646 4564 dum
1680 4508 1854 4563 oculis
1879 4509 1984 4562 ali-
2017 4523 2059 4577 υ
2087 4527 2193 4567 nos
2221 4525 2288 4566 es
2353 4511 2658 4580 propinquo
2724 4509 3102 4579 alloquuntur,
3155 4520 3334 4576 neque
3363 4506 3669 4561 videamus.

402 4599 530 4668 quid
563 4599 841 4654 cernimus
875 4602 1213 4670 auribusque
1243 4603 1518 4665 audimus,
1550 4617 1679 4655 vere
1701 4617 1802 4656 nos
1833 4601 1978 4669 quod

403 4699 598 4743 resest
623 4689 884 4743 didicisse
911 4690 1120 4745 scimus
1152 4708 1166 4741 :
1202 4701 1332 4744 sunt
1358 4691 1509 4745 enim
1545 4692 1656 4746 duo
1684 4691 1763 4746 ilti
1789 4706 1983 4746 sensus

402 4783 607 4849 (visum
655 4781 802 4845 dico,
850 4783 1210 4849 auditumque
1237 4781 1258 4842 δ
1289 4783 1343 4836 itt
1375 4784 1528 4837 omni
1582 4800 1640 4838 re
1683 4783 1978 4839 certissimi

402 4872 652 4927 veritatis
675 4881 860 4926 testes.
891 4871 956 4926 Et
978 4888 1108 4925 Vero
1140 4883 1198 4926 ut
1227 4875 1315 4928 ltic
1337 4890 1461 4928 cum
1481 4875 1710 4936 Adamo,
1747 4874 1819 4929 ita
1842 4875 1982 4931 alias

401 4976 524 5017 cum
562 4962 768 5014 sanctis
796 4961 1076 5029 prophetis
1105 4964 1297 5028 agebat
1325 4976 1544 5032 quaque
1579 4962 1723 5018 Deus
1755 4965 1978 5032 quando

401 5054 643 5122 ipsorum
675 5063 897 5121 pectora
923 5052 1127 5107 divinis
1159 5054 1278 5108 suis
1330 5053 1759 5110 revelationibus
1814 5055 1976 5111 illus-

401 5146 582 5199 trahat
615 5161 629 5196 :
668 5154 797 5200 ante
827 5145 1014 5200 omnia
1048 5145 1194 5200 enim
1227 5145 1529 5200 abducebat
1553 5147 1800 5214 ipsorum
1821 5161 1978 5200 men-

402 5244 486 5290 tes
515 5234 984 5305 cogitationesque
1019 5236 1087 5288 ab
1117 5237 1375 5292 omnibus
1404 5235 1568 5291 rebus
1588 5237 1978 5307 spectabilibus

403 5327 580 5380 autin
609 5328 860 5395 quemvis
882 5325 1050 5380 alium
1075 5342 1296 5384 sensum
1319 5328 1642 5384 cadentibus
1674 5339 1838 5398 atque
1863 5342 1981 5384 ma-

403 5417 631 5480 teriatio,
651 5427 707 5473 et
737 5421 896 5487 plane
911 5419 979 5470 ab
1003 5420 1150 5473 omni
1177 5421 1578 5474 mundanorum
1606 5435 1789 5476 rerum
1813 5435 1980 5477 occu-

403 5510 656 5576 patione:
690 5511 1039 5576 quo,tnenti's
1068 5512 1454 5580 agitationibus
1495 5512 1780 5583 animique
1829 5514 1980 5583 cogi-

408 5601 701 5656 tationibus
727 5601 936 5656 intente
955 5605 1472 5672 contemplarentur
1493 5619 1555 5660 ea
1577 5619 1698 5675 qua:
1745 5607 1885 5676 apud
1918 5623 1976 5662 se

472 5705 520 5745 ⁸⁸
561 5711 671 5788 ⁴ἶ⁴ῗη
742 5731 828 5782 XV,
864 5717 950 5769 i7.
1024 5715 1070 5750 ⁸⁸
1118 5709 1293 5778 Eteclt
1339 5737 1393 5788 χ,
1429 5710 1451 5776 Ἰ
1531 5720 1710 5778 '“isa.
1766 5738 1840 5788 τι,
1888 5722 1940 5777 9..

408 5803 512 5840 ut.
591 5785 774 5840 "Dan.
814 5804 873 5840 ιι.
910 5789 950 5840 l.

2020 5722 2063 5754 ⁸⁷
2097 5725 2218 5777 Act.
2253 5738 2306 5786 ιι,
2355 5722 2434 5776 ll.

2095 4606 2439 4660 Suntautem
2498 4603 2883 4668 revelationes,
2937 4617 3059 4670 quae
3115 4615 3211 4670 per
3246 4613 3337 4654 res
3388 4597 3676 4664 θυμω.

2087 4695 2329 4764 jusmodi
2367 4693 2467 4748 fuit
2508 4693 2639 4747 illud
2692 4691 2862 4746 Musis
2917 4694 3116 4757 visum,
3181 4705 3293 4760 quo
3335 4689 3518 4760 ignem
3573 4703 3673 4742 ru-

2088 4786 2324 4854 buntqttc
2383 4785 2585 4853 ipsum,
2636 4792 2689 4837 et
2745 4797 2942 4838 castera
2987 4783 3207 4837 videbat
3268 4781 3357 4847 “;
3420 4794 3502 4835 ea
3542 4789 3672 4834 'vero

2088 4891 2210 4945 quae
2255 4890 2348 4943 per
2373 4876 2609 4937 somnia,
2645 4875 2838 4942 quales
2875 4873 3048 4938 luere,
3075 4870 3299 4940 Iosephi
3325 4880 3383 4928 et
3421 4868 3666 4926 Pharao-

2088 4969 2174 5024 nis
2194 4968 2264 5032 ιθ,
2293 4976 2455 5035 atque
2485 4963 2726 5020 Danielis
2752 4973 2810 5020 et
2835 4964 3392 5021 Nabuchodonosoris
3415 4965 3487 5017 “.
3519 4964 3655 5031 Qua

2092 5073 2270 5128 neque
2291 5059 2492 5126 reipsa,
2523 5071 2702 5124 neque
2739 5068 2834 5125 per
2858 5055 3188 5110 insomnium
3218 5054 3494 5114 accidunt,
3522 5053 3670 5109 illius

2089 5160 2220 5206 sunt
2249 5148 2465 5218 generis
2520 5147 2680 5217 cuius
2718 5156 2879 5202 erant
2918 5159 3055 5216 quas
3099 5145 3318 5201 videbat
3365 5145 3666 5206 Abraham.

2090 5241 2261 5307 Isaac,
2308 5239 2529 5306 Petrus,
2561 5250 2618 5294 et
2651 5241 2754 5294 hoc
2784 5240 2908 5294 loco
2935 5239 3131 5293 Adam.

2164 5331 2273 5385 Cur
2302 5332 2508 5385 Adamn
2538 5332 2822 5385 dormienti
2850 5333 3024 5400 potius
3057 5342 3214 5399 quam
3239 5327 3491 5398 vigilanti
3516 5340 3668 5391 crep-

2091 5434 2145 5480 ια
2169 5434 2334 5478 caua.
2379 5453 2445 5468 ι·-
2502 5422 2648 5477 Solet
2677 5433 2728 5476 et
2772 5423 2902 5476 illud
2931 5422 3124 5490 qumri,
3150 5436 3251 5476 cur
3281 5436 3388 5475 non
3418 5418 3661 5490 vigilanti

2090 5515 2322 5574 Adamn,
2366 5511 2461 5566 sed
2497 5513 2789 5566 dormienti
2849 5524 3058 5567 costam
3093 5512 3235 5567 Deus
3283 5507 3666 5566 subtraxerit!

2089 5605 2256 5674 Atqui
2290 5606 2334 5660 si
2369 5606 2610 5673 vigilanti
2654 5607 2967 5666 exemisset,
3017 5607 3213 5660 horum
3246 5605 3350 5675 ipsi
3385 5606 3664 5658 evenisset

2514 5721 2559 5755 "
2616 5723 2781 5779 Exul.
2839 5740 2916 5790 Ill,
2976 5725 3030 5779 2.
3109 5723 3151 5758 ³³
3186 5722 3320 5780 Gen.
3365 5732 3660 5791 suimet
