4094 6156
452 308 558 373 543

1730 307 1958 368 MOSIS
1996 305 2147 365 ΒΑΚ
2186 306 2433 368 CEPIIA

3593 306 3695 371 5H

448 426 796 481 atto-rutrum.
828 428 888 472 ut
915 428 1010 473 aut
1051 418 1261 473 doloris
1290 433 1454 473 sensu
1487 417 1673 488 aliquo
1708 419 2021 471 aftleeretur
2050 422 2095 479 Α
2127 413 2337 483 Tertia,
2377 425 2437 470 ut
2485 417 2724 473 arctiore
2777 419 3179 490 constringeret
3223 434 3409 475 amore
3441 422 3622 476 virum
3650 434 3705 481 et

449 512 504 566 in
552 510 849 565 auferenda
892 520 1077 571 costa;
1107 517 1201 563 aut
1232 509 1403 562 nullo.
1438 506 1558 561 Jam
1591 522 1720 562 vero
1740 508 1784 562 si
1817 507 2027 563 doluis-

448 614 533 659 set
562 644 577 663 ,
636 602 822 657 odium
886 604 1149 657 adversus
1180 602 1468 670 coniugem
1505 618 1660 655 suam
1705 601 1869 656 Evam
1896 618 2026 655 con-

450 695 683 763 cepisset
717 713 731 749 :
772 694 860 749 sin
921 694 1067 748 nullo
1108 704 1285 749 tactus
1340 693 1531 747 fuisset
1569 694 1781 754 dolore,
1842 695 2028 748 existi-

453 798 659 841 masset
700 785 889 839 falsam
922 786 1185 839 duntaxat
1224 784 1669 852 imaginationem
1711 782 1882 837 fuisse
1904 799 2025 838 eam

450 890 572 944 qua:
602 876 669 929 de
708 875 835 930 Eva:
868 876 1181 930 conditione
1229 890 1333 930 suo
1385 876 1576 929 animo
1610 875 2027 942 obversabatur,

451 984 627 1037 neque
659 971 837 1037 reipsa
867 978 923 1023 et
954 985 1080 1023 vere
1109 970 1411 1025 accedisse.
1445 967 1642 1023 Imbuit
1674 968 1839 1039 igitur
1872 970 2026 1023 illum

451 1074 648 1113 somno
697 1059 838 1115 Deus
864 1075 930 1114 ne
970 1060 1102 1130 quid
1136 1060 1346 1114 doloris
1402 1059 1634 1113 sentiret
1655 1060 1783 1113 dum
1810 1068 2021 1115 costam

452 1154 727 1207 amitteret
758 1170 775 1208 :
836 1169 1134 1224 rursusque
1164 1153 1342 1208 effecit
1382 1163 1441 1208 ut
1465 1153 1777 1208 intellectus
1802 1155 1884 1209 Sui
1920 1168 2031 1208 mo-

452 1256 534 1309 tu,
575 1258 784 1301 costam
830 1248 934 1301 sibi
967 1248 1157 1311 adimi,
1184 1249 1349 1318 inque
1394 1245 1561 1302 Evam
1594 1248 1911 1303 roncinnari
1947 1249 2030 1302 vi-

452 1339 636 1393 derit:
679 1355 792 1407 quo
824 1356 887 1392 ea
928 1356 1016 1394 res
1063 1340 1237 1410 ipsius
1276 1341 1462 1395 animo
1489 1341 1755 1410 impressa
1814 1341 2031 1410 fixaque

452 1430 667 1499 penitus
698 1443 877 1485 mente
902 1436 1149 1496 haereret,
1185 1449 1357 1501 neque
1380 1432 1514 1487 falsa
1549 1434 1623 1487 rei
1678 1432 1859 1502 imago
1882 1436 2032 1487 esis-

454 1523 772 1589 timaretur;
805 1526 918 1578 lucc
950 1540 1078 1578 vero
1124 1525 1293 1578 animi
1340 1523 1695 1594 intelligentia
1736 1534 1899 1594 atque
1931 1540 2030 1579 uo.

453 1616 530 1669 tio
583 1631 648 1669 es
695 1616 879 1671 divina
948 1627 1035 1670 est
1091 1627 1207 1669 orta
1248 1616 1597 1682 revelatione,
1655 1625 1710 1669 et
1742 1617 2027 1672 instinctu.

451 1707 621 1778 Igitur
644 1724 750 1764 non
779 1712 1082 1765 naturalem
1113 1725 1366 1765 somnum
1397 1718 1453 1765 et
1479 1711 1740 1765 usitatum
1763 1710 1913 1764 illum
1931 1711 2032 1765 im-

452 1800 606 1855 misit
647 1802 855 1855 Adamn
914 1802 1079 1866 Deus,
1109 1816 1217 1870 quo
1245 1800 1497 1855 effectum
1558 1810 1645 1856 est
1704 1816 1772 1856 ne
1806 1804 2034 1857 sentiret

452 1890 718 1958 dolorem,
751 1909 1003 1965 aegreque
1040 1894 1265 1950 haberet
1298 1893 1427 1948 dum
1475 1894 1578 1949 sibi
1648 1905 1799 1950 costa
1850 1895 2034 1951 deme-

454 1993 607 2039 retur
639 2005 654 2042 :
689 2001 753 2042 ex
809 2001 919 2059 quo
953 1988 1142 2042 dolore
1185 1987 1420 2042 subinde
1455 1988 1510 2042 in
1564 1988 1884 2043 memoriam
1925 1988 2029 2043 sibi

453 2087 793 2142 recurrente,
850 2077 1028 2133 hostis
1070 2078 1332 2133 adversus
1388 2093 1509 2133 eam
1574 2078 1858 2133 mulierem
1915 2079 2030 2135 fieri

455 2166 751 2239 potuisset,
792 2184 914 2239 quae
958 2168 1027 2223 ab
1062 2170 1183 2237 ipso
1232 2167 1344 2223 Deo
1366 2181 1482 2223 erat
1532 2170 1903 2237 conformata,
1936 2171 2033 2226 sed

453 2275 519 2313 ea
595 2260 768 2330 ipsum
822 2263 1024 2330 quiete,
1074 2261 1191 2316 sive
1231 2264 1434 2317 exstasi
1506 2261 1769 2328 devinxit,
1826 2265 1880 2318 in
1925 2278 2032 2334 qua

448 2351 600 2408 seire
637 2364 822 2423 posset
846 2362 1009 2425 atque
1037 2354 1359 2424 intelligere,
1379 2353 1509 2408 illud
1543 2370 1655 2409 rem
1690 2355 1861 2424 ipsam
1888 2370 2032 2419 esse,

454 2446 601 2516 quod
658 2448 711 2501 in
768 2462 850 2510 se,
900 2457 955 2503 et
994 2448 1201 2503 circum
1246 2464 1306 2502 se
1356 2447 1619 2517 agebatur
1656 2465 1685 2501 a
1719 2447 1849 2513 Deo,
1884 2448 2035 2505 nullo

459 2548 640 2596 tamen
667 2540 883 2596 interim
910 2540 1112 2597 doloris
1148 2557 1311 2597 sensu
1345 2554 1544 2596 tactus.
1602 2542 1679 2597 Ad
1711 2542 1825 2598 bace
1857 2542 2033 2597 scien-

456 2630 590 2685 dum
649 2638 758 2693 est,
808 2630 957 2699 quod
1008 2632 1309 2702 prophetis,
1353 2646 1477 2684 cum
1533 2630 1914 2685 imbuereutur
1946 2631 2033 2685 di-

453 2724 599 2779 vinis
631 2725 1054 2779 revelationibus
1079 2724 1315 2779 dabatur
1355 2725 1518 2778 simul
1556 2726 1753 2779 mentis
1783 2737 2034 2781 contem-

457 2816 658 2885 plativa
708 2816 791 2870 vis
832 2817 1103 2887 quredam,
1135 2832 1242 2884 qua
1278 2834 1466 2872 sacras
1495 2818 1620 2873 illas
1670 2820 2035 2878 revelationes

456 2907 1036 2978 penitusintuerentur
1051 2917 1216 2978 atque
1239 2910 1606 2978 exp'ndercnt
1626 2928 1640 2963 :
1660 2926 1765 2981 qua
1790 2922 2039 2967 contem-

458 3002 717 3072 plationis
732 3002 784 3057 vi
811 3004 1014 3075 alioqui
1049 3020 1156 3058 non
1190 3019 1417 3071 semper,
1444 3005 1536 3058 sed
1573 3004 1693 3057 solo
1734 3005 2035 3061 illiusmodi

2132 507 2414 576 feminam,
2443 523 2509 564 eo
2546 510 2692 578 quod
2725 508 2840 565 bzcc
2867 526 2932 563 ex
2975 511 3067 565 illo
3108 523 3253 565 esset
3300 520 3442 566 orta.
3474 509 3704 578 Quarta,

2135 612 2195 654 ut
2241 600 2493 656 effectum
2523 601 2839 657 redderetur
2865 604 3011 672 quod
3043 602 3222 660 Moses
3269 605 3337 658 de
3398 603 3611 660 Adamo
3631 606 3709 660 div

2130 690 2253 745 cit:
2291 688 2591 744 Herculum
2642 701 2694 745 et
2729 692 2981 760 feminam
3035 694 3230 747 creavit
3281 696 3444 761 ipsos.
3506 694 3708 760 Quinta

2130 783 2370 853 denique
2397 800 2465 841 ne
2505 785 2706 842 femina
2759 787 3123 857 principatmn
3154 786 3451 852 aﬂectaret,
3482 788 3574 858 qui
3610 790 3704 842 viri

2130 884 2239 932 cst.
2271 876 2452 944 Quaeri
2490 893 2655 948 porro
2689 888 2889 949 potest,
2920 896 3021 934 cur
3067 880 3207 935 Deus
3234 880 3401 936 Evam
3426 896 3536 936 non
3562 896 3711 936 sum-

2131 972 2300 1041 pserit
2323 988 2387 1026 es
2420 981 2574 1041 parte
2607 974 2856 1043 corporis
2884 974 3074 1029 Adami
3129 976 3423 1049 anteriore,
3452 984 3549 1031 aut
3586 975 3707 1031 inti-

2131 1079 2241 1126 ma,
2276 1067 2719 1135 antposteriore,
2756 1077 2850 1122 aut
2900 1069 3137 1138 denique
3165 1083 3443 1138 suprema,
3495 1070 3590 1124 sed
3640 1086 3706 1126 ea

2133 1156 2314 1211 medio
2343 1171 2594 1225 corpore.
2656 1156 2903 1214 Dicimus
2934 1175 3061 1213 vero
3102 1176 3166 1214 ex
3221 1162 3494 1218 anteriore
3557 1173 3711 1231 parte

2130 1257 2406 1317 acceptam
2442 1263 2549 1303 non
2569 1264 2711 1313 esse,
2746 1265 2811 1304 ne
2836 1250 2994 1304 vellet
3018 1251 3191 1320 potior
3210 1251 3393 1306 haberi
3426 1253 3711 1322 virumque

2132 1340 2361 1409 imperio
2394 1355 2681 1409 premere;
2714 1358 2891 1412 neque
2948 1358 3140 1397 rursus
3176 1357 3243 1398 ex
3291 1344 3613 1413 posteriore,
3643 1360 3711 1401 ne

2132 1433 2249 1485 viro
2280 1441 2422 1486 esset
2458 1433 2795 1495 contemptui
2824 1450 2840 1487 :
2869 1449 2934 1489 ex
2971 1435 3150 1502 capite
3176 1450 3303 1487 vero
3331 1423 3568 1489 ablatam
3600 1452 3709 1495 non

2131 1536 2275 1587 esse,
2305 1538 2373 1577 ne
2406 1523 2610 1593 primas
2641 1539 2762 1593 quae
2783 1523 2900 1578 viro
2929 1525 3198 1580 debentur
3230 1525 3427 1581 femina
3452 1527 3555 1583 sibi
3590 1530 3713 1582 viu-

2131 1612 2377 1679 dicaret;
2409 1626 2461 1668 et
2497 1630 2625 1669 vero
2658 1631 2837 1685 neque
2888 1632 2956 1672 ex
3016 1618 3206 1671 ultima
3264 1631 3414 1687 parte
3470 1623 3714 1690 corporis

2135 1706 2425 1761 formatam
2468 1723 2611 1770 esse,
2652 1724 2722 1764 ne
2754 1708 2837 1762 vir
2889 1707 3148 1764 feminam
3184 1711 3351 1765 multo
3391 1726 3450 1765 se
3489 1711 3712 1768 inferio-

2140 1816 2254 1854 rem
2285 1800 2742 1869 humilioremque
2773 1801 3069 1856 a-stimaret
3096 1820 3110 1867 ;
3145 1802 3238 1858 sed
3261 1819 3325 1858 es
3360 1804 3538 1859 medio
3589 1820 3716 1861 cor-

2135 1904 2287 1960 pore,
2327 1898 2388 1943 ut
2411 1890 2668 1945 mediocri
2692 1893 2834 1960 apud
2866 1891 3042 1948 virum
3070 1892 3382 1963 dignatione
3404 1895 3714 1955 haberetur.

2136 1982 2284 2036 Solet
2316 1983 2543 2037 ulterius
2565 1984 2672 2039 hoc
2702 1984 2863 2038 etiam
2888 1985 3078 2054 quaeri,
3105 2001 3205 2040 cur
3225 2002 3255 2041 e
3284 1987 3505 2045 sinistra
3536 1990 3719 2058 potius

2138 2076 2385 2145 corporis
2420 2086 2595 2147 parte,
2628 2092 2793 2145 quam
2821 2077 3009 2132 dextra
3043 2078 3117 2133 sit
3144 2077 3362 2144 ablata;
3397 2095 3718 2150 possumus-

2131 2183 2243 2237 que
2275 2172 2619 2239 respondere,
2649 2170 2772 2225 ideo
2796 2186 2827 2225 e
2856 2171 3046 2225 dextra
3080 2180 3235 2240 parte
3269 2184 3544 2244 sumptam
3601 2188 3710 2228 non

2134 2276 2260 2316 esse
2313 2268 2380 2317 ne
2406 2277 2533 2316 cum
2596 2262 2715 2317 viro
2771 2262 3008 2317 conferri
3055 2265 3373 2333 aequariqne
3432 2280 3492 2320 se
3516 2264 3717 2331 vellet;

2135 2357 2272 2410 duas
2304 2370 2433 2409 vero
2480 2370 2602 2411 esse
2657 2355 2919 2418 rationes,
2979 2369 3078 2410 cur
3136 2370 3169 2410 e
3252 2355 3478 2410 sinistro
3554 2356 3721 2412 lati-re

2132 2450 2208 2504 sit
2265 2448 2497 2503 formata
2561 2465 2577 2502 :
2647 2449 2915 2513 alteram,
2971 2459 3031 2505 nt
3109 2449 3181 2504 sit
3229 2452 3348 2524 viro
3396 2448 3719 2518 obsequiosa

2131 2541 2361 2612 ejusque
2438 2540 2667 2611 imperio
2768 2541 3198 2609 obtemperans;
3310 2540 3575 2602 alteram,
3663 2548 3723 2595 ut

2133 2635 2339 2689 sciatur
2367 2632 2666 2690 infirmoris
2691 2650 2811 2689 eam
2872 2644 3078 2688 natura!
3103 2646 3243 2687 esse.
3272 2632 3406 2687 Nam
3436 2633 3721 2687 sinistrum

2134 2724 2278 2780 latus
2326 2726 2519 2780 dextro
2552 2725 2880 2780 imbecillius
2904 2736 3027 2791 est;
3066 2740 3241 2793 neque
3267 2725 3412 2779 enim
3464 2738 3586 2779 sese
3621 2738 3724 2794 po-

2135 2826 2242 2873 test
2298 2818 2508 2887 absque
2561 2817 2738 2874 dextri
2796 2818 3003 2873 auxilio
3058 2816 3367 2887 subrigere,
3424 2824 3487 2871 ut
3546 2831 3724 2887 neque

2138 2910 2339 2965 femina
2376 2926 2435 2965 se
2466 2912 2675 2983 absque
2732 2910 2848 2965 viro
2878 2920 3186 2967 sustentare
3234 2909 3395 2965 valet.
3479 2908 3546 2965 Et
3592 2925 3722 2965 vero

2141 3001 2428 3058 sinistrum
2459 3019 2687 3075 arguere
2716 3003 3171 3066 imbecillitatem,
3196 3003 3279 3057 vel
3330 3004 3443 3072 ipsa
3469 3002 3720 3059 animan-

459 3097 855 3153 revelationum
889 3108 1131 3167 tempore
1155 3112 1311 3151 mens
1348 3098 1590 3166 ipsorum
1619 3098 1889 3154 illustrata
1922 3117 2033 3153 ma-
2066 3111 2114 3173 ρ
2146 3096 2280 3147 timn
2315 3105 2505 3150 natura
2532 3103 2797 3151 monstrat
2818 3109 3052 3164 quorum
3072 3094 3316 3149 omnium
3350 3094 3568 3148 sinistra
3596 3109 3721 3163 pars

459 3191 640 3249 nebat.
675 3187 1024 3244 auferebatur
1051 3204 1180 3243 vero
1226 3204 1288 3245 ea
1341 3190 1408 3243 ab
1432 3190 1567 3259 ipsis
1604 3200 1725 3259 post
1755 3192 2041 3247 revelatio-

459 3297 557 3337 nes
604 3283 698 3339 sed
744 3292 1060 3339 remanente
1095 3282 1311 3337 interim
1345 3283 1449 3337 fisa
1480 3285 1533 3337 in
1564 3286 1807 3353 ipsorum
1839 3294 2040 3349 mente,

458 3389 583 3428 vera
630 3376 1066 3447 contemplativa:
1095 3375 1239 3431 illius
1293 3374 1511 3431 virtutis
1562 3378 1847 3443 memoria,
1879 3378 2038 3432 etiam

459 3479 812 3539 posteaquam
866 3469 1221 3524 evanuissent
1283 3469 1413 3538 ipsa:
1471 3469 1831 3526 revelationes
1880 3471 2041 3526 simul

457 3578 586 3617 cum
624 3567 672 3617 vi
708 3564 796 3619 illa
830 3563 1273 3634 contemplativa.
1316 3561 1391 3615 Ita
1417 3563 1563 3617 enim
1618 3563 1817 3619 accidit
1864 3565 2041 3619 Abra-

460 3656 608 3724 bam,
644 3657 845 3711 esstasi
879 3665 1132 3722 correpto
1158 3656 1230 3718 “,
1273 3653 1471 3710 Elisreo
1508 3656 1685 3710 visum
1730 3656 1935 3710 videnti
1964 3657 2037 3722 ",

461 3754 596 3804 item
635 3750 793 3806 Isaia:
834 3765 960 3805 cum
1008 3758 1259 3805 cerneret
1320 3748 1483 3802 Deum
1544 3749 1824 3804 sedentem
1878 3764 2042 3819 super

459 3844 659 3900 solium
696 3844 779 3906 ⁹⁸;
829 3852 1088 3915 prmterea
1114 3841 1380 3897 Ezecbicli
1413 3841 1645 3895 intuenti
1693 3842 2042 3898 Cberubinos

460 3934 707 3990 invectas
735 3936 803 3998 “,
836 3934 1074 4004 denique.
1110 3934 1270 3988 Petro
1330 3933 1725 4003 contemplanti
1763 3936 1939 3988 velunt
1971 3935 2039 3990 ".

460 4024 628 4097 Igitur
658 4028 739 4082 sic
773 4025 1017 4083 Adamus
1062 4042 1283 4097 quoque
1334 4024 1564 4080 aﬂectus
1585 4037 1852 4080 eratcum
1884 4025 2046 4096 quie-

462 4128 571 4173 tem
604 4119 720 4174 sive
761 4120 1021 4174 exstasim
1056 4118 1159 4189 ipsi
1210 4118 1528 4175 immisisset
1560 4117 1706 4175 Deus
1736 4136 1751 4172 :
1785 4120 2042 4190 apparuit

460 4211 607 4265 enim
645 4210 696 4266 ei
737 4212 899 4274 Deus,
930 4213 1167 4282 dataque
1212 4220 1296 4267 est
1354 4212 1458 4281 ipsi
1496 4210 1660 4267 simul
1690 4212 1778 4267 vis
1801 4227 1864 4266 ea
1887 4228 2042 4266 men-

462 4306 534 4360 tis
575 4305 994 4375 contemplativa
1029 4322 1134 4376 qua
1182 4304 1441 4362 cernebat
1492 4304 1659 4361 esimi
1717 4319 1751 4361 c
1780 4320 1884 4361 suo
1915 4320 2040 4360 cor-

460 4407 597 4463 pore
643 4405 848 4449 costam
893 4403 950 4448 et
999 4393 1257 4447 feminam
1287 4392 1511 4446 formari
1547 4391 1687 4447 :sed
1744 4400 2038 4463 postquam

2149 3186 2474 3241 imbecillior
2506 3197 2587 3243 est
2622 3204 2785 3258 quam
2837 3188 3050 3241 dextra.
3089 3185 3182 3240 Est
3211 3186 3393 3254 itaque
3430 3186 3482 3240 in
3505 3183 3719 3241 feminis

2145 3287 2631 3351 temperamentum
2661 3280 2908 3351 corporis
2931 3278 3199 3347 frigidius,
3229 3277 3573 3342 imbecillius,
3594 3293 3722 3336 cru-

2146 3375 2293 3438 dius,
2323 3381 2381 3427 ut
2412 3374 2463 3427 in
2496 3382 2650 3444 parte
2696 3372 3053 3427 animantium
3092 3372 3336 3425 sinistra.
3377 3368 3522 3435 Quin
3581 3369 3723 3424 inter

2144 3468 2292 3539 ipsos
2323 3467 2469 3522 viros
2499 3465 2739 3536 reperias
2761 3465 2925 3534 cujus
2941 3465 3191 3519 dextrum
3219 3463 3359 3517 latus
3378 3462 3447 3515 sit
3467 3463 3725 3526 calidum,

2146 3571 2508 3630 vegetumqne
2537 3560 2820 3615 sinistrum
2851 3574 3002 3620 vero,
3035 3556 3291 3623 frigidum
3314 3571 3379 3609 ac
3410 3553 3724 3611 ﬂaccidum.

2144 3653 2226 3712 Ad
2263 3654 2376 3708 lucc
2417 3651 2693 3707 masculus
2742 3651 2796 3706 in
2834 3650 3024 3705 dextro
3082 3649 3251 3703 latere
3281 3646 3613 3717 concipitur.
3645 3645 3725 3702 fe-

2148 3746 2304 3800 tnella
2355 3746 2409 3799 in
2472 3744 2715 3800 sinistro.
2772 3743 2839 3800 At
2879 3744 3023 3796 enim
3062 3758 3127 3795 ex
3187 3740 3303 3810 ipsa
3359 3740 3728 3796 imbecillitate

2144 3851 2310 3905 quam
2344 3836 2397 3889 in
2452 3850 2585 3891 sexu
2632 3832 2896 3889 feminino
2926 3833 3102 3901 palam
3133 3831 3435 3896 cernimus,
3465 3832 3603 3889 satis
3631 3848 3727 3887 ar-

2145 3942 2310 3997 gnere
2336 3928 2519 3991 liceat,
2548 3926 2713 3979 Evam
2746 3940 2779 3979 e
2819 3925 3045 3979 sinistro
3078 3922 3269 3978 Adami
3304 3923 3494 3989 latere,
3536 3934 3598 3979 ut
3622 3925 3729 3979 mi.

2145 4032 2250 4071 nus
2303 4018 2503 4081 valido,
2559 4031 2683 4071 esse
2759 4025 3060 4085 acceptam.
3118 4015 3291 4071 Porro
3345 4030 3449 4071 cur
3503 4027 3711 4072 costam

2143 4118 2340 4164 etnon
2399 4110 2562 4162 aliam
2619 4108 2869 4177 corporis
2906 4117 3113 4176 partem
3170 4105 3385 4160 Adamo
3434 4108 3731 4165 detraxerit

2146 4198 2313 4264 Deus,
2350 4214 2514 4269 quam
2545 4198 2901 4252 concinnaret
2936 4196 2989 4249 in
3015 4195 3295 4258 feminam,
3325 4196 3591 4267 plurimas
3619 4197 3723 4251 lia-

2142 4290 2332 4346 bemus
2364 4290 2602 4345 rationes
2631 4307 2647 4356 ;
2676 4305 2801 4344 nam
2837 4304 2960 4344 cum
3022 4288 3075 4343 in
3128 4300 3281 4342 costa
3326 4296 3383 4343 et
3415 4304 3633 4344 carnem
3666 4298 3722 4344 et

2142 4397 2292 4445 ossa,
2344 4389 2395 4437 et
2437 4394 2657 4443 nervos.
2716 4390 2772 4435 et
2823 4379 3151 4448 sanguinem
3212 4377 3457 4433 invenire
3509 4379 3622 4446 sit;
3662 4394 3727 4433 es

468 4486 729 4541 abscessit
800 4486 870 4542 ab
918 4486 1037 4557 ipso
1094 4485 1374 4544 revelatio.
1423 4496 1587 4555 atque
1642 4484 1821 4539 ablata
1874 4484 2035 4543 simul

2159 4474 2296 4544 ipsa,
2328 4482 2387 4527 ut
2426 4471 2667 4542 perfecto
2705 4471 3070 4539 absolutoque
3107 4471 3379 4534 membro,
3431 4468 3727 4538 perfectam

461 4587 547 4631 est
588 4577 784 4634 mentis
828 4578 915 4631 illa
976 4576 1059 4632 vis
1106 4575 1555 4645 contemplativa,
1610 4575 1817 4629 mansit
1856 4584 2039 4628 tamen

463 4668 824 4724 nihilominus
862 4668 1016 4723 ﬁrma
1057 4669 1110 4723 in
1156 4668 1329 4737 ipsius
1350 4666 1561 4730 animo,
1590 4666 1667 4720 rei
1691 4664 1759 4719 de
1783 4680 1842 4719 se
1875 4673 2041 4734 gesta:

463 4775 592 4817 vera
626 4762 958 4815 recordatio.

536 4850 647 4905 Cur
680 4848 793 4905 Eua
821 4866 922 4904 non
975 4850 1136 4904 etiam
1195 4862 1250 4903 ut
1294 4849 1533 4905 Adamus
1577 4865 1644 4905 ea:
1688 4850 1900 4921 puluere
1922 4851 2038 4920 [or-

467 4950 613 4994 ntum
667 4942 761 4995 sit.
816 4970 889 4983 —
938 4938 1004 4994 Et
1062 4942 1263 5003 accepit
1310 4957 1472 4994 uitam
1538 4958 1569 4996 ο
1618 4943 1783 4996 costis
1845 4942 2036 5011 ipsius,

465 5028 761 5099 clausitque
812 5046 973 5084 carus
1000 5029 1115 5098 ejus
1156 5030 1352 5084 locum.
1394 5032 1507 5085 Cur
1544 5047 1609 5086 ex
1656 5033 1777 5101 ipso
1830 5032 2040 5087 Adamo

469 5118 789 5175 'ormaverit
831 5120 973 5178 Deus
1027 5120 1215 5185 Evam,
1266 5132 1322 5178 et
1373 5139 1481 5178 non
1524 5138 1593 5179 ex
1623 5133 1783 5178 terra:
1821 5122 2043 5191 pulvere

473 5211 692 5267 finxerit
721 5212 865 5268 sicut
917 5214 1095 5283 ipsum
1142 5214 1410 5269 Adamum
1454 5214 1619 5268 varia:
1660 5221 1789 5268 sunt
1838 5227 2041 5268 causa.

471 5301 678 5367 l’rima,
710 5314 768 5359 ut
796 5321 902 5360 una
935 5308 1234 5376 eademque
1262 5307 1439 5369 radis,
1462 5316 1516 5361 et
1548 5305 1805 5360 nascendi
1838 5303 2043 5373 princi-

478 5396 629 5467 pium
683 5399 1115 5452 essetomnibus
1160 5398 1473 5452 hominibus
1510 5397 1626 5466 ipse
1678 5395 2048 5452 Adam.Alte—

478 5502 537 5541 ra
586 5503 649 5538 ne
682 5486 924 5541 dicerent
960 5488 1286 5542 contentiosi
1334 5487 1601 5550 ltOllIinCS,
1655 5487 1821 5539 alium
1876 5484 2045 5538 fuisse

482 5578 695 5644 Adami,
737 5578 905 5633 alium
935 5579 1059 5634 Eva:
1107 5579 1472 5643 conditorem,
1530 5580 1624 5633 sed
1674 5577 1831 5632 fateri
1881 5591 2043 5647 coge-

481 5677 694 5733 rentur,
722 5670 789 5725 ab
808 5685 917 5726 uno
933 5671 1231 5742 eodemque,
1262 5670 1372 5725 Dco
1394 5670 1585 5725 ambos
1607 5684 1727 5723 esse
1751 5668 2039 5722 formatos.

551 5784 595 5818 "
624 5784 758 5845 Gen.
801 5787 930 5856 sv,l
968 5804 1123 5860 seqq.
1196 5788 1243 5821 θ’
1274 5784 1335 5841 ιγ
1366 5784 1497 5857 ιιι-ε.
1538 5803 1605 5853 \‘t,
1637 5783 1717 5840 l7.

1795 5783 1839 5815 "
1891 5781 1993 5837 lsa.
2031 5795 2105 5849 \t,
2160 5778 2180 5832 Ι
2216 5794 2346 5848 seqq

2150 4567 2503 4634 numerisque
2545 4565 2801 4620 omnibus
2822 4564 3126 4618 absolutam
3154 4577 3279 4617 esse
3332 4560 3620 4618 formatam
3646 4560 3729 4619 fe-

2146 4659 2349 4713 minam
2394 4666 2541 4713 recte
2575 4656 2867 4723 colligitur.
2924 4654 3189 4709 Praaterea
3220 4654 3464 4710 eoetiam
3516 4655 3727 4727 signiﬁ-

2144 4762 2327 4805 catum
2372 4759 2479 4815 est,
2514 4750 2587 4803 ita
2630 4749 2886 4803 feminam
2924 4756 3234 4817 pretectore
3290 4745 3408 4799 viro
3438 4759 3575 4814 opus
3626 4744 3727 4801 ba-

2144 4843 2274 4899 berc
2300 4841 2405 4897 sub
2426 4843 2585 4910 cujus
2612 4840 2803 4894 umbra
2837 4846 2949 4893 tuta
2995 4842 3179 4904 lateat,
3196 4846 3252 4891 ut
3282 4845 3448 4893 costae
3485 4836 3726 4893 brachiis

2143 4943 2414 4990 contectae
2445 4939 2825 5001 proteguntur.
2865 4929 3107 4997 Denique
3136 4929 3323 4982 eodem
3347 4934 3554 4991 spectat
3584 4942 3724 4997 quo-

2146 5046 2255 5100 que
2302 5030 2621 5101 mysterium
2654 5025 2891 5098 perfossi
2934 5024 3122 5080 lateris
3169 5021 3382 5076 Domini
3431 5025 3604 5076 nostri
3669 5022 3723 5076 in

2148 5133 2333 5181 cruce,
2366 5134 2433 5172 ex
2485 5131 2597 5187 que
2629 5113 2891 5186 proﬂuxit
2949 5113 3176 5183 sanguis
3222 5122 3279 5167 et
3328 5125 3493 5181 aqua,
3523 5121 3583 5167 ut
3622 5108 3727 5166 hac

2149 5218 2568 5265 renascerentur
2600 5208 2781 5262 fideles
2822 5222 2919 5276 per
2961 5204 3315 5272 baptismum,
3349 5201 3443 5257 illo
3479 5215 3608 5256 vero
3631 5214 3723 5256 es-

2144 5302 2439 5371 piarentur.
2463 5300 2585 5353 lvleo
2610 5298 2754 5351 enim
2781 5297 2969 5350 lancea
3002 5292 3216 5347 Domini
3246 5290 3415 5348 nostri
3447 5291 3589 5345 latus
3604 5306 3728 5361 per-

2145 5399 2327 5444 tusum
2373 5396 2476 5451 est,
2502 5398 2559 5440 ut
2603 5386 2775 5439 lueret
2806 5383 3160 5453 expiarctque
3192 5380 3407 5434 femina:
3439 5379 3584 5435 illius
3607 5396 3724 5433 sre-

2148 5479 2255 5541 lus,
2288 5492 2409 5547 qua:
2442 5491 2509 5531 ex
2564 5477 2731 5529 latere
2768 5474 2866 5528 viri
2929 5488 3023 5541 per
3062 5479 3271 5526 costam
3319 5467 3493 5524 fuerat
3541 5477 3723 5525 enata.

2151 5571 2324 5624 l’orro
2361 5569 2480 5623 ideo
2507 5567 2743 5636 explevit
2763 5580 2929 5621 carne
2956 5565 3132 5619 locum
3163 5569 3428 5631 exetnpta:
3449 5570 3636 5624 costa.
3657 5574 3727 5617 ne

2158 5663 2344 5718 dolore
2377 5660 2683 5715 abiceretur
2697 5666 3045 5727 experrectus
3090 5655 3284 5716 Adam.
3320 5667 3385 5707 eo
3410 5651 3552 5723 quod
3573 5658 3729 5725 parte

2446 5776 2493 5808 "'
2525 5773 2726 5832 Ezcclt.
2778 5786 2836 5840 ι,
2884 5770 2938 5828 ι.
3015 5771 3058 5802 ’³
3096 5769 3218 5826 Act.
3246 5783 3301 5836 ι,
3340 5765 3428 5824 ιι.
