4094 6156
337 299 441 365 διδ

1475 303 1572 363 DE
1612 300 2014 363 PARADISO.
2051 325 2119 337 -
2157 302 2348 364 PARS
2391 304 2442 365 Ι.

3489 304 3591 366 546

338 435 401 475 ea
435 416 685 488 corporis
715 426 860 472 esset
899 416 1158 483 mutilus;
1182 414 1625 487 simultatemque
1654 416 1919 471 adversus
1943 414 1997 478 Α
2020 430 2144 486 quae
2165 415 2511 485 estcorporis
2533 422 2588 470 et
2607 416 2805 469 animze
2822 415 3159 471 commistio.
3194 413 3262 468 Et
3276 415 3500 470 adduxit
3532 422 3611 487 ip-

340 515 639 567 detractam
671 511 772 565 sibi
799 518 1005 580 partem
1033 510 1369 580 conciperet.
1398 507 1463 564 Et
1485 524 1612 564 vero
1634 508 1744 565 duo
1769 517 1919 574 sunt,

340 621 461 677 quae
494 602 748 671 expedite
778 601 927 658 Deus
952 605 1160 673 peregit
1186 603 1239 657 in
1268 603 1458 657 Adami
1492 617 1725 673 corpore
1751 620 1765 656 :
1796 602 1926 657 alte-

342 711 462 753 rum
516 696 661 766 quod
692 707 898 751 costam
933 696 1140 766 absque
1190 694 1377 750 dolore
1398 695 1626 759 exemit,
1691 693 1923 748 alterum

344 788 486 859 quod
524 804 620 858 pro
636 798 790 843 costa
808 802 1031 841 carnem
1063 785 1310 854 suffecit;
1339 796 1393 842 et
1422 786 1641 855 quidem
1667 795 1923 841 neutrum

342 882 538 937 florum
578 883 846 937 sentiente
878 880 1108 946 Adamo,
1142 896 1255 934 rem
1291 890 1474 934 tamen
1511 880 1686 949 ipsum
1729 878 1928 933 intelli-

340 978 501 1041 gente
531 980 694 1039 atque
712 979 1078 1040 cognoscente
1109 985 1204 1039 per
1235 970 1475 1023 divinam
1512 969 1923 1035 revelationem,

336 1078 508 1133 quam
542 1064 743 1117 mentis
768 1063 1227 1131 contemplatione
1255 1063 1592 1118 intuebatur.
1622 1061 1687 1116 Et
1713 1064 1927 1117 concin-

337 1157 485 1210 navit
506 1155 761 1208 Dominus
790 1152 932 1209 Deus
976 1171 1005 1210 ι
1026 1163 1176 1208 costa
1194 1172 1351 1225 quam
1377 1164 1673 1225 sumpserat
1693 1170 1758 1210 ex
1774 1156 1925 1209 Ada-

338 1258 427 1297 κιο
458 1243 733 1312 feminam.
769 1238 893 1297 Hec
926 1257 1033 1296 non
1062 1250 1188 1296 sunt
1226 1258 1255 1296 a
1308 1239 1419 1296 Deo
1467 1242 1642 1298 tribus
1696 1241 1926 1298 diversis

348 1344 573 1406 peracta
608 1333 856 1401 viribus;
909 1348 1086 1405 neque
1115 1334 1166 1388 id
1216 1333 1350 1389 dicit
1396 1333 1595 1399 Moses,
1626 1335 1926 1405 sumpsisse

343 1425 514 1481 Deum
555 1424 735 1497 primo
789 1435 1021 1492 costam,
1061 1435 1181 1497 post
1229 1425 1533 1495 explevisse
1585 1428 1775 1481 locum-
1806 1428 1926 1495 ejus

340 1533 532 1582 carne,
558 1534 621 1573 ac
652 1526 783 1574 tunc
825 1518 1048 1574 demum
1072 1519 1432 1575 concinnasse
1489 1519 1749 1575 feminam
1782 1539 1796 1574 :
1835 1535 1927 1575 ve-

339 1627 463 1666 rum
492 1613 696 1677 subito,
727 1621 781 1666 et
811 1613 956 1669 oculi
990 1614 1312 1669 brevissima
1352 1614 1647 1669 nictatinne
1671 1624 1923 1686 exempta

338 1714 422 1758 cst
448 1712 626 1771 costa,
660 1705 997 1776 sulfcctaque
1051 1718 1205 1774 caro,
1237 1714 1290 1761 et
1324 1705 1668 1762 conformata
1698 1706 1922 1762 femina.

344 1791 482 1848 Nam
513 1795 557 1849 si
592 1796 732 1850 intra
764 1796 911 1851 oculi
959 1809 1299 1851 momentum
1330 1806 1579 1869 resurget
1608 1801 1923 1855 universum

340 1899 513 1953 genus
546 1886 869 1949 humanum,
905 1896 962 1942 ut
986 1887 1147 1949 divus
1172 1886 1376 1945 Paulus
1408 1891 1504 1955 ait,
1539 1890 1611 1955 ",
1642 1890 1810 1947 multo
1841 1891 1921 1947 fa-

339 1974 505 2029 cilius
563 1975 863 2047 intelligere
917 1993 1236 2048 possumus,
1281 1980 1444 2036 simul
1501 1982 1591 2037 illa
1635 1984 1738 2037 tria
1780 1983 1925 2055 apud

337 2067 612 2123 Adamum
639 2084 671 2122 a
709 2070 817 2124 Deo
865 2081 1078 2141 peracta
1112 2087 1237 2128 esse
1269 2088 1288 2128 ε
1336 2089 1524 2129 verum
1564 2075 1788 2147 quando
1810 2093 1919 2134 non

340 2161 524 2227 pdtuil.
552 2158 729 2215 Moses
757 2162 922 2215 simul
948 2164 1132 2217 omnia
1165 2164 1279 2220 haec
1302 2166 1469 2222 verbo
1500 2183 1609 2222 uno
1631 2171 1924 2239 complecti

340 2264 506 2319 atque
523 2254 811 2308 enuntiare
836 2265 890 2309 et
925 2255 1253 2324 describere,
1274 2268 1495 2315 coaetus
1518 2270 1601 2317 est
1638 2277 1704 2315 ex
1733 2264 1925 2319 ordine

340 2344 526 2400 direre
563 2345 732 2401 Deum
760 2349 975 2416 cepisse
1014 2360 1242 2417 costam,
1276 2363 1330 2407 et
1356 2360 1524 2408 costa:
1550 2354 1670 2410 loco
1703 2372 1923 2412 carnem

346 2438 727 2507 supposuisse,
755 2455 819 2495 ac
848 2439 1106 2496 feminam
1133 2444 1513 2500 concinnasse.
1536 2444 1746 2504 Rursus
1774 2466 1923 2520 quae-

345 2531 505 2596 ritur,
539 2546 636 2584 cur
662 2531 845 2593 Moses
870 2535 936 2587 de
956 2535 1167 2589 Adanto
1197 2546 1447 2607 usurpet,
1477 2536 1659 2605 Gebal,
1687 2540 1791 2595 ltor
1817 2552 1920 2609 est,

342 2623 581 2694 ﬁngendi
618 2624 735 2679 sive
761 2625 1053 2696 subigendi
1082 2627 1308 2682 verbum
1340 2645 1356 2693 ;
1385 2630 1531 2685 atde
1563 2629 1696 2700 Eva,
1723 2631 1922 2702 Tacen,

342 2716 447 2771 boc
480 2724 587 2780 est,
624 2716 1010 2772 concinnandi.
1033 2716 1474 2789 Respondemus,
1509 2723 1745 2795 ﬁngendi
1774 2727 1925 2781 sulti-

341 2808 569 2876 gendive
598 2808 923 2864 vocabulum
978 2809 1093 2865 luto
1147 2814 1462 2879 convenire,
1498 2829 1563 2870 ex
1606 2833 1716 2888 quo
1748 2819 1921 2874 Adam

342 2894 613 2954 formatus
629 2908 748 2967 est;
773 2900 1113 2971 subigienim
1146 2903 1319 2959 lutum
1341 2905 1518 2973 debet,
1549 2917 1605 2963 ut
1640 2910 1919 2981 quidpiam

342 3002 408 3044 ex
431 2988 553 3061 ipso
585 2989 716 3057 ttat;
749 3000 806 3046 at
834 3003 985 3047 costa
1020 3008 1145 3049 cum
1171 2994 1284 3065 jam
1318 3004 1432 3051 tum
1469 2996 1698 3055 subacto
1721 3016 1785 3055 ca
1807 3003 1922 3059 luto

2027 520 2144 560 eam
2170 506 2241 559 ad
2258 505 2541 561 Ademtum.
2559 506 2735 573 Unde,
2765 516 2944 577 etquo
2959 507 3111 561 duxit
3131 507 3277 561 illam
3300 507 3483 563 ?Sane
3504 526 3612 564 nou

2028 611 2094 653 ex
2128 613 2239 653 uno
2293 598 2414 653 loco
2444 598 2511 653 ad
2553 598 2820 656 alterum:
2868 599 2964 656 sed
3003 616 3124 655 cunt
3167 611 3293 655 ante
3337 603 3390 655 in
3428 618 3608 656 rerum

2030 701 2224 747 natura
2296 706 2406 746 non
2467 690 2683 757 fuisset,
2762 691 3025 761 produxit
3096 691 3152 746 in
3218 707 3400 745 rerum
3464 690 3618 750 natui

2032 799 2174 839 ram.
2254 783 2528 838 Caeterum
2580 784 2701 838 ideo
2745 784 2947 839 dicitur
3010 782 3076 837 ad
3121 783 3391 837 Adamum
3446 785 3610 839 ducia

2031 888 2187 941 esse,
2224 873 2356 944 quia
2409 875 2529 944 ejus
2562 877 2735 944 gratia
2792 877 2966 945 ipsam
3007 875 3352 937 condiderat,
3386 875 3581 929 conrin

2028 974 2295 1035 naratque
2350 963 2538 1033 Deus;
2588 966 2663 1020 ait
2690 965 2835 1021 enim
2884 966 3159 1037 Scriptura
3196 983 3211 1020 :
3244 965 3469 1021 Faciam
3513 969 3614 1038 ips.

2028 1056 2414 1111 adminiculum
2440 1058 2616 1128 qualis
2649 1060 2758 1128 ipse
2785 1067 2881 1112 est.
2912 1060 3015 1113 Sed
3049 1068 3284 1122 nonest,
3314 1068 3376 1112 ut
3406 1060 3472 1112 ab
3494 1058 3614 1129 ipso

2028 1148 2207 1202 ablata
2226 1146 2404 1204 fuerat
2428 1149 2585 1205 rudis
2606 1159 2772 1219 atque
2796 1150 3047 1204 informis
3068 1162 3243 1214 costa,
3273 1152 3347 1205 ita
3376 1162 3429 1205 et
3454 1152 3611 1206 resti-

2031 1249 2185 1299 tuta:
2219 1254 2407 1295 verum
2451 1239 2563 1309 jam
2618 1243 2943 1296 concinnata
3016 1242 3315 1313 cll'ectaque
3386 1243 3609 1297 femina.

2029 1327 2097 1385 Et
2124 1333 2383 1385 aitddant
2406 1348 2426 1387 :
2448 1332 2566 1387 Hac
2594 1335 2703 1387 rice
2726 1350 2783 1387 os
2823 1336 2886 1388 de
2906 1334 3112 1389 ossibus
3137 1338 3285 1400 meis,
3314 1346 3363 1391 et
3382 1353 3507 1391 caro
3545 1337 3612 1390 de

2026 1438 2188 1479 carne
2242 1439 2377 1477 mea.
2436 1421 2535 1479 Hic
2586 1425 2939 1481 vaticinantis
2987 1425 3181 1481 Adami
3238 1428 3400 1481 verba
3452 1428 3611 1480 nobis

2027 1518 2210 1589 prodit
2242 1519 2407 1573 divus
2439 1516 2648 1587 Moses;
2682 1535 2809 1574 nam
2864 1520 2958 1589 qui
2996 1534 3194 1589 sopore
3226 1528 3387 1589 atque
3425 1519 3612 1589 quiete

2025 1609 2521 1679 obrutusjacebat,
2549 1610 2748 1664 animae
2788 1624 2915 1663 vero
2948 1624 3061 1665 suae
3084 1610 3302 1664 interim
3353 1608 3611 1678 agitatio-

2030 1698 2196 1755 nibus
2225 1700 2535 1770 mentisque
2558 1700 3022 1772 contemplatione
3049 1717 3163 1757 rem
3195 1703 3367 1771 ipsam
3403 1717 3525 1771 qua:
3555 1702 3609 1753 in

2031 1795 2318 1850 eximenda
2368 1806 2523 1852 costa
2587 1795 3083 1866 concinnandaque
3138 1795 3249 1850 Eva
3312 1796 3609 1866 agebatur,

2026 1885 2447 1953 considerabat;
2480 1885 2665 1943 subito
2699 1896 3077 1956 experrectus,
3111 1901 3235 1940 cum
3266 1900 3399 1953 eam
3434 1886 3609 1956 ipsam

2026 1976 2315 2033 mulierem
2347 1992 2510 2048 quam
2542 1992 2641 2050 per
2669 1979 2946 2033 somnium
2977 1976 3319 2034 conformari
3352 1980 3610 2033 animad-

2026 2078 2288 2137 verterat,
2321 2085 2507 2125 coram
2548 2085 2612 2126 se
2639 2079 2874 2126 stantem
2900 2071 3029 2143 vigil
3078 2071 3389 2129 inveniret:
3424 2070 3611 2126 divina

2027 2164 2201 2217 sancti
2240 2161 2488 2233 Spiritus
2518 2163 2691 2233 gratia
2749 2163 3017 2233 impulsus
3065 2163 3488 2229 vaticinabatur,
3524 2164 3614 2217 in-

2024 2256 2261 2325 quiens:
2305 2252 2422 2309 llas
2460 2256 2566 2309 eice
2595 2271 2654 2309 os
2708 2258 2773 2309 de
2828 2257 3033 2309 ossibus
3076 2256 3225 2318 meis,
3276 2266 3327 2310 et
3374 2272 3501 2309 caro
3548 2256 3613 2308 da

2024 2362 2182 2400 carne
2220 2361 2359 2401 mea.
2395 2346 2547 2411 Quod
2571 2348 2653 2401 ait
2684 2364 2701 2401 :
2733 2346 2852 2401 llac
2888 2348 3016 2412 rice,
3068 2348 3137 2401 ad
3169 2347 3316 2403 illius
3350 2350 3612 2418 temporis

2025 2448 2235 2508 spectat
2259 2440 2581 2503 discrimen,
2617 2456 2728 2512 qtto
2746 2440 2890 2494 Dens
2920 2442 3123 2495 bestias
3148 2456 3212 2496 ac
3234 2442 3483 2510 jumenta
3506 2460 3609 2497 vo-

2028 2533 2314 2602 lucresqne
2334 2534 2403 2587 ad
2429 2532 2578 2586 illum
2604 2545 2809 2605 egerat,
2833 2534 3291 2605 impotteudorum
3327 2538 3608 2590 nominum

2025 2635 2214 2676 causa.
2282 2620 2511 2677 Perinde
2558 2638 2623 2679 ac
2674 2625 2721 2678 si
2791 2623 2901 2679 Deo
2928 2626 3075 2681 dicat
3112 2626 3356 2681 Adatnus
3388 2647 3402 2683 :
3431 2625 3609 2694 Quam

2025 2728 2172 2767 nunc
2218 2714 2283 2768 ad
2324 2730 2410 2769 nte
2468 2715 2743 2771 adduxisti
2796 2718 3117 2783 mulierem,
3175 2720 3337 2791 longe
3388 2723 3491 2775 alia
3521 2735 3609 2779 est

2025 2815 2188 2877 atque
2224 2805 2378 2863 fuere
2409 2808 2710 2864 animantia
2754 2810 2845 2865 illa
2871 2812 3076 2882 quibus
3102 2813 3170 2867 ad
3211 2829 3297 2868 me
3329 2817 3472 2869 actis
3507 2832 3608 2871 no-

2020 2897 2168 2950 mina
2196 2898 2407 2964 indidi;
2440 2914 2622 2970 neque
2664 2900 2812 2957 enim
2850 2902 2941 2958 illa
2997 2918 3065 2958 ex
3116 2920 3203 2959 me
3243 2916 3482 2974 sumpta,
3515 2918 3609 2962 aut

2020 3006 2154 3047 meae
2184 2991 2397 3047 fuerant
2425 3001 2670 3063 naturae;
2696 3004 2752 3049 at
2775 2997 2891 3051 baic
2918 3012 2983 3051 os
3004 3007 3085 3052 cst
3110 3012 3176 3052 ex
3200 3000 3417 3054 ossibus
3446 3002 3606 3065 meis,

344 3080 577 3137 formata
605 3084 917 3152 exsisteret,
950 3088 1065 3143 sola
1100 3090 1547 3147 concinnitudine
1589 3110 1729 3165 opus
1756 3099 1919 3155 liabe-

2026 3091 2079 3138 et
2100 3098 2229 3139 caro
2256 3100 2324 3140 ex
2361 3101 2529 3141 carne
2566 3102 2706 3153 mea,
2740 3088 2844 3142 hoc
2892 3099 2998 3152 est,
3044 3105 3110 3144 ex
3148 3091 3357 3159 uteipso
3386 3104 3607 3162 accepta

341 3174 455 3242 bat,
488 3186 548 3232 ut
583 3178 634 3230 in
677 3176 934 3233 feminam
958 3183 1232 3238 evaderet.

413 3264 524 3319 ουτ
553 3282 657 3320 non
689 3268 884 3321 dixerit
920 3268 1114 3333 Moses.
1150 3272 1465 3341 inspiratam
1484 3277 1538 3329 in
1562 3277 1751 3347 [aciem
1774 3283 1920 3347 Em,

339 3359 598 3423 animum,
626 3368 684 3411 ut
712 3361 777 3414 de
803 3360 1010 3416 Adamn
1035 3363 1173 3418 dixit
1217 3396 1295 3414 -
1321 3365 1442 3422 Jam
1469 3386 1608 3439 vero,
1639 3372 1741 3427 lioc
1772 3391 1919 3445 quo-

342 3464 450 3520 que
481 3450 803 3523 interrogari
847 3464 1043 3524 potest,
1077 3472 1179 3511 cur
1214 3474 1322 3513 non
1348 3461 1420 3516 sit
1448 3463 1649 3517 dictum
1684 3465 1751 3520 de
1786 3465 1916 3533 Eva.

343 3543 490 3612 quod
528 3544 883 3601 insufﬂaverit
914 3546 1052 3605 Deus
1085 3551 1138 3604 in
1171 3552 1345 3622 ipsam
1378 3555 1638 3621 animam,
1683 3561 1826 3617 sicut
1853 3565 1920 3620 de

339 3634 551 3687 Adamo
575 3636 837 3705 scriptum
876 3648 959 3692 cst
993 3655 1007 3691 :
1049 3638 1117 3692 Et
1145 3642 1428 3711 ἰηδυπιαιιίι
1459 3648 1513 3699 in
1544 3647 1738 3717 facient
1756 3652 1919 3719 ipsius

339 3724 575 3777 animant
600 3727 828 3782 nitatem.
858 3728 1271 3801 Respondemus
1299 3750 1646 3809 nequaquam
1677 3756 1742 3796 eo
1773 3742 1917 3800 istud

338 3814 543 3871 factum
583 3834 706 3875 esse
735 3824 879 3891 quod
910 3821 1020 3878 Eva
1062 3841 1170 3880 non
1206 3826 1374 3881 fuerit
1406 3832 1631 3900 praedita
1664 3836 1917 3892 rationali

339 3910 525 3966 anima
552 3911 775 3981 perinde
808 3928 872 3969 ac
922 3915 1170 3974 Adamus
1203 3928 1298 3974 aut
1358 3938 1464 3976 non
1501 3928 1800 3995 composita
1849 3945 1916 3986 ex

337 4015 571 4072 corpore
598 4012 651 4057 et
676 4005 878 4070 anima,
900 4016 959 4061 ut
983 4009 1090 4076 ille,
1107 4026 1283 4080 neque
1306 4024 1433 4068 vero
1447 4012 1610 4068 etiam
1628 4020 1918 4085 quasiani-

340 4105 431 4147 tua
459 4107 527 4148 ea
566 4107 800 4166 corpore
832 4110 1113 4167 nascatur,
1141 4103 1286 4157 sicut
1310 4120 1373 4160 os
1396 4119 1460 4160 ex
1492 4122 1613 4162 osse
1627 4121 1679 4162 et
1702 4125 1830 4166 caro
1851 4127 1917 4169 ex

340 4196 511 4239 carne
544 4202 559 4239 :
592 4186 688 4240 sed
720 4188 930 4243 duabus
983 4190 1051 4246 de
1094 4194 1273 4249 causis
1310 4194 1441 4251 illud
1492 4203 1915 4269 praetermissum

342 4276 398 4332 in
430 4278 661 4333 historia
687 4296 831 4349 esse,
855 4297 1089 4352 quarum
1115 4286 1284 4341 altera
1307 4295 1412 4351 est,
1460 4303 1585 4342 cum
1618 4302 1743 4347 ante
1774 4302 1917 4348 esset

343 4370 411 4424 de
440 4372 651 4425 Adamo
677 4373 1036 4443 explicatum,
1074 4377 1371 4433 humanam
1408 4392 1661 4436 naturain
1692 4400 1757 4438 ex
1786 4401 1914 4440 cor-

2024 3184 2131 3241 est,
2162 3192 2404 3248 moreque
2457 3188 2544 3234 est
2588 3180 2804 3248 penitus
2871 3192 3081 3235 natura:
3141 3186 3412 3252 particeps
3448 3201 3460 3236 ε
3499 3201 3604 3239 una

2022 3283 2223 3340 quippe
2269 3270 2569 3341 eademque
2614 3280 2806 3326 natura
2856 3283 3173 3330 constamus
3226 3290 3327 3344 ego
3363 3275 3595 3344 illaque.

2022 3362 2288 3419 thterum
2341 3362 2558 3419 duabus
2622 3364 2677 3417 id
2724 3364 3067 3421 orationibus
3108 3366 3316 3422 sciebat
3362 3368 3605 3423 Adamus

2022 3457 2171 3528 quod
2222 3455 2311 3510 hic
2342 3456 2756 3526 pronuntiabat,
2786 3467 2843 3513 et
2882 3462 3080 3513 mentis
3130 3475 3242 3515 suae
3264 3462 3602 3531 cantempla-

2023 3550 2171 3604 tione
2193 3566 2299 3620 qua
2331 3549 2609 3605 dormiens
2647 3552 2926 3615 cernebat,
2947 3560 3004 3607 et
3033 3553 3269 3622 Spiritus
3299 3556 3469 3608 sancti
3506 3555 3591 3608 be-

2023 3642 2185 3713 nigna
2254 3640 2541 3697 efﬁcientia
2613 3658 2720 3712 qua
2773 3644 2958 3711 intus,
3020 3645 3425 3701 illustralmtnr.
3492 3645 3598 3701 Sed

2021 3732 2567 3787 animadvertendum
2592 3745 2676 3788 est
2692 3735 2959 3790 Adatnum
2980 3751 3198 3807 quoque
3220 3753 3284 3791 ex
3313 3740 3434 3793 Eva:
3453 3757 3600 3794 com-

2021 3824 2271 3893 positura
2326 3840 2483 3880 suam
2546 3827 2718 3895 ipsius
2769 3828 3105 3884 intellexisse
3155 3836 3597 3903 agnovisseque:

2022 3932 2147 3971 cum
2177 3916 2322 3971 enini
2358 3933 2454 3987 per
2487 3920 2655 3972 animi
2695 3919 2781 3973 sui
2806 3922 3323 3993 contemplationem
3356 3926 3597 3979 intuere-

2022 4017 2111 4063 tur
2130 4007 2445 4065 Creatorem
2481 4026 2605 4066 eutn
2639 4012 2733 4083 qui
2784 4012 2947 4066 Evam
2991 4016 3260 4070 condebat
3304 4016 3597 4072 cilicicbat-

2020 4117 2146 4173 que,
2178 4102 2509 4171 agnoscebat
2532 4105 2694 4159 simul
2727 4114 2781 4159 et
2811 4121 2964 4159 suam
2999 4108 3114 4176 ipse
3143 4110 3512 4163 cenditiouem
3547 4124 3598 4164 rt

2018 4205 2142 4247 cum
2173 4193 2265 4262 qui
2296 4208 2355 4247 se
2391 4192 2689 4249 creavisset
2716 4193 2861 4265 (i8):
2899 4196 3042 4251 sicut
3072 4200 3235 4251 etiam
3264 4202 3439 4268 angeli
3472 4219 3594 4255 cum

2025 4285 2273 4342 viderent
2298 4288 2509 4343 animas
2525 4287 2721 4342 Adatni
2743 4287 2930 4342 ctEva:
2958 4307 2986 4341 a
3010 4289 3070 4343 Di
3087 4304 3119 4344 o
3145 4294 3315 4346 errari
3343 4296 3596 4362 praeditas

2018 4379 2230 4433 ratione
2270 4389 2325 4433 et
2375 4379 2753 4449 intelligentia,
2814 4389 2868 4434 et
2926 4382 3290 4448 immortales,
3346 4384 3447 4438 hoc
3489 4396 3594 4447 est,

339 4477 475 4535 pore
503 4474 559 4519 et
587 4480 769 4522 anima
796 4469 853 4521 in
883 4468 1053 4538 ipsius
1079 4467 1273 4525 faciem
1307 4474 1578 4530 insumata
1635 4488 1911 4545 constare,
1944 4470 1993 4528 υ
2020 4470 2123 4525 sibi
2150 4471 2393 4537 similes,
2437 4478 2569 4526 tunc
2621 4470 2842 4524 demum
2896 4473 3294 4542 tntcltigebant,
3336 4490 3443 4543 qua
3490 4477 3591 4547 ipsi

344 4557 568 4613 minime
592 4570 709 4614 erat
730 4562 1098 4617 necessarium
1128 4561 1265 4618 idem
1292 4568 1358 4621 de
1382 4567 1488 4624 Eva
1517 4572 1602 4625 hic
1632 4582 1910 4642 repetere;

340 4651 531 4718 altera,
544 4651 673 4721 quia
688 4666 814 4707 cum
828 4662 1038 4711 costam
1051 4666 1401 4725 temperasset
1418 4660 1559 4716 Deus
1573 4662 1731 4716 rebus
1746 4664 1918 4718 omni-

351 4740 454 4797 bus
479 4744 682 4813 quibus
707 4759 845 4815 opus
859 4752 976 4800 erat
1010 4747 1519 4820 conformassetqne
1550 4753 1603 4806 in
1629 4752 1913 4821 feminam,

339 4834 563 4889 dubium
595 4850 720 4890 esse
742 4851 851 4890 non
892 4842 1064 4907 potttit
1094 4842 1227 4910 quin
1258 4843 1424 4896 simul
1471 4846 1708 4897 animam
1739 4847 1794 4899 in
1828 4845 1915 4917 ip—

340 4928 458 4982 sius
479 4925 673 4982 lacietu
731 4929 1076 4999 inspirasset,
1126 4933 1291 5003 idque
1321 4936 1403 4990 vel
1431 4936 1557 4990 hinc
1587 4939 1909 5011 intelligitur

340 5020 485 5089 quod
522 5028 578 5073 et
599 5019 644 5073 si
667 5020 776 5074 alio
798 5022 958 5075 modo
974 5024 1145 5078 Adam
1175 5024 1282 5080 alio
1308 5026 1415 5081 Eva
1438 5029 1540 5082 orti
1563 5039 1689 5084 sunt
1710 5030 1904 5103 (Adam

341 5113 487 5166 enim
517 5128 583 5167 ex
610 5113 724 5167 luto
743 5112 923 5170 factus
949 5125 1053 5181 est,
1081 5117 1192 5172 Eva
1225 5134 1349 5175 vero
1374 5137 1435 5175 ex
1451 5121 1661 5179 Adamo
1684 5126 1913 5181 conciu-

337 5216 483 5268 nata,
511 5218 675 5276 atque
692 5205 1003 5272 Adam,non
1021 5221 1316 5280 generatus
1327 5215 1557 5282 exstitit;
1581 5214 1687 5270 Eva
1705 5234 1831 5274 vero
1845 5234 1912 5275 ex

340 5298 547 5352 Adamo
580 5311 667 5353 est
682 5298 967 5372 producta)
992 5312 1172 5359 tanien
1192 5306 1497 5363 consimilis
1508 5324 1734 5377 prorsus
1748 5312 1913 5369 ambo

336 5401 465 5447 sunt
481 5401 688 5447 natura:
714 5395 942 5465 parique
971 5398 1365 5468 compositione
1379 5403 1612 5457 naturali
1630 5415 1907 5472 constant,

407 5531 455 5565 “
486 5531 507 5587 l
536 5535 663 5592 Cor.
695 5552 786 5604 xv,
816 5536 909 5594 5‘2.

408 5654 528 5738 (l8)_
552 5655 708 5712 Errat
751 5661 911 5730 plane
949 5660 1051 5716 Bar
1085 5663 1290 5733 Ceplia,
1322 5682 1443 5721 nam
1476 5668 1788 5738 plenissima
1821 5688 1907 5728 re-

337 5736 458 5780 rum
514 5730 879 5789 humanarum
929 5730 1537 5809 supernatnraliuutque
1604 5744 1913 5813 cognitione

2015 4573 2202 4619 essent
2230 4562 2545 4619 conditione
2574 4572 2786 4618 natura:
2833 4565 3026 4631 creati,
3052 4574 3104 4619 et
3162 4581 3191 4619 a
3222 4580 3333 4634 quo
3376 4569 3589 4637 nptiae.

2016 4654 2318 4712 Possumus
2346 4655 2513 4711 etiam
2540 4657 2695 4710 aliter
2719 4656 2881 4711 verba
2918 4656 3008 4711 illa
3032 4673 3045 4710 :
3076 4656 3191 4710 llac
3220 4662 3325 4710 vice
3355 4677 3435 4724 os,
3455 4671 3589 4723 etc.,

2018 4746 2074 4803 in
2104 4748 2432 4803 sententiam
2464 4749 2810 4820 interpretari
2841 4765 2855 4803 :
2882 4747 2994 4806 Hac
3024 4750 3293 4805 duntaxat
3327 4750 3443 4806 vice
3469 4768 3591 4805 mus

2021 4842 2124 4895 tier
2157 4841 2230 4895 ita
2253 4839 2543 4907 formatur,
2574 4852 2633 4895 ut
2666 4841 2734 4897 sit
2757 4856 2821 4898 os
2843 4859 2908 4897 ex
2937 4844 3159 4899 ossibus
3182 4844 3317 4899 meis
3338 4882 3355 4909 ,
3381 4854 3435 4898 et
3464 4860 3591 4900 caro

2018 4946 2087 4985 ex
2127 4945 2294 4985 carne
2337 4946 2501 4999 mea;
2529 4932 2583 4985 in
2626 4942 2906 5002 posterum
2934 4950 3061 4989 vero
3108 4950 3215 4989 non
3276 4936 3355 4989 sic
3387 4934 3592 4990 forma-

2018 5021 2223 5077 buntur
2257 5022 2540 5089 mulieres,
2570 5024 2664 5079 sed
2698 5040 2794 5096 per
2837 5028 3006 5082 maris
3044 5042 3169 5083 cum
3220 5027 3423 5084 femina
3457 5044 3588 5083 con~

2019 5116 2246 5169 nubium
2275 5116 2727 5185 procreabuntur.
2757 5120 2884 5173 Hac
2916 5121 3190 5175 vocabitur
3220 5124 3434 5188 mulier,
3463 5124 3589 5191 quia

2016 5219 2045 5258 e
2081 5208 2193 5259 viro
2214 5217 2430 5277 accepta
2455 5218 2556 5262 est.
2587 5205 2814 5264 Videtur
2842 5211 3059 5282 quidem
3090 5214 3203 5269 haec
3234 5215 3411 5269 oratio
3442 5217 3587 5269 bunt:

2016 5312 2129 5371 pne
2169 5315 2229 5354 se
2275 5299 2421 5355 ferre
2456 5315 2702 5366 sensum,
2759 5305 2906 5374 quod
2958 5305 3080 5361 ideo
3112 5306 3257 5363 dicta
3290 5309 3361 5361 sit
3390 5308 3587 5361 mulier

2015 5394 2144 5465 quia
2176 5410 2242 5449 ex
2270 5396 2385 5451 viro
2410 5405 2628 5466 sumpta
2658 5407 2767 5464 est,
2823 5414 2949 5455 cum
2987 5410 3165 5456 tamen
3197 5412 3415 5474 propter
3455 5400 3587 5471 legi-

2018 5670 2408 5753 quamimbutns
2436 5672 2537 5728 fuit
2580 5677 2928 5753 Adam_recte
2957 5681 3221 5753 originem
3264 5699 3376 5737 sum
3410 5684 3581 5739 novit.

2022 5748 2084 5800 δ.
2112 5742 2374 5813 Thomas,
2406 5760 2421 5798 t
2458 5756 2599 5818 part.
2627 5766 2684 5819 q.
2712 5749 2802 5817 99,
2827 5761 2931 5803 art.
2957 5753 3013 5805 5.
