4094 6156
498 309 601 372 547

1787 307 2013 369 iliOSIS
2060 306 2208 366 ΒΔΗ
2252 305 2494 364 (ΣΕΡΗΛ

3658 306 3755 371 518

500 424 693 484 timum
721 436 840 474 cum
869 421 981 474 siro
1008 421 1319 491 coniugium
1354 422 1547 475 mulier
1571 419 2001 491 :Ip.'llciltt'.Natu
2026 422 2068 474 si
2099 422 2150 478 Δ
2178 414 2379 469 divinis
2436 412 2859 468 I‘ctclationibus
2892 416 3301 484 pronuntiasse.
3340 415 3475 471 Nam
3508 418 3597 473 illa
3639 422 3753 489 ipsa

499 514 622 565 inde
655 514 798 582 quod
856 524 1071 581 sumpta
1110 514 1195 567 .sit
1240 527 1306 567 ex
1344 513 1486 575 viro,
1538 512 1639 566 hoc
1678 514 1916 567 nominis
1951 527 2074 565 sora

494 608 665 659 tiatur
703 604 861 673 plane
909 615 1001 657 aut
1030 614 1255 659 ceteras
1300 604 1553 658 tnulicres
1609 618 1803 659 omnes
1846 621 1911 659 ex
1959 605 2075 659 suis

496 697 711 751 maritis
734 708 984 767 acceptas
1019 698 1174 752 fateri
1198 699 1490 766 oportebit,
1519 708 1611 751 aut
1641 713 1827 751 carum
1870 698 2074 751 nullam

496 792 750 845 mulieris
774 796 995 853 nomine
1018 793 1235 862 dignam
1260 808 1395 846 8550.
1426 792 1577 859 Quod
1602 804 1783 846 autem
1812 793 2076 847 \ocabulo

496 883 730 937 feminas
786 899 1166 951 nuncupemus
1214 884 1283 937 ob
1333 884 1607 951 legitimas
1658 899 1781 939 cum
1835 886 2077 939 traribus

495 976 738 1041 nuptias,
764 975 879 1043 ipse
921 992 1020 1030 nos
1058 991 1193 1031 usus
1232 976 1390 1030 docet
1412 992 1518 1045 quo
1549 992 1645 1031 eas
1691 978 2077 1032 censueritnus

492 1066 641 1122 solas
694 1066 776 1118 sic
819 1067 1097 1135 appellare
1145 1068 1348 1137 quibus
1410 1068 1713 1137 legitimum
1771 1070 2078 1125 intercessit

492 1173 618 1212 cum
652 1161 783 1213 viris
818 1160 1252 1215 tuatt'ittttmittm.
1292 1158 1436 1226 Quin
1485 1163 1643 1216 divus
1686 1160 1887 1216 Paulus
1932 1177 2080 1230 quo-

496 1266 601 1320 que.
634 1251 723 1305 ubi
761 1252 1026 1321 iii-ginem
1054 1253 1291 1306 secernit
1325 1269 1351 1306 a
1386 1253 1637 1319 muliere,
1686 1256 1926 1308 osrcndit
1954 1270 2075 1309 eam

493 1359 617 1413 qua:
645 1360 755 1399 non
789 1357 871 1400 est
905 1346 1205 1400 secundum
1241 1347 1408 1417 legem
1447 1358 1612 1409 nupta
1647 1348 1762 1401 viro
1787 1350 2073 1402 mulierem

490 1440 670 1494 vorari
708 1455 816 1493 non
865 1450 1117 1508 oportere
1173 1439 1242 1501 ".
1306 1442 1398 1495 sed
1483 1456 1602 1493 eam
1658 1456 1781 1510 quae
1820 1441 2077 1511 legitimis

492 1530 701 1598 nuptiis
753 1546 877 1585 cum
934 1532 1052 1585 viro
1117 1534 1322 1587 sociata
1354 1533 1448 1587 sit.
1508 1534 1923 1601 lnsuper,hanc
1954 1550 2077 1590 esse

490 1618 711 1673 illorum
762 1621 1050 1673 verborum
1111 1620 1467 1687 sententiam,
1521 1620 1696 1690 ipsius
1731 1621 1919 1675 Adami
1957 1637 2078 1691 qua)

490 1713 905 1781 subsequuntur
948 1715 1114 1769 verba
1179 1724 1457 1782 arguunt:
1498 1714 1787 1785 PrOpterea
1821 1718 2076 1787 relinquet

489 1804 569 1857 vir
587 1813 790 1873 patrem
814 1820 967 1859 suum
984 1813 1033 1887 εξ
1055 1816 1300 1868 matrem,
1320 1818 1369 1857 et
1391 1804 1682 1859 adhmrebit
1707 1806 1917 1859 mulieri
1938 1823 2067 1862 sum.

488 1897 628 1950 Nam
679 1898 786 1952 nisi
836 1897 1079 1968 legitimo
1133 1898 1449 1966 nuptiarum
1505 1899 1726 1954 vinculo
1775 1900 2071 1969 conjuncta

488 1988 683 2044 fuisset
721 1990 825 2046 sibi
882 1989 1260 2065 suyfemina,
1290 1991 1453 2059 plane
1493 2006 1601 2045 non
1654 2000 1903 2047 vocasset
1951 2007 2072 2047 eam

490 2098 649 2137 suam
683 2082 966 2138 mulierem
1002 2084 1117 2138 sive
1146 2098 1397 2138 uxorem.
1432 2084 1674 2154 Denique
1698 2093 1826 2139 sunt
1852 2086 2073 2155 quidam

489 2175 876 2247 interpretum,
936 2176 1054 2247 qui,
1109 2176 1255 2241 ltro,
1309 2176 1415 2230 hoc
1465 2188 1571 2240 est,
1619 2179 1905 2232 mulierem
1960 2180 2074 2233 sive

492 2284 721 2324 uxorem
750 2278 994 2323 vocatam
1016 2269 1237 2322 tradant
1253 2268 1397 2321 illam
1421 2268 1523 2322 hoc
1539 2280 1722 2340 etymo
1744 2288 1757 2331 ;
1779 2272 1934 2335 quasi
1957 2269 2074 2338 ipsa

488 2369 559 2419 ad
598 2364 855 2418 maritum
884 2377 1047 2416 suum
1080 2362 1319 2417 dixerit:
1345 2364 1476 2417 Atta
1514 2361 1588 2417 Ta
1617 2362 1807 2427 laedi,
1841 2364 1947 2417 hoc
1969 2370 2075 2427 est,

494 2465 549 2509 tu
579 2456 763 2509 accede
789 2462 858 2507 ad
890 2472 991 2519 me,
1018 2454 1278 2509 nimirum
1314 2455 1357 2509 si
1386 2456 1520 2510 velis
1544 2456 1679 2509 mihi
1725 2457 1822 2509 rite
1852 2455 2076 2521 sneiari,

491 2559 754 2619 paterque
784 2549 1081 2604 liberorum
1136 2550 1250 2604 ﬁeri
1297 2550 1657 2604 conservandi
1704 2553 1919 2620 generis
1963 2549 2078 2605 hu—

492 2642 640 2697 mani
681 2642 875 2713 gratia.
920 2640 1225 2697 Conlit-itur
1282 2644 1466 2712 itaque
1513 2643 1596 2697 his
1644 2644 1921 2708 omnibus,
1952 2645 2076 2699 ideo

493 2734 663 2787 Etain
700 2734 900 2789 dictam
922 2749 1043 2789 esse
1070 2733 1204 2800 Ιιιο,
1232 2736 1335 2789 hoc
1363 2744 1466 2796 est.
1495 2735 1775 2789 mulierem
1806 2736 1920 2790 sive
1945 2752 2078 2791 ηκο-

494 2842 635 2892 rem,
660 2828 785 2895 quia
812 2827 926 2895 lege
958 2828 1075 2879 viro
1102 2827 1389 2895 conjuncta
1414 2836 1552 2889 erat,
1578 2843 1879 2897 omnesque
1900 2843 1965 2882 ac
1991 2843 2082 2883 so-

496 2918 580 2974 l.is
600 2919 635 2973 fi
658 2924 834 2973 minas
849 2922 952 2972 rite
973 2930 1170 2989 nuptas
1198 2919 1289 2973 illo
1323 2919 1899 2988 nominedignasessc,
1919 2931 2082 2990 atque

501 3014 559 3069 in
617 3030 735 3067 eam
787 3016 1116 3069 sententiam
1165 3014 1357 3067 Adami
1408 3015 1570 3067 verba
1621 3016 1711 3066 illa
1753 3029 1877 3069 esse
1905 3015 2078 3083 expli-

2176 501 2434 559 Christus
2466 504 2521 559 in
2559 503 2855 574 Evangelio
2873 504 3027 578 quasi
3061 521 3127 561 ex
3184 506 3277 561 Dei
3318 507 3495 562 Patris
3521 526 3752 579 persona

2177 596 2319 649 dicta
2348 596 2554 665 profert
2586 596 2631 628 "
2659 614 2673 651 :
2698 596 3547 668 quandoquidempmphetarum
3574 603 3751 669 verba,

2177 690 2283 742 etsi
2328 704 2391 745 ex
2438 691 2689 759 ipsorum
2733 690 2924 745 oribus
2973 694 3327 759 emanarint,
3381 704 3562 750 tamen
3602 706 3661 751 ut
3690 698 3754 751 ab

2180 782 2299 851 ipso
2344 782 2451 837 Deo
2483 783 2835 850 pronuntiata
2880 782 3213 853 accipimus;
3273 783 3365 838 Dei
3408 789 3554 842 enim
3589 791 3757 857 ipsius

2177 889 2403 943 organa,
2446 876 2731 947 propheta:
2780 874 3015 929 habendi
3064 886 3215 931 sunt.
3264 876 3535 933 Caeterum
3588 879 3756 950 queri

2177 976 2372 1035 potest,
2405 984 2502 1023 cur
2525 972 2589 1022 de
2618 969 2733 1022 viro
2754 969 2898 1022 dicat
2929 968 3234 1038 Scriptura,
3267 974 3411 1041 quod
3446 972 3758 1044 relinquere

2177 1064 2370 1117 debeat
2436 1073 2644 1133 patrem
2690 1073 3048 1132 matremque,
3103 1072 3157 1117 et
3209 1063 3489 1120 adhaerere
3556 1069 3753 1121 uxori:

2178 1154 2399 1224 quando
2433 1158 2564 1224 ipsa:
2594 1156 2777 1224 potius
2814 1155 3093 1220 mulieres,
3124 1165 3297 1223 patre,
3331 1173 3395 1213 ac
3426 1168 3601 1213 matre
3623 1200 3640 1223 ,
3671 1159 3758 1214 fa-

2178 1247 2438 1317 miliaque
2462 1286 2475 1308 ,
2499 1262 2562 1301 ac
2587 1248 2747 1302 rebus
2762 1248 2877 1303 suis
2895 1250 3151 1303 omnibus
3169 1250 3392 1314 relictis,
3417 1252 3484 1305 ad
3502 1254 3648 1308 viros
3667 1267 3759 1307 ac-

2177 1342 2373 1393 cedunt
2432 1340 2673 1409 ip-isque
2704 1340 3009 1400 adhaerent.
3050 1340 3131 1395 Ad
3178 1341 3283 1395 hoc
3320 1345 3757 1413 respondendum

2176 1441 2278 1495 est,
2314 1430 2502 1484 multis
2542 1430 2596 1484 id
2652 1431 2961 1485 rationibus
3002 1430 3118 1485 ﬁeri
3158 1448 3172 1484 :
3204 1439 3257 1485 et
3288 1433 3417 1501 quia
3456 1434 3538 1487 \ir
3564 1434 3760 1488 mulie-

2180 1523 2257 1577 ris
2286 1533 2452 1591 caput
2478 1532 2582 1587 est,
2616 1533 2669 1577 et
2706 1526 2832 1593 quia
2874 1524 2960 1578 ille
2990 1540 3084 1593 per
3118 1524 3431 1595 conjugium
3462 1526 3597 1580 liber
3628 1527 3747 1597 pri-

2178 1629 2329 1667 mum
2382 1616 2564 1669 evadit
2611 1616 2960 1686 solviturque
3000 1618 3172 1685 patria
3206 1627 3474 1685 poti-state
3537 1619 3595 1673 in
3650 1635 3757 1689 qua

2181 1710 2445 1777 tantisper
2512 1720 2634 1764 erat
2694 1712 2822 1763 dum
2878 1726 3104 1764 uxorem
3170 1712 3394 1766 duceret
3439 1726 3549 1766 :ea
3613 1718 3757 1768 enim

2108 1768 2150 1823 Β
2178 1768 2490 1870 ducta-ipso
2537 1802 2595 1854 fit
2630 1802 3042 1871 paterfamilias.
3082 1801 3146 1856 Et
3171 1804 3298 1874 quia
3341 1820 3447 1857 non
3479 1817 3757 1874 parentem

2175 1908 2297 1949 esse
2325 1895 2419 1948 sed
2446 1908 2677 1965 corpora
2707 1895 2957 1962 miscere,
2990 1906 3237 1966 tempore
3266 1898 3417 1967 prius
3439 1908 3557 1963 est;
3582 1914 3761 1968 neque

2178 1984 2323 2036 enim
2343 1982 2470 2051 quia
2501 1990 2759 2049 parentes
2794 1992 2947 2047 sunt,
2980 1998 3178 2043 venere
3215 1996 3465 2050 utuntur,
3502 1988 3596 2040 sed
3630 2003 3758 2057 quza

2178 2075 2279 2129 hac
2308 2075 2393 2126 usi
2432 2082 2561 2126 sunt
2616 2082 2871 2142 parentes
2918 2074 3077 2129 ﬁunt.
3136 2076 3270 2133 Nam
3318 2079 3489 2133 Adam
3547 2088 3600 2134 et
3651 2080 3761 2136 Eia

2182 2168 2499 2236 priusquam
2535 2168 2747 2218 mutuis
2803 2165 3146 2235 amplexibus
3192 2171 3494 2225 consociati
3551 2183 3755 2239 essent,

2180 2260 2599 2328 haudquaquam
2671 2270 2928 2328 parentes
2988 2262 3349 2329 dicebautur,
3412 2278 3600 2319 verum
3661 2275 3753 2318 uni

2177 2351 2457 2407 connubio
2487 2353 2846 2407 colla-sissent
2901 2355 3152 2422 ﬁliosque
3203 2370 3609 2426 procreasscnt,
3641 2369 3756 2413 tum

2178 2444 2396 2498 demum
2448 2454 2708 2515 parentes
2757 2454 2885 2499 sunt
2936 2448 3132 2501 merito
3164 2451 3551 2519 cognominati.
3592 2450 3696 2506 Por
3726 2468 3759 2505 ι)

2181 2547 2530 2605 posteaquam
2606 2538 2670 2589 de
2710 2537 2929 2591 condita
2991 2536 3100 2591 Eva
3164 2539 3379 2596 locutus
3419 2553 3503 2596 est
3559 2543 3759 2607 Moses.

2177 2630 2423 2698 procedit
2451 2629 2519 2683 ad
2553 2632 2934 2699 explicandum
2984 2634 3258 2701 quomodo
3306 2635 3472 2689 vitam
3517 2638 3698 2706 agitav
3729 2662 3760 2682 ο

2180 2723 2289 2776 rint
2326 2735 2479 2775 suam
2511 2722 2668 2789 primi
2695 2732 2948 2791 parentes
2973 2725 3058 2779 his
3082 2725 3304 2792 verbis;
3337 2723 3405 2780 Et
3432 2737 3580 2781 erant
3606 2727 3759 2782 ambo

2180 2815 2309 2869 nudi
2320 2816 2521 2881 ,Adam
2550 2826 2597 2869 et
2628 2834 2764 2871 uxor
2791 2818 2982 2886 ipsius,
3010 2834 3172 2892 neque
3192 2821 3423 2892 pudebat
3457 2825 3620 2891 ipsos.
3654 2823 3758 2877 Sed

2181 2920 2281 2960 cur
2299 2920 2405 2961 non
2431 2907 2697 2975 pudebat?
2724 2905 2842 2960 Non
2882 2906 3128 2979 prole-cro
3168 2910 3295 2979 quia
3324 2912 3533 2980 pueruli
3557 2922 3759 2979 essent,

2183 3008 2277 3052 aut
2314 2998 2440 3067 quia
2485 2999 2692 3054 rustica
2740 3002 3090 3071 simplicitate
3137 3012 3301 3073 atque
3352 3003 3757 3074 imprudentia;

501 3105 703 3168 and“,
751 3107 1107 3176 quantumvis
1154 3108 1315 3159 ariam
1364 3121 1475 3175 pm:
1506 3122 1562 3161 se
1617 3105 1813 3161 (θωπί,
1844 3107 2073 3161 verum-
2105 3121 2150 3183 ο
2186 3086 2337 3142 fuere
2360 3090 2505 3183 enim
2537 3106 2567 3144 a
2602 3090 2712 3145 Deo
2736 3091 2912 3145 elfecti
2941 3101 3102 3147 artato
3126 3092 3380 3162 juvenili,
3416 3111 3522 3149 non
3542 3094 3757 3164 puerili,

497 3199 779 3252 enimvero
811 3209 940 3251 sunt
977 3197 1071 3261 Qui
1101 3195 1307 3261 dicant,
1340 3202 1445 3250 duo
1486 3196 1587 3251 ista
1625 3198 1869 3259 nomina,
1898 3197 1998 3249 viri
2027 3207 2083 3252 et

499 3290 768 3354 mulieris,
797 3291 941 3345 inter
963 3305 1019 3346 se
1039 3291 1335 3344 eorm-nire
1364 3290 1416 3345 in
1436 3290 1623 3360 lingua
1648 3288 1893 3353 ilebrta,
1918 3306 2079 3361 quam

499 3382 658 3456 Syra,
691 3393 786 3438 aut
813 3382 1025 3449 Greca,
1061 3392 1151 3437 aut
1209 3384 1558 3448 Armeniaca,
1587 3394 1681 3438 aut
1709 3382 1945 3454 denique
1978 3385 2081 3439 alia

499 3480 715 3551 quavis.
774 3476 831 3531 in
883 3478 973 3532 illa
1026 3477 1172 3531 enim
1225 3476 1434 3541 \iiumf,
1476 3477 1558 3541 Is;
1608 3480 1913 3542 mulierem,
1964 3476 2084 3532 Issa

496 3571 801 3636 enuntiari,
830 3572 975 3641 quod
1010 3572 1233 3639 perinde
1287 3582 1371 3625 est
1399 3586 1462 3625 ac
1498 3572 1543 3626 si
1577 3570 1770 3642 Syrus,
1798 3583 1855 3625 ut
1886 3571 2082 3637 virum,

500 3665 699 3725 Gabi-0.
721 3667 790 3719 ita
811 3667 1091 3719 mulierem
1118 3664 1335 3718 Gabirta
1355 3675 1507 3720 vocet
1532 3664 1743 3736 (19),dc
1760 3682 1866 3735 qua
1889 3682 1943 3718 re
1964 3683 2082 3732 nos,

500 3759 717 3813 volente
739 3759 867 3818 Deo.
887 3759 1085 3811 dicturi
1106 3772 1299 3811 sumus
1316 3758 1369 3811 in
1394 3774 1459 3811 eo
1475 3757 1901 3822 Connneritario,
1920 3774 2081 3826 quem

500 3852 743 3906 srribcre
768 3844 1157 3904 constituimus
1191 3850 1247 3904 in
1278 3850 1489 3918 reliqua
1524 3850 1643 3904 libri
1678 3850 1954 3905 chi-Scos
1993 3866 2081 3903 ca-

500 3946 635 4015 pita,
668 3944 713 3998 si
743 3943 848 3997 vita
875 3950 1115 4014 superet,
1144 3944 1250 3997 erit
1288 3942 1431 3997 enim
1474 3940 1593 4012 ejus
1623 3945 1916 3997 tractandm
1948 3957 2082 3997 con-

500 4053 675 4109 gruus
710 4038 865 4091 locus
901 4037 990 4090 ubi
1020 4034 1087 4088 ad
1114 4034 1204 4090 illa
1245 4036 1411 4090 verba
1442 4044 1760 4104 perventum
1786 4034 1947 4089 fuerit
1976 4053 1987 4088 :
2015 4034 2084 4088 Et

498 4138 615 4183 erat
639 4128 813 4183 atmiis
863 4136 1006 4180 terra
1036 4128 1230 4195 lingua?
1262 4127 1421 4180 utrius
1443 4135 1491 4178 et
1534 4125 1790 4179 sermonis
1816 4125 2075 4193 ejusdem.

501 4219 635 4289 Ideo
676 4221 930 4291 relinquet
960 4222 1040 4273 uir
1080 4229 1283 4289 patrem
1308 4234 1462 4273 suum
1495 4227 1543 4271 ct
1571 4228 1790 4271 matrem
1819 4234 1994 4283 suam,
2033 4226 2083 4272 et

502 4315 790 4370 adluerebit
810 4316 965 4368 uxori
1006 4314 1143 4381 (sive
1167 4310 1401 4373 mulieri)
1431 4326 1562 4364 sua.
1588 4305 1705 4363 Jam
1736 4310 1996 4376 diximus,
2017 4326 2082 4365 ex

503 4409 589 4465 bis
616 4407 795 4462 verbis
826 4405 983 4463 facile
1009 4404 1259 4476 intelligi,
1288 4406 1536 4460 mulieris
1556 4420 1751 4458 nomen
1775 4418 1803 4456 a
1842 4402 2082 4471 legitima

2185 3189 2241 3235 et
2266 3182 2577 3249 prudentes.
2609 3198 2720 3237 non
2748 3184 2931 3239 stolidi
2959 3194 3051 3241 aut
3080 3185 3373 3250 inurbani;
3399 3188 3494 3242 sed
3515 3187 3635 3243 ideo
3657 3203 3764 3258 pu-

2184 3275 2318 3329 dore
2352 3288 2460 3327 non
2493 3273 2873 3331 aﬂiciebantur
2896 3277 2963 3331 dc
2996 3292 3095 3333 sua
3119 3278 3385 3347 nuditate,
3416 3282 3547 3349 quia
3582 3279 3761 3336 adhuc

2187 3380 2295 3419 non
2332 3375 2622 3434 peccet-aut
2652 3381 2829 3437 neque
2859 3366 3221 3437 deliquerant,
3252 3385 3428 3440 coque
3463 3372 3607 3426 nulla
3640 3374 3760 3426 ani-

2186 3472 2337 3511 mum
2367 3461 2626 3528 cogitatio
2681 3460 2902 3514 subibat
2958 3477 3080 3517 esse
3136 3463 3375 3536 aliquam
3429 3464 3481 3519 in
3521 3468 3764 3522 nuditate

2185 3551 2423 3619 culpam.
2473 3550 2740 3607 Praeterea
2789 3554 2973 3608 amicti
3022 3566 3180 3609 erant
3235 3556 3435 3627 gloria,
3482 3571 3645 3628 atque
3680 3559 3765 3614 iii-

2186 3646 2336 3698 circo
2391 3658 2500 3698 non
2552 3646 3061 3701 verecundabantur
3121 3665 3136 3701 :
3187 3651 3330 3706 sicut
3396 3653 3543 3706 enim
3598 3651 3766 3709 Hosis

2188 3738 2386 3793 faciem
2444 3738 2614 3809 gloria
2672 3748 2979 3795 contectam
3039 3739 3242 3797 intueri
3306 3758 3414 3798 non
3468 3755 3764 3814 potuerunt

2185 3830 2445 3885 Israelita:
2464 3830 2533 3897 ",
2550 3839 2605 3885 et
2623 3838 2680 3885 ut
2698 3831 2750 3885 in
2776 3831 2943 3887 solem
2964 3833 3098 3889 stola
3118 3834 3301 3903 gloriae
3321 3839 3574 3891 vestitum
3603 3851 3763 3893 mor-

2188 3924 2323 3977 tales
2344 3924 2629 3978 oculorum
2658 3926 2828 3979 aciem
2856 3926 3137 3983 intendere
3164 3940 3471 3997 nequeunt;
3503 3941 3765 4001 praeterea

2185 4028 2245 4072 ut
2281 4032 2485 4087 corpus
2520 4018 2736 4071 Domini
2793 4030 3112 4089 coopertum
3148 4022 3345 4092 gloria,
3378 4025 3547 4080 solem
3581 4026 3763 4097 ipsum

2188 4109 2398 4180 fulgore
2421 4111 2764 4180 caudoreque
2788 4113 3081 4180 seperabat
3104 4126 3227 4166 cum
3254 4115 3308 4168 in
3334 4126 3572 4171 montem
3595 4132 3654 4171 se
3676 4133 3764 4174 re-

2186 4206 2421 4273 cepissu
2464 4204 2581 4270 '-”,
2604 4206 2836 4271 denique
2865 4214 2924 4259 ut
2954 4208 3124 4275 ipsius
3149 4206 3451 4263 divinitatis
3476 4212 3765 4266 vestimeno

2187 4305 2297 4351 tum
2324 4298 2614 4366 spectabile
2646 4312 2755 4351 non
2785 4308 2867 4351 est
2895 4316 2911 4357 ;
2943 4299 3015 4352 ita
3035 4299 3207 4353 Adam
3240 4299 3460 4370 Evaque
3475 4301 3601 4369 quia
3635 4317 3761 4359 ves-

2187 4387 2276 4441 titi
2298 4397 2454 4441 erant
2479 4387 2669 4456 gloria,
2689 4389 3372 4457 niliil,verccundsbantur.
3392 4390 3526 4448 Nam
3546 4396 3763 4452 nuditas

511 4502 902 4573 conjunctione
922 4516 1031 4571 qua
1064 4498 1183 4553 viro
1212 4497 1455 4553 sociatur
1475 4535 1491 4561 ,
1528 4497 1735 4551 dictum
1776 4513 1918 4551 esse.
1948 4495 2079 4552 Nam

2187 4493 2249 4533 ea
2278 4478 2345 4533 de
2376 4494 2483 4548 qua
2522 4481 2608 4534 hic
2669 4478 2850 4534 Moses
2880 4482 3015 4551 agit,
3046 4483 3112 4535 ad
3163 4491 3368 4537 vestem
3400 4495 3608 4555 spectat
3654 4503 3761 4542 tum

503 4609 574 4649 eo
604 4604 816 4663 spectat
841 4594 989 4663 quod
1025 4590 1115 4645 hic
1165 4589 1322 4656 dicit,
1361 4590 1536 4644 virum
1587 4590 1658 4643 ita
1716 4589 1931 4643 mulieri
1966 4605 2095 4642 mu-

506 4698 662 4743 tuum
700 4691 979 4741 conterere
1003 4684 1225 4749 debere,
1264 4692 1323 4736 ut
1353 4692 1562 4753 patrem
1596 4690 1939 4752 matremque
1978 4682 2081 4737 sibi

507 4796 619 4850 prae
668 4778 754 4832 illa
788 4775 1122 4833 deserendus
1178 4783 1403 4830 statuat.
1454 4765 1523 4827 Et
1558 4780 1712 4826 erunt
1757 4772 1912 4826 amba
1958 4787 2082 4825 caro

506 4890 635 4927 una.
668 4871 852 4925 Multis
881 4869 1060 4925 modis
1087 4870 1170 4923 vir
1200 4876 1255 4922 et
1289 4880 1444 4922 uxor:
1467 4882 1573 4919 una
1600 4879 1729 4920 caro
1752 4874 2076 4919 censentur:

505 4980 602 5034 per
630 4962 871 5031 eoujugii
900 4956 1383 5023 necessitudinem,
1414 4970 1510 5026 per
1538 4951 1788 5010 sobolem
1813 4954 2081 5007 ambobus

508 5070 855 5110 communem
877 5068 893 5119 ;
920 5054 1154 5121 denique
1170 5065 1236 5104 eo
1254 5050 1420 5104 etiam
1448 5050 1596 5119 quod
1618 5048 1858 5118 parentis
1880 5048 2084 5119 liliique

507 5159 637 5203 ηιμ,
681 5163 746 5201 ex
781 5148 899 5217 ipsa
950 5144 1184 5199 muliere
1222 5142 1455 5214 pendeat
1489 5150 1655 5211 atque
1677 5155 1743 5195 ex
1791 5157 1851 5194 ea
1880 5143 2087 5195 consti-

509 5238 717 5303 tuatur,
738 5247 1003 5310 quantum
1027 5235 1095 5292 ad
1131 5237 1244 5305 ipsa
1268 5248 1496 5304 corpora
1525 5248 1647 5304 quae
1668 5234 2085 5303 progignuntur,

509 5335 774 5405 pertinet.
808 5330 884 5386 Ex
916 5328 1195 5385 connubio
1227 5328 1373 5381 enim
1409 5326 1513 5380 viri
1558 5326 1915 5394 mulierisque
1944 5324 2003 5377 ﬁt
2030 5332 2087 5378 ut

514 5422 795 5490 concipiat
832 5420 1124 5490 pariatque
1177 5416 1375 5472 mulier
1407 5434 1421 5470 :
1452 5416 1564 5486 jam
1592 5429 1723 5469 vero
1770 5430 1863 5484 per
1894 5430 2087 5469 conce-

510 5523 661 5587 ptum
698 5526 1026 5585 partumque
1054 5522 1312 5585 parentes
1347 5521 1402 5569 et
1428 5510 1522 5565 lilii
1562 5510 1889 5565 efficiuntur.
1916 5507 2087 5563 Porro

508 5617 717 5666 certum
749 5616 857 5673 est,
890 5608 1155 5661 Adatnum
1193 5604 1307 5660 haec
1335 5603 1497 5658 verba
1530 5617 1623 5672 per
1654 5601 1971 5657 vaticinium
2014 5614 2079 5656 ex

583 5747 628 5781 ”
657 5746 676 5801 l
702 5747 828 5803 Cor.
860 5761 957 5805 vn.
995 5744 1019 5799 Ι
1066 5756 1220 5814 seqq.
1294 5741 1341 5779 ³⁸
1373 5740 1562 5800 Matth.
1591 5756 1680 5801 an
1708 5780 1724 5808 ,
1755 5739 1811 5807 ι,
1846 5738 1901 5794 5.

1976 5741 2020 5773 ”
2051 5737 2219 5796 Exod.
2262 5752 2442 5801 xxxrv,
2468 5736 2557 5792 39.

2190 4573 2318 4626 item
2359 4574 2425 4625 ad
2481 4575 2709 4644 gloriam
2761 4589 2867 4643 qua
2926 4576 3091 4627 etiam
3158 4584 3271 4627 tum
3312 4580 3548 4631 contecti
3580 4586 3758 4634 erant.

2189 4664 2417 4735 insuper
2477 4673 2561 4719 est
2621 4666 2711 4719 ubi
2788 4667 3004 4719 nuditas
3076 4668 3302 4736 pudoris
3390 4681 3612 4723 sensum
3663 4686 3760 4739 ge-

2193 4766 2385 4822 neret;
2419 4767 2503 4810 est
2553 4757 2721 4812 etiam
2773 4758 2863 4811 uhi
2920 4756 3069 4810 nulla
3121 4759 3465 4811 verecundia:
3509 4760 3764 4828 cOgiiatio

2191 4850 2437 4903 animum
2470 4851 2542 4903 ob
2570 4850 2867 4903 nuditatem
2899 4853 3111 4905 subeat.
3141 4849 3291 4905 illius
3329 4857 3635 4920 exemplum
3668 4852 3761 4908 ba—

2191 4942 2386 4997 bcmus
2416 4943 2469 4995 in
2501 4943 2712 4996 Adamo
2752 4954 2916 5012 atque
2951 4942 3193 5012 Eva,qui
3241 4953 3596 5015 posteaquam
3630 4944 3762 4998 doli-

2191 5036 2460 5107 quissent,
2484 5037 2871 5091 existimabant
2892 5054 3049 5091 suam
3075 5038 3179 5092 sibi
3238 5037 3536 5092 nuditatem
3569 5037 3761 5109 pudori

2193 5143 2314 5184 esse
2330 5127 2529 5184 debere
2552 5145 2567 5193 ;
2594 5128 2755 5199 hujus
2776 5146 2905 5183 vero
2931 5131 2983 5181 in
3020 5128 3282 5200 puerulis,
3301 5144 3439 5197 quos
3453 5129 3583 5183 nihil
3599 5132 3766 5199 pudet

2191 5232 2315 5273 esse
2350 5219 2562 5286 nudus;
2601 5220 2741 5273 idem
2796 5221 3013 5284 accidit,
3075 5235 3202 5274 eum
3234 5235 3319 5273 res
3360 5221 3474 5286 ipsa
3504 5222 3763 5287 pudor-nt

2197 5311 2250 5366 in
2282 5328 2342 5366 se
2393 5311 2599 5369 nullum
2660 5311 2841 5377 habet,
2893 5312 3058 5364 Veluti
3096 5312 3222 5365 eum
3266 5312 3391 5380 quis
3434 5317 3668 5368 secreto.
3712 5316 3767 5361 et

2195 5406 2401 5473 absque
2450 5403 2702 5466 testibus,
2751 5419 2811 5459 se
2835 5403 3077 5457 vestibus
3106 5402 3253 5458 exuit
3289 5417 3305 5468 ;
3362 5398 3421 5453 iit
3464 5399 3567 5453 hoc
3601 5400 3764 5453 etiam

2194 5502 2354 5570 longa
2392 5499 2791 5555 consuetudine
2834 5498 3120 5569 magistra,
3167 5495 3312 5552 sicut
3348 5494 3417 5549 iis
3465 5492 3648 5547 evenit
3675 5489 3768 5561 qui

2200 5595 2419 5650 assidue
2455 5594 2508 5647 in
2536 5592 2746 5647 balneis
2780 5591 2907 5646 nudi
2958 5598 3267 5646 versantur.
3299 5584 3542 5657 Denique
3565 5583 3656 5638 ubi
3691 5587 3769 5642 rei

2659 5734 2753 5770 1-“
2773 5734 2956 5791 Matth.
2992 5732 3166 5800 svn,l
3206 5742 3359 5801 Wl‘i'

592 5841 710 5910 (l9)
738 5840 832 5900 Vel
860 5840 905 5900 si
939 5837 1170 5897 Latinus
1202 5838 1386 5896 virum
1426 5836 1575 5900 dicat
1619 5834 1933 5902 hominem;
1974 5833 2261 5890 mulierem
2295 5847 2445 5900 vero,
2480 5830 2779 5887 hominem.
