4082 6160
325 332 432 400 549

1458 328 1554 390 DE
1598 327 1975 389 PARADISO
2039 351 2105 362 -
2150 325 2340 385 Ρ.κίιὸ
2380 324 2425 382 ῐ.

3474 315 3578 376 550

323 444 629 499 necessitas
665 442 909 511 quietiam
976 438 1263 503 incumbit,
1297 438 1461 493 veluti
1489 440 1532 493 si
1564 438 1688 509 quis
1726 437 1904 493 ulcere
1937 443 1977 499 Α
2010 454 2091 509 ιρι
2129 465 2292 516 ρεδνι,
2350 464 2511 523 atque
2568 450 2693 507 inde
2750 460 2965 519 captato
2989 448 3205 503 talltndi
3262 461 3589 512 argumento

322 537 529 589 laboret
563 536 616 587 in
650 551 711 587 ea
745 534 995 600 corporis
1029 542 1180 601 parte
1227 545 1389 601 quam
1441 530 1642 600 alioqui
1698 532 1905 597 alisque

325 630 536 699 pudore
567 645 675 681 non
704 637 943 695 reti-gat;
973 627 1085 696 ipsa
1114 626 1633 680 ωιηρηιιυςὼςίιειιο
1656 624 1903 684 adactus,

320 736 441 774 eam
490 730 659 775 exulo
703 720 932 785 pudore,
978 718 1186 771 medico
1226 716 1418 785 aperit.
1461 712 1603 767 Duas
1647 711 1806 781 igitur
1833 710 1904 763 ob

327 829 411 866 res
445 828 555 865 non
595 809 1105 865 tetecundabantur
1141 809 1310 862 Adam
1336 817 1387 859 et
1424 806 1529 859 Eva
1561 821 1684 857 cum
1722 812 1908 859 essent

318 908 485 973 nudi;
523 917 574 959 ct
614 907 739 975 quia
790 905 972 957 amicti
1027 913 1183 955 erant
1222 902 1415 970 gloria,
1465 909 1519 954 et
1548 901 1676 968 quia
1724 895 1904 950 adhuc

317 1014 429 1055 non
461 1000 831 1068 deliquerant.
858 996 993 1050 Nam
1037 1006 1085 1050 et
1130 996 1182 1047 in
1218 998 1396 1049 futuro
1429 993 1635 1046 ntuudo
1656 992 1905 1047 sublatus

320 1092 427 1144 erit
460 1092 641 1145 omnis
676 1089 853 1160 pudor
901 1104 967 1141 ex
1017 1087 1351 1150 hominibus,
1400 1086 1494 1154 qui
1546 1102 1609 1138 ex
1657 1087 1904 1138 nuditate

318 1185 498 1255 possit
524 1182 710 1253 gigni;
767 1192 882 1234 tum
913 1180 1038 1248 quia
1073 1180 1252 1232 vestiti
1312 1188 1471 1233 erunt
1529 1179 1701 1245 gloria
1754 1176 1903 1245 qtrati

318 1289 438 1331 erat
470 1278 694 1328 indutus
734 1274 976 1327 Atlatnus
1010 1285 1174 1341 atque
1234 1271 1407 1340 ipsius
1440 1285 1576 1322 uxor
1612 1267 1719 1322 Eva
1766 1270 1905 1321 inter

320 1372 549 1427 arbores
578 1379 873 1440 antequam
913 1369 1206 1422 violassent
1231 1368 1547 1421 mandatum
1574 1382 1591 1432 ;
1624 1376 1738 1419 tum
1772 1365 1899 1433 quia

328 1465 447 1533 ipsa
475 1465 700 1533 pudoris
750 1476 936 1523 causa,
970 1469 1248 1531 peceatum
1280 1458 1611 1514 dissolutum
1647 1460 1751 1513 erit
1780 1457 1903 1510 irri-

321 1566 567 1625 tumque.
619 1556 887 1607 tia-terum
944 1554 1101 1607 divus
1148 1552 1336 1607 Moses
1379 1553 1509 1607 dum
1562 1559 1900 1622 perseverat,

322 1648 592 1715 Adamutn
667 1646 943 1715 Erantque
1010 1646 1144 1699 nihil
1203 1645 1464 1715 puduisse
1526 1660 1642 1701 sua:
1687 1645 1905 1699 nudita-

320 1742 391 1796 tis
430 1741 540 1811 (20)
574 1738 821 1795 :coulert
851 1741 900 1793 id
935 1739 1193 1793 s:eculunt
1226 1753 1334 1808 quo
1362 1754 1423 1792 ea
1453 1739 1749 1803 scribebat,
1776 1753 1900 1793 cum

321 1849 390 1887 eo
412 1850 520 1903 quo
575 1834 646 1887 illi
678 1833 830 1888 luere
860 1834 1128 1902 procreati
1157 1848 1187 1886 a
1221 1831 1353 1895 Deo,
1381 1831 1537 1902 quasi
1568 1832 1712 1886 dicat
1744 1850 1761 1887 :
1791 1831 1905 1887 Non

326 1940 383 1982 ut
411 1931 525 1998 jam
560 1930 753 1983 ridetis
776 1929 1027 1981 homines
1056 1929 1128 1980 oh
1175 1926 1474 1981 nuditatem
1501 1926 1712 1998 pudore
1742 1923 1906 1992 allici,

328 2026 402 2077 ita
438 2024 649 2076 Adamn
682 2021 913 2091 ﬁneque
967 2020 1196 2084 accidit;
1238 2036 1411 2090 neque
1462 2022 1613 2079 enim
1651 2020 1773 2075 illos
1807 2035 1911 2090 pu-

326 2116 443 2168 duit
473 2114 544 2166 ob
574 2113 713 2167 duas
747 2129 868 2182 quac
898 2113 1055 2166 dicta:
1110 2111 1224 2183 jam
1262 2123 1385 2166 sunt
1442 2114 1703 2169 rationes.
1736 2111 1910 2168 Porro

328 2208 575 2261 absoluto
604 2221 855 2260 sermone
894 2206 962 2261 de
1006 2215 1189 2261 creato
1236 2206 1449 2261 Adamo
1479 2205 1724 2279 Evaque,
1755 2218 1810 2263 et
1844 2194 1910 2263 de

328 2300 449 2351 viae
482 2300 725 2368 ipsorum
763 2299 1033 2361 instituto,
1065 2296 1238 2368 pergit
1268 2297 1429 2351 divus
1457 2297 1632 2356 Muses
1662 2314 1908 2355 commeo

329 2403 546 2444 morare
575 2388 819 2442 [intidem
843 2404 950 2457 qua
980 2388 1189 2442 seducti
1219 2398 1349 2442 sunt
1382 2405 1410 2441 a
1443 2399 1613 2451 recte,
1646 2392 1908 2445 nimirum

332 2493 389 2536 ut
418 2499 521 2537 nos
551 2484 746 2536 doct-at
770 2498 833 2536 ex
865 2492 1071 2551 quanta
1113 2482 1362 2537 libertate
1409 2481 1462 2536 in
1496 2498 1659 2552 quam
1691 2501 1909 2555 gravem

327 2574 534 2642 delapsi
596 2583 914 2627 servitutem
990 2586 1085 2641 per
1148 2581 1454 2642 peceatum,
1503 2574 1803 2643 inquiens:
1846 2577 1913 2628 [εἰ

328 2682 543 2733 serpens
573 2665 805 2717 artutiar
851 2673 966 2717 erat
1001 2666 1143 2718 omni
1196 2664 1361 2719 bestia
1396 2671 1549 2737 agri,
1588 2683 1746 2737 quant
1790 2669 1914 2735 (Ife-

329 2767 474 2812 errat
514 2758 772 2811 Dominus
830 2757 993 2812 Deus.
1044 2756 1183 2811 Num
1225 2759 1292 2812 de
1326 2769 1616 2828 corporato
1663 2772 1915 2831 serpente

337 2852 426 2904 hic
459 2860 586 2918 agat
633 2854 794 2903 divus
826 2848 1029 2911 Moses,
1058 2864 1127 2902 an
1155 2865 1285 2904 vero
1312 2849 1379 2905 de
1433 2850 1634 2905 Sataua
1678 2852 1769 2921 qui
1800 2869 1919 2909 ser-

332 2946 484 3015 penti
510 2944 709 2998 similis
732 2943 1082 3014 apparuerit;
1112 2955 1189 3006 et,
1221 2943 1267 2997 si
1296 2943 1525 3001 Satanas
1566 2947 1618 2999 in
1648 2948 1917 3013 serpentis

330 3054 532 3107 corpus
559 3054 615 3092 :e
648 3037 969 3103 insinuem,
997 3039 1154 3105 cujus
1176 3036 1390 3107 generis
1413 3036 1644 3093 fueritis
1668 3053 1914 3109 serpens;

2008 554 2279 607 adversus
2317 551 2489 617 ipsam
2547 546 2879 601 abuteretur.
2941 542 3049 598 Nos
3110 557 3274 612 porto
3312 550 3588 612 putamus,

2006 647 2277 714 cujusque
2344 642 2539 695 harum
2622 639 2857 692 duarum
2938 647 3207 691 uetat-um
3266 634 3589 689 sententiam

2009 737 2213 789 versari
2246 736 2299 789 iu
2332 734 2506 789 tribus
2530 733 2680 787 hisce
2701 731 3096 801 quaestionibus
3127 737 3340 796 :utrum
3369 728 3590 781 condita

2006 826 2077 881 sit
2118 825 2224 879 Eva
2253 825 2418 881 simul
2448 841 2572 880 cunt
2625 824 2856 886 Adamo,
2885 840 2953 877 an
2985 834 3106 891 post
3141 841 3155 888 ;
3186 821 3401 884 deinde,
3431 836 3589 873 acce-

2009 921 2223 988 peritne
2251 934 2359 973 una
2400 933 2525 970 cum
2557 917 2766 970 Adamo
2819 917 3135 969 mandatum
3188 915 3319 971 illud
3350 913 3421 966 ab
3471 915 3509 980 ii
3529 928 3594 965 so

2010 1010 2141 1071 Deo,
2177 1027 2245 1065 an
2294 1026 2424 1063 vero
2469 1020 2592 1078 post
2640 1009 2711 1063 ab
2763 1008 3278 1076 Adamozdenique
3312 1010 3455 1060 sitne
3499 1021 3591 1069 per

2009 1120 2194 1159 vocem
2226 1120 2349 1172 qum
2387 1106 2440 1156 in
2469 1118 2691 1157 sensum
2739 1104 2981 1165 caderet,
3021 1104 3146 1156 data
3175 1104 3259 1156 lex
3292 1118 3351 1154 ea
3399 1118 3430 1156 a
3461 1102 3589 1162 lico,

2010 1212 2080 1249 an
2115 1212 2243 1249 vero
2278 1198 2485 1263 absque
2522 1211 2655 1250 voce
2702 1196 2869 1250 menti
2917 1194 3207 1265 impressa,
3242 1194 3585 1261 coguusrihi;

2009 1290 2187 1358 lisque
2220 1288 2430 1342 reddita
2467 1305 2481 1341 :
2514 1301 2578 1342 ac
2614 1287 2842 1358 proinde
2879 1303 3172 1343 censemus
3200 1288 3298 1341 has
3326 1287 3590 1356 qurestio-

2011 1398 2109 1436 nes
2136 1392 2390 1436 accurate
2438 1381 2825 1449 expendendas
2860 1396 2982 1435 esse
3016 1383 3335 1450 priusquam
3387 1383 3453 1434 de
3484 1380 3589 1433 illis

2009 1475 2300 1530 sententiis
2331 1486 2476 1528 recte
2510 1475 2693 1543 possis
2720 1475 3059 1529 existimare.

2084 1546 2343 1615 Historia
2380 1562 2573 1615 Adami
2609 1564 2757 1616 ordo.
2782 1592 2850 1603 --
2874 1563 3037 1631 Igitur
3058 1562 3318 1616 Dotnintts
3352 1560 3588 1632 Ephrem

2007 1664 2063 1708 et
2090 1654 2183 1723 qui
2216 1670 2345 1707 eum
2381 1656 2500 1722 ipso
2536 1656 2783 1709 sentiunt
2814 1655 3140 1724 interpretes
3174 1655 3263 1705 alii
3318 1653 3434 1720 ipso
3467 1654 3590 1706 [reti

2011 1743 2307 1817 Scriptura:
2328 1757 2516 1799 tenore
2542 1745 2795 1815 serieque
2825 1746 2998 1810 ducti,
3028 1747 3216 1799 dicunt
3242 1748 3417 1815 primo
3448 1746 3589 1798 Atla-

2012 1854 2161 1892 mum
2194 1853 2318 1893 esse
2344 1838 2626 1892 conditum
2653 1848 2803 1892 extra
2841 1839 3178 1909 paradisum,
3214 1846 3269 1893 et
3300 1839 3495 1892 deinde
3537 1839 3590 1893 in

2016 1932 2334 2002 paradisum
2370 1932 2742 1986 introductum
2777 1933 3053 2000 accepisse
3079 1946 3106 1984 a
3132 1931 3239 1984 Deo
3269 1933 3589 1985 mandatum

2010 2039 2080 2079 ne
2110 2034 2419 2079 vesceretur
2471 2022 2671 2077 arbore
2721 2024 3093 2092 cognitionis,
3155 2034 3277 2093 post
3328 2024 3590 2079 initiJisse

2011 2116 2233 2171 nomina
2263 2116 2656 2179 animantibus,
2681 2130 2745 2169 ae
2773 2124 2904 2170 tunc
2930 2115 3148 2169 demum
3188 2115 3370 2169 conio:
3389 2126 3591 2169 malam

2010 2225 2132 2264 esse
2167 2206 2332 2261 Evam
2376 2222 2443 2262 ex
2490 2210 2665 2277 ipsius
2703 2222 2953 2277 corpore,
3008 2217 3174 2275 atque
3207 2209 3274 2262 de
3325 2218 3595 2277 pra-cepto

2011 2303 2263 2357 eductam
2291 2302 2358 2356 ab
2386 2302 2502 2369 ipso
2534 2298 2745 2352 Adamo
2768 2312 2902 2352 voce
2930 2297 3202 2367 ejusmodi
3254 2314 3324 2367 qu
3343 2318 3371 2349 σε
3416 2300 3594 2351 auditi

2013 2406 2215 2467 posset,
2244 2410 2475 2460 eamque
2513 2406 2696 2447 vocem
2739 2391 3031 2445 exaudisse
3077 2390 3333 2445 Saturam
3367 2408 3489 2444 cum
3521 2391 3591 2444 a:l

2013 2505 2239 2543 uxorem
2274 2490 2591 2557 loqueretur
2614 2486 2895 2549 Λάκωνες
2940 2486 3119 2554 itaque
3152 2485 3245 2538 Sat
3267 2501 3409 2539 nam
3443 2501 3597 2538 man-

2012 2580 2125 2635 dati
2145 2582 2367 2635 mininte
2388 2582 2663 2649 ignarum,
2686 2578 2782 2634 sed
2812 2579 2949 2634 bene
2973 2579 3252 2633 conscium
3280 2595 3592 2648 aggreswm

2015 2690 2140 2728 esse
2176 2674 2367 2729 Evam.
2420 2686 2654 2743 eamque
2708 2683 2893 2741 pacate
2938 2675 3348 2741 interrogasse:
3400 2672 3593 2726 νει-εκεῖ

2015 2768 2151 2821 dixit
2188 2766 2324 2820 Deae
2362 2784 2379 2832 ;
2415 2762 2496 2818 Ne
2524 2768 2864 2821 comedenti;
2893 2766 2958 2819 de
2992 2767 3267 2821 arboribus
3317 2768 3596 2835 paradisi?

2018 2860 2280 2914 nimirum
2308 2868 2365 2911 ttt
2394 2872 2457 2911 ea
2494 2872 2521 2913 ε
2546 2860 2596 2912 bi
2632 2856 3062 2929 interrogatione
3091 2858 3298 2912 aditum
3336 2860 3400 2913 ad
3426 2859 3597 2913 collo-

2018 2950 2213 3020 quium
2246 2956 2484 3018 pararet.
2508 2945 2831 3003 ‘l‘heodorus
2869 2962 2996 3001 vero
3038 2957 3094 3002 et
3137 2948 3256 3017 ejus
3296 2958 3595 3003 sectatores

2022 3044 2196 3103 aiunt,
2229 3039 2397 3095 simul
2429 3038 2702 3092 Adamum
2730 3052 2852 3092 esse
2890 3038 3172 3092 cond.tuut
3201 3048 3255 3091 et
3294 3038 3452 3092 Evam
3493 3039 3595 3108 ipsi

332 3144 595 3202 prmterea
628 3131 862 3199 pedcsne
892 3130 1145 3182 habuerit
1171 3145 1237 3183 an
1273 3130 1498 3185 minime
1526 3130 1613 3185 ille
1652 3146 1915 3204 serpens;
1943 3156 1989 3215 ο
2022 3134 2320 3190 detractam
2354 3134 2545 3187 eodem
2575 3146 2685 3199 quo
2706 3142 2925 3185 creatus
2948 3142 3061 3184 erat
3089 3131 3228 3196 loco,
3264 3142 3424 3200 atque
3459 3135 3599 3188 hanc

333 3234 389 3280 et
423 3242 543 3295 qua:
587 3226 692 3277 huc
720 3234 967 3294 spectant
999 3225 1125 3288 alia,
1152 3223 1359 3291 pridem
1386 3231 1515 3275 sunt
1545 3240 1572 3275 a
1606 3223 1766 3281 nobis
1796 3226 1917 3281 dili-

332 3330 524 3388 genter
548 3326 897 3388 pertractata.
921 3317 1481 3371 Conuuetnoraviinus
1498 3318 1661 3370 etiam
1685 3333 1784 3371 cur
1798 3334 1918 3371 scr-

334 3424 551 3482 pentem
583 3414 899 3466 astutiorem
936 3412 1157 3475 dixerit,
1195 3428 1300 3463 nou
1337 3413 1743 3481 prudentiorem
1784 3428 1917 3467 Cult-

333 3510 440 3561 ctis
469 3507 656 3562 bestiis
706 3506 849 3575 agri.
909 3505 986 3560 De
1028 3503 1114 3559 his
1158 3505 1304 3560 enim
1369 3504 1628 3559 omnibus
1667 3507 1916 3575 egimus,

338 3615 459 3669 cap.
489 3600 580 3663 ii,
609 3601 1011 3669 qumsttouibus
1034 3602 1219 3655 decem
1247 3604 1298 3654 in
1340 3603 1573 3657 medium
1598 3602 1917 3674 propositis.

409 3696 490 3744 An
516 3688 753 3747 Satanas
793 3694 1051 3746 audiverit
1086 3692 1251 3746 Deum
1294 3694 1499 3747 Artamo
1529 3695 1918 3764 pt'wcipieutem

340 3801 403 3839 ne
434 3786 755 3840 eontcdctet.
783 3815 853 3824 —-
885 3786 953 3840 Et
989 3789 1062 3838 ait
1096 3801 1305 3856 serpens
1335 3787 1403 3839 ad
1439 3788 1710 3842 mulierem
1738 3804 1755 3841 :
1792 3787 1919 3845 Vere

338 3882 475 3935 dixit
496 3880 654 3945 Deus,
672 3895 736 3936 ne
765 3880 1100 3934 comederetis
1127 3882 1192 3933 de
1244 3880 1486 3935 eniniqu
1518 3880 1794 3937 arboribus
1821 3899 1918 3953 pa-

344 3980 533 4034 radisi.
572 3979 818 4033 Dubitari
850 3987 1053 4049 potest,
1093 3992 1163 4032 an
1198 3978 1435 4031 audierit
1483 3978 1731 4033 diabolus
1762 3992 1920 4034 man-

342 4070 527 4127 aatum
576 4071 875 4140 leget-ique,
907 4086 1031 4140 qua:
1054 4069 1195 4124 Deus
1252 4069 1462 4124 Adauto
1510 4071 1919 4138 imperaverat:

342 4178 577 4233 cumque
607 4164 829 4218 minime
860 4163 1138 4233 ignoraret
1167 4162 1310 4231 quod
1341 4178 1429 4217 res
1460 4173 1599 4225 erat,
1627 4165 1827 4219 dixerit
1850 4166 1917 4221 ad

345 4255 603 4310 Feminam
640 4271 655 4307 :
703 4252 828 4308 Vere
877 4255 953 4307 ait
983 4253 1119 4307 Deus
1147 4295 1162 4319 ,
1197 4270 1258 4307 ne
1304 4254 1661 4320 corttederetis,
1685 4267 1814 4323 etc.,
1846 4273 1918 4313 an

343 4364 479 4406 vero
504 4348 791 4418 suspicans
815 4348 976 4402 modo
991 4347 1161 4417 legem
1187 4347 1261 4402 illi
1285 4363 1315 4401 a
1335 4346 1445 4403 Deo
1463 4350 1695 4417 positam
1721 4348 1916 4419 fuisse,

342 4442 702 4511 mulierisque
742 4442 988 4495 animum
1036 4450 1274 4504 tentaus.
1306 4441 1397 4497 illa
1434 4443 1501 4496 ad
1547 4442 1719 4511 ipsam
1752 4446 1915 4499 verba

342 4537 536 4594 fecerit
562 4537 848 4591 Dominus.
895 4534 1154 4604 Ephrem,
1189 4536 1391 4603 aliique
1421 4536 1744 4605 interpretes
1764 4554 1916 4592 eom-

342 4632 531 4703 plures
564 4638 791 4685 Censen!
820 4628 1077 4684 Satanam
1119 4629 1391 4681 audivisse
1425 4632 1739 4683 mandatum
1774 4630 1921 4701 quod

343 4722 560 4777 Adamo
587 4726 819 4776 dauatur
852 4735 868 4773 :
906 4720 1136 4789 ejusque
1167 4721 1453 4775 conscium
1506 4721 1805 4778 accessisse
1835 4724 1923 4777 in-

344 4825 769 4886 terrogasseque
802 4813 1059 4867 feminam
1134 4811 1242 4868 illis
1291 4814 1475 4868 verbis
1528 4828 1541 4867 :
1596 4812 1791 4870 Verene
1844 4816 1921 4869 ait

349 4907 517 4973 Deus,
553 4917 684 4970 τις..
718 4920 830 4975 quo
860 4921 957 4973 per
984 4919 1102 4959 ratu
1152 4904 1639 4975 interrogationem
1691 4907 1793 4962 sibi
1825 4921 1923 4962 ea-

348 5009 526 5068 ptaret
549 4997 899 5064 colloquendi
925 5011 1139 5050 ansam.
1156 4996 1491 5050 Pliiloxeuus
1523 5010 1650 5050 vero
1669 5007 1723 5052 et
1745 4994 1927 5053 Theo.

349 5095 521 5146 dorus
552 5090 909 5145 Nestorianns
939 5089 1197 5159 multique
1222 5104 1347 5142 eum
1381 5089 1467 5145 his
1488 5088 1577 5143 alii
1598 5089 1780 5145 dicere
1808 5106 1928 5146 ωδ.

349 5186 495 5248 luet,
517 5186 775 5239 Satanam
808 5195 915 5235 non
947 5180 1186 5237 audiisse
1219 5180 1389 5247 legent
1418 5180 1546 5234 dum
1578 5182 1790 5235 Adamn
1818 5185 1920 5235 itii-

356 5277 683 5346 ponebatur,
716 5274 809 5330 sed
855 5272 1172 5341 conjectura
1219 5281 1386 5341 atque
1418 5273 1731 5342 suspicione
1782 5290 1925 5345 prae.

349 5372 566 5439 scripta
589 5368 895 5437 cuiuspiam
930 5365 1069 5436 legis
1091 5368 1333 5427 ductum,
1364 5368 1649 5420 mulierem
1668 5369 1918 5423 adortum

352 5481 476 5521 esse
509 5475 565 5516 ut
594 5477 657 5516 ex
689 5477 753 5515 ea
806 5460 1137 5526 interrogata
1188 5460 1421 5513 disceret
1451 5461 1756 5529 qualisnam
1818 5465 1923 5518 lata

429 5586 466 5615 ¹’¹
497 5584 637 5639 Petti.
677 5596 715 5643 l,
752 5580 792 5632 Ι-

409 5679 527 5749 (ξο)
565 5682 735 5731 (Laure
782 5674 928 5749 lege,
962 5686 1086 5749 nam
1140 5669 1310 5726 Adam
1365 5687 1469 5749 non
1516 5670 1701 5749 habuit
1728 5690 1931 5749 corpus

360 5741 652 5822 glutinum
686 5757 745 5822 ut
794 5741 1019 5822 beatihin
1067 5752 1238 5808 patria
1287 5741 1382 5819 scd
1431 5741 1929 5822 [ut'aall'ittk'liigilo

361 5814 559 5877 Corium
597 5818 724 5873 illud
758 5814 1101 5882 splendidum
1134 5822 1313 5868 status
1354 5815 1698 5886 innocentiae,
1731 5833 1838 5889 quo
1858 5834 1917 5873 ea

2021 3245 2128 3284 una
2160 3229 2285 3282 inde
2321 3228 2373 3280 in
2416 3226 2728 3296 paradisum
2759 3239 2884 3280 cum
2936 3225 3029 3278 illo
3076 3238 3198 3278 esse
3247 3226 3596 3290 subdi-itam,

2021 3338 2239 3395 unaque
2268 3323 2439 3391 legem
2476 3321 2753 3390 accepisse
2794 3319 2864 3373 ab
2893 3320 3011 3388 ipso
3058 3317 3197 3383 Deo;
3236 3334 3341 3371 non
3372 3320 3591 3390 quidem

2017 3433 2151 3474 voce
2189 3432 2312 3486 qua:
2362 3416 2617 3469 audiendi
2676 3428 2900 3467 sensum
2961 3423 3225 3478 moveret,
3282 3415 3468 3479 latam,
3500 3418 3595 3469 sed

2019 3512 2188 3565 menti
2222 3512 2465 3579 ipsorum
2492 3509 2813 3576 impressam
2837 3507 3329 3575 consignatatuque
3355 3510 3591 3576 quodam

2019 3600 2387 3671 cognoscendi
2424 3599 2607 3652 modo.
2654 3596 2790 3651 Nam
2823 3599 2984 3652 simul
3018 3600 3233 3669 utrique
3269 3604 3434 3668 tegent
3458 3601 3599 3654 liam:

2019 3696 2377 3766 imperavisse
2432 3692 2625 3757 Deum,
2658 3694 2739 3747 vel
2789 3694 2916 3747 inde
2961 3710 3020 3749 se
3061 3696 3419 3763 comprobare
3463 3698 3599 3750 satis

2020 3805 2182 3860 posse
2205 3798 2420 3860 putant,
2444 3792 2597 3858 quod
2633 3791 2899 3860 scriptum
2934 3793 3048 3845 sit:
3088 3788 3387 3844 Masculnm
3421 3803 3468 3845 et
3521 3792 3598 3862 με-

2020 3886 2216 3939 minaut
2241 3885 2435 3938 creauit
2468 3900 2592 3950 eos;
2629 3885 2759 3939 item
2781 3900 2798 3939 :
2820 3884 3183 3940 Dominamiui
3214 3885 3451 3954 pacibus
3483 3903 3598 3939 utu-

2020 3981 2117 4046 ris,
2155 3990 2205 4034 et
2237 3980 2538 4034 volucribus
2564 3979 2700 4043 eali,
2739 3993 2864 4047 qua:
2919 3978 3114 4048 plurali
3176 3993 3401 4032 numero
3451 3978 3596 4034 dicta

2017 4082 2168 4130 sunt.
2203 4071 2491 4137 Prrterea,
2522 4072 2650 4142 quia
2676 4073 2784 4127 Eva
2818 4073 2889 4125 ob
2917 4069 3147 4125 fractam
3202 4072 3372 4141 legem
3426 4073 3600 4141 magis

2018 4168 2185 4224 etiam
2215 4165 2543 4236 culpabatur
2567 4179 2732 4235 quam
2761 4162 3597 4234 Adam.Nequevcroabsuidum

2017 4271 2122 4328 est,
2148 4262 2194 4316 si
2233 4261 2348 4317 haec
2387 4269 2481 4315 aut
2510 4259 2597 4314 illa
2632 4273 2755 4329 qua:
2785 4258 2851 4312 ad
2883 4257 3149 4311 Adamum
3196 4257 3356 4311 modo
3384 4256 3601 4311 locutus

2019 4354 2195 4408 videri
2221 4361 2400 4423 petest
2429 4350 2598 4416 Deus,
2624 4365 2685 4406 ea
2718 4350 2820 4404 sub
2848 4349 2977 4403 Atla:
3001 4364 3231 4417 persona
3285 4349 3351 4402 ad
3385 4358 3598 4403 utrum-

2023 4461 2131 4516 que
2178 4446 2422 4516 ipsorum
2457 4443 2600 4498 dieta
2647 4452 2924 4509 putemus.
2978 4438 3110 4494 Nam
3150 4442 3294 4509 quod
3334 4447 3599 4510 scriptum

2024 4548 2107 4592 est
2138 4538 2189 4590 iu
2244 4536 2510 4591 Psalmo:
2558 4532 2752 4587 Beatus
2803 4535 2881 4585 vir
2915 4533 3003 4600 qui
3046 4547 3144 4584 non
3197 4532 3485 4585 ambulavit
3545 4533 3598 4585 in

2020 4627 2107 4681 ria
2138 4628 2423 4695 impiorum
2460 4626 2537 4692 ⁸¹;
2571 4624 2816 4694 profecto
2849 4622 2916 4678 ad
2950 4631 3245 4692 utrumque
3276 4638 3465 4676 εεωηι
3495 4625 3600 4677 sub

2022 4720 2199 4775 solius
2229 4718 2332 4772 viri
2360 4718 2582 4771 nomine
2612 4721 2848 4785 spectat.
2879 4713 2945 4767 Et
2972 4730 3092 4783 qua:
3122 4714 3175 4768 iu
3209 4712 3601 4769 ecclesiasticis

2024 4812 2273 4867 consiliis
2306 4812 2669 4879 tmtibusque,
2703 4809 2771 4862 de
2802 4808 2935 4863 viris
2977 4808 3350 4875 disceptamus
3392 4808 3602 4860 consti-

2028 4904 2363 4972 tuimusque,
2394 4916 2525 4956 sane
2579 4901 2647 4955 ad
2700 4900 2930 4954 ieminas
2982 4913 3047 4953 ex
3101 4914 3259 4967 teque
3307 4898 3603 4967 pertinent.

2026 4998 2295 5053 Caeterum
2345 4995 2495 5065 quod
2543 5008 2649 5048 non
2698 5008 2827 5048 voce
2877 4992 3123 5046 exaudiri
3180 5000 3391 5061 posset,
3440 4990 3604 5046 latam

2027 5105 2147 5145 esse
2187 5092 2358 5158 legem
2386 5088 2581 5154 aiunt;
2617 5088 2711 5141 sed
2748 5086 2986 5155 quodam
3043 5085 3390 5139 revelatiouis
3444 5087 3608 5138 modo

2031 5185 2334 5239 immissum
2364 5183 2420 5237 in
2461 5182 2703 5252 ipsorum
2761 5181 2998 5243 animos,
3057 5178 3236 5233 simile
3262 5192 3384 5232 esse
3416 5180 3607 5231 dicunt

2033 5280 2144 5335 illis
2170 5280 2301 5332 visis
2324 5293 2445 5347 qua:
2478 5275 2759 5347 prophetis
2783 5285 3070 5343 apparent.
3100 5272 3235 5326 Nam
3274 5273 3437 5327 simul
3467 5273 3608 5326 indi-

2036 5382 2146 5427 tam
2182 5370 2349 5425 fuisse
2381 5372 2598 5423 illorum
2639 5368 2913 5423 mentibus
2946 5368 3050 5421 vim
3077 5365 3370 5435 quamdam
3402 5364 3603 5417 inti-“iu

2035 5467 2191 5540 geniti
2208 5479 2272 5518 ae
2289 5463 2452 5517 veluti
2469 5463 2711 5516 intuendi
2726 5469 2887 5529 atque
2906 5461 2976 5512 ita
2990 5470 3138 5512 certo
3155 5456 3521 5527 cognoscendi
3541 5456 3594 5509 id

2022 5681 2282 5736 'nuditale
2320 5671 2851 5757 corporum'uuiltts
2888 5672 3171 5728 oriebatur
3205 5671 3407 5735 rubor,
3443 5666 3605 5739 quale

2032 5768 2256 5824 quoque
2287 5754 2471 5806 erit°iu
2508 5754 2700 5820 patria.
