  <div class='ocr_page' id='page_1' title='image "/cluster/home/n/w/nwhite01/storage/ocr_20150623/111/mdp.39015009379887/283.png"; bbox 0 0 4082 6160; ppageno 0'>
   <div class='ocr_carea' id='block_1_1' title="bbox 413 217 513 285">
    <p class='ocr_par' dir='ltr' id='par_1_1' title="bbox 413 217 513 285">
     <span class='ocr_line' id='line_1_1' title="bbox 413 217 513 285; baseline -0.02 0"><span class='ocrx_word' id='word_1_1' title='bbox 413 217 513 285; x_wconf 80' lang='lat'><strong>551</strong></span> 
     </span>
    </p>
   </div>
   <div class='ocr_carea' id='block_1_2' title="bbox 1691 214 2389 278">
    <p class='ocr_par' dir='ltr' id='par_1_2' title="bbox 1691 214 2389 278">
     <span class='ocr_line' id='line_1_2' title="bbox 1691 214 2389 278; baseline -0.001 0"><span class='ocrx_word' id='word_1_2' title='bbox 1691 216 1920 278; x_wconf 66' lang='lat' dir='ltr'><strong>MOESIS</strong></span> <span class='ocrx_word' id='word_1_3' title='bbox 1960 215 2108 274; x_wconf 72' lang='grc' dir='ltr'><strong>ΒΑΗ</strong></span> <span class='ocrx_word' id='word_1_4' title='bbox 2148 214 2389 277; x_wconf 73' lang='lat' dir='ltr'><strong>CEPIH</strong></span> 
     </span>
    </p>
   </div>
   <div class='ocr_carea' id='block_1_3' title="bbox 3555 210 3661 276">
    <p class='ocr_par' dir='ltr' id='par_1_3' title="bbox 3555 210 3661 276">
     <span class='ocr_line' id='line_1_3' title="bbox 3555 210 3661 276; baseline -0.047 0"><span class='ocrx_word' id='word_1_5' title='bbox 3555 210 3661 276; x_wconf 78' lang='lat'><strong>55?.</strong></span> 
     </span>
    </p>
   </div>
   <div class='ocr_carea' id='block_1_4' title="bbox 416 324 3663 406">
    <p class='ocr_par' dir='ltr' id='par_1_4' title="bbox 416 324 3663 406">
     <span class='ocr_line' id='line_1_4' title="bbox 416 324 3663 406; baseline -0.003 -17"><span class='ocrx_word' id='word_1_6' title='bbox 416 335 563 406; x_wconf 87' lang='lat' dir='ltr'><strong>quod</strong></span> <span class='ocrx_word' id='word_1_7' title='bbox 590 333 947 403; x_wconf 84' lang='lat' dir='ltr'><strong>jubebantur,</strong></span> <span class='ocrx_word' id='word_1_8' title='bbox 976 331 1122 387; x_wconf 85' lang='lat' dir='ltr'><strong>nulla</strong></span> <span class='ocrx_word' id='word_1_9' title='bbox 1164 330 1539 386; x_wconf 88' lang='lat' dir='ltr'><strong>intercedente</strong></span> <span class='ocrx_word' id='word_1_10' title='bbox 1576 345 1705 385; x_wconf 88' lang='lat' dir='ltr'><strong>voce</strong></span> <span class='ocrx_word' id='word_1_11' title='bbox 1748 345 1867 397; x_wconf 86' lang='lat' dir='ltr'><strong>qua:</strong></span> <span class='ocrx_word' id='word_1_12' title='bbox 1889 344 1986 382; x_wconf 81' lang='lat' dir='ltr'><strong>au-</strong></span> <span class='ocrx_word' id='word_1_13' title='bbox 2013 331 2061 392; x_wconf 76' lang='grc' dir='ltr'>Α</span> <span class='ocrx_word' id='word_1_14' title='bbox 2089 324 2356 380; x_wconf 79' lang='lat' dir='ltr'><strong>Nimirum</strong></span> <span class='ocrx_word' id='word_1_15' title='bbox 2394 335 2453 379; x_wconf 85' lang='grc' dir='ltr'><strong>ιιι</strong></span> <span class='ocrx_word' id='word_1_16' title='bbox 2496 326 2749 394; x_wconf 86' lang='lat' dir='ltr'><strong>princeps</strong></span> <span class='ocrx_word' id='word_1_17' title='bbox 2783 324 2919 380; x_wconf 87' lang='lat' dir='ltr'><strong>solet</strong></span> <span class='ocrx_word' id='word_1_18' title='bbox 2954 340 3058 381; x_wconf 90' lang='lat' dir='ltr'><strong>non</strong></span> <span class='ocrx_word' id='word_1_19' title='bbox 3102 324 3260 380; x_wconf 86' lang='lat' dir='ltr'><strong>facile</strong></span> <span class='ocrx_word' id='word_1_20' title='bbox 3297 334 3458 395; x_wconf 88' lang='lat' dir='ltr'><strong>atque</strong></span> <span class='ocrx_word' id='word_1_21' title='bbox 3486 330 3663 382; x_wconf 82' lang='lat' dir='ltr'><strong>amice</strong></span> 
     </span>
    </p>
   </div>
   <div class='ocr_carea' id='block_1_5' title="bbox 413 419 1995 493">
    <p class='ocr_par' dir='ltr' id='par_1_5' title="bbox 413 419 1995 493">
     <span class='ocr_line' id='line_1_5' title="bbox 413 419 1995 493; baseline -0.008 -8"><span class='ocrx_word' id='word_1_22' title='bbox 413 429 598 485; x_wconf 89' lang='lat' dir='ltr'><strong>diendi</strong></span> <span class='ocrx_word' id='word_1_23' title='bbox 642 442 863 482; x_wconf 83' lang='lat' dir='ltr'><strong>sensum</strong></span> <span class='ocrx_word' id='word_1_24' title='bbox 908 433 1181 491; x_wconf 87' lang='lat' dir='ltr'><strong>moveret;</strong></span> <span class='ocrx_word' id='word_1_25' title='bbox 1223 439 1348 480; x_wconf 91' lang='lat' dir='ltr'><strong>eum</strong></span> <span class='ocrx_word' id='word_1_26' title='bbox 1384 438 1630 493; x_wconf 79' lang='lat' dir='ltr'><strong>serpens,</strong></span> <span class='ocrx_word' id='word_1_27' title='bbox 1667 420 1885 491; x_wconf 76' lang='lat' dir='ltr'><strong>quando</strong></span> <span class='ocrx_word' id='word_1_28' title='bbox 1926 419 1995 474; x_wconf 86' lang='lat' dir='ltr'><strong>de</strong></span> 
     </span>
    </p>
   </div>
   <div class='ocr_carea' id='block_1_6' title="bbox 413 513 1994 590">
    <p class='ocr_par' dir='ltr' id='par_1_6' title="bbox 413 513 1994 590">
     <span class='ocr_line' id='line_1_6' title="bbox 413 513 1994 590; baseline -0.005 -15"><span class='ocrx_word' id='word_1_29' title='bbox 413 522 532 590; x_wconf 78' lang='lat' dir='ltr'><strong>lege</strong></span> <span class='ocrx_word' id='word_1_30' title='bbox 566 520 674 574; x_wconf 86' lang='lat' dir='ltr'><strong>lata</strong></span> <span class='ocrx_word' id='word_1_31' title='bbox 730 520 1118 588; x_wconf 85' lang='lat' dir='ltr'><strong>interrogabat,</strong></span> <span class='ocrx_word' id='word_1_32' title='bbox 1157 532 1438 587; x_wconf 79' lang='lat' dir='ltr'><strong>perperam</strong></span> <span class='ocrx_word' id='word_1_33' title='bbox 1490 516 1604 585; x_wconf 85' lang='lat' dir='ltr'><strong>ipsa</strong></span> <span class='ocrx_word' id='word_1_34' title='bbox 1639 513 1772 586; x_wconf 80' lang='lat' dir='ltr'><strong>legis</strong></span> <span class='ocrx_word' id='word_1_35' title='bbox 1830 513 1994 567; x_wconf 81' lang='lat' dir='ltr'><strong>verba</strong></span> 
     </span>
    </p>
   </div>
   <div class='ocr_carea' id='block_1_7' title="bbox 415 606 1991 679">
    <p class='ocr_par' dir='ltr' id='par_1_7' title="bbox 415 606 1991 679">
     <span class='ocr_line' id='line_1_7' title="bbox 415 606 1991 679; baseline -0.004 -15"><span class='ocrx_word' id='word_1_36' title='bbox 415 611 689 676; x_wconf 88' lang='lat' dir='ltr'><strong>retulerit,</strong></span> <span class='ocrx_word' id='word_1_37' title='bbox 730 611 985 665; x_wconf 84' lang='lat' dir='ltr'><strong>nimirum</strong></span> <span class='ocrx_word' id='word_1_38' title='bbox 1008 609 1135 679; x_wconf 91' lang='lat' dir='ltr'><strong>quia</strong></span> <span class='ocrx_word' id='word_1_39' title='bbox 1170 624 1279 664; x_wconf 89' lang='lat' dir='ltr'><strong>non</strong></span> <span class='ocrx_word' id='word_1_40' title='bbox 1314 612 1484 679; x_wconf 72' lang='lat' dir='ltr'><strong>legem</strong></span> <span class='ocrx_word' id='word_1_41' title='bbox 1517 608 1689 676; x_wconf 87' lang='lat' dir='ltr'><strong>ipsam</strong></span> <span class='ocrx_word' id='word_1_42' title='bbox 1722 606 1991 670; x_wconf 86' lang='lat' dir='ltr'><strong>auditam,</strong></span> 
     </span>
    </p>
   </div>
   <div class='ocr_carea' id='block_1_8' title="bbox 415 698 1996 770">
    <p class='ocr_par' dir='ltr' id='par_1_8' title="bbox 415 698 1996 770">
     <span class='ocr_line' id='line_1_8' title="bbox 415 698 1996 770; baseline -0.005 -11"><span class='ocrx_word' id='word_1_43' title='bbox 415 720 540 759; x_wconf 90' lang='lat' dir='ltr'><strong>cum</strong></span> <span class='ocrx_word' id='word_1_44' title='bbox 573 706 825 767; x_wconf 88' lang='lat' dir='ltr'><strong>ferretur,</strong></span> <span class='ocrx_word' id='word_1_45' title='bbox 882 703 1120 767; x_wconf 88' lang='lat' dir='ltr'><strong>tenebat,</strong></span> <span class='ocrx_word' id='word_1_46' title='bbox 1148 705 1240 756; x_wconf 88' lang='lat' dir='ltr'><strong>sed</strong></span> <span class='ocrx_word' id='word_1_47' title='bbox 1296 700 1601 770; x_wconf 65' lang='lat' dir='ltr'><strong>suspiciens</strong></span> <span class='ocrx_word' id='word_1_48' title='bbox 1652 698 1996 768; x_wconf 86' lang='lat' dir='ltr'><strong>conjectabat</strong></span> 
     </span>
    </p>
   </div>
   <div class='ocr_carea' id='block_1_9' title="bbox 419 793 1997 867">
    <p class='ocr_par' dir='ltr' id='par_1_9' title="bbox 419 793 1997 867">
     <span class='ocr_line' id='line_1_9' title="bbox 419 793 1997 867; baseline -0.003 -18"><span class='ocrx_word' id='word_1_49' title='bbox 419 799 606 861; x_wconf 87' lang='lat' dir='ltr'><strong>modo,</strong></span> <span class='ocrx_word' id='word_1_50' title='bbox 637 806 699 852; x_wconf 91' lang='lat' dir='ltr'><strong>ut</strong></span> <span class='ocrx_word' id='word_1_51' title='bbox 726 795 819 867; x_wconf 87' lang='lat' dir='ltr'><strong>qui</strong></span> <span class='ocrx_word' id='word_1_52' title='bbox 847 812 969 849; x_wconf 89' lang='lat' dir='ltr'><strong>cum</strong></span> <span class='ocrx_word' id='word_1_53' title='bbox 1003 797 1210 850; x_wconf 82' lang='lat' dir='ltr'><strong>videret</strong></span> <span class='ocrx_word' id='word_1_54' title='bbox 1250 793 1543 847; x_wconf 73' lang='lat' dir='ltr'><strong>animantia</strong></span> <span class='ocrx_word' id='word_1_55' title='bbox 1573 793 1772 861; x_wconf 85' lang='lat' dir='ltr'><strong>passim</strong></span> <span class='ocrx_word' id='word_1_56' title='bbox 1804 806 1997 859; x_wconf 81' lang='lat' dir='ltr'><strong>capere</strong></span> 
     </span>
    </p>
   </div>
   <div class='ocr_carea' id='block_1_10' title="bbox 415 883 1996 958">
    <p class='ocr_par' dir='ltr' id='par_1_10' title="bbox 415 883 1996 958">
     <span class='ocr_line' id='line_1_10' title="bbox 415 883 1996 958; baseline -0.004 -16"><span class='ocrx_word' id='word_1_57' title='bbox 415 889 701 958; x_wconf 76' lang='lat' dir='ltr'><strong>pabulum,</strong></span> <span class='ocrx_word' id='word_1_58' title='bbox 738 886 1004 940; x_wconf 83' lang='lat' dir='ltr'><strong>Adamum</strong></span> <span class='ocrx_word' id='word_1_59' title='bbox 1027 899 1156 938; x_wconf 89' lang='lat' dir='ltr'><strong>vero</strong></span> <span class='ocrx_word' id='word_1_60' title='bbox 1177 884 1457 951; x_wconf 77' lang='lat' dir='ltr'><strong>Evamque</strong></span> <span class='ocrx_word' id='word_1_61' title='bbox 1484 883 1584 936; x_wconf 89' lang='lat' dir='ltr'><strong>etsi</strong></span> <span class='ocrx_word' id='word_1_62' title='bbox 1608 896 1834 951; x_wconf 90' lang='lat' dir='ltr'><strong>corpore</strong></span> <span class='ocrx_word' id='word_1_63' title='bbox 1863 897 1996 937; x_wconf 84' lang='lat' dir='ltr'><strong>cou-</strong></span> 
     </span>
    </p>
   </div>
   <div class='ocr_carea' id='block_1_11' title="bbox 414 974 1997 1041">
    <p class='ocr_par' dir='ltr' id='par_1_11' title="bbox 414 974 1997 1041">
     <span class='ocr_line' id='line_1_11' title="bbox 414 974 1997 1041; baseline -0.005 -7"><span class='ocrx_word' id='word_1_64' title='bbox 414 990 626 1034; x_wconf 87' lang='lat' dir='ltr'><strong>starent</strong></span> <span class='ocrx_word' id='word_1_65' title='bbox 652 1019 666 1041; x_wconf 93' lang='lat'><strong>,</strong></span> <span class='ocrx_word' id='word_1_66' title='bbox 702 978 944 1033; x_wconf 89' lang='lat' dir='ltr'><strong>nondum</strong></span> <span class='ocrx_word' id='word_1_67' title='bbox 977 986 1157 1030; x_wconf 87' lang='lat' dir='ltr'><strong>tamen</strong></span> <span class='ocrx_word' id='word_1_68' title='bbox 1179 976 1346 1037; x_wconf 90' lang='lat' dir='ltr'><strong>vesci,</strong></span> <span class='ocrx_word' id='word_1_69' title='bbox 1382 974 1544 1029; x_wconf 94' lang='lat' dir='ltr'><strong>facile</strong></span> <span class='ocrx_word' id='word_1_70' title='bbox 1572 976 1783 1029; x_wconf 84' lang='lat' dir='ltr'><strong>venerit</strong></span> <span class='ocrx_word' id='word_1_71' title='bbox 1815 974 1868 1027; x_wconf 91' lang='lat' dir='ltr'><strong>in</strong></span> <span class='ocrx_word' id='word_1_72' title='bbox 1900 990 1997 1030; x_wconf 89' lang='lat' dir='ltr'><strong>su-</strong></span> 
     </span>
    </p>
   </div>
   <div class='ocr_carea' id='block_1_12' title="bbox 415 1065 1991 1136">
    <p class='ocr_par' dir='ltr' id='par_1_12' title="bbox 415 1065 1991 1136">
     <span class='ocr_line' id='line_1_12' title="bbox 415 1065 1991 1136; baseline -0.003 -15"><span class='ocrx_word' id='word_1_73' title='bbox 415 1069 739 1134; x_wconf 88' lang='lat' dir='ltr'><strong>spicionem,</strong></span> <span class='ocrx_word' id='word_1_74' title='bbox 806 1068 1131 1136; x_wconf 78' lang='lat' dir='ltr'><strong>imperatam</strong></span> <span class='ocrx_word' id='word_1_75' title='bbox 1168 1065 1254 1119; x_wconf 88' lang='lat' dir='ltr'><strong>his</strong></span> <span class='ocrx_word' id='word_1_76' title='bbox 1287 1079 1409 1119; x_wconf 90' lang='lat' dir='ltr'><strong>esse</strong></span> <span class='ocrx_word' id='word_1_77' title='bbox 1460 1065 1631 1134; x_wconf 78' lang='lat' dir='ltr'><strong>legem</strong></span> <span class='ocrx_word' id='word_1_78' title='bbox 1677 1066 1991 1135; x_wconf 88' lang='lat' dir='ltr'><strong>quampiam</strong></span> 
     </span>
    </p>
   </div>
   <div class='ocr_carea' id='block_1_13' title="bbox 414 1156 1991 1227">
    <p class='ocr_par' dir='ltr' id='par_1_13' title="bbox 414 1156 1991 1227">
     <span class='ocr_line' id='line_1_13' title="bbox 414 1156 1991 1227; baseline 0 -16"><span class='ocrx_word' id='word_1_79' title='bbox 414 1172 524 1226; x_wconf 88' lang='lat' dir='ltr'><strong>qua</strong></span> <span class='ocrx_word' id='word_1_80' title='bbox 594 1158 844 1212; x_wconf 79' lang='lat' dir='ltr'><strong>vescendi</strong></span> <span class='ocrx_word' id='word_1_81' title='bbox 915 1158 1110 1211; x_wconf 88' lang='lat' dir='ltr'><strong>modus</strong></span> <span class='ocrx_word' id='word_1_82' title='bbox 1182 1156 1382 1225; x_wconf 81' lang='lat' dir='ltr'><strong>aliquis</strong></span> <span class='ocrx_word' id='word_1_83' title='bbox 1426 1165 1572 1211; x_wconf 84' lang='lat' dir='ltr'><strong>esset</strong></span> <span class='ocrx_word' id='word_1_84' title='bbox 1622 1160 1991 1227; x_wconf 56' lang='lat' dir='ltr'><strong>praisi-riptus.</strong></span> 
     </span>
    </p>
   </div>
   <div class='ocr_carea' id='block_1_14' title="bbox 418 1246 1996 1316">
    <p class='ocr_par' dir='ltr' id='par_1_14' title="bbox 418 1246 1996 1316">
     <span class='ocr_line' id='line_1_14' title="bbox 418 1246 1996 1316; baseline 0.002 -17"><span class='ocrx_word' id='word_1_85' title='bbox 418 1248 517 1302; x_wconf 78' lang='lat' dir='ltr'><strong>liis</strong></span> <span class='ocrx_word' id='word_1_86' title='bbox 544 1262 674 1316; x_wconf 71' lang='lat' dir='ltr'><strong>ergo</strong></span> <span class='ocrx_word' id='word_1_87' title='bbox 700 1247 1036 1301; x_wconf 83' lang='lat' dir='ltr'><strong>inducuntur</strong></span> <span class='ocrx_word' id='word_1_88' title='bbox 1070 1246 1158 1301; x_wconf 90' lang='lat' dir='ltr'><strong>isti</strong></span> <span class='ocrx_word' id='word_1_89' title='bbox 1206 1247 1535 1305; x_wconf 88' lang='lat' dir='ltr'><strong>rationibus.</strong></span> <span class='ocrx_word' id='word_1_90' title='bbox 1568 1258 1623 1299; x_wconf 90' lang='lat' dir='ltr'><strong>ut</strong></span> <span class='ocrx_word' id='word_1_91' title='bbox 1650 1258 1837 1316; x_wconf 90' lang='lat' dir='ltr'><strong>putent</strong></span> <span class='ocrx_word' id='word_1_92' title='bbox 1889 1248 1996 1302; x_wconf 70' lang='lat' dir='ltr'><strong>dae-</strong></span> 
     </span>
    </p>
   </div>
   <div class='ocr_carea' id='block_1_15' title="bbox 418 1338 1997 1410">
    <p class='ocr_par' dir='ltr' id='par_1_15' title="bbox 418 1338 1997 1410">
     <span class='ocr_line' id='line_1_15' title="bbox 418 1338 1997 1410; baseline 0 -17"><span class='ocrx_word' id='word_1_93' title='bbox 418 1353 636 1393; x_wconf 82' lang='lat' dir='ltr'><strong>nionem</strong></span> <span class='ocrx_word' id='word_1_94' title='bbox 672 1339 917 1409; x_wconf 71' lang='lat' dir='ltr'><strong>ignarum</strong></span> <span class='ocrx_word' id='word_1_95' title='bbox 955 1338 1222 1401; x_wconf 78' lang='lat' dir='ltr'><strong>mandati,</strong></span> <span class='ocrx_word' id='word_1_96' title='bbox 1261 1339 1544 1392; x_wconf 78' lang='lat' dir='ltr'><strong>mulierem</strong></span> <span class='ocrx_word' id='word_1_97' title='bbox 1575 1339 1662 1392; x_wconf 91' lang='lat' dir='ltr'><strong>illa</strong></span> <span class='ocrx_word' id='word_1_98' title='bbox 1697 1342 1997 1410; x_wconf 76' lang='lat' dir='ltr'><strong>interroga-</strong></span> 
     </span>
    </p>
   </div>
   <div class='ocr_carea' id='block_1_16' title="bbox 419 1429 1991 1507">
    <p class='ocr_par' dir='ltr' id='par_1_16' title="bbox 419 1429 1991 1507">
     <span class='ocr_line' id='line_1_16' title="bbox 419 1429 1991 1507; baseline -0.001 -22"><span class='ocrx_word' id='word_1_99' title='bbox 419 1431 564 1485; x_wconf 80' lang='lat' dir='ltr'><strong>tione</strong></span> <span class='ocrx_word' id='word_1_100' title='bbox 589 1445 709 1484; x_wconf 88' lang='lat' dir='ltr'><strong>esse</strong></span> <span class='ocrx_word' id='word_1_101' title='bbox 756 1434 1037 1492; x_wconf 78' lang='lat' dir='ltr'><strong>adortum,</strong></span> <span class='ocrx_word' id='word_1_102' title='bbox 1073 1429 1219 1500; x_wconf 90' lang='lat' dir='ltr'><strong>quod</strong></span> <span class='ocrx_word' id='word_1_103' title='bbox 1260 1445 1324 1483; x_wconf 79' lang='lat' dir='ltr'><strong>ex</strong></span> <span class='ocrx_word' id='word_1_104' title='bbox 1362 1430 1478 1495; x_wconf 87' lang='lat' dir='ltr'><strong>ipsa</strong></span> <span class='ocrx_word' id='word_1_105' title='bbox 1533 1431 1703 1501; x_wconf 79' lang='lat' dir='ltr'><strong>legem</strong></span> <span class='ocrx_word' id='word_1_106' title='bbox 1736 1432 1991 1507; x_wconf 78' lang='lat' dir='ltr'><strong>disceret,</strong></span> 
     </span>
    </p>
   </div>
   <div class='ocr_carea' id='block_1_17' title="bbox 418 1522 1992 1594">
    <p class='ocr_par' dir='ltr' id='par_1_17' title="bbox 418 1522 1992 1594">
     <span class='ocr_line' id='line_1_17' title="bbox 418 1522 1992 1594; baseline 0.001 -19"><span class='ocrx_word' id='word_1_107' title='bbox 418 1538 593 1592; x_wconf 88' lang='lat' dir='ltr'><strong>eaque</strong></span> <span class='ocrx_word' id='word_1_108' title='bbox 623 1524 868 1594; x_wconf 74' lang='lat' dir='ltr'><strong>cognita,</strong></span> <span class='ocrx_word' id='word_1_109' title='bbox 906 1531 960 1577; x_wconf 91' lang='lat' dir='ltr'><strong>et</strong></span> <span class='ocrx_word' id='word_1_110' title='bbox 1000 1522 1067 1577; x_wconf 91' lang='lat' dir='ltr'><strong>iis</strong></span> <span class='ocrx_word' id='word_1_111' title='bbox 1108 1523 1311 1591; x_wconf 82' lang='lat' dir='ltr'><strong>quibus</strong></span> <span class='ocrx_word' id='word_1_112' title='bbox 1369 1524 1631 1592; x_wconf 85' lang='lat' dir='ltr'><strong>imperata</strong></span> <span class='ocrx_word' id='word_1_113' title='bbox 1666 1533 1783 1577; x_wconf 87' lang='lat' dir='ltr'><strong>erat</strong></span> <span class='ocrx_word' id='word_1_114' title='bbox 1814 1533 1867 1577; x_wconf 89' lang='lat' dir='ltr'><strong>et</strong></span> <span class='ocrx_word' id='word_1_115' title='bbox 1892 1524 1992 1594; x_wconf 91' lang='lat' dir='ltr'><strong>ipsi</strong></span> 
     </span>
    </p>
   </div>
   <div class='ocr_carea' id='block_1_18' title="bbox 416 1616 1994 1688">
    <p class='ocr_par' dir='ltr' id='par_1_18' title="bbox 416 1616 1994 1688">
     <span class='ocr_line' id='line_1_18' title="bbox 416 1616 1994 1688; baseline 0.001 -17"><span class='ocrx_word' id='word_1_116' title='bbox 416 1617 711 1686; x_wconf 69' lang='lat' dir='ltr'><strong>legislatori</strong></span> <span class='ocrx_word' id='word_1_117' title='bbox 748 1618 1055 1673; x_wconf 88' lang='lat' dir='ltr'><strong>insultarct.</strong></span> <span class='ocrx_word' id='word_1_118' title='bbox 1104 1616 1236 1673; x_wconf 83' lang='lat' dir='ltr'><strong>Esto</strong></span> <span class='ocrx_word' id='word_1_119' title='bbox 1275 1628 1458 1671; x_wconf 87' lang='lat' dir='ltr'><strong>autem</strong></span> <span class='ocrx_word' id='word_1_120' title='bbox 1514 1618 1780 1687; x_wconf 80' lang='lat' dir='ltr'><strong>judicium</strong></span> <span class='ocrx_word' id='word_1_121' title='bbox 1830 1633 1994 1688; x_wconf 89' lang='lat' dir='ltr'><strong>penes</strong></span> 
     </span>
    </p>
   </div>
   <div class='ocr_carea' id='block_1_19' title="bbox 418 1710 1994 1782">
    <p class='ocr_par' dir='ltr' id='par_1_19' title="bbox 418 1710 1994 1782">
     <span class='ocr_line' id='line_1_19' title="bbox 418 1710 1994 1782; baseline 0.001 -19"><span class='ocrx_word' id='word_1_122' title='bbox 418 1710 881 1774; x_wconf 87' lang='lat' dir='ltr'><strong>lectorem,utram</strong></span> <span class='ocrx_word' id='word_1_123' title='bbox 909 1711 1100 1765; x_wconf 90' lang='lat' dir='ltr'><strong>harum</strong></span> <span class='ocrx_word' id='word_1_124' title='bbox 1126 1712 1359 1765; x_wconf 88' lang='lat' dir='ltr'><strong>duarum</strong></span> <span class='ocrx_word' id='word_1_125' title='bbox 1380 1712 1690 1782; x_wconf 85' lang='lat' dir='ltr'><strong>opinionem</strong></span> <span class='ocrx_word' id='word_1_126' title='bbox 1710 1712 1994 1781; x_wconf 74' lang='lat' dir='ltr'><strong>approbet;</strong></span> 
     </span>
    </p>
   </div>
   <div class='ocr_carea' id='block_1_20' title="bbox 418 1801 1994 1874">
    <p class='ocr_par' dir='ltr' id='par_1_20' title="bbox 418 1801 1994 1874">
     <span class='ocr_line' id='line_1_20' title="bbox 418 1801 1994 1874; baseline 0.004 -22"><span class='ocrx_word' id='word_1_127' title='bbox 418 1810 514 1870; x_wconf 74' lang='lat' dir='ltr'><strong>pet</strong></span> <span class='ocrx_word' id='word_1_128' title='bbox 532 1813 596 1855; x_wconf 82' lang='lat' dir='ltr'><strong>-st</strong></span> <span class='ocrx_word' id='word_1_129' title='bbox 616 1801 763 1856; x_wconf 90' lang='lat' dir='ltr'><strong>enim</strong></span> <span class='ocrx_word' id='word_1_130' title='bbox 785 1803 840 1855; x_wconf 93' lang='lat' dir='ltr'><strong>in</strong></span> <span class='ocrx_word' id='word_1_131' title='bbox 862 1804 1068 1857; x_wconf 79' lang='lat' dir='ltr'><strong>uti-avis</strong></span> <span class='ocrx_word' id='word_1_132' title='bbox 1092 1804 1462 1874; x_wconf 84' lang='lat' dir='ltr'><strong>acquiescere.</strong></span> <span class='ocrx_word' id='word_1_133' title='bbox 1481 1803 1749 1858; x_wconf 65' lang='lat' dir='ltr'><strong>Caeterum</strong></span> <span class='ocrx_word' id='word_1_134' title='bbox 1777 1804 1994 1858; x_wconf 61' lang='lat' dir='ltr'><strong>Satanae</strong></span> 
     </span>
    </p>
   </div>
   <div class='ocr_carea' id='block_1_21' title="bbox 418 1894 1997 1964">
    <p class='ocr_par' dir='ltr' id='par_1_21' title="bbox 418 1894 1997 1964">
     <span class='ocr_line' id='line_1_21' title="bbox 418 1894 1997 1964; baseline 0.001 -15"><span class='ocrx_word' id='word_1_135' title='bbox 418 1894 583 1951; x_wconf 68' lang='lat' dir='ltr'><strong>verba</strong></span> <span class='ocrx_word' id='word_1_136' title='bbox 630 1894 720 1948; x_wconf 89' lang='lat' dir='ltr'><strong>illa</strong></span> <span class='ocrx_word' id='word_1_137' title='bbox 762 1895 816 1948; x_wconf 91' lang='lat' dir='ltr'><strong>in</strong></span> <span class='ocrx_word' id='word_1_138' title='bbox 857 1894 977 1964; x_wconf 80' lang='lat' dir='ltr'><strong>ipso</strong></span> <span class='ocrx_word' id='word_1_139' title='bbox 1027 1898 1210 1950; x_wconf 86' lang='lat' dir='ltr'><strong>statim</strong></span> <span class='ocrx_word' id='word_1_140' title='bbox 1246 1896 1474 1950; x_wconf 79' lang='lat' dir='ltr'><strong>exordio</strong></span> <span class='ocrx_word' id='word_1_141' title='bbox 1502 1939 1517 1963; x_wconf 92' lang='lat'><strong>,</strong></span> <span class='ocrx_word' id='word_1_142' title='bbox 1563 1898 1655 1952; x_wconf 86' lang='lat' dir='ltr'><strong>Dei</strong></span> <span class='ocrx_word' id='word_1_143' title='bbox 1689 1898 1869 1952; x_wconf 84' lang='lat' dir='ltr'><strong>verbis</strong></span> <span class='ocrx_word' id='word_1_144' title='bbox 1903 1898 1997 1951; x_wconf 81' lang='lat' dir='ltr'><strong>ad-</strong></span> 
     </span>
    </p>
   </div>
   <div class='ocr_carea' id='block_1_22' title="bbox 420 1989 1995 2060">
    <p class='ocr_par' dir='ltr' id='par_1_22' title="bbox 420 1989 1995 2060">
     <span class='ocr_line' id='line_1_22' title="bbox 420 1989 1995 2060; baseline 0.002 -18"><span class='ocrx_word' id='word_1_145' title='bbox 420 1997 745 2054; x_wconf 82' lang='lat' dir='ltr'><strong>versantur;</strong></span> <span class='ocrx_word' id='word_1_146' title='bbox 786 1989 1070 2042; x_wconf 82' lang='lat' dir='ltr'><strong>mandarat</strong></span> <span class='ocrx_word' id='word_1_147' title='bbox 1098 1992 1242 2043; x_wconf 85' lang='lat' dir='ltr'><strong>enini</strong></span> <span class='ocrx_word' id='word_1_148' title='bbox 1291 1990 1435 2045; x_wconf 88' lang='lat' dir='ltr'><strong>Deus</strong></span> <span class='ocrx_word' id='word_1_149' title='bbox 1464 1990 1593 2045; x_wconf 71' lang='lat' dir='ltr'><strong>Adse</strong></span> <span class='ocrx_word' id='word_1_150' title='bbox 1640 2002 1804 2060; x_wconf 88' lang='lat' dir='ltr'><strong>atque</strong></span> <span class='ocrx_word' id='word_1_151' title='bbox 1839 1991 1995 2045; x_wconf 76' lang='lat' dir='ltr'><strong>uxori</strong></span> 
     </span>
    </p>
   </div>
   <div class='ocr_carea' id='block_1_23' title="bbox 419 2084 1997 2157">
    <p class='ocr_par' dir='ltr' id='par_1_23' title="bbox 419 2084 1997 2157">
     <span class='ocr_line' id='line_1_23' title="bbox 419 2084 1997 2157; baseline 0.001 -19"><span class='ocrx_word' id='word_1_152' title='bbox 419 2093 479 2138; x_wconf 94' lang='lat' dir='ltr'><strong>ut</strong></span> <span class='ocrx_word' id='word_1_153' title='bbox 502 2084 569 2139; x_wconf 91' lang='lat' dir='ltr'><strong>de</strong></span> <span class='ocrx_word' id='word_1_154' title='bbox 594 2084 854 2138; x_wconf 88' lang='lat' dir='ltr'><strong>omnibus</strong></span> <span class='ocrx_word' id='word_1_155' title='bbox 883 2085 1173 2140; x_wconf 77' lang='lat' dir='ltr'><strong>arteribus</strong></span> <span class='ocrx_word' id='word_1_156' title='bbox 1215 2086 1455 2156; x_wconf 74' lang='lat' dir='ltr'><strong>paradisi</strong></span> <span class='ocrx_word' id='word_1_157' title='bbox 1489 2097 1837 2141; x_wconf 84' lang='lat' dir='ltr'><strong>vescerentur</strong></span> <span class='ocrx_word' id='word_1_158' title='bbox 1859 2088 1997 2157; x_wconf 74' lang='lat'><strong>(21),</strong></span> 
     </span>
    </p>
   </div>
   <div class='ocr_carea' id='block_1_24' title="bbox 419 2174 2000 2234">
    <p class='ocr_par' dir='ltr' id='par_1_24' title="bbox 419 2174 2000 2234">
     <span class='ocr_line' id='line_1_24' title="bbox 419 2174 2000 2234; baseline 0.003 -5"><span class='ocrx_word' id='word_1_159' title='bbox 419 2174 516 2229; x_wconf 81' lang='lat' dir='ltr'><strong>sed</strong></span> <span class='ocrx_word' id='word_1_160' title='bbox 541 2175 610 2229; x_wconf 88' lang='lat' dir='ltr'><strong>de</strong></span> <span class='ocrx_word' id='word_1_161' title='bbox 638 2176 754 2229; x_wconf 85' lang='lat' dir='ltr'><strong>sola</strong></span> <span class='ocrx_word' id='word_1_162' title='bbox 790 2175 984 2230; x_wconf 89' lang='lat' dir='ltr'><strong>arbore</strong></span> <span class='ocrx_word' id='word_1_163' title='bbox 1010 2178 1250 2231; x_wconf 65' lang='lat' dir='ltr'><strong>scientiir</strong></span> <span class='ocrx_word' id='word_1_164' title='bbox 1284 2177 1411 2231; x_wconf 84' lang='lat' dir='ltr'><strong>boui</strong></span> <span class='ocrx_word' id='word_1_165' title='bbox 1439 2188 1491 2231; x_wconf 89' lang='lat' dir='ltr'><strong>et</strong></span> <span class='ocrx_word' id='word_1_166' title='bbox 1521 2179 1646 2232; x_wconf 87' lang='lat' dir='ltr'><strong>mali</strong></span> <span class='ocrx_word' id='word_1_167' title='bbox 1680 2194 1787 2232; x_wconf 90' lang='lat' dir='ltr'><strong>non</strong></span> <span class='ocrx_word' id='word_1_168' title='bbox 1814 2194 2000 2234; x_wconf 87' lang='lat' dir='ltr'><strong>vesce-</strong></span> 
     </span>
    </p>
   </div>
   <div class='ocr_carea' id='block_1_25' title="bbox 419 2266 1988 2339">
    <p class='ocr_par' dir='ltr' id='par_1_25' title="bbox 419 2266 1988 2339">
     <span class='ocr_line' id='line_1_25' title="bbox 419 2266 1988 2339; baseline 0.003 -18"><span class='ocrx_word' id='word_1_169' title='bbox 419 2274 629 2323; x_wconf 87' lang='lat' dir='ltr'><strong>rentur.</strong></span> <span class='ocrx_word' id='word_1_170' title='bbox 690 2267 759 2320; x_wconf 79' lang='grc' dir='ltr'>Αι</span> <span class='ocrx_word' id='word_1_171' title='bbox 800 2267 890 2320; x_wconf 87' lang='lat' dir='ltr'><strong>ille</strong></span> <span class='ocrx_word' id='word_1_172' title='bbox 924 2280 1113 2321; x_wconf 90' lang='lat' dir='ltr'><strong>contra</strong></span> <span class='ocrx_word' id='word_1_173' title='bbox 1150 2287 1165 2322; x_wconf 84' lang='lat'><strong>:</strong></span> <span class='ocrx_word' id='word_1_174' title='bbox 1208 2266 1580 2339; x_wconf 74' lang='lat' dir='ltr'><strong>i’ere(iuquit)</strong></span> <span class='ocrx_word' id='word_1_175' title='bbox 1631 2271 1766 2323; x_wconf 73' lang='lat' dir='ltr'><strong>dixit</strong></span> <span class='ocrx_word' id='word_1_176' title='bbox 1799 2270 1936 2323; x_wconf 77' lang='lat' dir='ltr'><strong>Deus</strong></span> <span class='ocrx_word' id='word_1_177' title='bbox 1970 2286 1988 2325; x_wconf 91' lang='lat'><strong><em>:</em></strong></span> 
     </span>
    </p>
   </div>
   <div class='ocr_carea' id='block_1_26' title="bbox 421 2356 2004 2432">
    <p class='ocr_par' dir='ltr' id='par_1_26' title="bbox 421 2356 2004 2432">
     <span class='ocr_line' id='line_1_26' title="bbox 421 2356 2004 2432; baseline 0.004 -20"><span class='ocrx_word' id='word_1_178' title='bbox 421 2356 508 2413; x_wconf 79' lang='lat' dir='ltr'><strong>Ne</strong></span> <span class='ocrx_word' id='word_1_179' title='bbox 537 2360 602 2412; x_wconf 83' lang='lat' dir='ltr'><strong>de</strong></span> <span class='ocrx_word' id='word_1_180' title='bbox 656 2360 934 2413; x_wconf 76' lang='lat' dir='ltr'><strong>arboribus</strong></span> <span class='ocrx_word' id='word_1_181' title='bbox 1000 2360 1240 2430; x_wconf 77' lang='lat' dir='ltr'><strong>paradisi</strong></span> <span class='ocrx_word' id='word_1_182' title='bbox 1292 2364 1639 2429; x_wconf 66' lang='lat' dir='ltr'><strong>reueremini,</strong></span> <span class='ocrx_word' id='word_1_183' title='bbox 1662 2378 1782 2432; x_wconf 71' lang='lat' dir='ltr'><strong>quae</strong></span> <span class='ocrx_word' id='word_1_184' title='bbox 1828 2364 2004 2418; x_wconf 88' lang='lat' dir='ltr'><strong>oratio</strong></span> 
     </span>
    </p>
   </div>
   <div class='ocr_carea' id='block_1_27' title="bbox 429 2452 1995 2526">
    <p class='ocr_par' dir='ltr' id='par_1_27' title="bbox 429 2452 1995 2526">
     <span class='ocr_line' id='line_1_27' title="bbox 429 2452 1995 2526; baseline 0.003 -20"><span class='ocrx_word' id='word_1_185' title='bbox 429 2467 653 2524; x_wconf 84' lang='lat' dir='ltr'><strong>prorsus</strong></span> <span class='ocrx_word' id='word_1_186' title='bbox 682 2469 805 2509; x_wconf 90' lang='lat' dir='ltr'><strong>cum</strong></span> <span class='ocrx_word' id='word_1_187' title='bbox 851 2452 945 2509; x_wconf 88' lang='lat' dir='ltr'><strong>Dei</strong></span> <span class='ocrx_word' id='word_1_188' title='bbox 974 2456 1225 2510; x_wconf 88' lang='lat' dir='ltr'><strong>oratione</strong></span> <span class='ocrx_word' id='word_1_189' title='bbox 1256 2467 1483 2526; x_wconf 67' lang='lat' dir='ltr'><strong>pugnat.</strong></span> <span class='ocrx_word' id='word_1_190' title='bbox 1520 2454 1746 2510; x_wconf 77' lang='lat' dir='ltr'><strong>Videtur</strong></span> <span class='ocrx_word' id='word_1_191' title='bbox 1782 2472 1910 2511; x_wconf 90' lang='lat' dir='ltr'><strong>vero</strong></span> <span class='ocrx_word' id='word_1_192' title='bbox 1942 2457 1995 2510; x_wconf 90' lang='lat' dir='ltr'><strong>in</strong></span> 
     </span>
    </p>
   </div>
   <div class='ocr_carea' id='block_1_28' title="bbox 422 2547 1999 2620">
    <p class='ocr_par' dir='ltr' id='par_1_28' title="bbox 422 2547 1999 2620">
     <span class='ocr_line' id='line_1_28' title="bbox 422 2547 1999 2620; baseline 0.003 -21"><span class='ocrx_word' id='word_1_193' title='bbox 422 2547 545 2620; x_wconf 91' lang='lat' dir='ltr'><strong>ipso</strong></span> <span class='ocrx_word' id='word_1_194' title='bbox 600 2548 875 2604; x_wconf 82' lang='lat' dir='ltr'><strong>sermonis</strong></span> <span class='ocrx_word' id='word_1_195' title='bbox 928 2548 1087 2602; x_wconf 90' lang='lat' dir='ltr'><strong>initio</strong></span> <span class='ocrx_word' id='word_1_196' title='bbox 1135 2550 1348 2603; x_wconf 80' lang='lat' dir='ltr'><strong>da-mon</strong></span> <span class='ocrx_word' id='word_1_197' title='bbox 1401 2551 1521 2604; x_wconf 87' lang='lat' dir='ltr'><strong>ideo</strong></span> <span class='ocrx_word' id='word_1_198' title='bbox 1578 2551 1743 2605; x_wconf 89' lang='lat' dir='ltr'><strong>verba</strong></span> <span class='ocrx_word' id='word_1_199' title='bbox 1788 2567 1885 2606; x_wconf 89' lang='lat' dir='ltr'><strong>sua</strong></span> <span class='ocrx_word' id='word_1_200' title='bbox 1934 2552 1999 2606; x_wconf 85' lang='lat' dir='ltr'><strong>ad</strong></span> 
     </span>
    </p>
   </div>
   <div class='ocr_carea' id='block_1_29' title="bbox 423 2625 2000 2705">
    <p class='ocr_par' dir='ltr' id='par_1_29' title="bbox 423 2625 2000 2705">
     <span class='ocr_line' id='line_1_29' title="bbox 423 2625 2000 2705; baseline 0.003 -11"><span class='ocrx_word' id='word_1_201' title='bbox 423 2640 628 2695; x_wconf 87' lang='lat' dir='ltr'><strong>multas</strong></span> <span class='ocrx_word' id='word_1_202' title='bbox 686 2642 911 2696; x_wconf 77' lang='lat' dir='ltr'><strong>arbores</strong></span> <span class='ocrx_word' id='word_1_203' title='bbox 970 2642 1322 2705; x_wconf 74' lang='lat' dir='ltr'><strong>extendisse,</strong></span> <span class='ocrx_word' id='word_1_204' title='bbox 1377 2652 1438 2696; x_wconf 90' lang='lat' dir='ltr'><strong>ut</strong></span> <span class='ocrx_word' id='word_1_205' title='bbox 1486 2625 1835 2698; x_wconf 73' lang='lat' dir='ltr'><strong>occasionem</strong></span> <span class='ocrx_word' id='word_1_206' title='bbox 1895 2644 2000 2699; x_wconf 82' lang='lat' dir='ltr'><strong>sibi</strong></span> 
     </span>
    </p>
   </div>
   <div class='ocr_carea' id='block_1_30' title="bbox 423 2732 2001 2802">
    <p class='ocr_par' dir='ltr' id='par_1_30' title="bbox 423 2732 2001 2802">
     <span class='ocr_line' id='line_1_30' title="bbox 423 2732 2001 2802; baseline 0.002 -18"><span class='ocrx_word' id='word_1_207' title='bbox 423 2742 770 2801; x_wconf 83' lang='lat' dir='ltr'><strong>compararet</strong></span> <span class='ocrx_word' id='word_1_208' title='bbox 804 2732 856 2785; x_wconf 92' lang='lat' dir='ltr'><strong>in</strong></span> <span class='ocrx_word' id='word_1_209' title='bbox 892 2745 1187 2802; x_wconf 74' lang='lat' dir='ltr'><strong>progressu</strong></span> <span class='ocrx_word' id='word_1_210' title='bbox 1217 2748 1379 2785; x_wconf 89' lang='lat' dir='ltr'><strong>unam</strong></span> <span class='ocrx_word' id='word_1_211' title='bbox 1411 2732 1556 2784; x_wconf 86' lang='lat' dir='ltr'><strong>illam</strong></span> <span class='ocrx_word' id='word_1_212' title='bbox 1585 2733 1810 2786; x_wconf 85' lang='lat' dir='ltr'><strong>vetitam</strong></span> <span class='ocrx_word' id='word_1_213' title='bbox 1836 2734 2001 2788; x_wconf 90' lang='lat' dir='ltr'><strong>arbo-</strong></span> 
     </span>
    </p>
   </div>
   <div class='ocr_carea' id='block_1_31' title="bbox 422 2822 1999 2893">
    <p class='ocr_par' dir='ltr' id='par_1_31' title="bbox 422 2822 1999 2893">
     <span class='ocr_line' id='line_1_31' title="bbox 422 2822 1999 2893; baseline 0.003 -18"><span class='ocrx_word' id='word_1_214' title='bbox 422 2837 538 2876; x_wconf 88' lang='lat' dir='ltr'><strong>rem</strong></span> <span class='ocrx_word' id='word_1_215' title='bbox 573 2824 969 2877; x_wconf 85' lang='lat' dir='ltr'><strong>calumniandi.</strong></span> <span class='ocrx_word' id='word_1_216' title='bbox 1003 2822 1137 2877; x_wconf 78' lang='lat' dir='ltr'><strong>Nam</strong></span> <span class='ocrx_word' id='word_1_217' title='bbox 1175 2825 1334 2893; x_wconf 87' lang='lat' dir='ltr'><strong>cujus</strong></span> <span class='ocrx_word' id='word_1_218' title='bbox 1365 2824 1545 2878; x_wconf 86' lang='lat' dir='ltr'><strong>studia</strong></span> <span class='ocrx_word' id='word_1_219' title='bbox 1599 2826 1652 2879; x_wconf 92' lang='lat' dir='ltr'><strong>in</strong></span> <span class='ocrx_word' id='word_1_220' title='bbox 1685 2826 1999 2880; x_wconf 88' lang='lat' dir='ltr'><strong>universum</strong></span> 
     </span>
    </p>
   </div>
   <div class='ocr_carea' id='block_1_32' title="bbox 423 2914 1999 2986">
    <p class='ocr_par' dir='ltr' id='par_1_32' title="bbox 423 2914 1999 2986">
     <span class='ocr_line' id='line_1_32' title="bbox 423 2914 1999 2986; baseline 0.003 -17"><span class='ocrx_word' id='word_1_221' title='bbox 423 2914 606 2969; x_wconf 85' lang='lat' dir='ltr'><strong>omnia</strong></span> <span class='ocrx_word' id='word_1_222' title='bbox 645 2914 897 2984; x_wconf 87' lang='lat' dir='ltr'><strong>improba</strong></span> <span class='ocrx_word' id='word_1_223' title='bbox 926 2925 1055 2969; x_wconf 88' lang='lat' dir='ltr'><strong>sunt</strong></span> <span class='ocrx_word' id='word_1_224' title='bbox 1099 2926 1266 2983; x_wconf 84' lang='lat' dir='ltr'><strong>atque</strong></span> <span class='ocrx_word' id='word_1_225' title='bbox 1302 2932 1580 2986; x_wconf 60' lang='lat' dir='ltr'><strong>perversa,</strong></span> <span class='ocrx_word' id='word_1_226' title='bbox 1612 2917 1755 2971; x_wconf 91' lang='lat' dir='ltr'><strong>haud</strong></span> <span class='ocrx_word' id='word_1_227' title='bbox 1800 2920 1999 2973; x_wconf 81' lang='lat' dir='ltr'><strong>mirum</strong></span> 
     </span>
    </p>
   </div>
   <div class='ocr_carea' id='block_1_33' title="bbox 426 3008 2001 3079">
    <p class='ocr_par' dir='ltr' id='par_1_33' title="bbox 426 3008 2001 3079">
     <span class='ocr_line' id='line_1_33' title="bbox 426 3008 2001 3079; baseline 0.002 -17"><span class='ocrx_word' id='word_1_228' title='bbox 426 3019 511 3062; x_wconf 84' lang='lat' dir='ltr'><strong>est</strong></span> <span class='ocrx_word' id='word_1_229' title='bbox 541 3009 586 3060; x_wconf 87' lang='lat' dir='ltr'><strong>si</strong></span> <span class='ocrx_word' id='word_1_230' title='bbox 611 3010 678 3061; x_wconf 88' lang='lat' dir='ltr'><strong>ah</strong></span> <span class='ocrx_word' id='word_1_231' title='bbox 710 3008 1063 3077; x_wconf 80' lang='lat' dir='ltr'><strong>improbitate</strong></span> <span class='ocrx_word' id='word_1_232' title='bbox 1107 3011 1427 3079; x_wconf 84' lang='lat' dir='ltr'><strong>auspicetur</strong></span> <span class='ocrx_word' id='word_1_233' title='bbox 1460 3030 1475 3065; x_wconf 87' lang='lat'><strong>:</strong></span> <span class='ocrx_word' id='word_1_234' title='bbox 1508 3010 1574 3063; x_wconf 80' lang='lat' dir='ltr'><strong>Et</strong></span> <span class='ocrx_word' id='word_1_235' title='bbox 1613 3012 1688 3064; x_wconf 87' lang='lat' dir='ltr'><strong>ait</strong></span> <span class='ocrx_word' id='word_1_236' title='bbox 1714 3011 1899 3066; x_wconf 81' lang='lat' dir='ltr'><strong>mulier</strong></span> <span class='ocrx_word' id='word_1_237' title='bbox 1933 3012 2001 3065; x_wconf 87' lang='lat' dir='ltr'><strong>ad</strong></span> 
     </span>
    </p>
   </div>
   <div class='ocr_carea' id='block_1_34' title="bbox 423 3099 1999 3170">
    <p class='ocr_par' dir='ltr' id='par_1_34' title="bbox 423 3099 1999 3170">
     <span class='ocr_line' id='line_1_34' title="bbox 423 3099 1999 3170; baseline 0.001 -17"><span class='ocrx_word' id='word_1_238' title='bbox 423 3112 710 3166; x_wconf 72' lang='lat' dir='ltr'><strong>serpentem</strong></span> <span class='ocrx_word' id='word_1_239' title='bbox 746 3115 762 3152; x_wconf 92' lang='lat'><em>:</em></span> <span class='ocrx_word' id='word_1_240' title='bbox 793 3099 866 3154; x_wconf 82' lang='lat' dir='ltr'><strong>De</strong></span> <span class='ocrx_word' id='word_1_241' title='bbox 895 3100 1156 3170; x_wconf 77' lang='lat' dir='ltr'><strong>fructibus</strong></span> <span class='ocrx_word' id='word_1_242' title='bbox 1184 3103 1431 3155; x_wconf 86' lang='lat' dir='ltr'><strong>arbcrum</strong></span> <span class='ocrx_word' id='word_1_243' title='bbox 1478 3102 1725 3170; x_wconf 86' lang='lat' dir='ltr'><strong>paradisi</strong></span> <span class='ocrx_word' id='word_1_244' title='bbox 1764 3104 1999 3157; x_wconf 82' lang='lat' dir='ltr'><strong>omnium</strong></span> 
     </span>
    </p>
   </div>
   <div class='ocr_carea' id='block_1_35' title="bbox 420 3193 2003 3264">
    <p class='ocr_par' dir='ltr' id='par_1_35' title="bbox 420 3193 2003 3264">
     <span class='ocr_line' id='line_1_35' title="bbox 420 3193 2003 3264; baseline 0.003 -19"><span class='ocrx_word' id='word_1_245' title='bbox 420 3193 847 3255; x_wconf 76' lang='lat' dir='ltr'><strong>taiitedinms,de</strong></span> <span class='ocrx_word' id='word_1_246' title='bbox 879 3193 1141 3261; x_wconf 79' lang='lat' dir='ltr'><strong>fructibus</strong></span> <span class='ocrx_word' id='word_1_247' title='bbox 1176 3193 1381 3247; x_wconf 81' lang='lat' dir='ltr'><strong>arboris</strong></span> <span class='ocrx_word' id='word_1_248' title='bbox 1428 3211 1541 3264; x_wconf 82' lang='lat' dir='ltr'><strong>qua:</strong></span> <span class='ocrx_word' id='word_1_249' title='bbox 1598 3204 1675 3248; x_wconf 81' lang='lat' dir='ltr'><strong>est</strong></span> <span class='ocrx_word' id='word_1_250' title='bbox 1744 3198 1799 3248; x_wconf 85' lang='lat' dir='ltr'><strong>in</strong></span> <span class='ocrx_word' id='word_1_251' title='bbox 1840 3196 2003 3249; x_wconf 83' lang='lat' dir='ltr'><strong>medi-</strong></span> 
     </span>
    </p>
   </div>
   <div class='ocr_carea' id='block_1_36' title="bbox 424 3281 2001 3357">
    <p class='ocr_par' dir='ltr' id='par_1_36' title="bbox 424 3281 2001 3357">
     <span class='ocr_line' id='line_1_36' title="bbox 424 3281 2001 3357; baseline 0.004 -23"><span class='ocrx_word' id='word_1_252' title='bbox 424 3281 577 3336; x_wconf 83' lang='lat' dir='ltr'><strong>tullio</strong></span> <span class='ocrx_word' id='word_1_253' title='bbox 606 3281 853 3351; x_wconf 74' lang='lat' dir='ltr'><strong>parudisi</strong></span> <span class='ocrx_word' id='word_1_254' title='bbox 882 3283 1021 3335; x_wconf 76' lang='lat' dir='ltr'><strong>dixit</strong></span> <span class='ocrx_word' id='word_1_255' title='bbox 1058 3282 1197 3337; x_wconf 85' lang='lat' dir='ltr'><strong>Dens</strong></span> <span class='ocrx_word' id='word_1_256' title='bbox 1232 3299 1252 3337; x_wconf 89' lang='lat'><strong><em>:</em></strong></span> <span class='ocrx_word' id='word_1_257' title='bbox 1290 3284 1373 3338; x_wconf 81' lang='lat' dir='ltr'><strong>Ne</strong></span> <span class='ocrx_word' id='word_1_258' title='bbox 1404 3287 1575 3340; x_wconf 84' lang='lat' dir='ltr'><strong>edatis</strong></span> <span class='ocrx_word' id='word_1_259' title='bbox 1615 3287 1678 3340; x_wconf 85' lang='lat' dir='ltr'><strong>de</strong></span> <span class='ocrx_word' id='word_1_260' title='bbox 1720 3303 1802 3353; x_wconf 86' lang='lat' dir='ltr'><strong>ea,</strong></span> <span class='ocrx_word' id='word_1_261' title='bbox 1842 3302 2001 3357; x_wconf 80' lang='lat' dir='ltr'><strong>neque</strong></span> 
     </span>
    </p>
   </div>
   <div class='ocr_carea' id='block_1_37' title="bbox 426 3373 1984 3449">
    <p class='ocr_par' dir='ltr' id='par_1_37' title="bbox 426 3373 1984 3449">
     <span class='ocr_line' id='line_1_37' title="bbox 426 3373 1984 3449; baseline 0.004 -23"><span class='ocrx_word' id='word_1_262' title='bbox 426 3376 656 3443; x_wconf 75' lang='lat' dir='ltr'><strong>tangatis</strong></span> <span class='ocrx_word' id='word_1_263' title='bbox 682 3390 821 3440; x_wconf 82' lang='lat' dir='ltr'><strong>eam,</strong></span> <span class='ocrx_word' id='word_1_264' title='bbox 842 3392 904 3429; x_wconf 82' lang='lat' dir='ltr'><strong>ne</strong></span> <span class='ocrx_word' id='word_1_265' title='bbox 932 3377 1251 3429; x_wconf 83' lang='lat' dir='ltr'><strong>moriamini.</strong></span> <span class='ocrx_word' id='word_1_266' title='bbox 1280 3373 1421 3443; x_wconf 86' lang='lat' dir='ltr'><strong>Non,</strong></span> <span class='ocrx_word' id='word_1_267' title='bbox 1450 3378 1647 3449; x_wconf 88' lang='lat' dir='ltr'><strong>inquit,</strong></span> <span class='ocrx_word' id='word_1_268' title='bbox 1678 3394 1712 3433; x_wconf 85' lang='grc' dir='ltr'>ο</span> <span class='ocrx_word' id='word_1_269' title='bbox 1738 3394 1984 3449; x_wconf 89' lang='lat' dir='ltr'><strong>serpens,</strong></span> 
     </span>
    </p>
   </div>
   <div class='ocr_carea' id='block_1_38' title="bbox 423 3465 2000 3535">
    <p class='ocr_par' dir='ltr' id='par_1_38' title="bbox 423 3465 2000 3535">
     <span class='ocr_line' id='line_1_38' title="bbox 423 3465 2000 3535; baseline 0.006 -19"><span class='ocrx_word' id='word_1_270' title='bbox 423 3465 564 3535; x_wconf 85' lang='lat' dir='ltr'><strong>jussi</strong></span> <span class='ocrx_word' id='word_1_271' title='bbox 594 3481 788 3520; x_wconf 84' lang='lat' dir='ltr'><strong>sumus</strong></span> <span class='ocrx_word' id='word_1_272' title='bbox 817 3468 886 3520; x_wconf 88' lang='lat' dir='ltr'><strong>ab</strong></span> <span class='ocrx_word' id='word_1_273' title='bbox 912 3468 1170 3521; x_wconf 89' lang='lat' dir='ltr'><strong>omnibus</strong></span> <span class='ocrx_word' id='word_1_274' title='bbox 1200 3470 1479 3524; x_wconf 87' lang='lat' dir='ltr'><strong>abstinere</strong></span> <span class='ocrx_word' id='word_1_275' title='bbox 1504 3471 1818 3535; x_wconf 87' lang='lat' dir='ltr'><strong>arboribus,</strong></span> <span class='ocrx_word' id='word_1_276' title='bbox 1854 3482 1913 3526; x_wconf 92' lang='lat' dir='ltr'><strong>ut</strong></span> <span class='ocrx_word' id='word_1_277' title='bbox 1944 3483 2000 3525; x_wconf 91' lang='lat' dir='ltr'><strong>tu</strong></span> 
     </span>
    </p>
   </div>
   <div class='ocr_carea' id='block_1_39' title="bbox 426 3557 2005 3634">
    <p class='ocr_par' dir='ltr' id='par_1_39' title="bbox 426 3557 2005 3634">
     <span class='ocr_line' id='line_1_39' title="bbox 426 3557 2005 3634; baseline 0.007 -24"><span class='ocrx_word' id='word_1_278' title='bbox 426 3557 634 3622; x_wconf 68' lang='lat' dir='ltr'><strong>dixisti,</strong></span> <span class='ocrx_word' id='word_1_279' title='bbox 685 3560 780 3613; x_wconf 88' lang='lat' dir='ltr'><strong>sed</strong></span> <span class='ocrx_word' id='word_1_280' title='bbox 832 3559 900 3612; x_wconf 88' lang='lat' dir='ltr'><strong>ab</strong></span> <span class='ocrx_word' id='word_1_281' title='bbox 924 3575 1029 3612; x_wconf 89' lang='lat' dir='ltr'><strong>una</strong></span> <span class='ocrx_word' id='word_1_282' title='bbox 1079 3561 1193 3614; x_wconf 88' lang='lat' dir='ltr'><strong>sola</strong></span> <span class='ocrx_word' id='word_1_283' title='bbox 1251 3578 1373 3632; x_wconf 73' lang='lat' dir='ltr'><strong>qua:</strong></span> <span class='ocrx_word' id='word_1_284' title='bbox 1427 3562 1479 3616; x_wconf 92' lang='lat' dir='ltr'><strong>in</strong></span> <span class='ocrx_word' id='word_1_285' title='bbox 1538 3564 1773 3634; x_wconf 87' lang='lat' dir='ltr'><strong>paradisi</strong></span> <span class='ocrx_word' id='word_1_286' title='bbox 1822 3566 2005 3621; x_wconf 87' lang='lat' dir='ltr'><strong>medio</strong></span> 
     </span>
    </p>
   </div>
   <div class='ocr_carea' id='block_1_40' title="bbox 429 3650 2002 3722">
    <p class='ocr_par' dir='ltr' id='par_1_40' title="bbox 429 3650 2002 3722">
     <span class='ocr_line' id='line_1_40' title="bbox 429 3650 2002 3722; baseline 0.006 -21"><span class='ocrx_word' id='word_1_287' title='bbox 429 3658 647 3714; x_wconf 78' lang='lat' dir='ltr'><strong>exstat;</strong></span> <span class='ocrx_word' id='word_1_288' title='bbox 700 3650 1193 3722; x_wconf 85' lang='lat' dir='ltr'><strong>interminatusque</strong></span> <span class='ocrx_word' id='word_1_289' title='bbox 1245 3662 1330 3707; x_wconf 89' lang='lat' dir='ltr'><strong>est</strong></span> <span class='ocrx_word' id='word_1_290' title='bbox 1374 3655 1532 3710; x_wconf 83' lang='lat' dir='ltr'><strong>nobis</strong></span> <span class='ocrx_word' id='word_1_291' title='bbox 1585 3655 1725 3710; x_wconf 87' lang='lat' dir='ltr'><strong>Deus</strong></span> <span class='ocrx_word' id='word_1_292' title='bbox 1758 3655 2002 3711; x_wconf 89' lang='lat' dir='ltr'><strong>futurum</strong></span> 
     </span>
    </p>
   </div>
   <div class='ocr_carea' id='block_1_41' title="bbox 429 3742 2009 3809">
    <p class='ocr_par' dir='ltr' id='par_1_41' title="bbox 429 3742 2009 3809">
     <span class='ocr_line' id='line_1_41' title="bbox 429 3742 2009 3809; baseline 0.004 -12"><span class='ocrx_word' id='word_1_293' title='bbox 429 3751 491 3797; x_wconf 89' lang='lat' dir='ltr'><strong>ut</strong></span> <span class='ocrx_word' id='word_1_294' title='bbox 520 3742 845 3809; x_wconf 86' lang='lat' dir='ltr'><strong>moriamur,</strong></span> <span class='ocrx_word' id='word_1_295' title='bbox 882 3744 929 3797; x_wconf 89' lang='lat' dir='ltr'><strong>si</strong></span> <span class='ocrx_word' id='word_1_296' title='bbox 963 3744 1030 3798; x_wconf 90' lang='lat' dir='ltr'><strong>de</strong></span> <span class='ocrx_word' id='word_1_297' title='bbox 1068 3744 1167 3798; x_wconf 90' lang='lat' dir='ltr'><strong>hac</strong></span> <span class='ocrx_word' id='word_1_298' title='bbox 1190 3745 1487 3802; x_wconf 83' lang='lat' dir='ltr'><strong>ederitnus.</strong></span> <span class='ocrx_word' id='word_1_299' title='bbox 1516 3748 1784 3802; x_wconf 60' lang='lat' dir='ltr'><strong>Caeterum</strong></span> <span class='ocrx_word' id='word_1_300' title='bbox 1815 3750 2009 3805; x_wconf 78' lang='lat' dir='ltr'><strong>existi-</strong></span> 
     </span>
    </p>
   </div>
   <div class='ocr_carea' id='block_1_42' title="bbox 433 3836 2003 3901">
    <p class='ocr_par' dir='ltr' id='par_1_42' title="bbox 433 3836 2003 3901">
     <span class='ocr_line' id='line_1_42' title="bbox 433 3836 2003 3901; baseline 0.006 -13"><span class='ocrx_word' id='word_1_301' title='bbox 433 3836 693 3890; x_wconf 83' lang='lat' dir='ltr'><strong>mandum</strong></span> <span class='ocrx_word' id='word_1_302' title='bbox 734 3846 836 3901; x_wconf 89' lang='lat' dir='ltr'><strong>est,</strong></span> <span class='ocrx_word' id='word_1_303' title='bbox 874 3836 1160 3892; x_wconf 85' lang='lat' dir='ltr'><strong>mulierem</strong></span> <span class='ocrx_word' id='word_1_304' title='bbox 1193 3854 1302 3893; x_wconf 89' lang='lat' dir='ltr'><strong>non</strong></span> <span class='ocrx_word' id='word_1_305' title='bbox 1330 3840 1493 3894; x_wconf 87' lang='lat' dir='ltr'><strong>modo</strong></span> <span class='ocrx_word' id='word_1_306' title='bbox 1518 3844 1768 3896; x_wconf 88' lang='lat' dir='ltr'><strong>arborem</strong></span> <span class='ocrx_word' id='word_1_307' title='bbox 1803 3843 1855 3896; x_wconf 92' lang='lat' dir='ltr'><strong>in</strong></span> <span class='ocrx_word' id='word_1_308' title='bbox 1890 3860 2003 3899; x_wconf 82' lang='lat' dir='ltr'><strong>ute-</strong></span> 
     </span>
    </p>
   </div>
   <div class='ocr_carea' id='block_1_43' title="bbox 428 3928 2005 4004">
    <p class='ocr_par' dir='ltr' id='par_1_43' title="bbox 428 3928 2005 4004">
     <span class='ocr_line' id='line_1_43' title="bbox 428 3928 2005 4004; baseline 0.004 -21"><span class='ocrx_word' id='word_1_309' title='bbox 428 3928 521 3983; x_wconf 75' lang='lat' dir='ltr'><strong>dio</strong></span> <span class='ocrx_word' id='word_1_310' title='bbox 576 3928 733 3984; x_wconf 87' lang='lat' dir='ltr'><strong>sitam</strong></span> <span class='ocrx_word' id='word_1_311' title='bbox 792 3931 1049 4000; x_wconf 82' lang='lat' dir='ltr'><strong>paradiso</strong></span> <span class='ocrx_word' id='word_1_312' title='bbox 1098 3932 1241 4001; x_wconf 88' lang='lat' dir='ltr'><strong>apud</strong></span> <span class='ocrx_word' id='word_1_313' title='bbox 1302 3944 1611 4002; x_wconf 82' lang='lat' dir='ltr'><strong>serpentem</strong></span> <span class='ocrx_word' id='word_1_314' title='bbox 1673 3935 2005 4004; x_wconf 89' lang='lat' dir='ltr'><strong>nominasse,</strong></span> 
     </span>
    </p>
   </div>
   <div class='ocr_carea' id='block_1_44' title="bbox 434 4019 2012 4093">
    <p class='ocr_par' dir='ltr' id='par_1_44' title="bbox 434 4019 2012 4093">
     <span class='ocr_line' id='line_1_44' title="bbox 434 4019 2012 4093; baseline 0.004 -18"><span class='ocrx_word' id='word_1_315' title='bbox 434 4019 530 4075; x_wconf 86' lang='lat' dir='ltr'><strong>sed</strong></span> <span class='ocrx_word' id='word_1_316' title='bbox 561 4021 836 4076; x_wconf 83' lang='lat' dir='ltr'><strong>addidisse</strong></span> <span class='ocrx_word' id='word_1_317' title='bbox 864 4024 1053 4084; x_wconf 88' lang='lat' dir='ltr'><strong>etiam.</strong></span> <span class='ocrx_word' id='word_1_318' title='bbox 1086 4024 1326 4078; x_wconf 72' lang='lat' dir='ltr'><strong>scientiae</strong></span> <span class='ocrx_word' id='word_1_319' title='bbox 1352 4023 1474 4078; x_wconf 72' lang='lat' dir='ltr'><strong>ban‘i</strong></span> <span class='ocrx_word' id='word_1_320' title='bbox 1519 4036 1569 4079; x_wconf 76' lang='lat' dir='ltr'><strong>et</strong></span> <span class='ocrx_word' id='word_1_321' title='bbox 1616 4028 1768 4093; x_wconf 74' lang='lat' dir='ltr'><strong>ntali,</strong></span> <span class='ocrx_word' id='word_1_322' title='bbox 1797 4029 2012 4082; x_wconf 80' lang='lat' dir='ltr'><strong>tametsi</strong></span> 
     </span>
    </p>
   </div>
   <div class='ocr_carea' id='block_1_45' title="bbox 434 4109 2007 4189">
    <p class='ocr_par' dir='ltr' id='par_1_45' title="bbox 434 4109 2007 4189">
     <span class='ocr_line' id='line_1_45' title="bbox 434 4109 2007 4189; baseline 0.006 -25"><span class='ocrx_word' id='word_1_323' title='bbox 434 4111 540 4165; x_wconf 90' lang='lat' dir='ltr'><strong>hoc</strong></span> <span class='ocrx_word' id='word_1_324' title='bbox 571 4109 751 4167; x_wconf 76' lang='lat' dir='ltr'><strong>Moses</strong></span> <span class='ocrx_word' id='word_1_325' title='bbox 788 4115 1151 4181; x_wconf 77' lang='lat' dir='ltr'><strong>praeterierit;</strong></span> <span class='ocrx_word' id='word_1_326' title='bbox 1202 4116 1463 4169; x_wconf 81' lang='lat' dir='ltr'><strong>credibile</strong></span> <span class='ocrx_word' id='word_1_327' title='bbox 1504 4120 1650 4171; x_wconf 87' lang='lat' dir='ltr'><strong>enim</strong></span> <span class='ocrx_word' id='word_1_328' title='bbox 1681 4128 1784 4185; x_wconf 90' lang='lat' dir='ltr'><strong>cst,</strong></span> <span class='ocrx_word' id='word_1_329' title='bbox 1835 4120 2007 4189; x_wconf 84' lang='lat' dir='ltr'><strong>ipsam</strong></span> 
     </span>
    </p>
   </div>
   <div class='ocr_carea' id='block_1_46' title="bbox 433 4201 2011 4278">
    <p class='ocr_par' dir='ltr' id='par_1_46' title="bbox 433 4201 2011 4278">
     <span class='ocr_line' id='line_1_46' title="bbox 433 4201 2011 4278; baseline 0.006 -23"><span class='ocrx_word' id='word_1_330' title='bbox 433 4201 680 4255; x_wconf 82' lang='lat' dir='ltr'><strong>mandati</strong></span> <span class='ocrx_word' id='word_1_331' title='bbox 703 4205 869 4257; x_wconf 87' lang='lat' dir='ltr'><strong>verba</strong></span> <span class='ocrx_word' id='word_1_332' title='bbox 900 4207 1083 4258; x_wconf 85' lang='lat' dir='ltr'><strong>omnia</strong></span> <span class='ocrx_word' id='word_1_333' title='bbox 1112 4205 1388 4273; x_wconf 85' lang='lat' dir='ltr'><strong>recitasse,</strong></span> <span class='ocrx_word' id='word_1_334' title='bbox 1416 4208 1557 4260; x_wconf 89' lang='lat' dir='ltr'><strong>inter</strong></span> <span class='ocrx_word' id='word_1_335' title='bbox 1580 4224 1703 4278; x_wconf 71' lang='lat' dir='ltr'><strong>qua:</strong></span> <span class='ocrx_word' id='word_1_336' title='bbox 1732 4210 1893 4263; x_wconf 88' lang='lat' dir='ltr'><strong>etiam</strong></span> <span class='ocrx_word' id='word_1_337' title='bbox 1920 4210 2011 4265; x_wconf 89' lang='lat' dir='ltr'><strong>illa</strong></span> 
     </span>
    </p>
   </div>
   <div class='ocr_carea' id='block_1_47' title="bbox 434 4293 2017 4365">
    <p class='ocr_par' dir='ltr' id='par_1_47' title="bbox 434 4293 2017 4365">
     <span class='ocr_line' id='line_1_47' title="bbox 434 4293 2017 4365; baseline 0.004 -16"><span class='ocrx_word' id='word_1_338' title='bbox 434 4302 565 4349; x_wconf 80' lang='lat' dir='ltr'><strong>sunt</strong></span> <span class='ocrx_word' id='word_1_339' title='bbox 594 4293 699 4349; x_wconf 73' lang='grc' dir='ltr'><strong>εει</strong></span> <span class='ocrx_word' id='word_1_340' title='bbox 726 4298 797 4349; x_wconf 85' lang='lat' dir='ltr'><strong>ait</strong></span> <span class='ocrx_word' id='word_1_341' title='bbox 831 4312 1046 4365; x_wconf 76' lang='lat' dir='ltr'><strong>serpens</strong></span> <span class='ocrx_word' id='word_1_342' title='bbox 1069 4298 1139 4349; x_wconf 83' lang='lat' dir='ltr'><strong>ad</strong></span> <span class='ocrx_word' id='word_1_343' title='bbox 1171 4298 1477 4351; x_wconf 81' lang='lat' dir='ltr'><strong>mulierem:</strong></span> <span class='ocrx_word' id='word_1_344' title='bbox 1500 4298 1620 4352; x_wconf 84' lang='lat' dir='ltr'><strong>Non</strong></span> <span class='ocrx_word' id='word_1_345' title='bbox 1650 4310 1869 4354; x_wconf 80' lang='lat' dir='ltr'><strong>mortem</strong></span> <span class='ocrx_word' id='word_1_346' title='bbox 1906 4318 2017 4355; x_wconf 86' lang='lat' dir='ltr'><strong>ma-</strong></span> 
     </span>
    </p>
   </div>
   <div class='ocr_carea' id='block_1_48' title="bbox 2096 414 3664 487">
    <p class='ocr_par' dir='ltr' id='par_1_48' title="bbox 2096 414 3664 487">
     <span class='ocr_line' id='line_1_48' title="bbox 2096 414 3664 487; baseline -0.001 -15"><span class='ocrx_word' id='word_1_347' title='bbox 2096 417 2238 473; x_wconf 88' lang='lat' dir='ltr'><strong>ferrc</strong></span> <span class='ocrx_word' id='word_1_348' title='bbox 2270 418 2508 487; x_wconf 66' lang='lat' dir='ltr'><strong>aequales</strong></span> <span class='ocrx_word' id='word_1_349' title='bbox 2538 432 2670 472; x_wconf 87' lang='lat' dir='ltr'><strong>Suos</strong></span> <span class='ocrx_word' id='word_1_350' title='bbox 2697 417 2992 487; x_wconf 85' lang='lat' dir='ltr'><strong>principes,</strong></span> <span class='ocrx_word' id='word_1_351' title='bbox 3023 419 3096 471; x_wconf 82' lang='lat' dir='ltr'><strong>ita</strong></span> <span class='ocrx_word' id='word_1_352' title='bbox 3128 430 3303 486; x_wconf 85' lang='lat' dir='ltr'><strong>neque</strong></span> <span class='ocrx_word' id='word_1_353' title='bbox 3339 414 3504 470; x_wconf 88' lang='lat' dir='ltr'><strong>Deum</strong></span> <span class='ocrx_word' id='word_1_354' title='bbox 3532 415 3664 471; x_wconf 85' lang='lat' dir='ltr'><strong>deos</strong></span> 
     </span>
    </p>
   </div>
   <div class='ocr_carea' id='block_1_49' title="bbox 2094 506 3661 581">
    <p class='ocr_par' dir='ltr' id='par_1_49' title="bbox 2094 506 3661 581">
     <span class='ocr_line' id='line_1_49' title="bbox 2094 506 3661 581; baseline -0.003 -16"><span class='ocrx_word' id='word_1_355' title='bbox 2094 512 2204 581; x_wconf 87' lang='lat' dir='ltr'><strong>pati</strong></span> <span class='ocrx_word' id='word_1_356' title='bbox 2234 511 2369 565; x_wconf 86' lang='lat' dir='ltr'><strong>alios</strong></span> <span class='ocrx_word' id='word_1_357' title='bbox 2398 525 2557 580; x_wconf 89' lang='lat' dir='ltr'><strong>posse</strong></span> <span class='ocrx_word' id='word_1_358' title='bbox 2582 526 2596 574; x_wconf 88' lang='lat'><strong>;</strong></span> <span class='ocrx_word' id='word_1_359' title='bbox 2628 519 2888 579; x_wconf 63' lang='lat' dir='ltr'><strong>praeterea</strong></span> <span class='ocrx_word' id='word_1_360' title='bbox 2918 517 2976 562; x_wconf 93' lang='lat' dir='ltr'><strong>ut</strong></span> <span class='ocrx_word' id='word_1_361' title='bbox 3020 508 3212 562; x_wconf 88' lang='lat' dir='ltr'><strong>incitet</strong></span> <span class='ocrx_word' id='word_1_362' title='bbox 3242 506 3305 560; x_wconf 84' lang='lat' dir='ltr'><strong>ad</strong></span> <span class='ocrx_word' id='word_1_363' title='bbox 3335 508 3661 563; x_wconf 86' lang='lat' dir='ltr'><strong>vescendum</strong></span> 
     </span>
    </p>
   </div>
   <div class='ocr_carea' id='block_1_50' title="bbox 2099 601 3659 674">
    <p class='ocr_par' dir='ltr' id='par_1_50' title="bbox 2099 601 3659 674">
     <span class='ocr_line' id='line_1_50' title="bbox 2099 601 3659 674; baseline -0.003 -18"><span class='ocrx_word' id='word_1_364' title='bbox 2099 604 2265 658; x_wconf 84' lang='lat' dir='ltr'><strong>vetito</strong></span> <span class='ocrx_word' id='word_1_365' title='bbox 2295 604 2497 668; x_wconf 89' lang='lat' dir='ltr'><strong>fructu,</strong></span> <span class='ocrx_word' id='word_1_366' title='bbox 2537 604 2691 674; x_wconf 86' lang='lat' dir='ltr'><strong>quasi</strong></span> <span class='ocrx_word' id='word_1_367' title='bbox 2727 602 2870 657; x_wconf 83' lang='lat' dir='ltr'><strong>dicat</strong></span> <span class='ocrx_word' id='word_1_368' title='bbox 2904 619 2920 658; x_wconf 90' lang='lat'><strong>:</strong></span> <span class='ocrx_word' id='word_1_369' title='bbox 2953 601 3070 657; x_wconf 84' lang='lat' dir='ltr'><strong>Non</strong></span> <span class='ocrx_word' id='word_1_370' title='bbox 3118 601 3280 656; x_wconf 87' lang='lat' dir='ltr'><strong>modo</strong></span> <span class='ocrx_word' id='word_1_371' title='bbox 3312 618 3421 655; x_wconf 93' lang='lat' dir='ltr'><strong>non</strong></span> <span class='ocrx_word' id='word_1_372' title='bbox 3472 602 3659 655; x_wconf 70' lang='lat' dir='ltr'><strong>morie-</strong></span> 
     </span>
    </p>
   </div>
   <div class='ocr_carea' id='block_1_51' title="bbox 2098 694 3664 765">
    <p class='ocr_par' dir='ltr' id='par_1_51' title="bbox 2098 694 3664 765">
     <span class='ocr_line' id='line_1_51' title="bbox 2098 694 3664 765; baseline -0.003 -14"><span class='ocrx_word' id='word_1_373' title='bbox 2098 696 2252 761; x_wconf 89' lang='lat' dir='ltr'><strong>mini,</strong></span> <span class='ocrx_word' id='word_1_374' title='bbox 2298 713 2485 750; x_wconf 89' lang='lat' dir='ltr'><strong>verum</strong></span> <span class='ocrx_word' id='word_1_375' title='bbox 2531 698 2693 751; x_wconf 87' lang='lat' dir='ltr'><strong>etiam</strong></span> <span class='ocrx_word' id='word_1_376' title='bbox 2733 696 3026 765; x_wconf 91' lang='lat' dir='ltr'><strong>plurimum</strong></span> <span class='ocrx_word' id='word_1_377' title='bbox 3066 694 3346 757; x_wconf 87' lang='lat' dir='ltr'><strong>crescetis,</strong></span> <span class='ocrx_word' id='word_1_378' title='bbox 3384 694 3581 763; x_wconf 84' lang='lat' dir='ltr'><strong>quippe</strong></span> <span class='ocrx_word' id='word_1_379' title='bbox 3612 694 3664 747; x_wconf 86' lang='lat' dir='ltr'><strong>iu</strong></span> 
     </span>
    </p>
   </div>
   <div class='ocr_carea' id='block_1_52' title="bbox 2096 784 3664 860">
    <p class='ocr_par' dir='ltr' id='par_1_52' title="bbox 2096 784 3664 860">
     <span class='ocr_line' id='line_1_52' title="bbox 2096 784 3664 860; baseline -0.001 -18"><span class='ocrx_word' id='word_1_380' title='bbox 2096 788 2228 844; x_wconf 92' lang='lat' dir='ltr'><strong>deos</strong></span> <span class='ocrx_word' id='word_1_381' title='bbox 2257 789 2474 843; x_wconf 83' lang='lat' dir='ltr'><strong>evasuri</strong></span> <span class='ocrx_word' id='word_1_382' title='bbox 2522 788 2699 860; x_wconf 83' lang='lat' dir='ltr'><strong>qualis</strong></span> <span class='ocrx_word' id='word_1_383' title='bbox 2744 789 2831 844; x_wconf 89' lang='lat' dir='ltr'><strong>ille</strong></span> <span class='ocrx_word' id='word_1_384' title='bbox 2862 788 3113 843; x_wconf 88' lang='lat' dir='ltr'><strong>conditor</strong></span> <span class='ocrx_word' id='word_1_385' title='bbox 3164 795 3349 844; x_wconf 86' lang='lat' dir='ltr'><strong>vester</strong></span> <span class='ocrx_word' id='word_1_386' title='bbox 3396 800 3501 842; x_wconf 80' lang='lat' dir='ltr'><strong>est.</strong></span> <span class='ocrx_word' id='word_1_387' title='bbox 3533 784 3664 841; x_wconf 79' lang='lat' dir='ltr'><strong>Nam</strong></span> 
     </span>
    </p>
   </div>
   <div class='ocr_carea' id='block_1_53' title="bbox 2098 880 3670 951">
    <p class='ocr_par' dir='ltr' id='par_1_53' title="bbox 2098 880 3670 951">
     <span class='ocr_line' id='line_1_53' title="bbox 2098 880 3670 951; baseline 0 -16"><span class='ocrx_word' id='word_1_388' title='bbox 2098 881 2151 936; x_wconf 90' lang='lat' dir='ltr'><strong>in</strong></span> <span class='ocrx_word' id='word_1_389' title='bbox 2198 881 2317 951; x_wconf 65' lang='lat' dir='ltr'><strong>ipso</strong></span> <span class='ocrx_word' id='word_1_390' title='bbox 2364 880 2565 947; x_wconf 73' lang='lat' dir='ltr'><strong>fructu,</strong></span> <span class='ocrx_word' id='word_1_391' title='bbox 2595 884 2846 951; x_wconf 87' lang='lat' dir='ltr'><strong>interque</strong></span> <span class='ocrx_word' id='word_1_392' title='bbox 2876 896 3055 935; x_wconf 85' lang='lat' dir='ltr'><strong>ramos</strong></span> <span class='ocrx_word' id='word_1_393' title='bbox 3101 880 3248 935; x_wconf 89' lang='lat' dir='ltr'><strong>illius</strong></span> <span class='ocrx_word' id='word_1_394' title='bbox 3291 880 3506 934; x_wconf 81' lang='lat' dir='ltr'><strong>arbors</strong></span> <span class='ocrx_word' id='word_1_395' title='bbox 3541 882 3670 935; x_wconf 86' lang='lat' dir='ltr'><strong>latet</strong></span> 
     </span>
    </p>
   </div>
   <div class='ocr_carea' id='block_1_54' title="bbox 2104 971 3672 1044">
    <p class='ocr_par' dir='ltr' id='par_1_54' title="bbox 2104 971 3672 1044">
     <span class='ocr_line' id='line_1_54' title="bbox 2104 971 3672 1044; baseline 0.003 -18"><span class='ocrx_word' id='word_1_396' title='bbox 2104 971 2408 1027; x_wconf 79' lang='lat' dir='ltr'><strong>divinitatis</strong></span> <span class='ocrx_word' id='word_1_397' title='bbox 2456 974 2563 1038; x_wconf 87' lang='lat' dir='ltr'><strong>vis,</strong></span> <span class='ocrx_word' id='word_1_398' title='bbox 2599 973 2670 1027; x_wconf 87' lang='lat' dir='ltr'><strong>ita</strong></span> <span class='ocrx_word' id='word_1_399' title='bbox 2721 980 2779 1025; x_wconf 92' lang='lat' dir='ltr'><strong>ut</strong></span> <span class='ocrx_word' id='word_1_400' title='bbox 2826 971 3078 1043; x_wconf 84' lang='lat' dir='ltr'><strong>quisquis</strong></span> <span class='ocrx_word' id='word_1_401' title='bbox 3120 982 3391 1037; x_wconf 85' lang='lat' dir='ltr'><strong>vescatur,</strong></span> <span class='ocrx_word' id='word_1_402' title='bbox 3438 971 3526 1025; x_wconf 85' lang='lat' dir='ltr'><strong>ille</strong></span> <span class='ocrx_word' id='word_1_403' title='bbox 3568 985 3672 1044; x_wconf 84' lang='lat' dir='ltr'><strong>pro</strong></span> 
     </span>
    </p>
   </div>
   <div class='ocr_carea' id='block_1_55' title="bbox 2096 1062 3667 1135">
    <p class='ocr_par' dir='ltr' id='par_1_55' title="bbox 2096 1062 3667 1135">
     <span class='ocr_line' id='line_1_55' title="bbox 2096 1062 3667 1135; baseline -0.001 -17"><span class='ocrx_word' id='word_1_404' title='bbox 2096 1063 2201 1118; x_wconf 88' lang='lat' dir='ltr'><strong>deo</strong></span> <span class='ocrx_word' id='word_1_405' title='bbox 2226 1064 2338 1128; x_wconf 83' lang='lat' dir='ltr'><strong>fiat,</strong></span> <span class='ocrx_word' id='word_1_406' title='bbox 2370 1065 2607 1135; x_wconf 89' lang='lat' dir='ltr'><strong>bonique</strong></span> <span class='ocrx_word' id='word_1_407' title='bbox 2639 1080 2701 1120; x_wconf 88' lang='lat' dir='ltr'><strong>ac</strong></span> <span class='ocrx_word' id='word_1_408' title='bbox 2730 1065 2856 1117; x_wconf 89' lang='lat' dir='ltr'><strong>mali</strong></span> <span class='ocrx_word' id='word_1_409' title='bbox 2887 1080 3107 1134; x_wconf 72' lang='lat' dir='ltr'><strong>gnarus.</strong></span> <span class='ocrx_word' id='word_1_410' title='bbox 3138 1062 3241 1117; x_wconf 83' lang='lat' dir='ltr'><strong>Per</strong></span> <span class='ocrx_word' id='word_1_411' title='bbox 3270 1064 3461 1119; x_wconf 91' lang='lat' dir='ltr'><strong>oculos</strong></span> <span class='ocrx_word' id='word_1_412' title='bbox 3488 1074 3667 1118; x_wconf 82' lang='lat' dir='ltr'><strong>autem</strong></span> 
     </span>
    </p>
   </div>
   <div class='ocr_carea' id='block_1_56' title="bbox 2097 1156 3669 1226">
    <p class='ocr_par' dir='ltr' id='par_1_56' title="bbox 2097 1156 3669 1226">
     <span class='ocr_line' id='line_1_56' title="bbox 2097 1156 3669 1226; baseline -0.001 -17"><span class='ocrx_word' id='word_1_413' title='bbox 2097 1156 2441 1225; x_wconf 82' lang='lat' dir='ltr'><strong>aperiendus,</strong></span> <span class='ocrx_word' id='word_1_414' title='bbox 2491 1156 2817 1225; x_wconf 75' lang='lat' dir='ltr'><strong>cognitionis</strong></span> <span class='ocrx_word' id='word_1_415' title='bbox 2867 1172 3119 1221; x_wconf 87' lang='lat' dir='ltr'><strong>acumen,</strong></span> <span class='ocrx_word' id='word_1_416' title='bbox 3174 1156 3669 1226; x_wconf 76' lang='lat' dir='ltr'><strong>perspicacitatem,</strong></span> 
     </span>
    </p>
   </div>
   <div class='ocr_carea' id='block_1_57' title="bbox 2096 1246 3671 1317">
    <p class='ocr_par' dir='ltr' id='par_1_57' title="bbox 2096 1246 3671 1317">
     <span class='ocr_line' id='line_1_57' title="bbox 2096 1246 3671 1317; baseline 0 -16"><span class='ocrx_word' id='word_1_417' title='bbox 2096 1258 2262 1316; x_wconf 88' lang='lat' dir='ltr'><strong>atque</strong></span> <span class='ocrx_word' id='word_1_418' title='bbox 2312 1246 2441 1301; x_wconf 88' lang='lat' dir='ltr'><strong>boni</strong></span> <span class='ocrx_word' id='word_1_419' title='bbox 2495 1249 2733 1317; x_wconf 88' lang='lat' dir='ltr'><strong>malique</strong></span> <span class='ocrx_word' id='word_1_420' title='bbox 2770 1248 3159 1317; x_wconf 82' lang='lat' dir='ltr'><strong>experientiam</strong></span> <span class='ocrx_word' id='word_1_421' title='bbox 3210 1246 3515 1317; x_wconf 79' lang='lat' dir='ltr'><strong>polliCelitr.</strong></span> <span class='ocrx_word' id='word_1_422' title='bbox 3567 1247 3671 1301; x_wconf 87' lang='lat' dir='ltr'><strong>De-</strong></span> 
     </span>
    </p>
   </div>
   <div class='ocr_carea' id='block_1_58' title="bbox 2097 1340 3675 1412">
    <p class='ocr_par' dir='ltr' id='par_1_58' title="bbox 2097 1340 3675 1412">
     <span class='ocr_line' id='line_1_58' title="bbox 2097 1340 3675 1412; baseline -0.004 -14"><span class='ocrx_word' id='word_1_423' title='bbox 2097 1344 2262 1411; x_wconf 87' lang='lat' dir='ltr'><strong>nique</strong></span> <span class='ocrx_word' id='word_1_424' title='bbox 2293 1342 2436 1412; x_wconf 86' lang='lat' dir='ltr'><strong>quod</strong></span> <span class='ocrx_word' id='word_1_425' title='bbox 2484 1342 2615 1397; x_wconf 91' lang='lat' dir='ltr'><strong>deos</strong></span> <span class='ocrx_word' id='word_1_426' title='bbox 2665 1340 2805 1406; x_wconf 87' lang='lat' dir='ltr'><strong>fore,</strong></span> <span class='ocrx_word' id='word_1_427' title='bbox 2841 1357 3070 1396; x_wconf 90' lang='lat' dir='ltr'><strong>numero</strong></span> <span class='ocrx_word' id='word_1_428' title='bbox 3118 1340 3506 1403; x_wconf 89' lang='lat' dir='ltr'><strong>multitudinis,</strong></span> <span class='ocrx_word' id='word_1_429' title='bbox 3543 1355 3675 1409; x_wconf 87' lang='lat' dir='ltr'><strong>pro-</strong></span> 
     </span>
    </p>
   </div>
   <div class='ocr_carea' id='block_1_59' title="bbox 2096 1431 3673 1502">
    <p class='ocr_par' dir='ltr' id='par_1_59' title="bbox 2096 1431 3673 1502">
     <span class='ocr_line' id='line_1_59' title="bbox 2096 1431 3673 1502; baseline -0.001 -16"><span class='ocrx_word' id='word_1_430' title='bbox 2096 1433 2298 1498; x_wconf 86' lang='lat' dir='ltr'><strong>mittit;</strong></span> <span class='ocrx_word' id='word_1_431' title='bbox 2342 1434 2453 1488; x_wconf 91' lang='lat' dir='ltr'><strong>hue</strong></span> <span class='ocrx_word' id='word_1_432' title='bbox 2500 1433 2650 1497; x_wconf 81' lang='lat' dir='ltr'><strong>facit,</strong></span> <span class='ocrx_word' id='word_1_433' title='bbox 2686 1443 2743 1487; x_wconf 88' lang='lat' dir='ltr'><strong>ut</strong></span> <span class='ocrx_word' id='word_1_434' title='bbox 2780 1432 3025 1502; x_wconf 90' lang='lat' dir='ltr'><strong>ipsorum</strong></span> <span class='ocrx_word' id='word_1_435' title='bbox 3076 1432 3275 1488; x_wconf 88' lang='lat' dir='ltr'><strong>animis</strong></span> <span class='ocrx_word' id='word_1_436' title='bbox 3309 1431 3515 1487; x_wconf 85' lang='lat' dir='ltr'><strong>inserat</strong></span> <span class='ocrx_word' id='word_1_437' title='bbox 3547 1434 3673 1502; x_wconf 85' lang='lat' dir='ltr'><strong>opi-</strong></span> 
     </span>
    </p>
   </div>
   <div class='ocr_carea' id='block_1_60' title="bbox 2098 1522 3671 1587">
    <p class='ocr_par' dir='ltr' id='par_1_60' title="bbox 2098 1522 3671 1587">
     <span class='ocr_line' id='line_1_60' title="bbox 2098 1522 3671 1587; baseline -0.001 -8"><span class='ocrx_word' id='word_1_438' title='bbox 2098 1527 2345 1587; x_wconf 88' lang='lat' dir='ltr'><strong>nionem,</strong></span> <span class='ocrx_word' id='word_1_439' title='bbox 2388 1541 2494 1581; x_wconf 89' lang='lat' dir='ltr'><strong>non</strong></span> <span class='ocrx_word' id='word_1_440' title='bbox 2550 1527 2848 1580; x_wconf 74' lang='lat' dir='ltr'><strong>maximum</strong></span> <span class='ocrx_word' id='word_1_441' title='bbox 2903 1539 3106 1579; x_wconf 88' lang='lat' dir='ltr'><strong>numen</strong></span> <span class='ocrx_word' id='word_1_442' title='bbox 3158 1539 3279 1580; x_wconf 89' lang='lat' dir='ltr'><strong>esse</strong></span> <span class='ocrx_word' id='word_1_443' title='bbox 3327 1538 3451 1579; x_wconf 89' lang='lat' dir='ltr'><strong>eum</strong></span> <span class='ocrx_word' id='word_1_444' title='bbox 3502 1522 3671 1578; x_wconf 87' lang='lat' dir='ltr'><strong>Deum</strong></span> 
     </span>
    </p>
   </div>
   <div class='ocr_carea' id='block_1_61' title="bbox 2100 1614 3670 1690">
    <p class='ocr_par' dir='ltr' id='par_1_61' title="bbox 2100 1614 3670 1690">
     <span class='ocr_line' id='line_1_61' title="bbox 2100 1614 3670 1690; baseline -0.001 -18"><span class='ocrx_word' id='word_1_445' title='bbox 2100 1620 2193 1690; x_wconf 90' lang='lat' dir='ltr'><strong>qui</strong></span> <span class='ocrx_word' id='word_1_446' title='bbox 2225 1635 2293 1673; x_wconf 89' lang='lat' dir='ltr'><strong>ne</strong></span> <span class='ocrx_word' id='word_1_447' title='bbox 2328 1618 2393 1673; x_wconf 90' lang='lat' dir='ltr'><strong>de</strong></span> <span class='ocrx_word' id='word_1_448' title='bbox 2429 1619 2622 1673; x_wconf 84' lang='lat' dir='ltr'><strong>arbore</strong></span> <span class='ocrx_word' id='word_1_449' title='bbox 2658 1619 2746 1672; x_wconf 92' lang='lat' dir='ltr'><strong>illa</strong></span> <span class='ocrx_word' id='word_1_450' title='bbox 2774 1619 3018 1676; x_wconf 86' lang='lat' dir='ltr'><strong>ederent,</strong></span> <span class='ocrx_word' id='word_1_451' title='bbox 3051 1617 3432 1672; x_wconf 86' lang='lat' dir='ltr'><strong>interminatus</strong></span> <span class='ocrx_word' id='word_1_452' title='bbox 3471 1614 3670 1681; x_wconf 82' lang='lat' dir='ltr'><strong>fuerat,</strong></span> 
     </span>
    </p>
   </div>
   <div class='ocr_carea' id='block_1_62' title="bbox 2099 1708 3676 1782">
    <p class='ocr_par' dir='ltr' id='par_1_62' title="bbox 2099 1708 3676 1782">
     <span class='ocr_line' id='line_1_62' title="bbox 2099 1708 3676 1782; baseline -0.002 -15"><span class='ocrx_word' id='word_1_453' title='bbox 2099 1713 2194 1768; x_wconf 90' lang='lat' dir='ltr'><strong>sed</strong></span> <span class='ocrx_word' id='word_1_454' title='bbox 2226 1728 2350 1767; x_wconf 87' lang='lat' dir='ltr'><strong>esse</strong></span> <span class='ocrx_word' id='word_1_455' title='bbox 2386 1712 2549 1766; x_wconf 89' lang='lat' dir='ltr'><strong>etiam</strong></span> <span class='ocrx_word' id='word_1_456' title='bbox 2603 1714 2736 1767; x_wconf 86' lang='lat' dir='ltr'><strong>deos</strong></span> <span class='ocrx_word' id='word_1_457' title='bbox 2773 1712 2911 1766; x_wconf 86' lang='lat' dir='ltr'><strong>alios</strong></span> <span class='ocrx_word' id='word_1_458' title='bbox 2956 1711 3033 1765; x_wconf 91' lang='lat' dir='ltr'><strong>illi</strong></span> <span class='ocrx_word' id='word_1_459' title='bbox 3084 1725 3261 1782; x_wconf 87' lang='lat' dir='ltr'><strong>pares.</strong></span> <span class='ocrx_word' id='word_1_460' title='bbox 3314 1708 3578 1764; x_wconf 68' lang='lat' dir='ltr'><strong>Praeterea</strong></span> <span class='ocrx_word' id='word_1_461' title='bbox 3615 1718 3676 1764; x_wconf 84' lang='lat' dir='ltr'><strong>ut</strong></span> 
     </span>
    </p>
   </div>
   <div class='ocr_carea' id='block_1_63' title="bbox 2101 1801 3675 1876">
    <p class='ocr_par' dir='ltr' id='par_1_63' title="bbox 2101 1801 3675 1876">
     <span class='ocr_line' id='line_1_63' title="bbox 2101 1801 3675 1876; baseline -0.004 -15"><span class='ocrx_word' id='word_1_462' title='bbox 2101 1805 2404 1876; x_wconf 85' lang='lat' dir='ltr'><strong>improbam</strong></span> <span class='ocrx_word' id='word_1_463' title='bbox 2446 1804 2595 1859; x_wconf 89' lang='lat' dir='ltr'><strong>illam</strong></span> <span class='ocrx_word' id='word_1_464' title='bbox 2645 1804 3129 1866; x_wconf 77' lang='lat' dir='ltr'><strong>existimationem,</strong></span> <span class='ocrx_word' id='word_1_465' title='bbox 3176 1819 3340 1873; x_wconf 87' lang='lat' dir='ltr'><strong>quam</strong></span> <span class='ocrx_word' id='word_1_466' title='bbox 3383 1811 3531 1858; x_wconf 86' lang='lat' dir='ltr'><strong>esset</strong></span> <span class='ocrx_word' id='word_1_467' title='bbox 3572 1801 3675 1857; x_wconf 86' lang='lat' dir='ltr'><strong>ali-</strong></span> 
     </span>
    </p>
   </div>
   <div class='ocr_carea' id='block_1_64' title="bbox 2101 1898 3676 1975">
    <p class='ocr_par' dir='ltr' id='par_1_64' title="bbox 2101 1898 3676 1975">
     <span class='ocr_line' id='line_1_64' title="bbox 2101 1898 3676 1975; baseline -0.001 -24"><span class='ocrx_word' id='word_1_468' title='bbox 2101 1902 2318 1970; x_wconf 90' lang='lat' dir='ltr'><strong>quando</strong></span> <span class='ocrx_word' id='word_1_469' title='bbox 2348 1899 2601 1968; x_wconf 76' lang='lat' dir='ltr'><strong>gentibus</strong></span> <span class='ocrx_word' id='word_1_470' title='bbox 2638 1913 3020 1968; x_wconf 87' lang='lat' dir='ltr'><strong>persuasurus,</strong></span> <span class='ocrx_word' id='word_1_471' title='bbox 3051 1900 3360 1975; x_wconf 88' lang='lat' dir='ltr'><strong>complures</strong></span> <span class='ocrx_word' id='word_1_472' title='bbox 3389 1898 3520 1952; x_wconf 89' lang='lat' dir='ltr'><strong>deos</strong></span> <span class='ocrx_word' id='word_1_473' title='bbox 3552 1910 3676 1950; x_wconf 83' lang='lat' dir='ltr'><strong>esse</strong></span> 
     </span>
    </p>
   </div>
   <div class='ocr_carea' id='block_1_65' title="bbox 2105 1991 3672 2062">
    <p class='ocr_par' dir='ltr' id='par_1_65' title="bbox 2105 1991 3672 2062">
     <span class='ocr_line' id='line_1_65' title="bbox 2105 1991 3672 2062; baseline -0.002 -17"><span class='ocrx_word' id='word_1_474' title='bbox 2105 1993 2159 2046; x_wconf 91' lang='lat' dir='ltr'><strong>in</strong></span> <span class='ocrx_word' id='word_1_475' title='bbox 2189 1992 2359 2058; x_wconf 87' lang='lat' dir='ltr'><strong>orbe;</strong></span> <span class='ocrx_word' id='word_1_476' title='bbox 2391 1992 2456 2045; x_wconf 91' lang='lat' dir='ltr'><strong>ab</strong></span> <span class='ocrx_word' id='word_1_477' title='bbox 2485 1992 2605 2062; x_wconf 83' lang='lat' dir='ltr'><strong>ipso</strong></span> <span class='ocrx_word' id='word_1_478' title='bbox 2627 1992 2813 2047; x_wconf 87' lang='lat' dir='ltr'><strong>statim</strong></span> <span class='ocrx_word' id='word_1_479' title='bbox 2847 1991 3023 2056; x_wconf 86' lang='lat' dir='ltr'><strong>initio,</strong></span> <span class='ocrx_word' id='word_1_480' title='bbox 3057 1992 3359 2060; x_wconf 88' lang='lat' dir='ltr'><strong>primorunt</strong></span> <span class='ocrx_word' id='word_1_481' title='bbox 3388 2000 3672 2061; x_wconf 79' lang='lat' dir='ltr'><strong>pate..tutu</strong></span> 
     </span>
    </p>
   </div>
   <div class='ocr_carea' id='block_1_66' title="bbox 2102 2083 3676 2157">
    <p class='ocr_par' dir='ltr' id='par_1_66' title="bbox 2102 2083 3676 2157">
     <span class='ocr_line' id='line_1_66' title="bbox 2102 2083 3676 2157; baseline -0.003 -15"><span class='ocrx_word' id='word_1_482' title='bbox 2102 2088 2328 2142; x_wconf 84' lang='lat' dir='ltr'><strong>auribus</strong></span> <span class='ocrx_word' id='word_1_483' title='bbox 2354 2086 2663 2152; x_wconf 89' lang='lat' dir='ltr'><strong>instillaret,</strong></span> <span class='ocrx_word' id='word_1_484' title='bbox 2688 2096 2850 2157; x_wconf 83' lang='lat' dir='ltr'><strong>atque</strong></span> <span class='ocrx_word' id='word_1_485' title='bbox 2876 2086 2947 2139; x_wconf 88' lang='lat' dir='ltr'><strong>ita</strong></span> <span class='ocrx_word' id='word_1_486' title='bbox 2977 2086 3043 2140; x_wconf 89' lang='lat' dir='ltr'><strong>ad</strong></span> <span class='ocrx_word' id='word_1_487' title='bbox 3070 2100 3231 2138; x_wconf 90' lang='lat' dir='ltr'><strong>omne</strong></span> <span class='ocrx_word' id='word_1_488' title='bbox 3279 2083 3480 2138; x_wconf 87' lang='lat' dir='ltr'><strong>malum</strong></span> <span class='ocrx_word' id='word_1_489' title='bbox 3504 2099 3676 2153; x_wconf 72' lang='lat' dir='ltr'><strong>genus</strong></span> 
     </span>
    </p>
   </div>
   <div class='ocr_carea' id='block_1_67' title="bbox 2106 2177 3673 2246">
    <p class='ocr_par' dir='ltr' id='par_1_67' title="bbox 2106 2177 3673 2246">
     <span class='ocr_line' id='line_1_67' title="bbox 2106 2177 3673 2246; baseline -0.004 -13"><span class='ocrx_word' id='word_1_490' title='bbox 2106 2182 2405 2233; x_wconf 80' lang='lat' dir='ltr'><strong>humanum</strong></span> <span class='ocrx_word' id='word_1_491' title='bbox 2456 2187 2745 2233; x_wconf 71' lang='lat' dir='ltr'><strong>averteret.</strong></span> <span class='ocrx_word' id='word_1_492' title='bbox 2798 2178 3140 2246; x_wconf 85' lang='lat' dir='ltr'><strong>Quapropter</strong></span> <span class='ocrx_word' id='word_1_493' title='bbox 3190 2187 3336 2231; x_wconf 64' lang='lat' dir='ltr'><strong>recte</strong></span> <span class='ocrx_word' id='word_1_494' title='bbox 3382 2177 3673 2230; x_wconf 86' lang='lat' dir='ltr'><strong>admodum</strong></span> 
     </span>
    </p>
   </div>
   <div class='ocr_carea' id='block_1_68' title="bbox 2107 2266 3675 2339">
    <p class='ocr_par' dir='ltr' id='par_1_68' title="bbox 2107 2266 3675 2339">
     <span class='ocr_line' id='line_1_68' title="bbox 2107 2266 3675 2339; baseline -0.003 -14"><span class='ocrx_word' id='word_1_495' title='bbox 2107 2271 2338 2326; x_wconf 85' lang='lat' dir='ltr'><strong>Satanas</strong></span> <span class='ocrx_word' id='word_1_496' title='bbox 2390 2271 2479 2325; x_wconf 87' lang='lat' dir='ltr'><strong>ille</strong></span> <span class='ocrx_word' id='word_1_497' title='bbox 2542 2270 2706 2323; x_wconf 88' lang='lat' dir='ltr'><strong>etiam</strong></span> <span class='ocrx_word' id='word_1_498' title='bbox 2757 2270 3008 2324; x_wconf 85' lang='lat' dir='ltr'><strong>diabolus</strong></span> <span class='ocrx_word' id='word_1_499' title='bbox 3060 2267 3173 2339; x_wconf 70' lang='grc'><strong>(22)</strong></span> <span class='ocrx_word' id='word_1_500' title='bbox 3216 2274 3302 2321; x_wconf 87' lang='lat' dir='ltr'><strong>est</strong></span> <span class='ocrx_word' id='word_1_501' title='bbox 3348 2266 3675 2335; x_wconf 82' lang='lat' dir='ltr'><strong>appellatus.</strong></span> 
     </span>
    </p>
   </div>
   <div class='ocr_carea' id='block_1_69' title="bbox 2106 2359 3677 2435">
    <p class='ocr_par' dir='ltr' id='par_1_69' title="bbox 2106 2359 3677 2435">
     <span class='ocr_line' id='line_1_69' title="bbox 2106 2359 3677 2435; baseline -0.006 -15"><span class='ocrx_word' id='word_1_502' title='bbox 2106 2364 2345 2420; x_wconf 86' lang='lat' dir='ltr'><strong>Satanas</strong></span> <span class='ocrx_word' id='word_1_503' title='bbox 2390 2363 2637 2435; x_wconf 82' lang='lat' dir='ltr'><strong>quidem,</strong></span> <span class='ocrx_word' id='word_1_504' title='bbox 2678 2371 2734 2418; x_wconf 90' lang='lat' dir='ltr'><strong>et</strong></span> <span class='ocrx_word' id='word_1_505' title='bbox 2780 2362 2906 2433; x_wconf 88' lang='lat' dir='ltr'><strong>quia</strong></span> <span class='ocrx_word' id='word_1_506' title='bbox 2955 2362 3071 2431; x_wconf 84' lang='lat' dir='ltr'><strong>ipse</strong></span> <span class='ocrx_word' id='word_1_507' title='bbox 3128 2375 3159 2415; x_wconf 89' lang='lat' dir='ltr'><strong>a</strong></span> <span class='ocrx_word' id='word_1_508' title='bbox 3196 2359 3308 2415; x_wconf 82' lang='lat' dir='ltr'><strong>Deo</strong></span> <span class='ocrx_word' id='word_1_509' title='bbox 3344 2363 3590 2423; x_wconf 87' lang='lat' dir='ltr'><strong>recessit,</strong></span> <span class='ocrx_word' id='word_1_510' title='bbox 3620 2368 3677 2412; x_wconf 90' lang='lat' dir='ltr'><strong>et</strong></span> 
     </span>
    </p>
   </div>
   <div class='ocr_carea' id='block_1_70' title="bbox 2105 2452 3679 2528">
    <p class='ocr_par' dir='ltr' id='par_1_70' title="bbox 2105 2452 3679 2528">
     <span class='ocr_line' id='line_1_70' title="bbox 2105 2452 3679 2528; baseline -0.003 -17"><span class='ocrx_word' id='word_1_511' title='bbox 2105 2457 2232 2528; x_wconf 78' lang='lat' dir='ltr'><strong>quia</strong></span> <span class='ocrx_word' id='word_1_512' title='bbox 2301 2455 2560 2511; x_wconf 86' lang='lat' dir='ltr'><strong>mortales</strong></span> <span class='ocrx_word' id='word_1_513' title='bbox 2616 2454 2789 2510; x_wconf 87' lang='lat' dir='ltr'><strong>aDeo</strong></span> <span class='ocrx_word' id='word_1_514' title='bbox 2835 2452 3056 2508; x_wconf 84' lang='lat' dir='ltr'><strong>abdtnit</strong></span> <span class='ocrx_word' id='word_1_515' title='bbox 3130 2461 3192 2506; x_wconf 92' lang='lat' dir='ltr'><strong>ut</strong></span> <span class='ocrx_word' id='word_1_516' title='bbox 3248 2460 3523 2507; x_wconf 88' lang='lat' dir='ltr'><strong>sectentur</strong></span> <span class='ocrx_word' id='word_1_517' title='bbox 3581 2462 3679 2506; x_wconf 82' lang='lat' dir='ltr'><strong>eos</strong></span> 
     </span>
    </p>
   </div>
   <div class='ocr_carea' id='block_1_71' title="bbox 2104 2542 3681 2616">
    <p class='ocr_par' dir='ltr' id='par_1_71' title="bbox 2104 2542 3681 2616">
     <span class='ocr_line' id='line_1_71' title="bbox 2104 2542 3681 2616; baseline -0.004 -17"><span class='ocrx_word' id='word_1_518' title='bbox 2104 2545 2201 2616; x_wconf 86' lang='lat' dir='ltr'><strong>qui</strong></span> <span class='ocrx_word' id='word_1_519' title='bbox 2240 2546 2376 2600; x_wconf 89' lang='lat' dir='ltr'><strong>iram</strong></span> <span class='ocrx_word' id='word_1_520' title='bbox 2428 2546 2680 2615; x_wconf 87' lang='lat' dir='ltr'><strong>pariant;</strong></span> <span class='ocrx_word' id='word_1_521' title='bbox 2721 2544 2971 2599; x_wconf 84' lang='lat' dir='ltr'><strong>diabolus</strong></span> <span class='ocrx_word' id='word_1_522' title='bbox 3016 2557 3167 2609; x_wconf 87' lang='lat' dir='ltr'><strong>vero,</strong></span> <span class='ocrx_word' id='word_1_523' title='bbox 3202 2542 3305 2598; x_wconf 90' lang='lat' dir='ltr'><strong>hoc</strong></span> <span class='ocrx_word' id='word_1_524' title='bbox 3332 2552 3434 2605; x_wconf 87' lang='lat' dir='ltr'><strong>est,</strong></span> <span class='ocrx_word' id='word_1_525' title='bbox 3466 2544 3681 2598; x_wconf 83' lang='lat' dir='ltr'><strong>calum-</strong></span> 
     </span>
    </p>
   </div>
   <div class='ocr_carea' id='block_1_72' title="bbox 2106 2636 3675 2708">
    <p class='ocr_par' dir='ltr' id='par_1_72' title="bbox 2106 2636 3675 2708">
     <span class='ocr_line' id='line_1_72' title="bbox 2106 2636 3675 2708; baseline -0.003 -16"><span class='ocrx_word' id='word_1_526' title='bbox 2106 2640 2304 2703; x_wconf 89' lang='lat' dir='ltr'><strong>niator,</strong></span> <span class='ocrx_word' id='word_1_527' title='bbox 2356 2638 2483 2708; x_wconf 87' lang='lat' dir='ltr'><strong>quia</strong></span> <span class='ocrx_word' id='word_1_528' title='bbox 2528 2636 2699 2692; x_wconf 89' lang='lat' dir='ltr'><strong>Deum</strong></span> <span class='ocrx_word' id='word_1_529' title='bbox 2736 2653 2830 2708; x_wconf 88' lang='lat' dir='ltr'><strong>per</strong></span> <span class='ocrx_word' id='word_1_530' title='bbox 2868 2636 3199 2691; x_wconf 87' lang='lat' dir='ltr'><strong>calumniam</strong></span> <span class='ocrx_word' id='word_1_531' title='bbox 3245 2636 3501 2707; x_wconf 89' lang='lat' dir='ltr'><strong>culpabat</strong></span> <span class='ocrx_word' id='word_1_532' title='bbox 3534 2637 3675 2706; x_wconf 87' lang='lat' dir='ltr'><strong>apud</strong></span> 
     </span>
    </p>
   </div>
   <div class='ocr_carea' id='block_1_73' title="bbox 2106 2727 3681 2799">
    <p class='ocr_par' dir='ltr' id='par_1_73' title="bbox 2106 2727 3681 2799">
     <span class='ocr_line' id='line_1_73' title="bbox 2106 2727 3681 2799; baseline 0 -16"><span class='ocrx_word' id='word_1_533' title='bbox 2106 2729 2375 2784; x_wconf 83' lang='lat' dir='ltr'><strong>Adamum</strong></span> <span class='ocrx_word' id='word_1_534' title='bbox 2401 2737 2455 2784; x_wconf 88' lang='lat' dir='ltr'><strong>et</strong></span> <span class='ocrx_word' id='word_1_535' title='bbox 2484 2727 2672 2796; x_wconf 86' lang='lat' dir='ltr'><strong>Evam,</strong></span> <span class='ocrx_word' id='word_1_536' title='bbox 2701 2728 2858 2799; x_wconf 87' lang='lat' dir='ltr'><strong>quasi</strong></span> <span class='ocrx_word' id='word_1_537' title='bbox 2890 2744 2987 2799; x_wconf 87' lang='lat' dir='ltr'><strong>per</strong></span> <span class='ocrx_word' id='word_1_538' title='bbox 3011 2743 3235 2785; x_wconf 85' lang='lat' dir='ltr'><strong>causam</strong></span> <span class='ocrx_word' id='word_1_539' title='bbox 3260 2730 3478 2785; x_wconf 66' lang='lat' dir='ltr'><strong>invidiae</strong></span> <span class='ocrx_word' id='word_1_540' title='bbox 3512 2731 3681 2784; x_wconf 86' lang='lat' dir='ltr'><strong>inter-</strong></span> 
     </span>
    </p>
   </div>
   <div class='ocr_carea' id='block_1_74' title="bbox 2114 2820 3677 2893">
    <p class='ocr_par' dir='ltr' id='par_1_74' title="bbox 2114 2820 3677 2893">
     <span class='ocr_line' id='line_1_74' title="bbox 2114 2820 3677 2893; baseline 0.001 -18"><span class='ocrx_word' id='word_1_541' title='bbox 2114 2822 2378 2875; x_wconf 89' lang='lat' dir='ltr'><strong>minatum</strong></span> <span class='ocrx_word' id='word_1_542' title='bbox 2444 2837 2513 2876; x_wconf 91' lang='lat' dir='ltr'><strong>ne</strong></span> <span class='ocrx_word' id='word_1_543' title='bbox 2560 2822 2629 2877; x_wconf 87' lang='lat' dir='ltr'><strong>de</strong></span> <span class='ocrx_word' id='word_1_544' title='bbox 2679 2822 2873 2877; x_wconf 85' lang='lat' dir='ltr'><strong>arbore</strong></span> <span class='ocrx_word' id='word_1_545' title='bbox 2925 2820 3015 2875; x_wconf 88' lang='lat' dir='ltr'><strong>illa</strong></span> <span class='ocrx_word' id='word_1_546' title='bbox 3082 2831 3398 2893; x_wconf 80' lang='lat' dir='ltr'><strong>gustarent;</strong></span> <span class='ocrx_word' id='word_1_547' title='bbox 3447 2830 3501 2877; x_wconf 87' lang='lat' dir='ltr'><strong>et</strong></span> <span class='ocrx_word' id='word_1_548' title='bbox 3552 2823 3677 2891; x_wconf 83' lang='lat' dir='ltr'><strong>quia</strong></span> 
     </span>
    </p>
   </div>
   <div class='ocr_carea' id='block_1_75' title="bbox 2107 2910 3681 2984">
    <p class='ocr_par' dir='ltr' id='par_1_75' title="bbox 2107 2910 3681 2984">
     <span class='ocr_line' id='line_1_75' title="bbox 2107 2910 3681 2984; baseline -0.001 -15"><span class='ocrx_word' id='word_1_549' title='bbox 2107 2914 2350 2969; x_wconf 89' lang='lat' dir='ltr'><strong>vicissim</strong></span> <span class='ocrx_word' id='word_1_550' title='bbox 2407 2915 2658 2970; x_wconf 86' lang='lat' dir='ltr'><strong>homines</strong></span> <span class='ocrx_word' id='word_1_551' title='bbox 2690 2914 2928 2969; x_wconf 76' lang='lat' dir='ltr'><strong>traducit</strong></span> <span class='ocrx_word' id='word_1_552' title='bbox 2979 2914 3119 2984; x_wconf 90' lang='lat' dir='ltr'><strong>apud</strong></span> <span class='ocrx_word' id='word_1_553' title='bbox 3174 2913 3363 2978; x_wconf 81' lang='lat' dir='ltr'><strong>Deum,</strong></span> <span class='ocrx_word' id='word_1_554' title='bbox 3398 2923 3456 2968; x_wconf 94' lang='lat' dir='ltr'><strong>ut</strong></span> <span class='ocrx_word' id='word_1_555' title='bbox 3483 2913 3550 2967; x_wconf 88' lang='lat' dir='ltr'><strong>dc</strong></span> <span class='ocrx_word' id='word_1_556' title='bbox 3577 2910 3681 2968; x_wconf 79' lang='lat' dir='ltr'><strong>Job</strong></span> 
     </span>
    </p>
   </div>
   <div class='ocr_carea' id='block_1_76' title="bbox 2109 3004 3680 3077">
    <p class='ocr_par' dir='ltr' id='par_1_76' title="bbox 2109 3004 3680 3077">
     <span class='ocr_line' id='line_1_76' title="bbox 2109 3004 3680 3077; baseline -0.001 -18"><span class='ocrx_word' id='word_1_557' title='bbox 2109 3006 2373 3075; x_wconf 69' lang='lat' dir='ltr'><strong>scriptum</strong></span> <span class='ocrx_word' id='word_1_558' title='bbox 2403 3016 2599 3062; x_wconf 82' lang='lat' dir='ltr'><strong>exstat.</strong></span> <span class='ocrx_word' id='word_1_559' title='bbox 2634 3006 2707 3061; x_wconf 90' lang='lat' dir='ltr'><strong>De</strong></span> <span class='ocrx_word' id='word_1_560' title='bbox 2739 3007 2842 3061; x_wconf 92' lang='lat' dir='ltr'><strong>hoc</strong></span> <span class='ocrx_word' id='word_1_561' title='bbox 2865 3006 3011 3061; x_wconf 91' lang='lat' dir='ltr'><strong>enim</strong></span> <span class='ocrx_word' id='word_1_562' title='bbox 3040 3006 3120 3061; x_wconf 90' lang='lat' dir='ltr'><strong>sic</strong></span> <span class='ocrx_word' id='word_1_563' title='bbox 3148 3008 3288 3077; x_wconf 90' lang='lat' dir='ltr'><strong>apud</strong></span> <span class='ocrx_word' id='word_1_564' title='bbox 3323 3004 3490 3060; x_wconf 82' lang='lat' dir='ltr'><strong>Deum</strong></span> <span class='ocrx_word' id='word_1_565' title='bbox 3520 3006 3680 3059; x_wconf 86' lang='lat' dir='ltr'><strong>verba</strong></span> 
     </span>
    </p>
   </div>
   <div class='ocr_carea' id='block_1_77' title="bbox 2108 3097 3679 3169">
    <p class='ocr_par' dir='ltr' id='par_1_77' title="bbox 2108 3097 3679 3169">
     <span class='ocr_line' id='line_1_77' title="bbox 2108 3097 3679 3169; baseline -0.002 -15"><span class='ocrx_word' id='word_1_566' title='bbox 2108 3100 2341 3154; x_wconf 87' lang='lat' dir='ltr'><strong>faciebat</strong></span> <span class='ocrx_word' id='word_1_567' title='bbox 2373 3116 2386 3151; x_wconf 87' lang='lat'><strong>:</strong></span> <span class='ocrx_word' id='word_1_568' title='bbox 2422 3097 2659 3153; x_wconf 79' lang='lat' dir='ltr'><strong>Extende</strong></span> <span class='ocrx_word' id='word_1_569' title='bbox 2697 3116 2912 3153; x_wconf 86' lang='lat' dir='ltr'><strong>manum</strong></span> <span class='ocrx_word' id='word_1_570' title='bbox 2944 3108 3112 3165; x_wconf 86' lang='lat' dir='ltr'><strong>tuam,</strong></span> <span class='ocrx_word' id='word_1_571' title='bbox 3163 3110 3213 3152; x_wconf 79' lang='lat' dir='ltr'><strong>et</strong></span> <span class='ocrx_word' id='word_1_572' title='bbox 3262 3106 3418 3169; x_wconf 81' lang='lat' dir='ltr'><strong>tange</strong></span> <span class='ocrx_word' id='word_1_573' title='bbox 3467 3114 3679 3154; x_wconf 64' lang='lat' dir='ltr'><strong>carneis</strong></span> 
     </span>
    </p>
   </div>
   <div class='ocr_carea' id='block_1_78' title="bbox 2106 3191 3684 3262">
    <p class='ocr_par' dir='ltr' id='par_1_78' title="bbox 2106 3191 3684 3262">
     <span class='ocr_line' id='line_1_78' title="bbox 2106 3191 3684 3262; baseline 0 -16"><span class='ocrx_word' id='word_1_574' title='bbox 2106 3193 2294 3262; x_wconf 82' lang='lat' dir='ltr'><strong>ipsius,</strong></span> <span class='ocrx_word' id='word_1_575' title='bbox 2335 3208 2459 3245; x_wconf 86' lang='lat' dir='ltr'><strong>num</strong></span> <span class='ocrx_word' id='word_1_576' title='bbox 2496 3194 2547 3247; x_wconf 89' lang='lat' dir='ltr'><strong>in</strong></span> <span class='ocrx_word' id='word_1_577' title='bbox 2593 3192 2784 3262; x_wconf 81' lang='lat' dir='ltr'><strong>[aciem</strong></span> <span class='ocrx_word' id='word_1_578' title='bbox 2830 3204 2976 3246; x_wconf 82' lang='lat' dir='ltr'><strong>luant</strong></span> <span class='ocrx_word' id='word_1_579' title='bbox 3017 3193 3299 3247; x_wconf 83' lang='lat' dir='ltr'><strong>maledicat</strong></span> <span class='ocrx_word' id='word_1_580' title='bbox 3339 3194 3435 3245; x_wconf 82' lang='lat' dir='ltr'><strong>tibi</strong></span> <span class='ocrx_word' id='word_1_581' title='bbox 3464 3194 3552 3246; x_wconf 68' lang='lat' dir='ltr'><strong>&quot;Y</strong></span> <span class='ocrx_word' id='word_1_582' title='bbox 3580 3191 3684 3246; x_wconf 85' lang='lat' dir='ltr'><strong>De-</strong></span> 
     </span>
    </p>
   </div>
   <div class='ocr_carea' id='block_1_79' title="bbox 2109 3284 3682 3356">
    <p class='ocr_par' dir='ltr' id='par_1_79' title="bbox 2109 3284 3682 3356">
     <span class='ocr_line' id='line_1_79' title="bbox 2109 3284 3682 3356; baseline -0.001 -16"><span class='ocrx_word' id='word_1_583' title='bbox 2109 3285 2273 3356; x_wconf 78' lang='lat' dir='ltr'><strong>t-iquc</strong></span> <span class='ocrx_word' id='word_1_584' title='bbox 2296 3287 2423 3356; x_wconf 88' lang='lat' dir='ltr'><strong>quia</strong></span> <span class='ocrx_word' id='word_1_585' title='bbox 2458 3286 2783 3355; x_wconf 88' lang='lat' dir='ltr'><strong>persuadere</strong></span> <span class='ocrx_word' id='word_1_586' title='bbox 2809 3286 3132 3340; x_wconf 83' lang='lat' dir='ltr'><strong>mortalibus</strong></span> <span class='ocrx_word' id='word_1_587' title='bbox 3165 3286 3373 3340; x_wconf 85' lang='lat' dir='ltr'><strong>laborat</strong></span> <span class='ocrx_word' id='word_1_588' title='bbox 3402 3284 3508 3338; x_wconf 90' lang='lat' dir='ltr'><strong>Deo</strong></span> <span class='ocrx_word' id='word_1_589' title='bbox 3535 3286 3682 3354; x_wconf 82' lang='lat' dir='ltr'><strong>ipsos</strong></span> 
     </span>
    </p>
   </div>
   <div class='ocr_carea' id='block_1_80' title="bbox 2106 3376 3679 3447">
    <p class='ocr_par' dir='ltr' id='par_1_80' title="bbox 2106 3376 3679 3447">
     <span class='ocr_line' id='line_1_80' title="bbox 2106 3376 3679 3447; baseline -0.001 -15"><span class='ocrx_word' id='word_1_590' title='bbox 2106 3393 2254 3432; x_wconf 78' lang='lat' dir='ltr'><strong>cura:</strong></span> <span class='ocrx_word' id='word_1_591' title='bbox 2280 3392 2385 3430; x_wconf 90' lang='lat' dir='ltr'><strong>non</strong></span> <span class='ocrx_word' id='word_1_592' title='bbox 2410 3392 2555 3431; x_wconf 88' lang='lat' dir='ltr'><strong>esse.</strong></span> <span class='ocrx_word' id='word_1_593' title='bbox 2580 3376 2715 3430; x_wconf 82' lang='lat' dir='ltr'><strong>Cum</strong></span> <span class='ocrx_word' id='word_1_594' title='bbox 2745 3377 2828 3431; x_wconf 82' lang='lat' dir='ltr'><strong>lex</strong></span> <span class='ocrx_word' id='word_1_595' title='bbox 2856 3378 3039 3432; x_wconf 87' lang='lat' dir='ltr'><strong>omnis</strong></span> <span class='ocrx_word' id='word_1_596' title='bbox 3063 3389 3157 3430; x_wconf 89' lang='lat' dir='ltr'><strong>aut</strong></span> <span class='ocrx_word' id='word_1_597' title='bbox 3186 3376 3251 3431; x_wconf 70' lang='lat' dir='ltr'><strong>al</strong></span> <span class='ocrx_word' id='word_1_598' title='bbox 3281 3376 3679 3447; x_wconf 82' lang='lat' dir='ltr'><strong>prohibendum</strong></span> 
     </span>
    </p>
   </div>
   <div class='ocr_carea' id='block_1_81' title="bbox 2108 3468 3680 3540">
    <p class='ocr_par' dir='ltr' id='par_1_81' title="bbox 2108 3468 3680 3540">
     <span class='ocr_line' id='line_1_81' title="bbox 2108 3468 3680 3540; baseline -0.001 -17"><span class='ocrx_word' id='word_1_599' title='bbox 2108 3479 2413 3540; x_wconf 76' lang='lat' dir='ltr'><strong>peceatum,</strong></span> <span class='ocrx_word' id='word_1_600' title='bbox 2439 3481 2532 3523; x_wconf 88' lang='lat' dir='ltr'><strong>aut</strong></span> <span class='ocrx_word' id='word_1_601' title='bbox 2554 3470 2619 3523; x_wconf 91' lang='lat' dir='ltr'><strong>ad</strong></span> <span class='ocrx_word' id='word_1_602' title='bbox 2644 3471 3065 3538; x_wconf 88' lang='lat' dir='ltr'><strong>promovendam</strong></span> <span class='ocrx_word' id='word_1_603' title='bbox 3088 3468 3355 3540; x_wconf 78' lang='lat' dir='ltr'><strong>justitiam</strong></span> <span class='ocrx_word' id='word_1_604' title='bbox 3382 3470 3680 3537; x_wconf 81' lang='lat' dir='ltr'><strong>pertineat;</strong></span> 
     </span>
    </p>
   </div>
   <div class='ocr_carea' id='block_1_82' title="bbox 2109 3562 3685 3634">
    <p class='ocr_par' dir='ltr' id='par_1_82' title="bbox 2109 3562 3685 3634">
     <span class='ocr_line' id='line_1_82' title="bbox 2109 3562 3685 3634; baseline -0.002 -16"><span class='ocrx_word' id='word_1_605' title='bbox 2109 3572 2275 3634; x_wconf 87' lang='lat' dir='ltr'><strong>atque</strong></span> <span class='ocrx_word' id='word_1_606' title='bbox 2322 3565 2403 3619; x_wconf 87' lang='lat' dir='ltr'><strong>vel</strong></span> <span class='ocrx_word' id='word_1_607' title='bbox 2449 3564 2741 3617; x_wconf 83' lang='lat' dir='ltr'><strong>formidine</strong></span> <span class='ocrx_word' id='word_1_608' title='bbox 2773 3579 2944 3634; x_wconf 69' lang='grc' dir='ltr'>ρωιιω</span> <span class='ocrx_word' id='word_1_609' title='bbox 2973 3579 3093 3634; x_wconf 71' lang='lat' dir='ltr'><strong>qua:</strong></span> <span class='ocrx_word' id='word_1_610' title='bbox 3135 3563 3556 3626; x_wconf 84' lang='lat' dir='ltr'><strong>rebellantibus,</strong></span> <span class='ocrx_word' id='word_1_611' title='bbox 3601 3562 3685 3615; x_wconf 74' lang='lat' dir='ltr'><strong>vel</strong></span> 
     </span>
    </p>
   </div>
   <div class='ocr_carea' id='block_1_83' title="bbox 2109 3652 3687 3726">
    <p class='ocr_par' dir='ltr' id='par_1_83' title="bbox 2109 3652 3687 3726">
     <span class='ocr_line' id='line_1_83' title="bbox 2109 3652 3687 3726; baseline -0.006 -17"><span class='ocrx_word' id='word_1_612' title='bbox 2109 3669 2206 3726; x_wconf 89' lang='lat' dir='ltr'><strong>spe</strong></span> <span class='ocrx_word' id='word_1_613' title='bbox 2247 3655 2456 3723; x_wconf 71' lang='lat' dir='ltr'><strong>praemii</strong></span> <span class='ocrx_word' id='word_1_614' title='bbox 2493 3654 2639 3722; x_wconf 88' lang='lat' dir='ltr'><strong>quod</strong></span> <span class='ocrx_word' id='word_1_615' title='bbox 2676 3654 2993 3722; x_wconf 87' lang='lat' dir='ltr'><strong>parentibus</strong></span> <span class='ocrx_word' id='word_1_616' title='bbox 3042 3652 3407 3722; x_wconf 77' lang='lat' dir='ltr'><strong>przestitutum</strong></span> <span class='ocrx_word' id='word_1_617' title='bbox 3450 3659 3553 3716; x_wconf 86' lang='lat' dir='ltr'><strong>est,</strong></span> <span class='ocrx_word' id='word_1_618' title='bbox 3588 3654 3687 3706; x_wconf 82' lang='lat' dir='ltr'><strong>ob-</strong></span> 
     </span>
    </p>
   </div>
   <div class='ocr_carea' id='block_1_84' title="bbox 2109 3744 3685 3814">
    <p class='ocr_par' dir='ltr' id='par_1_84' title="bbox 2109 3744 3685 3814">
     <span class='ocr_line' id='line_1_84' title="bbox 2109 3744 3685 3814; baseline -0.003 -12"><span class='ocrx_word' id='word_1_619' title='bbox 2109 3755 2383 3803; x_wconf 74' lang='lat' dir='ltr'><strong>servetur.</strong></span> <span class='ocrx_word' id='word_1_620' title='bbox 2445 3746 2683 3814; x_wconf 85' lang='lat' dir='ltr'><strong>Serpens</strong></span> <span class='ocrx_word' id='word_1_621' title='bbox 2719 3746 2843 3810; x_wconf 83' lang='lat' dir='ltr'><strong>iste,</strong></span> <span class='ocrx_word' id='word_1_622' title='bbox 2892 3746 2993 3799; x_wconf 89' lang='lat' dir='ltr'><strong>hoc</strong></span> <span class='ocrx_word' id='word_1_623' title='bbox 3018 3754 3101 3798; x_wconf 90' lang='lat' dir='ltr'><strong>est</strong></span> <span class='ocrx_word' id='word_1_624' title='bbox 3134 3744 3403 3810; x_wconf 88' lang='lat' dir='ltr'><strong>diabolus,</strong></span> <span class='ocrx_word' id='word_1_625' title='bbox 3439 3759 3504 3799; x_wconf 91' lang='lat' dir='ltr'><strong>eo</strong></span> <span class='ocrx_word' id='word_1_626' title='bbox 3540 3744 3685 3813; x_wconf 82' lang='lat' dir='ltr'><strong>quoi</strong></span> 
     </span>
    </p>
   </div>
   <div class='ocr_carea' id='block_1_85' title="bbox 2108 3836 3685 3907">
    <p class='ocr_par' dir='ltr' id='par_1_85' title="bbox 2108 3836 3685 3907">
     <span class='ocr_line' id='line_1_85' title="bbox 2108 3836 3685 3907; baseline -0.003 -13"><span class='ocrx_word' id='word_1_627' title='bbox 2108 3841 2181 3895; x_wconf 88' lang='lat' dir='ltr'><strong>ait</strong></span> <span class='ocrx_word' id='word_1_628' title='bbox 2217 3858 2230 3895; x_wconf 87' lang='lat'><strong>:</strong></span> <span class='ocrx_word' id='word_1_629' title='bbox 2258 3838 2377 3894; x_wconf 83' lang='lat' dir='ltr'><strong>Non</strong></span> <span class='ocrx_word' id='word_1_630' title='bbox 2409 3838 2702 3892; x_wconf 79' lang='lat' dir='ltr'><strong>moriemini</strong></span> <span class='ocrx_word' id='word_1_631' title='bbox 2733 3838 2899 3891; x_wconf 86' lang='lat' dir='ltr'><strong>etiam</strong></span> <span class='ocrx_word' id='word_1_632' title='bbox 2929 3839 2976 3890; x_wconf 86' lang='lat' dir='ltr'><strong>si</strong></span> <span class='ocrx_word' id='word_1_633' title='bbox 3005 3836 3250 3901; x_wconf 73' lang='lat' dir='ltr'><strong>ederitis,</strong></span> <span class='ocrx_word' id='word_1_634' title='bbox 3285 3852 3456 3907; x_wconf 67' lang='lat' dir='ltr'><strong>paena:</strong></span> <span class='ocrx_word' id='word_1_635' title='bbox 3486 3848 3685 3891; x_wconf 82' lang='lat' dir='ltr'><strong>metum</strong></span> 
     </span>
    </p>
   </div>
   <div class='ocr_carea' id='block_1_86' title="bbox 2112 3930 3687 4001">
    <p class='ocr_par' dir='ltr' id='par_1_86' title="bbox 2112 3930 3687 4001">
     <span class='ocr_line' id='line_1_86' title="bbox 2112 3930 3687 4001; baseline -0.001 -13"><span class='ocrx_word' id='word_1_636' title='bbox 2112 3933 2438 3988; x_wconf 83' lang='lat' dir='ltr'><strong>submovere</strong></span> <span class='ocrx_word' id='word_1_637' title='bbox 2468 3941 2717 3997; x_wconf 85' lang='lat' dir='ltr'><strong>conatur,</strong></span> <span class='ocrx_word' id='word_1_638' title='bbox 2747 3945 2858 4001; x_wconf 91' lang='lat' dir='ltr'><strong>quo</strong></span> <span class='ocrx_word' id='word_1_639' title='bbox 2888 3931 2963 3983; x_wconf 92' lang='lat' dir='ltr'><strong>illi</strong></span> <span class='ocrx_word' id='word_1_640' title='bbox 2995 3930 3420 4001; x_wconf 90' lang='lat' dir='ltr'><strong>prohibebantur</strong></span> <span class='ocrx_word' id='word_1_641' title='bbox 3446 3949 3473 3984; x_wconf 89' lang='lat' dir='ltr'><strong>a</strong></span> <span class='ocrx_word' id='word_1_642' title='bbox 3507 3939 3687 3986; x_wconf 80' lang='lat' dir='ltr'><strong>trans-</strong></span> 
     </span>
    </p>
   </div>
   <div class='ocr_carea' id='block_1_87' title="bbox 2116 4021 3689 4095">
    <p class='ocr_par' dir='ltr' id='par_1_87' title="bbox 2116 4021 3689 4095">
     <span class='ocr_line' id='line_1_87' title="bbox 2116 4021 3689 4095; baseline -0.001 -18"><span class='ocrx_word' id='word_1_643' title='bbox 2116 4024 2412 4095; x_wconf 76' lang='lat' dir='ltr'><strong>grediendo</strong></span> <span class='ocrx_word' id='word_1_644' title='bbox 2454 4024 2625 4091; x_wconf 79' lang='lat' dir='ltr'><strong>legem</strong></span> <span class='ocrx_word' id='word_1_645' title='bbox 2676 4022 2791 4078; x_wconf 88' lang='lat' dir='ltr'><strong>Dei.</strong></span> <span class='ocrx_word' id='word_1_646' title='bbox 2824 4023 3034 4077; x_wconf 77' lang='lat' dir='ltr'><strong>Rursus</strong></span> <span class='ocrx_word' id='word_1_647' title='bbox 3081 4024 3209 4077; x_wconf 87' lang='lat' dir='ltr'><strong>dum</strong></span> <span class='ocrx_word' id='word_1_648' title='bbox 3260 4023 3411 4077; x_wconf 82' lang='lat' dir='ltr'><strong>addit</strong></span> <span class='ocrx_word' id='word_1_649' title='bbox 3454 4039 3469 4077; x_wconf 87' lang='lat'><strong>:</strong></span> <span class='ocrx_word' id='word_1_650' title='bbox 3521 4021 3689 4076; x_wconf 84' lang='lat' dir='ltr'><strong>Eritis</strong></span> 
     </span>
    </p>
   </div>
   <div class='ocr_carea' id='block_1_88' title="bbox 2114 4115 3688 4184">
    <p class='ocr_par' dir='ltr' id='par_1_88' title="bbox 2114 4115 3688 4184">
     <span class='ocr_line' id='line_1_88' title="bbox 2114 4115 3688 4184; baseline -0.001 -13"><span class='ocrx_word' id='word_1_651' title='bbox 2114 4118 2251 4171; x_wconf 77' lang='lat' dir='ltr'><strong>sicut</strong></span> <span class='ocrx_word' id='word_1_652' title='bbox 2299 4118 2401 4183; x_wconf 84' lang='lat' dir='ltr'><strong>dii,</strong></span> <span class='ocrx_word' id='word_1_653' title='bbox 2453 4119 2703 4171; x_wconf 70' lang='lat' dir='ltr'><strong>maxima:</strong></span> <span class='ocrx_word' id='word_1_654' title='bbox 2746 4116 2911 4172; x_wconf 85' lang='lat' dir='ltr'><strong>etiam</strong></span> <span class='ocrx_word' id='word_1_655' title='bbox 2964 4115 3231 4171; x_wconf 86' lang='lat' dir='ltr'><strong>mercedis</strong></span> <span class='ocrx_word' id='word_1_656' title='bbox 3264 4130 3358 4184; x_wconf 85' lang='lat' dir='ltr'><strong>spe</strong></span> <span class='ocrx_word' id='word_1_657' title='bbox 3404 4116 3588 4179; x_wconf 88' lang='lat' dir='ltr'><strong>lactat,</strong></span> <span class='ocrx_word' id='word_1_658' title='bbox 3641 4115 3688 4169; x_wconf 87' lang='lat' dir='ltr'><strong>si</strong></span> 
     </span>
    </p>
   </div>
   <div class='ocr_carea' id='block_1_89' title="bbox 2118 4201 3693 4265">
    <p class='ocr_par' dir='ltr' id='par_1_89' title="bbox 2118 4201 3693 4265">
     <span class='ocr_line' id='line_1_89' title="bbox 2118 4201 3693 4265; baseline -0.001 -2"><span class='ocrx_word' id='word_1_659' title='bbox 2118 4221 2404 4265; x_wconf 81' lang='lat' dir='ltr'><strong>vescantur</strong></span> <span class='ocrx_word' id='word_1_660' title='bbox 2450 4201 2721 4265; x_wconf 80' lang='lat' dir='ltr'><strong>fructibus</strong></span> <span class='ocrx_word' id='word_1_661' title='bbox 2754 4227 2782 4262; x_wconf 89' lang='lat' dir='ltr'><strong>a</strong></span> <span class='ocrx_word' id='word_1_662' title='bbox 2818 4212 2925 4265; x_wconf 84' lang='lat' dir='ltr'><strong>Deo</strong></span> <span class='ocrx_word' id='word_1_663' title='bbox 2960 4208 3160 4264; x_wconf 87' lang='lat' dir='ltr'><strong>vetitis.</strong></span> <span class='ocrx_word' id='word_1_664' title='bbox 3197 4209 3291 4264; x_wconf 87' lang='lat' dir='ltr'><strong>Est</strong></span> <span class='ocrx_word' id='word_1_665' title='bbox 3324 4223 3449 4263; x_wconf 87' lang='lat' dir='ltr'><strong>vero</strong></span> <span class='ocrx_word' id='word_1_666' title='bbox 3496 4208 3693 4261; x_wconf 71' lang='lat' dir='ltr'><strong>existi-</strong></span> 
     </span>
    </p>
   </div>
   <div class='ocr_carea' id='block_1_90' title="bbox 2117 4302 3695 4373">
    <p class='ocr_par' dir='ltr' id='par_1_90' title="bbox 2117 4302 3695 4373">
     <span class='ocr_line' id='line_1_90' title="bbox 2117 4302 3695 4373; baseline -0.001 -14"><span class='ocrx_word' id='word_1_667' title='bbox 2117 4304 2373 4359; x_wconf 85' lang='lat' dir='ltr'><strong>mandum</strong></span> <span class='ocrx_word' id='word_1_668' title='bbox 2408 4302 2572 4358; x_wconf 77' lang='lat' dir='ltr'><strong>Evam</strong></span> <span class='ocrx_word' id='word_1_669' title='bbox 2606 4319 2780 4373; x_wconf 88' lang='lat' dir='ltr'><strong>neque</strong></span> <span class='ocrx_word' id='word_1_670' title='bbox 2821 4305 2895 4358; x_wconf 89' lang='lat' dir='ltr'><strong>ita</strong></span> <span class='ocrx_word' id='word_1_671' title='bbox 2924 4303 3202 4372; x_wconf 84' lang='lat' dir='ltr'><strong>accepisse</strong></span> <span class='ocrx_word' id='word_1_672' title='bbox 3230 4302 3392 4357; x_wconf 84' lang='lat' dir='ltr'><strong>verba</strong></span> <span class='ocrx_word' id='word_1_673' title='bbox 3427 4302 3695 4371; x_wconf 79' lang='lat' dir='ltr'><strong>serpentis</strong></span> 
     </span>
    </p>
   </div>
   <div class='ocr_carea' id='block_1_91' title="bbox 435 4387 3694 4469">
    <p class='ocr_par' dir='ltr' id='par_1_91' title="bbox 435 4387 3694 4469">
     <span class='ocr_line' id='line_1_91' title="bbox 435 4387 3694 4469; baseline 0.002 -31"><span class='ocrx_word' id='word_1_674' title='bbox 435 4388 668 4449; x_wconf 80' lang='lat' dir='ltr'><strong>riemiui,</strong></span> <span class='ocrx_word' id='word_1_675' title='bbox 686 4387 775 4441; x_wconf 81' lang='lat' dir='ltr'><strong>sed</strong></span> <span class='ocrx_word' id='word_1_676' title='bbox 799 4390 939 4442; x_wconf 79' lang='lat' dir='ltr'><strong>nouit</strong></span> <span class='ocrx_word' id='word_1_677' title='bbox 959 4388 1097 4443; x_wconf 83' lang='lat' dir='ltr'><strong>Deus</strong></span> <span class='ocrx_word' id='word_1_678' title='bbox 1114 4392 1252 4459; x_wconf 85' lang='lat' dir='ltr'><strong>quod</strong></span> <span class='ocrx_word' id='word_1_679' title='bbox 1270 4408 1370 4461; x_wconf 81' lang='lat' dir='ltr'><strong>quo</strong></span> <span class='ocrx_word' id='word_1_680' title='bbox 1387 4391 1470 4444; x_wconf 86' lang='lat' dir='ltr'><strong>die</strong></span> <span class='ocrx_word' id='word_1_681' title='bbox 1484 4394 1695 4445; x_wconf 78' lang='lat' dir='ltr'><strong>ederitis</strong></span> <span class='ocrx_word' id='word_1_682' title='bbox 1712 4393 1775 4446; x_wconf 84' lang='lat' dir='ltr'><strong>de</strong></span> <span class='ocrx_word' id='word_1_683' title='bbox 1788 4411 1870 4461; x_wconf 75' lang='lat' dir='ltr'><strong>ea,</strong></span> <span class='ocrx_word' id='word_1_684' title='bbox 1895 4411 2017 4464; x_wconf 84' lang='lat' dir='ltr'><strong>ape-</strong></span> <span class='ocrx_word' id='word_1_685' title='bbox 2053 4415 2094 4469; x_wconf 80' lang='grc' dir='ltr'>ο</span> <span class='ocrx_word' id='word_1_686' title='bbox 2123 4394 2241 4446; x_wconf 89' lang='lat' dir='ltr'><strong>sive</strong></span> <span class='ocrx_word' id='word_1_687' title='bbox 2268 4390 2497 4457; x_wconf 90' lang='lat' dir='ltr'><strong>diaboli,</strong></span> <span class='ocrx_word' id='word_1_688' title='bbox 2530 4401 2789 4461; x_wconf 89' lang='lat' dir='ltr'><strong>tanquam</strong></span> <span class='ocrx_word' id='word_1_689' title='bbox 2824 4406 2946 4462; x_wconf 82' lang='lat' dir='ltr'><strong>quae</strong></span> <span class='ocrx_word' id='word_1_690' title='bbox 2973 4391 3237 4462; x_wconf 90' lang='lat' dir='ltr'><strong>disputari</strong></span> <span class='ocrx_word' id='word_1_691' title='bbox 3269 4401 3489 4461; x_wconf 82' lang='lat' dir='ltr'><strong>possent</strong></span> <span class='ocrx_word' id='word_1_692' title='bbox 3512 4406 3527 4456; x_wconf 85' lang='lat'><strong>;</strong></span> <span class='ocrx_word' id='word_1_693' title='bbox 3556 4391 3694 4445; x_wconf 84' lang='lat' dir='ltr'><strong>alio-</strong></span> 
     </span>
    </p>
   </div>
   <div class='ocr_carea' id='block_1_92' title="bbox 438 4481 2017 4549">
    <p class='ocr_par' dir='ltr' id='par_1_92' title="bbox 438 4481 2017 4549">
     <span class='ocr_line' id='line_1_92' title="bbox 438 4481 2017 4549; baseline 0.004 -16"><span class='ocrx_word' id='word_1_694' title='bbox 438 4481 644 4534; x_wconf 81' lang='lat' dir='ltr'><strong>rientur</strong></span> <span class='ocrx_word' id='word_1_695' title='bbox 662 4481 801 4535; x_wconf 82' lang='lat' dir='ltr'><strong>oculi</strong></span> <span class='ocrx_word' id='word_1_696' title='bbox 827 4487 1009 4549; x_wconf 78' lang='lat' dir='ltr'><strong>uestri,</strong></span> <span class='ocrx_word' id='word_1_697' title='bbox 1044 4494 1094 4537; x_wconf 85' lang='lat' dir='ltr'><strong>et</strong></span> <span class='ocrx_word' id='word_1_698' title='bbox 1124 4486 1273 4539; x_wconf 84' lang='lat' dir='ltr'><strong>eritis</strong></span> <span class='ocrx_word' id='word_1_699' title='bbox 1299 4486 1434 4539; x_wconf 79' lang='lat' dir='ltr'><strong>sicut</strong></span> <span class='ocrx_word' id='word_1_700' title='bbox 1456 4486 1533 4540; x_wconf 70' lang='lat' dir='ltr'><strong>alii</strong></span> <span class='ocrx_word' id='word_1_701' title='bbox 1557 4488 1776 4541; x_wconf 72' lang='lat' dir='ltr'><strong>scientes</strong></span> <span class='ocrx_word' id='word_1_702' title='bbox 1816 4488 1936 4541; x_wconf 87' lang='lat' dir='ltr'><strong>boni</strong></span> <span class='ocrx_word' id='word_1_703' title='bbox 1968 4499 2017 4540; x_wconf 79' lang='lat' dir='ltr'><strong>et</strong></span> 
     </span>
    </p>
   </div>
   <div class='ocr_carea' id='block_1_93' title="bbox 440 4571 2024 4645">
    <p class='ocr_par' dir='ltr' id='par_1_93' title="bbox 440 4571 2024 4645">
     <span class='ocr_line' id='line_1_93' title="bbox 440 4571 2024 4645; baseline 0.004 -20"><span class='ocrx_word' id='word_1_704' title='bbox 440 4571 589 4626; x_wconf 83' lang='lat' dir='ltr'><strong>mali.</strong></span> <span class='ocrx_word' id='word_1_705' title='bbox 620 4573 753 4627; x_wconf 74' lang='lat' dir='ltr'><strong>Cum</strong></span> <span class='ocrx_word' id='word_1_706' title='bbox 790 4574 868 4627; x_wconf 90' lang='lat' dir='ltr'><strong>ait</strong></span> <span class='ocrx_word' id='word_1_707' title='bbox 906 4589 1161 4645; x_wconf 78' lang='lat' dir='ltr'><strong>serpens;</strong></span> <span class='ocrx_word' id='word_1_708' title='bbox 1183 4572 1305 4629; x_wconf 84' lang='lat' dir='ltr'><strong>Non</strong></span> <span class='ocrx_word' id='word_1_709' title='bbox 1332 4584 1494 4630; x_wconf 83' lang='lat' dir='ltr'><strong>morte</strong></span> <span class='ocrx_word' id='word_1_710' title='bbox 1524 4577 1839 4643; x_wconf 81' lang='lat' dir='ltr'><strong>moriemini,</strong></span> <span class='ocrx_word' id='word_1_711' title='bbox 1863 4580 2024 4632; x_wconf 81' lang='lat' dir='ltr'><strong>audet</strong></span> 
     </span>
    </p>
   </div>
   <div class='ocr_carea' id='block_1_94' title="bbox 443 4664 2024 4740">
    <p class='ocr_par' dir='ltr' id='par_1_94' title="bbox 443 4664 2024 4740">
     <span class='ocr_line' id='line_1_94' title="bbox 443 4664 2024 4740; baseline 0.004 -22"><span class='ocrx_word' id='word_1_712' title='bbox 443 4664 539 4719; x_wconf 87' lang='lat' dir='ltr'><strong>Dei</strong></span> <span class='ocrx_word' id='word_1_713' title='bbox 565 4667 791 4720; x_wconf 86' lang='lat' dir='ltr'><strong>verbum</strong></span> <span class='ocrx_word' id='word_1_714' title='bbox 825 4679 1203 4734; x_wconf 86' lang='lat' dir='ltr'><strong>contemnere,</strong></span> <span class='ocrx_word' id='word_1_715' title='bbox 1239 4668 1474 4739; x_wconf 83' lang='lat' dir='ltr'><strong>falsique</strong></span> <span class='ocrx_word' id='word_1_716' title='bbox 1504 4684 1735 4740; x_wconf 75' lang='lat' dir='ltr'><strong>arguere</strong></span> <span class='ocrx_word' id='word_1_717' title='bbox 1764 4686 1778 4723; x_wconf 89' lang='lat'><strong>:</strong></span> <span class='ocrx_word' id='word_1_718' title='bbox 1810 4669 2024 4725; x_wconf 83' lang='lat' dir='ltr'><strong>dixerat</strong></span> 
     </span>
    </p>
   </div>
   <div class='ocr_carea' id='block_1_95' title="bbox 440 4760 2014 4828">
    <p class='ocr_par' dir='ltr' id='par_1_95' title="bbox 440 4760 2014 4828">
     <span class='ocr_line' id='line_1_95' title="bbox 440 4760 2014 4828; baseline 0.003 -16"><span class='ocrx_word' id='word_1_719' title='bbox 440 4761 587 4813; x_wconf 89' lang='lat' dir='ltr'><strong>enim</strong></span> <span class='ocrx_word' id='word_1_720' title='bbox 621 4760 712 4815; x_wconf 86' lang='lat' dir='ltr'><strong>ille</strong></span> <span class='ocrx_word' id='word_1_721' title='bbox 742 4763 1039 4817; x_wconf 87' lang='lat' dir='ltr'><strong>morituros</strong></span> <span class='ocrx_word' id='word_1_722' title='bbox 1071 4764 1177 4818; x_wconf 90' lang='lat' dir='ltr'><strong>nisi</strong></span> <span class='ocrx_word' id='word_1_723' title='bbox 1214 4763 1284 4817; x_wconf 89' lang='lat' dir='ltr'><strong>ab</strong></span> <span class='ocrx_word' id='word_1_724' title='bbox 1316 4764 1405 4819; x_wconf 89' lang='lat' dir='ltr'><strong>illa</strong></span> <span class='ocrx_word' id='word_1_725' title='bbox 1434 4766 1630 4819; x_wconf 86' lang='lat' dir='ltr'><strong>arbore</strong></span> <span class='ocrx_word' id='word_1_726' title='bbox 1662 4765 2014 4828; x_wconf 85' lang='lat' dir='ltr'><strong>abstinerent,</strong></span> 
     </span>
    </p>
   </div>
   <div class='ocr_carea' id='block_1_96' title="bbox 440 4853 2019 4926">
    <p class='ocr_par' dir='ltr' id='par_1_96' title="bbox 440 4853 2019 4926">
     <span class='ocr_line' id='line_1_96' title="bbox 440 4853 2019 4926; baseline 0 -18"><span class='ocrx_word' id='word_1_727' title='bbox 440 4864 496 4909; x_wconf 86' lang='lat' dir='ltr'><strong>et</strong></span> <span class='ocrx_word' id='word_1_728' title='bbox 544 4854 707 4907; x_wconf 89' lang='lat' dir='ltr'><strong>simul</strong></span> <span class='ocrx_word' id='word_1_729' title='bbox 743 4853 1031 4910; x_wconf 86' lang='lat' dir='ltr'><strong>submovet</strong></span> <span class='ocrx_word' id='word_1_730' title='bbox 1082 4865 1286 4909; x_wconf 88' lang='lat' dir='ltr'><strong>metum</strong></span> <span class='ocrx_word' id='word_1_731' title='bbox 1326 4857 1523 4910; x_wconf 88' lang='lat' dir='ltr'><strong>mortis</strong></span> <span class='ocrx_word' id='word_1_732' title='bbox 1562 4870 1671 4924; x_wconf 91' lang='lat' dir='ltr'><strong>quo</strong></span> <span class='ocrx_word' id='word_1_733' title='bbox 1717 4857 1787 4909; x_wconf 90' lang='lat' dir='ltr'><strong>ab</strong></span> <span class='ocrx_word' id='word_1_734' title='bbox 1819 4869 1882 4909; x_wconf 88' lang='lat' dir='ltr'><strong>ea</strong></span> <span class='ocrx_word' id='word_1_735' title='bbox 1916 4871 2019 4926; x_wconf 75' lang='lat' dir='ltr'><strong>gu-</strong></span> 
     </span>
    </p>
   </div>
   <div class='ocr_carea' id='block_1_97' title="bbox 443 4944 2019 5017">
    <p class='ocr_par' dir='ltr' id='par_1_97' title="bbox 443 4944 2019 5017">
     <span class='ocr_line' id='line_1_97' title="bbox 443 4944 2019 5017; baseline 0.001 -18"><span class='ocrx_word' id='word_1_736' title='bbox 443 4948 633 4999; x_wconf 77' lang='lat' dir='ltr'><strong>stantla</strong></span> <span class='ocrx_word' id='word_1_737' title='bbox 665 4945 744 4999; x_wconf 93' lang='lat' dir='ltr'><strong>illi</strong></span> <span class='ocrx_word' id='word_1_738' title='bbox 781 4944 1152 5002; x_wconf 73' lang='lat' dir='ltr'><strong>altatiuebaut.</strong></span> <span class='ocrx_word' id='word_1_739' title='bbox 1205 4946 1416 5003; x_wconf 68' lang='lat' dir='ltr'><strong>Caetera</strong></span> <span class='ocrx_word' id='word_1_740' title='bbox 1466 4949 1628 5002; x_wconf 85' lang='lat' dir='ltr'><strong>verba</strong></span> <span class='ocrx_word' id='word_1_741' title='bbox 1660 4964 1726 5002; x_wconf 89' lang='lat' dir='ltr'><strong>eo</strong></span> <span class='ocrx_word' id='word_1_742' title='bbox 1755 4956 2019 5017; x_wconf 84' lang='lat' dir='ltr'><strong>spectant,</strong></span> 
     </span>
    </p>
   </div>
   <div class='ocr_carea' id='block_1_98' title="bbox 444 5039 2022 5114">
    <p class='ocr_par' dir='ltr' id='par_1_98' title="bbox 444 5039 2022 5114">
     <span class='ocr_line' id='line_1_98' title="bbox 444 5039 2022 5114; baseline 0.004 -21"><span class='ocrx_word' id='word_1_743' title='bbox 444 5047 505 5093; x_wconf 89' lang='lat' dir='ltr'><strong>ut</strong></span> <span class='ocrx_word' id='word_1_744' title='bbox 548 5039 873 5107; x_wconf 79' lang='lat' dir='ltr'><strong>persuadeat</strong></span> <span class='ocrx_word' id='word_1_745' title='bbox 922 5042 1090 5097; x_wconf 86' lang='lat' dir='ltr'><strong>Deum</strong></span> <span class='ocrx_word' id='word_1_746' title='bbox 1140 5058 1236 5114; x_wconf 87' lang='lat' dir='ltr'><strong>per</strong></span> <span class='ocrx_word' id='word_1_747' title='bbox 1272 5042 1537 5099; x_wconf 85' lang='lat' dir='ltr'><strong>invidiam</strong></span> <span class='ocrx_word' id='word_1_748' title='bbox 1568 5060 1630 5098; x_wconf 91' lang='lat' dir='ltr'><strong>ea</strong></span> <span class='ocrx_word' id='word_1_749' title='bbox 1682 5045 1790 5099; x_wconf 91' lang='lat' dir='ltr'><strong>illis</strong></span> <span class='ocrx_word' id='word_1_750' title='bbox 1827 5044 2022 5099; x_wconf 87' lang='lat' dir='ltr'><strong>arbore</strong></span> 
     </span>
    </p>
   </div>
   <div class='ocr_carea' id='block_1_99' title="bbox 447 5135 2021 5208">
    <p class='ocr_par' dir='ltr' id='par_1_99' title="bbox 447 5135 2021 5208">
     <span class='ocr_line' id='line_1_99' title="bbox 447 5135 2021 5208; baseline 0.001 -18"><span class='ocrx_word' id='word_1_751' title='bbox 447 5135 829 5205; x_wconf 80' lang='lat' dir='ltr'><strong>interdixisse;</strong></span> <span class='ocrx_word' id='word_1_752' title='bbox 861 5151 1053 5207; x_wconf 91' lang='lat' dir='ltr'><strong>nempe</strong></span> <span class='ocrx_word' id='word_1_753' title='bbox 1079 5151 1149 5193; x_wconf 90' lang='lat' dir='ltr'><strong>ne</strong></span> <span class='ocrx_word' id='word_1_754' title='bbox 1175 5137 1250 5194; x_wconf 87' lang='lat' dir='ltr'><strong>dii</strong></span> <span class='ocrx_word' id='word_1_755' title='bbox 1279 5137 1487 5205; x_wconf 87' lang='lat' dir='ltr'><strong>flerent,</strong></span> <span class='ocrx_word' id='word_1_756' title='bbox 1511 5137 1687 5207; x_wconf 90' lang='lat' dir='ltr'><strong>qualis</strong></span> <span class='ocrx_word' id='word_1_757' title='bbox 1715 5138 1829 5208; x_wconf 86' lang='lat' dir='ltr'><strong>ipse</strong></span> <span class='ocrx_word' id='word_1_758' title='bbox 1854 5144 2021 5193; x_wconf 91' lang='lat' dir='ltr'><strong>esset.</strong></span> 
     </span>
    </p>
   </div>
   <div class='ocr_carea' id='block_1_100' title="bbox 519 5314 1055 5384">
    <p class='ocr_par' dir='ltr' id='par_1_100' title="bbox 519 5314 1055 5384">
     <span class='ocr_line' id='line_1_100' title="bbox 519 5314 1055 5384; baseline 0.006 -15"><span class='ocrx_word' id='word_1_759' title='bbox 519 5317 564 5349; x_wconf 85' lang='grc'><strong><em>³³</em></strong></span> <span class='ocrx_word' id='word_1_760' title='bbox 600 5314 702 5371; x_wconf 74' lang='lat' dir='ltr'><strong>Job</strong></span> <span class='ocrx_word' id='word_1_761' title='bbox 750 5330 789 5383; x_wconf 90' lang='lat' dir='ltr'><strong>l,</strong></span> <span class='ocrx_word' id='word_1_762' title='bbox 833 5318 920 5384; x_wconf 76' lang='lat' dir='ltr'><strong>ii,</strong></span> <span class='ocrx_word' id='word_1_763' title='bbox 967 5317 1055 5373; x_wconf 80' lang='grc' dir='ltr'><strong>Η.</strong></span> 
     </span>
    </p>
   </div>
   <div class='ocr_carea' id='block_1_101' title="bbox 524 5474 2029 5545">
    <p class='ocr_par' dir='ltr' id='par_1_101' title="bbox 524 5474 2029 5545">
     <span class='ocr_line' id='line_1_101' title="bbox 524 5474 2029 5545; baseline 0.001 -16"><span class='ocrx_word' id='word_1_764' title='bbox 524 5476 637 5543; x_wconf 67' lang='grc'><strong>(21)</strong></span> <span class='ocrx_word' id='word_1_765' title='bbox 672 5474 937 5545; x_wconf 85' lang='lat' dir='ltr'><strong>Superius</strong></span> <span class='ocrx_word' id='word_1_766' title='bbox 966 5485 1157 5531; x_wconf 89' lang='lat' dir='ltr'><strong>auctor</strong></span> <span class='ocrx_word' id='word_1_767' title='bbox 1192 5476 1359 5530; x_wconf 84' lang='lat' dir='ltr'><strong>citat:</strong></span> <span class='ocrx_word' id='word_1_768' title='bbox 1390 5474 1472 5530; x_wconf 79' lang='lat' dir='ltr'><strong>Ne</strong></span> <span class='ocrx_word' id='word_1_769' title='bbox 1499 5478 1563 5532; x_wconf 82' lang='lat' dir='ltr'><strong>de</strong></span> <span class='ocrx_word' id='word_1_770' title='bbox 1597 5479 1837 5533; x_wconf 80' lang='lat' dir='ltr'><strong>omnibus</strong></span> <span class='ocrx_word' id='word_1_771' title='bbox 1874 5479 2029 5532; x_wconf 80' lang='lat' dir='ltr'><strong>arbo-</strong></span> 
     </span>
    </p>
   </div>
   <div class='ocr_carea' id='block_1_102' title="bbox 451 5547 2021 5671">
    <p class='ocr_par' dir='ltr' id='par_1_102' title="bbox 451 5547 2021 5671">
     <span class='ocr_line' id='line_1_102' title="bbox 451 5547 2021 5671; baseline 0.002 -72"><span class='ocrx_word' id='word_1_772' title='bbox 451 5548 597 5671; x_wconf 53' lang='grc' dir='ltr'><strong>ἷίὺιίε</strong></span> <span class='ocrx_word' id='word_1_773' title='bbox 626 5548 882 5614; x_wconf 81' lang='lat' dir='ltr'><strong>paradisi.</strong></span> <span class='ocrx_word' id='word_1_774' title='bbox 915 5559 1047 5613; x_wconf 91' lang='lat' dir='ltr'><strong>etc.,</strong></span> <span class='ocrx_word' id='word_1_775' title='bbox 1078 5562 1201 5603; x_wconf 89' lang='lat' dir='ltr'><strong>cum</strong></span> <span class='ocrx_word' id='word_1_776' title='bbox 1229 5547 1384 5617; x_wconf 79' lang='lat' dir='ltr'><strong>signo</strong></span> <span class='ocrx_word' id='word_1_777' title='bbox 1422 5548 1739 5613; x_wconf 85' lang='lat' dir='ltr'><strong>universali,</strong></span> <span class='ocrx_word' id='word_1_778' title='bbox 1778 5560 1834 5605; x_wconf 92' lang='lat' dir='ltr'><strong>ut</strong></span> <span class='ocrx_word' id='word_1_779' title='bbox 1858 5561 1939 5605; x_wconf 87' lang='lat' dir='ltr'><strong>est</strong></span> <span class='ocrx_word' id='word_1_780' title='bbox 1964 5549 2021 5603; x_wconf 92' lang='lat' dir='ltr'><strong>in</strong></span> 
     </span>
     <span class='ocr_line' id='line_1_103' title="bbox 503 5631 701 5670; baseline 0 -2"><span class='ocrx_word' id='word_1_781' title='bbox 503 5633 532 5668; x_wconf 91' lang='lat' dir='ltr'><strong>e</strong></span> <span class='ocrx_word' id='word_1_782' title='bbox 576 5631 701 5670; x_wconf 68' lang='lat' dir='ltr'><strong>meo.</strong></span> 
     </span>
    </p>
   </div>
   <div class='ocr_carea' id='block_1_103' title="bbox 503 5631 701 5670">
    <p class='ocr_par' dir='ltr' id='par_1_103' title="bbox 503 5631 701 5670">
     <span class='ocr_line' id='line_1_104' title="bbox 503 5631 701 5670; baseline 0 -2"><span class='ocrx_word' id='word_1_783' title='bbox 503 5631 701 5670; x_wconf 72' lang='lat' dir='ltr'><strong>Cbl‘lBO.</strong></span> 
     </span>
    </p>
   </div>
   <div class='ocr_carea' id='block_1_104' title="bbox 525 5685 2023 5762">
    <p class='ocr_par' dir='ltr' id='par_1_104' title="bbox 525 5685 2023 5762">
     <span class='ocr_line' id='line_1_105' title="bbox 525 5685 2023 5762; baseline 0.002 -22"><span class='ocrx_word' id='word_1_784' title='bbox 525 5686 638 5757; x_wconf 60' lang='grc' dir='ltr'><strong>(εἰ)</strong></span> <span class='ocrx_word' id='word_1_785' title='bbox 686 5686 940 5751; x_wconf 78' lang='lat' dir='ltr'><strong>Verbum,</strong></span> <span class='ocrx_word' id='word_1_786' title='bbox 979 5685 1073 5743; x_wconf 85' lang='lat' dir='ltr'><strong>Sat</strong></span> <span class='ocrx_word' id='word_1_787' title='bbox 1127 5686 1279 5757; x_wconf 79' lang='lat' dir='ltr'><strong>Syris</strong></span> <span class='ocrx_word' id='word_1_788' title='bbox 1325 5697 1380 5745; x_wconf 89' lang='lat' dir='ltr'><strong>et</strong></span> <span class='ocrx_word' id='word_1_789' title='bbox 1419 5688 1685 5747; x_wconf 83' lang='lat' dir='ltr'><strong>Chaldaeis</strong></span> <span class='ocrx_word' id='word_1_790' title='bbox 1733 5692 2023 5762; x_wconf 77' lang='lat' dir='ltr'><strong>signiﬁcat,</strong></span> 
     </span>
    </p>
   </div>
   <div class='ocr_carea' id='block_1_105' title="bbox 2124 4483 3693 4555">
    <p class='ocr_par' dir='ltr' id='par_1_105' title="bbox 2124 4483 3693 4555">
     <span class='ocr_line' id='line_1_106' title="bbox 2124 4483 3693 4555; baseline 0.001 -18"><span class='ocrx_word' id='word_1_791' title='bbox 2124 4485 2217 4555; x_wconf 90' lang='lat' dir='ltr'><strong>qui</strong></span> <span class='ocrx_word' id='word_1_792' title='bbox 2249 4485 2394 4538; x_wconf 89' lang='lat' dir='ltr'><strong>enim</strong></span> <span class='ocrx_word' id='word_1_793' title='bbox 2432 4483 2619 4537; x_wconf 86' lang='lat' dir='ltr'><strong>multis</strong></span> <span class='ocrx_word' id='word_1_794' title='bbox 2642 4484 2715 4537; x_wconf 83' lang='lat' dir='ltr'><strong>illi</strong></span> <span class='ocrx_word' id='word_1_795' title='bbox 2740 4485 2937 4548; x_wconf 89' lang='lat' dir='ltr'><strong>modis,</strong></span> <span class='ocrx_word' id='word_1_796' title='bbox 2960 4493 3055 4537; x_wconf 87' lang='lat' dir='ltr'><strong>aut</strong></span> <span class='ocrx_word' id='word_1_797' title='bbox 3086 4498 3197 4537; x_wconf 92' lang='lat' dir='ltr'><strong>uno</strong></span> <span class='ocrx_word' id='word_1_798' title='bbox 3218 4485 3409 4538; x_wconf 85' lang='lat' dir='ltr'><strong>saltem</strong></span> <span class='ocrx_word' id='word_1_799' title='bbox 3437 4484 3693 4553; x_wconf 87' lang='lat' dir='ltr'><strong>quopiam</strong></span> 
     </span>
    </p>
   </div>
   <div class='ocr_carea' id='block_1_106' title="bbox 2130 4576 3691 4647">
    <p class='ocr_par' dir='ltr' id='par_1_106' title="bbox 2130 4576 3691 4647">
     <span class='ocr_line' id='line_1_107' title="bbox 2130 4576 3691 4647; baseline -0.002 -15"><span class='ocrx_word' id='word_1_800' title='bbox 2130 4578 2573 4647; x_wconf 84' lang='lat' dir='ltr'><strong>respondissent;</strong></span> <span class='ocrx_word' id='word_1_801' title='bbox 2605 4592 2780 4646; x_wconf 88' lang='lat' dir='ltr'><strong>neque</strong></span> <span class='ocrx_word' id='word_1_802' title='bbox 2808 4592 2999 4633; x_wconf 75' lang='lat' dir='ltr'><strong>rursus</strong></span> <span class='ocrx_word' id='word_1_803' title='bbox 3021 4592 3119 4632; x_wconf 90' lang='lat' dir='ltr'><strong>ceu</strong></span> <span class='ocrx_word' id='word_1_804' title='bbox 3145 4576 3310 4631; x_wconf 86' lang='lat' dir='ltr'><strong>dubia</strong></span> <span class='ocrx_word' id='word_1_805' title='bbox 3335 4586 3389 4629; x_wconf 88' lang='lat' dir='ltr'><strong>et</strong></span> <span class='ocrx_word' id='word_1_806' title='bbox 3416 4578 3691 4646; x_wconf 70' lang='lat' dir='ltr'><strong>atiibigua,</strong></span> 
     </span>
    </p>
   </div>
   <div class='ocr_carea' id='block_1_107' title="bbox 2128 4669 3697 4739">
    <p class='ocr_par' dir='ltr' id='par_1_107' title="bbox 2128 4669 3697 4739">
     <span class='ocr_line' id='line_1_108' title="bbox 2128 4669 3697 4739; baseline 0.001 -16"><span class='ocrx_word' id='word_1_807' title='bbox 2128 4684 2252 4723; x_wconf 87' lang='lat' dir='ltr'><strong>nam</strong></span> <span class='ocrx_word' id='word_1_808' title='bbox 2284 4670 2356 4722; x_wconf 85' lang='lat' dir='ltr'><strong>ita</strong></span> <span class='ocrx_word' id='word_1_809' title='bbox 2395 4683 2612 4739; x_wconf 86' lang='lat' dir='ltr'><strong>quoque</strong></span> <span class='ocrx_word' id='word_1_810' title='bbox 2640 4684 2747 4723; x_wconf 90' lang='lat' dir='ltr'><strong>non</strong></span> <span class='ocrx_word' id='word_1_811' title='bbox 2776 4669 3040 4725; x_wconf 86' lang='lat' dir='ltr'><strong>defuisset</strong></span> <span class='ocrx_word' id='word_1_812' title='bbox 3071 4669 3173 4738; x_wconf 91' lang='lat' dir='ltr'><strong>ipsi</strong></span> <span class='ocrx_word' id='word_1_813' title='bbox 3208 4671 3351 4739; x_wconf 90' lang='lat' dir='ltr'><strong>quod</strong></span> <span class='ocrx_word' id='word_1_814' title='bbox 3396 4680 3584 4723; x_wconf 89' lang='lat' dir='ltr'><strong>contra</strong></span> <span class='ocrx_word' id='word_1_815' title='bbox 3614 4671 3697 4724; x_wconf 86' lang='lat' dir='ltr'><strong>di-</strong></span> 
     </span>
    </p>
   </div>
   <div class='ocr_carea' id='block_1_108' title="bbox 2125 4757 3696 4831">
    <p class='ocr_par' dir='ltr' id='par_1_108' title="bbox 2125 4757 3696 4831">
     <span class='ocr_line' id='line_1_109' title="bbox 2125 4757 3696 4831; baseline 0.001 -16"><span class='ocrx_word' id='word_1_816' title='bbox 2125 4770 2307 4827; x_wconf 84' lang='lat' dir='ltr'><strong>ceret;</strong></span> <span class='ocrx_word' id='word_1_817' title='bbox 2346 4762 2610 4830; x_wconf 85' lang='lat' dir='ltr'><strong>potuissct</strong></span> <span class='ocrx_word' id='word_1_818' title='bbox 2642 4761 2787 4814; x_wconf 89' lang='lat' dir='ltr'><strong>enim</strong></span> <span class='ocrx_word' id='word_1_819' title='bbox 2838 4762 3168 4831; x_wconf 82' lang='lat' dir='ltr'><strong>respondere</strong></span> <span class='ocrx_word' id='word_1_820' title='bbox 3215 4778 3230 4815; x_wconf 86' lang='lat'><strong>:</strong></span> <span class='ocrx_word' id='word_1_821' title='bbox 3281 4757 3432 4815; x_wconf 87' lang='lat' dir='ltr'><strong>Unde</strong></span> <span class='ocrx_word' id='word_1_822' title='bbox 3464 4769 3521 4815; x_wconf 91' lang='lat' dir='ltr'><strong>tu</strong></span> <span class='ocrx_word' id='word_1_823' title='bbox 3553 4763 3696 4817; x_wconf 89' lang='lat' dir='ltr'><strong>nosti</strong></span> 
     </span>
    </p>
   </div>
   <div class='ocr_carea' id='block_1_109' title="bbox 2127 4852 3699 4927">
    <p class='ocr_par' dir='ltr' id='par_1_109' title="bbox 2127 4852 3699 4927">
     <span class='ocr_line' id='line_1_110' title="bbox 2127 4852 3699 4927; baseline 0.002 -19"><span class='ocrx_word' id='word_1_824' title='bbox 2127 4854 2232 4908; x_wconf 85' lang='lat' dir='ltr'><strong>hoc</strong></span> <span class='ocrx_word' id='word_1_825' title='bbox 2259 4852 2617 4924; x_wconf 84' lang='lat' dir='ltr'><strong>mysterium?</strong></span> <span class='ocrx_word' id='word_1_826' title='bbox 2650 4853 2794 4907; x_wconf 85' lang='lat' dir='ltr'><strong>Sane</strong></span> <span class='ocrx_word' id='word_1_827' title='bbox 2825 4855 2916 4921; x_wconf 89' lang='lat' dir='ltr'><strong>qui</strong></span> <span class='ocrx_word' id='word_1_828' title='bbox 2943 4855 3193 4907; x_wconf 87' lang='lat' dir='ltr'><strong>arborem</strong></span> <span class='ocrx_word' id='word_1_829' title='bbox 3224 4856 3491 4919; x_wconf 78' lang='lat' dir='ltr'><strong>conserit,</strong></span> <span class='ocrx_word' id='word_1_830' title='bbox 3525 4855 3699 4927; x_wconf 80' lang='lat' dir='ltr'><strong>major</strong></span> 
     </span>
    </p>
   </div>
   <div class='ocr_carea' id='block_1_110' title="bbox 2129 4946 3698 5017">
    <p class='ocr_par' dir='ltr' id='par_1_110' title="bbox 2129 4946 3698 5017">
     <span class='ocr_line' id='line_1_111' title="bbox 2129 4946 3698 5017; baseline 0.001 -15"><span class='ocrx_word' id='word_1_831' title='bbox 2129 4956 2180 5003; x_wconf 93' lang='lat' dir='ltr'><strong>te</strong></span> <span class='ocrx_word' id='word_1_832' title='bbox 2208 4956 2311 5003; x_wconf 87' lang='lat' dir='ltr'><strong>est.</strong></span> <span class='ocrx_word' id='word_1_833' title='bbox 2345 4947 2634 5012; x_wconf 66' lang='lat' dir='ltr'><strong>Praeterea,</strong></span> <span class='ocrx_word' id='word_1_834' title='bbox 2669 4947 2799 5016; x_wconf 85' lang='lat' dir='ltr'><strong>quid</strong></span> <span class='ocrx_word' id='word_1_835' title='bbox 2834 4948 2936 5002; x_wconf 91' lang='lat' dir='ltr'><strong>sibi</strong></span> <span class='ocrx_word' id='word_1_836' title='bbox 2982 4946 3097 5001; x_wconf 89' lang='lat' dir='ltr'><strong>vult</strong></span> <span class='ocrx_word' id='word_1_837' title='bbox 3140 4950 3287 5017; x_wconf 88' lang='lat' dir='ltr'><strong>quod</strong></span> <span class='ocrx_word' id='word_1_838' title='bbox 3320 4963 3470 5004; x_wconf 88' lang='lat' dir='ltr'><strong>meos</strong></span> <span class='ocrx_word' id='word_1_839' title='bbox 3511 4951 3698 5005; x_wconf 80' lang='lat' dir='ltr'><strong>oculos</strong></span> 
     </span>
    </p>
   </div>
   <div class='ocr_carea' id='block_1_111' title="bbox 2130 5040 3701 5112">
    <p class='ocr_par' dir='ltr' id='par_1_111' title="bbox 2130 5040 3701 5112">
     <span class='ocr_line' id='line_1_112' title="bbox 2130 5040 3701 5112; baseline 0.003 -17"><span class='ocrx_word' id='word_1_840' title='bbox 2130 5049 2381 5112; x_wconf 87' lang='lat' dir='ltr'><strong>apertum</strong></span> <span class='ocrx_word' id='word_1_841' title='bbox 2418 5041 2483 5095; x_wconf 92' lang='lat' dir='ltr'><strong>iri</strong></span> <span class='ocrx_word' id='word_1_842' title='bbox 2516 5040 2597 5095; x_wconf 83' lang='lat' dir='ltr'><strong>ais</strong></span> <span class='ocrx_word' id='word_1_843' title='bbox 2628 5050 2845 5112; x_wconf 74' lang='lat' dir='ltr'><strong>gustato</strong></span> <span class='ocrx_word' id='word_1_844' title='bbox 2878 5040 3078 5105; x_wconf 87' lang='lat' dir='ltr'><strong>fructu,</strong></span> <span class='ocrx_word' id='word_1_845' title='bbox 3112 5041 3328 5111; x_wconf 89' lang='lat' dir='ltr'><strong>quando</strong></span> <span class='ocrx_word' id='word_1_846' title='bbox 3358 5043 3519 5096; x_wconf 85' lang='lat' dir='ltr'><strong>etiam</strong></span> <span class='ocrx_word' id='word_1_847' title='bbox 3555 5060 3701 5099; x_wconf 89' lang='lat' dir='ltr'><strong>nunc</strong></span> 
     </span>
    </p>
   </div>
   <div class='ocr_carea' id='block_1_112' title="bbox 2132 5132 3698 5206">
    <p class='ocr_par' dir='ltr' id='par_1_112' title="bbox 2132 5132 3698 5206">
     <span class='ocr_line' id='line_1_113' title="bbox 2132 5132 3698 5206; baseline 0.001 -17"><span class='ocrx_word' id='word_1_848' title='bbox 2132 5150 2308 5206; x_wconf 87' lang='lat' dir='ltr'><strong>neque</strong></span> <span class='ocrx_word' id='word_1_849' title='bbox 2338 5134 2588 5205; x_wconf 88' lang='lat' dir='ltr'><strong>lippiunt,</strong></span> <span class='ocrx_word' id='word_1_850' title='bbox 2621 5148 2793 5205; x_wconf 89' lang='lat' dir='ltr'><strong>neque</strong></span> <span class='ocrx_word' id='word_1_851' title='bbox 2824 5135 2991 5190; x_wconf 84' lang='lat' dir='ltr'><strong>clausi</strong></span> <span class='ocrx_word' id='word_1_852' title='bbox 3025 5138 3193 5190; x_wconf 88' lang='lat' dir='ltr'><strong>sunt?</strong></span> <span class='ocrx_word' id='word_1_853' title='bbox 3228 5132 3360 5188; x_wconf 86' lang='lat' dir='ltr'><strong>Nam</strong></span> <span class='ocrx_word' id='word_1_854' title='bbox 3396 5134 3500 5190; x_wconf 74' lang='lat' dir='ltr'><strong>uisi</strong></span> <span class='ocrx_word' id='word_1_855' title='bbox 3530 5138 3698 5203; x_wconf 85' lang='lat' dir='ltr'><strong>aperti</strong></span> 
     </span>
    </p>
   </div>
   <div class='ocr_carea' id='block_1_113' title="bbox 2141 5474 3702 5544">
    <p class='ocr_par' dir='ltr' id='par_1_113' title="bbox 2141 5474 3702 5544">
     <span class='ocr_line' id='line_1_114' title="bbox 2141 5474 3702 5544; baseline -0.002 -11"><span class='ocrx_word' id='word_1_856' title='bbox 2141 5478 2396 5543; x_wconf 80' lang='lat' dir='ltr'><strong>recedere,</strong></span> <span class='ocrx_word' id='word_1_857' title='bbox 2429 5475 2718 5544; x_wconf 74' lang='lat' dir='ltr'><strong>deﬂectere,</strong></span> <span class='ocrx_word' id='word_1_858' title='bbox 2769 5474 2912 5530; x_wconf 87' lang='lat' dir='ltr'><strong>unde</strong></span> <span class='ocrx_word' id='word_1_859' title='bbox 2964 5475 3051 5529; x_wconf 90' lang='lat' dir='ltr'><strong>hic</strong></span> <span class='ocrx_word' id='word_1_860' title='bbox 3092 5474 3310 5539; x_wconf 79' lang='lat' dir='ltr'><strong>deducit</strong></span> <span class='ocrx_word' id='word_1_861' title='bbox 3364 5474 3577 5531; x_wconf 66' lang='lat' dir='ltr'><strong>Satanae</strong></span> <span class='ocrx_word' id='word_1_862' title='bbox 3609 5492 3702 5530; x_wconf 84' lang='lat' dir='ltr'><strong>no-</strong></span> 
     </span>
    </p>
   </div>
   <div class='ocr_carea' id='block_1_114' title="bbox 2132 5544 3704 5615">
    <p class='ocr_par' dir='ltr' id='par_1_114' title="bbox 2132 5544 3704 5615">
     <span class='ocr_line' id='line_1_115' title="bbox 2132 5544 3704 5615; baseline -0.003 -10"><span class='ocrx_word' id='word_1_863' title='bbox 2132 5565 2281 5611; x_wconf 86' lang='lat' dir='ltr'><strong>men,</strong></span> <span class='ocrx_word' id='word_1_864' title='bbox 2341 5548 2485 5615; x_wconf 90' lang='lat' dir='ltr'><strong>quod</strong></span> <span class='ocrx_word' id='word_1_865' title='bbox 2535 5550 2720 5603; x_wconf 87' lang='lat' dir='ltr'><strong>verius</strong></span> <span class='ocrx_word' id='word_1_866' title='bbox 2758 5550 2827 5601; x_wconf 88' lang='lat' dir='ltr'><strong>ab</strong></span> <span class='ocrx_word' id='word_1_867' title='bbox 2860 5546 3087 5601; x_wconf 62' lang='lat' dir='ltr'><strong>Hebraeo</strong></span> <span class='ocrx_word' id='word_1_868' title='bbox 3134 5544 3301 5600; x_wconf 85' lang='lat' dir='ltr'><strong>Satan</strong></span> <span class='ocrx_word' id='word_1_869' title='bbox 3348 5548 3513 5602; x_wconf 81' lang='lat' dir='ltr'><strong>venit.</strong></span> <span class='ocrx_word' id='word_1_870' title='bbox 3562 5547 3704 5603; x_wconf 82' lang='lat' dir='ltr'><strong>Sane</strong></span> 
     </span>
    </p>
   </div>
   <div class='ocr_carea' id='block_1_115' title="bbox 2133 5616 3702 5742">
    <p class='ocr_par' dir='ltr' id='par_1_115' title="bbox 2133 5616 3702 5742">
     <span class='ocr_line' id='line_1_116' title="bbox 2133 5616 3702 5742; baseline 0.003 -75"><span class='ocrx_word' id='word_1_871' title='bbox 2133 5616 2656 5742; x_wconf 55' lang='grc' dir='ltr'><strong>ἓγιὲ,λίέε1ιαισαιίο,</strong></span> <span class='ocrx_word' id='word_1_872' title='bbox 2687 5618 2877 5675; x_wconf 87' lang='lat' dir='ltr'><strong>eodem</strong></span> <span class='ocrx_word' id='word_1_873' title='bbox 2908 5628 3090 5695; x_wconf 73' lang='lat' dir='ltr'><strong>etymg</strong></span> <span class='ocrx_word' id='word_1_874' title='bbox 3122 5625 3321 5685; x_wconf 79' lang='lat' dir='ltr'><strong>vocant</strong></span> <span class='ocrx_word' id='word_1_875' title='bbox 3346 5632 3458 5687; x_wconf 87' lang='lat' dir='ltr'><strong>quo</strong></span> <span class='ocrx_word' id='word_1_876' title='bbox 3504 5616 3702 5686; x_wconf 60' lang='grc' dir='ltr'><strong>ϐῖκοι,</strong></span> 
     </span>
     <span class='ocr_line' id='line_1_117' title="bbox 2171 5706 2401 5742; baseline -0.004 -1"><span class='ocrx_word' id='word_1_877' title='bbox 2171 5707 2220 5742; x_wconf 72' lang='grc' dir='ltr'>ια</span> <span class='ocrx_word' id='word_1_878' title='bbox 2262 5707 2287 5741; x_wconf 76' lang='lat' dir='ltr'><strong>&#39;J</strong></span> <span class='ocrx_word' id='word_1_879' title='bbox 2353 5706 2401 5741; x_wconf 79' lang='grc' dir='ltr'><strong>ν.</strong></span> 
     </span>
    </p>
   </div>
  </div>
