4082 6160
266 341 370 405 553

1396 341 1494 401 DE
1541 332 1941 401 PARADISO.
1984 356 2055 373 *-
2092 330 2291 392 PARS
2325 331 2374 391 Ι.

3412 328 3517 390 554

267 462 474 513 essent,
507 451 600 520 qui
641 466 853 521 possem
889 467 987 520 ego
1024 460 1072 504 te
1112 450 1380 520 aspicere,
1432 459 1849 517 stirpi-memque
1876 444 1921 503 Δ
1951 440 2204 511 simplicit
2237 455 2265 493 r
2297 437 2489 494 intuita
2530 438 2703 507 ipsam
2751 438 2963 503 fuerat;
3014 447 3066 491 ιιι
3102 449 3452 510 postca-piam
3484 456 3516 493 ο

265 553 322 598 te
367 561 661 611 :‘gttoseere
697 560 710 595 :
749 553 862 598 tum
904 542 1063 605 illud,
1102 541 1249 609 quod
1284 541 1408 596 Itoni
1459 540 1693 609 malique
1744 554 1838 608 per

270 636 403 689 ritus
448 634 563 689 fore
597 650 695 691 nos
739 649 1046 698 assevct-as,
1083 633 1187 688 nisi
1233 647 1335 701 ego
1366 632 1479 703 jam
1530 647 1674 684 nunc
1713 630 1842 699 quid

268 728 474 783 bonum
522 738 578 782 et
607 729 738 797 quid
777 729 980 781 malum
1009 728 1082 784 sit
1130 727 1421 798 intelligam
1447 765 1462 789 ,
1498 725 1591 795 qui
1642 723 1845 794 possint

268 824 409 875 scire
436 821 725 876 consilium
761 831 914 875 tuum
945 834 1066 875 esse
1094 819 1352 891 probum.
1385 827 1477 872 aut
1506 817 1845 872 divinitatem

268 913 468 968 bonam
490 953 507 978 ,
543 924 771 969 mortem
801 929 926 967 vero
961 912 1205 968 malam?
1238 911 1317 967 Ad
1353 911 1491 975 haec,
1522 910 1651 964 illud
1682 910 1845 964 etiam

270 1005 515 1075 ohjiccre
544 1005 810 1076 quivisset
842 1021 858 1061 :
893 1003 950 1058 Si
988 1019 1112 1058 vera
1145 1018 1359 1067 narras,
1390 1002 1478 1056 abi
1511 1009 1593 1065 tu,
1618 1010 1673 1055 ct
1702 1001 1850 1071 prior

269 1099 425 1152 aufer
462 1100 531 1154 de
561 1099 754 1153 arbore
803 1098 889 1152 illa
923 1112 987 1152 ac
1020 1110 1260 1163 vescere,
1290 1109 1347 1149 ut
1394 1096 1711 1163 aperiantur
1748 1092 1846 1145 tibi

268 1191 414 1244 oeuli
453 1192 660 1260 liasqne
698 1193 833 1243 deus
860 1188 1041 1244 sciens
1072 1187 1196 1242 lloni
1227 1197 1280 1241 ct
1322 1186 1475 1251 ntali,
1508 1195 1620 1239 tum
1652 1181 1849 1237 deinde

268 1299 371 1354 ego
395 1298 613 1354 quoque
640 1282 905 1337 accedens
950 1296 1160 1337 vescar.
1195 1283 1258 1335 At
1304 1294 1431 1334 cum
1474 1280 1666 1334 horum
1716 1276 1847 1331 nihil

273 1378 349 1432 illi
378 1376 742 1448 responderit,
772 1377 906 1433 satis
933 1376 1191 1446 colligere
1221 1386 1326 1439 est,
1363 1390 1538 1443 neque
1570 1382 1627 1427 ιιι
1657 1371 1846 1440 dispu-

273 1472 459 1525 tabilia
512 1483 693 1539 neque
720 1477 781 1523 ut
830 1470 1035 1524 incerta
1086 1467 1357 1537 serpentis
1408 1466 1570 1520 verba
1621 1466 1691 1519 ab
1741 1464 1847 1516 lira

270 1579 395 1619 esse
440 1574 659 1631 accepta
716 1579 731 1617 :
780 1575 956 1632 ueqne
1002 1564 1145 1615 cnim
1197 1577 1306 1631 pne
1346 1560 1703 1631 imprudentia
1757 1570 1851 1613 aut

271 1654 523 1721 infantia,
558 1654 671 1707 bare
720 1653 925 1720 tacuit;
973 1654 1173 1723 quippe
1206 1668 1325 1723 qua:
1358 1654 1569 1707 ratione
1609 1654 1846 1720 pruden-

270 1748 456 1818 tiaque
504 1750 555 1801 in
591 1746 711 1817 ipso
745 1761 846 1802 suo
879 1756 1001 1799 ortu
1043 1745 1268 1817 pra-dita
1316 1744 1514 1811 fuerat,
1560 1756 1612 1799 et
1664 1746 1706 1798 si
1749 1762 1843 1813 pa-

1946 546 2198 602 serpente
2228 533 2453 601 decepta
2502 543 2605 598 est,
2638 544 2797 600 atque
2827 534 2891 585 ad
2928 533 3083 587 fidem
3132 533 3296 603 hujus
3341 538 3519 589 verbis

1947 628 2032 680 hal
2053 626 2248 679 endam
2283 625 2528 681 inducta.
2557 633 2674 679 tttm
2702 627 2922 679 demum
2956 626 3088 681 vidit
3114 627 3367 683 arborem
3397 645 3520 683 esse

1944 720 2229 791 pulchram
2269 718 2339 774 ad
2386 719 2738 781 vescendum,
2774 729 2829 774 ct
2867 729 3111 789 spei-tatu
3145 722 3519 791 espt'tiltilem.

1946 814 2148 883 quippe
2182 811 2544 867 immoderato
2585 811 2964 883 dissolutoque
3002 816 3242 884 appetitu
3273 828 3404 871 tunc
3435 832 3521 871 ar-

1947 906 2135 961 borem
2186 914 2509 975 aspexerat;
2558 905 2699 961 solet
2747 908 2896 961 enim
2952 893 3324 976 hujuscetnofi
3371 916 3516 983 cupi-

1946 999 2091 1054 dinis
2127 999 2536 1067 immndcratio,
2564 1000 2608 1055 si
2644 999 2869 1071 quando
2914 1002 3159 1057 animum
3210 1004 3430 1069 invasit,
3460 1019 3526 1061 ra

1950 1094 2002 1145 in
2037 1106 2157 1161 qua:
2193 1091 2517 1155 intenditur,
2570 1093 2818 1148 omnium
2857 1094 3225 1164 pulcherrima
3261 1100 3528 1167 gravissi-

1951 1200 2148 1255 tuaque
2201 1185 2447 1248 ducere;
2505 1186 2667 1242 sicuti
2731 1188 2952 1244 evenire
3014 1190 3265 1246 videmus
3318 1191 3386 1247 iis
3434 1196 3528 1263 qui

1952 1278 2199 1349 improbo
2249 1278 2468 1335 fetnina
2518 1279 2755 1349 alicujus
2812 1295 3003 1337 amore
3052 1282 3411 1352 detinentur;
3464 1300 3531 1341 ea

1948 1375 2114 1437 enim,
2137 1374 2302 1428 etiam
2327 1374 2374 1430 si
2399 1388 2539 1443 cepe
2561 1375 2632 1429 sit
2659 1372 2960 1433 foedissima
2991 1376 3527 1450 deformissimaqtte.

1952 1475 2134 1523 tamen
2166 1467 2303 1522 bene
2348 1468 2579 1539 pulchra
2616 1485 2680 1523 ac
2727 1480 2957 1527 venusta
3005 1471 3058 1526 in
3106 1471 3324 1529 illorunt
3357 1476 3531 1530 oculis

1952 1561 2203 1627 habetur,
2237 1562 2377 1616 adeo
2426 1570 2487 1616 ut
2530 1560 2745 1617 illorum
2799 1563 3019 1619 cteeitas
3060 1564 3129 1620 iis
3172 1564 3247 1621 sit
3290 1568 3531 1623 ostentui

1951 1654 2044 1722 qui
2072 1652 2139 1708 ab
2167 1669 2229 1708 ea
2261 1654 2607 1725 permotione
2646 1654 2812 1709 animi
2858 1656 3124 1712 adversus
3175 1658 3323 1713 illam
3374 1658 3531 1716 fetui-

1956 1761 2078 1800 nam
2112 1746 2268 1801 vacui
2301 1757 2450 1803 sunt.
2502 1746 2675 1817 Igitur
2708 1748 2835 1817 quia
2876 1750 3119 1815 mulieri,
3148 1752 3347 1821 cupido
3391 1753 3534 1807 illius

274 1858 497 1911 rutnper
523 1842 789 1896 adversus
819 1841 969 1895 illum
999 1849 1380 1910 argnmentata
1412 1838 1627 1901 luisset,
1653 1838 1846 1892 victrix
1882 1825 1926 1884 Β
1955 1839 2166 1892 arboris
2205 1854 2299 1908 per
2333 1840 2603 1908 serpentis
2636 1837 2882 1894 fraudem
2912 1841 3026 1911 jam
3058 1841 3255 1913 injecta
3289 1855 3430 1915 erat,
3462 1846 3535 1899 ait

268 1937 536 1991 evasisset
569 1954 583 1990 :
615 1935 713 1992 sed
748 1936 818 1990 ita
847 1935 996 1990 illius
1044 1934 1206 1989 verba
1258 1932 1553 2002 accepisse,
1587 1944 1844 2001 tanqtmn

269 2046 393 2099 qua:
431 2030 619 2101 procul
651 2030 820 2086 dubio
850 2046 974 2083 vera
1024 2040 1227 2084 essent.
1259 2026 1396 2082 Nam
1445 2042 1540 2096 per
1588 2028 1849 2081 damonis

272 2124 570 2194 nequitiam
622 2124 784 2179 simul
814 2138 938 2180 cum
985 2122 1092 2176 illis
1123 2121 1302 2175 verbis
1348 2138 1362 2175 :
1409 2118 1475 2173 Et
1523 2120 1668 2173 eritis
1714 2121 1849 2171 εἱς-ιιι

274 2222 369 2280 dii,
400 2218 659 2288 injectum
691 2228 774 2273 cst
803 2218 902 2287 ipsi
933 2216 1267 2271 desiderium
1303 2214 1516 2268 arboris
1548 2215 1846 2283 gustandm,

274 2312 611 2375 incensaque
661 2320 742 2366 est
793 2308 1045 2378 cupidine
1110 2306 1440 2361 divinitatis.
1502 2305 1652 2358 Solet
1702 2306 1847 2357 cuitu

274 2414 583 2473 paccatum,
639 2411 872 2456 mcutcnt
904 2414 1094 2455 comm
1125 2398 1220 2470 qui
1249 2398 1369 2468 ejus
1414 2406 1543 2451 sunt
1592 2396 1849 2460 studiosi,

277 2495 551 2563 captivam
592 2492 694 2546 silli
736 2491 1075 2560 mancipare.

348 2586 415 2641 ι).
474 2585 667 2641 Πατὶω
698 2596 748 2639 ct
802 2584 926 2640 Eia:
964 2586 1310 2655 comparatio.
1344 2614 1415 2625 -——
1448 2585 1530 2638 Tu
1581 2600 1729 2647 vero,
1773 2585 1850 2639 ie-

276 2688 412 2741 ctnr,
464 2677 552 2733 hic
589 2676 721 2731 mihi
770 2674 993 2730 Mariam
1044 2676 1185 2745 apud
1234 2688 1384 2731 tuum
1423 2676 1667 2729 animum
1718 2690 1852 2729 con-

278 2771 488 2827 trudito
538 2768 815 2841 paulisper
866 2783 991 2824 cum
1032 2768 1178 2835 Eva;
1235 2777 1397 2840 atque
1448 2770 1596 2823 illius
1630 2768 1853 2838 quidem

279 2862 676 2929 fortitudinem,
726 2862 889 2933 hujus
938 2879 1067 2917 vero
1116 2865 1420 2919 socordiam
1470 2877 1533 2916 ac
1585 2862 1850 2931 ignaviam

279 2958 722 3012 animadvertito.
756 2956 926 3013 Maria
955 2957 1101 3011 enim
1128 2972 1251 3028 qua:
1282 2956 1583 3025 srcpissimc
1608 2954 1855 3009 audierat

278 3052 608 3123 promissum
654 3068 779 3110 esse
818 3068 848 3108 a
895 3052 1003 3108 Deo
1032 3052 1295 3123 patribus.
1328 3051 1663 3105 nasciturum
1694 3048 1857 3104 Cbri~

278 3157 446 3207 stum.
480 3161 655 3216 neque
697 3145 984 3218 ignorabat
1017 3160 1141 3216 qua:
1177 3145 1244 3199 de
1291 3160 1356 3199 ea
1396 3159 1454 3199 re
1499 3151 1679 3197 essent
1718 3143 1854 3197 vatio
1877 3182 1925 3249 ϐ
1960 3152 2178 3206 domum
2213 3166 2313 3220 pro
2346 3150 2501 3205 valde
2538 3149 2683 3205 [mlta
2735 3150 2965 3220 diraque
3004 3150 3265 3209 Ιιιιιιήεικ

278 3238 447 3293 ciuati
488 3240 783 3309 prophetat,
814 3254 940 3294 cum
989 3240 1111 3308 ejus
1150 3238 1326 3293 nuntii
1360 3238 1529 3307 gratia
1580 3239 1646 3292 ad
1683 3237 1852 3305 ipsam

278 3332 518 3387 venisset
546 3333 773 3401 angelus
805 3333 985 3402 specie
1014 3334 1273 3398 humana,
1308 3332 1647 3401 dixissetque
1674 3349 1690 3385 :
1719 3329 1859 3386 Cons

278 3426 440 3491 cipies
486 3434 538 3478 et
587 3426 762 3492 paries
796 3425 876 3487 ";
920 3440 1261 3494 nequaquam
1300 3424 1478 3479 subito
1515 3426 1671 3477 tidem
1714 3424 1859 3476 illius

280 3516 467 3573 verbis
502 3517 772 3581 adbibit,
823 3531 892 3571 eo
941 3518 1087 3588 quod
1144 3517 1446 3571 inauditum
1486 3526 1642 3569 antea
1690 3526 1858 3576 esset,

278 3610 548 3680 virginem
600 3610 923 3682 peperisse;
977 3610 1073 3666 sed
1121 3626 1243 3665 cum
1299 3609 1455 3678 ipso,
1507 3605 1861 3677 disceptando

280 3719 397 3757 rem
444 3706 749 3771 expendere
794 3702 1065 3773 occepit,
1117 3701 1306 3756 dicens
1356 3718 1372 3756 :
1418 3700 1695 3767 Quomodo
1744 3698 1861 3766 ﬁeri

278 3802 451 3861 potest
482 3804 537 3846 ut
565 3792 662 3848 hoc
686 3795 912 3860 eueniat,
936 3793 1147 3863 quando
1173 3795 1252 3848 rt'r
1278 3793 1406 3847 mihi
1432 3801 1587 3846 notus
1614 3807 1718 3845 non
1745 3792 1861 3845 est!

279 3890 419 3952 sive,
450 3889 621 3943 uirum
655 3903 760 3942 non
791 3903 1047 3961 cognosco
1068 3890 1116 3923 ⁸⁸
1139 3889 1164 3940 2
1207 3896 1265 3942 ιιι
1297 3887 1399 3942 alia
1450 3887 1653 3941 habent
1677 3901 1861 3940 exent-

285 3986 483 4055 plarla.
536 3985 618 4039 Ad
673 3984 795 4050 hoc,
846 3984 981 4041 abiit
1029 3986 1206 4039 visum
1258 3984 1419 4039 etiam
1471 3984 1600 4038 illud
1648 3981 1862 4052 signum

282 4079 432 4147 quod
485 4075 711 4144 angelus
747 4079 991 4144 dederat,
1037 4091 1150 4147 quo
1185 4078 1253 4132 de
1291 4076 1463 4145 ipsius
1518 4076 1699 4129 verbis
1739 4074 1863 4128 inde

285 4173 492 4228 certior
522 4172 706 4240 licret;
736 4171 1013 4242 gravidam
1047 4169 1251 4224 scilicet
1284 4168 1675 4230 Elisabethzun.
1704 4166 1864 4220 steri-

286 4264 392 4321 lem
428 4264 630 4333 altoqui
664 4278 851 4317 anum.
885 4263 955 4318 At
988 4261 1096 4317 Eva
1129 4277 1253 4331 quae
1287 4276 1564 4331 nunquam
1595 4258 1863 4321 audierat,

1955 1935 2154 1997 Moses,
2192 1938 2365 2005 ipsum
2411 1937 2606 1990 ridi.“
2651 1937 2893 1990 arborem
2945 1940 3085 2007 quod
3132 1940 3354 2009 pulchra
3405 1957 3536 2001 esset

1954 2028 2022 2080 ad
2062 2029 2387 2091 vescendum,
2444 2038 2545 2084 etc.
2605 2029 2714 2084 Sed
2767 2040 2827 2085 ut
2862 2046 2948 2086 res
2999 2033 3173 2102 magis
3212 2034 3535 2103 illustratur,

1953 2122 2210 2186 dicimus,
2266 2123 2443 2177 tribus
2491 2123 2718 2178 omnino
2796 2124 3006 2179 vicibus
3054 2125 3165 2180 alio
3210 2140 3372 2197 atque
3428 2130 3540 2185 alio

1956 2214 2121 2267 modo
2158 2214 2322 2267 Evam
2357 2215 2559 2269 vidisse
2592 2216 2737 2269 illam
2769 2214 3042 2273 arborem.
3072 2215 3257 2274 Primo
3286 2222 3534 2291 quidem.

1953 2306 2172 2378 quando
2202 2307 2320 2375 lege
2344 2321 2465 2360 cant
2502 2307 2718 2362 velabat
2743 2308 2923 2374 Deus;
2954 2307 3156 2365 iterum
3186 2326 3216 2365 a
3249 2312 3447 2369 Satana
3478 2315 3536 2373 in

1956 2401 2205 2456 l‘raudem
2255 2401 2584 2478 illiciebatur
2624 2403 2774 2472 ipsa;
2815 2404 2977 2459 tertio
3028 2418 3319 2476 postquam
3349 2410 3416 2465 de
3446 2409 3537 2466 illa

1955 2495 2179 2551 edisset.
2215 2495 2280 2548 Et
2326 2495 2748 2565 pritnn‘quidetn
2779 2496 3103 2568 simpliciter
3131 2500 3383 2557 intuitant
3412 2521 3540 2561 esse.

1955 2600 2015 2644 ut
2051 2601 2372 2644 cteterarum
2413 2588 2669 2641 arborum
2712 2606 2876 2651 unam
2917 2592 3239 2660 quamlibet.
3282 2596 3537 2651 Secundo

1955 2698 2087 2739 vero
2126 2698 2234 2738 non
2268 2682 2593 2753 sitnpluiter
2628 2687 2931 2752 aspexisse,
2965 2684 3061 2740 sed
3100 2701 3227 2741 cum
3274 2688 3535 2758 cupidine

1955 2792 2062 2849 qua
2100 2776 2215 2847 jam
2252 2785 2365 2829 tum
2406 2769 2961 2847 tenehaturjquaque
3002 2779 3261 2835 censebat
3288 2784 3535 2838 omnium

1957 2869 2386 2942 pulcherrimam
2440 2884 2606 2929 esse;
2649 2869 2794 2924 sicut
2842 2868 3083 2927 Thamar
3136 2872 3542 2932 formosissima

1958 2963 2246 3019 videbatur
2286 2963 2339 3015 iu
2370 2962 2546 3017 oculis
2580 2963 2863 3019 Ammonis
2896 2979 3084 3021 amore
3113 2968 3233 3035 ejus
3270 2967 3537 3039 impediti.

1959 3056 2146 3112 Tertio
2180 3058 2437 3127 denique,
2480 3057 2639 3111 simul
2686 3067 2850 3127 atque
2897 3067 3196 3129 gustasset,
3244 3069 3359 3115 tum
3412 3077 3542 3116 vero

3312 3171 3327 3207 :
3375 3155 3540 3209 sicuti

1959 3245 2127 3298 etiam
2169 3242 2403 3297 Ammon
2458 3256 2701 3297 sororem
2750 3256 2910 3299 suam
2958 3242 3220 3309 Thamar,
3275 3255 3336 3301 ut
3370 3247 3544 3302 viola-

1960 3344 2133 3401 verat,
2166 3334 2401 3391 invisam
2433 3335 2696 3400 babebat;
2729 3335 2978 3405 quamvis
3003 3338 3149 3390 enim
3180 3352 3288 3393 una
3314 3340 3541 3395 eadem~

1960 3444 2070 3499 que
2119 3428 2373 3483 manebat
2422 3428 2599 3498 ipsius
2650 3426 2890 3482 Thamar
2929 3427 3103 3483 forma
3149 3437 3275 3487 ante
3320 3439 3377 3485 ct
3420 3442 3546 3501 post

1962 3522 2260 3577 admissum
2311 3531 2582 3587 stuprum,
2631 3528 2817 3575 tamen
2865 3533 3031 3590 quam
3087 3522 3242 3592 prius
3275 3521 3441 3579 frater
3471 3526 3547 3579 oh

1963 3622 2300 3668 venustatem
2324 3613 2626 3677 adamarat,
2656 3623 2947 3683 postquam
2972 3629 3067 3682 per
3093 3620 3375 3684 peccatum
3401 3629 3547 3673 esset

1964 3706 2189 3769 abusus,
2241 3702 2370 3757 odio
2417 3705 2851 3772 prosequebatur
2878 3702 2946 3758 ⁸⁸.
2996 3701 3185 3773 Itaque
3230 3706 3401 3760 arbor
3453 3706 3577 3761 illa

1964 3810 2085 3866 qua:
2118 3795 2233 3867 pari
2282 3795 2687 3864 pulchritudine
2731 3795 2837 3852 fuit
2876 3812 3000 3851 cum
3034 3796 3103 3852 de
3146 3798 3262 3867 ipsa
3309 3794 3544 3853 ferretur

1965 3892 2049 3944 lea
2083 3897 2138 3943 ct
2188 3903 2311 3942 cum
2361 3898 2508 3943 esset
2544 3888 2779 3944 daemoni
2821 3887 3032 3944 fraudis
3072 3888 3322 3951 materia.
3356 3905 3420 3943 ac
3450 3891 3547 3943 tle-

1965 3983 2133 4053 nique
2177 3989 2301 4052 post
2336 3981 2655 4051 decerptum
2693 3987 3085 4051 gustatnmque
3114 3993 3145 4035 a
3176 3980 3407 4037 muliere
3434 3980 3552 4038 fru-

1965 4086 2157 4141 ctum;
2196 4084 2375 4129 tamen
2428 4075 2604 4143 primo
2656 4083 2836 4145 neque
2889 4072 3118 4144 pulchra
3171 4089 3350 4145 neque
3401 4073 3552 4131 {teda

1965 4170 2081 4225 visa
2114 4168 2305 4240 primis
2357 4167 2562 4222 nostris
2610 4165 2934 4235 parentibus
2976 4175 3084 4233 est,
3116 4180 3240 4221 mos
3272 4180 3402 4223 vero
3434 4164 3554 4237 pul-

1967 4261 2238 4317 cherrima
2268 4301 2284 4324 ,
2341 4260 2434 4314 sed
2504 4267 2782 4327 p-tslretuo
2850 4258 3012 4330 plane
3074 4259 3412 4316 detestabilis
3468 4270 3554 4314 est

289 4355 459 4411 Deum
498 4356 702 4411 invidia
737 4355 1008 4419 laborare,
1037 4363 1132 4409 aut
1162 4369 1219 4409 se
1251 4353 1356 4409 diis
1391 4368 1548 4421 pares
1578 4350 1793 4407 futuros
1820 4351 1864 4407 si
1968 4355 2155 4411 habita
2195 4364 2482 4423 postquam
2537 4361 2822 4421 peceatum
2878 4367 2975 4423 per
3031 4353 3206 4423 ipsam
3260 4352 3552 4410 admisere.

287 4448 358 4504 de
382 4447 547 4502 vetita
571 4447 768 4503 arbore
795 4452 1115 4519 gestarent,
1152 4444 1313 4501 simul
1344 4453 1509 4511 atque
1541 4440 1869 4512 loquebatur
1972 4447 2120 4503 vidit
2167 4447 2330 4518 igitur
2367 4446 2514 4514 quod
2566 4445 2791 4513 pulchra
2839 4444 3239 4513 commodeque
3284 4454 3435 4502 esset
3483 4443 3552 4500 ad

287 4553 418 4594 ωω
455 4541 591 4609 iii“.
618 4552 726 4593 υοη
751 4538 865 4607 imi
895 4538 1135 4593 humari
1160 4535 1357 4605 aliquis
1386 4536 1567 4605 Specie
1593 4547 1864 4604 apparens
1897 4535 1939 4592 Ι)
1972 4543 2297 4598 vescendum
2332 4556 2443 4611 prae
2476 4539 2687 4595 caneris
2715 4538 2962 4608 paradisi
3007 4536 3348 4608 quibuslibet
3394 4536 3554 4593 arbo-

291 4635 385 4686 sed
426 4645 673 4701 serpens,
711 4630 847 4686 nihil
885 4630 1127 4700 disputat
1164 4629 1232 4684 de
1276 4626 1495 4691 arbore,
1526 4626 1619 4680 sed
1669 4622 1871 4678 divini-
1976 4635 2153 4698 τξυυε,
2195 4648 2373 4707 coque
2416 4636 2627 4689 acriore
2671 4634 2725 4689 in
2770 4632 2945 4702 ipsam
2986 4630 3229 4701 appetitu
3270 4637 3421 4702 rapta
3470 4640 3556 4685 est

291 4726 423 4779 tatis
458 4724 758 4779 ambitione
802 4722 1136 4785 incenditur,
1168 4719 1562 4790 vilipenditque
1591 4716 1687 4773 Dei
1719 4732 1873 4770 mau-

290 4817 511 4879 datum,
543 4831 713 4886 quare
743 4826 1112 4872 consentanea
1136 4815 1204 4869 de
1234 4829 1296 4869 ea
1328 4813 1535 4869 dictum
1569 4819 1654 4866 est
1685 4823 1714 4864 a
1742 4808 1872 4862 divo

295 4907 445 4969 ἔλαια
487 4928 502 4966 :
544 4908 610 4965 Et
645 4909 768 4963 uidit
801 4907 993 4963 mulier
1028 4907 1168 4975 quod
1196 4904 1417 4976 pulchra
1448 4913 1581 4960 esset
1612 4901 1772 4957 arbor
1800 4900 1869 4955 ad

295 5003 632 5067 emendum,
664 5010 716 5057 et
747 5000 1041 5069 expetibilis
1076 4999 1262 5064 oculis,
1310 5007 1469 5070 atque
1504 4994 1869 5052 desiderabilis

296 5108 557 5169 spectata.
615 5093 833 5151 Viderat
884 5094 1103 5164 quidem
1159 5090 1361 5148 lentius
1421 5091 1672 5147 arborem
1722 5088 1869 5142 illam

297 5196 462 5251 etiam
510 5191 663 5261 prius
701 5203 865 5260 quam
915 5187 1060 5241 illam
1112 5200 1341 5255 serpens
1387 5182 1653 5247 adiisset,
1698 5194 1873 5250 neque

300 5287 447 5341 enim
499 5290 714 5354 poterat
768 5280 885 5351 lege
938 5277 1170 5335 inhiberi
1223 5277 1325 5348 ipsi
1378 5276 1543 5349 arbor
1596 5290 1702 5331 non
1738 5273 1870 5328 visa.

301 5378 457 5449 Quod
496 5391 627 5432 vero
674 5372 854 5431 loses
897 5373 1009 5443 jam
1055 5373 1155 5434 ait,
1193 5369 1382 5425 vidisse
1418 5368 1689 5426 mulierem
1737 5367 1875 5436 quod

302 5473 522 5544 pulchra
548 5479 682 5525 esset
712 5467 871 5523 urbor
892 5467 961 5521 ad
987 5466 1316 5529 Descendunt,
1342 5471 1398 5519 et
1426 5478 1547 5531 qua:
1572 5473 1878 5531 sequuntur

304 5567 433 5628 alia,
484 5562 724 5618 ostendit
770 5560 881 5614 alio
934 5557 1096 5612 modo
1139 5564 1266 5611 ante
1294 5552 1561 5611 daemonis
1590 5565 1875 5609 accessum

308 5660 477 5714 visam
512 5658 584 5710 ab
615 5654 704 5708 illa
736 5652 906 5709 fuisse
934 5651 1212 5715 arborem,
1244 5647 1355 5704 alio
1386 5656 1531 5719 post.
1563 5646 1705 5702 Ante
1731 5642 1882 5700 enini

1975 4740 2142 4796 quam
2170 4724 2223 4781 in
2249 4735 2569 4780 cat-terarum
2597 4723 2875 4795 aliquam;
2906 4736 3018 4778 non
3048 4722 3195 4791 quod
3222 4721 3389 4776 arbor
3414 4723 3552 4790 ipsa.

1979 4818 2074 4873 sed
2098 4817 2227 4886 quia
2254 4816 2468 4873 feminae
2488 4815 2706 4871 animus
2726 4823 2872 4875 esset
2896 4820 3141 4871 mutatus
3163 4826 3263 4884 per
3285 4811 3556 4885 serpentis

1978 4910 2268 4977 fraudem,
2326 4912 2421 4981 qui
2470 4909 2721 4963 muliebri
2774 4908 3099 4962 crudetitate
3150 4915 3313 4977 atque
3365 4904 3556 4962 curcni

1980 5000 2204 5057 libidine
2235 5000 2408 5072 ipsam
2442 5000 2637 5069 agebat
2669 4997 3004 5071 praecipitem
3030 4998 3098 5053 ad
3126 5011 3246 5053 eam
3278 4997 3557 5052 arbori-tn.

1977 5090 2249 5149 Caeterum
2285 5089 2465 5163 aptior
2496 5091 2670 5146 videri
2714 5090 2887 5162 possit
2925 5090 3218 5145 ret-borum
3256 5094 3557 5146 structura.

1981 5188 2026 5241 si
2068 5184 2149 5241 sic
2180 5183 2393 5255 legatur
2432 5201 2447 5240 :
2489 5180 2559 5237 Et
2597 5183 2727 5240 vidit
2762 5182 2950 5237 mulier
2986 5181 3125 5252 quod
3171 5178 3394 5248 pulchra
3426 5192 3563 5235 esset

1985 5278 2145 5331 arbor
2187 5275 2379 5339 oculis,
2405 5288 2453 5331 et
2483 5273 2777 5343 experietur
2822 5272 2892 5328 ad
2933 5272 3276 5339 ascendant;
3311 5272 3560 5341 pulchri-

1987 5370 2120 5426 tudo
2157 5373 2304 5428 euint
2332 5370 2401 5424 ad
2433 5370 2712 5441 spectandi
2744 5382 2967 5426 sensum
3018 5370 3273 5437 pertinet,
3303 5378 3365 5421 ut
3394 5382 3562 5437 appe-

1988 5464 2123 5517 titus
2156 5461 2226 5519 ad
2260 5460 2467 5517 cibum.
2500 5457 2606 5516 Sed
2652 5462 2756 5517 hoc
2784 5459 2913 5516 alibi
2944 5454 3056 5530 jam
3086 5472 3118 5513 a
3150 5460 3310 5514 nobis
3339 5469 3424 5515 est
3451 5468 3561 5513 tra-

1986 5561 2217 5610 ctatum.
2253 5551 2354 5608 Est
2387 5565 2516 5606 vero
2547 5560 2601 5606 ct
2635 5553 2739 5607 hoc
2777 5548 3318 5606 animadvertendum
3353 5564 3419 5605 ea
3452 5548 3565 5605 illis

1993 5645 2171 5700 verbis
2212 5664 2228 5701 :
2272 5644 2339 5697 lt‘t
2379 5645 2503 5699 vidit
2559 5642 2772 5709 mulier,
2824 5650 2955 5707 etc.,
3003 5640 3184 5712 colligi
3233 5642 3407 5712 ipsam
3456 5658 3567 5697 non

373 5837 423 5872 ⁸⁸
451 5835 584 5894 an.
641 5852 677 5895 t,
721 5833 809 5887 3|.
887 5832 933 5862 "
966 5830 1101 5887 Ibid.
1151 5830 1241 5883 34.
1314 5829 1362 5867 ⁸⁸
1394 5827 1438 5885 ιι
1471 5828 1601 5905 ηηκε.
1640 5843 1760 5894 stu,
1797 5826 1821 5882 l
1856 5839 2012 5898 seqq.

666 5930 934 5994 l’A'rttnL.
985 5933 1098 5991 tiu.
1149 5928 1307 5989 CXI.
