4094 6156
497 325 601 388 555

1767 316 1998 378 MOSIS
2038 315 2185 375 ΒΑΗ
2227 314 2480 376 CEPHA

3629 322 3730 387 556

495 443 678 498 subito
719 456 780 496 ac
816 456 1042 509 propere
1088 441 1156 493 de
1198 440 1392 493 arbore
1441 447 1712 510 gustasse,
1761 437 1856 493 sed
1891 436 2060 494 multa
2095 440 2138 494 Α
2166 442 2472 504 acceperat,
2509 433 2754 487 futurum
2789 441 2847 486 ut
2874 447 2980 486 non
3015 434 3192 486 solum
3230 446 3338 486 non
3374 446 3733 503 morerentur,

495 533 646 602 prius
698 547 882 587 secum
935 530 1246 584 meditatam
1288 546 1304 582 :
1339 540 1496 599 atque
1545 545 1670 582 eum
1710 527 1878 591 illam,
1917 528 2068 596 iuvta

496 624 756 680 insistens
804 622 874 677 ob
927 625 1115 677 oeulos
1173 622 1393 676 haberet
1447 639 1461 676 :
1510 629 1918 690 aspectantem,
1964 619 2068 673 alia

495 727 660 786 atque
698 715 803 770 alia
848 716 1030 770 animo
1061 714 1298 770 voluisse
1328 730 1345 770 :
1380 709 1447 767 Et
1479 713 1675 782 accepit
1705 711 1770 767 de
1813 712 2071 781 fructibus

495 808 662 876 ipsius
692 816 743 861 et
773 807 904 860 edit.

564 898 673 954 Cur
725 897 836 952 an
887 905 1008 960 ante
1061 905 1302 953 vocatum
1353 897 1618 951 Adamum
1668 897 1954 965 gustaverit
2007 895 2070 950 de

457 1013 459 1015 ί
498 992 683 1045 arbore
711 993 962 1048 utentur.
990 1017 1060 1032 -—-
1083 988 1304 1056 Quaerat
1335 990 1558 1057 aliquis,
1588 1003 1686 1044 cur
1719 1004 1826 1043 non
1863 991 2072 1044 vocarit

498 1083 808 1148 Adamnm,
857 1089 914 1136 ut
958 1082 1005 1136 is
1043 1083 1196 1152 prior
1238 1081 1456 1138 ederet!
1501 1081 1758 1133 nimirum
1799 1077 2065 1134 transfor-

503 1179 639 1230 mari
678 1177 792 1246 ipsa
825 1177 972 1245 prior
1002 1174 1256 1244 cupiebat
1292 1174 1343 1227 in
1377 1171 1560 1239 deum,
1586 1173 1875 1242 virumque
1907 1187 2068 1227 suum

498 1270 781 1324 divinitate
831 1269 1145 1323 antevenire
1190 1267 1283 1336 qui
1335 1281 1394 1321 se
1447 1267 1785 1320 humanitate
1835 1280 2071 1336 praeceso

499 1370 668 1424 serat,
720 1373 830 1430 quo
883 1359 982 1412 hac
1031 1359 1246 1415 ratione
1298 1355 1828 1414 administrationem
1884 1370 2069 1410 rerum

502 1466 613 1519 pra:
648 1451 741 1504 illo
788 1457 950 1520 atque
1005 1448 1290 1518 imperium
1339 1446 1610 1501 obtineret
1657 1461 1672 1498 :
1722 1444 2073 1501 existimabat

495 1542 641 1597 enim
692 1542 854 1596 simul
894 1549 1058 1610 atque
1095 1546 1364 1612 gustaret,
1405 1539 1674 1608 evestigio
1721 1539 1776 1594 in
1822 1539 1978 1594 deam
2015 1554 2074 1594 se

499 1635 947 1689 transformatum
991 1633 1056 1687 iri
1097 1646 1198 1702 pro
1245 1632 1452 1687 fallacis
1504 1631 1774 1700 serpentis
1820 1631 2070 1686 consilio.

501 1729 738 1782 Rursum
770 1728 939 1798 qureri
971 1734 1172 1796 potest,
1205 1726 1561 1795 quamobrem
1598 1739 1704 1778 non
1739 1733 1866 1779 sunt
1900 1725 2070 1795 aperti

498 1821 744 1876 mulieris
778 1821 943 1884 oeuli,
982 1820 1375 1889 agnoveritque
1413 1833 1568 1873 suam
1608 1817 1726 1888 ipsa
1768 1817 2101 1872 nuditatem-

504 1928 625 1967 mox
665 1912 755 1967 ubi
791 1913 994 1967 edisset
1030 1927 1156 1966 cum
1191 1911 1454 1976 fructum,
1491 1910 1632 1964 sicut
1670 1909 1870 1965 accidit
1938 1909 2075 1965 utri—

499 2021 604 2070 que
636 2015 923 2074 postquam
954 1985 1193 2060 edissent
1240 2003 1422 2059 ambo.
1460 1999 1638 2072 Hujus
1667 2002 1745 2054 rei
1783 2001 1898 2056 haec
1949 2000 2072 2056 red-

497 2097 674 2149 deuda
706 2105 788 2150 cst
831 2094 972 2150 ratio
1002 2111 1017 2150 :
1050 2093 1095 2148 si
1133 2093 1219 2149 illa
1261 2093 1428 2150 simul
1473 2105 1636 2166 atque
1673 2097 1818 2166 prior
1849 2096 2070 2164 edisset,

500 2185 840 2240 verecundia:
871 2200 1036 2240 sensu
1071 2183 1267 2240 fuisset
1301 2184 1576 2255 perculsa,
1609 2187 1895 2243 metuisset
1927 2187 2074 2242 Ada-

502 2292 622 2332 mus
684 2288 850 2345 atque
912 2277 1309 2342 abstinuisset,
1377 2291 1556 2347 neque
1623 2286 1802 2334 tamen
1858 2293 1923 2337 ea
1968 2279 2074 2336 sibi

499 2373 828 2428 abstinentia
877 2371 1105 2442 iustitia:
1154 2372 1370 2428 laudem
1418 2372 1582 2426 ullam
1637 2373 1962 2439 meruisset,
2012 2382 2075 2430 ut

502 2467 594 2534 qui
627 2482 735 2521 non
761 2465 961 2519 divina:
992 2464 1127 2535 legis
1157 2465 1460 2521 reverentia
1487 2473 1542 2518 et
1571 2474 1817 2535 respectu
1850 2464 1944 2521 sed
1978 2479 2074 2536 per

503 2558 689 2610 uxoris
737 2558 995 2624 pudorem
1045 2555 1240 2612 fuisset
1288 2555 1586 2612 cohibitus.
1635 2555 1808 2624 Igitur
1850 2557 2074 2625 quando

499 2657 773 2703 certamen
807 2665 870 2703 ex
903 2664 1059 2719 :rquo
1092 2649 1159 2704 ad
1202 2658 1492 2716 utrumque
1532 2647 1834 2717 spectabat,
1869 2646 2071 2704 facien-

503 2745 741 2811 i'umque
770 2752 888 2796 erat
935 2741 1234 2812 periculum
1268 2744 1335 2797 de
1369 2742 1653 2812 utriusque
1696 2739 1861 2796 simul
1895 2740 2074 2800 indole

501 2857 568 2893 ae
593 2840 904 2901 voluntate;
939 2834 1152 2890 distulit
1183 2833 1326 2888 Deus
1357 2834 1477 2886 Enn
1506 2832 1917 2902 verecundiam,
1945 2833 2073 2888 elle-

501 2934 686 3000 ritque
729 2945 795 2984 ne
826 2931 999 2998 ipsam
1027 2927 1192 2985 simul
1223 2943 1342 2981 cum
1371 2935 1588 2998 gustato
1632 2925 1812 2981 fructu
1847 2925 2076 2997 puderet

503 3021 786 3074 nuditatis.
816 3019 883 3072 Et
908 3018 1047 3073 dedit
1075 3019 1233 3072 etiam
1259 3019 1367 3072 uiro
1395 3034 1491 3071 suo
1521 3033 1717 3084 secum,
1745 3028 1796 3072 et
1825 3016 2073 3072 comedit.

501 3111 1010 3169 Evistimandumne
1035 3117 1122 3165 est
1155 3111 1242 3164 hic
1276 3110 1554 3164 mulierem
1601 3109 1925 3181 simpliciter
1958 3110 2076 3165 viro

504 3205 843 3272 porrexisse,
898 3204 1074 3256 virum
1132 3217 1256 3254 vero
1306 3201 1506 3264 edisse,
1559 3217 1685 3258 cum
1760 3214 1936 3271 neque
1984 3199 2076 3253 illa

504 3295 724 3350 verbum
758 3297 927 3349 ultum
960 3292 1030 3348 ad
1070 3295 1246 3363 ipsum
1276 3292 1499 3357 faceret,
1531 3309 1706 3365 neque
1737 3293 1853 3363 ipse
1883 3307 2077 3349 rursus

504 3389 645 3456 apud
691 3385 839 3440 illaut
884 3385 951 3439 de
979 3400 1045 3439 eo
1081 3384 1206 3437 cibo
1235 3382 1602 3452 disquireret?
1639 3382 1784 3438 Sane
1812 3397 1913 3438 nos
1938 3397 2075 3440 cen-

504 3494 689 3533 semus
717 3486 770 3533 et
797 3457 1082 3532 virum'de
1112 3476 1235 3530 cibo
1275 3474 1678 3544 disquisivisse,
1706 3484 1759 3528 et
1792 3474 2075 3530 mulierem

506 3571 606 3642 ipsi
645 3581 759 3624 tum
804 3586 868 3622 ea
914 3569 1075 3622 verba
1120 3565 1373 3626 retulisse
1407 3564 1552 3634 quod
1598 3579 1824 3634 serpens
1864 3563 2076 3618 daemon

504 3668 608 3721 sibi
654 3665 897 3728 dixerat,
950 3673 1061 3715 tum
1121 3658 1226 3714 alia
1282 3668 1542 3729 praeterea
1594 3672 1657 3709 ex
1713 3671 1814 3710 suo
1860 3655 2080 3724 ingenio

503 3761 770 3828 adiecisse
808 3773 930 3828 qine
978 3758 1042 3808 ad
1096 3752 1534 3824 persuadendum
1583 3749 1848 3804 Adamnm
1899 3747 2080 3806 facere

506 3859 720 3919 putaret
771 3847 984 3917 :idqne
1025 3845 1111 3899 his
1151 3843 1456 3898 rationibus
1500 3839 1865 3894 demonstrari
1917 3851 2080 3912 posse

505 3947 906 4000 existimamus.
941 3941 1123 3992 Primo
1169 3937 1314 3993 enim
1364 3949 1488 3991 eum
1539 3944 1664 3988 aute
1699 3933 1956 3990 violatam
1999 3931 2078 3984 le-

506 4053 649 4103 gem,
689 4050 895 4103 magum
933 4046 1078 4086 cura:
1109 4031 1273 4081 fuerit
1304 4027 1518 4095 utrique
1551 4042 1618 4080 uc
1647 4025 1775 4095 quid
1813 4025 2078 4078 adversus

505 4127 598 4179 llei
636 4127 791 4193 iussa
836 4122 1266 4182 committerent,
1313 4132 1420 4171 nou
1462 4117 1642 4188 potuit
1693 4115 1936 4183 profecto
1968 4113 2077 4168 Eva

505 4215 833 4287 porrigenda
882 4214 1047 4268 modo
1096 4212 1279 4265 cibum
1343 4209 1568 4264 vetitum
1623 4222 1798 4276 neque
1851 4208 2078 4261 verbum

507 4312 674 4363 ullum
718 4308 966 4362 addendo
1003 4304 1262 4359 inducere
1300 4302 1570 4355 Adamum
1616 4300 1683 4353 ad
1725 4298 2081 4364 vescendum,

506 4401 639 4455 nihil
674 4413 900 4470 prorsus
942 4395 1011 4450 de
1039 4411 1106 4452 c0
1147 4393 1293 4464 quod
1327 4393 1729 4461 porrigebatur,
1763 4390 2077 4460 disquiren-

2171 540 2360 581 verum
2407 525 2570 579 etiam
2627 525 2857 580 deorum
2909 524 3116 578 similes
3164 524 3489 588 evaderent,
3537 535 3593 579 et
3641 530 3739 581 alia

2172 619 2395 688 insuper
2429 618 2705 674 aiiiuxisse
2743 617 2944 687 quibus
2992 618 3246 670 maritum
3300 615 3367 670 ad
3418 615 3740 670 vescendum

2172 713 2472 782 pelliceret,
2521 719 2687 782 atque
2732 711 2805 765 ita
2843 722 3136 779 utrumque
3175 709 3377 770 edisse,
3425 707 3744 776 facinusque

2172 806 2469 874 pessimum
2505 805 2808 858 admisisse.
2845 803 2984 877 Quin
3021 803 3276 856 dominus
3333 800 3567 871 Ephrem
3610 802 3740 853 seri-

2173 897 2273 960 bit,
2319 895 2482 950 Evam
2519 895 2689 951 multa
2735 895 3128 964 pollicitatione
3175 894 3498 951 sollicitasse
3542 897 3745 960 virum,

2173 997 2334 1060 atque
2383 990 2448 1044 ad
2498 989 2826 1044 vescendum
2868 989 3174 1056 induxissv,
3229 997 3485 1043 czcterum
3539 985 3746 1052 Iason,

2173 1083 2373 1152 quibus
2426 1098 2520 1137 usa
2572 1083 2686 1152 ipsa
2738 1083 2813 1137 sit
2847 1083 3066 1146 verbis,
3120 1080 3576 1152 praetermisisse,
3624 1096 3747 1134 cum

2173 1185 2317 1229 esset
2346 1183 2642 1230 contentus
2670 1176 2923 1231 docuisse
2956 1188 3057 1230 nos
3087 1175 3344 1229 feminam
3379 1175 3501 1229 viro
3530 1189 3749 1228 causam

2175 1265 2439 1321 violanda:
2476 1268 2609 1337 legis
2647 1267 2838 1333 fuisse,
2879 1282 2944 1320 eo
2975 1253 3121 1336 quod
3160 1268 3352 1322 vetitos
3398 1265 3613 1321 fruetus
3648 1268 3747 1336 ipsi

2174 1360 2412 1414 edendos
2455 1359 2930 1422 subministrarit,
2984 1367 3040 1413 et
3082 1359 3246 1414 simul
3296 1358 3511 1412 animos
3561 1358 3752 1412 edendi

2177 1451 2444 1505 addiderit
2482 1469 2496 1504 :
2528 1454 2797 1520 serpentis
2833 1467 2961 1504 vero
2995 1453 3156 1506 verba
3191 1451 3389 1504 litteris
3421 1450 3750 1519 prodidisse.

2176 1551 2237 1596 ut
2278 1557 2404 1596 eum
2449 1542 2879 1612 intelligeremus
2925 1541 3101 1610 ipsum
3151 1555 3270 1596 esse
3317 1542 3536 1609 generis
3579 1556 3665 1595 nos
3684 1539 3752 1594 tri

2174 1647 2526 1689 communem
2572 1635 2806 1696 hostem,
2842 1649 3018 1703 eoque
3055 1633 3283 1688 insidias
3333 1634 3758 1702 improbitatem-

2177 1741 2284 1796 que
2337 1726 2531 1796 ipsius,
2583 1725 2866 1787 evitandi,
2922 1726 3098 1796 major
3146 1726 3304 1780 nobis
3357 1728 3538 1779 cantio
3584 1735 3753 1782 esset.

2180 1817 2349 1871 Porro
2388 1831 2510 1888 qua!
2563 1816 2728 1873 fuerit
2767 1817 2930 1872 arbor
2960 1820 3026 1873 de
3073 1835 3180 1888 qua
3204 1819 3433 1873 ederunt
3481 1819 3657 1875 Adam
3703 1832 3758 1876 et

2180 1909 2311 1973 Eva,
2353 1920 2406 1966 et
2449 1926 2742 1982 quemnam
2795 1909 3032 1965 fructum
3070 1911 3379 1982 gustarint,
3414 1928 3580 1983 supra
3610 1921 3696 1969 est
3726 1928 3757 1968 a

2180 2002 2338 2059 nobis
2388 2010 2800 2072 pertractatum.
2854 2003 2935 2057 Ad
2996 2002 3112 2058 haec
3173 2002 3303 2057 illud
3354 2004 3520 2058 etiam
3574 2020 3760 2076 operm

2179 2095 2417 2166 pretium
2454 2095 2618 2150 fuerit
2655 2095 3109 2150 animadvertisse
3160 2111 3175 2150 :
3225 2111 3351 2151 cum
3401 2096 3654 2168 quisquis
3699 2113 3760 2151 re

2179 2188 2359 2259 aliqua
2405 2189 2666 2253 vescitur,
2709 2197 2805 2242 aut
2847 2186 3006 2240 famis
3042 2189 3369 2243 necessitate
3401 2189 3626 2259 impelli,
3661 2203 3760 2244 aut

2179 2285 2260 2340 rei
2291 2283 2408 2352 ejus
2452 2281 2678 2335 libidine
2714 2279 3084 2350 etl'renataque
3121 2281 3453 2350 cupiditate;
3486 2283 3757 2337 Adams-tu

2181 2375 2327 2429 nulla
2364 2375 2507 2428 fame
2539 2382 2785 2442 cogente,
2835 2371 2928 2425 sed
2974 2372 3197 2425 libidine
3242 2372 3525 2437 suadente,
3558 2375 3626 2430 de
3651 2377 3755 2430 il'a

2180 2467 2377 2521 arbore
2407 2466 2609 2530 edisse,
2651 2481 2712 2520 ac
2757 2465 2980 2533 proinde
3009 2469 3055 2521 ei
3087 2468 3548 2537 concupiscentia:
3574 2473 3763 2522 eoin»-

2181 2562 2322 2616 sisse
2352 2569 2658 2625 peccatum.
2697 2557 2830 2612 Nam
2864 2567 2920 2611 ut
2956 2559 3333 2628 apostolorum
3378 2560 3600 2630 quidam
3632 2563 3711 2618 ait
3741 2579 3759 2618 :

2179 2652 2615 2720 Concupisceutia
2675 2652 2901 2713 concipit
2953 2662 3001 2704 et
3053 2653 3196 2720 parit
3260 2661 3531 2721 peccatum
3570 2652 3640 2706 ".
3698 2654 3758 2708 Si

2180 2747 2324 2802 enim
2354 2760 2460 2799 non
2484 2760 2576 2815 per
2604 2743 2906 2804 libidinem,
2941 2742 3035 2796 sed
3065 2754 3124 2796 ut
3148 2744 3239 2813 qui
3263 2744 3596 2800 nutrimento
3617 2761 3762 2817 opus

2180 2840 2425 2897 haberet.
2470 2835 2690 2896 edisset,
2729 2836 2795 2888 de
2826 2837 3040 2891 caneris
3077 2837 3280 2891 edisset
3323 2838 3612 2893 arboribus
3648 2843 3758 2894 sibi

2181 2931 2235 2984 in
2269 2939 2481 2999 pastum
2533 2929 2836 2999 permissis,
2879 2942 2986 2983 non
3031 2929 3101 2984 do
3142 2946 3204 2984 ea
3255 2941 3435 2984 autem
3483 2947 3604 3002 qum
3635 2933 3757 2987 sola

2180 3023 2282 3077 sibi
2314 3022 2492 3076 fuerat
2516 3023 2678 3075 vetita
2705 3039 2717 3074 :
2748 3022 2927 3091 itaque
2955 3021 3130 3076 fames
3155 3033 3307 3078 extra
3338 3038 3539 3078 nosam
3570 3025 3760 3080 futura

2131 3148 2148 3189 ι
2180 3122 2328 3174 erat,
2363 3127 2488 3166 cum
2538 3114 2980 3178 COIICttlllsccnlla
3023 3128 3144 3166 eum
3191 3124 3420 3184 peccato
3458 3115 3757 3189 conjuncta

2180 3204 2288 3270 sit;
2321 3205 2522 3274 quippe
2557 3205 2693 3259 hanc
2737 3205 2980 3257 ciborum
3028 3204 3273 3259 luxuries
3310 3207 3620 3268 comitatur,
3657 3207 3758 3274 qui

2181 3308 2308 3355 vero
2343 3293 2600 3365 ingluviei
2643 3295 2942 3365 indulgent.
2980 3298 3049 3350 a-l
3095 3311 3348 3351 venerem
3389 3298 3545 3366 pmui
3592 3300 3755 3361 fiunt,

2182 3397 2370 3458 utpote
2408 3387 2605 3456 gulosi,
2657 3388 2834 3441 ventri
2886 3386 3204 3454 mancipati,
3241 3387 3466 3455 proiecti
3514 3386 3756 3457 denique

2179 3481 2248 3534 ad
2297 3479 2708 3542 ebriositatem,
2755 3494 2875 3548 quas
2923 3480 3046 3533 vitia
3098 3490 3262 3548 atque
3312 3479 3550 3532 maxima
3605 3488 3758 3534 stitit.

2185 3565 2412 3623 Veneris
2463 3583 2631 3636 porro
2677 3569 2909 3625 comites
2959 3579 3086 3623 sunt
3138 3567 3388 3629 scortari.
3436 3568 3758 3634 adulterari,

2179 3675 2305 3713 cum
2354 3660 2600 3715 maribus
2643 3675 2843 3730 corpus
2889 3659 3249 3717 t-onuuiscere
3301 3678 3316 3713 :
3367 3675 3491 3731 qum
3534 3671 3589 3716 et
3634 3661 3756 3731 ipsa

2177 3751 2381 3821 ﬂagitia
2412 3760 2559 3812 sunt.
2591 3747 2659 3806 Ιῑι
2691 3753 2859 3818 aperti
2891 3759 3012 3806 sunt
3041 3751 3180 3806 oculi
3211 3751 3506 3804 amborum.

2250 3841 2416 3906 Hosis
2454 3854 2502 3901 et
2552 3845 2804 3912 serpentis
2843 3844 2987 3898 dicta
3027 3843 3093 3898 de
3137 3841 3431 3913 aperiendi;
3464 3843 3760 3908 primorum

2177 3947 2454 4007 parentum
2490 3937 2680 3989 oculis.
2709 3965 2778 3976 ——
2809 3937 2948 3998 Sunt
2987 3937 3082 4005 qui
3131 3945 3334 3992 temere
3379 3945 3546 4005 atque
3587 3936 3757 3994 etiam

2181 4029 2524 4098 impudenter
2567 4028 2772 4091 dicant,
2819 4027 2927 4094 jam
2977 4042 3121 4084 nunc
3171 4027 3302 4081 illud
3347 4028 3566 4083 evenire
3608 4030 3759 4096 quod

2178 4136 2409 4192 serpens
2439 4124 2573 4191 (hoc
2609 4130 2694 4175 est
2735 4121 2987 4189 Satanas)
3017 4119 3133 4175 fore
3178 4121 3529 4190 prtedirerat;
3564 4135 3758 4188 nempe

2180 4213 2229 4273 si
2269 4213 2444 4268 Adam
2489 4211 2709 4282 Evaque
2758 4212 2986 4273 ederent
3019 4211 3088 4271 tle
3131 4211 3221 4276 illa
3252 4213 3466 4273 arbore,
3500 4220 3753 4281 apertum

2178 4307 2246 4362 iri
2281 4305 2527 4376 ipsorum
2555 4304 2748 4361 oculos
2783 4283 2813 4358 τ’
2834 4304 2882 4358 id
2911 4304 3061 4359 enim
3091 4304 3179 4366 hic
3205 4313 3392 4359 narrat
3420 4300 3598 4363 Moses
3629 4312 3755 4368 post

2180 4408 2455 4470 gustatum
2515 4397 2702 4454 cibum
2753 4397 2983 4453 vetitum
3042 4397 3172 4464 ipsis
3208 4397 3494 4457 accidisse.
3549 4392 3752 4455 Verum

505 4505 610 4549 tun
638 4493 871 4548 :deinde
894 4491 938 4545 si
964 4487 1285 4558 simpliciter
1316 4497 1600 4555 acceptum
1628 4482 1816 4538 cibum
1847 4483 2074 4547 edisset,
2108 4503 2159 4564 υ
2180 4501 2282 4543 nos
2326 4485 2743 4556 respondemus,
2777 4487 2934 4540 aliter
2978 4482 3188 4549 Mosen,
3232 4485 3394 4542 aliter
3442 4491 3750 4554 serpentem

508 4602 729 4656 ignarus
769 4583 1062 4654 ceteroqui
1109 4580 1468 4652 quamobrem
1519 4579 1724 4642 ederet,
1753 4593 1784 4631 a
1815 4591 1927 4647 quo
1953 4585 2080 4632 ante

503 4684 690 4750 jussus
732 4675 910 4730 fuerat
937 4673 1242 4738 abstinere,
1287 4671 1434 4726 nulla
1473 4672 1767 4725 meruisset
1791 4669 1951 4739 culpa
1983 4682 2082 4723 no-

508 4774 609 4827 tari
634 4772 707 4827 ob
734 4769 787 4824 id
812 4765 963 4839 quod
990 4764 1312 4835 simpliciter
1349 4772 1514 4832 atque
1559 4762 1854 4817 inscienter
1887 4761 2081 4814 incon-

507 4868 848 4934 sideratequo
887 4859 1109 4914 fecisset
1141 4870 1156 4908 :
1201 4872 1328 4913 cum
1361 4869 1493 4909 vero
1537 4855 1832 4923 culpatum.
1864 4861 2081 4912 constet

509 4967 791 5028 propterea
835 4951 982 5023 quod
1027 4949 1263 5015 edisset,
1317 4947 1475 5003 facile
1551 4945 1904 5014 intelligimus
1963 4959 2074 5002 rem

511 5050 684 5116 ipsum
732 5052 860 5101 ante
903 5041 973 5100 ab
1023 5041 1142 5110 ipso
1193 5050 1359 5108 atque
1397 5051 1566 5092 uxore
1621 5037 1790 5091 fuisse
1822 5044 2078 5090 accurate

508 5149 826 5213 expensam.
851 5132 1149 5213 Postremo
1173 5129 1221 5184 si
1251 5128 1363 5182 Eva
1404 5129 1601 5181 mulier
1641 5139 1738 5180 usa
1783 5137 1866 5180 est
1897 5125 2076 5178 verbis

509 5205 776 5288 adversus
816 5205 1145 5294 serpentem,
1191 5222 1439 5293 dixitque
1489 5237 1503 5273 :
1542 5218 1672 5289 Lege
1719 5218 1813 5274 Dci
1857 5217 2077 5269 interdi-

508 5333 649 5377 ctum
680 5321 826 5385 nobis
864 5327 942 5371 est
970 5331 1033 5370 ea
1064 5317 1272 5379 arbore,
1320 5325 1527 5385 quanto
1558 5315 1730 5380 magis
1763 5313 2082 5364 existiman-

509 5417 639 5468 dum
690 5422 775 5466 est
823 5411 1088 5472 Adamum
1138 5405 1350 5461 curiose
1399 5406 1553 5476 prius
1602 5407 1669 5457 de
1737 5403 1859 5457 cibo
1915 5416 2076 5473 quem

511 5520 648 5561 uxor
717 5489 1036 5572 porrigebat
1090 5497 1473 5566 inquisivisse,
1526 5509 1692 5564 quam
1762 5500 2008 5561 gustaret
2064 5509 2078 5545 :

512 5612 735 5652 uvurem
798 5609 926 5647 vero
972 5603 1022 5645 et
1069 5608 1128 5647 ea
1195 5587 1543 5645 respondisse
1587 5602 1706 5656 quae
1751 5601 1782 5639 a
1832 5596 2078 5655 serpente

577 5780 620 5809 ”
654 5776 747 5830 lac
804 5789 843 5836 t,
884 5773 970 5827 l5.

2178 4580 2248 4633 de
2285 4577 2596 4647 aperiendis
2644 4575 2822 4631 oculis
2867 4589 2990 4636 esse
3042 4574 3271 4632 locutos.
3325 4572 3562 4645 Serpens
3601 4577 3750 4636 enim

2179 4670 2392 4723 volebat
2434 4669 2720 4723 oculorum
2759 4677 3017 4736 apertum
3066 4665 3375 4733 signiﬁcare
3411 4667 3658 4726 futurum
3689 4676 3750 4723 ut

2177 4761 2291 4821 aeri
2318 4769 2486 4830 atque
2514 4757 2816 4827 perspicaci
2856 4767 3038 4811 essent
3068 4758 3306 4827 ingenio,
3342 4759 3656 4827 bonumque
3685 4769 3751 4812 ac

2181 4856 2382 4910 malum
2415 4853 2641 4924 perinde
2668 4866 2730 4906 ac
2758 4852 2831 4908 dii
2860 4859 3081 4921 possent
3109 4850 3462 4920 dignoscere;
3491 4861 3548 4908 at
3576 4852 3749 4916 Hace:

2182 4946 2385 5016 apertis
2431 4943 2612 5000 oculis
2655 4944 2791 5000 nihil
2838 4942 2985 4998 aliud
3039 4942 3186 5005 vult,
3231 4957 3394 5011 quam
3445 4959 3557 5006 sum
3605 4948 3748 5012 ipsos

2183 5038 2447 5096 nuditatis
2477 5036 2582 5095 sibi
2613 5036 2863 5097 conscios
2890 5051 3010 5090 esse
3038 5037 3244 5093 tactos:
3279 5037 3380 5091 hoc
3405 5046 3511 5101 est,
3541 5040 3745 5106 pudere

2187 5129 2621 5199 verecundiaque
2668 5127 2906 5182 aﬂ‘ectos.
2960 5125 3027 5181 lit
3077 5139 3423 5195 cogitet-erunt
3451 5129 3592 5196 quod
3620 5131 3744 5191 ntuli

2181 5230 2352 5275 essent
2381 5235 2401 5273 :
2435 5221 2541 5285 hoc
2583 5227 2688 5282 est,
2726 5217 2920 5287 puduit
2953 5220 3102 5287 ipsos
3147 5233 3260 5272 sine
3299 5217 3582 5276 nuditatis.
3611 5220 3742 5277 Cum

2181 5313 2330 5367 enim
2365 5319 2648 5381 peccatum
2675 5311 2993 5366 detraxisset
3021 5310 3153 5378 ipsis
3178 5324 3379 5363 vestem
3409 5310 3600 5382 gloria
3639 5328 3742 5383 qua

2184 5405 2362 5458 adhuc
2397 5405 2612 5460 fuerant
2659 5403 2866 5469 amicti,
2905 5403 3159 5463 dcuudati
3213 5414 3381 5473 sunt,
3447 5404 3744 5476 puduitque

2184 5496 2306 5550 illos
2347 5494 2562 5550 violata:
2603 5494 2758 5565 legis.
2793 5502 2956 5564 atque
2992 5495 3191 5548 amissa
3225 5494 3372 5549 omni
3410 5495 3607 5557 fiducia
3636 5508 3740 5566 qua

2168 5597 2312 5666 ante
2366 5587 2640 5658 pollebant
2697 5593 3025 5657 peccatoque
3082 5585 3195 5657 jam
3245 5599 3445 5657 cerpus
3501 5569 3743 5658 ipsorum.
