4094 6156
427 337 528 401 557

1549 335 1646 394 DE
1691 334 2086 395 PAllADlS‘l.
2129 360 2199 369 -
2238 334 2432 393 PARS
2472 334 2523 394 Ι.

3570 334 3675 393 558

426 461 733 518 occupatur.
756 484 774 511 ,
826 457 1110 518 ets-perunt
1158 445 1483 504 erubescere
1533 448 1606 503 ob
1657 450 1958 502 nuditatem
1984 488 1999 513 ,
2031 456 2075 514 Α
2107 440 2289 517 potius
2318 446 2459 509 auri,
2515 460 2636 516 qum
2681 448 2956 517 serpentis
2985 448 3277 502 consilium
3309 448 3675 510 auscultarit;

429 554 687 614 metuque
730 545 948 599 concuti
1000 559 1064 600 ac
1097 558 1314 616 pavere.
1360 542 1502 598 Nam
1530 554 1659 598 ante
1700 543 1999 599 admissum

426 636 642 703 scelus,
695 643 1080 706 gustatamque
1124 636 1416 699 arborem,
1471 634 1622 688 nulla
1674 631 2000 688 verecundia

426 728 754 784 tenebantur
784 728 855 780 ob
884 727 1210 790 nuditatem,
1239 725 1412 795 idque
1435 724 1650 781 duabus
1680 725 1747 780 de
1774 724 1958 780 causis
1984 741 2001 779 :

427 829 485 875 et
511 820 639 891 quia
669 819 852 874 amicti
884 830 1044 874 erant
1085 820 1281 889 gloria,
1322 827 1377 872 et
1412 818 1543 888 quia
1589 817 1735 872 nulla
1782 816 2003 887 pudoris

425 914 688 983 cogitatio
731 913 948 968 animos
990 913 1234 986 ipsorum
1266 910 1487 967 subibat
1531 911 1847 981 priusquam
1879 924 2005 979 pec-

424 1013 662 1061 cassent.
711 1005 782 1058 At
833 1012 1120 1074 postquam
1181 1003 1395 1059 facinus
1446 1002 1806 1064 commisere.
1857 1001 2003 1056 Deus

425 1096 576 1166 ipsos
620 1095 795 1165 gloria
846 1094 934 1147 illa
977 1094 1151 1155 exuit.
1196 1102 1250 1150 et
1295 1094 1458 1148 simul
1505 1092 1730 1161 pudoris
1779 1106 2001 1148 sensum

424 1185 623 1243 indidit
671 1196 730 1242 ut
780 1201 846 1241 eo
891 1186 1355 1257 perstringeretur
1407 1192 1730 1254 peccatum,
1776 1184 2006 1254 ejusque

424 1280 661 1348 impetus
692 1295 755 1333 ac
785 1278 969 1334 fervor
1011 1281 1459 1349 restringeretur.
1494 1278 1662 1349 igitur
1704 1278 1849 1346 quod
1881 1282 1958 1331 ait
1987 1294 2000 1331 :

424 1370 815 1443 Cognoverunt,
847 1371 1072 1445 perinde
1096 1380 1184 1426 est
1216 1385 1280 1428 ac
1304 1372 1350 1427 si
1381 1373 1558 1427 dicat:
1592 1370 2005 1449 Pudoreoﬁ'ecti

421 1476 567 1519 sunt.
602 1466 780 1519 Porro
806 1464 852 1519 si
882 1474 1092 1536 quzerat
1124 1464 1347 1534 aliquis,
1379 1463 1444 1518 ad
1480 1477 1731 1532 quaenam
1760 1462 2004 1532 corporis

423 1555 672 1611 membra
700 1558 1045 1626 potissimum
1069 1555 1398 1625 spectaverit
1424 1555 1525 1610 iste
1547 1554 1741 1625 pudor,
1766 1553 2005 1609 dicimus

421 1647 495 1702 ad
540 1649 796 1719 genitalia
845 1647 1132 1713 membra;
1186 1646 1347 1715 idque
1388 1647 1531 1703 hanc
1571 1646 1645 1701 ob
1679 1660 1832 1710 rem,
1871 1645 2004 1717 'qula

420 1753 549 1793 cum
573 1740 753 1795 acrior
774 1739 1262 1809 vehementiorque
1283 1739 1355 1792 sit
1381 1740 1485 1793 iste
1507 1736 1721 1793 caeteris
1747 1738 2004 1792 omnibus

2104 550 2199 594 aut
2226 539 2410 603 oculo,
2452 540 2545 610 qui
2589 538 2805 593 arboris
2846 538 3273 609 pulchritudine,
3321 541 3500 593 vietus
3548 549 3674 603 est;

2105 640 2201 687 aut
2231 633 2502 695 manibus,
2532 647 2654 702 quae
2685 630 2897 688 fructus
2922 634 3272 703 decerpsere;
3307 643 3402 688 aut
3429 635 3508 685 ori
3528 634 3675 702 quod

2108 724 2355 788 voravit,
2414 731 2512 779 aut
2559 724 2798 796 denique
2848 728 3059 789 ventri,
3110 726 3204 796 qui
3263 726 3521 796 excepit?
3578 723 3679 781 llic

2106 812 2536 882 respondemus;
2588 829 2712 868 cum
2765 814 2812 868 is
2844 814 3068 870 allectus
3115 814 3209 883 qui
3244 815 3389 867 circa
3434 814 3678 869 membra

2109 904 2367 975 genitalia
2426 915 2722 971 versatur,
2783 907 3115 976 pertinacior
3166 906 3547 977 dliiiciliorqne
3605 908 3679 963 sit

2106 999 2321 1053 caeteris
2371 999 2627 1054 omnibus
2668 999 2836 1054 animi
2889 1001 3395 1071 perturbationibus
3446 1018 3568 1071 qua:
3622 1004 3678 1057 in

2107 1091 2267 1146 nobis
2320 1097 2473 1158 sunt,
2508 1106 2647 1161 opus
2683 1101 2800 1145 erat
2850 1093 3178 1146 verecundia
3230 1102 3489 1163 tanquam
3525 1092 3682 1149 freno

2108 1181 2312 1251 injecto
2349 1197 2460 1251 quo
2491 1191 2776 1252 peccatum
2800 1196 2863 1236 ea
2915 1182 2969 1236 in
3001 1193 3153 1251 parte
3197 1186 3544 1241 cobibcretur
3579 1203 3595 1239 ε
3628 1196 3683 1239 et

2108 1273 2274 1330 simul
2328 1284 2392 1330 ut
2430 1289 2532 1329 nos
2587 1275 2686 1343 ipsi
2739 1276 2803 1328 ad
2863 1275 3172 1328 habendum
3228 1277 3354 1331 odio
3397 1288 3681 1344 peceatum

2109 1365 2519 1430 inducerentur,
2548 1376 2605 1421 ut
2649 1382 2715 1421 ex
2747 1382 2858 1436 quo
2913 1367 3206 1422 illiusmodi
3244 1370 3567 1427 verecundia
3622 1372 3681 1428 is.

2108 1459 2270 1515 nobis
2301 1470 2429 1514 nata
2460 1460 2551 1515 sit.
2580 1460 2646 1514 Et
2682 1475 2810 1514 vero
2841 1475 2966 1514 cum
3008 1462 3217 1515 arbitrii
3249 1464 3419 1519 nostri
3456 1463 3685 1520 libertas

2108 1567 2217 1608 non
2274 1550 2410 1609 satis
2457 1552 2659 1607 valeret
2723 1552 2841 1607 sola
2902 1555 3047 1608 hunc
3096 1554 3350 1610 allectum
3409 1554 3681 1623 domare,

2107 1651 2275 1716 atque
2296 1643 2365 1698 ad
2387 1656 2453 1700 se
2476 1640 2826 1700 referendum
2873 1645 3091 1717 adigere
3119 1664 3133 1712 ;
3168 1648 3425 1716 adjnﬂsit
3452 1648 3502 1704 ei
3540 1648 3684 1704 Deus

2106 1734 2536 1800 verecundiam,
2604 1752 2714 1805 quo
2785 1735 2980 1792 saltem
3044 1738 3322 1792 communi
3396 1738 3682 1811 utriusque

421 1830 707 1888 al'cctibus
726 1830 954 1902 (quippe
974 1832 1069 1900 qui
1094 1829 1149 1884 in
1172 1806 1546 1886 animantibus
1571 1831 1797 1886 rationis
1817 1847 2007 1903 caper.
2033 1806 2079 1863 Β
2109 1841 2279 1899 opera
2318 1827 2692 1892 cobibcretur,
2738 1828 3233 1900 cxcindereturque
3265 1850 3279 1886 :
3311 1833 3524 1889 arbitrii
3558 1806 3682 1906 qui-

422 1921 569 1977 tibus
599 1937 820 1993 quoque
853 1921 1189 1994 dominetur)
1227 1921 1400 1977 voluit
1437 1938 1619 1977 rerum
1650 1923 1827 1991 opifex
1865 1922 2009 1978 Deus

423 2013 662 2085 primum
697 2014 904 2086 pudore
949 2015 1212 2071 effrenem
1262 2015 1413 2071 illum
1464 2024 1629 2083 atque
1679 2016 2004 2071 indomitum

423 2102 693 2159 fervorem
746 2102 1019 2159 cohibere.
1081 2106 1312 2175 insuper
1358 2105 1411 2160 id
1452 2121 1668 2177 qtmque
1715 2106 2004 2162 obscuram

420 2188 649 2267 ilignum
671 2206 777 2259 est.
800 2200 1011 2268 primos
1032 2208 1289 2269 parentes
1311 2209 1602 2269 antequam
1625 2200 1677 2253 dt
1695 2198 2005 2271 iquissent,

421 2296 483 2345 et
507 2290 753 2344 animum
785 2288 1009 2359 ingenio
1036 2301 1091 2345 et
1113 2305 1317 2362 corpus
1347 2292 1518 2361 gloria
1556 2294 1830 2347 excultum
1860 2308 2009 2346 cmu-

427 2384 689 2448 ptnmque
727 2377 1005 2443 habuisse,
1037 2391 1225 2450 postea
1260 2393 1391 2436 vero
1423 2397 1584 2451 quam
1629 2392 2005 2454 peccavtrant.

424 2475 628 2527 exutos
652 2473 873 2543 quidem
899 2489 1024 2530 esse
1052 2474 1299 2544 corporis
1327 2474 1525 2546 gloria,
1553 2485 1807 2531 caeterum
1838 2477 2004 2532 animi

424 2563 833 2635 intelligentiam
886 2566 1182 2621 retinuisse
1231 2584 1245 2621 :
1288 2568 1546 2623 nimirum
1602 2576 1661 2621 ut
1715 2583 1812 2639 per
1866 2567 2007 2623 hanc

423 2666 786 2725 agnoscerent
842 2673 1003 2713 suum
1075 2668 1398 2725 peccatum,
1465 2669 1627 2729 atque
1692 2659 2007 2729 poenitentia

422 2749 794 2815 ducerentur;
850 2751 978 2807 hinc
1033 2753 1180 2805 enim
1224 2752 1447 2816 evenit,
1506 2762 1569 2805 ut
1626 2750 1790 2808 simul
1844 2762 2007 2822 atque

424 2837 645 2896 facinus
704 2842 1005 2909 iecissent,
1058 2842 1378 2913 agnovtwint
1444 2858 1601 2898 suam
1666 2843 2006 2908 nuditatem,

425 2933 893 3005 eruliuerintque,
958 2950 1024 2989 ac
1075 2937 1313 2991 horrore
1366 2943 1712 3003 tremoreqne
1769 2934 2006 3005 correpti

428 3032 659 3078 mortem
688 3026 1028 3093 expaverint,
1058 3035 1187 3082 ante
1215 3026 1316 3081 sibi
1359 3042 1453 3090 per
1498 3026 1673 3081 mittas
1713 3027 2008 3082 denuntia-

2109 1919 2235 1975 dem
2289 1920 2447 1974 liberi
2498 1921 2728 1991 judicio,
2788 1922 2840 1975 in
2886 1922 3107 1989 anima;
3160 1927 3501 1982 verecundia;
3555 1944 3687 1984 vero

2111 2010 2301 2078 frenis,
2338 2014 2395 2067 in
2424 2028 2675 2082 corpore.
2709 2014 2920 2086 Quippe
2961 2019 3171 2072 multos
3216 2021 3475 2077 mortales
3512 2024 3687 2093 pudor

2112 2113 2275 2174 atque
2327 2105 2655 2161 verecundia
2717 2107 2895 2178 magis
2949 2109 3181 2166 deterret
3234 2113 3598 2185 prohibetque
3655 2132 3686 2168 ει

2110 2196 2382 2266 patrando
2416 2213 2480 2253 co
2507 2200 2653 2271 quod
2691 2201 2997 2272 improbum
3044 2214 3149 2266 est,
3188 2221 3355 2275 quam
3405 2205 3544 2273 legis
3591 2220 3687 2263 aut

2105 2289 2299 2359 judieii
2331 2291 2601 2345 subeundi
2638 2302 2860 2359 metus;
2904 2304 3099 2365 estque
3129 2297 3250 2366 ejus
3278 2298 3357 2354 rei
3390 2316 3655 2367 argumen

2113 2386 2251 2445 tum,
2307 2381 2453 2449 quod
2506 2380 2665 2436 bruta
2719 2382 3021 2438 animantia
3073 2398 3199 2456 qua
3271 2391 3421 2443 ontni
3482 2390 3690 2459 pudore

2110 2481 2330 2534 vacant,
2366 2488 2591 2542 prorsus
2632 2489 2742 2529 non
2774 2474 3053 2531 refrensnt
3087 2474 3689 2551 libidinls'-suae'imp‘e-

2111 2571 2225 2618 tum
2259 2580 2369 2634 quo
2421 2566 2473 2618 in
2533 2564 2767 2621 feminas
2811 2569 3101 2639 rapiuntur
3153 2572 3295 2627 victa
3326 2576 3397 2629 ab
3449 2574 3685 2645 ingenita

2110 2670 2225 2712 suae
2250 2657 2497 2726 ipsorum
2535 2670 2761 2724 natum,
2790 2664 3107 2731 cupiditate.
3149 2667 3213 2718 At
3242 2666 3493 2720 homines
3518 2669 3684 2723 ctiam

2111 2749 2156 2803 si
2209 2762 2315 2802 non
2363 2751 2574 2805 minore
2616 2760 2779 2819 atque
2825 2751 2914 2807 illa
2962 2754 3205 2810 libidinis
3252 2757 3302 2810 vi
3367 2771 3686 2829 urge-antur,

2110 2848 2296 2897 tamen
2338 2843 2408 2896 ab
2469 2857 2532 2897 ca
2588 2843 2879 2913 explenda,
2937 2844 3148 2915 pudore
3202 2862 3311 2916 quo
3352 2841 3495 2919 apud
3549 2852 3690 2905 alios

2113 2928 2365 2988 homines
2408 2937 2872 2996 verecundanlur,
2933 2940 3177 2993 revocari
3228 2938 3509 3006 videmus,
3550 2942 3690 2997 adeo

2113 3033 2175 3079 ut
2206 3041 2273 3081 ne
2296 3025 2541 3094 legitimo
2568 3027 2788 3097 quidem
2817 3030 3098 3084 connubio
3126 3032 3419 3102 ’prnpalant
3461 3041 3688 3089 utantur

428 3126 566 3174 tam.
600 3115 755 3173 Unde
781 3129 835 3172 et
868 3116 1110 3173 lacubus
1154 3119 1483 3189 Barugeusis
1509 3120 1576 3173 ad
1611 3121 1755 3174 hunc
1786 3124 2006 3175 modum
2036 3146 2083 3211 ο
2114 3120 2262 3174 sicut
2308 3119 2434 3175 aliis
2470 3118 2656 3182 rebus,
2691 3119 2785 3175 sed
2818 3120 3054 3177 latentes
3092 3122 3355 3193 tectique.
3385 3121 3690 3181 Conficitur

426 3207 621 3263 scribit
654 3226 669 3262 :
705 3208 995 3267 Peccatum
1033 3212 1190 3267 initio
1233 3227 1398 3284 supra
1443 3210 1667 3267 modum
1709 3212 1920 3282 placet;
1954 3220 2010 3266 at
2052 3207 2074 3211 ⁷
2114 3209 2323 3282 itaque.
2355 3211 2696 3266 verecundiae
2737 3210 2991 3266 affectum
3025 3215 3149 3268 ideo
3178 3214 3249 3268 ab
3276 3230 3457 3269 rerum
3494 3220 3688 3287 opitice

430 3301 486 3355 ist
535 3300 642 3355 tlne
692 3299 901 3356 luctum
955 3303 1100 3373 parit
1147 3305 1406 3373 patranti.
1452 3303 1597 3359 Cum
1644 3304 1793 3359 enim
1847 3304 2009 3374 primi

426 3405 680 3459 parentes
708 3394 1001 3463 cupiditate
1032 3393 1308 3452 ferrentur
1350 3396 1407 3451 in
1454 3395 1602 3449 illam
1637 3394 1912 3458 arborem,
1943 3393 2009 3448 de

428 3482 544 3553 ipsa
589 3485 819 3552 edendi;
869 3495 924 3540 et
968 3486 1140 3541 Deum
1186 3485 1367 3557 ipsum
1415 3495 1471 3541 et
1503 3486 1712 3557 legem,
1764 3498 1875 3557 prte
1920 3484 2010 3538 illa

429 3575 583 3644 parvi
620 3574 932 3643 pendebant
965 3593 981 3629 :
1012 3575 1104 3631 ubi
1132 3576 1397 3640 edissont,
1427 3576 1727 3645 nudatique
1759 3572 2012 3629 erubuis-

430 3675 579 3730 sent,
604 3666 734 3721 odio
755 3667 932 3739 ipsum
960 3677 1089 3723 sunt
1118 3669 1427 3737 prosecuti;
1456 3680 1839 3737 memoresque
1866 3666 2012 3721 illius

431 3760 723 3829 praerpti:
756 3758 977 3826 Quadis
1008 3761 1224 3815 duritia
1259 3772 1424 3813 morte
1457 3759 1775 3819 inerietnitu',
1811 3769 2012 3827 pavore

431 3851 834 3920 eapaiiuerunt.
897 3848 967 3905 Et
1013 3852 1507 3922 conglutinauerunt
1562 3852 1696 3919 folia
1742 3850 2009 3919 ﬁculnea,

432 3942 766 4014 feceruntque
811 3943 913 3997 sibi
959 3943 1317 4015 subligaculo.
1366 3940 1636 3997 Nimirum
1695 3942 1825 3997 folia
1869 3940 2015 3996 foliis

431 4037 836 4103 consociantes,
880 4036 1044 4092 cincti
1081 4038 1313 4093 formam
1366 4036 1661 4107 quamdam
1717 4033 2017 4090 concinna-

435 4128 602 4194 bant;
655 4134 825 4184 vestis
874 4142 1049 4199 genus
1116 4143 1308 4200 parum
1371 4129 1574 4184 det-eus
1638 4136 1802 4196 atque
1862 4126 2015 4180 inlit-

433 4202 585 4274 tnult
627 4221 814 4283 etiam,
866 4227 1051 4289 utpote
1094 4220 1241 4291 quod
1286 4219 1419 4275 solis
1489 4220 1539 4271 vi
1611 4216 1911 4272 arefactum
1930 4214 2012 4269 fa-

434 4310 541 4366 cile
590 4319 891 4367 emarceret
937 4310 1397 4379 dilabereturque,
1445 4319 1499 4364 et
1530 4324 1639 4379 quo
1670 4322 1849 4377 neque
1879 4308 2013 4361 satis

437 4410 540 4470 pro
572 4401 850 4454 voluntate
894 4409 949 4454 et
982 4402 1269 4456 commode
1318 4414 1498 4472 neque
1533 4398 1627 4454 diu
1669 4399 2015 4468 multumque

2094 3304 2226 3357 'Deo
2288 3302 2523 3357 inditum
2587 3318 2710 3359 esse
2765 3306 3096 3374 genitalibus
3154 3306 3440 3363 hominum
3507 3314 3689 3381 potius

2113 3407 2278 3463 quam
2311 3392 2437 3449 aliis
2467 3394 2752 3459 membris,
2787 3406 2846 3449 ut
2878 3405 3165 3464 peccatum
3202 3397 3253 3450 in
3297 3398 3406 3453 illis
3442 3400 3690 3471 partibus

2116 3483 2469 3551 moderetur;
2527 3484 2809 3556 simulque
2885 3486 2937 3540 id
2985 3487 3149 3541 nobis
3202 3489 3440 3544 invisum
3500 3490 3689 3559 facint,

2117 3588 2329 3645 nosque
2392 3575 2464 3630 ab
2518 3574 2639 3645 ipso
2714 3576 3051 3631 admittendo
3115 3578 3420 3646 deterreat;
3495 3592 3559 3639 ut
3619 3598 3688 3639 es

2111 3678 2230 3735 quo
2256 3665 2371 3734 ipsa
2400 3662 2726 3721 verecundia
2765 3667 2825 3721 in
2854 3667 3059 3721 nostris
3088 3668 3288 3723 animis
3314 3678 3462 3725 orta.

2186 3755 2297 3810 Cur
2335 3754 2478 3814 Deus
2508 3757 2692 3812 siverit
2737 3757 3004 3812 Adamnan
3049 3774 3286 3828 peccare.
3341 3761 3565 3818 Arbitrii
3611 3758 3689 3816 fio

2117 3849 2416 3903 Μηίων-
2464 3846 2605 3903 Sunt
2664 3850 2758 3919 qui
2814 3849 2903 3904 itit:
2962 3851 3332 3922 interrogent,
3397 3867 3500 3909 cur
3546 3853 3690 3910 Dens

2116 3943 2391 3996 Adamnan
2433 3951 2465 3995 a
2497 3941 2779 4012 peccando
2823 3958 2931 3996 non
2980 3943 3392 4000 absterruetit?
3436 3944 3547 4002 Nos
3602 3965 3688 4003 rc-

2114 4031 2447 4103 spondetnus
2469 4032 2520 4087 id
2547 4048 2891 4104 nequaquam
2941 4049 3011 4090 eo
3029 4034 3233 4090 factum
3256 4050 3381 4093 esse
3397 4039 3542 4110 quod
3568 4041 3691 4111 ejus

2116 4121 2354 4180 faciundi
2381 4124 2611 4181 facilitas
2643 4125 2757 4181 Deo
2780 4124 3038 4192 defuerit,
3076 4132 3172 4186 sed
3205 4145 3275 4184 ne
3320 4130 3428 4184 vim
3469 4131 3691 4187 alierrct

2116 4216 2358 4273 libertati
2405 4217 2621 4273 arbitrii
2665 4218 2816 4282 Ada,
2848 4233 3041 4276 «nive
3091 4224 3446 4304 opprimeret.
3483 4225 3687 4279 Deinde

2118 4308 2323 4363 frustra
2350 4307 2522 4380 legem
2555 4308 2634 4362 illi
2663 4311 3095 4379 prescripsisaet
3141 4316 3187 4367 si
3236 4314 3464 4385 insuper
3490 4331 3521 4369 ει
3552 4330 3686 4386 pec-

2117 4397 2293 4453 cando
2324 4398 2678 4461 coercuisset,
2717 4399 2887 4454 veluti
2930 4414 3096 4455 manu
3141 4402 3364 4472 injecta.
3420 4403 3687 4460 Praeterea

438 4491 520 4547 uti
566 4503 814 4563 possunt.
865 4492 1135 4547 Credibile
1183 4499 1269 4548 est
1308 4503 1494 4549 autem
1533 4491 1698 4546 Evam
1740 4487 2009 4560 ejusmodi
2049 4489 2247 4547 Dideo
2305 4490 2479 4543 etiam
2547 4489 2724 4544 noluit
2779 4490 2933 4545 illum
2995 4507 3029 4546 a
3088 4492 3295 4563 ﬂagitio
3352 4498 3689 4552 admittendo

436 4581 837 4655 subiigaculum
887 4586 1122 4654 priorem
1157 4582 1379 4648 iecisse,
1418 4597 1627 4653 suaque
1656 4597 1724 4638 eo
1761 4580 2012 4651 pudenda

437 4676 667 4734 velasse.
696 4684 885 4745 utpote
910 4689 1033 4745 qua
1054 4676 1204 4744 prior
1228 4675 1404 4746 legem
1432 4673 1750 4736 violaverat,
1773 4672 2013 4730 Adamn-

437 4782 549 4838 qua
579 4767 842 4821 nuditatis
879 4780 1043 4823 causa
1076 4765 1295 4833 fuerat;
1336 4775 1454 4821 tum
1481 4765 1651 4820 etiam
1701 4766 1850 4821 illius
1881 4780 2013 4820 cou-

439 4861 568 4918 silio
624 4859 827 4914 Factum
885 4873 1009 4913 esse
1061 4871 1119 4912 ut
1182 4858 1284 4914 iste
1349 4857 1478 4912 folia
1538 4858 1824 4920 indueret,
1885 4858 2013 4927 quia

443 4953 642 5008 marito
666 4964 769 5006 suo
798 4960 1002 5005 vestem
1036 4952 1166 5004 olim
1206 4953 1321 5020 ipsa
1351 4961 1676 5005 contestura
1707 4958 1872 5006 esset.
1907 4950 2013 5005 Sed

441 5062 542 5102 cur
592 5060 705 5100 non
753 5055 1008 5115 aptarunt
1064 5044 1180 5099 suis
1236 5042 1415 5098 oculis
1478 5042 1723 5097 velamen
1782 5058 1847 5096 es
1908 5043 2015 5096 illis

441 5137 609 5200 foliis,
638 5145 737 5191 aut
778 5136 1026 5190 manicas
1076 5136 1354 5202 manibus,
1402 5136 1487 5189 vel
1544 5136 1749 5205 caligas
1786 5135 2015 5205 pedibus

445 5230 731 5302 tegendis?
774 5239 873 5282 aut
912 5228 1151 5294 denique
1201 5243 1302 5282 cur
1357 5242 1467 5282 non
1518 5226 1627 5281 alio
1699 5230 1861 5281 modo
1904 5229 2014 5299 alia

446 5325 696 5394 corporis
727 5322 969 5376 tnembra
1004 5322 1324 5385 affecerunt,
1360 5319 1454 5375 sed
1502 5320 1639 5375 solis
1688 5318 2015 5388 genitalibus

448 5415 803 5482 cetuegendis
863 5413 1201 5481 subligaculo
1277 5411 1724 5483 compararunt!
1761 5411 1847 5469 Ad
1914 5414 2015 5465 hoc

450 5507 627 5565 facilis
674 5513 760 5561 est
802 5507 1108 5575 responsio.
1155 5503 1293 5571 Quia
1347 5505 1730 5559 verecundiam
1781 5504 2014 5574 primum

452 5602 538 5654 bis
566 5598 821 5671 partibus
849 5596 1041 5651 indidit
1076 5598 1241 5661 Deus,
1278 5595 1402 5650 ideo
1425 5609 1858 5650 consentaneum
1896 5605 2018 5648 erat

450 5701 511 5746 ut
532 5690 708 5761 prima
750 5688 949 5743 cinrtis
996 5686 1234 5743 obducta
1283 5693 1723 5758 contegerentur.
1766 5682 1871 5740 Sed
1919 5701 2016 5740 cur

447 5780 773 5841 verecundia
816 5781 903 5838 his
941 5779 1188 5851 partibus
1222 5793 1252 5834 a
1283 5778 1395 5836 Deo
1451 5786 1536 5835 est
1582 5778 1765 5846 insita,
1796 5792 1857 5835 ac
1908 5793 2012 5834 non

2119 4593 2331 4643 arcere.
2393 4589 2455 4637 ut
2502 4583 2738 4649 gratiam
2771 4582 3172 4653 pra-minioque
3205 4588 3480 4640 demereri
3506 4599 3691 4655 posset

2117 4681 2375 4740 tanquam
2412 4673 2509 4742 qui
2542 4688 2642 4727 sua
2671 4673 2786 4743 ipse
2811 4676 3094 4729 voluntate
3118 4691 3150 4730 a
3167 4679 3397 4733 “scelere
3421 4682 3688 4749 patrando

2116 4775 2265 4819 esset
2292 4773 2559 4828 retentus,
2600 4780 2710 4821 non
2755 4777 2939 4821 autem
2967 4783 3062 4833 per
3103 4768 3208 4821 vim
3259 4772 3572 4839 impeditus.
3607 4776 3688 4828 Ad

2117 4856 2235 4910 hinc
2274 4870 2387 4926 quo
2430 4858 2862 4919 itttltcciilitatttn
2922 4875 3075 4913 suam
3124 4873 3483 4927 agnoscerent
3530 4866 3689 4935 primi

2119 4950 2292 5003 nostri
2343 4959 2621 5019 parentes,
2673 4966 2850 5021 neque
2892 4967 2987 5017 per
3038 4970 3226 5006 sanum
3279 4954 3512 5025 gloriam
3558 4958 3689 5027 dati

2068 5060 2071 5063 ι
2117 5041 2425 5112 praecipites
2479 5053 2738 5108 ruerent,
2811 5044 2955 5099 sicut
3022 5045 3276 5099 Satanas.
3343 5046 3479 5102 Nam
3536 5053 3688 5119 quod

2113 5137 2355 5187 scientes
2396 5142 2736 5201 peccassent,
2786 5137 3048 5191 conscios
3092 5138 3330 5192 reddidit
3380 5154 3499 5194 suav
3537 5141 3689 5211 ipsos

2117 5226 2481 5293 infirmitatis,
2534 5240 2703 5298 atque
2749 5237 2807 5282 ut
2853 5228 3135 5283 humiliter
3161 5231 3229 5284 de
3275 5245 3338 5287 se
3377 5232 3483 5300 ipsi
3514 5236 3689 5288 senti-

2119 5327 2262 5385 rent,
2302 5318 2500 5373 eﬂecit.
2543 5317 2787 5388 Denique
2827 5331 2887 5373 ut
2919 5334 3042 5373 cun!
3088 5332 3282 5391 suapte
3327 5333 3523 5390 sponte
3554 5325 3688 5379 deii-

2119 5413 2399 5479 quissent,
2456 5419 2617 5481 atque
2672 5427 2703 5465 e
2750 5412 3011 5481 paradiso
3055 5414 3394 5469 excidissent
3436 5416 3489 5469 iu
3540 5417 3688 5471 hunc

2118 5501 2389 5557 mundum
2458 5504 2624 5560 rebus
2676 5505 2920 5559 adversis
2991 5506 3342 5575 molestisque
3392 5504 3686 5563 refertissio

2120 5606 2293 5658 nsum,
2341 5593 2483 5648 facta
2535 5596 2820 5666 utriusque
2863 5597 3054 5650 mundi
3093 5597 3236 5650 inter
3283 5608 3342 5652 se
3378 5600 3690 5664 collatione,

2121 5684 2272 5740 illum
2302 5686 2556 5742 omnibus
2586 5687 2745 5743 bonis
2789 5698 2843 5748 et
2876 5690 3073 5759 gaudio
3102 5689 3323 5756 plenum
3357 5694 3498 5760 apud
3537 5706 3689 5745 men.

2123 5788 2227 5834 tem
2267 5792 2423 5836 suam
2459 5794 2672 5851 semper
2707 5792 2985 5837 versarent
3006 5800 3031 5841 ,ι
3064 5797 3187 5837 nam
3217 5781 3317 5837 nisi
3355 5786 3683 5861 οτιιειᾱοιιιὶιι
3712 5845 3717 5850 ,
