4082 6160
442 324 547 385 559

1728 322 1958 382 MOSIS
1998 321 2147 383 ΒΑΗ
2189 322 2436 382 CEPIH

3589 322 3689 383 sco

444 438 721 509 cognitum
760 438 907 491 hunc
948 435 1176 491 altermn
1225 434 1567 496 habuissent,
1616 448 1893 503 nunquam
1933 432 2023 489 ille
2052 439 2096 497 Α
2131 431 2402 488 duntaxat
2446 447 2621 504 poma:
2665 434 2920 499 absolvit,
2957 434 3058 488 hoc
3106 440 3212 496 est,
3247 447 3313 487 ne
3362 449 3427 487 eo
3465 434 3584 503 ipso
3606 436 3691 488 die

444 540 707 598 quantum
755 529 885 581 huic
928 536 1166 596 prmstet,
1214 536 1401 581 exacte
1452 525 1866 580 intellexissent.
1913 523 2018 579 Po—

442 636 666 679 stremo.
715 632 772 674 ut
806 620 934 673 dum
970 618 1202 673 subinde
1249 633 1281 672 a
1315 626 1534 687 peccato
1577 617 2019 685 interpellarelur

447 714 639 767 Adami
675 712 906 782 Evmque
952 712 1230 774 voluntas,
1267 709 1614 765 erudirentur
1657 708 1758 779 ipsi
1792 710 1857 763 sl
1890 724 2021 779 pec-

2118 533 2495 589 morcrentur;
2526 527 2820 596 caeleroqui
2869 540 2979 579 non
3008 526 3233 578 sustulit
3263 538 3493 594 prorsus
3539 538 3690 578 tum.

2120 623 2250 668 tem.
2300 612 2416 669 Non
2458 624 2542 670 est
2589 616 2773 686 itaque
2823 616 2941 671 falsi
2978 614 3384 669 insimulandns
3429 613 3570 675 Deus
3600 614 3690 682 qui

2119 719 2217 776 per
2246 706 2393 760 illam
2423 707 2857 763 misericordiam
2890 707 3046 761 venia
3079 706 3333 776 dignatus
3364 715 3451 762 est
3475 715 3694 760 nostros

426 802 554 860 cati
598 806 785 858 odium
835 813 999 873 atquc
1055 803 1259 873 fugam,
1324 810 1582 871 tanquam
1646 800 1769 869 ejus
1821 813 1851 854 a
1908 814 2019 868 quo
2047 797 2092 859 ί,
2121 798 2330 867 primos
2376 808 2648 869 parentes,
2683 800 3048 870 meritamque
3094 813 3311 870 ptenam
3359 800 3557 867 partim
3592 812 3690 853 re-

449 901 692 968 ingeutes
718 896 1057 966 accepissent
1083 893 1461 955 calamitates;
1492 902 1657 962 atque
1681 907 1745 948 ea
1770 892 2019 949 doctrina

448 993 516 1045 ab
551 989 657 1043 illis
701 988 769 1042 ad
827 1002 928 1043 nos
978 1001 1152 1056 usque
1184 995 1597 1055 propagaretur,
1651 985 1807 1053 quasi
1852 999 2017 1038 manu

448 1079 665 1135 tradita.
714 1078 1003 1132 Enimvero
1049 1077 1267 1146 quoties
1320 1075 1581 1143 peccandi
1629 1076 1850 1131 occasio
1897 1090 2020 1132 sese

447 1173 605 1226 nobis
635 1170 814 1234 oﬂ‘ert,
854 1178 1051 1238 prasto
1081 1169 1279 1223 adsunt
1325 1168 1486 1223 nobis
1525 1168 1670 1238 leges
1698 1185 1837 1238 quas
1872 1167 2021 1225 Deus

447 1264 604 1319 uobis
658 1263 947 1331 imperavit
991 1270 1049 1317 ut
1103 1262 1238 1331 ipsis
1278 1274 1632 1316 coerceatnur
1677 1275 1705 1313 a
1752 1261 2020 1330 patrando

446 1366 692 1425 peccato.
729 1356 874 1421 Quin
908 1354 1121 1426 legibus
1158 1354 1291 1423 ipsis
1325 1354 1490 1407 etiam
1522 1353 1828 1407 subsidium
1867 1352 2020 1408 addi-

445 1450 525 1503 dit
569 1464 690 1503 eam
737 1463 858 1516 qua:
891 1447 1180 1501 doctorum
1226 1444 1409 1500 verbis
1444 1444 1500 1498 lit
1552 1444 2017 1515 redargutionem,

446 1539 578 1592 utsi
635 1538 853 1607 quando
909 1536 1172 1607 ﬂagitium
1229 1537 1655 1601 admiserimus,
1722 1547 1833 1590 tum
1895 1536 2017 1590 latis

443 1632 678 1699 legibus,
730 1641 843 1685 tum
895 1645 960 1684 ea
1006 1630 1173 1684 etiam
1230 1630 1605 1699 increpatione
1640 1644 1746 1698 qua
1794 1639 2017 1699 peccata

449 1723 629 1778 verbis
660 1723 1124 1793 perstringuntur,
1169 1722 1477 1775 indicantur
1521 1723 1587 1775 ad
1619 1722 2016 1790 pmnitentiam,

2121 889 2297 954 misit,
2364 907 2542 962 neque
2595 908 2664 948 eo
2720 894 2841 963 ipso
2884 907 2993 961 quo
3033 894 3247 947 dixerat
3300 890 3390 946 die
3440 889 3692 960 peremit.

2124 980 2268 1039 Sunt
2308 985 2528 1054 quidem
2558 986 2651 1055 qui
2677 982 2771 1039 Dei
2803 986 2967 1038 verba
3006 984 3088 1039 sic
3125 991 3371 1039 tutentur
3399 991 3458 1036 ut
3484 982 3695 1039 obiisse

2124 1087 2359 1131 mortem
2394 1077 2519 1131 illos
2545 1078 2881 1132 contendant
2907 1093 3018 1148 quo
3045 1077 3134 1133 die
3158 1078 3506 1149 deliquerunt
3532 1094 3549 1130 :
3580 1092 3691 1134 non

2122 1167 2342 1235 quidem
2387 1169 2634 1239 corporis
2669 1179 2900 1225 mortem
2948 1171 3044 1225 sed
3088 1169 3282 1233 animi,
3313 1185 3437 1241 quae
3468 1186 3533 1225 es
3566 1184 3693 1238 pce-

2123 1266 2250 1312 cato
2298 1267 2583 1313 nascatur.
2616 1257 2818 1315 Verum
2864 1260 3066 1315 frustra
3097 1272 3185 1317 est
3224 1261 3339 1317 haec
3386 1264 3693 1328 excusatio,

2121 1352 2341 1420 quando
2367 1367 2471 1406 non
2511 1363 2742 1408 mortem
2766 1354 2963 1407 animae
2998 1354 3092 1409 sed
3123 1355 3396 1425 corporis,
3440 1356 3544 1410 hoc
3584 1365 3691 1421 est,

2120 1460 2245 1516 qua:
2277 1447 2450 1515 ipsam
2496 1446 2737 1501 animam
2788 1461 2818 1499 a
2867 1462 3099 1515 corpore
3128 1448 3454 1503 dissociaret
3478 1489 3495 1515 ,
3526 1448 3695 1503 inter-

2124 1536 2366 1591 minatus
2415 1536 2521 1591 illis
2573 1535 2748 1592 fuerat
2784 1536 2945 1593 Deus.
2997 1536 3118 1591 Jam
3171 1553 3302 1592 vero
3342 1538 3473 1592 illud
3527 1547 3693 1592 restat

2122 1630 2326 1694 dicere,
2357 1646 2452 1682 cur
2484 1645 2592 1683 non
2624 1628 2821 1685 obierit
2852 1632 3022 1684 Adam
3054 1646 3164 1700 quo
3199 1631 3286 1685 die
3312 1632 3424 1686 edit
3452 1629 3693 1684 fructum

2126 1724 2246 1794 lege
2284 1722 2642 1791 prohibitum,
2691 1731 2750 1777 ut
2790 1726 2952 1778 minae
2992 1722 3237 1777 futttrum
3272 1723 3693 1784 denuntiarunt,

445 1817 704 1888 dignique
735 1816 1027 1872 reddamur
1049 1817 1251 1886 quibus
1285 1814 1378 1870 fiat
1412 1816 1779 1871 admissorum
1819 1819 2013 1885 gratia.
2050 1796 2090 1853 Β
2125 1814 2220 1868 sed
2254 1812 2560 1868 estenderit
2594 1823 2781 1883 postea
2819 1816 2985 1869 vitam
3023 1829 3181 1869 suam
3217 1817 3283 1869 ad
3338 1815 3529 1869 novies
3564 1828 3698 1867 ceu-

445 1908 598 1962 Sicut
622 1906 827 1962 Paulus
859 1921 1021 1962 suum
1054 1905 1405 1962 Timotheum
1438 1905 1645 1971 scripto
1676 1907 1932 1962 hortatur
1961 1918 2020 1963 ut

444 2000 613 2054 simul
634 2014 761 2054 cum
795 1998 1006 2068 legibus
1030 1997 1142 2067 jam
1173 2006 1286 2052 tum
1320 1998 1512 2067 positis
1535 1996 1827 2067 redarguat
1852 2002 2017 2053 etiam

445 2102 609 2161 atque
668 2089 1032 2160 reprehendat
1081 2098 1419 2159 peccatores,
1480 2102 1593 2158 quo
1650 2102 1752 2142 sua
1797 2098 2019 2159 peccata

446 2192 742 2255 agnoscant
799 2191 854 2238 et
910 2180 1254 2252 paenitudine
1297 2181 1574 2236 ducantur
1597 2179 1668 2235 ".
1726 2182 1806 2235 Ad
1870 2180 2019 2236 hunc

446 2277 613 2330 etiam
660 2275 883 2329 modum
929 2288 1055 2328 cum
1092 2274 1285 2343 primis
1323 2273 1643 2343 parentibus
1687 2282 1869 2327 actum
1912 2285 2015 2328 est.

443 2366 581 2420 Cum
620 2368 767 2422 enim
812 2365 951 2437 ipsis
993 2368 1336 2437 obrepsisset
1373 2374 1682 2436 peccatum,
1718 2367 1833 2435 ipse
1873 2364 2018 2421 Deus

442 2472 539 2516 eos
576 2459 757 2513 verbis
800 2458 1189 2531 reprehendit;
1247 2472 1482 2528 cumque
1516 2457 1786 2527 pcenitere
1828 2470 1889 2513 se
1918 2458 2019 2511 ad-

446 2552 600 2607 missi
645 2552 833 2624 ﬂagitii
883 2552 1268 2614 ostenderent,
1338 2552 1725 2621 quadantenus
1766 2550 2017 2621 ignovit;

444 2643 667 2715 quando
716 2659 827 2700 non
882 2658 993 2716 quo
1044 2644 1136 2700 die
1181 2644 1415 2700 ederunt
1466 2643 1535 2698 de
1580 2642 1743 2699 vetita
1793 2642 2017 2711 arbore,

444 2734 639 2789 eodem
664 2744 722 2789 et
756 2735 866 2790 vita
896 2734 1145 2790 defuncti
1179 2745 1334 2801 sunt,
1368 2733 1515 2790 sicut
1553 2750 1650 2806 per
1683 2736 1859 2791 minas
1884 2735 2020 2807 ipsis

446 2832 831 2889 obnuntiatum
878 2831 1077 2887 fuerat.
1123 2830 1229 2887 Sed
1266 2833 1379 2903 jam
1437 2831 1545 2887 alia
1584 2831 1835 2887 oboritur
1868 2844 2019 2902 qure-

448 2927 596 2991 stio;
664 2939 763 2980 cur
793 2938 902 2978 non
958 2922 1030 2979 sit
1077 2934 1331 2978 mortuus
1376 2922 1543 2977 Adam
1592 2937 1705 2993 quo
1753 2922 1843 2978 die
1906 2922 2023 2978 edit

446 3017 687 3073 fructum
742 3018 971 3071 vetitum
1038 3016 1179 3072 sicut
1241 3015 1633 3071 interminatus
1686 3016 1789 3086 ipsi
1846 3016 2024 3071 fuerat

2128 1907 2389 1961 tesimnm
2427 1916 2482 1961 et
2530 1906 2866 1961 tricesimum
2916 1921 3144 1962 annum.
3185 1905 3356 1977 llujus
3405 1909 3482 1963 rei
3530 1907 3696 1961 varia:

2120 2009 2249 2055 sunt
2304 2014 2507 2055 causae.
2568 1997 2753 2053 Potuit
2811 1998 2955 2054 enim
3010 1999 3154 2056 Deus
3208 2000 3356 2055 illius
3408 2000 3689 2061 misereri.

2123 2092 2617 2161 commeritamque
2648 2090 2885 2161 prunam,
2935 2091 2982 2143 si
3023 2107 3130 2146 non
3178 2105 3421 2156 onmem,
3472 2101 3526 2144 at
3575 2107 3697 2159 par-

2124 2184 2218 2237 tim
2267 2186 2463 2238 saltem
2493 2184 2807 2250 remittere;
2845 2188 2942 2255 qui
2977 2200 3170 2254 magna
3199 2184 3417 2255 quidem
3446 2183 3695 2252 duraque

2124 2277 2347 2333 minari.
2385 2286 2441 2329 at
2489 2277 2700 2332 minora
2753 2277 3114 2347 mollioraque
3162 2276 3405 2347 inﬂigere
3460 2277 3600 2332 Solet
3635 2283 3695 2327 ut

2122 2369 2286 2424 nobis
2313 2369 2566 2423 Ninivita:
2619 2370 2872 2440 exemplo
2917 2370 3088 2425 fuere.
3128 2370 3329 2425 Deinde
3362 2370 3409 2425 si
3454 2369 3526 2422 illi
3566 2384 3693 2422 mox

2122 2478 2249 2517 cum
2281 2463 2527 2517 admisso
2557 2473 2780 2531 peccato
2815 2465 2925 2519 vita
2969 2464 3211 2520 defuncti
3249 2464 3503 2525 fuissent,
3538 2461 3689 2516 nulla

2126 2553 2543 2623 relinquebatur
2594 2554 2929 2626 propagandi
2985 2557 3202 2627 generis
3238 2554 3464 2608 humani
3509 2554 3685 2621 origo.

2121 2643 2391 2704 Praeterea
2438 2648 2527 2703 illa
2562 2648 2654 2703 Dei
2689 2649 2996 2704 benedictio
3030 2665 3045 2701 :
3076 2648 3308 2701 Crescite
3334 2656 3383 2699 et
3433 2644 3694 2714 multipli-

2123 2742 2356 2804 camini,
2406 2752 2763 2812 pmcesserat
2804 2745 2953 2797 diras
3004 2744 3140 2797 istas
3190 2740 3367 2795 minas
3405 2737 3568 2806 :Quo
3613 2738 3696 2791 die

2122 2833 2384 2901 ederitis,
2452 2843 2675 2888 mortem
2735 2834 3051 2889 moriemini.
3112 2833 3340 2903 Insuper
3390 2834 3558 2887 dilata
3612 2843 3696 2887 est

2126 2940 2275 2982 mors
2309 2927 2587 2996 peccantis
2637 2926 2789 2991 Δάαι,
2837 2941 2905 2981 ne
2942 2925 3155 2995 sijusto
3188 2926 3348 2980 initio
3391 2940 3543 2979 mors
3593 2925 3697 2978 imo

2124 3018 2339 3089 perium
2373 3032 2536 3073 suum
2578 3018 2862 3087 auspicata
2898 3026 3043 3073 esset
3075 3018 3129 3072 in
3163 3031 3335 3086 genus
3367 3017 3694 3078 humanum.

447 3109 633 3165 Deus?
684 3108 793 3165 Sed
853 3108 1175 3177 priusquam
1231 3107 1299 3161 ad
1365 3107 1507 3161 hanc
1565 3107 2091 3194 respondeamus,c
2125 3124 2353 3180 prorsus
2408 3109 2515 3164 hoc
2581 3108 2969 3164 iudissolubile
3035 3107 3295 3178 deinceps
3346 3107 3694 3162 obtinuisset.

446 3214 629 3270 opera:
670 3199 907 3271 pretium
957 3195 1123 3253 fuerit
1166 3195 1386 3253 illorum
1424 3196 1711 3252 hominum
1766 3197 2014 3268 argutias

445 3296 745 3351 dissolvere
773 3294 867 3365 qui
913 3294 1018 3350 hoc
1067 3292 1188 3346 loco
1238 3291 1395 3345 aiunt
1443 3290 1714 3360 serpentis
1744 3287 1874 3360 (hoc
1906 3299 2016 3358 est,

448 3388 689 3458 Satanae)
728 3387 889 3443 verba
936 3394 1053 3442 rata
1097 3384 1238 3449 ﬂeri,
1288 3385 1491 3453 quibus
1538 3382 1867 3453 praedixerat
1908 3399 2019 3439 non

449 3483 747 3537 morituros
800 3478 1020 3535 etiamsi
1069 3487 1427 3533 vescerentur
1483 3474 1777 3545 prohibitis
1824 3474 2022 3531 fructi-

453 3582 557 3635 bus
584 3597 600 3636 :
635 3579 729 3633 Dei
780 3591 911 3631 vero
941 3575 1099 3630 irrita
1131 3574 1375 3645 falsaque
1408 3574 1502 3644 qui
1542 3574 1732 3629 eodem
1762 3589 1887 3629 cum
1918 3588 2020 3645 pa-

450 3680 595 3726 trato
622 3668 865 3725 facinore
895 3668 981 3722 die
1012 3666 1310 3720 morituros
1339 3665 1583 3719 minatus
1609 3664 1809 3720 fuerat.
1857 3666 2019 3735 Atqui

451 3762 877 3833 haudquaquam
912 3758 1177 3814 mentitus
1220 3767 1303 3811 est
1337 3756 1501 3822 Deus,
1534 3756 1626 3810 sed
1661 3756 2020 3826 praestitutam

450 3871 669 3925 pinnam
736 3850 1113 3907 misericordia
1169 3848 1455 3917 mitigavit.
1511 3846 1665 3903 Solet
1725 3850 1874 3903 enim
1929 3848 2021 3903 ille

452 3948 688 4002 maxima
734 3941 1172 4014 gravissimeque
1226 3939 1491 4010 supplicia
1542 3939 1764 4003 minari,
1804 3948 1863 3993 ut
1914 3938 2020 3994 sibi

451 4050 677 4093 caveant
724 4034 1003 4097 mortales,
1059 4047 1249 4086 verum
1324 4030 1519 4085 deinde
1581 4030 1669 4084 illa
1721 4044 1817 4099 per
1865 4043 2022 4083 suam

454 4126 887 4185 misericordiam
926 4124 1223 4187 moderari,
1260 4121 1579 4192 lenioraque
1611 4135 1851 4176 sumere.
1886 4120 2023 4177 Nam

456 4235 509 4277 et
559 4222 815 4279 Nimvitis
867 4236 993 4274 cum
1051 4218 1437 4271 interminatus
1487 4223 1632 4271 esset
1661 4214 1914 4280 exitium,
1946 4214 2022 4268 illi

454 4333 582 4369 κει-ο
613 4318 681 4371 ab
723 4313 974 4381 imoeptis
1019 4311 1262 4365 revocati
1306 4308 1667 4379 poeniterent,
1698 4307 1844 4361 nulla
1876 4303 2025 4376 ipsos

2123 3201 2339 3257 Justum
2361 3211 2546 3257 autem
2579 3200 2778 3257 fuisset
2830 3199 3025 3255 mortis
3072 3200 3289 3270 imperii
3333 3200 3693 3269 principium.

2123 3291 2167 3347 si
2199 3291 2395 3357 Adam,
2429 3292 2524 3362 qui
2554 3290 2754 3346 violata
2789 3293 2905 3363 lege
2929 3290 3258 3359 deliquerat,
3292 3290 3501 3361 primus
3523 3299 3697 3345 murto

2124 3382 2493 3448 concidisset;
2538 3392 2596 3438 at
2654 3385 2803 3438 enim
2840 3393 3197 3453 posteaquam
3236 3384 3323 3437 ille
3356 3382 3567 3452 primus
3615 3394 3699 3437 est

2125 3482 2302 3528 morte
2340 3473 2651 3529 exstinctus
2684 3474 2778 3544 qui
2825 3489 2936 3544 prie
2970 3473 3183 3529 caeteris
3230 3472 3557 3528 mortalibus
3588 3473 3698 3525 Deo

2130 3562 2382 3633 placebat
2439 3575 2496 3620 et
2555 3568 2788 3619 omnino
2835 3576 3012 3621 morte
3060 3565 3314 3636 indiguus
3356 3574 3495 3630 erat,
3536 3574 3697 3634 atque

2126 3658 2198 3713 ita
2230 3658 2485 3729 improbo
2510 3660 2780 3731 principio
2816 3676 2970 3715 mors
3005 3675 3161 3716 suam
3194 3663 3407 3730 accepit
3450 3662 3699 3731 tyranni-

2123 3751 2283 3817 dem;
2318 3759 2520 3806 mertto
2553 3768 2615 3806 ea
2655 3756 2901 3823 tyrannis
2928 3753 3060 3808 olim
3091 3753 3437 3809 dissolvenda
3470 3752 3575 3808 fuit
3599 3768 3697 3824 per

2125 3841 2401 3897 Christum
2451 3844 2543 3911 qui
2589 3858 2691 3898 suo
2733 3843 2876 3898 illam
2930 3844 3167 3899 adventu
3213 3845 3419 3900 viribus
3482 3860 3697 3902 cassam

2124 3930 2380 3985 reddidit.
2442 3930 2582 3986 Hinc
2659 3931 2918 3987 dominus
2984 3931 3221 4002 Ephrem
3280 3933 3333 3987 in
3411 3932 3541 3987 illud
3606 3933 3697 3989 Dei

2124 4021 2329 4076 dictum
2366 4020 2644 4093 :Sanguis
2687 4023 2814 4076 Abel
2861 4026 3061 4077 clamat
3106 4025 3175 4076 ad
3235 4041 3315 4078 me
3358 4039 3424 4077 ea:
3464 4034 3605 4078 terra
3625 4025 3699 4089 ⁸⁵,

2126 4115 2271 4171 sicut
2303 4120 2566 4185 scriptum
2603 4116 2825 4185 reliquit
2855 4135 2869 4169 :
2910 4115 3089 4171 Ululat
3132 4131 3283 4171 tnors
3326 4116 3379 4170 in
3407 4133 3511 4171 suo
3543 4116 3699 4173 initio

2126 4208 2425 4263 ostendens
2480 4209 2651 4276 {quem
2716 4209 2788 4262 sit
2865 4208 3118 4262 habitura
3182 4206 3367 4262 linem.
3430 4208 3697 4264 Prcterca

2126 4308 2290 4352 etiam
2337 4299 2383 4354 si
2432 4315 2544 4354 non
2609 4300 2755 4354 illico
2807 4309 3122 4369 peccantem
3179 4300 3447 4355 Adamum
3522 4311 3696 4354 morte

459 4412 633 4464 titulta
664 4406 847 4461 aﬂ'ecit
866 4406 935 4459 ".
981 4402 1229 4458 Ezechiae
1268 4416 1487 4472 quoque
1519 4414 1645 4455 cum
1694 4399 2021 4453 moriturum
2060 4464 2091 4472 Δ
2131 4392 2446 4447 multaverit
2491 4390 2657 4457 Deus,
2708 4401 2887 4447 tamen
2947 4392 3229 4447 mortalem
3274 4407 3417 4457 esse.
3457 4402 3511 4448 et
3562 4408 3592 4446 ι
3640 4406 3699 4446 se

456 4516 632 4571 neque
662 4501 932 4552 victurum
962 4464 1662 4566 pronutitiasset,'eumque
1695 4486 1904 4556 peccati
1937 4487 2025 4540 sui
2059 4464 2102 4523 ο
2131 4483 2260 4537 olim
2307 4484 2684 4553 perimendum
2719 4484 2831 4554 jam
2890 4494 3003 4540 tum
3049 4484 3287 4539 ostendit
3339 4484 3422 4539 his
3470 4487 3652 4540 verbis
3681 4503 3697 4539 :

456 4593 822 4665 paenituisset,
851 4588 1185 4658 impcndeuti
1212 4598 1388 4655 piens:
1411 4584 1525 4651 jam
1552 4580 1774 4635 addicto
1797 4577 2027 4647 gratiam

457 4685 694 4746 fecit";
730 4694 784 4743 et
826 4692 1007 4737 tamen
1062 4692 1243 4738 nemo,
1285 4676 1356 4728 ob
1394 4674 1509 4728 hazc
1555 4672 1827 4727 mendacii
1856 4669 2028 4724 Deum

460 4776 825 4833 aceusaverit.
872 4770 965 4827 Sic
1013 4771 1179 4839 igitur
1208 4768 1374 4822 etiam
1410 4780 1535 4818 cum
1583 4763 1792 4817 Adamn
1825 4769 1883 4815 et
1916 4759 2030 4815 Eva

459 4872 592 4939 egit.
625 4864 968 4924 Pramonuit
998 4862 1144 4917 enim
1194 4875 1262 4913 ne
1308 4858 1376 4911 de
1416 4856 1506 4910 illa
1558 4856 1756 4909 arbore
1786 4853 2031 4916 ederent,

463 4961 737 5031 simulque
786 4957 963 5012 minas
1022 4952 1230 5009 addidit
1292 4949 1412 5005 fore
1470 4956 1528 5001 ut
1586 4946 1691 5002 nisi
1743 4955 2029 5016 parerent,

452 5059 653 5114 eodem
701 5054 789 5108 die
843 5058 1073 5106 mortem
1119 5055 1485 5117 oppeterent:
1521 5058 1643 5097 cum
1687 5056 1851 5112 porro
1919 5042 2031 5111 jam

463 5155 794 5221 praeceptum
838 5143 1137 5199 violassent
1176 5148 1341 5207 atque
1374 5145 1720 5206 peccassent,
1747 5134 2036 5189 miseratus

465 5242 612 5310 ipsos
638 5246 723 5294 est
753 5234 1082 5306 culpamque
1111 5230 1347 5291 remisit,
1379 5238 1433 5281 et
1482 5226 1809 5296 supplicium
1847 5226 1920 5279 ita
1952 5234 2037 5278 est

468 5330 783 5386 moderatus
817 5335 876 5381 ut
901 5339 968 5380 eo
999 5327 1116 5393 ipso
1138 5322 1226 5376 die
1259 5328 1489 5374 mortem
1527 5333 1631 5370 non
1657 5316 1893 5371 obierint
1921 5328 2032 5384 quo

466 5421 777 5491 impositam
833 5416 936 5472 sibi
973 5415 1146 5484 legem
1182 5412 1479 5480 fregerant.
1515 5408 1629 5462 imo
1659 5422 1790 5461 vero
1839 5406 2035 5461 adver-

468 5531 563 5569 sus
594 5510 867 5569 Ninivitas
923 5513 1093 5560 totum
1129 5503 1356 5557 omnino
1407 5500 1737 5568 supplicmm
1795 5496 2031 5550 reddidit

470 5605 718 5669 irritum;
759 5607 815 5653 at
842 5597 1046 5667 primos
1098 5595 1268 5649 hosce
1312 5602 1532 5646 nostros
1569 5598 1825 5657 parentes
1880 5596 2032 5656 parte

538 5757 581 5789 "
607 5756 627 5810 ι
657 5754 800 5810 Tim.
833 5769 871 5819 l,
902 5750 937 5805 5
968 5766 1118 5818 seqq.
1208 5747 1251 5780 "
1274 5744 1423 5800 Joaa:
1455 5760 1531 5811 nt,
1562 5742 1595 5793 Ξ
1624 5756 1777 5809 seqq.

1851 5740 1893 5773 ⁸³
1925 5737 1987 5793 ιγ
2023 5737 2153 5807 Reg.
2197 5754 2287 5803 xx,
2321 5738 2339 5790 l
2374 5753 2431 5796 sc
2456 5754 2528 5802 ut.

2129 4573 2311 4630 Paleis
2348 4593 2425 4639 es,
2464 4586 2512 4629 et
2558 4579 2613 4631 in
2648 4579 2913 4647 pulverem
2958 4578 3256 4631 reverteris.
3290 4578 3531 4647 Denique
3573 4594 3696 4633 cum

2131 4669 2221 4723 ille
2267 4678 2483 4737 gustata
2530 4669 2728 4722 arbore
2764 4670 2951 4733 vetita,
3003 4684 3164 4738 paena
3205 4669 3477 4723 obnoxius
3524 4668 3701 4725 factus

2128 4770 2309 4824 esset,
2370 4759 2560 4815 habuit
2619 4762 2797 4830 ipsum
2856 4759 2998 4817 Deus
3045 4776 3146 4830 pro
3196 4769 3436 4825 mortuo,
3485 4760 3698 4816 etiamsi

2132 4854 2289 4906 vivus
2340 4865 2463 4906 esse
2503 4852 2800 4908 iideretur.
2856 4852 2914 4907 Si
2951 4852 3098 4907 enim
3128 4853 3288 4909 divus
3318 4850 3525 4909 Paulus
3567 4866 3700 4921 apo-

2136 4944 2309 5001 stolus
2338 4959 2437 4999 eos
2471 4944 2562 5013 qui
2595 4946 2792 4999 mortui
2826 4955 2976 5008 sunt,
3001 4954 3149 5001 recte
3185 4955 3346 5001 vocat
3368 4946 3701 5001 dormientes

2135 5053 2354 5109 propter
2400 5038 2761 5094 certissimam
2796 5038 3218 5094 resurrectionis
3248 5054 3421 5107 spem,
3447 5054 3550 5095 cur
3594 5054 3701 5093 nos

2136 5133 2379 5187 Adamus
2431 5140 2786 5200 posteaquam
2847 5141 3071 5199 peccato
3126 5135 3471 5201 mancipatus
3540 5141 3703 5201 atque

2139 5239 2293 5277 noxa:
2317 5222 2533 5276 deditus
2559 5232 2723 5281 esset.
2764 5224 2987 5292 perinde
3017 5233 3183 5292 atque
3211 5224 3284 5278 ob
3322 5237 3521 5278 nosam
3556 5236 3704 5277 more

2137 5320 2261 5365 tuus
2298 5310 2476 5363 vocari
2508 5310 2730 5363 debuit?

2208 5399 2379 5456 Adam
2414 5405 2672 5468 quomodo
2713 5409 2963 5457 mortuus
3010 5420 3071 5457 eo
3126 5405 3216 5458 die
3267 5417 3369 5473 quo
3408 5402 3473 5458 de
3519 5402 3705 5457 arbore

2138 5494 2370 5546 scientia:
2411 5494 2668 5560 gustarit.
2694 5523 2763 5532 —-—
2797 5493 2931 5547 lliuc
2962 5505 3042 5550 est
3072 5498 3217 5563 quod
3252 5497 3507 5551 dominus
3527 5492 3705 5549 Julius

2137 5586 2540 5638 Cointnentario
2600 5600 2701 5639 suo
2743 5585 2796 5639 in
2858 5585 3211 5658 Evangelinm
3262 5586 3532 5654 Joannis,
3588 5590 3701 5642 ait:

2623 5738 2665 5771 ‘"
2693 5740 2732 5794 ϐ
2758 5756 2829 5795 'u.
2865 5755 2936 5799 tr.
2970 5742 3053 5797 l0.
