4094 6156
446 240 548 303 501

1576 253 1672 314 DE
1713 253 2119 322 PABANSO.
2198 285 2225 298 ·-
2263 261 2453 323 ΡΠιὲ
2499 265 2545 325 f.

3586 274 3694 339 562

449 359 621 412 Adam
675 353 860 424 itaque
909 368 976 412 eo
1020 356 1108 413 die
1159 368 1392 416 mortem
1443 362 1601 426 obiit,
1650 379 1763 435 quo
1811 365 1899 420 die
1952 365 2024 421 ὁ)
2052 371 2095 427 Α
2127 368 2457 441 detraheret,
2492 376 2796 434 secundum
2839 382 3163 440 sententiam
3200 396 3362 456 quam
3404 384 3689 443 dominum

450 451 647 505 arliore
689 448 959 520 prohibita
997 452 1132 518 edit,
1161 469 1228 508 eo
1262 472 1373 525 quo
1417 456 1498 511 sic
1529 457 1752 513 ltabcret
1792 470 2017 515 senten-

451 544 522 597 tia
555 561 569 597 :
602 541 720 607 Quo
761 542 848 595 die
890 546 1181 597 comederis
1205 548 1270 600 de
1306 548 1515 613 arbore,
1547 552 1806 606 morieris.
1853 551 2019 625 Atqui

450 630 666 709 tiri-bat
692 633 856 687 etiam
911 642 1049 689 tum.
1093 634 1197 700 Qui
1222 652 1353 707 ergo
1388 639 1566 707 potuit
1599 650 1843 696 mortuus
1872 659 2016 708 esse,

447 738 581 778 sane
627 738 724 794 per
772 729 1099 780 sententiam
1163 729 1335 798 ipsatn
1383 741 1543 800 atque
1596 748 1690 801 per
1742 742 2015 801 patratum

446 816 686 879 facinus,
718 816 833 884 jam
871 826 985 871 tum
1014 830 1267 877 mortuus
1290 832 1429 878 erat.
1472 822 1605 878 Nam
1656 825 1819 879 simul
1853 837 2016 898 atque

444 924 505 962 se
545 910 670 978 quis
704 909 1010 979 subjectum
1044 913 1218 982 culpa;
1256 914 1413 981 fecit,
1446 916 1709 987 supplicia
1746 921 2015 988 quodam-

446 1001 610 1054 modo
657 1004 883 1070 patitur,
932 1005 1149 1059 tametsi
1198 1007 1375 1062 adhuc
1409 1024 1514 1063 non
1570 1010 1751 1081 reipsa
1791 1012 2013 1081 ductus,

444 1092 542 1147 sed
592 1109 689 1163 per
733 1095 904 1149 solam
946 1100 1352 1165 pronuntiatam
1381 1103 1707 1160 sententiam
1733 1103 2015 1176 judicatus

443 1193 548 1239 est.
630 1183 696 1241 Et
758 1187 1014 1245 dominus
1080 1190 1317 1260 Ephrem
1387 1194 1479 1249 ubi
1546 1194 1746 1252 iterum
1815 1206 2016 1254 tractat

445 1277 625 1333 locum
680 1280 831 1335 illum
871 1281 939 1337 de
986 1281 1197 1338 Adamo
1242 1298 1493 1342 vescente
1538 1286 1751 1346 fructus
1793 1292 2013 1359 vetitos,

444 1372 821 1443 morienteque
848 1390 915 1430 eo
952 1376 1073 1447 ipso
1106 1376 1216 1443 die,
1242 1378 1509 1450 scriptum
1537 1383 1762 1453 reliquit
1794 1384 1847 1440 io
1875 1384 2015 1440 lianc

442 1467 774 1521 sententiam
832 1485 844 1521 :
907 1466 1063 1523 Sicut
1120 1470 1217 1539 qui
1273 1485 1440 1527 sanus
1508 1463 1633 1541 est,
1692 1477 2011 1547 priusquam

441 1555 649 1612 incidat
696 1558 750 1613 in
796 1560 1074 1625 morbum,
1112 1562 1256 1617 bona
1297 1562 1498 1619 fruitur
1537 1566 1846 1624 valetudine
1891 1586 2014 1641 qua:

440 1648 635 1704 morbo
681 1650 862 1719 potior
902 1662 989 1707 est
1023 1669 1037 1707 :
1074 1668 1262 1709 verum
1312 1657 1401 1709 ulti
1430 1657 1647 1714 lctltalis
1676 1676 1803 1715 eum
1856 1661 2013 1717 inivit

441 1742 733 1813 agritudo,
779 1744 895 1815 jam
943 1743 1000 1799 in
1051 1747 1247 1803 mortis
1289 1758 1554 1819 potestate
1598 1766 1720 1807 esse
1761 1765 2016 1812 censetur
2043 1732 2092 1794 Β

441 1834 656 1891 etiamsi
706 1837 1021 1915 complures
1077 1836 1195 1895 dies
1246 1850 1485 1911 aegrotus
1543 1844 1813 1916 transigat
1865 1848 2015 1918 prius

442 1944 608 1998 quam
639 1930 907 1985 moriatur
938 1946 953 1985 :
991 1931 1065 1985 ita
1099 1942 1153 1987 ct
1183 1933 1353 1988 Adam
1396 1934 1609 1993 felicem
1648 1951 1815 2010 atque
1861 1941 2007 1996 inco-

442 2023 647 2077 lumem
694 2022 864 2079 vitam
946 2022 1188 2096 agitabat
1254 2025 1310 2083 in
1382 2031 1639 2101 paradiso
1695 2034 2013 2107 priusquam

441 2124 713 2185 peccaret,
750 2124 807 2170 at
837 2115 926 2171 ubi
947 2116 1262 2174 admisisset
1288 2130 1587 2190 peccatum,
1617 2126 1900 2181 sententia:
1916 2124 2016 2179 ob-

444 2209 644 2265 noxius
666 2206 844 2265 factus
872 2218 978 2277 est,
1007 2224 1060 2268 et
1086 2211 1314 2285 proinde
1349 2228 1447 2285 pro
1472 2230 1540 2270 eo
1567 2217 1873 2273 aestimatus
1920 2219 2014 2289 qui

443 2302 639 2369 mortis
685 2304 1049 2360 essecrationi
1108 2306 1451 2378 imperioque
1508 2310 1790 2382 subjectus
1845 2322 2013 2369 esset.

446 2394 636 2463 Itaque
674 2396 864 2453 multis
895 2412 1121 2468 pressus
1162 2399 1421 2463 miseriis.
1453 2412 1713 2473 tauquam
1757 2413 2018 2476 perpetuo

446 2488 701 2545 lcthalem
730 2490 1014 2547 sustinens
1038 2490 1315 2561 morbum,
1346 2492 1415 2548 ad
1449 2494 1621 2563 ipsam
1657 2511 1830 2568 usque
1866 2513 2016 2553 mor—

446 2594 554 2638 teut
583 2584 843 2653 perrexit.
875 2581 1088 2641 Rursus
1117 2585 1279 2641 sicuti
1314 2587 1360 2642 si
1386 2588 1512 2658 quis
1535 2589 1702 2645 alium
1736 2591 2017 2649 mortifero

442 2678 665 2732 vulnere
712 2677 942 2743 sanciet,
993 2680 1353 2747 quantumvis
1404 2680 1499 2736 ille
1559 2693 1685 2752 post
1734 2695 2015 2757 acceptam

444 2771 658 2837 plagam
728 2769 933 2825 multos
994 2779 1277 2839 superstes
1348 2784 1567 2827 maneat
1619 2775 1778 2844 dies,
1834 2787 2015 2835 tamen

445 2861 671 2931 perinde
698 2878 761 2918 ac
795 2865 839 2918 si
890 2879 1016 2919 mox
1063 2867 1155 2919 ubi
1206 2880 1503 2937 percussus
1542 2867 1722 2924 fuerat
1765 2869 2015 2940 obiisset,

442 2955 526 3007 sic
584 2955 865 3011 vindicant
909 2954 1127 3025 iudices
1184 2973 1303 3011 eam
1351 2959 1552 3015 catdcm
1586 2980 1600 3016 :
1634 2964 1707 3017 ita
1765 2978 1873 3034 quo
1928 2964 2018 3021 die

442 3044 641 3103 \ttltttlI
669 3050 885 3117 excepit
932 3048 1128 3112 Adam,
1169 3052 1235 3104 ali
1278 3067 1344 3105 eo
1382 3051 1471 3107 die
1511 3062 1767 3110 censetur
1798 3055 2016 3127 judica-

445 3148 532 3192 tus
572 3138 804 3203 abiisse,
850 3148 909 3194 ut
958 3141 1053 3212 qui
1088 3141 1214 3197 inde
1279 3157 1455 3212 usque
1509 3143 1638 3201 dum
1692 3158 2011 3218 moreretur,

446 3229 626 3283 lethali
670 3230 860 3286 mutbo
891 3240 944 3287 et
978 3231 1303 3302 mgriludine
1342 3232 1507 3289 fuerit
1550 3236 1873 3307 implicitus.
1912 3241 2014 3311 Igi-

447 3329 538 3375 tur
567 3321 673 3377 ctsi
714 3322 897 3394 reipsa
950 3338 1063 3380 non
1111 3324 1441 3396 oppetiverit
1488 3340 1713 3384 mortem
1772 3332 2015 3391 Adamus

446 3414 611 3469 simul
646 3424 704 3470 ut
737 3416 973 3473 fructum
1016 3418 1147 3486 edit,
1189 3431 1373 3474 tamen
1406 3437 1502 3491 pro
1547 3435 1763 3479 mortuo
1795 3427 2017 3484 habitus

448 3515 632 3563 esteo
666 3509 810 3577 quod
842 3510 1062 3582 capitali
1107 3512 1267 3584 culpa
1310 3528 1369 3567 se
1400 3515 1813 3583 obstrinxisset,
1852 3529 2017 3592 atque

442 3599 557 3667 jam
594 3608 708 3653 tum
744 3616 837 3670 per
866 3603 1195 3658 sententiam
1232 3619 1388 3658 noxae
1436 3606 1653 3664 deditus
1693 3622 1855 3666 esset.
1908 3614 2014 3668 Sed

447 3690 600 3747 dices
644 3692 802 3747 :Cur
858 3708 969 3748 non
1009 3709 1238 3766 prorsus
1284 3698 1526 3753 abolevit
1586 3702 1727 3757 Deus
1781 3715 2013 3761 mortem

443 3799 614 3853 quam
646 3800 746 3856 pro
781 3788 1021 3843 maxima
1054 3805 1149 3844 sua
1189 3791 1576 3848 misericordia
1623 3813 1729 3851 non
1761 3799 2015 3859 intulerat

444 3895 512 3930 eo
558 3880 647 3934 die
697 3894 809 3949 quo
859 3893 1180 3951 peccaverat
1225 3885 1505 3943 Adamus?
1553 3889 1717 3961 Atqui
1768 3894 1888 3966 ejus
1938 3898 2016 3951 rei

446 3970 629 4025 mutue
663 3982 893 4040 possunt
920 3974 1067 4028 reddi
1100 3990 1314 4032 causas.
1355 3980 1568 4035 Abolita
1599 3983 1741 4038 enim
1793 4001 2016 4056 prorsus

445 4075 659 4128 morte,
709 4064 877 4135 hujus
926 4081 1150 4137 quoque
1196 4072 1385 4127 mundi
1434 4075 1763 4145 compositio
1809 4077 2015 4136 frustra

445 4156 662 4222 fuisset,
709 4157 821 4213 imo
855 4160 1116 4215 smculum
1173 4163 1339 4217 etiam
1374 4166 1521 4235 quod
1557 4165 1803 4224 futurum
1852 4186 2016 4227 voca-

449 4266 591 4308 nius.
647 4252 727 4306 Ad
788 4253 927 4321 hoc,
998 4256 1212 4310 sublata
1273 4271 1423 4313 mors
1488 4259 1651 4313 simul
1701 4263 2017 4319 sustulisset

443 4340 734 4399 adventum
780 4341 908 4399 Filii
948 4346 1069 4402 Dei.
1114 4346 1382 4403 Praeterea
1414 4359 1695 4419 peccatum
1726 4351 1920 4409 Adami
1958 4363 2014 4409 ct

2131 462 2363 532 Ephrem
2414 478 2468 521 et
2534 471 2626 537 qui
2679 471 2824 529 hunc
2869 485 3196 546 sequuntur,
3244 493 3343 549 pro
3400 477 3695 550 Scriptum

2129 566 2315 612 tenore
2337 562 2617 631 amplexos
2643 579 2765 620 esse
2791 580 2957 636 supra
2981 568 3494 626 demonstravimus.
3526 572 3693 625 Porro

2125 649 2241 705 sive
2303 668 2397 721 per
2453 658 2965 729 contemplationem
3032 663 3322 730 quamdam
3380 665 3695 735 apparuerit

2125 753 2252 798 tunc
2279 744 2408 808 illis.
2444 755 2502 800 ut
2540 745 2903 805 Pliiloxenum
2932 753 3248 809 existimare
3274 754 3533 823 diximus,
3578 755 3693 811 sive

2127 838 2199 891 ita
2224 847 2285 891 ut
2314 838 2461 909 ipsos
2490 854 2681 896 eorum
2713 858 2907 899 sensus
2934 842 3107 899 forma
3136 860 3399 917 corporea
3425 857 3687 913 moveret,

2126 939 2184 985 ut
2231 931 2305 985 illi
2348 931 2580 1002 volunt;
2638 950 2772 990 sane
2808 935 3188 1008 cujuscunque
3234 942 3351 995 haec
3402 941 3549 996 modi
3605 956 3691 997 res

2126 1021 2312 1089 fuerit,
2371 1034 2566 1093 pacate
2612 1041 2676 1081 ac
2724 1026 2919 1083 blande
2978 1028 3086 1085 illis
3117 1029 3329 1085 vieilus
3368 1040 3695 1102 apparuerat

2124 1112 2300 1184 ipsis;
2329 1124 2387 1169 at
2407 1116 2522 1186 jam
2562 1117 2633 1173 ita
2668 1119 2826 1188 plane
2860 1135 2921 1175 se
2954 1128 3330 1192 repraesentat.
3371 1130 3431 1176 ut
3468 1123 3587 1179 suis
3614 1122 3689 1177 illi

2123 1211 2378 1268 sensibus
2424 1214 2744 1285 percipiant,
2780 1216 3034 1271 nimirum
3084 1218 3319 1273 humana
3372 1221 3553 1288 specie
3578 1220 3692 1274 foro

2121 1303 2421 1373 midabilis,
2461 1306 2734 1373 turbidus,
2768 1306 3027 1375 dillicilis,
3066 1318 3122 1365 et
3153 1310 3307 1381 quasi
3338 1326 3563 1382 peregre
3593 1311 3692 1367 ad-

2124 1394 2370 1461 veniens,
2413 1398 2607 1469 iraque
2638 1408 2874 1465 tumens,
2908 1399 3230 1473 furensque,
3260 1412 3313 1457 et
3342 1417 3445 1458 suo
3476 1404 3693 1460 incessu

2120 1488 2441 1545 concutiens
2462 1494 2869 1564 terram,falque
2884 1494 3022 1550 adeo
3042 1495 3192 1565 ipsas
3208 1496 3447 1568 paradisi
3465 1498 3692 1554 arbores

2123 1582 2329 1649 pressis
2358 1584 2599 1656 vestigiis
2620 1585 3001 1644 tremefaciens
3026 1602 3044 1644 :
3071 1587 3410 1658 huiusmodi,
3438 1589 3687 1659 inquam.

2125 1672 2313 1731 habitu
2371 1674 2462 1730 hic
2512 1691 2662 1733 nunc
2725 1678 2940 1734 videtur
2991 1679 3062 1735 ab
3111 1679 3248 1746 illis;
3296 1680 3553 1737 nimirum
3632 1691 3693 1736 ut

2120 1765 2303 1835 pavidi
2330 1765 2703 1823 confiteantur
2729 1784 2829 1826 sua
2856 1770 3078 1836 delicta,
3110 1779 3274 1841 atque
3302 1772 3451 1827 illius
3480 1772 3695 1830 miseri-

2118 1858 2360 1912 cordiam
2417 1859 2741 1931 veniamque
2791 1860 3080 1932 implorent
3117 1881 3130 1917 :
3161 1878 3229 1920 eo
3283 1864 3429 1921 enim
3481 1872 3692 1937 speetat

2116 1948 2262 2019 quod
2307 1951 2636 2009 ambulantis
2668 1968 2854 2009 vocem
2886 1954 3129 2011 audiisse
3170 1955 3451 2014 dicuntur.
3481 1956 3691 2029 Quippe

2117 2041 2287 2096 voluit
2322 2042 2500 2098 audiri
2526 2045 2596 2099 ab
2624 2045 2759 2113 ipsis
2806 2061 2967 2101 suum
2996 2046 3294 2115 incessum,
3335 2055 3391 2105 et
3439 2050 3557 2120 ipse
3588 2066 3689 2105 ceu

2116 2146 2445 2205 curporatus
2488 2139 2723 2207 spectari
2775 2139 3010 2194 humana
3038 2138 3239 2210 forma,
3289 2149 3352 2198 ut
3382 2157 3492 2213 prie
3536 2153 3688 2198 motu

2119 2223 2441 2285 festinarent
2469 2229 2536 2284 ad
2575 2228 2693 2299 ejus
2740 2231 2968 2300 gratiam
3018 2232 3542 2307 ignoscentiamque.
3568 2235 3689 2292 Ca:-

2117 2326 2295 2375 tcrnm
2327 2318 2435 2376 diei
2489 2320 2901 2380 inclinationem
2936 2336 3093 2381 vocat
3139 2324 3422 2398 Scriptura
3475 2336 3688 2400 tempus

2118 2410 2252 2465 illud
2298 2412 2406 2468 diei
2436 2414 2581 2485 quod
2634 2415 2855 2473 circiter
2886 2418 3019 2473 liora
3054 2433 3199 2475 nona
3244 2427 3331 2475 est
3362 2429 3483 2489 post
3518 2422 3686 2477 meri-

2116 2504 2285 2569 diem,
2317 2506 2434 2560 sole
2482 2508 2549 2562 ad
2579 2523 2837 2565 occasum
2885 2519 3189 2581 spectante.
3226 2509 3335 2567 Sed
3387 2512 3532 2571 enim
3579 2511 3687 2570 lle-

2118 2598 2293 2656 liraaos
2332 2602 2506 2667 aiunt,
2546 2618 2645 2674 pro
2674 2603 3026 2660 inclinatione
3070 2605 3175 2662 diei
3215 2605 3396 2663 dicere
3425 2606 3687 2677 Spiritum

2118 2692 2232 2748 sive
2273 2702 2493 2748 ventum
2532 2695 2661 2751 diei.
2708 2695 2979 2753 Caeterum
3030 2697 3177 2769 quod
3231 2703 3299 2755 ad
3358 2699 3687 2757 inclinatum

2118 2799 2289 2855 usque
2336 2786 2481 2843 diem
2536 2787 2752 2844 distulit
2805 2804 2866 2846 se
2904 2788 3184 2854 exhibete,
3240 2791 3294 2847 id
3343 2806 3409 2848 eo
3447 2790 3579 2849 fecit
3630 2805 3691 2849 ut

2118 2878 2356 2947 spatium
2386 2879 2653 2935 haberent
2696 2880 2925 2948 interea,
2962 2891 3227 2952 quantum
3256 2893 3570 2953 patrassent
3605 2885 3688 2940 fa.

2118 2974 2273 3028 ciuus
2317 2972 2500 3029 animo
2546 2989 2733 3029 secum
2782 2975 3043 3044 agitandi.
3098 2975 3204 3033 Sed
3251 2986 3308 3034 et
3351 2977 3455 3036 hoc
3508 2979 3689 3038 disco.

2043 3088 2087 3148 ο
2122 3064 2380 3132 ptandum
2414 3072 2517 3129 est,
2544 3066 2611 3120 de
2644 3080 2754 3135 quo
2792 3065 2882 3120 hic
2912 3066 3001 3122 die
3034 3077 3160 3138 agat
3184 3066 3379 3126 Moses.

2189 3152 2305 3219 Quo
2327 3154 2413 3209 die
2434 3155 2573 3211 Deus
2595 3158 2797 3226 primos
2819 3167 3065 3228 parentes
3111 3158 3362 3229 paradiso
3388 3160 3689 3218 eliminave-

2131 3247 2227 3300 rit.
2260 3276 2329 3288 -—
2362 3246 2501 3302 Sunt
2542 3260 2722 3303 autem
2763 3249 2855 3321 qui
2885 3250 3090 3315 dicant,
3132 3250 3224 3306 die
3262 3267 3328 3307 eo
3357 3268 3466 3323 quo
3486 3255 3688 3310 conditi

2126 3334 2282 3392 fuere
2329 3338 2488 3407 primi
2534 3350 2822 3409 parentes;
2872 3340 2966 3398 illo
3016 3341 3105 3398 die
3149 3342 3293 3398 enim
3326 3353 3381 3399 ct
3428 3359 3688 3413 peccasse

2120 3429 2269 3499 ipsos
2309 3429 2423 3499 lege
2460 3430 2681 3496 violata,
2708 3432 2803 3503 qui
2831 3432 2951 3487 dies
2978 3442 3098 3490 erat
3129 3442 3339 3490 sextus.
3374 3435 3683 3493 Secundum

2118 3523 2240 3588 ltos,
2274 3540 2384 3580 uno
2416 3527 2716 3597 eodemque
2751 3527 2840 3584 die
2863 3538 3080 3584 creatus
3117 3540 3201 3584 est
3244 3527 3417 3583 Adam
3462 3534 3516 3581 et
3549 3544 3684 3583 con-

2119 3613 2351 3669 formata
2399 3613 2530 3680 Eva,
2565 3616 2784 3688 lataque
2839 3616 2924 3671 lex
2970 3626 3025 3671 et
3050 3616 3273 3682 violata,
3320 3626 3484 3687 atque
3522 3618 3687 3687 primi

2120 3714 2376 3774 parentes
2407 3706 2477 3760 ob
2505 3707 2606 3761 ltoc
2636 3717 2845 3762 tantum
2894 3705 3105 3764 facinus
3136 3706 3407 3779 objnt‘gati
3437 3717 3492 3764 et
3526 3722 3688 3775 para-

2119 3797 2238 3853 diso
2269 3798 2556 3855 eliminati.
2595 3799 2701 3856 Sed
2730 3802 2963 3857 aliorum
3000 3801 3270 3858 sententia
3307 3809 3414 3864 est.
3463 3801 3570 3858 alio
3599 3803 3689 3858 die

2117 3903 2335 3948 creatos
2379 3892 2500 3947 illos
2549 3907 2690 3957 esse,
2744 3893 2853 3947 alio
2898 3908 3175 3965 peccasse,
3205 3894 3292 3950 ltie
3325 3908 3473 3960 tero,
3504 3894 3571 3950 de
3619 3911 3687 3951 eo

2118 3985 2266 4055 loqui
2310 3983 2522 4049 Mosen,
2550 4002 2660 4055 quo
2695 3994 3014 4055 peecarunt.
3064 3984 3272 4041 Praeter
3310 3985 3414 4042 ltos
3449 3984 3540 4040 alii
3586 4001 3683 4055 pu-

2117 4085 2258 4139 tant,
2286 4074 2432 4131 hunc
2466 4076 2609 4130 diem
2649 4089 2825 4146 neque
2869 4092 2992 4132 eum
3027 4077 3199 4133 fuisse
3249 4077 3303 4132 in
3332 4090 3441 4146 quo
3471 4075 3688 4133 fuerant

2119 4164 2337 4220 formati
2370 4167 2541 4222 Adam
2584 4179 2637 4224 et
2682 4169 2816 4234 Eva,
2855 4183 3036 4240 neque
3083 4184 3211 4223 eum
3260 4168 3316 4222 in
3345 4183 3454 4239 quo
3490 4182 3686 4239 pecca-

2116 4266 2335 4324 verunt,
2383 4259 2477 4315 sed
2511 4270 2634 4331 post
2684 4260 2831 4325 illos,
2876 4261 3076 4325 alium;
3129 4273 3309 4331 neque
3356 4258 3506 4315 enim
3547 4258 3685 4315 satis

2117 4361 2542 4406 consentaneam
2575 4366 2700 4408 esse
2727 4361 2786 4407 ut
2820 4351 2935 4406 lure
2960 4360 3109 4407 tanta
3142 4367 3253 4406 uno
3290 4352 3553 4407 accidisse
3579 4350 3671 4407 die

445 4435 573 4491 Era
596 4445 762 4509 atque
799 4438 982 4495 omnis
1027 4441 1384 4510 posteritatis,
1418 4441 1729 4499 immortale
1765 4444 2012 4503 fttturum
2040 4429 2095 4490 Ῑ)
2119 4445 2524 4500 existimentur.
2560 4445 2667 4501 Sed
2698 4460 2802 4505 nos
2850 4446 2965 4502 liter.
3005 4443 3255 4512 lnferius,
3294 4445 3403 4501 Deo
3449 4446 3686 4510 volente,

450 4527 669 4592 fuisset,
718 4538 779 4585 ut
833 4540 921 4586 est
974 4542 1255 4600 peccatum
1312 4533 1538 4588 diaboli.
1597 4535 1841 4609 Denique
1891 4539 2012 4597 ideo

450 4619 659 4691 reliqua
694 4635 844 4676 mors
870 4620 998 4686 fuit,
1047 4634 1106 4678 ut
1139 4623 1298 4692 primi
1333 4636 1583 4692 parentes
1626 4629 1870 4683 animum
1915 4631 2013 4687 ad-

444 4720 719 4767 verterent
773 4715 839 4767 ad
922 4729 1080 4769 suum
1148 4716 1390 4786 ipsorum
1440 4718 1676 4784 facinus,
1742 4730 1795 4775 et
1844 4722 2013 4778 animi

446 4805 785 4878 ptenitudine
838 4806 1185 4863 afficerentur
1218 4824 1440 4879 :neqne
1486 4813 1683 4866 mortis
1730 4813 1904 4868 securi
1960 4822 2016 4868 et

453 4896 568 4951 suis
624 4896 836 4953 seducti
871 4882 1171 4953 erroribus
1230 4909 1449 4969 peccata
1512 4901 1647 4956 levia
1713 4901 2014 4968 ducerent,

444 4995 608 5057 atque
635 4988 708 5042 ita
739 4988 998 5044 omnibus
1022 4987 1248 5060 flagitiis
1276 4991 1653 5048 advesterent.
1685 4989 1838 5048 Hanc
1864 4993 2012 5050 enim

444 5078 655 5145 obirem
688 5066 833 5138 Deus
854 5096 962 5139 non
986 5080 1313 5152 simpliciter
1337 5084 1406 5139 ad
1438 5086 1708 5142 Adamum
1741 5087 2015 5161 Erantque

445 5173 740 5232 accedebat
781 5174 835 5229 in
869 5176 1151 5246 paradiso,
1193 5177 1291 5231 sed
1329 5178 1572 5233 maximo
1621 5196 1746 5235 cum
1782 5189 2014 5247 terrore,

444 5278 505 5320 ιιι
562 5266 639 5321 ait
682 5264 862 5323 Moses
894 5284 911 5324 :
947 5265 1018 5321 Et
1075 5268 1390 5323 audiverunt
1432 5287 1606 5325 rorem
1645 5272 1858 5327 Domini
1917 5272 2017 5329 Dei

446 5358 735 5425 gradientis
758 5358 812 5414 in
840 5359 1118 5429 paradiso.
1151 5360 1441 5415 inclinante
1468 5363 1572 5416 die.
1609 5363 1763 5435 Saepe
1786 5364 2011 5435 quidem

446 5451 580 5505 alias
630 5461 961 5522 apparuerat
1008 5453 1152 5510 Deus
1197 5454 1327 5509 Adae
1366 5466 1422 5510 et
1456 5454 1579 5511 [irae
1619 5474 1631 5511 :
1672 5458 1849 5527 primo
1887 5472 2012 5514 cum

448 5544 716 5599 Adamum
770 5544 1076 5613 conderet,
1138 5547 1550 5610 conformaret.
1617 5563 2013 5623 componeret,

446 5634 710 5703 erigeret;
757 5636 1023 5704 secundo,
1079 5654 1204 5693 cum
1246 5639 1358 5709 lege
1402 5642 1663 5709 nuper-ala
1698 5655 1899 5697 \‘clnlm
1948 5660 2014 5699 tte

448 5730 515 5785 dc
546 5728 739 5786 arbore
769 5730 1097 5799 cognitionis
1134 5733 1349 5797 edrrel;
1387 5739 1543 5787 ltllltl
1576 5752 1697 5788 cum
1732 5734 1894 5790 Evam
1938 5738 2011 5795 illi

2117 4537 2514 4607 explicabimus
2554 4538 2866 4595 dilucidius.
2913 4537 2983 4594 Et
3029 4538 3399 4593 occultabatur
3434 4537 3606 4593 Adam
3638 4550 3687 4593 rt

2117 4643 2256 4684 uxor
2292 4630 2459 4697 ipsius
2509 4647 2542 4684 α
2588 4638 2867 4700 conspectu
2910 4629 3125 4685 Domini
3165 4629 3263 4684 Dei
3302 4629 3442 4683 inter
3474 4630 3687 4684 arbores

2115 4717 2381 4789 paradisi.
2428 4718 2731 4791 Fugiebant
2775 4722 2936 4794 igitur
2988 4731 3103 4776 tum
3135 4736 3163 4774 a
3222 4719 3330 4776 Deo
3374 4720 3467 4791 qui
3499 4736 3685 4779 vocent

2120 4811 2371 4869 incessus
2406 4812 2515 4875 sui,
2553 4812 2795 4883 ipsorum
2831 4814 3060 4869 auribus
3102 4814 3430 4885 ingesserat;
3470 4821 3585 4869 tum
3617 4814 3686 4869 alt

2117 4903 2314 4958 arbore
2366 4902 2436 4959 de
2484 4919 2593 4974 qua
2641 4902 2889 4973 improbe
2930 4904 3180 4969 ederent,
3238 4913 3403 4974 atque
3452 4904 3509 4959 in
3549 4904 3687 4961 locis

2116 4993 2308 5053 densis
2377 4994 2867 5067 frequentibusque
2934 4997 3109 5055 multa
3174 4997 3435 5069 variaque
3494 4995 3686 5055 arbore

2117 5087 2528 5144 abscondebam
2589 5104 2667 5153 se,
2724 5089 2989 5144 nimirum
3035 5088 3163 5160 quia
3214 5096 3270 5145 et
3327 5087 3532 5158 peccati
3578 5087 3684 5146 sibi

2119 5181 2328 5237 conscii
2379 5189 2535 5237 erant
2587 5191 2641 5235 et
2696 5181 2851 5245 nudi,
2914 5182 3018 5236 lioc
3063 5189 3169 5246 est,
3210 5181 3341 5252 quia
3389 5180 3685 5239 horrebant

2118 5285 2467 5345 conspectum
2499 5273 2614 5336 Dei.
2638 5284 2692 5330 et
2725 5275 2852 5344 quin
2888 5275 3417 5331 verecundabantur.
3444 5272 3510 5331 Ει
3531 5290 3680 5331 rora-

2118 5369 2207 5423 ltat
2274 5368 2527 5421 Dominus
2589 5366 2729 5421 Deus
2782 5368 3048 5421 Adnmum
3098 5376 3148 5421 et
3176 5366 3384 5423 dicebat
3431 5369 3480 5423 ei
3517 5384 3537 5423 :
3585 5364 3685 5425 Ubi

2116 5476 2169 5515 cs
2213 5460 2421 5514 Adam?
2457 5458 2577 5514 .lam
2614 5458 2855 5514 diximus
2894 5468 3184 5530 emptu-ala
3231 5468 3394 5531 atque
3446 5457 3682 5516 lmmaua

2118 5552 2288 5620 figura
2336 5553 2504 5607 Deum
2561 5552 2647 5608 liie
2693 5550 3012 5620 apparuisse
3069 5550 3263 5619 primis
3323 5550 3681 5623 parentibus.

2121 5646 2377 5715 ipsosque
2442 5659 2574 5698 voce
2622 5658 2745 5711 qua:
2797 5643 3052 5696 aulicntli
3105 5657 3331 5696 sensum
3392 5644 3682 5710 movebat,

2118 5735 2495 5807 compellassc.
2551 5734 2697 5790 Sulvt
2746 5746 2930 5790 autem
2983 5733 3189 5789 diuum
3245 5735 3427 5790 illud:
3468 5733 3565 5789 Ubi
3608 5750 3663 5788 rs
