4094 6156
442 289 549 353 563

1714 288 1944 348 MOSIS
1982 285 2071 346 BA
2088 287 2133 347 Β
2170 284 2419 347 ΟΕΡΗᾹ

3590 266 3695 334 55!

444 395 635 454 multis
672 396 926 469 usurpari
961 396 1168 462 modis;
1214 413 1344 454 nam
1383 405 1487 461 est,
1515 395 1737 466 quando
1760 395 1855 465 qui
1907 410 2007 450 ne-
2038 402 2085 454 Α
2115 394 2212 457 sis,
2254 408 2324 447 an
2364 392 2468 448 sub
2500 389 2728 459 imperio
2764 401 2824 443 es
2876 384 3021 454 quod
3062 381 3152 438 ille
3183 382 3280 438 tibi
3315 381 3535 437 minimc
3558 398 3694 452 pra:-

443 487 548 546 scit
579 489 670 545 ubi
703 489 752 545 is
787 491 862 545 sit
888 504 1057 558 quem
1083 499 1241 544 vocat
1268 489 1419 549 dicit.
1461 488 1560 543 Ubi
1596 488 1693 541 es?
1723 487 1817 541 Est
1848 486 2011 540 etiam

443 596 574 635 ιοιιιιι
615 580 714 652 qui
758 583 998 635 alterunt
1027 580 1369 650 interrogat:
1422 579 1523 635 L’bi
1548 582 1649 635 es?
1689 578 1805 634 Non
1842 580 2017 633 nescit

444 675 535 729 ubi
583 677 835 731 locorum
881 675 994 739 sit;
1053 676 1216 730 veluti
1271 688 1396 730 eum
1464 677 1700 745 aliquem
1751 674 1939 743 procul
1986 686 2017 727 a

444 768 605 822 nobis
641 779 916 837 agentern,
961 768 1122 835 cuius
1163 784 1331 837 opera
1364 768 1695 836 indigemus,
1736 767 1817 820 sic
1846 766 2016 819 inter-

445 862 709 931 pellatnus
738 877 753 914 :
788 858 1010 915 Ubios?
1042 861 1294 929 Denique
1335 862 1543 916 utimur
1573 874 1795 929 quoque
1829 874 1893 913 ea
1937 859 2019 912 in-

445 956 814 1024 lorrogatione
862 968 989 1008 cum
1046 952 1283 1021 cuipiam
1322 967 1481 1007 Suum
1517 968 1759 1007 errorem
1803 953 1855 1004 in
1903 964 2017 1005 me-

443 1047 674 1102 moriam
716 1046 990 1099 adducere
1044 1045 1335 1111 volumus;
1377 1058 1501 1098 nam
1545 1042 1723 1098 illud:
1768 1042 1866 1097 L'tu'
1919 1044 2021 1097 es?

442 1140 667 1208 perinde
703 1149 828 1192 tunc
858 1137 1001 1189 valet
1032 1152 1096 1190 ac
1126 1138 1173 1192 si
1202 1137 1453 1193 dicamus
1481 1137 1655 1193 :Vidc
1685 1151 1801 1207 quo
1828 1136 2019 1206 impie-

444 1228 573 1281 tatis
605 1226 900 1280 recideris!
940 1225 1228 1281 Postremo
1268 1228 1485 1282 animos
1524 1228 1727 1283 addere
1755 1229 2016 1298 cuipiam,

443 1325 615 1387 atque
669 1334 891 1371 manum
947 1319 1013 1372 ad
1062 1321 1373 1373 audendum
1420 1323 1701 1391 porrigere
1748 1322 2017 1388 volentes,

442 1408 679 1465 dicimus
705 1428 718 1463 :
758 1409 857 1465 Ubi
882 1427 938 1465 es
957 1413 981 1466 2
1000 1411 1079 1465 Ad
1116 1414 1229 1466 iure
1258 1411 1325 1466 de
1355 1428 1413 1468 re
1443 1414 1645 1469 amissa
1675 1426 1843 1483 quam
1873 1421 2022 1483 oua-

444 1504 641 1567 riutus,
683 1518 1011 1572 usurpamus
1037 1520 1263 1575 quoque
1296 1506 1398 1562 hoc
1426 1507 1654 1564 dictum.
1687 1506 1861 1576 Igitur
1887 1507 2018 1560 dum

446 1595 591 1650 Deus
635 1594 906 1651 Adamum
964 1595 1351 1666 interrogaret,
1413 1597 1637 1653 ubinam
1690 1607 1861 1664 esset,
1911 1612 2018 1653 non

442 1683 663 1754 quidem
700 1685 751 1738 id
780 1684 1105 1754 ignorabat;
1141 1696 1199 1741 ut
1235 1702 1414 1755 neque
1446 1704 1572 1742 cum
1603 1703 1673 1743 ex
1706 1686 1842 1744 Cain
1866 1698 2019 1757 quae-

446 1788 589 1835 reret
620 1798 635 1837 ς
674 1776 773 1835 ωε
798 1790 879 1835 est
901 1779 1075 1850 frater
1109 1789 1231 1833 tuus
1252 1780 1340 1831 “?
1370 1778 1554 1849 Neque
1585 1791 1709 1834 cum
1738 1795 1804 1834 es
1833 1778 2016 1834 Diosc:

447 1874 590 1939 Quid
628 1875 725 1928 hoc
751 1885 828 1929 est
857 1874 997 1944 quod
1032 1890 1192 1927 manu
1230 1882 1371 1926 tenes
1397 1872 1477 1926 “?
1505 1873 1615 1928 Aut
1642 1888 1707 1927 es
1739 1870 1976 1927 Jeremia
2000 1888 2019 1927 t

446 1967 590 2031 Quid
641 1965 885 2021 rides"?
925 1978 1018 2021 aut
1059 1966 1296 2033 denique
1338 1981 1403 2018 ex
1450 1964 1654 2021 Satantl
1688 1980 1704 2023 :
1741 1962 1888 2020 Unde
1935 1980 2021 2017 ee-

444 2058 528 2115 ais
549 2057 637 2111 “1'
676 2059 770 2110 sed
824 2058 1023 2112 habent
1064 2057 1361 2111 illittsmttdi
1412 2057 1863 2124 interrogationes
1894 2072 2023 2113 suas

446 2164 667 2215 causas,
718 2152 860 2203 sicut
907 2156 958 2203 et
1005 2147 1110 2202 illae
1159 2145 1279 2201 Filii
1337 2149 1389 2202 in
1451 2148 1605 2202 Novo
1646 2147 2020 2213 Testamento,

446 2243 578 2295 dum
646 2243 724 2296 ait
783 2242 853 2296 ad
908 2241 1209 2312 discipulos
1261 2256 1396 2297 suos
1442 2259 1459 2295 :
1507 2241 1649 2306 Quot
1691 2257 1857 2308 panes
1921 2243 2018 2295 Ita-

446 2335 679 2389 betis"!
734 2343 790 2389 et
848 2345 1043 2389 rursus
1091 2348 1106 2387 :
1152 2336 1319 2399 Quem
1373 2334 1559 2389 dicunt
1596 2334 1853 2389 "homines
1910 2351 2025 2389 esse

453 2425 649 2482 Filiam
706 2427 935 2481 [asininis
961 2427 1049 2481 “?
1096 2438 1151 2482 et
1205 2446 1219 2482 :
1265 2425 1495 2493 Simon,
1558 2443 1705 2498 reges
1772 2434 1932 2481 teme
1991 2444 2024 2481 tt

447 2536 551 2589 quo
607 2522 828 2589 capiunt
894 2520 1155 2573 tributum
1200 2529 1251 2575 et
1312 2537 1524 2575 censum
1550 2521 1638 2575 "‘i
1692 2528 1750 2577 et
1791 2522 1857 2575 ad
1922 2520 2024 2576 Le-

448 2610 662 2676 gionem
709 2629 723 2663 :
774 2612 915 2675 Quid
972 2621 1049 2665 est
1103 2628 1291 2666 nomen
1351 2624 1501 2666 tuum
1525 2614 1617 2667 ὀἳ
1673 2616 1911 2685 denique
1955 2612 2023 2669 ad

446 2702 668 2758 iud:ch
698 2721 712 2756 :
748 2702 849 2757 Ubi
890 2706 1118 2773 posuisti
1153 2705 1307 2761 illum
1326 2707 1416 2761 “‘2
1466 2706 1735 2763 Lazarum
1787 2709 2022 2764 scilicet.

449 2794 573 2851 llaec
622 2796 766 2850 cuim
815 2810 867 2851 et
923 2799 1085 2862 hulus
1126 2800 1347 2868 generis
1395 2801 1502 2855 alia
1558 2815 1679 2871 qua:
1718 2802 2024 2873 interroga-

448 2889 524 2941 vit
552 2886 828 2950 Christus.
857 2906 964 2943 non
995 2890 1215 2957 ignarus
1244 2892 1341 2946 sed
1366 2894 1536 2962 probe
1565 2893 1824 2949 conscius
1859 2896 2028 2950 inter-

450 2981 675 3049 rogavit,
714 2988 899 3046 utpote
948 2981 1089 3033 Deus
1116 2982 1211 3050 qui
1269 2983 1453 3037 omnia
1511 2984 1657 3039 videt
1716 2988 1978 3054 novitque
2009 3006 2026 3041 :

2120 486 2294 541 dixit?
2324 486 2422 541 Ubi
2457 485 2556 540 es?
2602 496 2867 554 magnane
2916 476 3115 535 ﬁducia
3165 478 3397 548 pollens,
3453 486 3693 547 apertam

2122 580 2354 634 frontem
2410 578 2671 639 sustollis,
2731 590 2798 630 an
2861 573 3069 642 pudore
3130 569 3427 624 confusum
3489 570 3695 623 vultum

2119 670 2355 741 dejicis?
2390 670 2493 728 Ubi
2528 669 2631 725 es?
2661 682 2756 722 cur
2785 678 2871 721 me
2919 678 3052 729 non,
3094 669 3153 716 ut
3201 662 3369 723 soles,
3407 668 3592 731 aperte
3614 661 3698 713 itt-

2120 768 2315 832 tuerls,
2364 766 2458 823 sed
2497 765 2550 817 in
2584 763 2822 817 latebras
2850 768 2908 815 te
2956 773 2987 813 a
3020 770 3106 810 me
3134 754 3434 810 subducis?
3493 752 3697 808 Deinde

2124 868 2184 913 nt
2217 859 2333 928 ipsa
2368 857 2798 923 Interrogatione
2824 852 3071 907 animum
3105 849 3181 902 illi
3205 847 3459 902 redderet
3490 846 3557 900 ad
3581 845 3694 899 col-

2123 950 2477 1021 ioqucndum,
2510 960 2673 1018 atque
2704 946 2772 1000 ad
2805 929 3489 1016 pmnitcntiamimitaret;
3521 937 3587 991 ad
3604 937 3705 991 hoc

2123 1042 2507 1099 utostenderet
2536 1053 2593 1093 se
2612 1041 2686 1093 ita
2704 1037 2972 1090 Adamum
2990 1046 3262 1105 quaerere,
3281 1042 3340 1085 ut
3365 1038 3519 1101 pater
3537 1029 3705 1083 amis-

2118 1146 2243 1191 sum
2264 1130 2460 1198 lilium,
2477 1132 2706 1186 sollicite
2729 1127 3040 1195 investigat.
3059 1130 3237 1196 Atque
3258 1124 3374 1179 haec
3402 1117 3702 1195 posteriora

2119 1228 2231 1281 duo
2260 1225 2389 1280 inde
2402 1223 2850 1294 comprobantur,
2877 1216 3020 1291 quod
3054 1232 3163 1273 non
3187 1212 3348 1287 quasi
3376 1212 3703 1284 supplicium

2121 1319 2190 1372 de
2223 1316 2331 1371 illis
2367 1326 2772 1385 sumpturusse
2794 1314 2907 1381 jam
2957 1312 3092 1381 ipsis
3108 1308 3420 1363 exhibuerit
3448 1305 3505 1359 in
3529 1304 3707 1376 primo

2123 1411 2226 1465 hoc
2258 1422 2583 1478 congressu,
2635 1405 2842 1474 alioqui
2885 1404 3030 1458 enim
3062 1415 3172 1456 non
3203 1409 3315 1456 tam
3351 1397 3553 1454 blande
3605 1408 3709 1451 suo

2122 1502 2275 1556 illum
2300 1501 2521 1557 nomine
2548 1508 2939 1568 nuncupasset.
2962 1494 3057 1551 Est
3070 1495 3217 1549 enim
3236 1494 3352 1548 haec
3372 1490 3446 1545 illi
3467 1488 3710 1545 Paulina:

2124 1597 2321 1653 similis
2359 1594 2729 1665 interpellatio
2758 1608 2773 1646 :
2804 1589 2990 1655 Stulte,
3044 1602 3142 1643 cur
3168 1603 3250 1640 nte
3274 1585 3599 1655 persequeris
3624 1582 3711 1636 ὀἳ

2124 1703 2227 1746 cur
2254 1705 2366 1744 non
2388 1686 2652 1760 perdendi
2678 1683 2853 1757 ipsius
2885 1694 3052 1739 causa
3086 1693 3148 1738 se
3170 1681 3251 1737 illi
3280 1677 3705 1739 nilerretlesus.

2125 1784 2457 1852 nomineque
2484 1780 2860 1851 compellaret,
2891 1777 2990 1833 sed
3040 1785 3100 1829 ut
3133 1775 3202 1828 ad
3240 1784 3557 1829 sermonem
3610 1783 3713 1826 es-

2122 1878 2580 1946 cusationetnqne
2606 1880 2949 1944 provocaret.
2982 1870 3127 1923 Tum
3152 1867 3319 1921 etiam
3351 1866 3398 1920 si
3438 1880 3536 1934 per
3573 1875 3711 1918 cau-

2125 1986 2246 2028 sam
2270 1969 2530 2041 perdendi
2558 1968 2668 2022 illis
2694 1956 3071 2034 apparuisset;
3107 1962 3297 2029 utique
3342 1956 3709 2024 perdidisset;

2125 2064 2209 2118 rei
2244 2058 2418 2131 aquis,
2453 2069 2514 2114 ut
2552 2059 2730 2129 prisca
2788 2055 2903 2110 Noe
2951 2052 3153 2110 sucula
3208 2052 3279 2116 ",
3332 2048 3418 2104 vel
3467 2049 3610 2117 igne,
3656 2053 3724 2102 ιιι

2129 2154 2453 2211 Sodomitas
2486 2152 2554 2212 ",
2618 2149 2701 2205 vel
2746 2158 2890 2201 terra
2925 2141 3263 2207 dehiscente,
3298 2149 3359 2194 ut
3411 2137 3718 2193 Dathanatn

2126 2260 2181 2306 et
2214 2249 2513 2305 Abironem
2546 2245 2635 2309 ";
2681 2248 2841 2299 erant
2865 2240 3015 2298 enim
3043 2237 3315 2307 ejusmodi
3348 2232 3524 2289 exitio
3546 2229 3720 2302 primi

2129 2354 2383 2416 parentes
2427 2352 2649 2411 quoque
2682 2336 2797 2406 jam
2848 2345 2967 2389 tum
3006 2330 3182 2401 digni,
3218 2328 3422 2397 quippe
3445 2324 3540 2397 qui
3569 2322 3721 2416 salu-

2129 2411 2233 2491 iari
2261 2432 2514 2489 doctrina
2560 2429 2787 2499 reiecta,
2818 2424 3184 2496 perniciosam
3214 2411 3721 2489 fuerantamplexl,

2127 2538 2185 2584 et
2216 2538 2336 2581 eam
2359 2537 2480 2595 qua
2512 2536 2638 2579 cum
2669 2516 2763 2575 Dei
2802 2519 2971 2573 verbo
2996 2528 3250 2585 prorsum
3280 2510 3581 2582 pugnabat.
3618 2506 3721 2563 Di-

2130 2627 2279 2676 xerat
2317 2618 2464 2673 enim
2485 2614 2630 2669 Deus
2672 2626 2688 2667 :
2746 2611 2917 2666 Morte
2975 2606 3277 2661 moriemini
3322 2618 3429 2674 qua
3464 2602 3552 2655 die
3595 2601 3723 2655 ede-

2128 2714 2249 2767 ritis
2298 2712 2362 2765 de
2406 2707 2631 2771 arbore;
2680 2705 2767 2758 ille
2807 2717 2937 2756 vero
2995 2700 3170 2755 alter:
3232 2692 3356 2750 Non
3396 2691 3724 2748 moriemini.

2203 2801 2303 2856 Dei
2354 2797 2808 2867 expostulationes
2882 2804 3002 2844 eum
3054 2788 3241 2857 primis
3289 2781 3727 2855 parentibus.—

2132 2896 2319 2966 Neque
2373 2905 2505 2946 vero
2534 2887 2706 2942 multa
2764 2885 2875 2938 Deo
2908 2882 3213 2937 defuissent
3272 2890 3396 2947 qua:
3448 2873 3722 2928 adversus

2134 2988 2255 3046 illos
2283 2986 2551 3059 petuisset
2583 2982 2788 3042 dicere,
2821 2977 2865 3033 si
2898 2974 3255 3044 expostulare
3292 2980 3556 3038 tanquam
3585 2978 3719 3019 cura

450 3085 640 3125 verum
666 3071 828 3139 juslis
856 3071 923 3125 de
972 3074 1181 3138 causis,
1214 3074 1361 3127 hisce
1386 3083 1443 3129 et
1473 3074 1602 3130 aliis
1637 3077 2021 3150 iaterrogatio-
2054 3092 2099 3155 ς
2135 3082 2387 3139 hostibus
2416 3077 2669 3131 libuisset
2704 3109 2723 3135 ,
2768 3070 2929 3141 quale
2962 3082 3047 3122 est
3080 3063 3214 3120 illud
3242 3082 3258 3119 :
3292 3061 3376 3117 An
3428 3074 3537 3115 non
3593 3070 3727 3126 ego,

451 3164 615 3219 nibus
639 3178 771 3218 usus
826 3171 912 3218 est
950 3183 965 3219 :
1026 3165 1183 3222 l’ater
1208 3168 1457 3236 quidem,
1495 3168 1550 3221 in
1582 3166 1807 3238 Veteri;
1852 3171 2026 3230 Filius

455 3272 587 3310 vero
614 3255 672 3310 in
699 3256 851 3311 Novo
882 3258 1249 3315 Testamento.
1282 3260 1548 3328 Quamvis
1584 3263 1732 3319 enim
1768 3265 2027 3322 dominus

459 3349 717 3408 Severus.
758 3360 812 3404 et
859 3349 1195 3408 Philosenua
1244 3356 1435 3411 multis
1466 3356 1519 3409 in
1572 3356 1711 3413 locis
1756 3356 2030 3414 affirmem

454 3440 650 3497 Filium
678 3436 848 3499 fuisse
874 3444 967 3511 qui
1008 3452 1065 3499 et
1092 3444 1151 3500 iu
1182 3442 1365 3502 Veteri
1412 3456 1467 3501 et
1498 3446 1648 3505 Novo
1681 3448 2030 3507 Testamento

454 3532 779 3591 mortalibus
813 3535 1065 3605 apparuit
1092 3550 1261 3605 seque
1290 3536 1541 3593 exhibuit
1575 3539 2027 3608 conspiciendum

453 3623 903 3691 (Severuscuim.
939 3627 995 3680 in
1044 3641 1111 3681 eo
1138 3642 1393 3685 sermone
1420 3645 1582 3699 quem
1632 3633 1698 3685 de
1756 3632 2031 3693 Geuitrice

455 3717 553 3773 Dei
579 3719 903 3787 composuit,
937 3721 1045 3774 ait;
1098 3718 1337 3777 Verbum
1386 3727 1530 3777 enim
1564 3724 1653 3779 Dei
1691 3725 1869 3781 l’atris
1914 3739 2033 3783 erat

455 3810 604 3878 quod
642 3825 804 3878 super
847 3812 1135 3868 sublimem
1173 3824 1414 3869 montem
1447 3817 1599 3871 Sinni
1642 3820 2029 3885 descendebat,

462 3904 709 3959 utiurt'et
738 3903 908 3972 legem
943 3906 1170 3974 mundo,
1212 3915 1360 3974 cte.;
1403 3908 1495 3963 alii
1556 3920 1735 3965 tamen
1791 3912 2033 3981 probata:

456 3998 717 4053 doctrina:
749 3999 995 4066 magistri
1014 4000 1327 4055 existimare
1354 4001 1584 4065 malunt,
1612 4000 1780 4057 Deum
1812 4001 2030 4059 Patrem

458 4093 516 4147 iu
547 4088 728 4146 Veteri
762 4091 895 4161 (23),
922 4090 1117 4148 Filium
1144 4107 1272 4147 vero
1295 4094 1349 4149 in
1375 4092 1528 4151 Novo
1564 4099 1904 4165 apparuisse.
1926 4096 2031 4153 Sed

462 4195 554 4237 tua
588 4193 731 4246 esto,
762 4183 831 4236 let
851 4191 954 4246 tor,
988 4183 1340 4250 existimatio,
1372 4194 1556 4240 utrum
1620 4187 1817 4242 borum
1850 4192 2034 4246 verius

459 4277 535 4332 sit
564 4275 823 4344 quodque
857 4276 1029 4345 magis
1064 4276 1400 4343 probaveris,
1435 4277 1485 4332 id
1517 4280 1874 4349 amplectitur
1899 4284 2031 4337 retis

461 4378 694 4439 ueloque
735 4367 955 4437 quando
987 4370 1254 4422 utrumvis
1282 4370 1560 4438 probabile
1592 4380 1677 4428 est
1731 4373 2029 4429 credibile:

2130 3176 2380 3247 improbe
2408 3170 2636 3233 Adame,
2678 3174 2729 3221 te
2749 3162 2969 3221 condidi
2994 3177 3059 3217 ex
3094 3172 3241 3213 terra
3290 3156 3359 3211 ad
3384 3151 3727 3207 meamima-

2138 3271 2321 3342 ginem
2350 3274 2405 3320 et
2448 3259 2895 3321 similitudinem,
2926 3255 3173 3323 meisque
3207 3258 3259 3304 te
3296 3246 3552 3301 manibus
3575 3255 3721 3298 cou-

2132 3336 2387 3422 iormari.
2423 3365 2726 3413 etuxorem
2752 3348 2875 3405 dedi
2917 3348 3038 3402 vitae
3084 3353 3193 3399 tua:
3235 3336 3584 3398 suhsidium?
3610 3349 3722 3391 aII-

2132 3472 2245 3515 non
2277 3455 2333 3511 in
2366 3449 2625 3525 paradiso
2675 3457 2726 3503 te
2774 3440 3043 3498 collocavi
3070 3437 3329 3493 omnibus
3374 3430 3585 3489 deliciis
3638 3443 3729 3483 rc-

2132 3546 2323 3605 ferto?
2355 3557 2539 3600 annon
2565 3546 2733 3610 caput
2763 3537 3268 3606 imperatoremque
3299 3536 3354 3582 te
3377 3540 3567 3581 rerum
3598 3536 3722 3577 om-

2136 3644 2287 3697 nium
2316 3652 2440 3712 qua:
2484 3635 2539 3689 in
2584 3632 2746 3686 terris
2789 3637 2937 3691 sunt,
2973 3621 3287 3681 constitui?
3312 3618 3445 3690 quid
3468 3624 3558 3673 est
3585 3630 3724 3685 ergo

2134 3747 2235 3792 cur
2260 3749 2348 3788 me
2369 3725 2772 3787 criminareris,
2810 3718 3312 3782 eolumniatoriquc
3360 3726 3525 3768 aures
3585 3721 3731 3780 pra-

2135 3825 2336 3883 beres?
2366 3820 2567 3876 Verum
2604 3830 2832 3888 prorsus
2861 3828 2967 3868 non
2998 3808 3303 3869 infremuit.
3334 3806 3429 3860 sed
3471 3800 3723 3857 suaviter

2135 3935 2201 3978 ac
2230 3917 2427 3974 blande
2454 3914 2776 3985 appellans:
2824 3907 3049 3969 Atlante,
3085 3902 3283 3971 inquit,
3337 3898 3425 3952 ubi
3471 3912 3523 3949 es
3571 3894 3598 3948 7
3630 3890 3728 3947 ni-

2136 4012 2341 4070 mirum
2370 4020 2427 4063 ut
2458 4002 2801 4075 colloquendi
2834 3998 3089 4056 ﬁduciam
3120 3994 3220 4063 ipsi
3254 3990 3459 4046 laceret
3494 4006 3507 4043 :
3539 3996 3731 4043 osteno

2138 4105 2401 4172 dentque
2433 4115 2495 4157 ae
2539 4098 2689 4153 illum
2723 4104 2832 4150 non
2856 4092 2968 4163 jam
2997 4086 3218 4146 insolito
3256 4090 3476 4151 aspectu
3505 4093 3725 4134 vocare.

2137 4198 2483 4266 Quapropter
2538 4190 2660 4261 ipsa
2696 4186 2858 4242 etiam
2887 4195 3019 4236 voce
3048 4179 3322 4234 animatus
3368 4174 3611 4226 Adamus
3640 4182 3736 4224 rc-

2139 4292 2366 4362 spondit
2389 4288 2577 4341 dicens
2623 4302 2638 4337 :
2682 4281 2866 4335 i’oretn
2896 4287 3042 4331 tuam
3064 4272 3242 4329 audivi
3275 4272 3327 4324 in
3374 4265 3649 4336 paradiso,
3676 4272 3729 4318 et

2140 4356 2246 4440 uidi
2278 4386 2419 4453 quod
2454 4379 2625 4433 nudus
2656 4388 2847 4437 essein,
2901 4378 3056 4438 atque
3115 4362 3375 4420 occultavi
3434 4374 3537 4413 ure.
3580 4356 3730 4412 Duas

463 4475 570 4516 una
596 4470 682 4517 est
733 4460 877 4512 enim
913 4459 1212 4527 eademque
1237 4460 1436 4527 Patris,
1462 4470 1517 4515 et
1548 4460 1669 4515 Filii
1700 4470 1755 4517 et
1792 4460 2029 4532 Spiritus

2143 4446 2321 4534 reddit
2353 4472 2598 4528 Adamus
2646 4483 2707 4524 se
2771 4460 3079 4519 occultandi
3135 4457 3418 4511 rationes:
3473 4450 3726 4512 alteram,

463 4553 641 4611 sancti
690 4566 903 4616 natura.
940 4570 1003 4608 ac
1038 4554 1289 4608 voluntas
1332 4569 1465 4617 una,
1495 4570 1713 4625 unaque
1748 4558 2036 4626 operatio;

463 4647 560 4704 sed
602 4656 716 4702 tre.-
770 4662 1014 4716 persona
1053 4647 1336 4704 distinctis.
1380 4646 1551 4720 Igitur
1587 4658 1646 4702 ut
1687 4664 1754 4704 co
1788 4650 1931 4707 unde
1955 4652 2039 4708 di-

464 4742 636 4810 gressi
671 4755 885 4803 suntus,
913 4740 1098 4793 redeat
1127 4741 1329 4804 oratio,
1404 4754 1514 4795 non
1555 4749 1773 4811 propter
1823 4744 2037 4816 ignora-

466 4834 693 4896 tionem,
719 4834 815 4888 sed
855 4833 993 4887 alias
1036 4832 1108 4886 ob
1161 4847 1357 4887 causas
1390 4834 1670 4901 quaerebat
1705 4849 1770 4890 ex
1830 4837 2039 4892 Adamn

467 4927 632 4992 Deus,
666 4927 890 4982 ubinam
926 4936 1108 4987 esset;
1144 4925 1404 4978 nimirum
1442 4935 1499 4980 ut
1532 4926 1636 4994 ipsi
1673 4944 1834 4982 suum
1889 4944 2039 4985 erro.

467 5037 583 5077 rem
619 5022 691 5076 ob
732 5021 922 5079 oculos
968 5030 1213 5089 ponet-tet,
1280 5019 1504 5089 petiitle
1556 5036 1627 5077 ac
1677 5025 1723 5078 si
1781 5025 2037 5081 diceret:

467 5114 757 5183 Quomodo
798 5113 935 5182 agis.
966 5112 1215 5167 Adame?
1243 5122 1532 5183 apertosne
1550 5115 1746 5173 oculos
1768 5116 1959 5181 babes,
1982 5127 2042 5173 ut

465 5221 524 5269 ω
553 5210 865 5267 habiturum
898 5206 1145 5278 promisit
1185 5206 1447 5277 serpens?
1486 5224 1552 5261 an
1584 5209 1750 5265 etiam
1783 5225 1912 5265 num
1938 5226 2042 5266 ca:-

467 5321 568 5361 cus
612 5319 673 5359 cs
721 5315 913 5359 contra
967 5307 1128 5369 atque
1168 5301 1258 5354 ille
1307 5309 1392 5355 est
1447 5301 1884 5368 pollicitus‘lubi
1936 5306 2042 5359 es?

470 5399 673 5453 D-nnde
704 5413 717 5449 :
753 5394 953 5450 Locum
979 5393 1089 5463 iam
1124 5392 1339 5448 obtines
1389 5407 1489 5462 pro
1520 5395 1785 5463 serpentis
1815 5395 2041 5465 promis-

558 5508 757 5565 “Gen.
797 5523 873 5571 tv,
914 5507 968 5563 9.
1046 5507 1094 5537 "
1119 5502 1301 5559 Exod.
1334 5518 1410 5567 tv,
1435 5502 1492 5558 ξι
1568 5504 1837 5564 “deri-ni.
1881 5524 1919 5574 ι,
1960 5508 2046 5562 i3.

472 5584 515 5615 ⁶’
559 5580 751 5637 Ilatth.
822 5594 957 5643 xm,
1012 5576 1101 5632 24.
1181 5575 1410 5630 “Marc.
1453 5590 1506 5639 ι’,
1537 5578 1594 5635 9.
1669 5577 1713 5612 "
1737 5577 1893 5635 Joau.
1939 5578 2136 5645 “,34.

471 5651 656 5710 £1.25.
730 5651 776 5681 ⁷³
808 5648 972 5706 Nutu.
1025 5665 1135 5710 avt,
1196 5649 1217 5703 ί
1264 5661 1415 5716 seqq.

543 5723 662 5791 (εὖ)
721 5720 999 5776 Christum
1046 5717 1279 5791 dbrahm
1335 5711 1514 5771 visum
1556 5721 1633 5791 _ct
1692 5711 2046 5791 collocutum,

474 5782 609 5851 tsi-‘1.
645 5782 743 5848 snt
776 5792 1011 5863 disputat
1041 5786 1289 5846 lustinus
1322 5796 1528 5859 martyr
1554 5788 1605 5841 in
1638 5782 1909 5855 colloquio
1933 5797 2056 5836 cum

2137 4570 2266 4641 quia
2292 4566 2534 4621 titnuerit
2557 4582 2571 4617 :
2593 4563 2695 4617 hoc
2720 4558 2869 4613 enim
2887 4555 2990 4611 sibi
3019 4551 3132 4607 vult
3152 4564 3323 4604 vocent
3353 4554 3520 4608 luant,
3540 4542 3595 4598 id
3616 4550 3725 4604 est.

2138 4634 2425 4730 strepitum
2453 4657 2705 4711 incessus
2735 4651 2836 4712 tui,
2875 4645 3057 4703 audivi
3087 4644 3140 4697 iu
3177 4638 3466 4710 paradiso;
3499 4634 3746 4698 alteram,

2138 4728 2267 4825 quia
2320 4750 2573 4823 puducrit
2617 4746 2767 4800 illum
2804 4739 3091 4798 nuditatis.
3131 4732 3238 4789 Sed
3273 4734 3388 4786 haec
3426 4728 3555 4783 Adae
3587 4738 3724 4799 apo-

2138 4845 2282 4917 logia
2316 4842 2668 4898 excusatione
2700 4839 2857 4907 plane
2891 4828 3195 4901 improbata
3234 4832 3340 4887 est,
3373 4836 3500 4878 cum
3531 4825 3586 4874 et
3610 4831 3726 4873 tuc-

2152 4914 2239 4995 tns
2276 4938 2367 4991 ille
2399 4948 2450 4989 et
2481 4936 2597 5003 ipsa
2627 4929 2843 4983 nuditas
2868 4924 2939 4979 ob
2971 4921 3226 4976 violatam
3259 4932 3289 4970 a
3314 4928 3374 4969 se
3400 4914 3569 5003 legem
3596 4923 3725 4966 eve-

2149 5029 2354 5085 nerint.
2386 5024 2450 5080 Et
2480 5000 2554 5075 ait
2588 5021 2655 5074 ad
2687 5019 2837 5072 illam
2870 5013 3128 5069 Dominus
3159 5022 3179 5063 :
3221 5006 3355 5073 Quis
3388 5000 3728 5059 ostendittibi

2146 5124 2286 5193 quod
2315 5118 2490 5173 nudus
2528 5113 2651 5169 sis?
2705 5110 2890 5179 Neque
2917 5106 3024 5161 hoc
3061 5104 3357 5169 interrogat
3394 5105 3453 5151 ut
3485 5095 3724 5164 ignarus,

2148 5184 2246 5271 sed
2275 5221 2339 5267 ut
2376 5225 2466 5279 per
2496 5208 2665 5276 culpa
2692 5200 3097 5259 confessionem
3128 5194 3277 5248 illum
3304 5189 3526 5245 inducat
3547 5184 3617 5279 ad
3639 5199 3725 5240 rc-

2151 5277 2568 5377 prehensionent
2632 5299 2865 5355 libenter
2911 5288 3259 5356 suaviterquc
3310 5277 3722 5336 admittendam.

2148 5370 2317 5463 Quasi
2355 5393 2502 5447 dicat
2534 5409 2547 5444 :
2584 5386 2756 5441 Fuisti
2808 5381 3030 5453 quidem
3059 5387 3277 5445 semper
3316 5370 3518 5436 nudus,
3551 5379 3732 5437 neque

2152 5508 2200 5539 "
2218 5505 2322 5559 loli
2373 5520 2411 5569 ι,
2448 5503 2501 5557 7.
2577 5500 2623 5533 ⁸⁸
2648 5498 2845 5569 Matth,
2872 5510 2964 5558 xv,
3200 5485 3251 5517 ⁸⁸
3273 5480 3722 5569 Matthz‘avttﬂ.

2224 5553 2563 5634 ἱὸᾞΑέἱζίκ.
2611 5570 2664 5625 4.
2740 5570 2785 5601 ⁷⁸
2814 5553 2960 5623 Gen.
2995 5563 3049 5625 7.
3089 5558 3109 5611 ί
3147 5571 3304 5628 Se'l‘l-
3383 5553 3592 5611 ’³6⁸⁸³⁸
3615 5566 3725 5614 "‘-

2156 5705 2477 5775 Trvphonc;
2508 5701 2710 5757 Euseb.
2748 5698 2950 5775 Ecrjgs.
2997 5696 3161 5775 "ist"
3200 5711 3274 5759 sl,
3307 5695 3407 5775 lib.
3444 5710 3478 5748 ll
3505 5690 3730 5775 defit:

2161 5763 2550 5839 Cll-tl'sltittlltli;
2594 5775 2685 5830 ltb.
2724 5789 2801 5826 trt.
2838 5770 2907 5824 50
2947 5778 2999 5824 cl
3040 5769 3129 5833 5i,
3162 5776 3215 5824 ct
3268 5766 3512 5839 plerique
3543 5763 3655 5821 alii.
