4094 6156
384 244 494 308 565

1527 237 1627 298 DE
1669 232 2075 299 PARADISO.
2116 255 2188 273 οη
2224 233 2421 303 PARS
2462 236 2513 298 Ι.

3537 229 3650 295 568

386 360 569 405 tamen
594 357 648 405 te
678 347 802 419 ejus
838 345 1031 419 puduit
1058 356 1187 404 ante
1215 345 1340 415 hac,
1382 346 1514 418 quid
1547 357 1628 404 est
1656 362 1787 418 ergo
1815 346 1960 417 quod
1992 352 2037 408 Δ
2133 346 2244 405 Cur
2273 347 2415 405 Dus
2435 357 2727 421 serpentem
2742 365 2850 404 non
2882 340 3533 418 interrogat-erit.——Nulla
3561 343 3661 411 igi-

391 458 533 498 nnnc
560 442 697 497 adeo
722 441 1039 506 erubescas,
1064 449 1227 509 atque
1251 438 1487 495 timeas?
1516 437 1662 493 Nunt
1683 440 1749 495 de
1781 439 1971 492 arbore

388 538 454 590 de
484 551 587 606 qua
632 534 900 603 iusseram
962 550 1026 588 ne
1079 533 1281 597 edem,
1336 532 1549 586 edisti?
1597 530 1773 586 Etiam
1825 545 1972 585 nunc

391 628 565 697 pergit
620 637 812 698 pacate
851 642 975 681 cum
1018 624 1112 680 illo
1140 625 1403 695 colloqui,
1450 623 1605 694 quasi
1653 623 1971 692 coniectura

391 721 647 791 quapiam
681 722 844 774 modo
882 719 1055 773 fretus
1087 717 1214 771 illud
1263 718 1409 772 dicat
1442 731 1456 769 :
1484 715 1624 771 Num
1672 716 1734 769 de
1764 716 1973 779 arbore,

391 822 497 865 etc.
550 807 646 864 Est
673 817 854 862 autem
889 807 979 862 bic
1022 805 1565 862 animadvertendum
1597 822 1662 862 ex
1700 806 1974 876 ascriptis,

393 914 489 960 aut
514 905 731 960 duobus
756 902 1053 973 punctulis,
1101 910 1197 957 aut
1249 917 1359 958 uno
1406 902 1543 966 solo,
1582 902 1649 955 ad
1684 902 1811 956 illud
1842 918 1858 955 :
1896 898 1978 954 Ne

394 998 593 1061 ederet,
658 998 963 1051 orationem
1018 996 1157 1049 hanc
1212 995 1297 1051 vel
1364 994 1704 1058 allitmative,
1755 1009 1850 1064 per
1904 993 1987 1047 itt-

398 1087 820 1161 terrogationem
851 1089 1029 1143 ell'erri
1069 1104 1249 1158 posse.
1289 1087 1560 1143 Caeterum
1610 1089 1867 1146 dominus
1903 1086 1975 1143 E-

399 1185 590 1261 phrem
636 1189 690 1236 et
723 1182 814 1251 qui
870 1195 994 1237 cum
1050 1180 1171 1250 ipso
1198 1181 1463 1244 sentiunt,
1496 1196 1561 1236 ex
1624 1180 1707 1234 bis
1735 1187 1787 1234 et
1830 1178 1983 1232 simi-

399 1272 542 1328 libus
572 1262 757 1329 verbis
790 1274 1143 1342 singulariter
1189 1272 1255 1327 ad
1284 1271 1550 1327 Adamum
1583 1271 1742 1327 factis
1787 1271 1984 1326 confici

404 1374 617 1435 putant,
651 1366 751 1421 soli
780 1366 993 1422 Adamo
1037 1368 1357 1433 imperatam
1393 1381 1421 1420 a
1473 1365 1580 1421 Deo
1636 1365 1808 1435 legem
1838 1379 1985 1427 che,

396 1475 636 1530 eamque
660 1460 837 1531 ipsum
878 1458 1073 1513 deinde
1096 1457 1225 1512 Eva:
1252 1458 1409 1512 uxori
1463 1457 1717 1511 retulisse
1746 1474 1761 1523 ;
1797 1471 1985 1510 verum

400 1554 491 1609 alii
538 1551 890 1624 respondent.
928 1544 1097 1605 Deum
1153 1551 1257 1605 sub
1302 1548 1435 1605 Adae
1461 1565 1691 1619 persona
1723 1564 1845 1605 cum
1878 1548 1986 1604 Eva

406 1661 626 1719 quoque
657 1645 915 1715 colloqui,
950 1661 1049 1715 pro
1082 1644 1380 1714 Scriptura:
1434 1658 1587 1698 more
1620 1664 1632 1697 :
1663 1641 1857 1697 Beatus
1914 1641 1993 1695 vir

404 1737 604 1809 (inquit
648 1735 839 1807 David)
890 1739 980 1807 qui
1027 1754 1127 1790 non
1162 1735 1447 1790 ambulavit
1500 1751 1591 1804 per
1621 1734 1759 1788 ciam
1790 1734 1993 1801 impro-

404 1838 590 1889 borum
608 1832 676 1889 ".
701 1831 834 1901 Quis
864 1846 991 1886 vero
1016 1848 1121 1885 non
1160 1830 1244 1885 bic
1265 1846 1383 1884 eam
1411 1828 1801 1884 beatitudinem
1836 1842 1993 1898 atque

407 1925 475 1981 ad
510 1922 766 1978 mulieres
792 1931 1040 1993 spectare
1078 1921 1223 1974 dicat
1243 1919 1269 1973 τ
1293 1920 1553 1975 nimirum
1592 1920 1713 1975 io’eo
1746 1918 1846 1974 viri
1877 1934 1999 1987 pcr-

417 2033 550 2074 sona
590 2016 846 2071 libentius
894 2014 1059 2069 utitur
1090 2012 1398 2085 Scriptura,
1454 2013 1597 2082 quod
1629 2014 1710 2067 vir
1749 2012 1999 2066 mulieris

408 2118 576 2180 caput
610 2108 681 2164 sit
709 2125 727 2163 :
760 2106 827 2162 Et
859 2107 934 2160 ait
966 2105 1140 2159 Adam
1181 2119 1201 2158 :
1260 2102 1455 2158 Mulier
1503 2120 1663 2173 quam
1705 2104 2000 2158 attribuisti

411 2204 543 2259 mitti
563 2202 678 2273 ipsa
707 2200 853 2256 dedit
883 2201 1015 2254 mihi
1052 2199 1115 2252 de
1148 2200 1357 2262 arbore,
1395 2207 1443 2253 et
1479 2198 1702 2253 comedi.
1768 2198 2003 2252 Prorsus

411 2311 552 2349 vana
576 2303 727 2350 estet
753 2293 1119 2349 inanis‘etiam
1137 2288 1253 2346 haec
1280 2291 1474 2347 Adami
1499 2290 1746 2346 defensio
1770 2309 1784 2355 ;
1804 2290 2005 2361 quippe

414 2407 524 2462 qua
546 2389 776 2446 minime
806 2404 916 2459 pra:
962 2402 1021 2442 se
1048 2387 1152 2442 fert
1188 2385 1489 2441 demissum
1548 2386 2005 2453 bumiliaturnquc

414 2484 686 2547 animum,
712 2485 806 2538 sed
844 2483 897 2536 itt
934 2483 1109 2552 ipsum
1144 2479 1549 2550 quodammodo
1586 2478 1755 2532 Deum
1788 2478 2002 2547 culpant

415 2575 634 2643 avertit,
666 2577 822 2646 quasi
854 2575 1041 2629 dicat:
1089 2562 1285 2628 Mulier
1314 2588 1476 2644 quam
1512 2581 1565 2625 tu
1597 2571 1737 2640 apud
1776 2587 1862 2624 me
1886 2585 2007 2624 esse

424 2669 659 2731 voluisti,
687 2683 752 2722 ea
794 2665 1112 2721 miliicausa
1146 2664 1247 2720 fuit
1277 2663 1623 2720 transiliendi
1658 2663 1849 2733 legem,
1881 2663 2004 2717 illa-

422 2776 527 2832 que
559 2762 757 2817 arbore
789 2759 1067 2815 vescendi.
1100 2755 1208 2812 Sed
1267 2758 1530 2811 adversus
1582 2756 1719 2821 bene,
1754 2755 1922 2809 multa
1976 2770 2008 2808 a

425 2852 538 2909 Deo
569 2853 636 2906 ad
674 2853 825 2906 illum
886 2848 1224 2921 arguentium
1283 2846 1390 2902 dici
1434 2848 1782 2919 potuissentf;
1857 2847 2006 2901 verbi

415 2941 592 3016 gratia
622 2961 637 2997 :
672 2938 789 2998 Non
826 2941 953 3013 quia
995 2942 1280 2998 mulierem
1308 2955 1413 3011 ego
1442 2939 1537 2994 tibi
1580 2937 1825 3007 adiunxi,
1858 2937 2011 3007 justa

2081 723 2223 794 apud
2280 724 2549 782 Adamnm
2612 730 2670 779 et

2084 452 2171 496 tur
2202 443 2345 512 apud
2379 450 2711 512 serpentem,
2731 443 2833 497 boc
2850 448 2956 508 est,
2988 437 3273 499 Satanam.
3302 437 3472 492 utitur
3494 436 3661 491 intcr~

2083 537 2391 609 rogatione,
2425 550 2531 607 qua
2578 535 2648 591 ad
2679 550 2744 592 se.
2769 532 3142 591 excusandum
3192 531 3283 586 ille
3318 539 3659 600 protect-tur,

2084 646 2152 689 ac
2182 633 2255 687 ita
2313 631 2530 688 tandem
2590 630 2872 702 iudicetur
2926 630 3448 695 condemneturque,
3502 625 3663 679 sicuti

2745 720 2911 776 Evam
2996 737 3130 777 usus
3212 719 3410 775 fuerat.
3490 719 3664 787 Cuius

2090 819 2233 874 hanc
2261 828 2521 889 putamus
2541 817 2693 875 reddi
2729 831 2896 886 posse
2947 816 3214 870 rationem
3244 830 3261 879 ;
3299 814 3424 882 quia
3458 813 3666 865 Adamo

2093 912 2359 983 uxorique
2397 910 2556 968 locus
2603 919 2725 965 erat
2762 909 3121 980 ptenitentiae,
3171 920 3236 960 ac
3286 905 3342 959 in
3401 905 3670 972 W'pcntis

2089 1006 2466 1075 tlzemonisqoe
2488 1003 2722 1059 arbitrio
2749 1016 2860 1058 non
2914 1010 3035 1057 erat
3076 1008 3137 1055 ut
3168 998 3432 1069 pmuitere
3467 1005 3669 1065 posset.

2094 1100 2265 1155 Porro
2300 1098 2471 1154 multa
2513 1098 2603 1155 hic
2640 1096 2812 1166 quieri
2869 1094 3073 1160 solent,
3117 1093 3429 1162 cujusmodi
3492 1098 3623 1145 sunt
3658 1107 3671 1141 :

2096 1193 2427 1250 Prtditusne
2481 1191 2627 1246 fandi
2667 1190 2926 1246 facultate
2981 1205 3013 1244 a
3061 1187 3191 1250 Deo,
3238 1199 3463 1251 serpens
3516 1182 3669 1236 loru-

2097 1297 2185 1341 tus
2217 1288 2308 1351 sit,
2345 1301 2412 1339 an
2453 1282 2685 1340 Satanas
2722 1285 2863 1336 intra
2915 1289 3224 1349 serpentem
3276 1279 3477 1338 latens,
3541 1291 3667 1327 cum

2098 1382 2186 1437 ille
2237 1381 2378 1435 bone
2415 1387 2609 1448 suopte
2639 1378 2880 1431 arbitrio
2910 1372 3292 1440 subterfugere
3324 1367 3599 1439 timuit-et,
3623 1379 3679 1420 ut

2099 1489 2208 1527 non
2243 1472 2344 1544 ipsi
2374 1486 2470 1540 pro
2508 1472 2874 1524 instrumento
2911 1474 3076 1521 esset.
3110 1463 3190 1517 Ad
3224 1462 3352 1524 ltoc,
3409 1476 3511 1513 cur
3568 1475 3677 1514 neu

2098 1574 2413 1620 exsecratus
2436 1564 2510 1619 sit
2538 1560 2681 1616 Deus
2711 1561 2991 1625 Satanam,
3020 1566 3076 1612 ut
3099 1565 3431 1623 serpentem.
3451 1548 3680 1604 Practer-

2098 1674 2185 1721 ea,
2232 1673 2337 1713 cur
2379 1656 2579 1719 Moses.
2628 1670 2754 1709 cum
2789 1654 2935 1707 bone
2960 1650 3160 1706 librum
3205 1646 3394 1701 multis
3423 1654 3543 1714 post
3577 1659 3680 1697 sa:-

2100 1752 2240 1807 eulis
2271 1747 2685 1816 conscripserit,
2708 1745 2934 1814 quando
2961 1743 3076 1813 jam
3113 1750 3230 1797 tum
3264 1737 3399 1794 satis
3430 1734 3683 1805 cognitus

2102 1853 2221 1897 erat
2249 1841 2576 1897 mortalibus
2600 1838 2858 1903 Satanas,
2893 1850 3003 1891 non
3020 1833 3169 1889 claro
3192 1830 3399 1886 dixerit
3423 1828 3682 1882 Satanam

2105 1935 2277 1991 fuisse
2309 1933 2402 2002 qui
2424 1933 2565 1987 intra
2583 1940 2894 2000 serpentem
2919 1922 3294 1996 loquebatur?
3321 1921 3414 1977 sed
3450 1933 3559 1974 non
3584 1918 3685 1972 bas

2102 2040 2157 2083 et
2184 2028 2347 2095 hujus
2385 2025 2602 2095 generis
2647 2024 2783 2077 alias
2813 2020 3147 2090 quaestiones
3175 2014 3343 2073 altius
3392 2011 3685 2079 investiga-

2106 2131 2192 2175 tas
2238 2120 2596 2174 dissolvimus
2633 2117 2777 2187 (cap.
2811 2113 2931 2183 27).
2968 2110 3171 2167 Verum
3201 2107 3423 2181 quando
3443 2114 3573 2161 sunt
3591 2103 3688 2174 qui

2105 2214 2288 2268 illam:
2310 2208 2424 2265 Cur
2459 2225 2567 2265 non
2595 2216 2919 2263 exsecratus
2950 2203 3025 2259 sit
3058 2202 3202 2257 Deus
3232 2198 3495 2255 Satanam
3523 2195 3688 2252 sicuti

2103 2313 2440 2377 serpentem,
2476 2304 2673 2358 iterum
2702 2309 2870 2369 atque
2918 2298 3117 2352 iterum
3162 2302 3380 2365 urgent,
3415 2305 3516 2347 nos
3552 2304 3691 2358 pra)-

2107 2413 2256 2458 terea
2289 2415 2410 2470 qua:
2449 2408 2576 2453 ante
2609 2392 2993 2467 respondimus
3024 2391 3130 2445 ltoc
3160 2389 3325 2442 etiarn
3365 2384 3564 2442 addere
3600 2382 3689 2437 blc

2109 2496 2403 2558 voluimus,
2453 2491 2623 2547 Deum
2661 2504 2772 2544 non
2833 2486 3019 2541 minus
3066 2480 3415 2538 maledisisse
3464 2475 3687 2534 Satanae

2109 2606 2218 2645 non
2251 2584 2566 2655 aspectabili
2596 2598 2761 2653 quam
2791 2578 3032 2649 serpenti
3068 2575 3163 2645 qui
3210 2572 3384 2629 oculis
3412 2568 3691 2626 cerneba-

2110 2691 2218 2744 tur,
2240 2690 2398 2749 atque
2427 2673 2652 2746 perinde
2682 2671 2969 2727 ittbtesisse
2998 2664 3433 2722 exsecrationem
3460 2659 3694 2729 mystico

2111 2787 2422 2841 arcanoque
2458 2767 2642 2832 modo,
2691 2765 2768 2819 illi
2806 2772 2865 2817 ut
2895 2761 3023 2815 huic
3057 2768 3244 2827 aperte
3269 2764 3327 2811 et
3360 2755 3413 2808 in
3440 2752 3562 2822 ipso
3577 2763 3698 2807 cor-

2112 2880 2276 2936 pore;
2326 2862 2472 2931 quod
2501 2856 2809 2930 cuiusmodi
2840 2855 2914 2910 sit
2943 2852 3106 2907 velim
3143 2857 3197 2905 te
3224 2846 3366 2917 apud
3391 2855 3543 2898 tuum
3570 2840 3693 2897 ani-

2112 2973 2260 3014 mum
2288 2956 2582 3027 pensitare.
2626 2950 2872 3007 Habebat
2899 2947 3045 3001 enim
3089 2944 3232 2999 Deus
3260 2947 3571 3012 serpentem
3603 2952 3694 2991 ve-

424 3042 523 3093 ttbt
560 3037 702 3092 ratio
730 3040 848 3090 erat
881 3040 942 3089 ut
974 3033 1024 3089 ei
1063 3034 1404 3098 auscultans,
1434 3045 1550 3087 mea
1578 3026 1732 3102 iussa
1750 3033 2005 3087 violares.
2035 3048 2083 3111 ρ
2115 3055 2212 3108 hu;
2251 3026 2489 3105 medium
2547 3050 2689 3103 inter
2750 3044 3012 3098 suum“,
3069 3039 3391 3110 primosque
3439 3039 3695 3103 paream

426 3130 568 3186 Tum
604 3130 649 3185 si
684 3142 772 3186 me
800 3143 1026 3183 accusas
1058 3127 1183 3198 quia
1216 3141 1442 3182 uxorem
1465 3126 1564 3180 tibi
1589 3126 1734 3190 dedi,
1765 3141 1863 3179 cur
1902 3141 2007 3180 non

428 3225 619 3285 etiam,
648 3221 777 3292 quia
806 3230 857 3275 te
882 3220 1151 3275 Condidit
1187 3219 1294 3275 nisi
1324 3220 1469 3274 enim
1507 3226 1562 3274 te
1590 3233 1870 3274 creassem
1901 3232 2011 3275 non

430 3330 742 3387 peccasses,
790 3314 920 3385 quia
964 3309 1061 3379 tibi
1090 3316 1285 3368 oculos
1321 3311 1489 3367 indidi
1521 3311 1641 3367 sine
1671 3310 1869 3383 quibus
1906 3327 2011 3365 non

434 3426 559 3466 cras
594 3412 844 3466 arborem
875 3410 1145 3468 visurus?
1168 3410 1314 3493 ‘qula
1364 3424 1562 3464 manus
1601 3408 1698 3464 tibi
1763 3408 2013 3480 apposui,

436 3502 557 3557 sine
586 3502 789 3571 quibus
823 3517 933 3557 non
967 3502 1336 3573 decerpsisses
1364 3501 1560 3554 Vctitos
1603 3499 1815 3553 fructus
1832 3498 1868 3552 ?‘
1887 3498 2015 3567 quia

438 3610 500 3649 os
535 3594 632 3649 tibi
660 3594 803 3659 dedi,
836 3596 955 3649 sine
990 3608 1099 3665 quo
1150 3605 1259 3647 non
1312 3583 1566 3648 edissesl
1610 3591 1812 3646 frustra
1853 3590 2018 3660 igitur

438 3688 531 3743 itla
555 3703 806 3751 excusas,
836 3702 956 3740 cutn
993 3701 1113 3741 eam
1146 3685 1429 3739 mulierem
1475 3689 1641 3754 quam
1685 3682 1778 3739 tibi
1812 3684 2017 3738 sociam

440 3777 583 3845 dedi,
615 3781 689 3833 ita
715 3778 1146 3848 comparaveritn
1182 3786 1240 3831 ut
1262 3776 1355 3831 tibi
1386 3787 1531 3831 essvt
1557 3774 1611 3829 in
1640 3790 1829 3840 manu,
1860 3784 2021 3844 atque

442 3874 649 3943 sujecta
675 3889 690 3938 ;
721 3888 827 3927 non
868 3879 1047 3925 autem
1085 3880 1141 3925 ut
1162 3878 1214 3923 te
1245 3879 1478 3938 tuasque
1505 3868 1754 3922 actiones
1787 3876 2020 3936 regeret,

444 3968 901 4037 gubernaretque.
939 3961 1055 4027 llis,
1094 3960 1339 4031 inquam.
1367 3970 1533 4029 atque
1557 3957 1872 4029 hujus-nodi
1903 3958 2026 4014 aliis

444 4059 627 4115 Verbis
649 4058 995 4125 expostulare
1041 4070 1168 4110 cum
1225 4054 1315 4109 illo
1363 4054 1660 4124 potuissset
1684 4054 1811 4123 jure
1836 4053 1978 4108 Deus
2006 4070 2020 4107 :

447 4166 635 4209 verum
667 4152 922 4207 omnibus
949 4149 1233 4213 abstinuit,
1259 4150 1388 4219 quia
1428 4163 1555 4224 non_
1585 4147 2027 4203 accusationibus

452 4257 752 4321 perterrere
782 4248 1079 4312 liominem,
1100 4244 1189 4298 sed
1221 4244 1413 4314 patrati
1436 4242 1695 4299 facinoris
1713 4242 2028 4316 pmnitentia

450 4352 709 4394 revocare
726 4336 1020 4406 cupiebat;
1065 4348 1236 4403 quare
1278 4350 1396 4387 tuo:
1427 4332 1780 4403 quaestionem
1813 4331 1879 4385 ad
1910 4348 2031 4385 mu-

453 4434 642 4487 lierem
693 4430 995 4493 convertit;
1034 4429 1115 4484 sic
1150 4427 1294 4483 enim
1342 4427 1632 4497 sequitur:
1692 4422 1759 4478 Et
1795 4424 1870 4479 ait
1923 4423 2031 4479 Do-
2058 4398 2111 4458 D

455 4526 624 4581 minus
639 4525 706 4578 ad
729 4523 995 4576 mulierem
1023 4538 1040 4575 :
1058 4519 1199 4587 Quid
1218 4522 1312 4574 hoc
1332 4518 1566 4589 estquod
1586 4516 1757 4589 fecisti
1773 4518 1801 4572 ?
1820 4516 2032 4573 Rursus

455 4634 577 4671 eum
611 4614 757 4670 ntuli;
777 4630 835 4670 re
860 4629 1078 4685 quoque
1105 4628 1214 4668 non
1236 4613 1435 4667 acerbe
1458 4620 1620 4682 atque
1643 4610 2035 4672 iracunde.sed

457 4714 639 4766 sedate
671 4718 723 4764 ρῑ
756 4710 949 4762 blande
988 4708 1233 4778 loquitur
1291 4708 1454 4768 Deus,
1508 4721 1573 4760 ac
1624 4707 1783 4775 quasi
1820 4702 2034 4760 nescius

458 4807 755 4875 interrogat
773 4804 845 4857 ob
872 4803 1088 4856 easdem
1118 4802 1361 4856 rati-mes
1377 4815 1516 4869 quas
1539 4816 1718 4869 nuper
1741 4800 1808 4856 de
1828 4800 2035 4855 Adamo

462 4902 796 4967 ittht't'ogatt)
826 4895 1189 4966 protulimus:
1220 4893 1289 4946 Et
1315 4895 1388 4947 ait
1419 4893 1612 4947 mulier
1638 4908 1657 4944 :
1687 4892 1910 4963 Serpens
1940 4896 2034 4950 dc-

462 4990 592 5059 repit
627 5006 726 5052 me,
757 4996 807 5042 et
836 4986 1055 5040 comedi.
1086 4982 1279 5040 Mulier
1303 4982 1446 5040 enim
1482 4985 1662 5041 Omnia
1688 4986 1923 5054 serpenti
1952 5002 2041 5043 as-

464 5081 644 5144 cribit,
674 5098 781 5135 non
833 5078 1070 5141 Satanae.
1098 5095 1162 5133 eo
1190 5080 1334 5151 quod
1356 5090 1663 5148 serpentem
1696 5079 1913 5149 quidem
1946 5081 2039 5150 qui

468 5190 525 5227 se
557 5173 1010 5242 intert’vellarerat,
1046 5181 1316 5234 nosceret,
1356 5178 1412 5224 at
1439 5170 1696 5225 Satanam
1729 5170 1870 5226 intra
1924 5189 2041 5227 scr-

472 5274 684 5334 penteut
721 5263 1076 5329 occultatum,
1113 5278 1140 5315 a
1180 5276 1293 5333 quo
1347 5262 1528 5315 omnis
1567 5262 1866 5330 impostura
1915 5279 2042 5335 pro-

471 5368 729 5420 cesserat,
769 5357 1066 5426 ignoraret,
1094 5353 1161 5409 Et
1196 5355 1274 5410 ait
1307 5353 1557 5409 Dominus
1583 5357 1652 5410 ad
1708 5369 1997 5427 serpentem
2024 5372 2043 5411 :

474 5447 612 5513 Quia
636 5448 807 5519 fecisti
837 5446 953 5510 hoc,
970 5448 1282 5500 maledictus
1306 5461 1359 5501 es
1380 5461 1491 5515 pra!
1518 5448 1661 5500 omni
1691 5448 1979 5511 animante,
1998 5459 2045 5503 et

473 5556 583 5611 pra.-
616 5539 757 5593 eimti
810 5538 972 5594 bestia
1004 5540 1141 5610 agri.

546 5734 595 5770 "
640 5735 784 5792 Psal.
827 5752 863 5799 t,
918 5736 962 5790 l.
1039 5730 1083 5765 "
1127 5728 1322 5784 lizt'clt.
1374 5747 1435 5793 tt,
1486 5731 1568 5787 13.

2115 3143 2562 3202 intervenit-atem
2594 3156 2610 3203 ς
2644 3151 2771 3193 nam
2808 3135 2970 3189 sicuti
3019 3132 3074 3187 bi
3122 3144 3217 3199 per
3253 3134 3565 3198 serpentem
3610 3138 3699 3180 se-

2115 3236 2265 3293 ducti
2324 3245 2475 3300 sunt,
2542 3231 2613 3287 ita
2664 3231 2754 3286 ille
2807 3243 2903 3299 per
2958 3232 3267 3296 serpean
3316 3217 3697 3299 exsecratione

2113 3332 2441 3403 perstrictus
2457 3338 2574 3395 est;
2594 3333 2648 3381 et
2664 3334 2722 3378 ut
2746 3336 2975 3391 serpens
3000 3318 3104 3375 fuit
3133 3316 3346 3372 Satanae
3368 3314 3703 3369 instrumem

2119 3438 2233 3485 tum
2268 3422 2527 3480 iniciendi
2568 3421 2776 3490 primos
2827 3425 3079 3488 parentes
3129 3413 3196 3467 ad
3232 3408 3591 3480 peccandum,
3626 3406 3713 3459 ita-

2118 3534 2411 3591 personam
2459 3529 2680 3587 quoque
2716 3513 2883 3580 gessit
2938 3510 3041 3565 sub
3071 3520 3180 3577 qua
3239 3503 3379 3557 Deus
3433 3500 3697 3553 Satanam

2117 3622 2205 3667 est
2228 3611 2555 3666 detestatus.
2591 3606 2818 3671 Utrique
2839 3604 3022 3669 igitur,
3050 3607 3107 3653 et
3138 3597 3373 3651 Satanas
3393 3600 3447 3646 et
3476 3604 3709 3659 serpens

2119 3701 2364 3758 divinant
2399 3696 2833 3752 exsecrationem
2873 3700 3000 3744 sunt
3035 3688 3205 3757 passi.
3240 3685 3372 3738 Nam
3406 3692 3468 3736 ut
3495 3681 3560 3734 ad
3589 3693 3706 3733 ser-

2122 3806 2340 3868 pontem
2371 3794 2577 3845 dictum
2604 3799 2725 3842 cst:
2763 3784 3082 3841 Matedictur
3116 3797 3170 3836 es
3214 3794 3326 3848 prta
3358 3776 3511 3829 omni-
3541 3772 3706 3826 bestia

2121 3900 2173 3944 et
2222 3892 2510 3950 animante,
2546 3900 2609 3936 ex
2639 3896 2862 3950 quorum
2898 3891 3113 3931 numero
3160 3884 3217 3927 ttt
3248 3890 3323 3937 es,
3352 3872 3423 3924 ita
3446 3868 3711 3922 adversus

2126 3984 2386 4038 Satanam
2433 3976 2845 4047 protumtiatum
2906 3986 3029 4048 esse
3093 3964 3515 4022 existimandum
3574 3966 3707 4016 est:

2130 4074 2448 4131 Haledlctus
2474 4088 2534 4126 es
2549 4082 2656 4139 pra:
2671 4068 2929 4123 omnibus
2946 4064 3119 4133 copiis
3150 4059 3527 4130 spiritualibos
3545 4062 3713 4125 atque

2132 4167 2395 4237 angelicis
2424 4179 2489 4217 ea
2518 4177 2751 4232 quarum
2785 4173 2982 4227 genere
3007 4166 3069 4210 tn
3096 4170 3183 4210 es.
3198 4151 3528 4207 Mtitnalium
3562 4148 3710 4203 enim

2133 4262 2354 4318 nomine
2386 4256 2568 4313 vocari
2604 4255 2657 4308 in
2694 4253 2983 4323 St‘l‘ipllll‘a
3012 4262 3171 4303 sacra
3198 4247 3387 4315 copias
3418 4243 3712 4313 angelicas.

2139 4362 2323 4423 aperte
2371 4354 2614 4416 arguunt
2634 4362 2696 4398 ea
2728 4341 2984 4397 animalia
3014 4354 3136 4410 quae
3167 4337 3299 4392 vidit
3330 4331 3646 4388 Ezechiel"
3662 4343 3714 4385 ct

2138 4422 2279 4513 sirpe
2310 4443 2435 4497 alibi
2458 4439 2715 4493 Satanam
2748 4433 2952 4489 animal
2973 4429 3444 4502 appellatumcsse
3473 4426 3525 4478 in
3545 4422 3718 4479 sacris

2136 4537 2356 4593 Litteris
2379 4545 2569 4588 notum
2589 4540 2688 4583 est.
2709 4528 2817 4582 Sed
2840 4542 2942 4583 cur
2968 4517 3718 4593 auspicatusestexsecratit;-

2138 4648 2260 4686 nem
2284 4629 2425 4683 Deus
2442 4643 2473 4681 a
2493 4622 2727 4678 Sorana?
2744 4619 3001 4676 nimirum
3017 4617 3145 4685 quia
3172 4615 3261 4668 ille
3277 4616 3487 4685 primus
3500 4608 3722 4691 admisit

2142 4737 2430 4795 peccatum
2473 4719 2645 4789 prima
2677 4726 2761 4771 est
2785 4714 2981 4769 merito
3008 4709 3367 4765 detestatione
3398 4700 3717 4776 percussus.

2138 4816 2412 4871 Caeterum
2452 4821 2757 4879 serpentem
2792 4822 2856 4859 ex
2914 4806 3228 4856 animarum
3266 4812 3463 4868 genere
3521 4796 3717 4857 fuisse,

2145 4923 2253 4962 non
2290 4914 2473 4959 autem
2532 4900 2803 4969 n‘ptilium
2850 4893 3040 4968 (quod
3078 4892 3296 4963 quidem
3345 4899 3719 4949 antumavcre,
3804 4906 3810 4911 ο

2145 5015 2268 5053 cum
2294 4998 2439 5051 dicat
2464 5012 2480 5047 :
2517 4992 2836 5048 Maledicta:
2857 5005 2966 5059 ργιι·
2993 4988 3136 5041 omni
3159 4985 3432 5038 aninmnte
3452 4993 3721 5034 memora-

2147 5095 2325 5149 vimus
2342 5092 2501 5145 etiam
2525 5104 2646 5157 cap.
2672 5102 2810 5143 χιιι.
2835 5083 2895 5138 Et
2918 5100 3075 5150 super
3094 5091 3323 5135 uentrem
3345 5091 3487 5130 (trum
3505 5074 3718 5145 gradie-

2146 5185 2430 5251 ris.Quasi
2460 5182 2645 5237 dicat;
2678 5180 2994 5233 Amissurus
3016 5190 3077 5230 es
3106 5177 3259 5243 pede:
3291 5182 3412 5225 tuos
3433 5169 3633 5238 quibus
3652 5170 3718 5219 ad

2148 5281 2470 5351 pravitatem
2498 5272 2816 5335 cucurristi,
2848 5268 3264 5337 ambulabisquc
3280 5280 3345 5321 ac
3380 5278 3535 5332 rapes
3559 5274 3723 5331 sopor

2153 5382 2393 5427 ventrem
2425 5380 2601 5431 tuum,
2639 5367 2773 5435 quia
2815 5375 3058 5420 ventrem
3104 5363 3399 5429 primorum
3436 5363 3719 5423 parentum

2152 5462 2426 5517 iuescasti.
2452 5460 2684 5515 Pedibus
2708 5460 2873 5528 igitur
2888 5434 3112 5522 serpe-us
3138 5462 3261 5505 ante
3291 5449 3720 5503 exsecrationem

2157 5550 2459 5613 incedebat,
2502 5558 2560 5603 ut
2585 5557 2777 5603 caetera
2805 5542 3165 5599 animantium
3191 5555 3405 5608 genum.
3434 5546 3548 5605 post
3572 5549 3725 5595 τωρ.
