4094 6156
482 258 588 322 567

1764 261 1996 325 MOSIS
2036 262 2128 322 BA
2140 264 2184 323 li
2226 261 2469 324 CEPHA

3630 246 3736 315 568

484 369 595 425 illis
626 371 867 437 amissis,
899 388 1078 444 prose;
1095 392 1219 444 pt-re
1249 375 1410 445 erepit
1438 390 1503 431 ac
1530 383 1715 431 ventre
1736 372 2063 445 promoveri.
2095 381 2143 438 Α
2172 384 2415 430 ventrem
2450 381 2691 443 serpant.
2718 385 2890 439 neque
2911 384 2970 426 se
2992 366 3271 440 subripere
3290 365 3421 422 dum
3438 364 3737 431 raduntur,

488 466 550 516 Iit
588 462 703 517 hare
735 463 952 530 quidem
979 474 1167 534 aperte
1213 467 1279 521 ad
1314 467 1492 536 ipsum
1538 474 1784 535 spectant
1846 480 2064 533 serpen-

486 567 618 618 tem,
649 566 904 612 caterum
938 556 1152 614 Satame
1180 559 1260 613 sic
1278 558 1722 615 accommodetur
1745 558 1933 613 eadem
1961 558 2065 614 ista

484 649 787 702 exsecratio
815 665 831 704 :
865 650 1137 715 Quoniam
1175 652 1459 722 spirituale
1490 667 1691 706 munus
1738 662 1917 717 tuum,
1953 666 2063 721 quo

485 741 799 809 iungebaris
856 741 909 797 ia
942 742 1084 798 cado
1111 758 1217 797 una
1256 760 1379 799 cum
1415 745 1643 811 reliquis
1674 744 1849 814 copiis
1898 759 2063 811 ange-

479 832 551 887 lic
576 847 605 889 s
627 850 753 904 quin
779 835 833 889 iu
858 835 1077 890 sublimi
1104 846 1410 902 versantur,
1437 838 1723 893 deseruisti
1750 847 1913 907 atque
1937 837 2069 889 arni-

483 925 623 988 sisti,
658 924 835 981 adhoc
864 924 1072 996 primos
1094 936 1345 995 parentes
1370 926 1660 991 seduxisti,
1688 942 1795 982 non
1828 927 1935 980 erit
1967 924 2062 980 tibi

482 1019 534 1069 in
556 1017 697 1070 cte'o
728 1025 787 1071 ut
835 1025 963 1073 ante
989 1018 1252 1073 habitatio
1287 1019 1379 1072 sed
1415 1019 1567 1073 humi
1604 1018 1847 1080 iucedes,
1878 1033 2066 1088 prote-

480 1123 705 1182 pesquc,
737 1110 895 1165 malis
922 1112 1117 1166 studiis
1141 1111 1283 1165 addit
1301 1120 1423 1166 tus:
1453 1109 1521 1164 Et
1545 1111 1805 1179 pulverem
1828 1111 2065 1165 eomedcs

479 1202 720 1257 omnibus
743 1202 924 1257 diebus
954 1203 1075 1257 vitae
1108 1213 1238 1259 tua.
1270 1201 1493 1273 Nempe,
1526 1205 1578 1257 iu
1604 1205 1880 1268 pulverem
1910 1204 2068 1257 rede-

478 1296 603 1365 gisti
640 1298 845 1366 primos
898 1305 1177 1367 parentes,
1215 1297 1437 1368 pulvere
1469 1296 1636 1367 igitur
1669 1297 1906 1351 vesceris
1950 1304 2063 1351 tota

479 1388 608 1439 vita.
644 1384 925 1455 Objiciunt
954 1389 1200 1457 quidam,
1236 1390 1328 1457 qui
1366 1388 1534 1459 possit
1568 1389 1700 1441 illud
1733 1389 2057 1453 consistam,

478 1480 623 1547 quod
656 1481 731 1534 ait
769 1499 784 1535 ;
821 1480 1094 1535 Pulrerem
1119 1483 1381 1549 comedas;
1420 1482 1639 1551 quando
1666 1482 1913 1535 videmus
1954 1495 2066 1537 scr-

481 1582 669 1641 pentes
704 1574 1016 1629 vermiculis
1077 1574 1131 1629 in
1164 1590 1304 1644 aqua
1347 1575 1666 1643 degentibus
1700 1578 1869 1643 pasci,
1906 1584 2067 1645 atque

484 1666 835 1729 passercules
865 1682 1109 1735 quoque.
1138 1666 1551 1736 coluntbasque,
1577 1678 1633 1722 et
1660 1669 1828 1736 liuius
1849 1666 2066 1738 generis

2170 470 2416 537 aliasque
2430 467 2742 537 superiores
2760 464 3008 535 corporis
3022 472 3203 533 partes
3220 461 3473 516 invadere
3490 466 3737 530 possunt.

2172 565 2288 633 ipsa
2318 561 2574 616 calcauea
2607 558 2910 614 laneinant.
2942 556 3049 611 Sed
3074 556 3142 611 de
3171 553 3370 609 Satana
3394 551 3740 623 interpretari

2171 664 2399 728 possunt
2434 655 2594 709 verba
2632 652 2701 708 ad
2764 653 2909 707 hunc
2973 654 3234 705 modum:
3290 646 3552 704 Homines
3605 645 3737 701 dum

2170 766 2267 819 per
2300 748 2528 803 virtutes
2553 746 2719 800 vitam
2745 752 2930 815 agant.
2952 741 3108 798 lacile
3128 742 3433 796 discutiunt
3452 741 3741 809 irritosth

2170 842 2407 897 reddunt
2444 840 2630 895 Vairos
2681 848 2807 893 tuos
2840 846 3090 897 conatus,
3131 849 3274 904 quos
3333 842 3391 887 tu
3452 831 3744 904 primarius

2166 944 2331 1004 atque
2357 930 2752 1004 insuperabiles
2771 945 2895 985 esse
2925 928 3174 997 putabas.
3194 924 3523 981 Observaliis
3545 932 3602 979 tu
3622 925 3745 994 qui-

2167 1030 2291 1083 dem
2325 1028 2541 1081 illorum
2573 1023 2772 1089 calces,
2818 1030 2877 1077 ut
2911 1024 3062 1090 ipsos
3112 1019 3435 1074 subvertere
3463 1030 3627 1087 atque
3687 1017 3743 1069 iu

2168 1128 2391 1191 peccata
2435 1117 2775 1190 pracipitare
2836 1117 3061 1185 possis:
3120 1126 3309 1167 verum
3350 1108 3484 1164 niltil
3520 1107 3744 1169 enicles.

2168 1213 2274 1269 nisi
2305 1227 2403 1267 sua
2443 1212 2547 1280 ipsi
2578 1218 2774 1280 sponte
2821 1216 2986 1277 atque
3018 1213 3212 1277 suapte
3266 1203 3545 1259 voluntate
3567 1216 3629 1259 se
3648 1201 3745 1256 tibi

2169 1307 2421 1377 prodant.
2439 1304 2543 1361 Sed
2565 1312 2619 1359 et
2642 1303 2746 1359 hoc
2761 1316 2927 1359 sensu
2946 1310 3092 1355 recte
3122 1298 3457 1369 accipiantur
3469 1311 3534 1353 ea
3549 1296 3744 1352 verba:

2167 1403 2275 1467 Tu,
2305 1401 2544 1463 diemon,
2582 1399 2843 1466 observas
2868 1397 3122 1453 caicanea
3158 1395 3466 1459 hominum,
3502 1395 3607 1450 hoc
3631 1400 3744 1456 cat.

2168 1494 2416 1565 ipsorum
2437 1493 2581 1547 dicta
2605 1490 2879 1562 factaque,
2913 1499 2971 1544 ut
2996 1490 3049 1544 in
3073 1497 3291 1558 peccata
3305 1486 3563 1555 dejicere,
3581 1492 3750 1554 atque

2168 1601 2201 1641 a
2237 1584 2348 1640 Deo
2372 1583 2565 1655 procul
2597 1585 2747 1655 ipsos
2779 1582 3263 1650 abducerequeas;
3291 1594 3479 1636 verum
3495 1577 3751 1634 Christus

2172 1680 2264 1735 ubi
2296 1677 2539 1743 advenit,
2590 1676 2751 1733 nobis
2780 1674 2979 1731 exeruit
3006 1673 3153 1729 hunc
3186 1672 3265 1727 tui
3295 1682 3526 1736 metttm,
3548 1686 3753 1727 secun-

481 1756 584 1807 alia
610 1770 826 1809 vorare.
854 1755 960 1809 Sed
988 1757 1148 1811 etiam
1172 1758 1217 1811 si
1235 1756 1350 1812 hac
1365 1773 1586 1828 quoque
1611 1760 1897 1823 devorant,
1929 1760 2070 1815 into-
2105 1776 2147 1833 ιι
2173 1773 2304 1829 dum
2340 1772 2430 1826 in;
2462 1770 2637 1841 ipsi“;
2662 1769 2828 1825 νοτιη
2861 1785 2878 1823 ε
2912 1765 3049 1821 θεαί
3101 1765 3245 1820 vobis
3274 1773 3583 1833 parum“;
3635 1762 3755 1819 σοι.

483 1848 585 1899 rint
637 1848 845 1918 absque
886 1848 1106 1918 pulvere
1134 1850 1302 1904 vitam
1330 1860 1646 1907 sustentare
1670 1861 1965 1923 nequeunt.
2002 1850 2065 1908 Et

481 1955 612 1995 vero
646 1941 770 1996 licet
788 1941 997 1995 Adamo
1017 1945 1222 1997 dictum
1250 1943 1324 1999 sit
1350 1961 1363 1998 :
1383 1943 1446 2000 lu
1463 1946 1653 2001 sudore
1671 1946 1831 2016 [aciei
1848 1957 1954 2002 tua
1973 1964 2063 2002 eoo

481 2036 656 2090 medea
686 2052 873 2104 partem
905 2047 1078 2103 iuuat,
1116 2046 1295 2093 tamen
1325 2053 1493 2093 carne
1526 2040 1764 2094 vescitur
1790 2041 1978 2107 etiam,
2009 2046 2064 2096 rt

479 2138 639 2184 teme
668 2130 938 2202 frugibus,
964 2132 998 2185 lt
1012 2132 1337 2204 uctibusque
1357 2135 1497 2191 aliis.
1529 2132 1636 2191 Sed
1656 2137 1768 2192 hate
1785 2136 1853 2191 ad
1881 2137 2060 2206 ipsum

477 2235 787 2291 serpentem
836 2225 1131 2294 pertinent,
1190 2228 1491 2296 eademque
1549 2243 1680 2283 vero
1713 2237 1945 2296 possunt
1993 2230 2061 2284 ad

481 2315 739 2371 Satanam
760 2317 813 2371 in
837 2316 978 2373 banc
997 2322 1323 2375 sententiam
1344 2322 1486 2377 dicta
1508 2322 1679 2378 videri
1699 2339 1715 2377 :
1736 2324 2063 2392 Priusquam

480 2409 750 2463 delabcret
765 2410 830 2475 is,
847 2411 1044 2467 divinis
1057 2412 1401 2469 oblectabare
1418 2415 1885 2481 meditationibus,
1900 2426 2066 2488 atque

475 2504 921 2566 cmlestihus,sed
934 2514 1221 2575 postquam
1253 2515 1307 2561 te
1325 2506 1658 2577 praecipitem
1678 2507 1876 2564 dedisti
1900 2519 2067 2581 atque

478 2596 832 2659 descendisti,
849 2606 997 2654 totus
1018 2599 1251 2653 terrenis
1268 2598 1678 2671 humilibusque
1698 2602 1891 2659 studiis
1912 2603 2068 2659 dedi-

478 2700 570 2744 ttts
591 2690 723 2754 eris,
764 2697 928 2760 atque
951 2691 1017 2744 ad
1050 2692 1432 2760 perﬁciendam
1464 2692 1765 2764 nequitiam
1800 2702 1948 2749 tuam
1968 2710 2063 2750 eo-

479 2781 769 2851 gitationes
806 2791 930 2836 tuas
958 2797 1150 2839 omnes
1178 2783 1574 2842 esercebis.£t
1624 2786 1937 2841 inimicitias
1965 2803 2061 2854 po-

479 2887 603 2925 sta-tt
635 2871 771 2926 inter
791 2882 841 2927 te
871 2881 923 2925 et
961 2874 1255 2939 mulierem,
1282 2882 1330 2929 el
1365 2875 1505 2930 inter
1535 2893 1707 2932 semen
1733 2887 1881 2932 tuum
1903 2889 1952 2933 et
1984 2895 2065 2932 se-

479 2982 597 3020 men
625 2969 759 3033 ejus.
787 2964 1081 3032 Quoniam.
1101 2968 1300 3039 inquit,
1320 2971 1586 3027 adversus
1616 2973 1895 3026 mulierem
1912 2972 2063 3030 luisti

480 3059 693 3114 amicus
718 3054 1303 3132 fraudulentus,'atque
1320 3061 1635 3119 inimicitias
1665 3065 1849 3120 scvisti
1873 3066 1920 3119 ei
1937 3082 2061 3121 cum

480 3149 614 3214 Deo,
640 3166 743 3219 ego
772 3150 912 3205 inter
948 3160 1000 3219 te
1033 3161 1081 3206 et
1117 3153 1313 3222 ipsam,
1343 3154 1595 3225 interque
1617 3164 1771 3212 tuum
1795 3173 1983 3213 semen
2009 3170 2064 3214 et
2089 3141 2139 3203 (ἶ

482 3242 657 3314 ipsius
673 3258 879 3305 semen.
900 3244 1201 3301 inimicitiae
1217 3261 1439 3317 quoque
1463 3256 1522 3302 ttt
1539 3258 1792 3304 constent
1811 3250 2063 3308 eilieiam.

564 3329 867 3399 Serpentum
893 3333 1187 3389 inimicitia:
1210 3349 1327 3387 eam
1352 3333 1653 3391 hominibus
1680 3338 1895 3408 mystice
1912 3340 2064 3409 quid.

481 3451 552 3464 -—-
603 3421 765 3478 Certe
801 3423 972 3479 factos
1006 3440 1037 3479 a
1089 3422 1198 3479 Deo
1238 3427 1396 3481 nobis
1462 3427 1716 3485 inimicos
1763 3442 2064 3499 serpentes,

487 3526 574 3564 res
605 3510 722 3580 ipsa
748 3513 936 3579 docet;
963 3529 1138 3582 neque
1164 3517 1311 3569 enim
1352 3532 1587 3587 anguem
1624 3518 1794 3576 ullum
1820 3524 2067 3591 aspicere

486 3604 844 3667 sustinemus.
892 3616 949 3659 ut
995 3605 1155 3661 nobis
1194 3625 1302 3664 non
1333 3625 1624 3667 caveamus
1678 3612 1748 3666 ah
1775 3612 1914 3683 ipso,
1968 3631 2063 3669 seu

486 3701 642 3751 hoste
676 3710 896 3764 nostro;
933 3715 1141 3769 uosque
1176 3716 1285 3755 non
1326 3718 1702 3774 comparemus
1723 3708 1789 3759 ad
1829 3721 2064 3776 pugnant

487 3803 542 3845 tt:
578 3793 732 3847 illuni
762 3807 809 3860 px
830 3795 1117 3862 rimamus,
1155 3804 1413 3862 tatutttam
1445 3812 1570 3853 eum
1614 3800 1707 3868 qui
1741 3813 1840 3853 nos
1872 3800 2067 3855 laedere

486 3884 685 3951 cupiat.
723 3881 845 3936 llzec
869 3885 1058 3939 eadem
1081 3887 1147 3941 ad
1188 3884 1446 3941 Satanam
1476 3889 1555 3941 sic
1610 3888 2015 3944 transferantur
2047 3907 2063 3944 :

487 3974 587 4038 τε,
625 3975 848 4041 Fatana,
878 3976 1060 4035 adhuc
1080 3991 1144 4033 ea
1179 3994 1304 4035 cura
1346 3981 1700 4051 studiumque
1727 3984 2066 4048 esercuit,ut

487 4070 693 4136 primos
725 4080 978 4137 parentes
1004 4085 1112 4127 una
1144 4085 1266 4126 cum
1303 4072 1548 4141 ipsorum
1580 4076 1899 4143 posteritate
1924 4077 2067 4130 auti-

487 4179 580 4217 tus
608 4162 787 4216 lat:ch
816 4171 872 4219 tu
901 4163 999 4218 tibi
1038 4178 1228 4236 posses
1264 4182 1276 4217 :
1310 4179 1413 4235 ego
1443 4181 1573 4221 vero
1613 4168 1725 4237 iam
1775 4168 1966 4233 efﬁcio,
2006 4180 2067 4226 ut

486 4264 748 4325 perpetrm
801 4256 1018 4314 hostilia
1062 4258 1246 4311 omnia
1290 4259 1400 4314 sint
1461 4259 1602 4314 inter
1644 4269 1697 4314 te
1731 4273 1894 4330 atque
1918 4262 2062 4318 illos.

489 4347 553 4400 Et
588 4349 760 4415 ipsum
798 4359 1023 4405 conteret
1056 4362 1212 4419 caput
1247 4361 1415 4407 tuum.
1449 4352 1590 4419 Quia
1624 4370 1721 4423 per
1752 4357 2064 4427 superbiam

2118 1916 2121 1917 ν
2169 1867 2327 1923 eundi
2353 1873 2639 1936 serpentes,
2675 1873 2723 1918 et
2755 1862 3353 1932 scorpiones,omneque
3382 1859 3547 1914 robur
3564 1859 3758 1914 adser-

2168 1961 2373 2017 sariunt
2397 1958 2468 2018 ".
2498 1956 2769 2014 Ceterum
2813 1969 2882 2010 es
2929 1953 3015 2010 his
3065 1953 3247 2009 verbis
3293 1952 3596 2021 intelligere
3642 1959 3755 2017 est.

2171 2071 2281 2110 non
2308 2052 2375 2108 ad
2405 2051 2585 2109 solum
2616 2057 2969 2119 corporatum
3004 2054 3339 2117 serpentem,
3370 2057 3561 2099 rerum
3583 2042 3754 2099 etiam

2169 2150 2239 2206 ad
2272 2147 2533 2204 Satanam
2594 2143 2927 2216 pertinuisse
2968 2141 3213 2196 divinant
3273 2137 3755 2203 exsecrationem;

2170 2241 2391 2318 quando
2420 2255 2529 2295 non
2590 2236 2706 2293 sola
2765 2236 2939 2306 capita
2987 2243 3300 2304 serpentum
3351 2231 3599 2299 ferimus:
3619 2229 3755 2284 dum

2170 2337 2441 2407 perimere
2512 2331 2662 2401 ipsus
2729 2329 3007 2392 volumus,
3065 2327 3161 2381 sed
3235 2324 3504 2393 reliquum
3584 2321 3756 2377 etiam

2170 2444 2372 2499 corpus
2396 2443 2410 2491 ;
2438 2442 2614 2495 neque.
2640 2438 2833 2479 rursus
2867 2421 3062 2491 anguis
3092 2420 3241 2475 solos
3262 2418 3442 2475 calces
3467 2416 3755 2473 hominum

2172 2519 2428 2592 percutit,
2448 2518 2543 2573 sed
2582 2516 2720 2571 alias
2746 2514 2911 2569 etiam
2928 2526 3067 2583 quas
3080 2520 3257 2584 potest
3274 2507 3520 2577 corporis
3544 2514 3756 2578 partes.

2245 2628 2385 2683 Deus
2416 2626 2638 2681 Satanas
2674 2623 2836 2681 simul
2862 2632 2913 2677 et
2955 2620 3182 2688 serpenti
3229 2616 3534 2674 maledixit.
3568 2644 3641 2661 --
3692 2613 3761 2670 Si

2171 2736 2305 2777 vero
2332 2721 2459 2790 quis
2496 2718 2732 2788 denique
2762 2722 2993 2786 qureret,
3023 2729 3123 2770 cur
3150 2713 3294 2775 Deus
3317 2708 3555 2781 serpenti
3583 2706 3756 2765 simul

2170 2822 2225 2868 ct
2272 2811 2489 2866 Satanre
2521 2808 2891 2872 malediserit,
2914 2804 3411 2875 respondebimus:
3441 2800 3571 2869 quia
3604 2808 3761 2856 uter-

2171 2919 2281 2975 que
2319 2904 2701 2957 exsecratione
2731 2900 2931 2970 dignus
2959 2906 3102 2963 erat,
3155 2910 3255 2966 pro
3288 2893 3551 2959 maxime,
3604 2892 3760 2964 quod

2172 3001 2455 3066 patrarant
2479 2991 2661 3050 ambo.
2708 2988 3016 3053 maleﬁcio;
3052 2986 3250 3041 deinde
3277 2994 3339 3041 ut
3365 2984 3528 3056 primi
3557 2998 3757 3054 pas-eno

2173 3096 2279 3149 tes,
2316 3086 2505 3141 audita
2535 3098 2599 3139 ea
2657 3092 2769 3138 tam
2801 3081 2941 3136 dura
3004 3076 3366 3134 detestatione
3419 3074 3628 3139 divina,
3683 3074 3755 3129 ad

2174 3178 2571 3251 paenitudinem
2613 3181 3037 3239 revocarentur;
3079 3186 3203 3226 nam
3258 3170 3306 3226 si
3367 3167 3759 3242 pcenituissent

2171 3275 2499 3343 veniamque
2523 3270 2923 3341 implorassent,
2963 3266 3088 3322 licet
3110 3280 3173 3320 ea
3205 3279 3265 3319 re
3314 3277 3488 3333 neque
3517 3270 3757 3316 mortem

2170 3366 2495 3435 redegissent
2548 3377 2725 3432 neque
2770 3359 3086 3432 paradisum
3142 3356 3519 3417 retinuissent,
3569 3362 3760 3407 tamen

2173 3461 2323 3513 diras
2353 3458 2476 3513 illas
2528 3455 2618 3510 Dei
2660 3454 3158 3521 evitassent‘quas
3209 3453 3479 3504 memorat
3529 3443 3709 3501 Moses
3737 3461 3756 3498 :

2176 3551 2279 3607 Per
2317 3549 2523 3605 dolores
2548 3558 2706 3619 atque
2734 3561 2957 3617 augeres
2981 3545 3224 3611 parietis,
3281 3556 3376 3611 per
3434 3538 3643 3594 dolores
3701 3545 3758 3591 et

2170 3641 2392 3697 sudores
2447 3640 2607 3709 faciei
2670 3654 2833 3708 partes
2890 3635 3193 3691 comedetis.
3256 3632 3548 3702 Postquam
3622 3643 3760 3684 vero

2166 3733 2279 3803 iam
2311 3741 2620 3800 serpentem
2666 3738 2722 3784 et
2754 3728 3013 3783 Satanam
3059 3724 3372 3780 maledictio
3405 3718 3757 3793 perstrinxit,

2174 3825 2316 3878 licus
2350 3822 2620 3877 convertit
2664 3833 2974 3876 sermonem
2994 3815 3061 3871 ad
3100 3816 3383 3869 mulierem
3411 3812 3495 3867 his
3526 3811 3710 3867 verbis
3730 3825 3753 3869 ς

2172 3917 2239 3973 Et
2266 3917 2336 3972 ad
2368 3916 2640 3973 mulierem
2666 3913 2741 3967 ait
2777 3926 2797 3967 :
2827 3908 3237 3979 llultiplicuudo
3263 3902 3626 3972 multiplicabo
3655 3905 3758 3956 do-

2172 4014 2308 4067 lores
2338 4020 2478 4074 tuos,
2510 4020 2562 4062 et
2590 4017 2866 4075 conceptus
2902 4014 3041 4065 tuos,
3065 4012 3113 4056 et
3142 4002 3197 4055 in
3227 3997 3516 4069 angoribus
3570 3994 3753 4066 paries

2171 4103 2332 4167 ﬁlios.
2374 4099 2491 4154 Non
2529 4099 2642 4169 jam
2672 4096 2824 4159 dicit,
2872 4108 2970 4150 eos
3000 4092 3143 4148 fetus
3182 4104 3322 4160 quos
3348 4095 3445 4143 aut
3474 4082 3756 4154 concipiet

2168 4204 2264 4250 aut
2308 4193 2431 4247 edet
2446 4190 2665 4255 mulier,
2693 4186 2810 4242 fore
2837 4184 3175 4240 maledictos.
3214 4179 3348 4235 Nam
3372 4178 3581 4250 pridem
3611 4175 3752 4232 bene

2170 4293 2424 4356 precatus
2447 4283 2557 4337 illis
2592 4280 2788 4345 fuerat,
2817 4277 3174 4344 diseratque:
3219 4272 3453 4329 Crescite
3482 4280 3530 4325 et
3566 4265 3752 4322 multi-

2166 4374 2444 4445 plicamini
2462 4389 2481 4428 :
2499 4371 2603 4425 Sed
2628 4371 2790 4435 feres,
2811 4369 3007 4440 inquit.
3032 4379 3245 4423 uterum
3266 4379 3374 4420 non
3396 4363 3515 4419 sine
3539 4361 3750 4426 dolore,

486 4440 687 4555 elatum
721 4440 820 4545 fuit
844 4449 1009 4555 caput
1037 4450 1213 4507 tuum,
1237 4453 1291 4547 et
1320 4446 1561 4514 improha
1587 4445 1824 4499 locutum
1850 4455 1953 4510 est,
1980 4462 2065 4500 sc—
2092 4492 2145 4555 Β
2166 4440 2548 4537 'pmducesquc
2576 4464 2725 4533 ipsos
2763 4472 2888 4519 ιυος
2914 4460 3057 4516 [eius
3087 4472 3183 4530 per
3225 4471 3517 4513 aerumnas.
3549 4451 3752 4509 Videre

490 4548 613 4585 tuen
648 4533 861 4589 letuitnc
891 4533 1029 4601 (huc
1056 4544 1158 4598 cat,
1193 4535 1286 4604 qui
1315 4551 1378 4589 ex
1416 4552 1481 4590 ea
1515 4536 1805 4607 nascetur)
1841 4539 2067 4593 concul-

487 4625 631 4679 cahit
660 4635 822 4695 caput
854 4622 1029 4687 tuum.
1072 4636 1232 4695 teque
1259 4627 1466 4697 perdet.
1528 4626 1794 4685 Praeterea
1826 4630 1954 4701 quia
2004 4642 2060 4686 tu

485 4720 755 4775 Adamum
778 4730 941 4786 atque
955 4718 1121 4773 Evam
1146 4719 1214 4773 de
1235 4717 1405 4788 gradu
1423 4719 1703 4790 dignitatis
1726 4737 1886 4791 quem
1907 4725 2061 4793 quasi

489 4810 761 4880 principes
798 4809 1139 4875 obtinebant,
1196 4811 1481 4881 dejecisti:
1516 4827 1705 4868 semen
1754 4815 2075 4883 posteritas-

486 4916 592 4970 quc
616 4900 883 4970 ipsorum,
932 4912 1089 4958 tuum
1120 4911 1281 4971 caput
1319 4903 1560 4960 vicissim
1614 4906 1982 4971 conculmbit,
2015 4917 2065 4962 ct

493 5004 546 5048 te
582 4992 896 5051 interiit-iet.
960 4994 1067 5050 Sed
1127 5010 1230 5050 cur
1286 5007 1451 5066 caput
1498 4996 1646 5055 illius
1702 5014 1815 5069 pra:
1848 4999 2071 5069 reliquis

491 5086 753 5141 membris
783 5087 1031 5142 attritum
1064 5089 1127 5142 iri
1163 5089 1342 5146 dicit?
1380 5089 1647 5147 Nimirum
1678 5094 1807 5164 quia
1830 5097 2068 5150 contrito

492 5174 818 5249 mortuoque
845 5183 1020 5251 capite
1043 5181 1097 5237 itt
1122 5183 1381 5247 anguium
1413 5200 1629 5254 genere,
1665 5196 1836 5242 totum
1868 5203 2069 5257 corpus

491 5275 824 5329 cvstinctutn
852 5285 953 5329 est.
990 5273 1060 5328 Et
1102 5285 1161 5329 ta
1194 5276 1332 5331 illud
1366 5277 1525 5347 feries
1574 5279 1631 5333 in
1680 5282 1820 5335 calce
1875 5282 2066 5349 ipsius.

488 5364 628 5430 Quia
660 5365 903 5420 calcibus
944 5365 1060 5421 suis
1097 5376 1461 5439 properarunt
1498 5369 1659 5441 primi
1708 5386 1963 5441 parentes
1997 5376 2064 5431 ad

490 5457 742 5512 arborem
785 5458 1141 5529 prohibitam,
1195 5468 1251 5516 tu
1319 5464 1545 5519 seminis
1589 5465 1835 5533 ipsornm
1887 5470 2066 5528 calces

492 5551 675 5608 feries.
740 5549 846 5604 Sed
913 5560 968 5604 et
1042 5552 1166 5607 ideo
1260 5554 1394 5610 dicit
1444 5571 1650 5626 angues
1707 5576 2063 5629 percussuros

487 5641 668 5702 calces
726 5640 1033 5708 hominum,
1079 5642 1206 5715 quia
1253 5658 1377 5699 cum
1425 5647 1652 5716 pedibus
1707 5664 1947 5721 careant,
2011 5666 2065 5713 ct

563 5760 609 5795 τι
637 5764 767 5817 ως,
829 5776 880 5827 χ,
919 5760 1001 5817 ill.
1081 5760 1127 5800 "-'
1163 5760 1317 5817 Joau.
1375 5780 1484 5829 avt.
1514 5765 1604 5821 21.

2171 4570 2256 4614 est
2304 4559 2450 4614 enim
2513 4555 2747 4618 feminas
2783 4555 2950 4609 variis
3008 4553 3297 4607 doloribus
3337 4548 3483 4604 allici
3529 4545 3752 4616 quando

2175 4661 2390 4705 uterum
2421 4663 2637 4719 gerunt,
2672 4658 2726 4701 et
2762 4660 2955 4701 rursus
2990 4644 3143 4698 duris
3177 4641 3418 4712 torqueri
3454 4636 3753 4711 angoribus

2174 4747 2303 4799 dum
2335 4743 2591 4815 pariunt;
2645 4739 2697 4795 id
2734 4738 2880 4808 quod
2938 4737 3106 4791 etiam
3168 4742 3437 4789 memorat
3487 4730 3754 4787 Dominus

2182 4846 2391 4898 noster,
2421 4835 2613 4904 dicens
2649 4851 2665 4888 :
2690 4831 2884 4887 Mulier
2904 4845 3025 4885 cum
3051 4830 3219 4898 parit,
3241 4826 3475 4881 dolorem
3509 4822 3667 4878 habet
3686 4820 3752 4875 ".

2181 4930 2369 5001 Neque
2395 4928 2542 4983 enim
2586 4925 2876 4997 quisquam
2913 4921 3226 4977 mortalium
3259 4917 3397 4973 satis
3435 4916 3755 4971 existimare

2177 5033 2375 5096 potest,
2408 5038 2571 5097 quam
2624 5019 2879 5075 dilticiles
2918 5016 3195 5083 durosque
3233 5012 3499 5067 sustineat
3560 5006 3753 5062 mulier

2178 5115 2398 5170 dolores
2437 5124 2598 5185 atque
2646 5124 2922 5168 aerumnas
2948 5107 3001 5161 in
3033 5114 3212 5177 partu,
3249 5112 3445 5173 praeter
3494 5101 3643 5171 ipsas
3669 5098 3753 5153 fe-

2178 5207 2373 5260 minas.
2437 5203 2502 5257 Ει
2540 5203 2759 5279 quidem
2815 5198 2998 5255 audivi
3029 5195 3312 5250 mulierem
3355 5208 3480 5249 cum
3523 5191 3753 5253 diceret.

2178 5312 2367 5353 earum
2400 5312 2521 5366 quae
2552 5298 2798 5367 pariunt,
2850 5291 3081 5363 pupillas
3115 5288 3399 5342 oculorum
3443 5298 3555 5355 pste
3586 5281 3756 5337 nimio

2177 5389 2386 5444 doloris
2413 5403 2578 5446 sensu
2615 5387 2751 5442 adeo
2777 5384 3079 5445 obluscari,
3136 5388 3193 5435 ut
3227 5378 3366 5435 nihil
3396 5385 3643 5433 cernant.
3688 5374 3755 5429 Et

2177 5481 2292 5537 luce
2320 5482 2541 5553 quidem
2575 5482 2642 5535 de
2675 5496 2739 5538 ea
2780 5476 3134 5535 ansietudinc
3162 5485 3325 5545 quam
3354 5469 3485 5524 dum
3534 5476 3751 5524 uterum

2176 5585 2392 5641 gerunt,
2442 5574 2682 5643 dumque
2741 5571 2980 5642 pariunt.
3039 5564 3274 5621 tulerant
3318 5559 3569 5626 feminae,
3603 5557 3754 5616 dicta

2176 5675 2335 5721 sunt:
2372 5665 2579 5738 quodsi
2613 5679 2739 5723 vero
2774 5663 3090 5724 universum
3130 5655 3261 5715 illud
3291 5663 3510 5724 tempus
3535 5661 3753 5723 reputes
