4094 6156
407 282 514 348 569

1532 294 1629 353 DE
1674 294 2079 359 PARADISO.
2120 320 2192 335 ’ν’
2227 297 2421 357 PARS
2460 296 2508 359 Ι.

3556 300 3663 364 570

405 401 549 470 quod
578 418 606 452 ει
628 411 893 473 concepto
918 402 1026 457 fcltl
1055 402 1119 457 ad
1145 404 1469 463 muricntem
1505 424 1680 478 usque
1706 410 1981 464 hominem
2008 409 2059 469 Α
2090 409 2179 464 hic
2214 428 2313 481 pro
2346 412 2413 467 iis
2437 427 2559 482 qua:
2583 429 2647 467 ex
2677 421 2817 468 terra
2845 422 3169 476 nascuntur,
3198 420 3479 482 acceptum
3499 428 3622 466 esse
3646 430 3660 466 :

388 494 889 560 extenditurnum
922 514 1054 555 sane
1109 500 1403 571 intelligas,
1447 504 1729 557 mulierem
1790 505 1980 559 mu'tis

403 586 830 654 dill‘rcultatibus,
876 591 1181 657 doloribus,
1237 595 1500 650 aerumnis
1528 594 1826 664 subjectum
1858 608 1982 650 esse

404 698 503 750 pro
532 684 647 752 ipsa
693 684 784 738 Del
825 690 1239 753 exsecratione;
1284 702 1411 743 nam
1459 688 1667 741 editum
1718 685 1982 743 infantem

404 773 834 832 laboriosissimo
879 793 1012 835 cura
1069 780 1293 850 est-ipit.
1330 779 1529 833 deinde
1569 793 1665 848 per
1711 794 1981 834 summam

405 868 714 924 molestiam
767 880 932 941 atque
986 886 1249 942 angorem
1290 873 1510 935 educat,
1544 873 1611 926 ad
1645 881 1983 943 postremum

400 958 569 1014 anxio
606 959 815 1015 ululatu
867 960 1187 1015 morientem
1257 960 1437 1015 deﬂet.
1490 959 1655 1028 Igitur
1703 961 1831 1030 quia
1884 976 1985 1016 uo-

404 1050 580 1118 luisti,
620 1054 820 1122 inquit,
860 1068 896 1108 ο
931 1054 1150 1117 mulier,
1182 1052 1238 1107 iu
1284 1054 1539 1122 paradiso
1569 1052 1771 1108 liberos
1792 1068 1985 1121 parere

404 1147 744 1203 immortales
780 1148 987 1218 absque
1010 1145 1163 1201 otnni
1196 1146 1410 1211 dolore,
1430 1149 1542 1217 jam
1566 1146 1716 1217 ipsos
1745 1146 1986 1218 paritura

402 1258 468 1299 es
517 1257 614 1313 per
648 1244 916 1296 maximus
943 1243 1229 1298 cruciatus
1262 1251 1427 1312 atque
1464 1240 1744 1305 miserias,
1774 1248 1987 1311 postea-

404 1348 570 1404 quam
608 1344 891 1403 peccatum
918 1332 1217 1389 admisisti.
1272 1331 1340 1387 Et
1367 1336 1496 1403 quia
1530 1332 1716 1387 divino
1746 1331 1986 1402 quodam

404 1429 570 1480 modo
593 1425 725 1480 deos
754 1426 915 1479 edere
931 1426 1185 1495 cupivisti
1209 1427 1420 1494 absque
1438 1424 1548 1478 ullo
1564 1424 1773 1479 doloris
1798 1438 1985 1490 sensu,

404 1536 435 1576 ι
456 1522 678 1589 rpentis
704 1520 1024 1575 auscultans
1049 1520 1229 1573 verbis
1252 1536 1269 1583 ς
1298 1519 1411 1590 jam
1451 1521 1694 1573 humano
1717 1533 1870 1572 "iure
1890 1520 1991 1571 bo-

410 1612 587 1668 mines
631 1613 948 1682 procreabis
984 1628 1079 1683 per
1118 1612 1540 1669 acerbissimum
1593 1611 1863 1666 dolorem.
1924 1608 1989 1663 Et

406 1706 478 1760 ad
527 1707 697 1761 vireat
726 1716 877 1760 tuum
907 1708 1176 1776 respicies.

2086 503 2282 573 Spinas
2314 515 2364 557 et
2387 506 2612 559 carduos
2638 506 2867 575 proferet
2914 503 3014 559 tibi
3044 516 3067 556 :
3101 520 3263 576 quos,
3320 506 3421 558 nisi
3456 514 3511 558 ιιι
3542 521 3665 573 pcr-

2087 613 2295 661 casses,
2332 598 2425 653 illa
2459 600 2795 669 productura
2826 615 2935 655 non
2968 596 3172 654 fuerat.
3200 596 3502 651 Conﬁcitur
3529 611 3664 661 ergo

2088 693 2203 771 haec
2238 698 2363 762 post
2396 692 2816 763 detestationem
2847 700 2969 746 orta
3002 705 3148 754 esse,
3177 688 3260 743 vel
3286 688 3519 744 fortasse
3545 690 3657 758 spi-

2087 799 2185 840 nas
2228 794 2285 840 et
2333 786 2568 839 carduus
2619 796 2775 839 vocat
2805 784 3145 849 laboriosum
3204 791 3365 836 terra-
3418 782 3654 839 cultum.

2086 892 2248 948 quem
2302 877 2418 948 ipsa
2452 876 2696 949 ﬂagitat;
2734 875 2894 947 quasi
2928 875 3117 931 dicat:
3152 875 3361 945 Magnis
3403 875 3668 944 durisque

2087 968 2370 1025 laboribus
2405 970 2737 1025 constabunt
2799 969 2896 1025 tibi
2944 981 3106 1024 terra:
3155 967 3390 1024 fructus.
3424 967 3517 1022 γυι
3565 968 3669 1021 huc

2086 1062 2243 1129 dicit,
2276 1076 2419 1132 saepe
2454 1072 2780 1117 eventurum
2820 1070 2879 1117 ut
2911 1078 3021 1117 non
3051 1077 3116 1115 ea
3146 1076 3269 1133 qua!
3317 1061 3531 1131 excepit
3579 1078 3666 1115 sc-

2089 1156 2260 1218 mina,
2317 1154 2546 1220 reddat,
2595 1156 2691 1210 sed
2745 1171 2847 1224 pro
2890 1155 2998 1209 illis
3060 1162 3251 1209 sentes
3303 1153 3666 1221 tribulosqtse.

2089 1248 2158 1302 Et
2184 1245 2419 1301 contedes
2450 1244 2641 1300 herbas
2690 1246 2834 1315 agri.
2881 1243 2991 1301 Pro
3022 1244 3356 1315 gratissimis
3395 1242 3663 1299 arborum

2088 1338 2329 1409 paradisi
2368 1337 2643 1392 fructibus
2676 1352 2818 1409 quos
2842 1338 2939 1392 tibi
2994 1337 3240 1394 edendos
3261 1350 3668 1396 concesseram.

2089 1433 2329 1486 vesceris
2364 1431 2552 1487 herbis
2583 1432 2857 1500 pecudum
2894 1446 3071 1496 more,
3129 1446 3197 1485 eo
3222 1432 3370 1501 quod
3401 1430 3671 1485 adversus

2092 1523 2265 1593 legem
2300 1538 2479 1579 meam
2513 1523 2711 1580 feceris
2751 1542 2766 1578 :
2795 1522 2862 1576 Et
2894 1540 3012 1577 cunt
3042 1523 3235 1577 sudore
3259 1523 3417 1592 faciei
3446 1534 3551 1576 tua?
3575 1539 3671 1575 co-

2093 1616 2264 1670 medea
2296 1632 2506 1685 panem.
2553 1614 2634 1671 Tu
2672 1614 2767 1685 qui
2799 1615 2939 1670 deus
2956 1630 3085 1670 esse
3121 1614 3367 1680 voluisti,
3392 1613 3666 1682 serpentis

2093 1709 2329 1764 consilio
2382 1708 2727 1773 auscultans,
2773 1723 2902 1762 cum
2957 1708 3159 1765 sudore
3212 1706 3370 1761 faciei
3402 1716 3532 1770 tum,
3566 1706 3672 1759 hoc

476 1798 757 1869 Respectus
788 1799 1029 1854 mulieris
1064 1804 1135 1852 ad
1161 1799 1329 1853 uirum
1351 1828 1422 1840 -
1444 1798 1611 1865 Quasi
1644 1796 1825 1867 dicatj:
1850 1795 1991 1864 Quia
2023 1778 2066 1833 Β
2093 1812 2201 1869 est,
2236 1816 2432 1871 aspero
2462 1812 2515 1857 et
2536 1798 2741 1856 dill‘icili
2770 1801 2957 1857 labore
2985 1801 3236 1872 duraque
3262 1800 3478 1856 cultura
3513 1817 3668 1869 quac-

403 1891 656 1961 cupivisti
672 1901 728 1947 ut
750 1894 831 1945 vir
845 1902 975 1947 tuus
994 1899 1047 1948 te
1063 1891 1556 1959 observaretatque
1574 1905 1639 1946 ex
1663 1899 1713 1945 te
1732 1892 1994 1962 penderet

405 1984 629 2051 perinde
657 1997 723 2037 ac
753 1984 800 2037 si
841 1984 895 2037 in
927 1994 1019 2037 tua
1051 1998 1218 2038 manu
1253 1984 1430 2052 posita
1453 1990 1639 2037 essent
1663 1984 1865 2051 quibus
1894 1983 1989 2036 ille

406 2074 473 2128 ad
506 2072 629 2129 vita
668 2088 828 2129 usuin
858 2089 1000 2143 opus
1030 2074 1275 2138 haberet,
1304 2088 1481 2144 eoque
1528 2074 1681 2128 illum
1712 2073 1766 2127 iu
1794 2073 1973 2126 fructu

409 2163 682 2236 gustando
713 2164 1078 2229 antevenisti,
1128 2161 1253 2218 ideo
1309 2170 1367 2217 ιιι
1408 2161 1510 2215 viri
1564 2161 1643 2215 ttti
1694 2162 1993 2215 observans

408 2256 541 2318 eris,
576 2263 636 2309 ut
670 2254 779 2309 tuis
828 2255 943 2324 ipse
974 2250 1478 2309 necessitudinibus
1531 2248 1695 2306 faciat
1726 2249 1884 2306 satis.
1922 2248 1992 2302 Et

408 2350 520 2417 ipse
548 2348 909 2405 dominabitur
940 2349 1019 2401 tui
1053 2362 1073 2401 :
1101 2346 1368 2417 Optavisti
1401 2345 1621 2417 quidem
1661 2354 1827 2416 caput
1874 2359 1995 2400 esse

412 2443 514 2496 viri
555 2442 655 2507 tui,
683 2442 1024 2510 imperioque
1054 2440 1109 2495 in
1159 2440 1311 2494 illum
1346 2440 1529 2510 p0tiri,
1580 2450 1742 2508 atque
1776 2438 1897 2492 idco
1927 2437 1995 2491 de

410 2536 608 2590 ari-ore
640 2550 737 2603 pro
783 2533 1053 2603 serpentis
1082 2531 1315 2588 consilio
1352 2532 1545 2597 edisti;
1596 2540 1652 2585 at
1680 2530 1766 2585 ille
1805 2538 1993 2583 contra

411 2626 465 2679 in
502 2635 553 2677 te
599 2625 891 2691 imperium
939 2624 1239 2685 exercebit,
1284 2624 1491 2693 tibique
1532 2638 1628 2692 pro
1660 2621 1837 2691 capite
1864 2621 1992 2676 erit.

416 2718 485 2773 Et
515 2718 587 2772 ad
610 2717 778 2771 Adam
800 2717 939 2772 dixit
970 2733 988 2771 :
1027 2716 1167 2782 Quin
1190 2716 1510 2773 auscultain
1535 2715 1649 2771 uoci
1679 2716 1862 2769 uxoris
1888 2724 1994 2769 tute

500 2811 661 2866 edisti
685 2811 749 2864 de
803 2809 994 2865 arbore
1044 2811 1113 2863 de
1169 2825 1274 2878 qua
1313 2809 1460 2877 justi
1510 2807 1609 2863 tibi
1650 2807 1871 2876 dixique
1931 2822 1995 2860 ne

412 2921 628 2969 oneres;
660 2902 947 2957 maledicta
967 2913 1108 2957 terra
1129 2911 1339 2971 propter
1355 2910 1425 2955 te.
1463 2899 1727 2953 Dominus
1756 2898 1993 2967 Ephrem

413 3010 539 3050 cum
595 2995 713 3050 suis
750 2996 864 3050 rult
916 2994 1119 3049 idcirco
1166 2995 1337 3065 legem
1385 2993 1597 3047 Adamn
1628 2992 1869 3046 revocari
1904 2991 1995 3046 hic

414 3089 470 3142 in
505 3088 851 3153 memoriam,
882 3089 1012 3156 quia
1035 3086 1084 3143 ei
1121 3088 1213 3142 uni
1238 3102 1270 3143 a
1301 3086 1410 3142 Deo
1443 3084 1621 3140 fuerat
1650 3086 1991 3155 praescripta;

412 3181 482 3234 ab
507 3181 625 3250 ipso
650 3196 779 3235 vero
805 3179 1024 3246 deinde,
1046 3177 1202 3233 uxori
1236 3177 1509 3247 exposita.
1547 3173 1778 3242 Verum,
1805 3187 1863 3229 ιιι
1877 3175 1991 3246 jant

414 3272 707 3342 aliquoties
764 3271 1211 3335 memoravimus,
1272 3269 1363 3324 alii
1412 3266 1728 3321 existimare
1788 3266 1997 3321 malunt

412 3368 520 3424 sub
555 3366 684 3421 Adae
708 3380 937 3433 persona
966 3363 1034 3419 ad
1068 3360 1234 3417 Evam
1257 3375 1477 3433 quoque
1500 3358 1637 3431 legis
1663 3358 1826 3415 verba
1855 3359 1993 3415 fieri.

414 3458 585 3531 Igitur
620 3459 782 3529 quia,
849 3458 1050 3528 inquit,
1089 3472 1197 3511 non
1254 3470 1390 3510 mete
1441 3452 1561 3509 voci
1620 3451 1717 3508 sed
1776 3450 1997 3508 femina:

415 3551 779 3618 auscultasti;
811 3550 1098 3607 maledicta
1129 3558 1273 3605 terra
1310 3557 1531 3619 prepter
1554 3558 1625 3603 te.

485 3644 597 3699 Cur
625 3642 763 3697 Deus
793 3651 1014 3710 terram,
1040 3658 1144 3696 non
1162 3652 1339 3695 autem
1365 3642 1628 3696 Adamnan
1654 3641 1726 3695 sit
1749 3657 1998 3697 (καίτοι

421 3751 529 3795 tus.
553 3768 622 3779 -—-
646 3736 918 3793 Nimirum
950 3751 1058 3791 non
1085 3746 1172 3792 est
1199 3744 1521 3790 exsecratus
1551 3732 1693 3789 Deus
1724 3732 1995 3788 Adamum

419 3833 628 3902 ipsum,
665 3845 776 3899 quo
824 3844 939 3884 sua:
984 3828 1100 3898 ipse
1134 3827 1358 3895 imagini
1414 3831 1676 3884 honorem
1704 3842 1999 3883 conserva-

427 3936 546 3983 ret:
580 3936 698 3981 tum
751 3923 916 3978 etiam
967 3923 1097 3993 quia
1151 3937 1223 3976 ex
1281 3921 1491 3976 Adamn
1534 3919 1796 3977 nascituri
1846 3931 2003 3977 erant

431 4016 586 4069 multi
618 4016 878 4069 mortales
918 4012 1071 4083 probi
1100 4011 1379 4083 jus-lique,
1430 4022 1490 4067 ut
1521 4013 1798 4082 propheta:
1838 4023 2003 4083 atque

420 4108 676 4179 apostoli,
702 4124 773 4163 ne
800 4122 898 4179 per
929 4107 1080 4161 illum
1107 4104 1165 4161 bi
1194 4119 1414 4175 quoque
1441 4104 1808 4159 cssecrabiles
1832 4112 2002 4174 atque

421 4199 776 4255 detestabiles
813 4198 1148 4254 haberentur
1178 4212 1196 4250 :
1230 4199 1326 4251 sed
1366 4194 1647 4249 maledixit
1686 4204 1843 4249 terra
1872 4208 2001 4264 pro-

426 4303 543 4361 ptt't'
575 4291 755 4356 illum,
784 4291 986 4360 quippe
1034 4304 1100 4344 es
1133 4302 1243 4357 qua
1303 4288 1419 4357 ipse
1461 4294 1612 4341 esset
1659 4295 1999 4355 procreatus.

424 4386 613 4456 Itaque
646 4394 973 4439 conservata
1003 4388 1086 4435 est
1109 4381 1346 4433 lmmano
1375 4378 1561 4450 generi
1597 4378 1806 4432 illibata
1839 4394 1905 4432 ex
1936 4393 2000 4432 ca

2096 1909 2182 1949 res
2224 1896 2449 1948 victum.
2501 1891 2616 1949 Etsi
2669 1892 2817 1947 enim
2869 1892 2995 1963 quis
3056 1909 3149 1947 rex
3205 1890 3281 1947 sit
3315 1901 3415 1948 aut
3465 1891 3672 1960 alioqui

2093 1986 2292 2056 opibus
2360 1988 2575 2053 magnis
2631 1984 2869 2056 pollens,
2930 1985 3062 2040 dum
3128 1984 3267 2040 alios
3336 1984 3392 2039 in
3452 1984 3672 2038 cultura

2094 2087 2332 2143 exn-reet,
2378 2077 2499 2147 ipse
2532 2092 2753 2149 quoque
2810 2094 2920 2133 non
2975 2076 3092 2132 sine
3124 2078 3330 2133 sudore
3364 2074 3523 2132 {aciei
3560 2090 3674 2129 sua:

2094 2173 2337 2226 vescitur
2379 2185 2539 2240 pane.
2588 2169 2765 2225 Donec
2817 2178 3082 2224 revertare
3111 2170 3166 2222 in
3217 2179 3415 2222 terram
3461 2182 3526 2223 ex
3569 2182 3676 2237 qua

2093 2269 2337 2329 acceptus
2360 2277 2432 2318 cs,
2472 2256 2600 2330 quia
2624 2261 2795 2329 pulvis
2831 2276 2909 2327 es,
2950 2268 3004 2315 et
3046 2260 3103 2314 in
3150 2259 3413 2330 pulverem
3448 2259 3673 2312 redibis.

2093 2353 2267 2421 Quasi
2323 2353 2474 2408 dicat
2512 2373 2524 2408 :
2559 2354 2857 2425 Postquam
2894 2368 3260 2409 aerumnosam
3307 2351 3675 2406 laboriosam-

2094 2468 2201 2521 qne
2249 2450 2575 2506 toleraveris
2623 2448 2814 2511 vitam,
2867 2446 3011 2503 sicut
3062 2443 3311 2515 pradixi,
3372 2443 3675 2499 moriturus

2094 2542 2290 2597 deinde
2311 2558 2391 2605 es,
2418 2541 2661 2613 atquein
2693 2539 2744 2593 id
2782 2537 3099 2595 dissolveris
3124 2537 3270 2606 quod
3301 2546 3429 2590 ante
3467 2535 3675 2592 fueras.

2093 2633 2649 2691 Animadvertendum
2684 2631 2773 2685 hic
2812 2639 2898 2686 est
2933 2630 3204 2685 Adanmm
3233 2637 3362 2684 ante
3396 2628 3502 2682 hoc
3545 2644 3676 2682 ora-

2095 2730 2277 2784 culum
2313 2746 2328 2781 :
2363 2727 2503 2793 Quia
2551 2725 2722 2796 pulvis
2762 2738 2840 2789 es,
2887 2722 3212 2786 ncscivisse,
3242 2736 3310 2776 ex
3358 2722 3581 2791 pulvere
3616 2737 3678 2777 se

2093 2836 2219 2878 csse
2268 2819 2674 2877 conformatum
2701 2856 2717 2883 ,
2752 2831 3035 2890 genusque
3087 2831 3250 2871 suum
3291 2815 3436 2871 unde
3489 2823 3676 2880 esset,

2096 2917 2396 2989 ignorasse.
2457 2912 2808 2985 lgiturhisce
2877 2909 3060 2969 verbis
3122 2911 3422 2964 multarum
3488 2925 3674 2964 rerum

2096 3005 2518 3064 commonefacit
2552 3006 2822 3062 Adamutn
2866 3004 3029 3059 Deus.
3089 3002 3278 3058 Primo
3306 3002 3453 3058 enim
3520 3006 3679 3058 «foret

2101 3099 2270 3170 ipsius
2302 3114 2502 3167 corpus
2527 3112 2594 3151 ex
2622 3096 2843 3165 pulvere
2874 3094 3060 3149 fictum
3103 3108 3263 3157 esse;
3302 3102 3355 3145 et
3388 3092 3551 3146 simul
3592 3107 3682 3146 reo

2100 3190 2319 3260 darguit
2351 3190 2517 3245 etiam
2562 3186 2723 3258 quasi
2755 3186 2900 3242 dicat
2936 3184 3092 3253 :Qui
3147 3183 3372 3255 potuisti
3426 3185 3682 3239 all'ectare

2096 3282 2460 3347 divinitatem,
2501 3291 2558 3335 ut
2586 3278 2825 3349 pluercs,
2858 3288 2920 3332 nt
2973 3277 3152 3332 fontes
3190 3278 3563 3345 dispensari-3,
3620 3286 3680 3329 ut

2098 3373 2303 3445 pelagis
2324 3371 2641 3442 imperares,
2664 3370 2834 3426 totius
2858 3384 2923 3423 ex
2950 3368 3171 3439 pulrere
3192 3367 3530 3435 compositus
3550 3381 3677 3421 cum

2098 3464 2218 3520 sis?
2249 3463 2461 3519 Rursus
2495 3460 2641 3519 sicut
2671 3459 3039 3517 conditionem
3071 3458 3265 3514 Adami
3311 3474 3343 3511 ιι
3366 3458 3537 3513 iritire
3579 3473 3679 3511 es-

2100 3557 2302 3611 tulerat
2331 3556 2459 3609 dum
2503 3554 2686 3623 ipsum
2721 3562 2952 3615 crearet,
2993 3563 3052 3608 ut
3091 3567 3251 3623 quem
3303 3567 3362 3607 se
3414 3551 3481 3604 ad
3520 3566 3677 3605 suam

2105 3647 2279 3717 ipsius
2309 3645 2603 3714 imaginem
2638 3644 3164 3712 sitnilitudinemquc
3186 3644 3392 3710 lingere
3417 3642 3624 3694 diceret
3660 3660 3675 3695 :

2099 3739 2199 3809 ita,
2246 3749 2303 3793 ut
2333 3735 2609 3792 affectavit
2643 3735 2982 3790 divinitatem
3030 3749 3129 3804 pro
3169 3733 3378 3789 fallacis
3409 3733 3682 3803 serpentis

2101 3832 2356 3894 consilio,
2388 3830 2537 3884 illam
2590 3829 2835 3885 eamdem
2871 3829 2935 3883 ad
2963 3837 3162 3883 terram
3198 3841 3372 3895 usque
3398 3826 3677 3895 deprimit,

2104 3927 2488 3980 demonstrans
2518 3941 2584 3979 ex
2623 3923 2845 3994 pulvere
2874 3930 3151 3976 constare.
3194 3920 3462 3974 l‘r:cterca
3488 3928 3678 3971 ostru-

2101 4017 2203 4081 dit,
2274 4030 2397 4087 qua:
2449 4030 2574 4069 cum
2622 4014 2826 4083 quibus
2882 4013 2971 4067 ille
3029 4010 3399 4066 commutarit.
3454 4008 3683 4080 insuper

2106 4106 2287 4173 docet,
2313 4108 2537 4178 quantis
2581 4108 2761 4178 ipsum
2792 4106 2949 4161 malis
2984 4103 3349 4175 implicaverit
3372 4114 3679 4171 peccatum,

2105 4208 2271 4269 atque
2298 4200 2419 4254 ideo
2446 4201 2548 4253 hoc
2575 4198 3016 4269 prosequendum
3041 4197 3168 4252 odio
3189 4210 3313 4249 esse
3332 4192 3685 4262 fugiendum-

2107 4308 2214 4364 que
2244 4292 2459 4345 mcrito.
2489 4289 2735 4360 Denique
2772 4299 2958 4344 monet
3006 4290 3051 4344 si
3100 4291 3419 4358 imperatam
3462 4284 3552 4339 ilic
3584 4284 3685 4338 ob-

2108 4390 2380 4439 servasset
2420 4383 2615 4452 legem,
2667 4398 2774 4436 non
2820 4379 3248 4449 ubrumpendam
3300 4378 3470 4432 fuisse
3511 4377 3684 4448 ipsius

427 4476 733 4533 benedictio
759 4490 881 4546 qua:
915 4481 1043 4528 ante
1064 4480 1349 4541 peccatum
1385 4469 1526 4523 facta
1546 4468 2004 4539 fuerat,qualnris
2036 4496 2084 4557 υ
2112 4477 2275 4531 vitam
2301 4478 2395 4530 sed
2434 4474 2843 4530 lmmortalitate
2886 4473 3195 4528 donaudam
3225 4486 3290 4526 es
3320 4469 3412 4526 Del
3442 4469 3683 4524 liberali-

426 4572 647 4625 dolores
698 4578 865 4639 atque
921 4565 1274 4621 calamitates
1329 4562 1579 4631 plurima:
1641 4561 1999 4617 accesserint.

428 4666 532 4721 Per
553 4663 763 4718 dolores
800 4659 1037 4714 comedes
1076 4673 1196 4711 eam
1234 4657 1474 4712 omnibus
1506 4655 1689 4711 diebus
1724 4657 1842 4710 uiue
1870 4665 1998 4711 tute.

425 4756 563 4824 Quia
593 4750 918 4809 existimasti
947 4760 1000 4806 te
1025 4750 1257 4804 deorum
1300 4763 1454 4804 more
1502 4748 1556 4801 in
1589 4756 1732 4799 terra
1766 4759 1998 4799 ntansu-

427 4865 571 4911 rum,
598 4860 803 4917 perque
840 4844 1081 4915 quietem
1128 4852 1184 4899 et
1206 4843 1378 4897 otium
1410 4841 1575 4895 vitam
1608 4839 1942 4908 agitaturum
1982 4857 2001 4894 :

442 4951 499 4994 tu
526 4946 739 5003 contra,
769 4950 864 5005 per
897 4934 1139 4999 dolores,
1158 4934 1377 4991 labores
1398 4942 1455 4989 et
1474 4949 1775 5000 aerumnas,
1806 4951 2011 5007 perque

428 5029 697 5085 culturam
742 5026 1016 5083 dillicilem
1057 5026 1300 5082 vesceris
1351 5025 1602 5096 frugibus
1648 5035 1827 5082 terrae.
1861 5027 1999 5083 Nam

434 5137 503 5178 ne
539 5135 701 5191 reges
730 5118 955 5191 quidem
980 5119 1187 5189 absque
1210 5118 1462 5173 molestia
1493 5127 1546 5172 et
1578 5118 1815 5183 cultura,
1848 5128 2009 5174 terra

430 5214 750 5268 muneribus
784 5210 889 5265 frui
919 5219 1151 5282 possunt
1175 5227 1191 5264 :
1215 5218 1379 5278 atque
1417 5209 1523 5263 hoc
1549 5210 1729 5278 ipsum
1759 5212 2005 5282 estquod

430 5303 791 5358 Ecclesiastes
841 5302 919 5356 ait
954 5319 969 5355 ε
999 5298 1115 5357 Rea:
1146 5317 1335 5371 agrum
1368 5298 1497 5353 colit
1526 5298 1643 5369 (ει)
1680 5318 1694 5353 :
1730 5302 1930 5371 quippe
1962 5303 2008 5357 si

434 5412 539 5452 non
575 5396 713 5462 suis,
738 5405 793 5450 at
820 5394 1053 5451 aliorum
1085 5405 1235 5452 certe
1269 5393 1529 5449 manibus
1558 5408 1723 5462 agros
1747 5394 2008 5463 subigunt

432 5501 608 5558 reges.
664 5485 1081 5543 Observandum
1138 5499 1299 5554 porro
1347 5490 1432 5538 est
1465 5494 1625 5538 terra:
1673 5486 2003 5542 vocabulum

502 5600 615 5667 (24)
646 5600 826 5656 Εεοεε.
854 5617 907 5666 v,
951 5616 1092 5657 vers.
1121 5603 1173 5665 8,
1204 5607 1307 5674 εει⁸
1321 5598 1386 5652 ad
1423 5598 1646 5674 verbum
1676 5618 1690 5653 :
1722 5599 1831 5655 lica:
1871 5620 1998 5674 agro

431 5674 610 5737 servit,
645 5674 781 5736 sive,
809 5688 936 5741 agro
959 5688 1138 5725 seruus
1167 5684 1242 5727 est
1280 5670 1452 5739 furius
1485 5684 1503 5723 :
1545 5669 1767 5739 Vulgata
1816 5669 1994 5729 tarum

432 5742 597 5797 editio
629 5742 788 5810 longe
820 5746 925 5797 alio
942 5759 1109 5796 senisu
1134 5741 1293 5808 legit:
1323 5741 1535 5810 insuper
1562 5741 1817 5796 uniuersa-
1843 5753 1995 5799 τίνι-σι·

438 5830 527 5870 res
562 5809 782 5882 imprrat
817 5814 1097 5880 serricnti,
1148 5810 1292 5881 quod
1346 5809 1449 5864 nisi
1486 5809 1550 5865 de
1586 5810 1768 5865 divina
1816 5817 1992 5882 prmi

2114 4579 2245 4633 tate,
2273 4569 2417 4624 sicut
2447 4569 2525 4622 ait
2552 4567 2851 4637 Gregorius
2883 4566 3196 4636 Thcologus
3240 4565 3355 4637 (25)
3390 4579 3409 4620 :
3447 4563 3504 4617 Si
3559 4576 3682 4635 per—

2112 4663 2492 4721 durasscmus,
2525 4658 2576 4714 id
2614 4661 2759 4729 quod
2810 4673 2920 4711 non
2967 4655 3273 4713 fut-ramus.
3304 4653 3435 4707 facti
3480 4653 3685 4710 fuisse-

2107 4764 2267 4815 mus;
2329 4764 2478 4802 nunc
2532 4761 2666 4801 vero
2714 4758 3068 4817 postraquam
3126 4745 3297 4813 legem
3368 4742 3685 4807 transilitit,

2107 4840 2265 4894 morti
2314 4837 2613 4892 obnoxium
2639 4851 2762 4891 esse
2798 4835 3002 4889 factum
3054 4834 3572 4902 dissolvendumque
3629 4835 3685 4886 in

2105 4940 2307 4984 terram
2372 4928 2516 4980 unde
2583 4927 2748 4980 traxit
2801 4927 3092 4994 originem.
3130 4922 3199 4978 Et
3231 4926 3432 4979 rorarii
3486 4925 3682 4988 Adam,

2106 5037 2291 5075 nomen
2340 5021 2523 5074 uxoris
2552 5033 2663 5073 sua
2701 5016 2886 5083 Evam,
2921 5033 2981 5072 eo
3011 5016 3152 5086 (ιιιοά
3182 5017 3300 5086 ipsa
3351 5026 3485 5070 esset
3516 5010 3684 5070 mater

2108 5116 2278 5170 omnis
2341 5114 2576 5168 viventis.
2626 5108 2953 5167 Observavit
3006 5110 3225 5177 quidem
3288 5110 3449 5165 divus
3506 5108 3686 5165 Moses

2109 5206 2291 5260 adhuc
2343 5205 2398 5259 in
2457 5218 2641 5259 rerum
2691 5212 2967 5273 gestarum
3023 5203 3382 5268 narratione,
3435 5202 3682 5255 ordinem

2108 5300 2420 5369 seriemque
2472 5311 2783 5365 temporum
2832 5298 3039 5369 quibus
3068 5310 3300 5366 quaeque
3346 5305 3481 5350 actas
3525 5304 3684 5356 sunt;

2106 5401 2164 5446 at
2185 5390 2331 5462 quod
2366 5391 2455 5446 hic
2509 5391 2625 5460 jam
2675 5399 2888 5458 narrat,
2945 5406 3076 5446 nutu
3107 5390 3303 5445 ordine
3353 5402 3457 5443 suo
3500 5397 3685 5443 narret

2106 5482 2348 5539 dubitari
2400 5492 2602 5554 potest.
2652 5481 2866 5554 Quippe
2913 5491 3016 5549 est,
3056 5484 3147 5539 ubi
3189 5498 3277 5540 res
3313 5483 3399 5539 sui
3434 5497 3682 5553 quasque

2105 5603 2289 5660 tientia
2331 5605 2535 5661 dictum
2567 5619 2690 5675 meo
2714 5602 2946 5675 judicio,
2980 5602 3204 5671 intelligi
3234 5618 3340 5657 non
3384 5609 3583 5675 potest.

2104 5749 2121 5801 ἱ
2176 5677 2291 5804 £25)
2364 5676 2476 5733 lloc
2538 5669 2789 5749 Gregorii
2857 5676 3059 5730 dictum
3126 5669 3290 5746 supra
3352 5669 3681 5743 explicatius

2123 5766 2169 5803 ta
2215 5766 2290 5804 rs.

2143 5769 2290 5804 ηυνξ).
