4094 6156
496 256 595 319 ξιἹΙ

1765 268 1995 331 110518
2034 272 2184 331 BAR
2224 272 2474 334 CEPHA

3632 274 3742 341 512

494 370 630 424 locis
663 368 965 436 describat,-
1004 379 1089 427 εει
1132 371 1297 426 etiam
1328 370 1421 427 ubi
1466 372 1568 428 hoc
1603 372 1681 427 illi
1726 375 1890 429 modo
1917 390 2066 432 cura
2090 382 2142 440 Α
2175 388 2340 450 taque
2368 397 2434 436 ex
2470 381 2765 437 concubitu
2799 381 2900 436 viri
2943 395 3006 438 ac
3035 383 3280 440 mulieris
3304 384 3495 442 sobole
3522 396 3741 443 auctum

491 472 573 516 est
612 470 672 516 ut
719 461 770 516 id
796 463 941 532 ιιιιοιι
977 474 1192 533 gestum
1214 471 1318 529 est,
1342 474 1733 519 commemoret
1767 480 1940 536 neque
1971 481 2070 537 per
2112 487 2117 491 '

493 554 771 609 silentium
817 556 1175 619 transmittat,
1224 567 1425 611 czetero
1460 556 1554 626 qui
1579 557 1633 610 in
1668 564 1916 624 tempore
1954 572 2066 628 quo

493 657 674 701 actum
740 658 844 712 εει,
873 646 1218 703 observando
1262 647 1398 701 nihil
1431 648 1721 704 sollicitus.
1752 648 2067 717 Enimvero,

492 747 586 791 aut
610 736 830 807 quando
858 746 1010 793 costa
1046 738 1150 792 sibi
1191 738 1619 794 subtrahebatur
1649 748 1812 810 atque
1845 739 1900 796 in
1951 757 2070 797 mu-

495 833 1162 899 lierechncinnabatur,
1205 834 1512 904 appellabat
1550 834 1794 891 Adamus
1836 851 2066 891 uxorem

494 944 591 998 per
638 927 959 983 vaticinium
1016 928 1230 982 duobus
1278 928 1800 996 nominibuszltto,
1858 929 2071 985 scilicet

495 1021 624 1091 (hoc
650 1030 758 1087 est,
792 1020 1100 1086 mulierem,
1145 1022 1261 1077 sive
1305 1035 1529 1076 uxorem
1574 1031 1630 1075 et
1685 1018 1899 1092 Evam).
1935 1018 2065 1086 illo,

497 1111 625 1182 quia
648 1111 769 1168 viro
802 1113 1103 1169 cohaereret
1132 1127 1229 1182 per
1259 1112 1567 1182 legitimum
1594 1112 1956 1175 connubium,
2009 1120 2071 1168 ut

495 1214 621 1259 ante
673 1213 759 1258 est
812 1218 843 1259 a
907 1205 1065 1260 nobis
1120 1204 1456 1275 explicatum
1505 1223 1521 1259 :
1562 1203 1841 1274 ltoc,quia
1892 1215 2070 1260 mater

494 1304 640 1349 esset
668 1294 849 1351 futura
891 1294 1072 1352 omnis
1110 1297 1366 1353 viventis.
1416 1298 1532 1350 Aut
1572 1297 1673 1351 hoc
1706 1298 1825 1351 loco
1871 1312 2068 1352 nomen

496 1388 621 1445 Eva:
651 1391 754 1462 ipsi
788 1409 905 1448 eam
941 1396 1012 1448 ob
1039 1409 1267 1450 causam
1322 1392 1517 1449 indidit
1547 1405 1841 1465 postquam
1888 1409 1917 1447 a
1960 1391 2069 1449 Deo

498 1482 751 1554 prolapsa
780 1483 1150 1555 damnataque
1176 1500 1270 1555 per
1303 1485 1628 1540 sententiam
1647 1493 1793 1540 esset
1822 1484 2067 1541 dolorum

498 1574 553 1628 in
585 1588 739 1645 partu
780 1576 1155 1642 ferendarum,
1190 1587 1285 1634 aut
1320 1578 1556 1650 denique
1592 1585 1880 1648 postquam
1908 1576 2069 1648 eiecti

498 1675 623 1720 sinit
662 1667 825 1721 ambo
851 1683 882 1722 e
914 1668 1192 1737 paradiso,
1231 1667 1397 1725 Evam
1441 1668 1715 1739 appellare
1750 1666 1916 1738 erepit
1935 1667 2065 1737 quia

2178 473 2270 540 iri,
2324 481 2379 528 ει
2436 488 2531 543 per
2572 474 2713 530 hanc
2775 487 2998 532 causam
3059 477 3313 547 specioso
3368 476 3465 533 illo
3520 480 3743 536 nomine

2177 578 2402 621 uxorem
2445 580 2670 623 vocasse
2715 565 2909 632 Evam.
2964 569 3071 623 bac
3122 578 3229 630 est.
3271 570 3453 626 omnis
3510 572 3748 627 viventis

2176 668 2427 715 matrem.
2469 658 2646 729 Supra
2695 660 3122 717 memoravimus
3164 663 3269 717 tria
3328 675 3453 718 esse
3498 664 3744 727 nomina,

2175 750 2375 820 quibus
2420 749 2593 805 Adam
2646 752 2699 806 iu
2743 754 2846 808 hoc
2900 752 3042 809 libro
3077 754 3386 824 appelletur
3432 750 3606 816 Nota,
3640 753 3745 809 hoc

2174 849 2259 897 est
2289 842 2390 908 vir,
2428 853 2483 897 et
2511 842 2805 908 Βίην-ηοω.
2843 844 2989 902 filius
3012 846 3119 901 viri
3149 864 3162 901 :
3187 861 3253 901 ac
3280 846 3520 917 denique
3548 845 3741 907 Adam.

2174 932 2332 1003 quasi
2360 932 2532 998 dicas,
2554 935 2719 990 homo
2748 953 2763 990 :
2788 935 2881 991 ubi
2913 945 3178 1007 quantum
3230 936 3351 1005 ipsa
3384 936 3527 991 inter
3551 936 3744 990 se'di-

2175 1033 2343 1092 stent,
2371 1025 2537 1082 etiam
2565 1028 2982 1098 explicavimus.
3012 1028 3135 1084 lam
3171 1044 3303 1084 vero
3329 1028 3497 1084 Evam
3520 1043 3745 1100 quoque

2175 1110 2395 1167 duobus
2440 1124 2691 1171 vocatam
2749 1118 3069 1173 nominibus
3131 1117 3523 1189 intelligimus;
3557 1131 3751 1188 nempe

2176 1200 2288 1260 Im
2320 1204 2449 1277 (hoc
2476 1213 2583 1272 est,
2635 1208 2929 1265 mulierem
2975 1212 3092 1265 sive
3133 1212 3388 1279 uxorem)
3417 1219 3473 1265 et
3520 1206 3688 1263 Evam
3725 1224 3742 1263 :

2172 1313 2410 1368 quorum
2470 1300 2625 1368 illud,
2681 1303 2752 1357 ad
2784 1303 3095 1359 universam
3144 1303 3476 1358 feminarum
3506 1303 3746 1369 speciem

2176 1391 2660 1459 atecummodatur;
2708 1393 2837 1462 hoc,
2897 1394 3061 1450 unius
3092 1408 3337 1464 persona:
3396 1395 3614 1464 propria
3663 1403 3751 1453 cal

2175 1482 2487 1551 appellatio.
2552 1481 2622 1540 Et
2672 1483 2797 1551 fecit
2857 1483 3111 1539 Dominus
3167 1486 3304 1542 Deus
3337 1486 3541 1541 Atlanta
3594 1498 3751 1556 atque

2177 1575 2332 1629 uxori
2384 1577 2548 1644 ipsius
2596 1580 2807 1633 tunicas
2860 1578 3107 1648 pelliceas
3138 1619 3155 1645 ,
3202 1588 3254 1636 et
3309 1581 3513 1635 vestivit
3568 1580 3745 1650 ipsos.

2176 1666 2427 1738 Quinque
2452 1677 2579 1723 sunt
2602 1686 2724 1739 qua:
2752 1686 2814 1727 se
2843 1670 2932 1726 hic
2955 1672 3115 1728 nobis
3138 1673 3453 1740 explicanda
3481 1671 3753 1729 oﬂerunt:

499 1757 794 1811 viventium
838 1767 1066 1814 matrem
1102 1760 1332 1815 videret.
1366 1757 1488 1817 1am
1520 1775 1647 1815 vero
1678 1759 1723 1814 si
1756 1760 1842 1815 vel
1883 1758 2065 1830 primo
2093 1759 2142 1820 Β
2170 1774 2367 1831 nempe
2400 1777 2501 1818 cur
2548 1762 2794 1819 induerit
2826 1762 2972 1819 Deus
3004 1764 3272 1819 Adamum
3304 1776 3357 1820 et
3388 1764 3575 1830 Evam,
3607 1764 3750 1819 tnui-

499 1848 580 1904 vel
611 1860 885 1919 postremo
912 1850 1281 1923 temporehoc
1312 1866 1508 1907 nomen
1542 1853 1612 1908 ab
1645 1852 1855 1907 Adamn
1887 1851 2074 1909 datum

498 1953 581 1995 est
613 1944 787 2006 uxori,
826 1944 1068 2014 neglecta
1117 1953 1203 2000 est
1233 1960 1265 2000 a
1296 1943 1444 2002 Meae
1482 1945 1747 2014 temporis
1777 1945 1952 2012 ratio;
1989 1945 2077 2000 sin

501 2034 701 2100 medio,
754 2047 1005 2091 accurate
1058 2039 1349 2094 observata
1386 2046 1488 2095 est.
1536 2037 1834 2102 Caeterum.
1884 2039 2076 2095 viven-

501 2129 636 2181 tium
668 2130 929 2184 vocabulo
961 2129 1051 2185 hic
1097 2129 1201 2186 soli
1255 2129 1505 2187 homines
1552 2146 1663 2186 non
1698 2131 1864 2187 etiam
1915 2132 2078 2188 bruta

500 2221 758 2274 animalia
802 2222 1203 2292 significantur,
1242 2222 1402 2279 sicuti
1435 2222 1547 2279 illic
1572 2238 1790 2294 quoque
1823 2243 1838 2279 :
1877 2221 2075 2294 E/fun-

500 2313 623 2367 dam
675 2318 919 2382 spiritum
973 2332 1145 2370 meum
1205 2331 1364 2386 super
1418 2331 1627 2371 omnem
1676 2316 1978 2382 carnem";
2010 2316 2078 2372 de

503 2406 819 2464 hominibus
852 2408 1007 2474 solis,
1048 2424 1157 2464 non
1190 2409 1259 2465 de
1304 2408 1606 2480 pecudibus
1653 2409 1897 2479 loquitur
1931 2407 2081 2465 Scri-

502 2510 687 2569 ptura.
721 2499 827 2555 Sed
855 2503 1001 2555 enim
1035 2500 1319 2560 sciendum
1360 2508 1468 2567 est,
1496 2498 1550 2555 vi
1587 2500 1823 2571 quadam
1857 2500 2081 2557 fatidica

503 2602 668 2661 atque
710 2591 903 2647 divino
930 2592 1196 2647 instinctu
1221 2592 1488 2648 Adamum
1515 2592 1822 2662 appellasse
1849 2606 2079 2646 uxorem

503 2698 661 2740 suam
707 2683 900 2748 Evam,
937 2683 1033 2738 sed
1064 2698 1127 2739 ea
1162 2685 1327 2741 verba
1379 2698 1503 2754 qua:
1549 2682 1919 2752 subjiciuntur
1948 2700 1966 2739 :
1999 2680 2081 2737 Eo

503 2778 641 2846 quod
699 2777 817 2845 ipsa
870 2784 1007 2831 esset
1040 2786 1209 2831 mater
1240 2778 1413 2831 omnis
1462 2776 1702 2841 viventis,
1736 2790 1845 2830 non
1886 2773 2081 2832 Adami

506 2868 600 2922 sed
638 2866 801 2921 llosis
831 2882 974 2933 esse,
1008 2866 1132 2923 Erae
1157 2868 1484 2924 vocabulum
1530 2882 1594 2923 ea
1635 2868 2083 2939 interpretatione

424 3022 427 3025 b
504 2960 847 3029 explicantis.
890 2960 998 3016 Sed
1032 2960 1180 3017 dices
1212 2978 1229 3017 :
1261 2960 1369 3017 Cur
1396 2976 1506 3016 non
1541 2958 1769 3033 perinde
1811 2959 2081 3015 Adamum

509 3055 733 3125 scripsit
782 3056 957 3111 Moses
998 3071 1122 3113 esse
1167 3067 1377 3128 patrem
1422 3054 1605 3111 omnis
1638 3054 1893 3121 viventis,
1935 3053 2084 3112 sicut

511 3146 675 3201 Evam
708 3148 946 3217 prodidit
984 3163 1107 3205 esse
1166 3126 1436 3204 matrem?
1470 3147 1914 3218 Respondemus,
1949 3146 2083 3217 quia
2108 3126 2154 3192 α

509 3238 617 3305 vir,
647 3236 777 3293 dum
833 3253 948 3294 rem
980 3255 1106 3295 cum
1155 3239 1385 3295 muliere
1423 3239 1606 3305 habet,
1665 3254 1853 3295 semen
1907 3238 2086 3310 injicit

508 3345 687 3401 neque
715 3332 823 3386 vita
858 3347 1033 3404 neque
1077 3331 1251 3388 forma
1293 3332 1603 3405 praeditum,
1631 3341 1688 3387 at
1715 3332 1943 3399 femina,
1983 3346 2086 3387 ex-

510 3432 727 3494 ceptum
752 3424 908 3493 illud,
958 3434 1249 3497 postquam
1305 3424 1363 3482 in
1396 3440 1498 3481 suo
1526 3434 1683 3482 utero
1711 3424 1940 3482 infantis
1969 3421 2085 3480 for-

511 3530 656 3571 mam
690 3516 865 3571 induit
894 3527 1058 3589 atque
1096 3519 1152 3574 in
1179 3519 1477 3575 humanam
1511 3518 1744 3591 figuram
1772 3518 2088 3577 conforma-

512 3621 625 3662 tum
660 3618 766 3673 est,
795 3619 910 3664 tum
954 3609 1173 3663 demum
1221 3624 1332 3665 non
1365 3609 1527 3680 quale
1558 3611 1641 3664 vir
1670 3609 1958 3681 iniecerat,
1990 3607 2087 3666 sed

513 3700 700 3753 vivens
740 3709 895 3768 partu
940 3700 1081 3755 edit.
1108 3697 1300 3753 Merito
1329 3712 1461 3771 ergo
1486 3706 1661 3755 mater
1689 3698 1871 3753 omnis
1903 3697 2089 3753 viven-

511 3794 581 3846 tis
618 3790 728 3845 Eva
758 3790 1061 3861 appellatur
1084 3806 1114 3845 a
1146 3788 1317 3847 Mose.
1347 3788 1541 3847 Adhoc
1572 3807 1587 3845 :
1621 3790 1793 3844 Adam
1826 3796 2081 3860 sumptus

513 3884 637 3948 fuit,
670 3901 794 3939 cum
826 3896 975 3941 esset
997 3886 1173 3953 pulvis
1199 3885 1323 3939 vitae
1355 3899 1551 3956 expers
1575 3898 1642 3939 ac
1674 3882 1871 3939 deinde
1902 3882 2091 3939 divino

512 3987 657 4031 statu
684 3976 871 4040 vitam,
906 3976 1261 4046 animamque
1310 3974 1560 4046 accepit;
1592 3975 1701 4030 Eva
1734 3988 1953 4045 quoque
1976 3973 2089 4043 jam

513 4081 626 4125 tum
648 4070 905 4126 inanimis
934 4080 1111 4137 costa,
1139 4070 1385 4126 detracta
1412 4068 1517 4124 fuit
1535 4068 1780 4136 Adamo;
1805 4076 1934 4139 post
1957 4081 2092 4122 vero

514 4166 642 4217 dum
693 4180 725 4217 a
756 4162 869 4219 Deo
899 4162 1348 4227 concinnaretur,
1382 4161 1547 4217 vitam
1588 4169 1671 4216 est
1700 4162 1895 4232 adepta
1923 4169 2092 4231 atque

515 4258 754 4312 animam
790 4266 891 4313 :at
942 4258 1201 4312 mortales
1248 4255 1438 4327 reliqui
1478 4255 1592 4310 alio
1616 4253 1779 4310 modo
1823 4252 2091 4310 nascituri

512 4363 695 4415 erant,
727 4366 918 4422 nempe
946 4366 1013 4406 ex
1039 4350 1264 4416 femina,
1293 4362 1349 4406 et
1379 4349 1615 4405 absoluti
1641 4350 1907 4404 viventes.
1923 4346 2093 4402 Recte

516 4442 679 4509 igitur
728 4441 892 4495 etiam
930 4443 1001 4496 ob
1047 4442 1187 4497 bane
1230 4456 1346 4495 rem
1371 4449 1565 4497 vocata
1594 4449 1681 4497 est
1731 4440 1842 4496 Eva
1911 4454 2091 4498 mater

2174 1868 2291 1920 cas,
2316 1853 2515 1910 deinde
2542 1857 2734 1926 quales
2755 1854 2960 1912 fuerint
2983 1857 3063 1912 hae
3091 1858 3307 1920 tunicae;
3340 1856 3581 1919 tertium,
3609 1855 3753 1911 undi.

2174 1954 2506 2015 comparatae
2526 1966 2542 2013 ;
2566 1958 2839 2015 quartum,
2868 1963 2970 2004 cur
2996 1948 3106 2003 sint
3125 1947 3407 2017 appellabo
3430 1947 3755 2013 “utilite;

2175 2037 2317 2107 quod
2338 2036 2476 2091 idem
2493 2045 2574 2092 est
2594 2051 2656 2092 ac
2681 2038 2727 2092 si
2747 2037 2921 2104 dicas,
2944 2039 3251 2107 gossipinas
3276 2038 3393 2093 sive
3428 2039 3645 2110 ayiinss
3669 2054 3759 2093 νε·-

2174 2134 2329 2196 stes;
2356 2129 2603 2200 quintum
2625 2171 2640 2194 ,
2673 2144 2775 2185 cur
2796 2144 2936 2198 opus
2956 2128 3245 2184 habuerint
3272 2140 3443 2195 veste,
3477 2130 3755 2187 mortales.

2250 2220 2359 2276 Cur
2388 2222 2525 2276 Dens
2556 2222 2782 2277 vestierit
2810 2221 3010 2292 primos
3043 2232 3309 2292 parentes.
3335 2251 3407 2265 -—
3437 2221 3551 2277 Cur
3592 2222 3757 2291 igitur

2179 2314 2303 2369 illos
2341 2315 2538 2369 tunicis
2571 2314 2833 2380 vestiret,
2883 2314 3119 2369 dicimus
3180 2328 3452 2369 summam
3482 2313 3580 2369 Dei
3621 2327 3753 2382 erga

2180 2408 2329 2475 ipsos
2360 2404 2788 2461 misericordiam
2841 2404 2897 2459 in
2945 2416 3111 2460 causa
3154 2404 3347 2460 fuisse.
3374 2402 3593 2474 Quippe
3630 2419 3755 2458 cum

2181 2500 2326 2555 Deus
2386 2498 2718 2569 colloquium
2776 2514 2901 2556 cum
2952 2499 3144 2567 primis
3182 2499 3498 2569 parentibus
3544 2498 3759 2568 longius

2182 2592 2427 2655 haberet,
2470 2602 2635 2661 atque
2693 2590 2761 2645 ad
2815 2590 3092 2646 Adamum
3148 2590 3291 2646 inter
3336 2590 3443 2645 alia
3498 2590 3754 2645 diceret:

2184 2683 2317 2752 Quis
2374 2684 2691 2754 signiﬁcavit
2726 2683 2824 2739 tibi
2859 2681 2999 2753 quod
3045 2683 3218 2736 nudus
3274 2683 3459 2738 esses?
3507 2681 3758 2736 similiter

2182 2777 2288 2831 aiia
2334 2786 2504 2846 atque
2547 2775 2655 2831 alia
2707 2776 2776 2830 ad
2831 2773 3095 2829 feminam
3132 2783 3187 2829 ct
3236 2784 3546 2844 serpentem
3585 2776 3700 2827 ver'

2183 2867 2412 2937 faceret,
2444 2869 2651 2923 interea
2685 2866 2928 2924 arefacta
2958 2884 3023 2923 ea
3054 2868 3253 2938 quibus
3284 2882 3343 2922 se
3392 2867 3467 2921 illi
3498 2876 3757 2922 contexe-

2184 2971 2328 3029 rant,
2353 2961 2483 3017 folia
2511 2961 2744 3019 ficulnea
2779 2961 3018 3018 deﬂuere
3052 2969 3358 3031 coeperunt.
3394 2960 3531 3016 Cum
3576 2961 3759 3031 itaque

2188 3054 2381 3111 nudati
2405 3054 2520 3126 iam
2561 3062 2677 3111 tum
2718 3053 2798 3109 illi
2850 3055 3058 3124 pudore
3099 3053 3469 3117 afficerentur,
3501 3068 3613 3110 non
3643 3060 3761 3109 erat

2189 3157 2620 3203 consentaneum
2651 3147 2854 3204 divina
2878 3146 3293 3213 misericordiae,
3330 3146 3507 3202 nudos
3536 3160 3761 3218 prorsus

2187 3238 2473 3294 eliminare
2498 3238 2779 3308 paradiso.
2812 3235 3102 3295 Miseratus
3128 3252 3259 3307 ergo
3302 3237 3540 3306 ipsorum
3566 3236 3761 3293 condi-

2188 3330 2419 3393 tionem,
2451 3345 2552 3402 pro
2583 3344 2681 3386 sua
2702 3332 2997 3388 clementia
3029 3329 3168 3400 ipsis
3199 3345 3359 3401 opem
3398 3330 3547 3392 tulit.
3573 3328 3763 3387 factis-

2188 3435 2297 3494 que
2326 3425 2526 3480 tunicis
2566 3423 2871 3481 nuditatem
2910 3424 3137 3480 velavit.
3166 3422 3436 3481 Praeterea
3470 3423 3637 3479 voluit
3682 3423 3764 3495 ip-

2193 3532 2283 3573 sos
2318 3517 2563 3573 vesribus
2587 3515 2834 3584 indutos,
2878 3531 2911 3572 a
2935 3516 3148 3573 ceteris
3173 3515 3545 3573 animantibus
3582 3515 3765 3572 brutis

2188 3623 2517 3681 segregare;
2548 3607 2789 3680 denique
2832 3608 3137 3666 nuditatem
3178 3622 3275 3664 seu
3303 3606 3548 3662 libidinis
3580 3606 3765 3663 illece-

2188 3702 2350 3761 bram
2377 3702 2591 3774 putavit
2623 3701 2936 3775 tegendam.

2261 3793 2459 3861 Quales
2483 3792 2683 3864 fuerint
2715 3795 3008 3863 primorum
3027 3800 3304 3862 parentum
3328 3805 3590 3847 τίσω.-
3608 3790 3766 3860 Quod

2190 3900 2324 3943 vero
2350 3886 2418 3942 ad
2450 3886 2600 3956 ipsas
2622 3885 2840 3943 tunicas
2871 3888 3099 3952 attinet,
3135 3888 3428 3958 cujuauatn
3474 3886 3619 3942 modi
3676 3902 3767 3942 res

2191 3978 2425 4044 fuerint,
2459 3977 2761 4049 Gregorius
2801 3978 3118 4051 Theologus
3139 3981 3379 4051 quodam
3424 3980 3549 4035 loco
3596 3978 3766 4035 fuisse

2191 4069 2271 4124 ait
2300 4068 2537 4127 cortices
2577 4070 2860 4137 arborum,
2906 4085 3015 4141 quo
3044 4071 3181 4142 ipsis
3237 4070 3383 4127 Deus
3421 4072 3476 4126 in
3527 4082 3765 4126 mentem

2192 4159 2405 4217 miserit
2430 4176 2529 4217 ceu
2555 4159 2783 4217 idoneos
2812 4177 2879 4218 ex
2909 4162 3112 4232 quibus
3133 4161 3239 4218 sibi
3274 4164 3444 4219 vestis
3472 4163 3766 4233 quamdam

2191 4252 2420 4312 formam
2454 4264 2723 4326 aptarcnt,
2749 4271 2890 4326 eque
2919 4271 2981 4311 ea
3022 4256 3333 4322 amicirent,
3374 4256 3519 4312 sicut
3546 4265 3675 4311 ante
3700 4271 3769 4311 ea

2194 4345 2345 4403 foliis
2382 4348 2635 4404 ﬁculneis
2664 4347 2909 4405 fecerant
2942 4348 3301 4418 subligacula.
3338 4348 3409 4404 At
3432 4349 3600 4410 idem.
3641 4363 3771 4403 ora-

2196 4438 2343 4495 tione
2372 4454 2535 4509 quam
2579 4441 2805 4509 scripsit
2832 4439 2902 4496 de
2932 4437 3220 4495 Natalibus
3247 4438 3481 4505 Christi,
3510 4441 3644 4495 dicit
3673 4454 3771 4495 aas

515 4508 693 4586 munis
724 4532 972 4589 viventis.
1007 4530 1112 4588 Sed
1146 4541 1202 4587 et
1228 4531 1333 4587 hoc
1362 4530 1535 4603 quaeri
1565 4540 1742 4602 putest
1778 4550 1794 4587 :
1823 4534 2088 4601 Adamus,
2122 4508 2165 4568 θ
2197 4508 2413 4589 tunicas
2443 4531 2615 4588 fuisse
2658 4508 2881 4588 carnem
2926 4532 3281 4599 crassiorem,
3322 4533 3769 4603 ignavioremque

516 4621 738 4692 quando
782 4632 959 4677 morte
993 4623 1310 4677 damnatum
1360 4636 1421 4679 se
1457 4636 1487 4675 a
1540 4622 1652 4676 Deo
1696 4636 1823 4677 esse
1869 4626 2097 4679 moritu-

519 4730 750 4785 rumque
783 4713 1136 4784 intelligebat,
1185 4728 1282 4770 cur
1315 4724 1549 4784 augusto
1579 4725 1633 4770 et
1682 4714 1825 4770 felici
1860 4715 1955 4770 illo
1988 4730 2093 4771 no-

2196 4639 2303 4694 qua
2357 4638 2551 4679 sumus
2608 4622 2871 4678 contecti.
2924 4620 3225 4694 Gregorius
3280 4637 3409 4678 vero
3468 4620 3768 4694 Hymnus

2194 4715 2411 4782 scribit,
2442 4716 2655 4771 tunicas
2690 4730 2787 4770 eas
2822 4714 2996 4769 fuisse
3025 4713 3344 4781 libidinem;
3376 4715 3604 4781 coitum,
3634 4729 3771 4769 con-

521 4807 667 4863 miue
720 4822 944 4862 uxorem
992 4806 1222 4873 vocarit,
1260 4820 1371 4876 quo
1425 4816 1599 4863 mater
1646 4808 1829 4864 omnis
1871 4809 2101 4867 viventis
2197 4818 2438 4878 ceptum,
2475 4814 2717 4877 partum,
2748 4805 3131 4861 educationem
3178 4819 3289 4875 qua
3324 4804 3631 4860 minutatim
3674 4821 3771 4860 au-

520 4898 703 4955 futura
738 4897 1192 4970 significabatur,
1232 4899 1376 4969 quod
1416 4899 1578 4970 plane
1624 4899 1821 4955 divina:
1862 4900 1941 4956 illi
1966 4916 2097 4957 sen-

521 4994 701 5048 tentia:
734 4992 1020 5048 adversum
1069 5007 1191 5048 esse
1236 4992 1406 5047 videri
1446 4993 1697 5063 poterat?
1748 4994 1831 5051 Ad
1864 4994 1981 5050 hac
2006 4995 2095 5049 di-

522 5084 730 5146 cimus,
794 5084 1065 5139 Adamum
1126 5082 1274 5139 illam
1344 5084 1631 5141 adversum
1698 5098 1760 5141 se
1822 5085 2090 5157 prolatam

522 5181 714 5231 muttis
745 5177 1069 5231 sententiam
1102 5176 1385 5246 accepisse
1417 5176 1639 5247 quidem
1670 5192 1766 5248 per
1816 5186 1948 5232 nota
1998 5191 2093 5231 ac-

523 5270 798 5326 cusatoria
846 5270 950 5325 sibi
1000 5271 1205 5334 inusta,
1247 5270 1342 5325 sed
1392 5270 1596 5326 interea
1644 5271 1815 5325 Deum
1849 5283 1952 5341 pro
1996 5283 2097 5323 sua

524 5362 900 5419 misericordia
926 5363 983 5418 in
1012 5362 1123 5418 illis
1154 5370 1391 5417 tuentem
1420 5376 1542 5417 eam
1579 5360 1843 5416 indidisse
1883 5358 2097 5429 Opinio-

528 5471 653 5510 nem
686 5464 746 5512 ut
768 5455 880 5527 jam
916 5466 1031 5513 tum
1069 5456 1411 5512 existimaret
1462 5470 1636 5527 genus
1687 5458 1987 5511 humanum
2042 5453 2096 5506 in

528 5552 637 5604 vita
707 5564 1131 5618 permansurum
1183 5564 1305 5607 csse
1359 5562 1524 5621 super
1564 5559 1799 5615 terrain,
1851 5559 2101 5621 procrea-

596 5734 645 5769 ”
693 5734 807 5795 loci
864 5735 1047 5800 ".28.

2197 4900 2497 4974 gessimus,
2528 4900 2873 4965 alimentum,
2904 4897 3186 4962 morbum,
3217 4897 3580 4966 iracundiam,
3626 4913 3771 4956 mor-

2201 5004 2312 5051 tem
2349 4992 2618 5059 denique;
2647 4991 2733 5047 his
2756 4991 2907 5046 enim
2932 4991 3193 5047 omnibus
3218 4989 3379 5045 malis
3406 4990 3530 5047 illos
3549 4990 3774 5050 indutus

2200 5101 2323 5143 esse
2349 5084 2511 5142 simul
2546 5094 2712 5155 atque
2733 5082 2896 5139 donis
2941 5081 3381 5153 Spiritussancti
3423 5091 3553 5139 sunt
3578 5096 3775 5150 etspo-

2206 5178 2341 5233 liati.
2366 5175 2505 5232 Huic
2534 5175 2870 5231 Philoxenus
2911 5172 3260 5244 Mabngeusis
3305 5171 3419 5227 fere
3454 5172 3771 5235 subscribit,

2204 5269 2337 5325 dum
2368 5268 2444 5323 ait
2473 5282 2569 5323 eas
2615 5268 2831 5324 tunicas
2868 5266 3041 5323 fuisse
3091 5282 3253 5322 curas
3279 5307 3295 5333 ,
3332 5268 3772 5336 corruptionem,

2205 5355 2450 5422 morbos,
2484 5355 2726 5421 dolores,
2758 5358 3082 5421 anxietatcs,
3105 5367 3346 5423 metum;
3377 5366 3435 5411 et
3459 5356 3513 5410 in
3538 5371 3775 5417 summa.

2203 5464 2548 5522 quaecunque
2578 5448 2771 5519 primis
2802 5449 3121 5520 parentibus
3153 5458 3277 5520 pust
3315 5450 3569 5504 violatam
3602 5448 3773 5518 legent

2206 5542 2545 5607 acciderunt,
2574 5557 2697 5601 cum
2729 5551 2856 5600 ante
2890 5542 2954 5599 iis
2988 5557 3095 5599 non
3130 5541 3359 5599 fuissent
3389 5539 3635 5607 obnoxii,
3663 5551 3715 5596 et
3745 5558 3771 5592 ει
