4082 6160
307 283 412 348 573

1432 288 1531 347 DE
1576 283 1976 350 FAllADlSO.
2019 306 2080 319 -“
2129 285 2322 346 PARS
2366 287 2410 347 Ι.

3447 280 3552 344 5⁸14

307 399 506 466 quibus
544 411 648 452 nos
701 412 918 466 quoque
982 407 1104 468 post
1161 400 1613 455 resurrectionem
1670 401 1880 455 erimus
1917 402 1956 460 Α
1986 397 2090 454 bus
2121 398 2337 451 tt-xendi
2373 407 2567 449 artem.
2609 395 2681 450 De
2730 405 2930 465 quarto
2970 395 3227 461 dicimus,
3255 412 3348 450 eas
3388 407 3564 455 vestes

310 493 588 546 immunes
614 491 855 562 :quippe
896 508 990 561 per
1014 493 1111 546 bas
1141 492 1357 547 tunicas
1386 492 1681 564 signiﬁcari
1713 491 1890 545 maxi-

314 595 454 633 mam
494 577 641 634 illam
681 583 1038 636 mutationem
1077 599 1200 652 quae
1236 583 1451 639 illorum
1477 584 1656 638 evenit
1688 600 1888 655 corpo-

313 674 466 729 ribus
525 686 644 744 post
693 672 996 730 admissum
1049 687 1353 745 peccatum.
1409 678 1477 730 At
1533 677 1888 742 Athanasius,

317 765 566 822 oratione
609 762 678 822 de
729 783 917 833 cruce,
948 777 1003 822 et
1038 769 1296 824 dominus
1330 766 1562 838 Ephrem
1593 770 1682 823 ubi
1745 770 1890 822 hunc

314 861 492 913 locum
522 859 930 928 interpretatur,
978 860 1134 914 aiunt
1165 862 1264 914 has
1293 861 1505 915 tunicas
1529 876 1591 915 ex
1633 860 1884 915 animan-

314 947 448 1007 tium
474 951 708 1022 pellibus
757 951 1042 1006 confectas
1085 951 1280 1008 fuisse.
1331 951 1580 1022 Detiique
1632 953 1890 1008 dominus
1933 969 1938 980 τ

313 1040 550 1098 Jacobus
603 1039 931 1110 Sarugensis
977 1041 1110 1096 dicit
1179 1041 1344 1097 restis
1395 1043 1666 1111 quoddam
1719 1058 1892 1112 genus

316 1135 507 1198 fuisse,
540 1135 684 1204 quod
733 1136 861 1203 quia
897 1141 1042 1188 tactu
1076 1150 1328 1189 crassum
1375 1138 1713 1206 densumque
1750 1143 1910 1199 erat,

314 1224 514 1279 tiniicze
546 1227 785 1294 pi-lliccze
836 1226 1000 1280 fuerit
1039 1227 1394 1296 appellatum.

391 1308 545 1374 Unda
585 1320 865 1385 sumpserit
907 1317 1045 1372 Deus
1068 1319 1362 1386 primorum
1393 1324 1677 1388 parentant
1703 1328 1890 1373 vestes.

315 1439 383 1450 —
405 1409 480 1463 De
506 1412 697 1475 tertio,
728 1413 872 1467 unde
901 1411 1105 1465 fuerint
1139 1413 1339 1466 tunica:
1386 1413 1493 1466 illae
1539 1420 1891 1481 comparata,

316 1497 616 1569 Gregorius
652 1491 983 1571 Theologus,
1030 1512 1237 1557 etcum
1277 1518 1346 1556 eu
1379 1503 1471 1557 alii
1504 1504 1596 1572 qui
1632 1504 1892 1557 arborum

315 1597 549 1646 cortices
587 1591 758 1647 luisse
813 1594 1042 1660 volunt;
1076 1593 1304 1650 arbores
1358 1593 1698 1663 deglubiisse
1748 1591 1892 1648 Ada-

315 1702 467 1740 utum
497 1695 554 1740 et
578 1681 742 1738 Eram
779 1684 968 1740 dicunt
1002 1702 1018 1740 :
1051 1696 1309 1740 caeterum
1335 1683 1542 1741 Moscm
1575 1687 1697 1741 ideo
1720 1685 1895 1740 factas

313 1794 438 1832 esse
460 1792 493 1830 a
523 1771 637 1832 Deo
661 1776 870 1842 dicere,
893 1778 1018 1846 quia
1051 1779 1135 1832 hic
1160 1777 1269 1832 illis
1307 1779 1360 1833 in
1394 1790 1632 1832 mentem
1665 1777 1893 1836 immisit

317 1884 375 1927 ut
413 1877 676 1926 arborum
730 1872 1030 1950 corticibus
1070 1884 1132 1926 se
1166 1871 1456 1926 vestirent.
1496 1870 1565 1924 At
1593 1870 1894 1942 Gregorius

316 1963 614 2036 Nysstuuus
642 1974 696 2020 et
725 1963 1061 2020 Philoxenus
1082 2003 1098 2028 ,
1129 1979 1364 2036 quorum
1418 1964 1756 2019 sententiam
1783 1978 1894 2018 nu-

315 2073 409 2126 per
445 2057 836 2122 recitarimus,
889 2058 1043 2110 aiunt
1093 2072 1156 2109 ea
1205 2055 1347 2112 mala
1395 2056 1606 2125 primos
1637 2064 1892 2126 parentes

315 2153 468 2218 (quia
518 2149 751 2220 peccati,
814 2163 844 2202 a
901 2147 1010 2202 Deo
1041 2147 1292 2203 damnati
1317 2149 1524 2218 essent)
1588 2147 1896 2213 invasisse;

316 2239 488 2313 idque
543 2257 666 2298 esse
721 2241 864 2312 quod
921 2240 1099 2298 Moses
1147 2240 1361 2305 scribit,
1421 2240 1588 2294 Deum
1653 2240 1899 2297 induisse

314 2337 439 2390 illos
460 2351 558 2389 eas
588 2335 825 2389 tunicas.
859 2332 1109 2403 Denique
1144 2335 1483 2390 Athanasius
1537 2342 1594 2388 et
1629 2335 1896 2393 dominus

315 2427 587 2498 Ephrem,
626 2427 721 2499 qui
756 2425 1078 2481 animalium
1132 2419 1304 2500 pelles
1359 2427 1531 2482 fuisse
1581 2437 1894 2494 autumant,

314 2515 527 2584 dicunt,
574 2517 827 2572 mactatis
867 2534 962 2574 eas
1010 2519 1310 2589 pecudibus
1340 2519 1646 2573 detraxisse
1688 2520 1897 2590 primos

316 2622 577 2686 parentes
632 2622 799 2682 atque
843 2613 1204 2668 concinnasse
1253 2613 1308 2667 iu
1351 2622 1557 2666 restem
1592 2612 1685 2667 Dei
1739 2621 1898 2669 nutu.

318 2707 604 2761 Postremo
627 2702 880 2758 dominus
910 2701 1151 2758 Iacobus
1182 2699 1514 2774 Sarugensis
1541 2703 1694 2766 dicit,
1725 2702 1897 2758 Deum

315 2814 382 2857 ea
409 2797 731 2852 indumenta
771 2813 838 2850 ex
887 2796 1061 2850 nihilo
1091 2796 1391 2851 creavisse.
1437 2797 1640 2852 Scribit
1664 2798 1811 2866 enim
1841 2797 1896 2853 in

318 2892 437 2947 hzec
481 2888 644 2945 verba
675 2887 1010 2944 :Contcxuit
1040 2888 1254 2944 tunicas
1279 2905 1344 2944 ex
1382 2889 1575 2952 nihilo,
1599 2899 1655 2944 et
1678 2888 1913 2946 vestivit.

318 2987 489 3049 ipsos.
514 2978 580 3039 Et
602 2999 790 3038 rursus
818 2979 1011 3050 :Quia,
1037 2982 1234 3052 inquit,
1261 2991 1405 3036 tactu
1438 2982 1602 3037 rudes
1624 2990 1678 3038 et
1699 2997 1900 3039 crassae

1993 489 2294 557 appellatas
2325 504 2448 541 rese
2474 503 2501 539 a
2537 486 2702 548 bitiae,
2732 489 3021 542 chuliuitas
3058 487 3194 550 (Eli),
3238 489 3363 557 quia
3390 490 3564 560 ipsius

1994 590 2173 642 aetate,
2208 580 2308 633 hoc
2353 580 2616 633 vocabulo
2661 580 2942 633 hominum
2997 579 3235 632 amicula
3287 579 3566 649 signiﬁca.

1993 675 2220 736 bantur,
2253 681 2314 728 ut
2365 673 2547 728 videre
2574 682 2661 727 est
2709 673 2774 725 de
2814 682 2965 726 vaste
2998 669 3126 730 Joh.
3163 672 3390 740 Jusepb,
3420 673 3566 726 Tha--

2005 779 2144 825 mar,
2169 762 2405 831 denique
2440 763 2650 815 Domini
2686 761 2858 816 nostri
2891 761 3020 817 Jesu
3049 761 3287 827 Christi;
3323 777 3458 817 usus
3485 775 3567 816 est

1997 856 2160 924 igitur
2194 854 2277 908 sui
2312 853 2499 908 saeculi
2544 851 2810 907 vocabulo
2841 851 3039 905 Moses.
3073 852 3337 918 Quintum
3367 869 3433 907 ac
3465 869 3564 922 po-

1997 961 2261 1004 strcmum
2306 956 2445 1012 erat,
2492 962 2589 1002 cur
2619 962 2756 1015 opus
2808 945 2978 1002 fuerit
3026 947 3352 1002 mortalibus
3387 959 3563 1007 veste.

1996 1041 2088 1096 hic
2114 1041 2373 1103 dicimus,
2404 1049 2464 1094 ut
2493 1041 2812 1109 augustiore
2847 1049 3012 1107 atque
3054 1038 3391 1107 elegantiora
3417 1039 3570 1094 cultu

1994 1144 2197 1194 essent.
2225 1149 2400 1204 eoque
2427 1149 2456 1187 a
2489 1134 2664 1190 brutis
2701 1135 3076 1189 animantibus
3097 1134 3416 1198 differrent;
3450 1145 3570 1189 tum

1994 1229 2160 1280 etiam
2193 1236 2251 1280 ut
2271 1228 2466 1280 armati
2497 1234 2682 1281 essent
2709 1225 2976 1281 adversus
3008 1227 3236 1296 frigora,
3255 1235 3308 1280 et
3335 1237 3565 1289 aestum;

1994 1319 2207 1383 adbmc,
2267 1328 2326 1374 ut
2378 1319 2611 1372 laterent
2664 1317 2911 1373 libidinis
2969 1319 3336 1373 irritamenta.
3372 1316 3438 1372 Et
3491 1320 3574 1374 ait

2000 1411 2253 1465 Dominus
2285 1410 2427 1466 Deus
2462 1430 2477 1465 ι
2505 1409 2587 1464 En
2623 1410 2794 1465 Adam
2826 1411 3003 1480 {actus
3027 1421 3104 1465 est
3129 1420 3186 1465 ut
3211 1427 3346 1466 unus
3367 1428 3394 1466 θ
3416 1412 3568 1466 nobis

1993 1507 2048 1560 in
2075 1507 2429 1574 cognoscendo
2452 1504 2586 1558 bona
2606 1514 2656 1557 et
2681 1503 2846 1558 muto.
2872 1501 3241 1572 Contemptim
3276 1507 3332 1558 et
3364 1504 3575 1560 ironico

1995 1596 2111 1652 hac
2140 1613 2169 1652 a
2203 1596 2315 1653 Deo
2338 1597 2598 1650 dicuntur
2622 1596 2692 1652 de
2711 1595 2920 1650 Adamn
2944 1598 3040 1666 qui
3065 1598 3330 1653 daemonis
3359 1597 3571 1653 fallaci-

1997 1689 2100 1744 bus
2123 1688 2307 1742 verbis
2348 1688 2672 1743 auscultans
2706 1701 2901 1759 captus
2948 1686 3162 1756 iuerat;
3200 1691 3345 1745 sicut
3406 1689 3574 1744 Darid

1996 1777 2208 1835 inducit
2237 1777 2403 1832 Deum
2445 1777 2836 1846 despicientem
2873 1787 3063 1845 gentes
3112 1791 3232 1844 qua:
3282 1775 3574 1831 adversum

2001 1886 2062 1928 se
2120 1870 2539 1926 insurrexerunt
2583 1885 2598 1923 :
2636 1868 2742 1934 Qui
2769 1869 2935 1932 sedet,
2973 1869 3269 1936 inquiens,
3319 1870 3374 1922 iu
3428 1867 3576 1922 ralis

1994 1962 2274 2025 deridebit,
2296 1970 2345 2016 et
2382 1959 2641 2014 Dominus
2660 1958 2848 2014 illudut
2874 1961 3006 2030 ipsis
3030 1959 3101 2012 ⁷⁸.
3141 1959 3275 2013 Nam
3314 1974 3410 2029 per
3450 1959 3577 2013 illu-

1995 2057 2250 2122 sionem,
2323 2065 2488 2125 atque
2555 2053 2860 2119 deridens,
2922 2054 3002 2106 ait
3038 2052 3310 2109 accidisse
3366 2053 3577 2107 Adamo

1996 2148 2262 2221 quidquid
2296 2145 2529 2202 Satanas
2564 2146 2670 2216 ipsi
2702 2147 3031 2212 promiserat
3061 2163 3074 2199 :
3106 2156 3162 2200 ut
3207 2146 3301 2215 qui
3346 2147 3458 2216 jam
3492 2145 3574 2199 si-

1996 2244 2142 2299 milis
2169 2244 2397 2298 deorum
2430 2241 2672 2308 cuipiam
2715 2239 2899 2295 factus
2931 2239 3041 2304 sit;
3073 2239 3289 2294 scilicet
3318 2237 3413 2308 qui
3454 2252 3580 2309 quas

1997 2340 2140 2396 bona
2184 2338 2433 2406 malaque
2450 2346 2601 2398 sunt,
2624 2336 2840 2404 cognita
2871 2333 3087 2389 habeat.
3110 2332 3381 2386 leerum
3418 2347 3583 2387 usur-

1999 2441 2090 2504 pat
2108 2431 2374 2502 pluralem
2411 2440 2723 2488 numerum,
2754 2437 2808 2480 ut
2850 2442 2988 2482 unus
3020 2441 3046 2479 ε
3091 2425 3264 2490 nobis,
3298 2426 3578 2492 inquiens,

1999 2527 2121 2580 sive
2170 2531 2394 2592 propter
2425 2520 2713 2575 Trinitatis
2765 2526 3174 2575 sacrosanctum
3231 2517 3570 2588 mysterium,

1998 2619 2116 2675 sive
2143 2618 2274 2686 quia
2298 2616 2551 2670 diabolus
2587 2615 2776 2669 itidem
2814 2612 3009 2682 plurali
3045 2628 3277 2667 numero
3306 2612 3521 2666 dixerat
3550 2623 3565 2660 :

2001 2711 2168 2767 Erilis
2193 2711 2331 2764 sicut
2355 2709 2459 2773 dii,
2489 2711 2711 2762 scientes
2731 2709 2853 2761 boui
2883 2716 2933 2761 et
2963 2708 3113 2760 mali.
3151 2705 3388 2760 Possunt
3412 2706 3578 2759 etiam

2000 2806 2117 2860 haec
2165 2804 2327 2857 verba
2377 2817 2477 2872 pro
2517 2817 2582 2856 eo
2615 2800 3023 2855 consuetudine
3053 2800 3196 2852 dicta
3233 2797 3434 2867 accipi.
3466 2808 3579 2863 qua

1997 2899 2179 2957 solent
2205 2895 2453 2952 homines
2481 2893 2694 2950 domini
2724 2909 2916 2948 servos
2957 2907 3090 2948 suos
3121 2909 3169 2947 at
3189 2893 3320 2947 erbe
3353 2891 3577 2960 alloqui,

1998 2993 2048 3048 si
2082 2989 2309 3062 quando
2325 2999 2684 3051 contumaces
2713 2986 2965 3044 conferre
2995 3003 3056 3042 se
3085 3001 3180 3057 per
3217 2987 3582 3040 temeritatem

318 3086 498 3141 erant,
535 3075 828 3148 appellarit
855 3075 1056 3148 pelles;
1093 3079 1329 3130 attexuit
1369 3083 1550 3129 autem
1585 3075 1733 3143 ipsas
1757 3091 1895 3148 pau—

2003 3101 2125 3142 cum
2169 3085 2302 3154 ipsis
2337 3085 2564 3138 audent.
2619 3082 2816 3137 [licunt
2843 3080 2992 3137 enim
3028 3099 3043 3136 ι
3074 3082 3152 3134 lin
3177 3080 3291 3148 jam
3324 3077 3456 3132 mihi
3484 3090 3583 3145 par

320 3169 473 3227 latini
509 3169 833 3240 corporibus
865 3169 1131 3241 ipsorum,
1163 3183 1267 3223 suo
1313 3178 1446 3222 nutu
1474 3178 1639 3237 atque
1667 3167 1739 3221 ita
1765 3167 1895 3222 dum

321 3280 430 3317 non
478 3264 725 3316 sentiunt
767 3261 1069 3316 induuntur
1115 3259 1339 3324 tunicis,
1374 3261 1470 3316 sed
1519 3276 1614 3315 eas
1644 3259 1757 3329 jam
1805 3276 1900 3314 ve-

322 3353 435 3407 stiti
471 3349 655 3405 rident
715 3346 955 3406 tandem.
1014 3343 1186 3406 Porro
1238 3366 1338 3406 nos
1379 3366 1517 3404 .cum
1579 3351 1900 3414 Athanasio,

324 3457 491 3516 atque
523 3443 751 3498 domino
790 3435 1026 3513 Ephrem
1056 3457 1347 3498 censemus
1378 3444 1696 3498 animalium
1730 3443 1902 3515 pelles

326 3537 520 3595 fuisse.
558 3535 619 3593 Si
650 3551 779 3591 vero
809 3537 860 3591 id
911 3533 1239 3607 redarguere
1292 3537 1416 3608 quis
1472 3544 1726 3602 conetur,
1774 3536 1903 3605 quia

329 3632 541 3687 nullum
576 3627 783 3685 animal
831 3629 1070 3702 iugulari
1130 3629 1310 3684 adhuc
1340 3630 1599 3700 potuerit,
1627 3630 1845 3700 quando
1873 3645 1907 3685 ο

327 3721 560 3797 singulis
588 3715 882 3792 generibus
934 3736 1033 3794 par
1077 3724 1298 3777 unicum
1352 3723 1635 3777 conditum
1694 3721 1900 3787 fuerat,

328 3809 506 3889 eoque
534 3814 656 3873 sine
702 3815 918 3884 generis
952 3816 1116 3870 unius
1151 3815 1376 3871 interitu
1432 3814 1637 3868 utillum
1702 3814 1904 3868 aniu'tal

333 3917 630 3964 mactatum
673 3905 900 3972 fuisset;
939 3921 1201 3977 negamus
1230 3908 1454 3962 unicum
1499 3908 1766 3962 duntaxat
1809 3923 1907 3978 par

337 3999 752 4056 inanimalium
797 4000 1092 4069 generibus
1137 4000 1371 4070 singulis
1423 3999 1592 4056 fuisse
1626 4001 1906 4066 ellectum,

331 4110 509 4165 neque
532 4083 680 4148 enim
715 4093 818 4149 hoc
857 4079 1032 4149 sacris
1063 4093 1284 4149 Litteris
1309 4096 1580 4165 proditum
1599 4105 1700 4151 est.
1721 4094 1910 4149 Enim-

332 4203 463 4243 vero
506 4186 647 4242 Deus
669 4187 762 4256 qui
810 4187 1060 4259 permisit
1092 4187 1289 4242 Adami
1321 4188 1553 4242 arbitrio
1589 4197 1650 4242 ut
1680 4202 1911 4258 peccare

334 4289 546 4353 posset,
597 4294 842 4349 opusque
897 4281 1120 4335 haberet
1191 4279 1514 4336 indumento
1547 4319 1567 4346 ,
1634 4287 1912 4334 creaverat

331 4373 622 4445 complura
649 4361 902 4429 animalia
929 4390 947 4440 ;
979 4388 1213 4444 cumque
1250 4373 1344 4453 ille
1380 4373 1577 4427 violata
1629 4372 1749 4443 lege
1778 4388 1907 4445 pec-

2003 3175 2248 3236 erasisti.
2284 3176 2593 3231 Adversum
2639 3175 2790 3230 enim
2822 3173 2976 3242 jussu
3019 3172 3297 3227 ell‘ectoris
3353 3171 3438 3227 sui
3488 3169 3581 3223 Dei

2002 3273 2246 3326 Adamus
2280 3269 2506 3330 iecerat,
2536 3268 2932 3338 cupiveratque
2963 3267 3038 3320 illi
3068 3265 3295 3337 :equalis
3313 3265 3582 3320 ‘evadere.

2004 3363 2133 3422 Tale
2163 3365 2325 3420 etiam
2365 3362 2495 3417 illud
2532 3361 2738 3416 Christi
2759 3370 2848 3416 est
2875 3361 2943 3414 ad
2969 3358 3164 3415 Judam
3200 3360 3537 3429 proditorem
3558 3373 3576 3410 :

2005 3457 2170 3528 Cujus
2202 3463 2276 3510 rei
2300 3471 2466 3511 causa
2489 3457 2695 3518 venisti,
2724 3454 2863 3508 socie
2898 3455 2969 3507 mi
2989 3455 3074 3507 "‘l
3104 3451 3338 3506 Possunt
3366 3457 3588 3520 prater-

2005 3565 2068 3606 ea
2098 3551 2152 3605 in
2187 3548 2331 3605 banc
2388 3560 2609 3618 quoque
2646 3545 3337 3617 interpretatisententiam
3375 3543 3584 3596 :Adam

2007 3652 2294 3715 postquam
2318 3639 2434 3696 edit
2451 3641 2519 3696 de
2549 3639 2749 3695 arbore
2783 3641 2972 3704 vetita,
3005 3637 3121 3704 ipsa
3142 3636 3219 3692 rei
3246 3631 3584 3706 experientia

2005 3735 2197 3790 didicit
2245 3731 2378 3803 quid
2438 3731 2640 3786 bonum
2670 3739 2816 3786 esset
2846 3739 2901 3786 et
2937 3729 3068 3798 quid
3105 3729 3332 3790 malum,
3359 3726 3503 3780 sicut
3531 3731 3588 3778 et

2011 3826 2154 3880 Deus
2202 3824 2290 3878 illa
2320 3823 2536 3893 cegnita
2575 3823 2777 3886 habet;
2840 3836 2946 3874 non
2977 3821 3203 3891 quidem
3237 3820 3327 3874 hic
3361 3831 3457 3887 per
3486 3831 3586 3870 ex.

2011 3918 2360 3988 perientiam,
2405 3915 2499 3970 sed
2542 3923 2599 3968 ut
2629 3915 2678 3970 is
2711 3916 2803 3982 qui
2848 3915 3029 3966 omnia
3060 3913 3249 3975 novit,
3281 3908 3578 3979 praeterita,

2011 4009 2320 4082 pnesentia,
2381 4007 2584 4062 futura.
2633 4009 2874 4060 Atlamus
2903 4005 3049 4058 enim
3101 4003 3420 4073 priusquam
3472 3999 3588 4052 fru—

2010 4113 2159 4159 etum
2190 4091 2302 4173 quo
2341 4101 2445 4156 sibi
2493 4100 2845 4154 interdictum
2878 4109 3018 4162 erat,
3055 4104 3347 4160 gustasset,
3376 4106 3473 4164 per
3499 4105 3590 4146 so-

2016 4195 2129 4250 lum
2179 4193 2572 4263 cogitationem
2621 4188 2958 4258 intelligebat
3003 4188 3134 4256 quid
3184 4185 3392 4239 bonum
3417 4189 3586 4245 esset,

2014 4287 2254 4358 quidque
2307 4285 2538 4346 malum,
2572 4294 2691 4354 post
2725 4296 2854 4336 vero
2883 4294 2978 4350 per
3011 4280 3186 4349 ipsam
3221 4278 3387 4330 etiam
3419 4289 3589 4344 aspe-

2017 4379 2264 4434 rientiam
2294 4398 2308 4431 z
2340 4377 2433 4430 sed
2463 4377 2606 4430 Deus
2633 4373 2984 4428 exactissime
3031 4381 3198 4438 atque
3233 4369 3428 4421 intime
3459 4380 3584 4419 υιη-

336 4476 520 4525 cassat
567 4467 803 4524 humana
833 4481 893 4522 se
938 4467 1123 4536 specie
1164 4466 1362 4536 primis
1383 4466 1700 4537 parentibus
1724 4476 1907 4522 osten—
1933 4479 1984 4539 ι)
2016 4468 2108 4524 nla
2166 4468 2450 4532 cognoscit
2497 4482 2624 4520 cum
2679 4466 2756 4521 sit
2801 4463 3057 4517 conditor
3096 4460 3428 4527 cll'cctorque
3476 4470 3592 4508 om.

331 4562 492 4626 dens,
530 4549 722 4615 induit
744 4562 891 4630 ipsos
911 4560 1102 4634 pelles,
1140 4559 1262 4616 solo
1293 4560 1413 4635 ejus
1438 4570 1570 4615 nutu
1598 4555 1908 4631 pecudibus

331 4657 648 4722 detractas;
683 4666 848 4726 atque
875 4655 1065 4718 verbo.
1093 4653 1151 4708 in
1176 4655 1392 4710 tunicas
1418 4653 1820 4710 conformatas.
1848 4654 1916 4710 Et

340 4761 474 4804 vero
538 4747 794 4803 dominus
849 4745 1086 4819 Ephrem
1138 4745 1215 4802 ait
1278 4745 1513 4802 fortasse
1558 4761 1742 4801 coram
1806 4745 1914 4802 illis

331 4839 612 4910 jugulatas
641 4855 765 4895 esse
785 4840 1044 4911 pecudes,
1069 4849 1129 4894 ut
1160 4855 1350 4895 earum
1381 4855 1575 4894 cat-nes
1602 4839 1702 4908 ipsi
1735 4855 1916 4895 vesce-

338 4938 552 4993 rentur,
623 4930 902 4998 coriisque
967 4931 1267 4986 nuditatem
1329 4945 1484 4984 suam
1547 4930 1914 5000 cooperirent,

336 5021 574 5092 denique
603 5036 672 5077 ex
718 5024 960 5092 ips:irum
990 5035 1164 5078 morte
1193 5039 1252 5078 se
1283 5038 1501 5093 quoque
1533 5023 1788 5079 mortalia
1814 5025 1914 5081 ba-

337 5116 463 5170 bcre
495 5130 728 5186 corpora
761 5116 1144 5185 intelligerent.
1181 5116 1276 5177 Est
1304 5133 1467 5186 porro
1500 5127 1555 5172 ct
1586 5119 1688 5171 hoc
1718 5105 1912 5173 notan-

337 5207 634 5273 tlum,csse
665 5223 729 5262 es
762 5207 1117 5275 interpretum
1150 5224 1378 5264 numero
1395 5213 1486 5279 qui
1505 5210 1675 5276 dicat,
1697 5209 1823 5264 inde
1847 5209 1917 5264 ab

341 5299 552 5354 Adamo
582 5310 636 5355 et
671 5298 778 5354 Era
818 5311 1049 5355 cunctos
1093 5303 1352 5356 mortales
1381 5303 1612 5372 pellibus
1661 5286 1915 5357 artiuiano

343 5396 482 5449 tium
512 5392 738 5448 vestitos
775 5392 947 5449 fuisse
981 5393 1048 5448 ad
1085 5393 1358 5448 inventam
1387 5409 1563 5464 usque
1586 5395 1656 5450 ab
1680 5395 1916 5452 bomini~

408 5549 458 5586 "
491 5550 638 5611 Psal.
683 5570 744 5621 ιι,
783 5552 874 5611 ιο.
948 5547 996 5585 ⁸⁸
1039 5549 1230 5608 Matth.
1279 5566 1428 5619 ιιι-ι,
1467 5551 1562 5608 50.

2016 4559 2195 4612 nium.
2231 4555 2566 4626 Deniqueita
2600 4568 2897 4625 possumus
2931 4551 3237 4620 intelligere
3269 4547 3418 4602 dicta
3465 4547 3593 4608 ista,

2012 4665 2076 4704 ac
2103 4651 2148 4704 si
2185 4649 2333 4705 Deus
2381 4650 2498 4718 ipse
2546 4657 2770 4710 accuset
2805 4647 3139 4701 voluntatem
3191 4639 3593 4708 arbitriumque

2013 4743 2207 4800 Adami
2229 4741 2319 4809 qui
2351 4740 2686 4795 atlectaverit
2711 4740 2852 4792 Deus
2874 4754 3021 4802 esse,
3047 4737 3192 4805 quod
3223 4734 3335 4789 u'cti
3364 4745 3592 4807 prorsus

2017 4835 2179 4904 nequi
2192 4841 2307 4899 ret;
2340 4848 2466 4886 nam
2494 4832 2808 4886 mortalium
2844 4846 3004 4884 nemo
3034 4843 3126 4898 per
3155 4834 3336 4880 tantas
3363 4825 3593 4885 virtutes

2016 4929 2184 4981 vitam
2234 4941 2395 4998 agere
2434 4935 2641 4996 potest.
2680 4934 2741 4978 ut
2780 4923 2876 4978 Dei
2934 4932 3191 4977 naturam
3239 4926 3591 4986 assequatur.

2012 5017 2132 5074 Erit
2163 5019 2350 5086 itaque
2396 5017 2486 5072 bic
2517 5017 2810 5073 verboruin
2842 5030 3040 5069 sensus
3071 5029 3086 5065 :
3130 5012 3211 5066 Eu
3247 5011 3417 5064 Adam
3440 5006 3591 5075 cupi-

2012 5113 2088 5165 vit
2118 5111 2336 5182 (Isidem
2362 5124 2489 5166 esse
2518 5111 2695 5180 qualis
2717 5124 2860 5166 unus
2888 5119 3160 5166 uestrum.
3192 5119 3379 5158 verum
3409 5114 3587 5170 neque

2014 5204 2191 5259 lactus
2219 5215 2324 5267 est,
2370 5217 2434 5256 ac
2466 5217 2644 5272 neque
2685 5196 2851 5258 etiam
2882 5215 2940 5255 ut
2991 5203 3083 5254 liat
3129 5197 3214 5254 las
3245 5204 3348 5251 est.
3405 5194 3590 5261 Itaque

2016 5299 2147 5354 illud
2190 5317 2205 5353 :
2241 5298 2322 5351 En
2358 5299 2530 5368 {actus
2563 5308 2664 5361 est,
2722 5298 2946 5365 perinde
2991 5299 3097 5349 erit
3130 5309 3195 5348 ac
3245 5293 3290 5348 si
3347 5290 3592 5358 negati":

2013 5395 2170 5450 dicas
2205 5412 2218 5447 :
2253 5391 2373 5449 Non
2423 5403 2508 5450 est
2535 5392 2710 5448 factus
2738 5401 2798 5446 ut
2828 5405 2975 5447 unus
3003 5400 3271 5445 nostrum.
3296 5385 3592 5446 lauri-au,

413 5692 528 5765 (‘26)
555 5694 678 5779 Syri
716 5709 912 5752 vocant
951 5697 1211 5762 tunicam,
1251 5695 1911 5778 Cui/millia,abllcbruro
1975 5701 2258 5761 ruralmln,
2299 5697 2570 5766 Crtourth,
2645 5699 2757 5755 sive
2811 5698 3125 5763 tltttlauctlt,
3163 5715 3192 5755 a
3221 5715 3327 5769 quo
3352 5710 3400 5753 ct
3436 5696 3589 5752 (ira:-

337 5785 462 5826 cur:
493 5768 659 5839 χιῖῶν
695 5778 880 5823 natum
911 5780 1014 5836 cal,
1045 5778 1104 5822 ut
1135 5784 1234 5838 ι·κο
1258 5777 1405 5823 certe
1433 5768 1686 5837 conﬁcio.
