4082 6160
502 246 610 309 575

1788 249 2017 313 MOSlS
2055 254 2207 315 ΒΔΗ
2246 256 2492 318 (ΣΕΡΗΑ

3660 254 3766 319 576

495 362 744 431 fortassis
778 363 1026 418 extendat
1057 379 1269 417 manum
1298 378 1449 419 suam
1486 374 1536 419 et
1568 374 1749 420 sumat
1794 365 1860 421 de
1901 364 2092 424 arbore
2119 370 2163 432 Α
2193 378 2235 431 si
2265 377 2331 432 ad
2367 379 2616 433 arborem
2654 377 2779 433 vim
2817 377 3013 432 fuisset
3065 375 3374 437 admissus,
3416 381 3476 427 ut
3506 386 3608 427 nec
3642 372 3763 427 vitae

496 456 620 509 vita
671 465 721 510 et
746 456 863 511 edat
894 473 956 509 ac
994 458 1131 510 vivat
1161 457 1217 510 in
1244 466 1519 513 ira-ruam.
1549 456 1649 513 llic
1674 473 1840 513 causa
1871 458 2080 529 profer-

499 561 610 610 tur,
636 563 738 602 cur
770 564 878 602 non
921 550 994 603 sit
1020 550 1244 606 relictus
1272 551 1519 606 Arlatnus
1548 550 1600 604 in
1635 552 1898 621 paradiso
1925 564 2078 622 post-

497 655 662 710 quam
690 640 982 694 adversum
1000 641 1169 711 legem
1203 642 1299 696 Dei
1334 640 1576 709 fecisset,
1608 644 2076 714 deliquissetqne;

497 742 694 804 estque
747 734 837 788 hic
878 732 1101 788 collatio
1136 734 1350 789 arboris
1370 734 1496 789 vita:
1523 750 1647 790 cum
1679 736 1875 791 arbore
1899 737 2081 791 scicn-

500 826 631 895 tia;
675 826 829 896 quasi
883 826 1032 879 dicat
1086 824 1229 879 Deus
1262 842 1280 880 :
1317 826 1473 879 Sicut
1505 826 1785 896 protendit
1826 842 2080 892 manum,

501 917 850 988 sumpsitque
883 916 953 971 de
993 918 1186 971 arbore
1213 916 1461 973 scientiae
1481 926 1533 973 et
1563 921 1823 982 comedit,
1859 936 1964 991 qua
1996 920 2083 974 in.

503 1008 835 1066 terdixeram
865 1009 935 1071 ei,
965 1018 1326 1079 protensurus
1346 1019 1427 1065 est
1450 1014 2078 1084 manum,’surupturus-

498 1118 610 1173 que
638 1102 803 1157 etiam
832 1101 901 1157 de
933 1105 1132 1156 arbore
1154 1103 1276 1155 vita:
1304 1112 1470 1173 atque
1501 1119 1725 1171 esurus,
1761 1119 1827 1160 ac
1854 1105 2082 1175 proinde

503 1195 756 1249 victurus
796 1194 851 1249 in
886 1203 1209 1265 perpetuum
1240 1196 1289 1251 si
1324 1196 1380 1249 in
1408 1198 1664 1267 paradiso
1706 1198 2075 1269 relinquatur.

499 1284 636 1341 Nam
671 1286 718 1341 si
754 1287 976 1341 vetltam
1020 1287 1273 1341 arborem
1322 1297 1570 1358 tangere,
1608 1291 1866 1361 vescique
1912 1306 2081 1348 ausus

502 1390 613 1445 est,
644 1390 850 1447 quanto
887 1379 1062 1449 magis
1102 1396 1213 1434 non
1248 1380 1471 1436 vetitam
1510 1382 1850 1452 contingere,
1894 1382 2088 1439 edere-

501 1489 608 1542 que
631 1472 890 1526 audebit?
920 1470 1090 1525 Porro
1122 1472 1253 1526 illud
1288 1491 1302 1526 :
1338 1470 1422 1527 Ne
1455 1475 1728 1543 fortassis,
1781 1489 1891 1529 non
1928 1476 2080 1530 acci-

504 1566 763 1637 piendum
796 1578 880 1621 est
918 1567 1075 1636 quasi
1107 1565 1272 1620 dubie
1302 1566 1510 1621 dictum
1542 1581 1573 1621 a
1604 1566 1716 1622 Deo
1738 1582 1900 1637 quem
1945 1568 2083 1623 nihil

504 1659 753 1713 omnium
786 1658 941 1724 latet,
971 1658 1087 1713 sive
1118 1658 1477 1728 pmteritum,
1509 1660 1627 1714 sive
1665 1674 1934 1730 praesens,
1965 1660 2082 1715 sire

2179 460 2254 522 ita
2319 484 2491 535 neque
2547 469 2797 524 dolorum
2850 481 3329 536 mrumnarnmque
3384 463 3589 533 quibus
3644 464 3762 518 haec

2178 558 2375 615 fuisset
2399 560 2577 631 plena,
2599 576 2834 631 unquam
2855 562 3015 615 linem
3047 567 3338 614 assecutus
3369 555 3566 614 {uisset
3591 574 3608 622 ;
3634 556 3747 625 jam

2183 653 2333 704 enim
2376 655 2823 721 pronuntiaverat
2854 652 3020 717 Deus,
3049 666 3175 707 cum
3204 648 3488 705 doloribus
3511 651 3759 702 amicta-

2178 736 2433 806 libusque
2493 738 2644 792 illum
2681 738 2951 792 victurum
2995 753 3011 793 :
3047 749 3219 807 quare
3252 735 3298 788 si
3332 744 3533 789 eterna
3574 730 3767 787 fuisset

2177 843 2241 881 ea
2284 830 2414 890 vita.
2456 830 2691 886 fuissent
2718 839 2772 884 et
2820 828 3056 885 miserias
3087 827 3449 884 immortales.
3498 825 3762 881 Przterea

2180 921 2304 975 ideo
2340 921 2503 974 etiam
2552 921 2623 976 ab
2648 921 2848 976 arbore
2880 921 3007 975 vita:
3038 918 3191 975 illum
3242 918 3489 975 coercuit
3551 932 3620 973 ne
3664 919 3765 972 im~

2179 1012 2561 1069 mortalitatem
2596 1014 2847 1083 adeptus,
2872 1028 2966 1083 per
2991 1012 3370 1068 confidentiam
3391 1013 3622 1083 agitaret
3650 1027 3765 1067 om-

2180 1119 2303 1159 nem
2342 1104 2528 1172 vitam,
2556 1107 2649 1160 sed
2678 1106 2921 1161 animum
2948 1106 3014 1159 ad
3050 1104 3427 1175 paenitentiam
3460 1103 3763 1168 induceret,

2182 1194 2437 1265 hancque
2483 1211 2673 1250 curam
2710 1195 2935 1251 haberet
2964 1195 3140 1250 donec
3179 1195 3397 1250 tandem
3424 1194 3493 1249 de
3525 1194 3650 1248 vita:
3680 1208 3767 1248 aro

2184 1284 2321 1338 bore
2364 1294 2547 1351 posset
2577 1284 2764 1348 edere,
2795 1285 2916 1356 ipso
2947 1282 3172 1340 Christo
3213 1286 3310 1355 qui
3336 1285 3461 1340 vitae
3488 1283 3657 1340 arbor
3682 1294 3769 1339 est

2185 1378 2413 1449 mystico
2434 1393 2623 1433 sensu.
2652 1378 2894 1449 Denique
2921 1378 3094 1448 ipsius
3124 1379 3377 1451 pravitas"
3395 1387 3661 1451 perpetua
3685 1392 3771 1433 es-

2185 1477 2291 1531 set.
2326 1470 2641 1539 cnjusmodi
2672 1481 2753 1526 est
2791 1471 3017 1528 diaboli.

2255 1561 2366 1618 Cur
2398 1580 2426 1617 e
2454 1562 2709 1633 paradiso
2753 1564 2950 1633 ejecta;
2982 1566 3180 1621 Adam.
3208 1596 3279 1609 -—
3310 1565 3386 1622 De
3415 1566 3567 1623 hisce
3608 1564 3772 1635 igitur

2186 1658 2376 1714 causis
2410 1657 2720 1728 prohibitus
2750 1666 2835 1714 est
2872 1660 3042 1715 Adam
3074 1661 3145 1715 ab
3187 1660 3386 1717 arbore
3424 1660 3568 1715 vita.
3597 1660 3773 1716 Cate-

505 1749 753 1806 iuturum
778 1768 794 1806 :
824 1752 1023 1821 quippe
1044 1751 1193 1807 enim
1224 1760 1283 1805 ut
1310 1766 1425 1805 rem
1451 1752 1819 1808 certissimam
1851 1751 2086 1808 atlirmat
2118 1736 2161 1795 Β
2192 1766 2316 1805 rum
2354 1750 2474 1805 aliae
2508 1759 2656 1816 sunt,
2691 1765 2791 1806 cur
2824 1751 3084 1823 paradiso
3104 1753 3181 1808 ait
3205 1753 3541 1809 eliminatos.
3566 1749 3773 1823 Nempe

509 1854 859 1914 sumpturum
887 1844 1042 1899 illum
1076 1844 1145 1898 de
1168 1845 1369 1899 arbore
1394 1844 1541 1908 vitae,
1569 1855 2083 1916 conresturumquc,

508 1946 671 2006 atque
701 1944 965 2008 perpetuo
1016 1936 1293 1990 victurum
1337 1934 1444 1993 nisi
1490 1936 1747 2007 paradiso
1796 1935 2080 2009 ejiciatur.

508 2029 775 2085 (laterum
808 2043 1058 2099 quamam
1094 2026 1262 2082 fuerit
1290 2026 1381 2083 illa
1412 2027 1538 2083 vita
1571 2028 1757 2096 arbor,
1788 2038 1842 2085 et
1883 2044 1985 2084 cur
2020 2043 2089 2086 eo

508 2119 732 2175 nomine
767 2120 1075 2190 appellata,
1134 2126 1261 2173 ante
1330 2119 1923 2185 commemoravimus;
1991 2119 2087 2174 ubi

518 2213 654 2269 illud
688 2228 908 2284 quoque
958 2211 1202 2267 diximus
1249 2226 1359 2283 qua
1417 2211 1486 2267 de
1516 2225 1685 2267 causa
1740 2211 2084 2266 interdixerit

517 2305 663 2361 Deus
688 2307 922 2369 Adamn,
978 2305 1179 2362 arbore
1210 2305 1361 2362 vitm.
1399 2308 1470 2361 ει
1506 2304 1729 2358 immisit
1769 2305 1942 2373 ipsum
1974 2303 2086 2358 Do-

510 2401 684 2457 minus
720 2399 862 2455 Deus
892 2410 1048 2454 extra
1092 2399 1405 2469 paradisum
1451 2396 1621 2466 Eden,
1656 2405 1715 2451 ut
1758 2394 1955 2451 coleret
1986 2405 2069 2451 ter

512 2511 629 2551 rus
658 2510 725 2550 ea:
756 2510 859 2565 qua
890 2501 1135 2563 sumptus
1162 2492 1363 2563 fuerat.

583 2587 752 2643 Adam
806 2588 1004 2659 ejectus
1037 2601 1068 2640 e
1126 2586 1379 2656 paradiso
1403 2613 1466 2623 —
1501 2580 1681 2655 Supra
1726 2590 2089 2639 memoratum

514 2691 621 2750 est,
654 2679 944 2737 Dominum
984 2679 1267 2750 accepisse
1295 2678 1585 2744 Adamum,
1635 2687 1800 2748 atque
1835 2676 1888 2731 iu
1928 2690 2095 2746 para-

521 2774 703 2830 disum
738 2772 976 2835 misisse,
1024 2771 1113 2826 hic
1164 2782 1297 2825 vero
1351 2768 1608 2824 emisisse
1655 2777 1909 2823 narratur
1943 2778 2097 2822 extra

520 2862 1071 2937 paradisum:quasi
1091 2860 1257 2925 dicat,
1306 2874 1431 2915 eum
1465 2857 1700 2929 quodam
1746 2857 1949 2927 impetu
2000 2857 2101 2914 abs

516 2972 579 3013 ac
615 2953 918 3025 propulisse
966 2963 1134 3022 atque
1157 2952 1501 3019 eliminassc,
1566 2967 1746 3021 neque
1776 2951 2098 3007 comitatum

519 3062 647 3104 esse
710 3047 1028 3107 abeuntem.
1074 3045 1275 3116 quippe
1312 3058 1378 3099 ex
1436 3043 1838 3109 iucundissima
1895 3043 2098 3116 quiete,

2184 1857 2402 1913 equum
2439 1857 2545 1897 non
2572 1851 2689 1897 erat
2711 1842 2962 1899 utlocum
2980 1844 3256 1902 obtineret
3281 1860 3525 1911 sacrum,
3554 1854 3771 1916 postea-

2184 1952 2348 2010 quam
2389 1936 2540 1992 illum
2591 1936 2707 2009 lege
2754 1936 2977 2003 violata,
3034 1953 3134 2009 per
3177 1949 3461 2009 peccatum
3487 1938 3773 2010 profanas—

2187 2038 2293 2093 set,
2332 2038 2385 2084 ct
2433 2038 2553 2084 erat
2583 2028 2712 2084 illud
2738 2039 2947 2085 tantum
2997 2029 3280 2094 delictum,
3336 2031 3440 2087 hoc
3465 2032 3662 2087 exsilio
3693 2030 3783 2087 di-

2190 2136 2388 2193 gnum.
2418 2121 2686 2178 Prteterca
2749 2121 3083 2177 erudiendus
3140 2130 3281 2189 erat,
3349 2136 3635 2194 perperam
3694 2136 3779 2187 se,

2189 2214 2522 2284 contemptis
2579 2213 2673 2268 Dei
2754 2213 2950 2283 jussis,
2989 2215 3313 2271 obsecutum
3372 2229 3493 2270 esse
3548 2212 3784 2269 Consilio

2194 2306 2533 2363 t‘raudulenti
2567 2308 2763 2372 hostis,
2798 2315 2965 2376 atque
3008 2308 3187 2363 edisse
3220 2307 3288 2363 de
3347 2307 3510 2361 vetita
3564 2306 3781 2362 arbore.

2190 2398 2418 2470 Insuper
2471 2398 2601 2454 dum
2648 2398 2739 2454 ille
2764 2399 3005 2469 ejicitur,
3046 2398 3272 2454 verbum
3327 2397 3418 2455 Dei
3453 2409 3629 2455 ratum
3698 2400 3782 2463 lit,

2191 2507 2303 2564 quo
2333 2492 2657 2564 prmdixerat
2685 2493 2863 2565 ipsum
2890 2508 2956 2549 ea
3014 2495 3100 2550 die
3153 2493 3479 2549 moriturum
3512 2509 3620 2565 qua
3654 2494 3789 2550 edc-

2194 2595 2281 2641 ret
2307 2584 2376 2639 de
2404 2584 2602 2640 arbore
2653 2584 2934 2654 scientiae;
2979 2593 3180 2643 contra
3221 2600 3351 2641 vero
3384 2585 3650 2642 mendacii
3696 2602 3789 2641 ar-

2204 2678 2392 2747 guitur
2436 2678 2649 2733 da‘mon
2683 2678 2777 2749 qui
2804 2694 2955 2750 spem
2991 2678 3069 2734 illi
3101 2687 3267 2750 atque
3295 2677 3553 2735 ﬁduciam
3582 2678 3789 2735 fecerat

2198 2772 2315 2827 tore
2358 2780 2419 2827 ut
2447 2771 2589 2829 Deus
2636 2771 2894 2828 evaderet
2924 2772 2969 2829 si
3002 2783 3354 2838 vesceretnr;
3423 2773 3627 2844 quippe
3675 2789 3788 2827 non

2200 2865 2365 2920 modo
2394 2880 2504 2920 non
2549 2868 2722 2921 evasit
2745 2865 2799 2921 in
2833 2864 3026 2932 Deum,
3056 2866 3153 2921 sed
3182 2866 3301 2934 ipso
3336 2865 3502 2920 etiam
3537 2865 3794 2935 paradiso

2202 2954 2441 3009 extorris
2474 2954 2652 3009 iactus
2681 2964 2787 3010 est.
2829 2954 3054 3022 Adhme,
3090 2955 3138 3011 si
3169 2956 3221 3008 in
3263 2955 3519 3024 paradiso
3551 2960 3795 3010 mansis-

2206 3056 2287 3103 set
2346 3057 2659 3117 suspectum
2693 3046 2945 3106 fortassis
3000 3050 3218 3105 invidiae
3254 3049 3425 3104 Deum
3490 3049 3793 3117 habuisset,

517 3140 702 3212 qualis
728 3140 869 3196 intra
900 3140 1211 3210 paradisum
1226 3138 1431 3208 'Juerat
1472 3138 1802 3193 amandabat
1825 3137 2004 3206 ipsum
2036 3136 2103 3192 ad
2134 3136 2174 3149 "
2205 3140 2299 3211 qui
2354 3140 2456 3195 sibi
2518 3140 2641 3196 vita
2690 3141 2902 3197 art-oris
2947 3157 3072 3197 esca
3108 3142 3492 3198 interdixisset.
3546 3139 3795 3213 Denique

521 3232 812 3289 colendam
833 3243 1058 3297 terram,
1114 3245 1365 3300 asperam
1414 3244 1546 3284 sane
1577 3243 1641 3284 ac
1672 3228 1942 3285 diliicilcm
1976 3244 2107 3299 ope-

527 3341 675 3389 ram,
719 3334 781 3380 ut
825 3339 947 3395 qua:
980 3338 1212 3393 prorsus
1255 3320 1404 3377 onmi
1443 3320 1555 3374 otio
1575 3336 1639 3377 ac
1662 3322 1855 3391 requie
1902 3331 2107 3377 careat.

529 3416 694 3473 Addit
732 3430 897 3486 porro
934 3433 949 3469 :
991 3414 1075 3470 Ea:
1118 3432 1222 3485 qua
1251 3426 1495 3485 sumptus
1542 3415 1741 3484 fuerat,
1787 3413 1916 3483 quia
1957 3413 2109 3467 duca

532 3520 675 3564 terra
700 3509 768 3563 ad
798 3524 961 3579 quam
984 3510 1345 3564 exercendum
1378 3510 1675 3565 remittitur
1706 3515 1965 3578 acceptus
1989 3504 2109 3560 fuc-

533 3607 616 3652 rat
654 3597 833 3669 pultis
862 3598 1115 3668 tingendo
1140 3598 1646 3666 coniormandoque
1690 3596 1822 3650 Διιω
1870 3594 2108 3663 corpori,

532 3699 592 3741 ut
620 3694 747 3741 ante
774 3694 858 3741 est
890 3695 1254 3743 memoratum
1286 3687 1371 3742 bis
1400 3686 1579 3741 verbis
1612 3684 1705 3739 :Et
1737 3684 1895 3755 finxit
1928 3682 2112 3739 Domi-

532 3796 631 3834 nus
658 3777 802 3834 Deus
825 3778 1097 3834 Adamum
1146 3780 1409 3850 puluerem
1430 3779 1495 3833 de
1536 3786 1700 3833 terra.
1734 3780 1811 3832 Ac
1864 3790 2058 3831 rursus
2093 3794 2109 3831 :

538 3873 713 3927 Donec
738 3884 995 3928 revertare
1027 3876 1080 3927 in
1105 3883 1301 3927 terram
1327 3873 1394 3926 de
1412 3890 1521 3945 qua
1552 3882 1791 3944 sumplus
1816 3888 1891 3927 es.
1912 3869 1981 3925 Et
2011 3869 2111 3925 cli—

535 3964 751 4019 miuaut't
780 3965 949 4033 ipsum
978 3965 1237 4020 Dominus
1271 3962 1408 4019 Deus
1435 3983 1447 4019 :
1476 3964 1737 4019 nimirum
1765 3972 1916 4019 extra
1950 3976 2114 4033 para-

540 4058 746 4121 disntn,
770 4072 933 4127 quem
968 4056 1169 4129 alioqui
1200 4057 1344 4113 illius
1368 4055 1676 4113 oblcctandi
1711 4054 1884 4125 gratia
1926 4052 2119 4109 condi-

542 4148 1069 4206 derat.Existimant
1098 4150 1373 4214 nonnulli,
1413 4148 1607 4214 Deum,
1656 4150 1806 4220 quod
1846 4149 2116 4204 Adamum

2208 3235 2334 3287 dum
2366 3236 2546 3289 solum
2578 3232 2760 3297 vertit,
2806 3231 3065 3303 intelligit
3094 3232 3311 3288 tandem
3343 3235 3397 3288 in
3434 3242 3637 3303 quanta
3670 3232 3797 3288 teli.

2208 3327 2377 3382 cilate
2408 3335 2656 3383 versatus
2688 3327 2759 3382 sit
2799 3326 3117 3396 priusquam
3163 3337 3448 3397 peccaret;
3494 3337 3551 3384 et
3598 3342 3796 3382 rursus

2210 3421 2266 3474 iu
2300 3434 2463 3488 quam
2493 3420 2694 3474 multas
2731 3419 2987 3475 miserias
3027 3419 3395 3488 praecipitatus
3424 3420 3518 3485 sit,
3560 3435 3628 3475 eo
3648 3418 3795 3489 quod

2209 3512 2496 3567 adversum
2533 3510 2623 3564 Dei
2650 3511 2821 3579 legem
2872 3507 3083 3563 fecerit.
3128 3509 3416 3565 Postremo
3463 3509 3670 3564 idcirco
3712 3518 3799 3564 est

2210 3604 2466 3673 paradiso
2495 3603 2725 3673 ejectus,
2786 3611 2846 3657 ut
2893 3612 3180 3672 peccatum
3239 3615 3402 3658 suum
3455 3610 3795 3671 agnosceret,

2212 3694 2568 3763 sedulamque
2622 3709 2841 3764 operam
2879 3694 3209 3764 pmnitentim
3248 3693 3422 3757 daret.
3460 3700 3515 3748 ct
3568 3693 3797 3763 supplex

2214 3803 2244 3843 a
2274 3788 2385 3844 Deo
2420 3787 2796 3853 contenderet,
2842 3795 2905 3842 ut
2943 3801 3003 3843 se
3043 3786 3097 3841 in
3139 3787 3428 3857 pristinum
3470 3787 3785 3841 restitueret

2215 3882 2416 3936 locum.
2459 3878 2763 3936 Conﬁcitur
2807 3879 2991 3949 itaque
3023 3893 3091 3934 ex
3130 3878 3215 3932 his
3249 3892 3371 3947 qua!
3399 3876 3513 3948 jam
3553 3891 3798 3933 enorme—

2218 3972 2578 4037 moravimus,
2616 3984 2962 4041 nequaquam
2998 3984 3094 4041 per
3123 3968 3259 4025 iram
3285 3969 3618 4041 prohibitum
3649 3969 3805 4023 illum

2216 4082 2247 4121 a
2280 4065 2390 4121 Deo
2421 4081 2543 4121 esse
2573 4064 2643 4119 ab
2666 4064 2863 4119 arbore
2894 4063 3017 4119 vita:
3044 4076 3221 4135 neque
3260 4062 3514 4133 paradiso
3548 4061 3803 4131 ejectum,

2218 4159 2303 4214 vel
2350 4156 2510 4213 morti
2548 4156 2710 4212 etiam
2743 4154 3062 4221 addictum;
3102 4156 3200 4213 sed
3237 4168 3304 4208 ex
3333 4168 3484 4209 mera
3519 4153 3609 4209 Dei
3641 4153 3805 4209 misc-

545 4242 868 4312 prohibuita
903 4244 1172 4314 gestanda
1202 4243 1325 4299 vita:
1354 4242 1554 4298 arbore
1575 4253 1628 4297 et
1650 4242 1907 4312 paradiso
1932 4240 2092 4310 ejccit

2220 4251 2477 4313 ricordia.
2501 4258 2557 4306 et
2588 4248 2822 4305 sollicita
2869 4248 2990 4318 ejus
3021 4262 3172 4304 cura.
3203 4246 3310 4303 Sed
3340 4248 3486 4302 enim
3518 4246 3629 4302 sint
3668 4246 3804 4310 hzec,

551 4335 792 4405 denique
820 4337 964 4406 quod
1000 4336 1161 4390 morti
1194 4335 1423 4400 addixit,
1450 4335 1651 4390 iratum
1674 4334 1904 4391 fecisse:
1933 4348 2118 4388 verum
2220 4346 2363 4401 dicer
2393 4342 2617 4413 aliquis,
2648 4343 2721 4396 ita
2753 4356 2881 4398 cum
2924 4340 3135 4397 Adamo
3177 4348 3299 4397 acu
3332 4340 3404 4396 ab
3431 4339 3555 4411 ipso
3589 4337 3720 4401 Deo,
3747 4348 3809 4393 ut

548 4450 651 4487 nos
678 4444 867 4490 contra
898 4446 991 4502 per
1023 4428 1116 4485 Dei
1146 4430 1576 4487 miscricordiam
1611 4438 1775 4501 atque
1807 4442 1995 4484 curam
2029 4426 2121 4481 illa
2154 4439 2198 4496 ι)
2225 4438 2303 4493 mi
2344 4433 2697 4507 prodessent;
2732 4441 2789 4488 at
2833 4432 3072 4495 labores,
3135 4430 3373 4497 dolores,
3412 4431 3585 4488 sudor
3628 4428 3807 4495 (aciei,

546 4528 689 4581 lucta
718 4542 840 4583 esse
861 4526 1126 4593 dicimus;
1162 4525 1412 4595 quamvis
1438 4525 1585 4581 enim
1611 4522 1887 4579 contraria
1910 4522 2131 4578 interse
2232 4526 2289 4582 in
2337 4538 2460 4596 qua
2496 4522 2638 4579 mala
2665 4522 2818 4578 illum
2846 4521 3082 4592 conjecit
3110 4520 3362 4591 paradiso
3408 4521 3647 4593 pulsum,
3670 4535 3811 4591 quas

549 4615 858 4682 rideantur,
884 4615 1151 4673 inducere
1172 4616 1227 4671 in
1253 4615 1567 4681 paradisum
1608 4623 1666 4672 et
1687 4615 1909 4687 ejicere.
1930 4623 2116 4671 nmen
2219 4617 2439 4677 tandem
2454 4610 3433 4681 commoditates,utilitatesveaderre
3454 4610 3533 4669 illi
3549 4615 3814 4684 potuere?

550 4720 847 4781 utrumque
887 4709 1046 4781 juxta
1075 4710 1272 4767 divinae
1314 4708 1622 4767 clementia:
1660 4722 1800 4780 Opus
1850 4716 1905 4764 et
1931 4721 2119 4764 curam
2227 4708 2665 4781 Respondemus,
2711 4704 2884 4763 Deum
2923 4721 3032 4761 nou
3069 4702 3275 4759 frustra
3311 4705 3551 4774 quietem
3585 4702 3663 4758 illi
3689 4703 3813 4758 ιιυι.

555 4818 719 4871 quant
754 4816 882 4872 erga
928 4819 1101 4873 genus
1128 4803 1428 4863 humanum
1460 4802 1681 4874 gerebat
1709 4799 1899 4867 tuisse,
1932 4815 1998 4856 ex
2037 4798 2125 4856 his
2229 4803 2338 4859 lam
2381 4800 2746 4865 concessisse,
2772 4806 2831 4854 ut
2864 4806 2947 4855 est
2982 4798 3282 4853 humanum
3336 4793 3645 4865 ingenium;
3683 4809 3811 4850 nam

552 4905 860 4961 cognoscas
889 4893 1015 4951 licet
1042 4911 1057 4961 ;
1098 4894 1305 4951 idcirco
1329 4893 1475 4949 enim
1504 4892 1814 4964 prohibitus
1840 4902 1927 4948 est
1955 4888 2025 4944 ab
2040 4902 2092 4945 at

2232 4898 2281 4954 si
2320 4896 2485 4951 tantis
2524 4891 2870 4951 condemnati
2905 4890 3066 4947 malis
3089 4904 3198 4943 non
3230 4887 3531 4944 desinimus
3562 4901 3813 4956 peccare,

563 4986 697 5043 bore
726 4987 847 5042 rita:
874 5002 941 5043 ne
969 4987 1099 5059 quid
1124 4985 1253 5042 inde
1294 4986 1440 5057 quod
1466 5001 1591 5042 cum
1634 4984 1820 5040 divina
1860 4981 2130 5040 sententia
2235 4985 2369 5058 quid
2422 5000 2534 5042 non
2584 4994 2957 5056 patrassemus
2996 4980 3052 5036 in
3086 4980 3203 5035 otio
3263 4976 3586 5047 deliciisque
3646 4977 3813 5031 vitam

558 5087 842 5147 pugnaret,
875 5078 1165 5145 accideret,
1201 5078 1537 5147 verbumquc
1574 5075 1669 5131 Dei
1715 5075 1917 5133 falsum
1965 5074 2135 5131 habe-
2238 5078 2446 5151 agitare
2471 5075 2765 5148 permissi?
2791 5074 2952 5130 Certe
3006 5073 3169 5142 hujus
3222 5070 3318 5141 rei;
3348 5069 3597 5140 exempla
3656 5067 3819 5122 nobis

562 5178 736 5224 retur.
772 5171 1150 5228 Conrminatus
1175 5173 1320 5228 enim
1340 5170 1520 5226 fuerat
1550 5168 1693 5225 Deus
1720 5168 2047 5226 moriturum
2068 5167 2135 5222 il-
2237 5169 2585 5242 suppeditant
2628 5168 2900 5229 homines,
2930 5165 3025 5237 qui
3060 5162 3225 5219 otiosi
3255 5176 3322 5218 ac
3348 5160 3566 5217 desides
3596 5169 3763 5230 atque
3786 5176 3817 5213 a

562 5268 675 5318 lum
716 5279 826 5333 quo
873 5264 1187 5333 degustaret
1217 5264 1287 5321 de
1332 5264 1527 5320 arbore
1577 5262 1843 5328 Scientia,
1903 5262 2068 5333 igitur
2093 5260 2141 5318 si
2237 5264 2425 5320 labore
2455 5271 2511 5319 et
2539 5259 2802 5317 molestiis
2832 5260 2991 5314 vacui
3030 5255 3265 5313 molliter
3279 5268 3345 5309 ac
3370 5252 3601 5310 delicate
3627 5263 3817 5324 agunt.

565 5368 689 5428 post
708 5357 851 5414 hanc
870 5370 1167 5430 gustatam,
1184 5360 1347 5414 etiam
1371 5358 1437 5413 de
1453 5372 1502 5414 at
1518 5357 1652 5414 bore
1667 5356 1790 5412 vita:
1807 5356 2029 5422 edisset,
2052 5363 2145 5410 aut
2242 5353 2422 5411 Otium
2447 5365 2633 5421 porro,
2657 5349 2946 5413 desidiam,
2982 5346 3206 5405 delicias
3234 5347 3374 5402 mala
3404 5360 3547 5410 esse,
3575 5343 3821 5401 certissi-

567 5451 707 5508 falso
735 5452 956 5510 nomine
991 5455 1094 5508 ista
1119 5454 1239 5508 vita!
1269 5452 1431 5507 arbor
1454 5451 1717 5522 appellata
1740 5466 1771 5505 a
1802 5449 1912 5506 Deo
1934 5449 2146 5513 fuisset,
2254 5445 2358 5500 mis
2388 5444 2682 5514 Scriptura:
2705 5442 3030 5499 testimoniis
3060 5442 3474 5512 comprobatur.
3506 5435 3643 5494 Nam
3681 5436 3819 5493 libro

571 5553 669 5601 aut
712 5545 1001 5603 mendaces
1040 5545 1271 5601 inissent
1318 5542 1423 5600 illa:
1470 5542 1594 5615 ejus
1644 5542 1830 5599 minan
1887 5541 1966 5599 Ad
2024 5540 2151 5608 hoc,
2248 5537 2489 5595 secundo
2517 5537 2627 5609 (27)
2647 5537 2907 5607 scripturn
2928 5532 3308 5592 esttConsedit
3323 5532 3548 5606 populus
3573 5531 3642 5586 ad
3668 5529 3821 5586 sdert-

648 5719 767 5790 (Ἠ)
810 5718 931 5794 Syri
979 5721 1148 5780 libros
1180 5719 1343 5779 llosis
1370 5738 1433 5777 ex
1462 5720 1651 5780 ordine
1683 5720 1927 5780 numeris
1958 5727 2150 5781 notant
2189 5717 2387 5789 sacpius
2422 5732 2585 5788 quam
2622 5716 2949 5773 nominibus.
