4082 6160
301 320 403 386 577

1443 325 1537 384 DE
1579 324 1978 386 PAllAlilSO.
2020 350 2088 358 -ο
2134 326 2326 385 PARS
2367 325 2410 387 l.

3498 333 3601 394 578

298 440 602 504 duimetad
622 439 919 505 bibendrtn,
945 440 1279 511 surrexitqne
1299 440 1748 494 ndlndendnm“.
1773 439 1885 493 Etti
1941 450 1979 499 Α
2017 450 2060 495 st
2082 443 2114 492 tl
2141 458 2203 493 ns
2239 440 2440 508 angeli:
2478 439 2887 513 incotpori-nm;
2919 443 3089 496 aciem
3121 458 3249 497 vero
3287 442 3449 514 gladii
3484 461 3599 501 ter-

296 533 400 585 bro
414 530 608 602 quinto
634 530 893 602 :Piuguis
909 531 1083 601 {actus
1103 544 1179 584 est
1208 531 1396 597 Israel,
1425 542 1472 585 et
1492 531 1789 585 calcitrat-it
1824 532 1891 584 ".

298 625 366 679 Et
392 624 616 698 quidam
632 640 699 683 es
725 627 1063 697 sapientibus
1091 626 1354 698 scriptum
1388 628 1604 696 reliquit
1637 645 1651 681 :
1693 624 1902 681 ιιιηικπ.

295 719 592 782 molium,
643 730 803 789 atque
861 720 1084 790 pigritia
1133 719 1377 790 fraudem
1426 720 1567 789 parit
1593 719 1664 774 ⁸³.
1692 720 1896 774 Contra

302 827 432 867 vero
458 852 475 877 ,
511 813 749 876 labores,
796 814 1221 884 turbulentaque
1249 814 1506 868 exercitia
1559 815 1700 867 bona
1750 828 1895 880 esse,

301 912 595 961 attestatur
653 905 848 975 David,
902 921 1027 960 cum
1067 907 1136 961 de
1186 906 1448 961 lsraelitis
1497 907 1729 978 loquens
1778 906 1893 960 ait:

301 992 437 1050 Caus
465 996 725 1050 occideret
753 997 919 1063 ipsos,
952 997 1254 1067 qua-reboat
1276 1014 1416 1063 eam,
1447 1008 1495 1051 et
1521 999 1897 1052 converteban-

303 1098 415 1153 tur,
444 1098 603 1158 atque
628 1089 972 1143 maturabant
1036 1088 1107 1143 ad
1132 1090 1305 1159 ipsum
1338 1089 1407 1144 ".
1438 1090 1501 1144 Et
1534 1090 1661 1145 alibi
1693 1108 1709 1146 :
1735 1090 1896 1159 Bene,

303 1180 500 1247 inquit,
536 1181 665 1235 mihi
705 1190 813 1243 est,
878 1183 1017 1254 quod
1060 1185 1160 1237 sint
1207 1182 1542 1249 humiliatus,
1587 1195 1647 1237 ut
1694 1185 1896 1237 discant

309 1273 572 1327 mandata
627 1283 717 1327 tua
736 1274 804 1329 ⁸⁸.
863 1274 925 1328 Et
960 1273 1103 1332 Dens
1136 1290 1233 1346 per
1268 1273 1563 1332 Jeretniam
1604 1277 1669 1331 ad
1708 1277 1899 1332 cit-ita.

301 1374 413 1419 tem
452 1361 754 1420 Jerusalem
800 1383 814 1421 :
850 1364 959 1421 Per
1015 1367 1220 1438 plagas,
1252 1367 1448 1437 inquit,
1505 1366 1719 1422 erudita
1759 1384 1837 1431 es,
1867 1386 1897 1422 υ

301 1455 608 1511 Jerusalem
644 1456 713 1512 ³⁸.
749 1456 988 1514 “ursum
1019 1457 1222 1514 Paulus
1257 1477 1272 1515 :
1307 1459 1474 1514 Datus
1511 1470 1612 1525 est,
1646 1462 1743 1526 ait,
1770 1460 1899 1515 mihi

302 1551 553 1605 stimulas
576 1552 631 1604 ia
656 1566 868 1604 carnem
900 1566 1095 1616 means,
1142 1552 1358 1622 angelus
1390 1551 1631 1619 Satana',
1670 1567 1733 1605 ne
1768 1553 1893 1622 επε-

303 1656 397 1693 rar
413 1639 485 1694 ⁸⁷.
516 1638 820 1695 Conﬁcitur
841 1640 1049 1711 itaque,
1090 1639 1300 1695 homini
1330 1656 1396 1695 ex
1424 1658 1523 1696 usu
1547 1641 1718 1698 fuisse
1750 1642 1896 1712 quod

304 1733 609 1797 doloribus,
646 1732 1056 1804 laboribusque,
1096 1742 1147 1787 ct
1174 1734 1471 1790 sudoribus
1511 1735 1783 1792 obnoxius
1812 1744 1897 1789 est

2001 534 2174 588 sutilis
2202 532 2367 585 fuisse
2404 532 2628 599 ﬁgurant
2660 535 2951 601 quamdam
3002 535 3168 600 ignea'
3205 536 3404 589 lauet-at
3429 553 3597 605 quam

1999 626 2218 680 Cherub
2250 639 2413 677 manu
2464 634 2652 678 luteus
2699 635 2862 693 atque
2892 639 3212 684 Cltt'thcalts.
3248 627 3598 697 proterrebat

2003 722 2212 787 primos
2255 726 2509 788 parentes
2548 733 2578 771 a
2627 719 2902 787 paradiso,
2932 719 3265 787 arcebatque
3302 719 3372 771 ah
3402 719 3602 775 arbore.

1999 814 2145 864 vitae.
2175 809 2442 864 Cmtetntn
2494 810 2707 863 lanceae
2749 808 2978 864 fut-mam
3020 810 3143 865 inde
3169 825 3198 862 a
3222 822 3424 880 guunt,
3454 814 3600 882 quod

1998 917 2068 957 eo
2120 904 2349 973 mystice
2414 911 2698 973 spectasse
2742 903 2991 956 videatur
3062 904 3247 957 laurea
3315 905 3401 957 illa
3435 920 3598 974 quam

1999 993 2257 1051 Christus
2298 1011 2400 1049 suo
2432 997 2599 1050 latere
2628 994 2844 1063 excepit
2883 1013 2896 1047 ε
2931 994 3089 1063 quasi
3109 995 3224 1065 jam
3259 1006 3372 1050 tum
3404 1007 3590 1067 ωηιξη

2001 1096 2148 1141 esset
2181 1086 2249 1142 de
2288 1103 2452 1141 manu
2513 1087 2754 1149 Clierub,
2792 1087 2881 1140 illa
2944 1089 3153 1150 lancea,
3215 1088 3595 1159 pattfmtaque

2000 1178 2066 1232 ad
2104 1177 2355 1233 arborem
2389 1180 2515 1233 vitm
2572 1178 2681 1232 via.
2730 1179 2832 1233 Alii
2862 1179 3049 1233 ditunt
3074 1181 3245 1233 aciem
3290 1181 3455 1249 gladii
3498 1198 3596 1237 vo-

1998 1281 2176 1327 catam
2230 1287 2376 1331 esse.
2429 1288 2537 1325 non
2579 1270 2786 1326 ferrum
2839 1286 3014 1339 neque
3065 1274 3265 1341 ignem,
3321 1274 3416 1329 sed
3450 1275 3588 1345 ligu-

2001 1377 2117 1416 ram
2148 1363 2442 1431 quamdam
2494 1362 2666 1421 ensis,
2722 1377 2858 1430 qum
2894 1363 3049 1429 unca
3100 1363 3279 1431 apt-cit:
3329 1364 3601 1421 collucere

1999 1464 2167 1525 atque
2210 1452 2414 1522 fulgere
2455 1453 2773 1518 Videbatur;
2806 1452 3029 1507 (ΞΜ-τινι)
3082 1470 3209 1507 vero
3253 1446 3373 1508 ttou'
3418 1454 3593 1510 unle-

2002 1556 2140 1601 stetn
2175 1545 2411 1616 aliquem
2446 1545 2698 1615 spiritum
2752 1552 2918 1612 atque
2964 1543 3345 1615 incutpcreum
3384 1548 3601 1617 angelo-

2002 1652 2121 1692 rum
2162 1635 2352 1699 fuisse,
2395 1638 2488 1691 sed
2515 1646 2790 1706 specu-um
2823 1636 3102 1706 quoddam
3158 1637 3481 1703 vehenti-ns;
3512 1638 3595 1692 id-

1999 1747 2108 1805 que
2142 1731 2363 1789 Clterub
2386 1734 2606 1787 nomine
2637 1744 2891 1787 vocatum
2925 1745 3067 1796 esse,
3094 1730 3220 1800 quia
3250 1732 3421 1785 soleat
3450 1731 3598 1785 Scri-

304 1823 551 1879 redditns
594 1839 625 1877 a
664 1824 795 1887 Deo,
848 1833 1137 1894 postquam
1185 1825 1501 1881 eliminatus
1536 1835 1683 1883 esset
1721 1841 1879 1896 para-
1919 1826 1959 1881 Β
1989 1836 2145 1898 plura
2189 1841 2313 1897 qua:
2371 1824 2595 1895 magnis
2631 1823 2843 1880 vit-ibus
2905 1836 3211 1892 magnaque
3252 1822 3594 1877 vehementia

298 1914 462 1969 disc?
495 1914 563 1970 Et
608 1915 811 1971 versari
846 1916 970 1988 fecit
1023 1917 1095 1970 ad
1124 1918 1375 1973 orientem
1425 1920 1891 1989 paradisisipsius

299 2008 475 2075 Edon,
502 2006 727 2076 Cltsrub,
757 2017 810 2063 et
854 2009 1021 2064 aciem
1042 2009 1211 2081 gladii
1247 2012 1538 2078 versatilis,
1589 2012 1660 2066 ad
1715 2016 1893 2067 casto-

312 2101 569 2158 diertdaat
592 2102 698 2157 iter
725 2102 933 2158 arboris
974 2102 1115 2159 vita.
1161 2103 1219 2158 In
1256 2103 1485 2161 Hebraeo
1522 2114 1605 2161 est
1634 2123 1647 2158 :
1678 2104 1747 2160 Et
1781 2122 1895 2160 ma-

300 2208 428 2248 nere
466 2192 681 2263 [αξιοι
733 2195 934 2250 oriente
978 2195 1224 2266 paradisi
1278 2196 1585 2253 Cherubin.
1644 2198 1891 2253 Graecum

299 2301 433 2344 vero
461 2286 624 2342 habet
658 2303 675 2341 :
709 2284 779 2340 Et
808 2287 1085 2344 collocavit
1116 2288 1346 2352 Cherub,
1389 2298 1439 2343 ct
1470 2289 1706 2360 gladium
1736 2290 1892 2360 ﬂant.

300 2395 476 2434 meam
502 2380 575 2433 ad
602 2381 1008 2436 custodiendum
1053 2384 1154 2439 iter
1180 2383 1385 2438 arboris
1429 2386 1571 2437 vita'.
1613 2382 1895 2453 Signiﬁca-

303 2480 394 2524 tur
427 2479 613 2525 autem
641 2471 730 2529 liis
783 2472 985 2538 verbis,
1021 2474 1327 2530 custodiam
1353 2473 1575 2529 Cherub
1623 2482 1677 2528 et
1718 2475 1890 2529 aciem

299 2563 465 2633 gladii
495 2564 819 2621 collocatam
868 2564 1042 2624 fuisse
1109 2584 1141 2623 a
1198 2568 1305 2623 Deo
1343 2568 1411 2622 ad
1454 2568 1596 2623 latus
1633 2565 1895 2623 orientale

300 2656 571 2711 duntaxat
605 2658 869 2730 paradisi,
905 2659 1067 2729 quasi
1095 2674 1161 2715 es
1188 2674 1249 2715 ea
1280 2667 1431 2731 parte
1459 2661 1636 2717 solum
1694 2659 1893 2733 prohi-

303 2747 434 2804 bere
472 2751 744 2805 Adamum
783 2751 1020 2809 voluerit
1048 2767 1158 2809 non
1190 2751 1317 2808 item
1357 2753 1427 2808 ab
1452 2753 1575 2809 aliis
1606 2753 1891 2810 lateribus.

300 2840 515 2912 Quippe
557 2842 985 2899 existimandum
1037 2853 1146 2911 est,
1196 2844 1267 2902 ab
1317 2854 1443 2901 ortu
1488 2846 1625 2902 solis
1685 2855 1893 2917 portant

302 2934 476 2989 fuisse
511 2936 837 3007 aditumque
866 2938 1108 3007 patuisse
1135 2938 1189 2992 in
1232 2938 1584 3009 paradisum;
1613 2949 1781 3010 atque
1828 2939 1896 2993 il-

299 3026 382 3081 lac
439 3027 832 3097 introductum,
894 3028 1128 3099 illacque
1183 3043 1376 3087 rursus
1435 3044 1685 3087 exactum
1756 3030 1901 3088 Ada-

299 3134 452 3175 utum
488 3134 651 3186 esse;
704 3120 830 3175 inde
857 3121 1020 3176 etiam
1080 3124 1327 3177 semitam
1371 3120 1540 3178 fuisse
1571 3120 1790 3178 ductam
1833 3126 1889 3179 in

301 3212 543 3267 medium
584 3214 900 3283 paradisum
934 3215 1023 3269 ubi
1058 3214 1161 3268 sita
1190 3224 1309 3268 erat
1335 3215 1458 3269 vita:
1505 3215 1688 3281 arbor,
1732 3226 1897 3287 atque

300 3304 424 3357 ideo
459 3321 527 3359 ne
558 3319 751 3361 rursus
793 3306 1090 3374 aliquando
1152 3305 1345 3369 Adam,
1393 3307 1518 3361 illac
1550 3322 1609 3361 se
1645 3308 1789 3362 intro
1816 3326 1901 3364 re-

299 3399 533 3464 ciperet,
586 3398 891 3453 custodiam
924 3399 997 3453 ibi
1028 3413 1150 3455 esse
1193 3399 1469 3454 collatam.
1499 3398 1769 3455 Caterum
1801 3418 1897 3456 cur

298 3487 713 3542 custodiendam
772 3490 896 3542 vita:
957 3490 1232 3554 arborem,
1288 3489 1694 3560 arcendumque
1733 3492 1804 3545 ab
1833 3506 1897 3545 ea

298 3582 571 3633 Adamum
610 3579 846 3633 voluerit
896 3580 1061 3643 Deus,
1094 3589 1223 3636 ante
1268 3588 1354 3635 est
1382 3595 1411 3633 a
1444 3580 1603 3636 nobis
1648 3581 1895 3650 dictum;

300 3687 409 3741 quo
451 3673 554 3726 hoc
580 3672 744 3725 etiam
782 3669 1089 3725 addendum
1119 3680 1396 3741 putamus,
1421 3685 1488 3723 eo
1516 3686 1735 3742 quoque
1767 3687 1897 3741 spe-

303 3775 488 3819 ctasse
526 3762 831 3819 custodiam
876 3771 938 3816 ut
985 3762 1311 3833 intelligeret
1368 3761 1613 3818 Adamus
1669 3779 1897 3834 prorsus

302 3858 633 3926 pratelusum
678 3854 785 3911 sibi
819 3855 1032 3909 aditum
1071 3869 1196 3910 esse
1240 3868 1335 3925 per
1364 3864 1675 3927 peceatum,
1718 3869 1895 3924 coque

302 3950 691 4020 pertinaciore,
746 3949 851 4003 hoc
911 3948 1040 4001 odio
1082 3956 1533 4018 prosequeretur,
1582 3948 1895 4018 maioreque

302 4057 431 4097 cura
457 4041 738 4096 vitandum
774 4040 879 4096 sibi
917 4042 970 4095 in
1014 4046 1293 4112 posterum
1337 4049 1555 4110 putaret
1581 4042 1739 4110 quasi
1769 4039 1885 4095 fon-

302 4144 409 4190 tem
452 4142 729 4189 tantorum
769 4133 1062 4198 malorum,
1101 4134 1153 4187 in
1190 4147 1311 4203 quae
1340 4132 1483 4186 mala
1512 4148 1577 4186 ex
1609 4133 1736 4187 vitae
1768 4141 1893 4187 ante

300 4239 585 4299 peccatum
620 4237 777 4291 acta,
814 4241 939 4282 cum
970 4241 1033 4280 ea
1059 4227 1113 4279 in
1141 4240 1249 4294 qua
1277 4239 1425 4279 nunc
1457 4233 1725 4287 versetur.
1744 4240 1895 4280 com-

301 4321 583 4391 paratione
649 4320 808 4374 facile
861 4318 1204 4389 intelligeret.
1268 4316 1541 4373 Praiterea
1604 4318 1890 4387 magniﬁca

300 4413 389 4467 illa
426 4412 671 4467 custodia
705 4410 950 4481 (Cberub
992 4410 1137 4474 dico,
1161 4418 1218 4465 et
1259 4411 1431 4464 aciem
1468 4410 1631 4479 gladii
1666 4412 1897 4466 versati-

1919 3174 1969 3237 C

1995 1918 2225 1990 pollent,
2262 1933 2326 1974 ea
2368 1919 2471 1973 hoc
2501 1918 2723 1972 nomine
2782 1915 3033 1971 vocitare
3078 1916 3244 1986 quale
3290 1925 3375 1970 est
3416 1915 3594 1971 illud:

1997 2009 2102 2078 Qui
2130 2011 2378 2082 equitavit
2429 2026 2589 2079 super
2638 2008 2925 2074 Cherubos,
2968 2017 3019 2061 et
3050 2007 3244 2063 rolarit
3272 2007 3340 2073 ⁸⁸,
3385 2008 3596 2080 signiti-

1998 2113 2095 2160 eat
2120 2106 2267 2160 enim
2298 2103 2468 2159 Deum
2509 2119 2701 2173 magna
2728 2105 2781 2158 vi
2821 2103 3128 2168 advenisse,
3159 2109 3215 2156 et
3246 2102 3421 2157 veluti
3460 2102 3596 2156 insi-

1994 2198 2209 2254 dentcm
2243 2196 2510 2254 Clteruhis
2536 2195 2881 2266 apparuisse,
2898 2196 3003 2251 hoc
3022 2204 3129 2257 est,
3159 2202 3410 2264 potenter
3428 2208 3593 2250 exer-

1994 2292 2181 2347 cuisse
2210 2292 2518 2361 imperium.
2558 2289 2875 2347 Secundum
2908 2290 3009 2345 ltos
3040 2288 3241 2343 habent
3285 2288 3387 2343 ista
3424 2286 3594 2342 Musis

2002 2384 2165 2436 verba
2197 2381 2343 2436 hunc
2386 2396 2631 2445 sensum,
2672 2380 2818 2451 quod
2878 2382 3022 2435 Deus
3080 2379 3427 2435 ronstituerit
3463 2393 3586 2448 spe.

1995 2487 2175 2530 cirum
2207 2474 2480 2545 quoddam
2512 2474 2805 2529 vehemens
2832 2487 2896 2529 ac
2928 2470 3170 2528 terribile
3226 2486 3325 2542 pro
3375 2472 3586 2528 fortuna

1998 2574 2164 2638 inque
2198 2567 2320 2637 ipso
2367 2567 2514 2622 aditu
2548 2567 2784 2637 paradisi
2823 2564 3008 2635 specie
3048 2565 3347 2619 animantis
3389 2564 3578 2635 cujus-

1999 2662 2167 2732 piam,
2208 2660 2515 2716 deterrendi
2562 2658 2961 2726 eoercendique
3004 2655 3199 2713 Adami
3254 2671 3441 2715 causa.
3488 2656 3593 2714 Af-

1999 2753 2185 2808 fet-unt
2240 2762 2422 2809 autem
2474 2753 2527 2807 lii
2559 2766 2674 2807 suae
2724 2754 3010 2808 sententiae
3071 2752 3217 2807 hanc
3279 2752 3589 2810 rationem:

1997 2846 2233 2911 Nomen,
2287 2845 2560 2916 inquiunt,
2623 2844 2849 2901 Cheruli
2879 2846 2947 2900 ad
2995 2844 3243 2916 juvenile
3305 2847 3583 2917 quoddam

2001 2938 2170 2994 robur
2220 2940 2440 3009 proprie
2467 2946 2694 3006 spectat,
2737 2952 2799 2991 ac
2826 2938 3056 3007 proinde
3088 2937 3388 2994 Cherubini
3428 2941 3593 3011 Spiri-

2004 3039 2091 3083 tus
2122 3027 2232 3082 Deo
2270 3028 2561 3083 viciniores
2597 3028 2885 3092 assistunt,
2930 3043 3031 3083 nec
3072 3028 3139 3084 ad
3187 3041 3362 3085 terras
3394 3029 3591 3087 demit-

2003 3129 2226 3184 tuntur;
2286 3134 2461 3190 neque
2494 3120 2638 3174 enim
2699 3120 2981 3189 Scriptura
3020 3120 3088 3177 iis
3142 3123 3589 3191 procurationem

2002 3212 2241 3281 aliquant
2292 3211 2344 3264 in
2374 3211 2536 3264 terris
2589 3211 2850 3281 assignat,
2884 3212 2978 3267 sed
3009 3214 3186 3282 angeli
3222 3224 3353 3269 sunt
3396 3217 3487 3295 qui
3522 3222 3588 3270 ad

2001 3312 2201 3357 terram
2239 3304 2581 3372 ablegatttur,
2634 3318 2832 3371 resque
2888 3303 2940 3356 in
2989 3319 3051 3357 ea
3098 3303 3490 3363 administrant
3533 3318 3591 3364 ct

1999 3394 2339 3464 dispensant.
2385 3393 2587 3449 Verum
2622 3399 2831 3465 priores
2884 3396 2980 3461 illi,
3027 3400 3175 3453 inter
3205 3416 3344 3470 quos
3409 3403 3589 3459 domi-

2001 3504 2131 3542 num
2164 3486 2429 3543 Jacobum
2487 3490 2852 3559 Sarugensem
2908 3506 3030 3545 esse
3064 3491 3327 3559 diximus,
3387 3508 3588 3566 negant

2000 3583 2139 3636 hanc
2164 3597 2287 3635 esse
2322 3581 2561 3636 nominis
2591 3580 2814 3637 Cherub
2836 3585 3155 3654 qotionem;
3194 3587 3303 3641 imo
3334 3586 3585 3642 ordinent

1997 3674 2291 3745 quemdam
2344 3675 2655 3729 cmlcstium
2700 3674 2992 3744 spirituum
3026 3691 3134 3732 non
3168 3679 3584 3747 aspectabilium

1996 3769 2301 3837 significare
2336 3767 2440 3821 hoc
2467 3767 2792 3821 vocabulum
2837 3772 3029 3835 aiunt;
3095 3772 3286 3839 quales
3315 3786 3583 3842 apparue-

1998 3868 2126 3913 runt
2173 3859 2530 3924 Ezecltieli",
2566 3870 2621 3913 et
2682 3874 2914 3928 quorum
2987 3862 3279 3916 simulacra
3337 3864 3583 3933 quaedam

1994 3962 2152 4006 erant
2185 3952 2239 4005 in
2271 3952 2447 4020 adytis
2479 3952 2815 4007 tabernaculi
2848 3952 3048 4021 posita,
3081 3955 3261 4023 itaque
3298 3958 3583 4023 geniorum

1994 4046 2297 4099 rmlestium
2347 4045 2583 4111 aliquem
2634 4044 2817 4113 potius
2875 4045 3047 4099 fuisse
3084 4054 3375 4100 autumant
3406 4046 3583 4116 ipsum

1992 4134 2233 4194 Clterub,
2263 4134 2353 4203 qui
2381 4133 2522 4203 genii
2554 4134 2805 4189 cmlestes
2824 4133 3011 4188 dolent
3034 4134 3079 4187 si
3111 4136 3333 4196 quando
3358 4149 3587 4206 peccent

1994 4224 2250 4279 mortales
2275 4224 2408 4296 (’28),
2441 4239 2505 4280 ac
2552 4239 2747 4281 rursus
2832 4226 3033 4295 gaudio
3091 4227 3400 4281 adiciuntur
3456 4243 3582 4283 eum

1994 4317 2119 4372 illos
2177 4315 2503 4370 delictorum
2562 4318 2809 4386 pt‘knitet,
2873 4328 2931 4371 ιιι
2982 4318 3061 4373 ait
3111 4318 3391 4375 Dominus.
3452 4319 3587 4376 Etat

1992 4408 2155 4479 igitur
2180 4407 2399 4463 Clterub
2427 4419 2612 4463 custos
2645 4409 2905 4476 paradisi,
2937 4410 3243 4465 cmlestium
3285 4411 3582 4481 spirituum

300 4504 390 4574 lis)
438 4503 511 4558 ob
568 4504 760 4560 oculos
814 4501 973 4558 nobis
1030 4502 1185 4573 ponit
1242 4501 1639 4572 praecellentem
1688 4503 1902 4571 arboris
1932 4525 1978 4582 υ
2009 4514 2153 4553 unus
2181 4499 2380 4570 aliquis
2409 4506 2603 4554 tenens
2635 4500 2875 4555 lanceam
2927 4502 3165 4573 igneam,
3219 4519 3451 4574 eamque
3483 4509 3565 4561 vi-

301 4596 427 4650 vite
460 4595 803 4666 dignitatem.
847 4592 1003 4661 Quod
1033 4609 1162 4648 vero
1192 4594 1504 4649 versatilem
1529 4593 1767 4665 gladium
1804 4594 1890 4650 di-

296 4686 393 4752 cit,
425 4696 683 4757 perpetua
711 4701 837 4741 cum
869 4686 1163 4756 agitatione
1193 4685 1301 4740 huc
1323 4684 1458 4740 illud
1476 4686 1749 4741 vibratum
1766 4700 1891 4743 esse

299 4777 592 4849 signiﬁcat,
631 4791 863 4833 corusco
895 4777 1104 4848 fulgore
1145 4776 1279 4831 inde
1317 4778 1587 4834 emicante
1632 4792 1745 4849 quo
1794 4778 1895 4832 ob-

301 4872 568 4927 tucutium
605 4872 752 4927 oculi
800 4886 909 4927 non
957 4872 1080 4927 sine
1140 4874 1371 4925 horrore
1402 4872 1884 4941 perstringeretur.

300 4966 559 5035 Superest
603 4974 664 5020 ut
713 4966 781 5020 de
807 4963 1029 5019 Chernb
1060 4974 1117 5019 ct
1151 4965 1334 5034 gladio
1364 4963 1665 5028 videamus,
1697 4964 1889 5035 cujus-

299 5053 449 5108 modi
516 5068 602 5108 res
648 5053 871 5109 fuerint.
928 5053 1191 5109 Dominus
1240 5052 1411 5109 Jacoh
1452 5053 1779 5125 Sarngcnsis
1825 5070 1889 5110 ea

299 5145 549 5202 oratione
581 5160 746 5216 quam
784 5147 850 5200 de
889 5146 1175 5207 Passione,
1215 5157 1268 5199 et
1317 5162 1509 5201 rursus
1537 5161 1601 5201 ea
1630 5161 1794 5218 quam
1823 5149 1891 5201 de

299 5238 545 5293 Aseensu
571 5238 832 5308 scripsit;
889 5248 943 5293 et
973 5254 1096 5292 cum
1131 5254 1198 5292 eo
1228 5238 1322 5291 alii
1369 5238 1559 5293 dicunt
1607 5240 1888 5294 custodem

301 5329 540 5399 paradisi
576 5329 800 5387 Cherub
847 5330 1015 5386 fuisse
1046 5345 1212 5384 unum
1250 5331 1561 5400 qucmqiam
1625 5345 1690 5384 ex
1726 5332 1892 5387 ctrlc-

369 5496 415 5531 ³³
450 5494 623 5552 Exod.
670 5508 839 5557 sun.
873 5492 927 5549 6.
976 5490 1021 5525 "
1054 5490 1209 5545 Deut.
1241 5506 1407 5554 xxxii,
1446 5491 1533 5544 ili.
1579 5490 1627 5523 ⁸³
1655 5487 1817 5545 Prov.
1854 5506 1954 5553 xu,

376 5605 389 5619 .
468 5565 514 5597 “
546 5566 661 5619 Jer.
699 5582 771 5619 vx.
796 5567 847 5619 8.
924 5564 968 5595 "
1008 5564 1050 5618 ll
1084 5562 1210 5617 Cor.
1242 5576 1340 5619 ιιι.
1376 5561 1429 5613 7.
1507 5560 1553 5592 ⁸⁸
1582 5558 1726 5619 Psal.
1749 5562 1949 5619 xm.“

1626 5576 1726 5619 sas.
1749 5576 1977 5625 "mu.

302 5566 389 5625 7|.
468 5565 514 5597 “
546 5566 661 5622 Jer.
699 5582 771 5631 vx,
796 5567 847 5621 8.
924 5564 968 5595 "
1008 5564 1050 5618 ll
1084 5562 1210 5617 Cor.
1242 5576 1340 5625 xu,
1376 5561 1429 5613 7.

373 5725 487 5797 (εδδ)
536 5723 707 5781 Caute
730 5724 883 5792 lege;
914 5740 1039 5781 nam
1068 5724 1246 5795 angeli
1282 5723 1497 5797 proprie
1545 5738 1655 5797 non
1680 5722 1870 5797 dolent

301 5793 397 5852 aut
460 5793 750 5851 tristantnr
792 5801 861 5855 de
922 5793 1163 5863 [creatis
1225 5793 1528 5865 hominum,
1570 5794 1627 5849 S.
1680 5793 1876 5851 Thom.

2006 4591 2175 4646 brans
2219 4601 2381 4660 atque
2425 4606 2745 4652 coruscans,
2792 4601 2845 4645 et
2873 4595 3076 4661 primos
3125 4606 3379 4664 parentes
3406 4598 3585 4652 deter-

2002 4696 2130 4739 rens
2157 4682 2227 4737 ab
2252 4697 2506 4746 excessu,
2539 4693 2599 4738 ut
2630 4685 2802 4739 sensit
2824 4686 3082 4742 dominus
3117 4686 3353 4743 lacubus
3406 4689 3580 4747 Saru-

1997 4775 2208 4845 gensis,
2269 4785 2326 4831 ct
2383 4776 2632 4846 plerique
2661 4793 2785 4833 cum
2821 4793 2887 4833 eo
2918 4778 3163 4849 ejusdem
3194 4790 3356 4837 serta:
3386 4784 3505 4840 viri.

2069 4864 2176 4922 Sed
2198 4867 2310 4938 jam
2338 4877 2394 4923 et
2416 4868 2592 4937 locus,
2624 4878 2681 4924 et
2726 4880 2940 4941 tempus
2969 4872 3265 4942 postulant,
3301 4885 3360 4930 ιιι
3390 4876 3581 4946 dispu-

1995 4958 2161 5015 tando
2193 4961 2604 5032 investigemus,
2646 4978 2827 5020 unone
2867 4966 3167 5036 eodemque
3216 4968 3306 5023 die
3349 4984 3418 5024 an
3456 4973 3580 5039 pitt-

1999 5054 2149 5110 ribus
2166 5055 2283 5110 haec
2310 5058 2494 5109 omnia
2526 5066 2679 5127 gesta
2710 5057 2823 5112 sint
2852 5073 2868 5109 :
2901 5066 3117 5114 creatus
3145 5058 3343 5125 Adam,
3371 5061 3580 5117 immis-

1997 5161 2093 5203 sus
2121 5145 2175 5200 in
2212 5147 2548 5216 paradisum,
2580 5148 2687 5203 lata
2729 5148 2837 5212 les,
2898 5149 3070 5205 imlita
3128 5152 3351 5206 nomina
3390 5152 3581 5209 bestiis

1999 5248 2055 5295 et
2108 5237 2452 5306 volucribus,
2484 5239 2701 5294 condita
2731 5240 2865 5305 Eva,
2901 5242 3112 5311 decepti
3147 5257 3245 5313 per
3271 5254 3576 5315 serpentem

1999 5331 2159 5401 primi
2190 5340 2464 5401 parentes,
2501 5332 2702 5388 violata
2755 5335 2863 5399 les,
2910 5335 3249 5391 vindicatum
3287 5338 3342 5391 in
3374 5340 3575 5397 noxios

1998 5489 2055 5544 ll
2084 5491 2433 5564 ςᾼιηιιιείθ.
2486 5491 2534 5564 '_‘
2569 5491 2716 5547 Psal.
2750 5505 2951 5560 Last-tt,
2976 5492 3071 5549 54.
3128 5494 3176 5529 ⁸³
3193 5492 3337 5552 Psal.
3359 5508 3552 5564 csvut,

2092 5560 2139 5592 "
2173 5562 2374 5616 l'lzcclt.
2423 5577 2462 5627 ι,
2493 5562 2561 5616 l5
2606 5578 2761 5633 seqq.

1964 5739 1998 5777 .t
2035 5733 2175 5793 part.
2208 5733 2402 5793 quaest.
2433 5726 2555 5799 H5,
2579 5735 2685 5784 art.
2710 5727 2777 5790 7.
2836 5726 2930 5781 sed
2968 5736 3171 5782 tantum
3202 5728 3575 5799 metaplimice

1987 5810 2109 5850 cum
2157 5810 2407 5851 Ulth't‘SC
2434 5796 2665 5851 salutem
2699 5805 2945 5853 nostram
2974 5799 3214 5858 (ttpialtt.
