4094 6156
489 314 591 379 519

1766 302 1996 365 ΜΕ)Μὸ
2039 302 2191 364 BAR
2230 299 2480 362 CEPHA

491 424 755 497 ejectique
794 423 1030 490 denique
1059 419 1135 475 illi
1184 430 1338 476 extra
1370 418 1706 490 paradisum.
1741 419 1816 474 De
1867 421 1967 473 hac
2012 433 2070 472 re
2101 424 2141 478 Α
2172 432 2319 481 cere,
2359 415 2520 483 cujus
2564 411 2811 485 potentia
2861 422 3089 481 prorsus
3138 407 3402 463 voluntati
3451 413 3758 479 respondet,

494 526 572 574 ita
622 516 786 571 sentit
833 513 1189 578 l‘hiloxenus,
1246 513 1495 568 oratione
1543 528 1706 583 quam
1732 513 1953 581 scripsit
2003 512 2072 567 dc

495 612 692 666 arbore
723 611 867 672 vitae,
907 616 962 661 et
990 606 1251 661 dominus
1281 606 1515 675 Ephrem
1565 606 1986 660 Commentariis
2017 605 2069 659 in

490 702 770 765 Cenesim,
830 711 992 768 atque
1047 698 1208 753 etiam
1286 698 1541 753 dominus
1610 696 1842 752 Jacobus
1906 698 2075 752 Saru-

493 793 700 862 gensis,
732 790 978 843 oratione
996 786 1064 840 de
1095 785 1376 849 Passioue,
1403 793 1459 838 et
1488 800 1612 839 cum
1640 785 1725 839 his
1748 786 1861 850 alii,
1892 788 2074 841 omnia

496 886 608 941 haec
644 882 831 937 eodem
876 896 986 935 uno
1013 880 1099 933 die
1125 881 1217 949 qui
1254 888 1441 934 sextus
1468 887 1645 932 erata
1681 879 1900 932 condito
1939 879 2079 933 cmlo

496 988 775 1043 terraque,
826 980 952 1027 acta
1000 982 1167 1040 atque
1205 970 1454 1027 confecta
1497 985 1662 1026 esse:
1699 971 1923 1039 ejusque
1978 970 2075 1035 rei,

494 1072 605 1123 duo
643 1067 855 1121 faciunt
883 1071 1205 1134 argumenta
1242 1079 1258 1117 :
1286 1063 1538 1128 alterum,
1571 1063 1717 1133 quod
1740 1063 1919 1117 adhuc
1945 1063 2079 1117 nihil

494 1161 741 1213 edissent
804 1156 978 1210 Adam
1029 1169 1315 1224 uxorque;
1365 1169 1492 1209 nam
1542 1155 1589 1209 si
1624 1162 1907 1210 vescentes
1954 1164 2080 1209 ante

494 1252 720 1306 vidisset
747 1265 991 1318 serpens,
1020 1250 1245 1304 minime
1272 1250 1506 1304 dixisset
1533 1249 1598 1303 ad
1632 1247 1795 1302 Evam
1828 1266 1843 1301 :
1889 1247 2082 1301 Verene

495 1346 653 1411 iussit
695 1344 852 1405 Deus,
900 1358 961 1398 us
993 1343 1214 1396 ederetis
1246 1342 1311 1396 de
1353 1343 1497 1396 omni
1545 1340 1734 1395 arbore
1787 1342 2025 1407 paradisi
2058 1343 2082 1395 ?

496 1437 612 1491 iam
650 1451 775 1492 vero
822 1436 870 1490 si
910 1441 1083 1491 multo
1110 1446 1238 1491 ante
1272 1436 1477 1491 conditi
1527 1437 1780 1499 fuissent,
1813 1436 2085 1505 nequivis-

498 1538 621 1584 sent
662 1528 839 1583 adhuc
892 1528 1101 1598 absque
1139 1527 1285 1583 fame
1331 1537 1385 1583 et
1423 1528 1547 1583 cibo
1598 1528 1763 1582 vitam
1834 1527 2082 1582 tolerare.

496 1622 739 1675 Alterum
775 1622 999 1692 petitum
1029 1629 1114 1677 est
1142 1636 1206 1677 ex
1241 1622 1309 1675 iis
1341 1637 1463 1690 quae
1485 1636 1680 1691 passus
1710 1630 1793 1676 est
1822 1619 2085 1675 Dominus

498 1718 686 1764 noster
701 1709 953 1768 Christus
976 1728 991 1774 ;
1025 1725 1088 1765 ea
1110 1711 1256 1765 etaim
1280 1711 1622 1765 emendando
1645 1711 1836 1766 Adami
1863 1710 2085 1770 delicto.

2178 508 2271 563 sed
2293 506 2421 577 quia
2457 512 2564 560 non
2595 505 2729 559 satis
2752 509 3183 558 consentaneum
3211 500 3422 555 videtur
3447 512 3510 553 ea
3538 499 3624 554 sic
3642 509 3761 552 acta

2178 612 2323 653 esse.
2380 596 2445 650 Et
2478 609 2608 650 vero
2635 594 2681 648 si
2718 592 2891 651 Adam
2922 591 3087 645 etiam
3137 598 3251 644 tum
3289 589 3497 643 nullum
3530 586 3762 658 psrsdlsl

2183 689 2418 745 fructum
2448 692 2718 755 gustasset
2747 692 2940 753 prater
2961 682 3188 738 vetitum
3220 681 3395 745 illum,
3427 696 3606 751 neque
3630 680 3764 735 satis

2189 782 2369 837 adhuc
2397 789 2491 835 aut
2522 780 2703 833 locum
2744 780 2943 846 ipsum,
2978 784 3071 830 aut
3090 775 3209 846 ejus
3235 775 3459 829 deliiias
3487 783 3765 842 expertus.

2185 878 2360 930 solum
2405 872 2657 927 venisset
2697 886 2712 924 :
2751 869 2844 940 qui
2890 868 3157 937 potuisset
3187 882 3284 936 per
3304 867 3764 935 comparationem

2184 983 2249 1022 ex
2269 968 2389 1037 ejus
2408 975 2568 1020 terrae
2589 962 2733 1017 unde
2747 963 3027 1015 exciderat
3043 959 3322 1023 felicitate,
3349 974 3496 1015 eam.
3525 960 3578 1012 in
3608 970 3767 1027 quam

2185 1058 2598 1119 detrudebatur,
2616 1052 2835 1116 duram,
2861 1052 3159 1117 horridam,
3184 1061 3348 1121 atque
3367 1050 3632 1105 infelicem
3655 1048 3770 1104 exi-

2188 1149 2448 1207 stimare?
2476 1148 2580 1203 Sed
2617 1148 2768 1204 dices
2801 1163 2816 1201 :
2850 1144 3123 1201 Audivere
3162 1160 3345 1199 vocem
3397 1146 3486 1199 liei
3518 1143 3773 1214 gradi-n-

2191 1246 2263 1299 tis
2296 1258 2391 1313 per
2424 1241 2735 1312 paradisum
2764 1240 2851 1295 die
2875 1240 2990 1310 jam
3024 1250 3135 1293 tum
3166 1238 3448 1302 inclinato,
3477 1237 3613 1307 pulsi
3643 1248 3771 1305 ergo

2191 1344 2317 1391 sunt
2344 1349 2410 1389 eo
2461 1334 2568 1389 die.
2607 1333 2773 1401 Atqui
2805 1332 3087 1402 Scriptura
3112 1346 3222 1384 non
3254 1331 3407 1392 dicit,
3438 1344 3563 1383 eum
3605 1328 3773 1381 fuisse

2191 1429 2331 1483 diem
2361 1443 2471 1497 quo
2501 1426 2760 1481 conditus
2794 1424 2973 1479 fuerat
3013 1423 3279 1479 Adamus.
3311 1424 3433 1477 l‘ari
3479 1436 3609 1492 ergo
3638 1436 3769 1474 cou-

2192 1520 2389 1575 feceris
2420 1519 2653 1583 ratione,
2680 1520 2872 1573 eodem
2920 1517 3011 1573 die
3066 1528 3122 1571 et
3149 1515 3413 1571 Joannem
3474 1515 3771 1584 Baptistsm

2192 1622 2247 1667 et
2270 1611 2548 1670 Christum
2573 1611 2810 1676 venisse,
2843 1610 3285 1680 quandoquidem
3309 1609 3548 1663 historiae
3582 1611 3774 1674 series,

2194 1706 2274 1761 eis
2305 1705 2501 1760 diebus
2523 1704 2732 1774 quibus
2758 1705 3015 1773 apparuit
3037 1703 3147 1768 ille,
3173 1704 3333 1772 hujus
3363 1704 3505 1756 diem
3544 1702 3773 1771 subjun-

497 1811 691 1855 exaetc
716 1810 905 1857 tenore
929 1806 1260 1873 respondere
1283 1805 1457 1859 aiunt.
1478 1802 1639 1861 Verbi
1658 1807 1831 1876 gratia
1857 1823 1873 1859 :
1896 1804 2083 1870 Sexto,
2118 1779 2162 1842 Β
2189 1802 2285 1870 git.
2321 1800 2427 1856 Sed
2464 1816 2642 1871 neque
2674 1800 2808 1853 illud
2843 1798 2976 1854 satis
3006 1798 3226 1852 firmum
3250 1807 3332 1852 est
3368 1804 3775 1866 argumentum,

499 1894 780 1964 inquiunt,
811 1894 900 1950 die
935 1905 1158 1951 creatus
1186 1904 1270 1950 est
1298 1896 1493 1961 Adam,
1518 1898 1708 1953 eodem
1739 1900 2087 1955 excruciatus

495 1994 585 2040 est
616 1983 878 2040 Dominus
917 1996 1121 2051 uoster,
1172 1989 1227 2042 in
1257 1988 1381 2059 ejus
1435 1989 1541 2045 diei
1590 1990 1747 2045 initio
1785 1991 1875 2045 ille
1902 1999 1987 2046 est
2016 2007 2082 2047 es

498 2074 611 2129 luto
635 2075 990 2145 compositus,
1031 2077 1122 2132 hic
1154 2078 1279 2135 item
1310 2080 1377 2136 ad
1411 2080 1649 2137 tribunal
1674 2092 1902 2150 raptus;
1954 2083 2086 2137 hora

498 2166 647 2220 illius
677 2168 784 2221 diei
816 2170 970 2222 tertia
1018 2169 1273 2227 inductus
1309 2181 1397 2228 est
1432 2174 1488 2230 in
1521 2176 1856 2245 paradisum,
1882 2186 1938 2231 et
1960 2174 2087 2231 Ser-

500 2268 657 2312 vatur
680 2269 872 2315 noster
902 2262 1059 2316 tertia
1089 2262 1222 2319 hora
1252 2273 1536 2323 extractus
1565 2275 1649 2323 est
1671 2283 1738 2323 ex
1768 2268 1904 2323 urbe
1928 2267 2088 2323 Jeru-

501 2350 699 2415 salem,
724 2350 968 2407 humeris
994 2368 1214 2410 erucem
1244 2372 1400 2415 suam
1427 2358 1713 2428 bajulans;
1739 2368 1795 2415 et
1822 2374 1933 2430 quo
1953 2369 2088 2413 tem-

498 2456 633 2511 pore
662 2444 838 2502 Adam
871 2463 1068 2503 manus
1101 2451 1376 2518 protendit
1398 2452 1464 2506 ad
1489 2452 1857 2523 decerpendos
1877 2452 2087 2509 fructus

500 2542 746 2606 negatos,
777 2538 966 2592 eodem
984 2538 1239 2596 Christus
1254 2557 1383 2597 suas
1403 2544 1663 2599 distendit
1680 2560 1843 2614 super
1857 2545 2084 2613 lignum.

503 2626 714 2684 liursus
745 2643 775 2684 ε
810 2641 961 2685 sexta
996 2632 1064 2686 ad
1101 2648 1302 2688 nonam
1331 2638 1523 2691 horam
1550 2646 1754 2692 exutus
1786 2648 1872 2693 est
1909 2639 2083 2693 Adam

503 2732 603 2774 sua
627 2716 821 2788 gloria,
855 2736 1115 2792 uoxa'que
1139 2724 1379 2788 deditus,
1421 2726 1607 2796 itaque
1643 2736 1699 2783 et
1746 2731 1818 2784 oh
1869 2745 2085 2784 crucem

505 2808 733 2864 Christi.
783 2807 879 2867 Sol
914 2827 943 2865 a
975 2821 1130 2867 sexta
1160 2815 1227 2869 ad
1270 2810 1494 2879 nona’m,
1533 2817 1737 2872 amisso
1804 2819 2089 2884 splendore

508 2897 835 2958 obscuralus
893 2909 1000 2967 est,
1054 2914 1219 2973 atque
1246 2907 1496 2961 universa
1537 2917 1785 2962 creatura
1815 2910 1960 2965 luctu
1994 2925 2090 2965 eo-

504 2990 919 3059 o,:erata,quasi
951 2993 1203 3049 retricata
1228 2994 1440 3062 pristini
1458 2996 1587 3050 Adae
1615 3011 1777 3053 casus
1805 3002 2086 3053 memoria.

2190 1912 2291 1950 cur
2328 1911 2676 1967 praepropera
2734 1892 3092 1950 festinatione
3143 1891 3539 1945 conturbamus
3589 1902 3776 1943 rerum

2190 2002 2462 2059 gestarum
2486 1988 2709 2054 seriem,
2736 1998 2901 2057 atque
2937 1988 3107 2042 unius
3132 1984 3495 2055 ejusdemque
3519 1981 3628 2037 diei
3649 1995 3778 2050 spa-

2186 2084 2266 2136 tio
2307 2093 2415 2136 tam
2454 2084 2622 2138 multa
2660 2081 3082 2145 concludamus,
3129 2080 3276 2150 quod
3310 2079 3377 2133 de
3410 2078 3612 2133 Christi
3646 2091 3777 2133 cru-

2186 2175 2424 2229 ciatibus
2467 2174 2691 2229 allatum
2764 2182 2869 2230 est.
2923 2172 3058 2229 Nam
3111 2182 3172 2229 ut
3231 2173 3463 2229 libentes
3521 2169 3778 2232 fatemur.

2188 2266 2468 2321 Christum
2511 2266 2599 2321 die
2634 2271 2792 2322 sexto
2821 2264 3145 2322 emendasse
3179 2275 3347 2337 atque
3376 2266 3625 2334 expiasse
3654 2278 3783 2333 qua:

2190 2362 2259 2415 ab
2310 2358 2522 2413 Artamo
2576 2358 2817 2413 admissa
2904 2356 3141 2423 fuerant,
3217 2361 3295 2413 ita
3355 2358 3469 2412 ﬁeri
3534 2356 3785 2425 potuisse

2188 2452 2572 2507 contendimus
2608 2461 2667 2504 ut
2717 2451 2982 2516 Adamus,
3044 2464 3168 2505 cum
3223 2448 3314 2505 die
3372 2449 3579 2505 conditi
3628 2448 3783 2505 orbis

2189 2552 2344 2598 sexto
2392 2552 2539 2599 esset
2572 2551 2791 2599 creatus
2821 2551 2985 2614 atque
3018 2544 3208 2598 eodem
3252 2542 3781 2613 etiam'deliquissel.

2189 2637 2299 2692 alio
2346 2636 2437 2693 die
2470 2645 2654 2701 sexto,
2688 2652 2791 2709 pro
2824 2652 2889 2693 ea
2913 2635 3139 2692 dierum.
3170 2637 3316 2691 serie
3356 2641 3465 2706 qua
3494 2650 3786 2691 recurren-

2193 2737 2277 2784 tes
2310 2735 2688 2794 recensentur,
2726 2728 2811 2781 sni
2851 2727 3038 2797 ﬂagitii
3074 2728 3474 2783 condemnatus
3504 2742 3534 2781 a
3566 2726 3681 2783 beo
3710 2727 3787 2781 sit
3821 2740 3826 2743 ·

2192 2831 2360 2891 atque
2410 2822 2727 2876 eliminatos
2766 2823 3041 2890 paradiso.
3078 2819 3369 2875 Enimvero
3420 2820 3545 2892 quis
3594 2820 3788 2876 credat

2195 2916 2342 2985 (cum
2389 2914 2799 2985 amplissimum
2840 2926 2985 2970 esset
3055 2915 3293 2985 paradisi
3356 2912 3619 2985 spatium)
3671 2927 3787 2967 uno

2194 3008 2283 3063 die
2320 3009 2590 3061 Adamum
2620 3022 2742 3064 esse
2768 3020 3045 3076 egressum
3070 3008 3137 3061 ad
3168 3006 3498 3074 imponenda
3529 3005 3787 3061 animan—

508 3080 701 3149 Elapso
733 3081 927 3191 deinde
957 3098 1103 3138 nona
1161 3087 1319 3152 hora,
1374 3086 1648 3157 dissipata:
1673 3100 1835 3160 atque
1881 3092 2087 3147 abacta:
2119 3135 2161 3191 ϐ
2195 3102 2343 3157 tibus
2381 3101 2628 3167 nomine,
2656 3098 2963 3167 eodemque
3014 3100 3306 3154 revertisse
3329 3098 3384 3153 In
3410 3099 3647 3155 medium
3681 3113 3785 3168 pa-

508 3177 638 3224 snnt
689 3172 956 3237 tenebrae;
1011 3188 1121 3242 qua
1159 3189 1219 3229 re
1271 3176 1691 3243 significabatur
1742 3182 1918 3235 soluta
1976 3184 2090 3252 jam

506 3272 621 3320 tum
655 3279 777 3320 esse
814 3280 875 3325 eu
908 3267 1049 3321 maia
1083 3285 1203 3335 qua:
1253 3285 1427 3339 genus
1455 3272 1755 3327 humanum
1783 3278 2091 3333 circumde-

510 3356 724 3420 derant,
786 3367 953 3428 alque
1006 3373 1342 3431 ecetiparant
1387 3375 1608 3434 propter
1662 3365 1831 3437 legem
1877 3368 1974 3423 Dei
2022 3370 2092 3423 ab

513 3449 721 3505 Adamn
756 3449 1034 3507 violatam.
1080 3451 1309 3520 Insuper
1345 3470 1457 3523 quo
1505 3468 1750 3525 tempore
1800 3459 2094 3514 confossus

512 3539 977 3601 Dominusnoster
1007 3547 1215 3612 lancea,
1233 3550 1423 3602 eodem
1444 3565 1476 3604 a
1503 3551 1718 3605 Cheruh
1740 3556 1967 3607 custode
1999 3570 2095 3621 pa-

515 3636 679 3695 radisi
726 3646 784 3692 et
827 3638 1043 3696 arboris
1094 3642 1216 3695 vitae
1250 3642 1429 3697 ahlata
1470 3654 1552 3697 est
1585 3646 1792 3701 lanCea.
1856 3647 2097 3717 Denique

514 3741 623 3794 qua
673 3728 805 3784 hora
846 3730 1034 3799 ptllsus
1064 3745 1144 3788 est
1177 3736 1432 3803 paradiso
1458 3735 1700 3793 Adamus
1736 3755 1764 3792 a
1815 3739 1945 3804 Deo,
2004 3756 2096 3795 ea-

516 3816 643 3873 dem
671 3834 957 3888 prorsusa
1004 3822 1225 3880 Christo
1256 3826 1503 3883 immissa
1564 3840 1647 3883 est
1691 3831 1742 3884 iu
1784 3833 2094 3901 paradisum

514 3911 695 3965 anima
718 3910 945 3971 latronis
977 3915 1088 3988 (~29)
1123 3932 1137 3969 :
1161 3930 1226 3973 ac
1248 3920 1477 3988 proinde
1493 3936 1602 3989 quo
1626 3930 1872 3993 tempore
1888 3927 2096 3982 daemon

514 4003 699 4060 videns
726 4006 963 4073 ejectum
992 4008 1247 4077 paradiso
1297 4013 1570 4071 Adamnm
1613 4017 1834 4083 gavisus
1867 4029 1968 4083 est,
2004 4033 2101 4074 eo-

514 4096 642 4155 dem
675 4106 731 4154 et
763 4099 937 4154 doluit
966 4116 1091 4156 cum
1118 4114 1370 4160 cerneret
1392 4107 1625 4163 latronis
1657 4110 1894 4166 animam
1918 4112 1970 4166 in
2006 4129 2101 4183 pa.

520 4189 761 4246 radisum
794 4191 1093 4247 reductam.
1133 4193 1345 4266 Quippe
1399 4214 1525 4253 cum
1575 4200 1779 4257 Christi
1829 4206 2010 4260 anima
2044 4207 2097 4260 in

517 4294 681 4335 cruce
707 4291 852 4339 esset
874 4297 906 4337 a
947 4298 1174 4353 corpore
1217 4299 1489 4357 separata,
1533 4292 1648 4363 ipsa
1677 4295 1932 4352 divinitas
1962 4298 2100 4353 sim-

519 4372 752 4439 pliciter,
781 4387 962 4444 neque
1002 4391 1204 4449 corpus
1240 4395 1412 4451 neque
1446 4383 1687 4438 animum
1716 4385 1976 4452 deseruit,
2007 4387 2100 4443 sed

2200 3195 2463 3258 radisum,
2496 3193 2598 3246 hoc
2622 3202 2726 3257 est,
2754 3192 3050 3248 multorum
3080 3193 3293 3248 dierum
3322 3193 3423 3248 iter
3441 3193 3745 3249 confecisse
3763 3193 3789 3245 ?

2198 3286 2399 3340 Eodem
2458 3287 2622 3339 etiam
2664 3292 2972 3354 exemptam
3017 3284 3122 3355 ipsi
3172 3295 3398 3352 costam,
3427 3300 3571 3350 esse,
3616 3295 3673 3339 ct
3726 3287 3784 3340 in

2199 3378 2479 3433 mulierem
2525 3376 2999 3443 transformatam,
3068 3379 3259 3433 eodem
3294 3378 3362 3433 de
3394 3379 3558 3433 vetita
3591 3377 3789 3433 arbore

2198 3473 2389 3527 ambos
2418 3470 2599 3526 edisse
2650 3472 3015 3543 paradisoque
3048 3486 3172 3526 esse
3212 3471 3504 3526 extrusos?
3536 3472 3701 3533 Sane,
3731 3481 3790 3524 ct

2198 3566 2371 3629 exire,
2415 3575 2469 3618 et
2499 3563 2730 3629 reverti,
2763 3574 2819 3617 et
2850 3560 3112 3634 praeterea
3148 3562 3317 3618 tantis
3361 3564 3484 3619 aliis
3521 3562 3791 3618 interesse

2199 3658 2386 3720 rebus,
2416 3656 2563 3710 haud
2605 3664 2690 3710 est
2743 3671 2844 3726 pro
2880 3656 3043 3712 unius
3083 3657 3190 3711 diei
3228 3656 3435 3726 spatio;
3466 3665 3521 3712 et
3564 3656 3787 3724 quidem

2200 3766 2309 3805 non
2340 3748 2531 3815 integri
2563 3749 2657 3803 sed
2690 3762 2719 3801 a
2754 3748 2996 3804 diluculo
3019 3748 3088 3803 ad
3138 3762 3337 3804 nonam
3376 3750 3641 3804 duntaxat
3683 3750 3789 3803 ho-

2202 3856 2318 3895 ram
2353 3856 2551 3911 usqne,
2598 3852 2660 3895 ut
2716 3841 2796 3896 illi
2837 3842 3015 3898 aiunt.
3070 3840 3315 3912 Denique
3352 3842 3609 3908 dicimus,
3640 3841 3792 3898 haud

2201 3934 2494 3989 verisimile
2518 3934 2710 3999 videri,
2746 3934 2937 3989 eodem
2963 3934 3049 3989 die
3073 3945 3130 3990 et
3179 3936 3459 3989 conditum
3489 3951 3612 3992 esse
3643 3936 3791 3991 Ada-

2203 4044 2352 4083 mum
2378 4028 2815 4083 etanimantibus
2832 4043 2929 4083 sua
2945 4042 3067 4083 eum
3091 4030 3353 4085 indidisse
3380 4028 3619 4084 nomina.
3650 4027 3789 4083 Nam

2201 4120 2247 4177 si
2280 4134 2389 4191 quo
2415 4130 2661 4191 tempore
2683 4127 2810 4175 sunt
2838 4129 3119 4189 procreata
3166 4121 3442 4185 animalia,
3473 4120 3662 4175 eodem
3711 4122 3791 4174 si-

2206 4214 2320 4268 mul
2380 4225 2432 4269 et
2483 4215 2703 4267 nomina
2741 4212 2986 4269 Adamus
3044 4214 3333 4268 dedisset:
3372 4213 3615 4284 profecto
3674 4227 3788 4270 non

2205 4315 2545 4360 memoraret
2575 4304 2880 4375 Scriptura,
2912 4304 3082 4361 Deum
3109 4304 3196 4362 illa
3224 4306 3292 4362 ad
3311 4307 3579 4361 Adamum
3611 4306 3792 4362 addu-

2206 4398 2376 4452 xisse.
2440 4396 2625 4467 Neque
2653 4398 2799 4451 enim
2828 4404 2958 4452 ante
2989 4414 3112 4452 enm
3144 4399 3287 4453 diem
3315 4413 3431 4469 quo
3460 4408 3681 4455 creatus
3705 4412 3790 4457 est

518 4472 574 4518 rt
599 4479 709 4520 una
743 4481 1161 4567 cuimcprpore
1220 4473 1531 4567 sepulcrum
1586 4477 1794 4545 subiit;
1847 4486 1901 4535 et
1937 4482 2101 4536 simul
2133 4488 2379 4567 DAdam
2412 4488 2503 4543 illa
2548 4487 2701 4544 fuere
2761 4496 2906 4554 orta,
2959 4490 3053 4545 sed
3087 4505 3153 4546 eo
3180 4494 3303 4565 ipso
3358 4508 3470 4563 quo
3524 4493 3788 4562 Adsmus,

517 4571 643 4615 cum
669 4558 851 4614 anima
893 4559 1097 4617 inferos
1141 4564 1397 4627 correxit,
1455 4577 1619 4635 atque
1649 4569 1713 4621 ad
1766 4583 1860 4624 eas
1891 4572 2104 4626 animas

520 4664 642 4717 qua:
686 4649 817 4708 inibi
866 4652 1193 4707 tenebantur
1229 4658 1551 4712 concionem
1608 4660 1800 4715 habuit
1855 4664 1997 4717 sicut
2032 4663 2107 4719 ait

522 4740 719 4800 Petrus
764 4743 1044 4811 apostolus
1075 4748 1129 4800 in
1179 4762 1277 4801 sua
1330 4751 1557 4819 epistola
1583 4752 1649 4804 θ’.
1687 4751 1872 4823 Itaque
1926 4760 2107 4812 anima

520 4832 723 4889 Christi
760 4849 853 4893 cas
884 4836 1097 4892 animos
1129 4855 1249 4908 quae.
1284 4842 1337 4894 in
1387 4857 1446 4897 se
1471 4847 1786 4911 credebant,
1816 4849 1882 4902 ab
1917 4848 2105 4904 inferis

520 4927 765 4993 sustulit,
814 4929 1183 5001 subvectaque
1218 4932 1437 4989 induxit
1484 4953 1609 4992 cura
1648 4940 1876 4995 latronis
1922 4943 2100 4998 anima

522 5034 576 5071 ιιι
610 5020 924 5087 paradisum
959 5023 1102 5077 unde
1129 5026 1393 5093 expulsus
1419 5026 1597 5083 fuerat
1624 5031 1884 5086 Adamus.

503 5144 507 5148 ~
596 5112 858 5166 Adustum
884 5114 1064 5169 eodem
1088 5117 1174 5170 die
1206 5125 1439 5176 creatum
1476 5132 1524 5174 σι
1555 5137 1585 5176 e
1611 5126 1864 5190 paradiso
1884 5126 2107 5193 ejectum

522 5218 625 5257 non
662 5205 847 5273 fuisse.
887 5233 958 5249 -—-
990 5206 1187 5262 Verum
1241 5215 1511 5269 sententia
1550 5216 1779 5271 aliorum
1822 5219 2105 5274 doctorum

520 5300 627 5356 est,
660 5310 1003 5366 nequaquam
1059 5316 1169 5354 uno
1202 5301 1291 5361 die
1315 5305 1497 5360 omnis
1552 5308 1644 5361 illa
1672 5324 1795 5363 esse
1840 5322 2055 5379 peracta
2096 5334 2105 5365 :

522 5404 627 5443 non
658 5392 785 5459 quia
801 5407 909 5445 non
928 5396 1163 5462 potuerit
1195 5394 1333 5451 Deus
1368 5408 1476 5452 tam
1504 5401 1647 5454 brevi
1668 5419 1727 5455 ea
1747 5406 1923 5472 spatio
1939 5409 2111 5463 conii-

589 5571 635 5603 ’°
662 5572 678 5628 l
705 5575 845 5630 Petr.
874 5590 956 5642 tn,
1006 5578 1092 5634 i9.

2204 4582 2368 4637 etiam
2396 4580 2487 4637 illa
2533 4590 2664 4637 sunt
2684 4589 3005 4653 procreata;
3045 4598 3217 4653 quare
3244 4599 3440 4655 parum
3475 4600 3788 4656 congruen-

2206 4684 2289 4729 ter
2317 4675 2433 4745 ipsa
2464 4670 2718 4729 dicantur
2771 4673 2965 4729 eodem
3025 4689 3138 4729 uno
3180 4691 3303 4731 cum
3337 4675 3545 4732 Adamo
3587 4676 3679 4734 die
3729 4675 3787 4733 in

2206 4765 2421 4820 dissitis
2450 4764 2767 4835 regionibus
2794 4773 2935 4830 orta,
2963 4773 3015 4819 et
3044 4764 3208 4819 simul
3269 4765 3341 4821 ad
3371 4766 3635 4822 Adamum
3664 4778 3785 4823 acta

2208 4874 2369 4924 esse;
2441 4856 2692 4926 quamris
2751 4857 2805 4910 ld
2858 4856 2914 4910 in
2972 4858 3226 4913 volucres
3278 4860 3553 4928 quadrare
3592 4862 3785 4929 possit,

2209 4952 2409 5021 quippe
2467 4963 2588 5018 quae
2618 4950 2727 5023 jam
2775 4962 2901 5004 ante
2946 4951 3163 5006 fuerant
3208 4963 3402 5007 enata'.
3441 4951 3600 5019 Quod
3640 4956 3785 5009 enim

2215 5051 2584 5095 memorantur
2614 5042 2869 5097 animalia
2900 5045 2969 5097 ad
2982 5043 3247 5099 Adamum
3280 5061 3308 5098 a
3344 5044 3452 5100 Deo
3479 5050 3599 5103 esSc
3621 5047 3789 5103 addu-

2214 5142 2321 5195 cta,
2358 5132 2636 5201 signiticet
2684 5132 2852 5187 variis
2904 5134 3108 5204 alioqui
3158 5136 3292 5191 locis
3346 5138 3435 5192 illa
3497 5150 3782 5209 procreata

2215 5224 2569 5293 dispersaque
2658 5224 2914 5293 agitasse.
2999 5224 3479 5285 Verumenimvero
3554 5229 3783 5287 liberum

2218 5325 2331 5369 esto
2361 5316 2573 5378 lecturi,
2616 5327 2793 5371 utram
2838 5318 2965 5373 velit
3006 5320 3201 5377 harum
3251 5323 3481 5378 duarum
3542 5324 3687 5380 inter
3727 5340 3787 5379 se

2222 5408 2657 5461 adt‘crsat‘iarnm
2690 5410 3012 5477 opinionum
3050 5414 3300 5482 amplecti
3336 5424 3500 5488 atque
3532 5417 3787 5473 retinere.

592 5761 845 5834 (29)N0n
894 5765 948 5821 in
986 5773 1295 5822 terrestrem
1338 5764 1650 5837 paradisum
1705 5767 1949 5827 immissa
1999 5782 2079 5829 est
2123 5770 2350 5830 latronis
2379 5774 2777 5844 anima,sedin
2813 5779 3062 5852 gloriam.
