4082 6160
313 330 411 397 581

1444 328 1537 386 DE
1583 323 1989 387 PAItADlSO.
2032 346 2101 358 --
2141 318 2329 379 PARS
2369 318 2418 379 Ι.

3466 306 3579 373 582

311 450 445 506 Nam
476 458 622 504 certa
647 456 835 503 earum
884 461 1064 502 rerum
1103 444 1341 514 cognitio
1372 443 1425 496 in
1460 442 1646 497 futuro
1671 440 1893 495 demum
1923 441 1970 501 Α
2002 434 2055 488 in
2086 435 2340 503 paradiso
2390 437 2784 486 commoratum
2831 440 2951 484 esse
3000 425 3164 480 horas
3212 438 3320 483 non
3345 424 3581 494 amplius

310 542 516 601 surculo
574 541 642 596 iis
690 539 937 594 absolute
975 536 1276 605 continget,
1319 534 1409 602 qui
1466 538 1625 590 antea
1671 530 1889 586 virtutis

311 635 588 693 exercitiis
635 647 694 689 se
723 632 826 704 ipsi
877 631 963 689 hic
992 644 1023 690 ο
1058 627 1265 699 peccati
1310 627 1546 681 tenebris
1594 635 1893 697 perpurga-

312 728 510 781 verint.

382 822 597 887 Quanto
621 829 848 886 (corpore
877 815 1047 871 Adam
1082 815 1269 867 vixerit
1302 814 1356 867 in
1391 804 1889 881 pandum—dam

309 928 443 966 vero
491 913 595 965 hoc
653 925 874 980 quoque
940 907 1296 977 expediamus
1336 921 1350 959 :
1398 909 1604 971 quanto
1649 910 1894 967 tempore

308 1006 575 1061 manserit
608 1006 781 1058 Adam
807 1001 861 1062 in
889 1001 1164 1072 paradiso.
1193 996 1293 1051 ilic
1326 995 1547 1065 quidam
1581 993 1895 1050 existimant

310 1096 532 1167 triginta
563 1110 739 1151 annos
780 1093 915 1151 inibi
948 1092 1151 1155 fuisse,
1180 1104 1395 1163 rnempe
1444 1094 1580 1156 quot
1632 1083 1895 1143 Dominus

310 1191 571 1245 nosterin
606 1189 816 1245 mundo
858 1188 969 1259 egit
1023 1200 1120 1259 pro
1145 1183 1417 1256 erpiando
1457 1181 1604 1237 illius
1634 1180 1889 1237 scelere:

310 1291 372 1333 ιιι
419 1283 662 1352 quandiu
721 1278 884 1347 primi
944 1278 1197 1331 homines
1226 1273 1625 1345 magniﬁcentia
1658 1267 1892 1339 paradisi

308 1385 438 1428 sunt
470 1373 652 1442 potiti,
681 1370 868 1427 tandiu
923 1371 1024 1424 iste
1076 1367 1264 1435 mundi
1311 1366 1476 1435 hujus
1530 1364 1891 1419 humilitatem

312 1465 656 1521 toleraverit.
711 1464 817 1519 Alii
850 1474 1063 1532 putant,
1120 1460 1481 1531 quadraginta
1527 1459 1716 1513 diebus
1750 1456 1895 1510 Δαθ-

308 1570 459 1609 mum
508 1556 617 1610 illic
650 1555 913 1619 hmsisse;
957 1568 1131 1615 eoque.
1166 1552 1449 1606 Christum
1501 1549 1617 1605 dies
1670 1548 1894 1603 totidem

306 1648 576 1719 jejunium
636 1652 943 1713 duravisse,
989 1646 1251 1701 nimirum
1312 1656 1370 1699 ut
1419 1645 1583 1712 hujus
1622 1642 1894 1713 jejunium

308 1743 558 1805 remedio
589 1753 730 1798 esset
764 1742 981 1795 illorum
1024 1739 1281 1811 ingluviei
1312 1755 1407 1807 per
1433 1753 1596 1807 quam
1625 1735 1896 1789 admisere

2002 543 2133 592 ses;
2167 542 2197 579 a
2230 528 2387 580 tertia
2428 524 2659 586 scilicet.
2688 520 2756 576 ad
2816 534 3016 575 nonam
3047 532 3220 587 usque
3260 516 3363 571 diei
3396 518 3533 572 sexti
3560 536 3573 578 ;

1994 618 2160 687 idque
2223 617 2421 671 tribus.
2458 612 2760 681 rationibus
2822 611 3205 665 demonstrare
3286 608 3580 664 nituntur:

1992 724 2227 779 quarum
2262 709 2437 779 prima
2469 715 2574 769 est,
2608 705 2737 775 quia
2770 705 2943 757 multo
2971 702 3181 756 facilius
3206 700 3378 771 decipi
3409 704 3583 771 potuit

1992 803 2236 861 Adamus
2272 803 2325 856 in
2363 803 2484 870 ipso
2515 801 2698 856 statim
2724 798 2878 854 initio
2900 808 3061 865 quam
3097 795 3138 849 si
3166 795 3413 863 longiore
3444 805 3531 849 tea
3555 825 3582 838 -ν

1994 908 2126 966 pom
2176 892 2489 964 paradisum
2542 890 2900 954 incoluissct;
2955 887 3170 950 altera,
3215 888 3475 956 quoniam
3537 888 3580 938 ii

1992 987 2204 1046 diutius
2243 987 2385 1056 apud
2418 986 2662 1041 animum
2697 997 2857 1038 suum
2892 978 3207 1034 meditando
3236 979 3584 1050 expendisstt

1993 1079 2319 1149 imperatam
2392 1077 2495 1135 sibi
2577 1078 2789 1146 legem,
2835 1072 3052 1128 cautior
3096 1069 3279 1126 factus
3351 1069 3579 1129 inisset;

1994 1186 2184 1226 verum
2215 1172 2434 1240 quando
2466 1169 2719 1233 exiguum
2745 1164 2835 1219 ille
2896 1162 3160 1232 temporis
3192 1161 3426 1229 spatium
3449 1162 3582 1229 egit.

1994 1263 2158 1321 simul
2188 1272 2246 1315 ut
2265 1260 2582 1315 mandatum
2608 1273 2642 1313 a
2664 1256 2773 1311 Deo
2802 1259 3110 1322 acceperat,
3137 1251 3383 1306 fraudem
3412 1253 3575 1304 etiam

1996 1356 2104 1412 sibi
2158 1353 2318 1410 facile
2369 1352 2487 1407 ﬁeri
2541 1363 2737 1421 passus
2766 1359 2871 1403 est.
2916 1344 3121 1410 Tertia,
3158 1342 3423 1398 credibile
3477 1351 3581 1403 est,

1998 1451 2206 1514 Deum,
2261 1460 2425 1516 quem
2485 1445 2744 1512 paradiso
2789 1437 3052 1509 pulsurus
3095 1444 3234 1496 erat.
3265 1450 3389 1492 eum
3440 1435 3584 1489 hand

1998 1543 2157 1613 longo
2191 1553 2433 1611 tempore
2479 1548 2629 1593 tanta
2659 1536 2923 1590 felicitate
2954 1530 3061 1587 frui
3090 1530 3289 1586 sivisse
3316 1542 3385 1583 ne
3416 1527 3584 1583 nimi-

2001 1652 2135 1693 rum
2186 1634 2638 1695 cxcruciaretnr;
2690 1629 2781 1682 sed
2852 1625 3073 1680 mollius
3114 1622 3407 1689 minusque
3445 1633 3587 1689 aegre

2000 1725 2207 1788 ferret,
2268 1739 2326 1778 se
2408 1722 2573 1777 tantis
2631 1716 2841 1773 deliciis
2888 1712 3147 1782 spoliari;
3212 1711 3353 1765 solet
3412 1708 3561 1763 enim

310 1842 597 1905 peccatum
621 1835 675 1888 in
707 1835 981 1902 paradiso.
1030 1832 1138 1891 Sed
1166 1829 1419 1883 dotninus
1472 1828 1735 1897 Ephrem.
1768 1824 1891 1881 Phi-
1926 1802 1969 1857 Β
2001 1818 2141 1873 Deus
2171 1816 2466 1873 clementer
2493 1811 2910 1881 castigationem
2943 1818 3222 1861 exercere.
3268 1803 3449 1870 Atque
3496 1800 3586 1855 hic

309 1925 565 1994 leaenas,
589 1934 645 1983 et
674 1926 735 1981 ι).
762 1926 1008 1982 Jacobus
1043 1921 1370 1993 Sarugcnsis
1415 1922 1589 1986 aiunt,
1612 1917 1893 1973 .Adamum

328 2122 1252 2149 Μ

2002 1912 2127 1969 finis
2157 1920 2279 1967 esto
2320 1908 2480 1981 primi
2514 1901 2916 1960 commentarii.

1260 2095 3541 2144 Mm

1389 2277 1679 2368 PARS
1756 2268 2481 2370 POSTERIOR.

910 2664 1331 2725 ιιιιοωιιιυιι.

383 2790 505 2851 Col.
551 2785 861 2861 Superioris
890 2782 1318 2845 Commentarii,
1353 2780 1439 2848 pie
1480 2775 1676 2846 Ignoti,
1719 2775 1896 2847 primo

316 2883 513 2956 capite.
541 2879 862 2937 disserendo
891 2875 1231 2931 ostendimus
1252 2912 1267 2936 ,
1298 2871 1611 2939 paradisum
1662 2864 1897 2937 duplicis

311 2990 436 3032 esse
473 2972 833 3034 conditionis.
868 2982 1144 3037 corporeae
1197 2974 1253 3021 et
1291 2963 1586 3034 spiritalis;
1631 2969 1795 3030 atque
1828 2958 1895 3013 ad

314 3070 368 3127 id
390 3066 852 3141 comprobandum
875 3062 1014 3117 addo
1027 3060 1202 3114 ximus
1220 3066 1537 3129 argumenta
1557 3053 1893 3109 ﬁrmissima:

315 3171 432 3219 tum
461 3163 531 3215 ab
561 3160 676 3230 ipsa
703 3172 886 3213 rerum
922 3161 1116 3208 natura
1147 3149 1336 3220 petita.
1375 3158 1487 3202 tum
1515 3160 1709 3201 eorum
1748 3142 1897 3198 viro-

316 3268 440 3313 rum
475 3251 799 3308 auctoritate
826 3247 953 3302 nisa
994 3246 1087 3317 qui
1112 3244 1272 3297 fidem
1302 3241 1355 3294 in
1385 3240 1452 3293 iis
1488 3238 1650 3293 rebus
1684 3248 1899 3291 meren-

318 3356 430 3403 tur.
460 3342 740 3400 Prosecuti
782 3356 945 3410 porro
970 3340 1079 3393 illic
1109 3352 1301 3391 sumus
1340 3340 1691 3404 corporatum
1740 3343 1901 3401 para-

315 3438 519 3500 disum,
549 3449 775 3505 quicque
801 3447 869 3488 eo
894 3445 1018 3483 cum
1045 3434 1373 3497 spectarent,
1394 3431 1701 3477 memoratu
1735 3418 1897 3490 digna

314 3544 439 3587 esse
473 3527 800 3583 videbantur
830 3541 845 3579 :
880 3522 1239 3591 espsicantcs,
1289 3532 1399 3571 non
1442 3518 1604 3569 modo
1635 3529 1721 3567 res
1750 3514 1898 3582 ipsas

317 3621 414 3681 90d
451 3621 676 3676 nomina
709 3617 873 3671 etiam
905 3629 1109 3677 rerum,
1139 3626 1235 3680 pro
1270 3618 1455 3663 tenore
1486 3622 1674 3661 eorum
1709 3607 1901 3657 terbo-

315 3730 440 3772 rum
490 3712 691 3781 quibus
741 3709 899 3764 dirus
944 3706 1124 3759 Moses
1156 3703 1208 3757 in
1246 3699 1606 3756 deserihendo
1642 3697 1899 3767 paradiso

317 3821 456 3865 usus
496 3815 602 3862 est.
630 3802 747 3860 lam
780 3816 915 3855 vero
969 3800 1023 3854 in
1075 3800 1180 3852 hoc
1227 3792 1467 3851 secundo
1496 3789 1899 3847 Commentario

317 3898 735 3960 constituimus.
788 3895 1082 3964 adjuvante
1127 3902 1347 3959 operam
1396 3894 1642 3939 nostram
1686 3880 1896 3953 Spiritu

319 4002 513 4047 sancto
537 3989 629 4060 qui
659 3987 845 4043 omnia
875 3989 1251 4055 perscrutatur
1279 3977 1443 4033 etiam
1494 3990 1692 4031 arcana
1731 3983 1896 4046 atque

320 4086 509 4145 intima
542 4082 658 4147 Dei,
683 4082 750 4136 de
776 4079 966 4135 eodem
997 4074 1249 4146 paradiso
1279 4072 1551 4127 disserere
1566 4067 1897 4140 mystiec,er,

319 4179 481 4236 utsic
512 4177 715 4239 dicam,
741 4171 1101 4244 spiritualiter
1132 4183 1149 4223 :
1180 4176 1239 4223 ut
1274 4163 1736 4239 quemadmodum
1778 4162 1896 4232 ipse

318 4269 609 4347 paradisus
664 4268 864 4335 duplex
920 4273 1025 4330 est,
1074 4263 1151 4319 ita
1181 4278 1211 4316 a
1268 4258 1426 4315 nobis
1473 4257 1679 4329 duplici
1730 4255 1895 4311 modo

318 4372 600 4420 tnetetur.
640 4359 1080 4415 Consentaneum
1126 4366 1295 4425 porro
1340 4359 1465 4418 est,
1522 4359 1582 4405 ut
1630 4350 1685 4405 in
1731 4349 1894 4415 hujus

2497 2653 2733 2711 CAPUT
2794 2650 3085 2709 PRIMUM.
3121 2710 3129 2717 _

2085 2768 2265 2827 Varia:
2299 2773 2572 2830 setttcntia:
2639 2770 2923 2831 Doctorum
2979 2768 3468 2825 Ecclesiasticorum
3523 2770 3590 2827 de

2004 2868 2260 2939 paradiso
2324 2868 2568 2937 mystico.
2623 2895 2694 2908 -
2757 2864 3017 2920 Doctores
3087 2862 3344 2917 Ecclesiae
3395 2877 3587 2927 sacrae,

2002 2963 2094 3041 qui
2124 2960 2407 3034 praecipui,
2478 2959 2903 3025 certissimmque
2955 2955 3078 3017 fidei
3113 2954 3407 3019 habentur,
3443 2955 3583 3009 alias

2000 3065 2164 3126 atque
2197 3052 2333 3115 alias
2371 3052 2662 3118 opiniones
2689 3048 2933 3113 habuere
2953 3048 3019 3101 de
3045 3045 3296 3115 paradiso
3322 3046 3584 3117 mystico.

2004 3150 2241 3220 Quidam
2298 3145 2447 3205 enim
2512 3146 2759 3218 ipsorum
2818 3149 3232 3202 sacrosanctam
3283 3135 3584 3195 Ecclesium

2002 3244 2456 3297 existimaverunt
2493 3237 2782 3307 mysﬁcum
2840 3234 3153 3303 paradisum
3177 3245 3300 3285 esse
3330 3246 3349 3289 :
3405 3240 3574 3300 atque

2005 3335 2171 3405 hujus
2201 3334 2426 3404 ﬁguram
2487 3331 2775 3402 mysticam
2832 3326 3005 3389 fuisse
3063 3325 3196 3379 olim
3231 3332 3584 3391 corporatura

2009 3427 2159 3483 illum
2190 3423 2508 3497 paradisum
2541 3426 2592 3474 in
2634 3435 2746 3491 quo
2804 3429 2923 3481 erat
2954 3417 3221 3475 Adamus.
3271 3414 3376 3473 Alii
3422 3431 3586 3487 para.

2005 3522 2186 3577 disnn‘t
2225 3518 2515 3588 mysticum
2555 3513 2801 3573 fecerunt
2863 3527 2987 3571 eam
3037 3510 3245 3567 Christi
3302 3509 3586 3567 doerinam

2002 3630 2168 3685 quam
2199 3612 2511 3682 baptizatus
2539 3607 2878 3677 divulgabat,
2919 3606 3230 3675 cujnsmodi
3281 3615 3411 3661 sunt
3453 3604 3585 3660 illa:

2000 3704 2078 3760 Ne
2106 3704 2365 3763 irascaris
2395 3714 2487 3757 tuo
2516 3701 2682 3756 fratri-
2705 3699 2948 3769 gratuito
2979 3714 2996 3751 :
3030 3695 3107 3751 Ne
3144 3697 3392 3755 iutueare
3427 3694 3585 3755 femi-

2001 3800 2204 3851 minam
2240 3811 2335 3865 per
2366 3793 2671 3864 cupidinem
2710 3810 2722 3845 :
2762 3790 2824 3846 Si
2875 3792 2991 3859 quis
3034 3792 3351 3859 percusserit
3393 3789 3588 3848 marit-

1998 3888 2106 3941 lam
2166 3898 2333 3951 tuam,
2394 3889 2667 3939 dexteram
2713 3884 2918 3938 obueru
2973 3884 3022 3937 ei
3074 3883 3301 3937 alteram
3337 3897 3585 3952 quoque:

2005 3982 2170 4046 Vade,
2200 3982 2362 4036 renda
2391 3980 2649 4052 quidquid
2677 3978 2857 4045 habet,
2881 3990 2930 4031 et
2954 3977 3081 4032 dato
3104 3974 3422 4049 pauperibus
3440 3976 3511 4042 ",
3533 3986 3587 4028 ct

1997 4073 2162 4147 hujus
2189 4074 2406 4151 generis
2452 4073 2579 4128 alia.
2606 4072 2847 4128 Rursum
2899 4070 2989 4125 alii
3050 4077 3265 4139 putant,
3294 4072 3583 4139 mysticum

1995 4164 2308 4241 paradisum
2356 4180 2478 4222 esse
2528 4164 2725 4224 anima:
2766 4170 2977 4235 typum.
3013 4163 3347 4232 arboresque
3385 4158 3441 4217 in
3492 4159 3586 4215 illo

1994 4268 2167 4327 satas,
2217 4256 2415 4311 animm
2452 4254 2695 4310 facinora
2736 4268 2833 4327 per
2870 4253 3127 4310 virtutem
3181 4249 3324 4309 facta
3371 4249 3587 4321 signiti-

1994 4364 2156 4415 care;
2184 4348 2264 4411 hi.
2281 4357 2519 4421 quatuor
2534 4344 2770 4417 paradisi
2791 4342 3016 4403 ﬂumina
3036 4344 3102 4401 ad
3124 4353 3362 4416 quatuor
3387 4344 3586 4404 anima:

316 4467 540 4526 quoque
583 4450 809 4509 secundi
858 4450 1133 4507 sermonis
1190 4443 1479 4518 principio,
1516 4443 1634 4515 ipsa
1684 4452 1890 4513 septem
1927 4483 1972 4539 υ
1997 4442 2231 4498 virtutes
2277 4438 2602 4495 naturaliter
2628 4436 3067 4504 {accommodant
3097 4451 3112 4490 :
3146 4450 3342 4506 nempe
3371 4435 3439 4491 ad
3469 4448 3589 4491 eam

315 4548 495 4617 capita
520 4545 722 4617 quibus
756 4551 930 4599 totum
960 4556 1099 4612 opus
1126 4553 1159 4595 a
1191 4537 1352 4594 nobis
1379 4535 1707 4596 absolvetur.
1736 4547 1895 4589 sum-

317 4637 507 4693 matim
528 4649 918 4706 proponamus.
940 4632 1127 4687 Primo
1162 4630 1330 4701 igitur
1363 4628 1535 4699 capite
1563 4626 1894 4691 ostenditur,

314 4743 422 4801 qua
471 4729 684 4784 ratione
728 4726 934 4782 inducti
978 4724 1091 4781 sint
1120 4722 1377 4779 doctores
1407 4719 1688 4784 Ecclesiae,
1718 4724 1776 4774 ut
1826 4716 1896 4777 de

315 4818 576 4893 paradiso
617 4820 847 4892 mystice
878 4818 1268 4887 loquerentur;
1298 4822 1352 4870 et
1380 4813 1582 4883 quibus
1613 4811 1895 4868 vocabulis

316 4909 1037 4986 appellaverint'mysticum
1062 4909 1395 4981 paradisum.
1430 4904 1684 4960 Secundo
1716 4904 1895 4975 capite

315 5006 696 5086 explicabitur,
756 5004 893 5077 quid
938 5005 1009 5059 sit
1044 5002 1297 5072 pardisus
1345 5001 1630 5071 mysticus.
1678 4997 1890 5061 Tertio,

316 5120 567 5179 quanam
596 5103 667 5158 sit
711 5112 857 5155 terra
896 5097 1146 5170 mystica.
1185 5095 1414 5163 Quarto,
1455 5094 1644 5164 quales
1691 5093 1894 5148 iuerint

317 5200 541 5253 arbores
596 5200 759 5263 atque
815 5189 1012 5260 plantae
1073 5188 1129 5241 in
1159 5185 1264 5243 hoc
1318 5185 1551 5255 mystico
1615 5184 1889 5255 paradiso.

316 5291 516 5358 Quinto
556 5301 681 5357 quae
724 5282 887 5338 fuerit
934 5279 1101 5335 arbor
1142 5278 1385 5334 scientiae
1423 5278 1549 5332 boni
1581 5285 1635 5332 ct
1681 5276 1807 5332 mali
1841 5275 1894 5331 in

322 5382 422 5435 hoc
455 5378 709 5447 paradiso
732 5373 959 5445 mystico
984 5380 1125 5427 sata.
1159 5372 1349 5435 Sesto,
1379 5383 1503 5439 qua
1534 5367 1698 5423 fuerit
1733 5369 1897 5421 arbor

319 5474 441 5528 vit-.e
480 5473 533 5524 in
564 5470 666 5521 hoc
701 5465 954 5535 paradiso
981 5462 1229 5534 mystico.
1265 5459 1528 5531 Septimo,
1551 5469 1894 5529 exponentur

324 5563 546 5636 mystice
601 5561 764 5613 verba
814 5555 980 5611 Mosis
1008 5571 1128 5626 quae
1157 5555 1227 5611 de
1263 5552 1517 5624 paradiso
1549 5555 1754 5625 scripta
1804 5552 1893 5610 ille

326 5652 560 5727 reliquit.

398 5823 414 5844 ’
480 5812 667 5870 Matth.
698 5827 750 5879 v,
780 5809 867 5876 £2,
899 5806 990 5877 27,
1020 5803 1131 5875 39;
1183 5819 1292 5871 xta,
1328 5802 1422 5861 2f.

1999 4551 2122 4607 quae
2148 4531 2431 4589 rationalis
2452 4532 2626 4602 partis
2659 4527 2855 4590 animi!
2882 4528 3102 4600 propria
3127 4536 3231 4590 est.
3257 4536 3313 4583 et
3345 4526 3589 4598 pruden-

2003 4630 2076 4684 tia
2133 4638 2387 4690 vocatur,
2442 4632 2499 4679 et
2541 4624 2607 4680 ad
2658 4621 3077 4692 temperantiam
3114 4638 3129 4675 :
3166 4620 3295 4676 item
3344 4619 3413 4676 ad
3463 4633 3585 4676 eam

1998 4736 2123 4795 quae
2149 4720 2453 4777 animosam
2484 4714 2600 4774 sive
2620 4714 2947 4772 irasclbilein
2983 4722 3192 4785 partem
3225 4714 3421 4768 anima:
3451 4727 3578 4785 spe-

1999 4820 2132 4881 ctat,
2156 4821 2324 4883 atque
2352 4826 2499 4866 nunc
2524 4807 2811 4872 fortitudo,
2844 4818 2991 4863 nunc
3017 4803 3218 4863 lenitas
3259 4817 3587 4861 mansuetu-

2000 4908 2141 4962 dove
2191 4902 2518 4976 appellatur,
2569 4901 2808 4971 denique
2852 4899 2919 4955 ad
2957 4898 3228 4971 justitiam
3261 4915 3275 4951 :
3308 4897 3393 4952 hac
3435 4897 3582 4952 enim

1999 5006 2256 5072 quatuor,
2293 5007 2520 5054 caeteras
2549 4996 2745 5051 animae
2774 4993 3005 5049 virtutes
3047 5008 3241 5047 omnes
3275 4990 3445 5044 veluti
3503 4990 3582 5044 ri-

2000 5105 2150 5165 gant,
2178 5092 2380 5156 fovent,
2400 5099 2621 5161 augent.
2658 5089 2799 5145 Sunt
2819 5097 3077 5159 praeterea
3108 5084 3200 5155 qui
3223 5084 3579 5147 arbitrentur,

2003 5188 2290 5259 mysticum
2328 5185 2643 5257 paradisum
2676 5196 2798 5238 esse
2829 5195 3024 5237 sensus
3068 5178 3332 5248 quosdam
3376 5176 3581 5248 figura-

1998 5292 2085 5335 tos
2119 5282 2235 5335 sive
2262 5278 2608 5350 parabolicos
2636 5276 2721 5347 (ut
2753 5272 3034 5341 vocamus}
3083 5278 3179 5325 aut
3215 5270 3577 5341 anagogicos:

1997 5384 2063 5426 ea
2085 5372 2231 5426 enim
2262 5384 2385 5441 quae
2414 5384 2445 5423 a
2471 5366 2619 5423 M’ose
2649 5366 2716 5422 de
2742 5366 2998 5439 paradiso
3020 5362 3163 5419 dicta
3196 5374 3345 5426 sunt,
3382 5361 3577 5432 partim

1996 5463 2064 5519 de
2106 5464 2269 5517 rebus
2320 5462 2455 5531 ipsis
2490 5476 2613 5532 qua:
2646 5456 2930 5515 vocabulis
2962 5455 3222 5525 subjecta
3255 5463 3405 5517 sunt,
3437 5452 3579 5505 acri-

1997 5553 2193 5625 pienda
2245 5567 2370 5608 esse
2407 5569 2421 5607 :
2454 5552 2652 5624 partim
2700 5563 2832 5605 vero
2877 5561 2974 5618 per
3003 5542 3417 5600 shnilitudinem
3475 5543 3579 5593 alio

1995 5644 2479 5705 accommodanda.
2528 5642 2689 5700 Verbi
2726 5641 2925 5712 gratia,
2963 5634 3110 5709 quod
3164 5635 3238 5691 ait
3285 5632 3575 5689 Dominum
