4082 6160
412 259 515 321 ιιι

1686 252 1913 315 MOSIS
1956 254 2047 315 BA
2060 254 2108 316 Β
2148 254 2392 314 (ΣΕΡΙΙΛ

3557 252 3666 315 ὁδὶ

414 376 582 430 licunt
620 374 886 429 formasse
916 375 1208 433 diluiuum,
1250 381 1306 427 et
1351 387 1475 443 quae
1508 380 1640 427 sunt
1682 372 1847 441 hujus
1892 388 1987 443 ge-
2017 376 2060 437 Λ
2093 382 2178 428 cst
2222 370 2529 427 differentia
2566 389 2577 426 :
2614 370 2934 443 quantisper
2975 384 3119 424 etum
3171 368 3282 424 luce
3330 368 3458 424 Αιιει·
3500 368 3668 423 animi

410 464 672 527 neiis.tle
699 464 865 520 rebus
897 464 1027 533 ipsis
1048 478 1174 517 esse
1205 462 1554 533 intelligenda
1586 462 1776 516 dicunt
1808 478 1823 515 :
1857 461 1988 517 illud

412 572 565 619 vero,
593 554 741 623 quod
784 553 1048 610 Dominus
1073 554 1216 610 Deus
1241 555 1553 609 consererit
1588 555 1897 623 paradisum
1936 556 1989 609 iu

416 648 564 703 Buten
595 650 665 703 ab
700 647 878 716 initio,
906 648 1017 702 alio
1052 662 1217 702 sensu
1254 662 1375 702 esse
1407 646 1786 714 accipiendum
1825 661 1991 717 quam

418 742 583 797 verba
631 742 748 811 ipsa
782 742 1119 808 ostendunt;
1154 755 1355 810 nempe
1405 738 1574 794 Deum
1614 742 1993 810 comparuisse

414 835 756 905 spiritualem
786 835 1083 905 quamdam
1127 845 1292 902 atque
1327 834 1541 888 felicem
1573 835 1789 889 vivendi
1822 834 1987 890 ratio.

418 937 696 989 nem,ete.
737 926 940 981 Praeter
982 926 1083 980 Itos
1131 934 1261 981 sunt
1308 926 1401 993 qui
1449 926 1619 980 velint
1641 927 1675 993 ,1
1707 926 1995 997 mysticum

416 1016 732 1085 paradisum
761 1030 884 1071 esse
914 1016 1093 1084 ipsum
1124 1025 1472 1085 corporatura
1499 1016 1836 1086 paradisum,
1861 1016 1994 1071 dum

419 1122 547 1162 cttut
592 1107 781 1161 animo
827 1108 1264 1177 contemplamur
1311 1108 1582 1177 spirituali
1622 1109 1855 1163 ratione.
1891 1105 1998 1163 Po-

420 1209 629 1253 strcmo
682 1207 813 1253 sunt
866 1199 958 1253 alii
1005 1200 1259 1253 doctores
1289 1214 1524 1269 quorum
1559 1202 1849 1255 sententia:
1895 1216 1998 1258 nos

418 1308 639 1362 quoque
674 1292 1101 1354 subscribinms,
1130 1292 1223 1360 qui
1252 1294 1428 1363 ipsum
1480 1293 1789 1364 paradisum
1821 1294 2003 1366 dupli~

304 1394 315 1404 '
418 1386 501 1439 cis
536 1384 876 1441 conditionis
905 1400 1030 1440 esse
1077 1388 1279 1453 aiunt,
1317 1388 1514 1457 partim
1563 1390 1709 1443 enim
1737 1404 1805 1444 ex
1836 1389 2002 1445 rebus

420 1476 747 1542 corporatis.
805 1477 1003 1547 partim
1033 1494 1098 1532 ex
1138 1480 1517 1548 spiritualibus
1544 1491 1827 1547 constare;
1859 1480 2003 1535 sicut

419 1578 475 1620 et
527 1569 641 1637 ipse
687 1570 861 1623 Adam
900 1570 1060 1638 cujus
1105 1572 1278 1641 gratia
1331 1571 1420 1624 ille
1472 1570 1727 1627 conditus
1756 1582 1897 1637 erat,
1931 1586 2001 1627 ex

420 1672 651 1727 corpore
676 1666 730 1712 et
758 1660 940 1713 anima
980 1660 1095 1715 sive
1141 1660 1338 1729 spiritu
1385 1661 1565 1717 fuerat
1612 1664 1953 1732 compositus
1982 1701 2001 1725 ,

2092 466 2175 522 vis
2204 465 2305 521 sibi
2336 465 2645 531 constabat,
2698 474 2806 520 tota
2842 465 2896 519 in
2925 480 3092 519 unum
3142 479 3304 520 suum
3353 464 3669 519 Creatorem

2091 560 2339 621 inventa.
2372 558 3093 631 ᾗιιεί(ιιιοζςοιιιριιψιειιίοιιθ
3120 559 3171 612 ei
3210 558 3452 628 alligata,
3480 558 3673 612 tantis-

2094 666 2191 721 per
2222 653 2278 705 in
2304 651 2426 707 solo
2455 652 2602 705 bono
2642 651 2730 706 ille
2764 651 3106 717 versabatur,
3136 652 3298 720 idque
3330 666 3499 705 unum
3542 666 3675 704 seu-

2094 744 2261 799 ticbat
2290 784 2307 809 ,
2334 758 2524 799 verum
2565 753 2853 814 postquam
2883 741 2976 799 illa
3016 741 3146 799 inde
3201 754 3348 797 mota
3380 749 3490 803 est.
3525 757 3660 796 sese.

2092 852 2202 906 quc
2238 837 2480 901 demisit,
2551 836 2724 892 sensit
2760 836 2927 891 etiam
2973 836 3204 892 alterum
3256 836 3388 891 illud
3416 874 3433 899 ,
3460 834 3513 890 id
3570 842 3673 893 est.

2096 931 2275 999 ipsum
2310 929 2536 985 malum.
2576 928 2685 984 Alii
2710 938 2996 983 autumant
3045 927 3286 983 scientia:
3311 926 3439 981 boni
3469 934 3523 980 et
3552 926 3677 979 ntali

2097 1022 2349 1079 arborem
2419 1022 2589 1077 fuisse
2644 1031 2831 1093 typum
2863 1019 2996 1093 legis
3033 1018 3287 1074 Mosaicre
3315 1062 3330 1086 ,
3362 1034 3422 1072 ut
3466 1028 3522 1073 et
3556 1017 3681 1072 reli-

2097 1128 2242 1186 quas
2274 1114 2514 1185 paradisi
2546 1114 2801 1176 arbores,
2844 1111 3185 1181 singulorum
3215 1110 3338 1177 ejus
3371 1107 3509 1178 legis
3540 1122 3681 1177 pra:-

2098 1218 2381 1277 ceptorum
2419 1205 2642 1278 ﬁguras.
2665 1219 2733 1260 eo
2767 1204 2914 1273 quod
2946 1204 3028 1258 lex
3050 1201 3285 1258 Mosaica
3310 1202 3452 1255 inter
3476 1201 3679 1254 bonum

2100 1299 2413 1370 malumque
2437 1297 2735 1368 dijudicet;
2764 1311 2970 1367 eosque
3003 1295 3097 1367 qui
3133 1293 3271 1350 bene
3288 1302 3477 1363 agunt.
3498 1292 3683 1357 bonis,

2100 1400 2157 1446 et
2184 1390 2280 1459 qui
2308 1390 2474 1457 male,
2506 1388 2670 1443 malis
2699 1385 2943 1452 alliciat;
2975 1397 3142 1454 atque
3175 1383 3302 1439 ideo
3348 1385 3491 1438 hanc
3525 1383 3686 1437 arbo-

2102 1495 2217 1536 rem
2240 1480 2393 1551 juxta
2420 1479 2542 1535 vita:
2578 1480 2831 1532 arborem
2884 1478 3044 1533 sitam
3079 1475 3254 1531 luisse
3282 1514 3300 1540 ,
3333 1484 3394 1530 ut
3428 1475 3530 1529 nisi
3559 1474 3687 1545 quis

2104 1573 2278 1643 ipsam
2307 1570 2461 1643 prius
2486 1572 2656 1641 legem
2684 1568 2971 1634 coluisset,
2998 1567 3103 1623 hoc
3133 1578 3237 1629 est.
3268 1567 3402 1638 legis
3432 1566 3685 1621 mandata

2106 1664 2478 1725 obserasset.
2501 1663 2567 1715 ad
2601 1662 2724 1714 vita:
2761 1660 3013 1716 arborem
3042 1660 3359 1728 pertingere
3416 1656 3689 1726 nequiret,

421 1758 851 1820 corporeusque
880 1752 1117 1819 paradisi
1140 1760 1323 1821 partes
1341 1768 1463 1810 esse
1491 1754 1742 1821 arbores,
1767 1756 2000 1823 plantas,
2037 1733 2080 1789 θ
2109 1757 2163 1813 id
2181 1766 2271 1812 est
2310 1755 2380 1810 ad
2409 1769 2531 1810 eam
2566 1753 2873 1808 libertatem
2906 1766 3031 1822 qua
3072 1750 3216 1820 apud
3244 1749 3525 1805 Christum
3556 1757 3642 1802 est
3669 1786 3688 1812 ,

422 1853 480 1897 et
525 1844 865 1913 ejusccmodi
915 1860 1005 1901 res
1054 1846 1191 1901 alias
1227 1885 1245 1910 ,
1275 1855 1461 1917 partes
1489 1863 1622 1901 vero
1664 1848 2005 1919 spirituales.

425 1936 593 1989 vitam
618 1933 831 1989 beatam
860 1942 1024 2004 atque
1046 1938 1346 1992 secundum
1368 1938 1616 1993 virtutem
1645 1947 1848 2003 actam,
1870 1948 2007 2007 etc.,

430 2028 574 2081 sicut
613 2026 814 2095 prioris
836 2024 1230 2081 Commentttrti
1256 2029 1499 2084 secundo
1544 2030 1720 2101 capite
1769 2030 2010 2100 explica-

433 2120 632 2173 rimus.

1045 2189 1277 2245 CAPUT
1312 2190 1379 2245 II.

501 2278 635 2344 Qua:
688 2295 767 2333 res
822 2283 891 2333 sit
942 2281 1229 2347 paradisus
1290 2283 1567 2353 mysticus.
1598 2312 1667 2323 -—
1720 2283 2013 2342 Paradisus

431 2372 734 2439 spiritualis
782 2373 899 2426 sive
937 2374 1222 2443 mysticus.
1250 2374 1493 2430 vitamst
1552 2376 1857 2447 spiritualis
1889 2393 2012 2448 qua:

430 2467 616 2520 animo
642 2471 904 2537 agitatur,
941 2467 1108 2535 Iplena
1154 2479 1383 2522 summa:
1423 2470 1794 2538 temperantia!
1847 2482 2011 2540 atque

429 2560 761 2622 sanctitatis,
796 2566 852 2613 ct
902 2559 1179 2629 perpetuis
1211 2558 1659 2617 meditationibus
1706 2576 1889 2617 rerum
1933 2563 2016 2618 di-

431 2650 687 2703 vinarum
719 2664 1021 2720 earumque
1055 2666 1177 2720 qua:
1204 2660 1335 2706 sunt
1366 2666 1395 2705 a
1429 2650 1536 2705 Deo
1569 2652 1825 2719 conditas,
1854 2653 2015 2711 addi-

433 2750 523 2793 cta
552 2780 569 2805 ,
601 2749 764 2809 atque
820 2741 1049 2795 omnino
1086 2741 1197 2795 rita
1242 2741 1402 2797 beata
1432 2749 1488 2798 et
1521 2744 1789 2814 angelica,
1826 2744 2019 2813 procul

366 2869 371 2873 -
436 2829 509 2883 ab
537 2831 794 2884 omnibus
822 2829 991 2884 animi
1038 2830 1561 2900 perturbationibus,
1609 2833 2018 2898 anxietatibus,

437 2922 716 2991 suspiriis,
752 2923 900 2976 luctu
934 2930 1164 2987 remota,
1197 2930 1361 2993 atque
1388 2938 1512 2977 cum
1552 2925 1775 2995 gaudio,
1807 2924 2019 2993 latitia,

434 3012 801 3068 exsultatione
848 3014 1162 3082 conjuncta,
1214 3012 1397 3083 itaque
1451 3014 1664 3084 pollens
1713 3024 2019 3085 potensque

438 3110 501 3157 ut
547 3102 734 3159 radios
781 3111 948 3171 atque
992 3103 1339 3171 splendorem
1374 3105 1683 3160 divinarum
1726 3107 2019 3163 nationum

439 3192 732 3262 concipere
770 3204 980 3262 queat,
1013 3194 1216 3265 quippe
1246 3196 1339 3266 qui
1374 3196 1429 3249 in
1467 3198 1571 3251 hoc
1606 3198 1863 3267 paradiso
1894 3213 2020 3253 ver-

439 3294 656 3349 cantur,
680 3286 735 3338 in
788 3301 1003 3340 summa
1041 3288 1231 3342 vivunt
1270 3287 1636 3355 beatitudine,
1663 3300 1828 3359 atque
1865 3306 2011 3347 crea-

440 3389 615 3432 torem
649 3374 819 3430 Deum
850 3379 1083 3447 ejusque
1104 3388 1406 3444 creaturas,
1439 3391 1618 3436 mente
1645 3385 2026 3454 contemplan-

448 3476 532 3522 tes
581 3466 947 3524 nblectautur.
981 3465 1115 3523 Nam
1145 3481 1201 3525 et
1245 3485 1495 3541 superare
1544 3474 1717 3543 copia:
1764 3479 2024 3546 angelicae

444 3558 558 3613 illic
589 3557 870 3623 habitant,
905 3568 961 3613 et
984 3559 1154 3615 Adam
1204 3563 1459 3633 Evaque,
1493 3573 1787 3635 antequam
1827 3569 2026 3623 adrer-

447 3665 574 3705 sutn
630 3647 723 3705 Dei
794 3652 1113 3709 mandatum
1193 3653 1489 3723 fecissent,
1574 3658 1775 3714 ibidem
1842 3675 2025 3717 mora-

445 3744 673 3800 bantur.

1064 3814 1297 3872 CAPUT
1336 3816 1428 3873 III.

516 3949 710 4017 Qualis
767 3951 929 4020 fuerit
978 3959 1121 4004 terra
1176 3950 1389 4021 mystici
1438 3952 1706 4023 paradisi.
1752 3982 1827 3996 -—
1860 3953 2031 4010 Terra

448 4043 664 4115 mystici
699 4042 935 4112 paradisi
969 4043 1099 4115 ῐιιίιΔ
1118 4043 1335 4097 animus
1377 4052 1435 4098 et
1472 4059 1628 4100 mens
1666 4044 1883 4111 Adatni,
1914 4046 2021 4103 hoc

446 4109 552 4201 est,
613 4109 853 4189 hominis
921 4109 1341 4204 inihi'agentis.
1397 4132 1532 4190 Nam
1580 4136 1709 4193 inde
1757 4109 2026 4208 pullulant

450 4235 615 4296 atque
641 4227 897 4280 oriuntur
924 4224 1319 4281 meditationes
1347 4243 1455 4282 non
1489 4229 1650 4285 modo
1696 4245 1878 4286 rerum
1905 4248 2030 4303 spe-

452 4318 757 4381 ctaldlium.
785 4318 878 4372 sed
916 4326 973 4373 et
1006 4333 1199 4374 earum
1237 4334 1460 4391 quoque
1488 4336 1609 4392 quae
1669 4322 1820 4379 nullo
1862 4340 2027 4382 sensu

451 4410 658 4483 percipi
697 4417 931 4480 queunt.

1048 4499 1282 4558 CAPUT
1332 4502 1424 4561 IV.

522 4612 715 4679 Quoia
775 4613 990 4669 arborea
1036 4626 1088 4669 et
1146 4616 1347 4687 planta
1391 4618 1447 4673 in
1469 4622 1840 4691 paradiso.-—
1869 4620 2037 4693 Igitur

454 4706 775 4777 biijustnoili
822 4709 1183 4782 cogitationes
1216 4710 1705 4784 meditationesque
1740 4728 1807 4769 ex
1838 4714 2038 4770 animis

449 4806 511 4854 et
543 4799 824 4854 hominum
848 4809 905 4854 et
936 4800 1275 4872 angelorum,
1307 4802 1469 4873 quasi
1514 4804 1744 4862 arbores
1791 4819 1824 4860 e
1868 4814 2037 4873 terra,

457 4898 779 4961 praenatat,
810 4890 1040 4947 arbores
1066 4899 1123 4948 et
1152 4890 1352 4963 planta
1381 4894 1621 4966 paradisi
1650 4895 1864 4967 mystici
1890 4894 2036 4952 baud

454 4981 694 5037 absurde
728 4979 1008 5037 dicuntur.

1073 5072 1308 5134 CAPUT
1350 5074 1413 5130 ν.

533 5165 609 5221 De
626 5164 813 5220 arbore
833 5165 1066 5220 scientiis
1099 5166 1222 5222 boui
1237 5177 1287 5223 et
1304 5166 1435 5222 ntali
1459 5168 1512 5223 iu
1532 5169 1778 5237 paradiso
1801 5174 2042 5245 mystico.

456 5286 525 5299 —-
549 5258 781 5325 Quidam
812 5274 843 5313 e
873 5273 1101 5314 tremere
1127 5258 1411 5315 doctorum
1435 5258 1690 5318 Ecclesia:
1713 5265 1923 5330 dicunt,
1954 5280 2037 5320 ar-

462 5352 651 5407 borem
672 5351 914 5407 scientia
946 5350 1076 5405 boni
1095 5358 1150 5405 et
1178 5351 1305 5407 mali
1338 5353 1621 5425 mysticam
1653 5353 1785 5411 etin
1804 5356 2038 5428 mystico

459 5442 712 5513 paradiso
762 5441 1058 5504 consitam,
1107 5457 1233 5499 esse
1280 5443 1453 5498 animi
1487 5454 1695 5500 motum
1744 5448 2036 5516 quemdam

461 5551 573 5606 quo
604 5535 768 5589 homo
793 5548 893 5588 ceu
941 5535 1199 5605 peculiari
1234 5540 1436 5593 mentis
1493 5552 1609 5592 sua:
1657 5536 1839 5593 indole
1876 5538 2035 5596 incli—

466 5638 643 5692 natur,
680 5641 743 5682 eo
770 5627 912 5682 cnim
937 5628 1151 5693 sentiri,
1182 5643 1305 5699 qur
1330 5630 1470 5687 inter
1508 5628 1710 5684 malum
1729 5630 2039 5703 bonumque

622 5738 809 5792 Matth.
845 5750 930 5804 ut,
963 5736 1018 5790 2.

2107 1848 2328 1915 quando
2382 1848 2501 1917 ipse
2548 1846 2715 1900 etiam
2769 1843 3105 1913 Redemptor
3164 1852 3354 1898 noster
3406 1843 3677 1912 tantisper

2108 1943 2237 1996 dum
2274 1940 2445 2011 legem
2487 1937 2835 2004 observabat,
2858 1937 3168 1992 libertatem
3201 1951 3314 1990 sua:
3340 1936 3466 1989 vitae
3493 1947 3693 2007 genere

2108 2033 2331 2088 minime
2370 2048 2482 2104 pra:
2511 2046 2572 2087 se
2608 2030 2837 2086 ferebat.
2861 2030 2931 2084 At
2962 2044 3065 2085 nos
3093 2028 3384 2084 deﬁnimus
3436 2025 3692 2083 arborem

2110 2124 2359 2179 scientiae
2398 2124 2525 2178 boni
2552 2130 2609 2177 et
2643 2123 2771 2177 mali
2816 2121 3107 2191 mysticam
3167 2134 3293 2176 esse
3326 2119 3693 2188 cognitionem

2110 2226 2165 2271 ct
2217 2216 2624 2271 meditationem
2655 2230 2778 2285 qua:
2808 2213 2958 2270 circa
3006 2212 3175 2267 Deum
3226 2228 3409 2266 rerum
3441 2210 3690 2265 omnium

2110 2310 2450 2365 conditorem
2481 2320 2733 2364 versatur
2759 2324 2776 2374 ;
2806 2306 3206 2374 scientiamque
3235 2303 3390 2371 boni,
3418 2320 3538 2359 esse
3568 2319 3690 2359 eam

2111 2402 2477 2473 cognitionem
2500 2416 2622 2470 quae
2641 2415 2813 2456 unum
2842 2401 3023 2456 solum
3045 2398 3213 2453 Deum
3245 2398 3499 2467 agnoscit
3523 2408 3689 2464 atque

2117 2496 2447 2567 proﬁtetur:
2487 2493 2614 2549 mali
2644 2508 2771 2549 vero
2800 2507 2923 2562 qua:
2959 2492 3162 2547 multos
3206 2504 3328 2545 esse
3354 2488 3487 2546 deos
3520 2496 3696 2559 putat.

2117 2602 2283 2661 atque
2301 2588 2401 2645 liae
2418 2587 2686 2643 Adamum
2704 2588 2981 2658 Eramque
2997 2600 3093 2657 per
3108 2584 3375 2640 dat-monis
3398 2582 3694 2640 consilium

2118 2684 2292 2739 fuisse
2336 2682 2628 2737 distentos.
2691 2682 2919 2748 Insuper
2969 2680 3071 2732 hoc
3142 2691 3361 2746 quoque
3419 2676 3698 2739 dicimus.

2116 2791 2239 2830 eam
2304 2773 2818 2830 commentationem
2868 2786 2968 2842 pro
3018 2771 3090 2826 iis
3142 2772 3230 2839 qui
3280 2767 3485 2838 pollent
3535 2776 3701 2838 atque

2117 2867 2407 2924 exercitati
2483 2875 2610 2920 sunt
2669 2865 3024 2919 meditatione
3088 2878 3271 2917 rerum
3328 2861 3641 2917 divinarum
3678 2900 3694 2924 .

2121 2962 2410 3018 scientiam
2458 2958 2585 3013 boni
2630 2966 2687 3012 et
2729 2956 2995 3010 rocariet
3023 2970 3167 3017 esse,
3198 2970 3297 3024 pro
3349 2954 3418 3009 iis
3448 2967 3576 3008 vero
3604 2952 3701 3025 qui

2045 3080 2090 3138 ε
2123 3064 2301 3121 neque
2337 3048 2471 3104 satis
2521 3045 2661 3102 lirmi
2698 3056 2833 3101 sunt
2865 3059 3041 3116 neque
3089 3044 3395 3108 exercitati.
3420 3054 3477 3101 ct
3514 3055 3699 3099 tamen

2127 3142 2331 3197 audent
2359 3142 2425 3196 de
2448 3139 2558 3195 Deo
2578 3138 2741 3193 altius
2769 3133 3149 3201 commentari,
3181 3134 3553 3208 appellandam
3585 3149 3705 3192 esse

2122 3234 2407 3290 scientiam
2442 3232 2593 3288 mali.

2751 3322 2983 3380 CAPUT
3027 3320 3114 3379 VI.

2204 3418 2282 3473 De
2324 3420 2514 3474 arbore
2565 3418 2687 3475 vita
2738 3419 2982 3489 mystica.
3011 3445 3078 3454 —
3106 3412 3247 3469 Sunt
3281 3413 3420 3468 inter
3457 3411 3708 3468 doctores

2128 3512 2409 3579 Ecclesiae,
2443 3510 2537 3582 qui
2607 3511 2860 3565 arborem
2907 3510 3031 3562 vitae
3086 3509 3314 3578 mystice
3358 3506 3541 3559 dicant
3587 3515 3712 3560 esse

2132 3606 2386 3659 humana:
2422 3604 2621 3658 mentis
2652 3602 3063 3672 proprietatem,
3090 3614 3212 3668 quae
3241 3612 3366 3653 cum
3396 3595 3465 3653 iis
3499 3596 3708 3665 cogita-

2132 3699 2375 3754 tionibus
2408 3712 2527 3767 quae
2558 3694 2703 3749 circa
2738 3710 2906 3748 unum
2941 3707 3103 3747 suum
3132 3689 3448 3745 ellcctorem
3481 3703 3707 3743 versan-

2132 3803 2246 3853 tur,
2288 3790 2511 3858 alligata
2538 3796 2642 3854 est,
2682 3801 2857 3857 neque
2906 3785 3013 3839 huc
3047 3783 3175 3839 illuc
3203 3780 3591 3850 circumagitur
3619 3790 3712 3835 aut

2134 3889 2191 3939 in
2218 3884 2355 3937 alias
2393 3898 2484 3937 res
2512 3883 2766 3949 requirit.
2810 3888 3177 3949 prmterquam
3206 3876 3261 3931 in
3299 3875 3479 3931 solum
3505 3874 3711 3930 Condi-

2134 3985 2312 4031 torem
2382 3990 2541 4028 suum
2572 4010 2589 4038 ,
2647 3971 2791 4027 sicut
2821 3973 2984 4026 etiam
3048 3970 3224 4028 sancti
3286 3967 3460 4039 angeli
3539 3966 3713 4022 solius

2131 4067 2409 4125 Creatoris
2446 4067 2531 4120 sui
2596 4062 3044 4119 meditationibus
3085 4059 3440 4115 distinentur.
3500 4058 3708 4115 Ilorum

2134 4160 2404 4215 sententia
2434 4165 2542 4218 est.
2584 4155 2875 4219 Adamum,
2923 4154 3086 4208 simul
3118 4162 3283 4223 atque
3314 4162 3530 4209 creatus
3565 4161 3714 4208 esset

2137 4250 2433 4319 natumque
2459 4248 2776 4305 Conditoris
2802 4248 2889 4303 sui
2916 4246 3221 4317 excepisset
3241 4286 3258 4309 ,
3290 4246 3357 4301 ad
3392 4244 3560 4301 Deum
3593 4245 3711 4315 rapi

2135 4348 2376 4417 coepisse
2409 4360 2440 4399 a
2470 4358 2583 4414 quo
2629 4342 2860 4397 ctl’ectus
2897 4339 3095 4404 fuerat.
3138 4348 3300 4410 atque
3350 4339 3406 4394 in
3456 4339 3557 4395 hac
3606 4353 3711 4394 una

2139 4436 2603 4508 contemplatione
2657 4444 2832 4489 totum
2891 4430 3066 4490 fuisse
3112 4433 3487 4501 mansisseque
3545 4430 3711 4487 bet-as

1992 4542 1999 4549 ‘
2059 4504 2110 4565 υ
2140 4545 2249 4584 ιιοιι
2303 4504 2540 4596 amplius
2602 4533 2737 4587 tres.
2792 4523 3059 4593 tantisper
3106 4521 3312 4577 scilicet
3353 4519 3483 4576 dum
3540 4519 3713 4588 legent

2141 4624 2467 4692 imperatam
2515 4616 2842 4683 transiliret,
2898 4618 2977 4671 ita
3028 4624 3090 4669 ut
3138 4615 3342 4669 interea
3397 4612 3600 4673 nullam
3646 4614 3715 4667 de

2145 4713 2311 4770 rebus
2343 4712 2467 4768 aliis
2500 4710 2889 4782 cegitationem
2932 4721 3058 4763 eum
3088 4705 3180 4763 illa
3213 4704 3512 4762 miscuerit.
3550 4704 3718 4779 Igitur

2141 4806 2197 4861 bi
2228 4803 2643 4860 meditationem
2690 4815 2813 4855 eam
2860 4799 3063 4856 mentis
3090 4812 3212 4869 quae
3248 4798 3317 4854 de
3342 4813 3453 4860 uno
3486 4796 3590 4852 suo
3614 4794 3717 4853 Pa-

2136 4906 2293 4953 rente
2310 4894 2449 4981 ⁸9θεᾶν
2472 4896 2734 4967 agitatur.
2792 4892 3182 4964 proprietatem
3241 4890 3441 4947 mentis
3492 4896 3712 4946 vocant.

2143 4992 2238 5048 Est
2286 4991 2469 5063 itaque
2500 4988 2586 5043 liis
2619 4987 2786 5044 arbor
2816 4985 2940 5043 vita
2970 4985 3226 5056 mystica,
3273 4998 3432 5041 sacer
3469 4985 3560 5043 ille
3586 5002 3713 5057 gra-

2145 5084 2250 5137 dus
2302 5083 2358 5136 in
2413 5095 2524 5151 quo
2566 5093 2664 5149 per
2706 5079 3036 5147 baptismum
3077 5076 3435 5145 collocantur,
3483 5088 3715 5135 matrem

2149 5176 2435 5249 mysticam
2466 5187 2575 5243 qua
2622 5172 2821 5226 iterum
2859 5170 3134 5243 gignimur
3162 5170 3229 5224 ad
3278 5170 3464 5227 vitam.
3496 5172 3601 5227 Alii
3634 5170 3717 5227 di-

2145 5276 2281 5325 cunt
2318 5268 2461 5323 lianc
2495 5263 2751 5321 arborem
2796 5262 2921 5320 vita:
2958 5262 3325 5333 spiritualetn,
3359 5277 3485 5320 esse
3516 5277 3715 5319 norum

2139 5355 2265 5409 vita!
2328 5364 2500 5423 genus
2559 5351 2706 5422 quod
2762 5350 3172 5421 repraesentavit
3228 5348 3493 5408 Dotttinus
3529 5360 3717 5410 noster

2140 5449 2265 5502 inde
2286 5460 2351 5501 ex
2380 5456 2494 5514 quo
2521 5444 2833 5516 baptizatus
2868 5442 2971 5496 luit
3005 5457 3180 5512 usque
3207 5442 3339 5498 dum
3370 5445 3522 5501 cruci
3565 5458 3715 5503 esset

2141 5540 2370 5603 allixus;
2403 5537 2470 5593 dc
2503 5551 2615 5606 quo
2644 5549 2840 5607 genere
2864 5536 2987 5590 vitae
3032 5535 3238 5591 dictum
3266 5546 3351 5594 est
3392 5554 3405 5590 :
3444 5536 3718 5593 Contenti-

2139 5632 2270 5685 miui
2321 5645 2412 5701 per
2453 5630 2837 5701 paenitentiam,
2868 5630 3188 5699 propinquat
3243 5646 3455 5701 regnum
3504 5630 3714 5685 cali".
