4094 6156
360 418 462 478 585

1485 422 1583 481 DE
1626 420 2026 481 PARADISO.
2067 446 2138 457 *-
2180 422 2372 481 PMtS
2414 421 2461 479 ι.

3505 422 3609 489 586

361 532 533 595 Atque
559 530 699 583 hanc
735 530 921 591 vitam,
964 530 1237 599 inquiunt,
1281 533 1492 603 agimus
1522 544 1806 603 postquam
1842 548 1935 602 pt-r
1966 538 2010 595 Α
2042 531 2301 584 nationis.
2346 531 2478 584 lllud
2520 547 2647 585 vero
2682 532 2821 599 quod
2857 532 2932 583 ait
2964 548 2979 589 :
3020 531 3090 582 tib
3126 534 3436 620 initianest,
3466 550 3529 588 ac
3565 533 3608 589 si

361 621 710 686 baptismum,
742 630 974 677 veterem
1004 627 1257 679 exuimus
1286 627 1564 683 hominem
1593 643 1607 679 :
1638 637 1832 695 estque
1866 642 1928 681 ea

358 728 455 764 ceu
487 715 735 779 quadam
781 715 952 785 ﬁgura
1008 717 1125 783 ejus
1161 731 1316 771 novae
1362 720 1483 771 vita!
1516 733 1634 786 qua:
1669 717 1721 770 in
1768 731 1935 787 regno

359 808 481 860 cadi
520 807 679 864 nobis
709 817 791 862 est
826 815 1115 876 promissa.
1169 811 1270 864 Alii
1316 827 1478 881 porro
1511 813 1631 865 vit-ve
1671 812 1925 866 arborem

361 896 646 965 mysticam
702 897 1003 961 definiunt,
1065 900 1469 955 immunitatem
1523 900 1938 969 libertatemque

359 1002 522 1057 quam
584 988 735 1044 dedit
784 991 944 1045 nobis
987 990 1240 1046 Christus
1287 1005 1317 1046 a
1369 993 1853 1053 constitutionibus
1885 1002 1939 1047 et

359 1084 539 1152 pomis
572 1083 720 1155 legis.
757 1083 863 1138 Lex
897 1086 1040 1139 enim
1072 1084 1520 1153 delinquentibus
1550 1098 1768 1154 pinnam
1798 1099 1939 1155 prae-

360 1174 630 1240 stitucrat,
665 1191 695 1230 a
745 1191 847 1243 qua
890 1192 989 1230 nos
1036 1179 1268 1233 asseruit
1318 1176 1570 1232 Christus
1608 1176 1699 1245 qui
1738 1175 1806 1230 de
1835 1176 1939 1230 hac

363 1266 611 1323 libertate
664 1270 748 1324 his
806 1269 985 1323 verbis
1038 1279 1122 1324 est
1166 1270 1575 1325 concionatus:
1626 1267 1813 1323 Redite
1844 1285 1938 1338 per

360 1364 743 1429 paenitentiam.
773 1365 1092 1431 propinquat
1128 1378 1344 1429 regnum
1380 1362 1516 1416 mli.
1570 1362 1813 1417 Rursum
1847 1361 1936 1414 alii

363 1456 535 1512 aiunt.
570 1455 821 1509 arborem
856 1459 973 1508 vita:
1001 1470 1127 1508 esse
1173 1457 1450 1510 hominem
1481 1470 1680 1509 novum
1712 1454 1806 1525 qui
1841 1470 1940 1524 per

361 1546 694 1613 baptismum
721 1555 881 1600 natus
908 1556 1016 1601 est.
1038 1545 1167 1610 Alii,
1189 1546 1463 1603 hominem
1483 1562 1681 1601 novum
1700 1546 1816 1615 qui,
1838 1548 1936 1600 ob-

358 1635 592 1689 est-vatis
622 1634 711 1688 Dei
743 1635 939 1703 jussis,
968 1636 1116 1689 exuit
1148 1636 1277 1690 vitia
1322 1651 1443 1707 qua;
1487 1644 1755 1692 vocantur
1784 1644 1940 1692 vetus

360 1728 547 1790 homo,
582 1726 864 1796 induitque
895 1729 1122 1783 virtutes
1167 1744 1289 1797 quae
1332 1744 1507 1783 novus
1542 1729 1706 1784 homo
1746 1729 1939 1799 appel-

363 1815 562 1870 lantur.
597 1818 725 1883 Alii,
760 1829 994 1873 mortem
1032 1835 1158 1873 esse
1203 1820 1388 1873 volunt
1435 1818 1773 1888 spiritualem
1823 1835 1943 1887 qua:

361 1909 611 1961 nascitur
640 1924 706 1963 ex
757 1910 1053 1963 securitate
1079 1949 1095 1975 ,
1136 1909 1502 1967 observandis
1536 1908 1629 1964 Dei
1666 1909 1943 1966 mandatis
1977 1888 2017 1940 ¹²

361 2010 697 2066 εοιιψπθιθ.
737 1999 845 2053 Alii
890 2000 1296 2055 meditationem
1344 2018 1468 2071 qua!
1497 2002 1703 2058 Christi
1744 2018 1939 2074 perso-

363 2106 489 2143 nam
551 2097 993 2161 contemplatur.
1057 2094 1185 2162 quia
1241 2109 1336 2163 per
1391 2110 1456 2148 ea
1518 2095 1749 2150 condita:
1816 2105 1943 2150 sunt

361 2196 554 2235 omnes
587 2194 794 2236 natura:
826 2184 1115 2253 participes
1164 2187 1287 2239 vitze
1332 2194 1497 2257 atque
1554 2187 1803 2243 rationis.
1838 2188 1939 2240 Alii

361 2289 577 2327 crucem
634 2274 835 2329 Christi
897 2285 1086 2345 putant
1154 2279 1401 2331 arborem
1452 2278 1577 2333 vitae
1645 2278 1750 2334 dici
1814 2280 1942 2349 quia

363 2382 424 2418 ex
465 2383 526 2419 ea
562 2378 889 2436 promanant
930 2370 1115 2423 omnia
1167 2370 1308 2423 bona
1345 2369 1675 2441 spiritualis,
1732 2372 1938 2425 abolito

364 2472 586 2529 peccato
631 2468 795 2527 atque
827 2462 1227 2516 exsecratione.
1277 2462 1386 2515 Alii
1423 2476 1639 2517 sacram
1687 2476 1839 2518 aram
1885 2464 1938 2515 in

363 2566 470 2619 qua
502 2550 952 2606 administrantur
1005 2552 1189 2606 divina
1235 2564 1604 2608 sacramenta.
1653 2553 1756 2607 Alii
1789 2554 1942 2608 deni-

363 2657 491 2711 que,
530 2657 728 2711 corpus
760 2653 815 2697 et
848 2644 1170 2713 sanguinem
1201 2644 1404 2700 Christi
1452 2644 1545 2699 Dei
1579 2647 1750 2701 nostri
1779 2646 1941 2701 arbo-

369 2750 478 2789 rem
516 2737 639 2789 vita:
670 2737 853 2791 vocari
885 2744 1097 2804 putant.
1137 2736 1243 2791 Sed
1288 2739 1433 2792 enim
1467 2752 1574 2792 non
1611 2748 1732 2808 post
1763 2740 1860 2794 bas
1889 2750 1943 2794 et

365 2827 503 2879 inter
533 2828 631 2880 has
660 2832 982 2894 sententias,
1026 2839 1268 2886 nostram
1313 2845 1534 2901 quoque
1573 2830 1939 2901 proferentes,

364 2918 657 2974 statuimus
701 2921 952 2973 arborem
990 2923 1111 2975 vitae
1149 2923 1433 2992 mysticam
1469 2938 1593 2977 esse
1632 2922 1940 2977 meditatio-

365 3026 484 3061 nem
517 3023 680 3079 atque
726 3013 1097 3083 cognitionem
1149 3029 1256 3083 qua
1306 3014 1623 3083 prolitetu-ur
1655 3031 1941 3071 sacrosan-

361 3112 507 3155 ctam
558 3103 901 3167 Trinitatetn,
966 3108 1072 3161 hoc
1101 3117 1204 3171 est,
1256 3124 1423 3160 unum
1477 3124 1598 3162 esse
1660 3108 1852 3174 Deum,
1888 3120 1943 3163 ct

2044 621 2192 675 dicat
2223 637 2340 675 eam
2375 624 2539 678 vitam
2584 624 2921 693 spiritualem
2960 634 3120 693 atque
3157 629 3364 678 leatam
3396 629 3463 679 ab
3495 631 3615 695 ip-o

2047 712 2156 767 Deo
2188 714 2490 769 institutam
2538 716 2707 771 fuisse
2746 726 2871 770 ante
2917 718 3192 770 conditum
3239 717 3384 772 bnnc
3418 734 3612 789 corpo-

2042 812 2218 855 ratnm
2252 802 2542 867 mundum,
2574 806 2674 859 hoc
2704 814 2806 873 est,
2841 819 2968 858 ante
2997 820 3115 857 eam
3151 806 3459 859 maeltEnam
3492 799 3619 876 qlltt}

2038 907 2103 948 ex
2136 892 2275 947 curio
2311 903 2562 963 terraque
2590 908 2644 950 et
2688 895 2753 949 iis
2783 911 2905 965 quae
2936 897 3073 953 inter
3108 896 3219 949 lure
3253 896 3428 951 media
3462 911 3610 960 sunt,

2041 991 2282 1049 constat;
2331 993 2491 1054 atque
2540 986 2594 1039 in
2634 1001 2697 1040 ea
2749 987 2857 1040 vita
2908 1000 3154 1046 versatos
3209 987 3297 1041 obl
3322 998 3618 1058 «tutosque

2013 1072 2212 1129 afuisse
2265 1080 2486 1149 angelos
2530 1088 2658 1133 ante
2708 1079 2847 1134 hanc
2894 1084 3079 1134 Inun.li
3128 1083 3513 1150 aspectabiletn
3565 1095 3620 1136 (ἰ

2041 1178 2387 1237 εονροιέιειιιι
2439 1170 2635 1225 molem
2694 1181 2907 1226 creatos
2955 1172 3146 1240 fuisse,
3197 1176 3298 1229 etsi
3354 1176 3474 1247 Syri
3518 1178 3620 1231 hoc

2045 1272 2238 1326 negent
2274 1260 2692 1330 (50).C;eterum
2732 1262 2781 1317 in
2816 1264 3168 1318 translatione.
3211 1264 3400 1322 LXXIl
3450 1267 3620 1319 Inter-

2042 1361 2253 1421 pretnm
2301 1353 2570 1408 habentur
2616 1355 2708 1410 illa
2752 1356 2913 1409 verba
2951 1358 3015 1409 ad
3060 1359 3205 1413 hune
3238 1360 3461 1416 modum
3499 1380 3513 1415 :
3549 1362 3617 1416 Et

2041 1446 2367 1513 plantaverat
2422 1446 2676 1502 Dominus
2731 1448 2871 1502 Deus
2912 1453 3227 1518 paradisum
3258 1454 3310 1505 in
3350 1451 3500 1508 Edon
3554 1457 3621 1507 ab

2044 1537 2278 1600 oriente;
2320 1537 2434 1602 ubi,
2487 1554 2585 1608 per
2636 1538 2927 1605 orientem,
2982 1534 3160 1595 lucem
3210 1557 3330 1597 eam
3385 1546 3621 1632 accipias

2045 1629 2171 1683 licet
2227 1646 2348 1699 qua:
2405 1632 2616 1685 ratione
2674 1632 2788 1687 sola
2849 1633 3187 1702 intelligitur,
3238 1629 3540 1705 proculque
3590 1652 3621 1688 a

2047 1722 2212 1777 rebus
2257 1724 2564 1787 corporatis
2611 1732 2819 1778 semota
2871 1734 2975 1777 est.
3028 1722 3120 1778 "J3
3170 1724 3315 1779 enim
3368 1725 3423 1779 in
3474 1724 3627 1779 tet-i-

2047 1813 2246 1879 dente,
2303 1813 2409 1869 hoc
2468 1824 2592 1880 est,
2644 1815 2877 1884 caligine
2944 1826 3248 1871 versantur.
3304 1816 3400 1873 Est
3461 1817 3625 1885 igitur

2045 1920 2234 1961 eorum
2291 1908 2582 1963 verborum
2643 1908 2758 1963 lucc
2825 1909 3092 1963 sententia
3160 1926 3174 1962 :
3235 1907 3405 1963 Deum
3461 1912 3625 1964 vitam

2045 1998 2258 2056 felicem
2307 2009 2472 2071 atque
2519 2001 2821 2072 angelicam
2872 2015 3096 2071 parasse
3144 2001 3198 2055 in
3249 2001 3369 2057 luce
3414 2003 3625 2070 agitan-

2044 2092 2194 2156 dam.
2230 2108 2353 2163 quae
2393 2092 2487 2148 lux
2517 2094 2633 2148 sola
2682 2102 2862 2148 mente
2894 2093 3155 2148 cernitur.
3189 2092 3260 2173 Et
3293 2094 3470 2165 posuit
3515 2094 3630 2148 illic

2046 2184 2311 2241 Adamum
2359 2202 2511 2257 quem
2563 2187 2813 2255 ﬁnxerat.
2869 2186 3204 2256 Postquam,
3242 2186 3467 2265 inquit,
3522 2188 3625 2240 lin-

2045 2278 2219 2333 xisset
2246 2278 2540 2344 Adamum,
2573 2278 2789 2333 induxit
2825 2278 3001 2347 ipsum
3040 2279 3093 2333 in
3127 2293 3247 2332 eam
3285 2278 3623 2347 spiritualem

2045 2383 2109 2423 ac
2159 2368 2368 2422 felicem
2408 2369 2596 2433 vitam,
2636 2370 2815 2422 laetum
2850 2379 2902 2423 et
2952 2368 3180 2422 miritiea
3229 2368 3483 2424 aﬂ‘ectum
3535 2386 3628 2424 to-

2044 2460 2292 2530 tuptate,
2363 2476 2458 2529 per
2525 2461 2905 2516 meditationes
2959 2462 3434 2533 cogitationesque
3492 2465 3624 2517 nulli

2044 2554 2440 2624 perturbationi
2492 2562 2588 2607 aut
2637 2554 2896 2608 anxietati
2949 2554 3259 2617 obnoxias,
3294 2554 3365 2610 'in
3418 2573 3624 2611 morem

2043 2646 2365 2715 angelorum
2421 2655 2476 2703 et
2524 2646 2894 2716 spiritualium
2958 2648 3288 2716 copiarum,
3352 2650 3625 2719 recipien-

2044 2745 2264 2808 tctnque
2323 2738 2505 2795 radios
2572 2739 2878 2795 divinarum
2934 2741 3221 2795 nationum
3292 2726 3402 2796 non
3470 2743 3626 2798 aliter

2043 2839 2208 2900 atque
2260 2831 2437 2901 angeli
2500 2832 2745 2901 capiunt.
2802 2830 2869 2884 Et
2923 2833 3041 2901 fecit
3098 2818 3353 2889 Dominus
3409 2834 3548 2890 Deus
3601 2856 3630 2891 ε

2046 2930 2186 2975 terra
2225 2938 2429 2975 onmem
2474 2920 2717 2975 arborem
2761 2920 3037 2990 pulchram
3072 2920 3141 2973 ad
3183 2923 3546 2999 specfanilum,
3578 2935 3628 2977 et

2044 3012 2385 3082 expetendam
2417 3015 2486 3067 ad
2514 3015 2843 3068 vescendum.
2880 3012 2992 3068 Hoc
3024 3024 3105 3067 est
3137 3030 3151 3067 :
3184 3011 3262 3069 ita
3294 3010 3630 3085 compararit

2045 3100 2187 3155 Deos
2242 3102 2370 3155 lida:
2425 3104 2621 3156 mentis
2673 3119 2937 3167 sensum,
2994 3113 3051 3157 ut
3106 3112 3418 3174 procrearet
3468 3116 3631 3176 atquo

364 3205 477 3249 tres
516 3210 780 3262 personas
806 3207 1047 3259 sanctas,
1095 3199 1212 3252 sive
1266 3199 1526 3253 unitatem
1566 3200 1619 3252 in
1653 3198 1939 3261 'l‘rinitate,
1970 3229 2015 3290 ο
2047 3194 2384 3263 expullulare
2431 3192 2637 3250 faceret
2669 3194 2867 3250 ’omnis
2919 3198 3133 3268 generis
3171 3198 3371 3267 probas
3418 3200 3629 3269 cegita-

363 3295 415 3339 et
442 3284 766 3341 Trinitatem
800 3290 852 3341 in
888 3290 1114 3343 unitate.
1155 3290 1229 3345 De
1266 3289 1368 3344 hac
1409 3305 1576 3358 porro
1616 3293 1809 3346 arbore
1834 3309 1937 3344 non

364 3381 723 3435 comederunt
758 3381 922 3436 Adam
951 3392 1006 3437 et
1049 3381 1183 3449 Eva,
1228 3398 1402 3452 neque
1431 3384 1497 3439 ad
1530 3400 1649 3438 eam
1683 3388 1943 3439 accedere

364 3477 481 3530 sive
530 3477 598 3530 de
635 3492 693 3529 ea
732 3477 976 3547 cogitare
1033 3478 1353 3545 quiverunt,
1391 3486 1451 3531 ut
1483 3479 1577 3547 qui
1610 3478 1791 3533 adhuc
1832 3495 1940 3531 non

363 3568 499 3621 satis
524 3566 818 3635 pollebant,
841 3574 1201 3637 potentesque
1225 3568 1289 3621 ad
1314 3566 1364 3620 id
1392 3583 1500 3622 non
1524 3577 1678 3621 erant
1714 3584 1728 3621 :
1765 3578 1820 3621 at
1845 3584 1943 3621 nos

362 3659 682 3724 Christiani,
718 3675 826 3713 non
854 3661 1073 3729 quidem
1102 3661 1202 3729 ipsi
1240 3662 1375 3715 satis
1405 3662 1691 3731 pollentes,
1722 3664 1817 3718 sed
1846 3678 1943 3729 per

360 3750 665 3813 Christum,
697 3750 1029 3805 illustratum
1056 3751 1159 3805 hoc
1193 3765 1453 3806 arcanum
1479 3760 1533 3807 et
1558 3752 1942 3822 amplectimur

359 3848 414 3894 ct
443 3842 781 3909 prolitemur.
833 3838 1101 3895 (Steterunt
1155 3839 1587 3894 existimandum
1628 3850 1712 3894 est
1760 3841 1943 3894 multi-

364 3931 608 3983 tudinem
657 3930 1280 3998 dissimilitudincmquc
1336 3931 1528 3985 barum
1580 3930 1722 3983 inter
1766 3945 1824 3986 se
1865 3932 1944 3983 in-

363 4022 811 4090 tcrpretationum
861 4038 997 4092 quas
1043 4023 1111 4076 de
1150 4023 1351 4077 arbore
1412 4022 1532 4076 vitae
1588 4022 1939 4086 adduximus,

361 4122 689 4181 argumento
728 4128 848 4168 esse
893 4130 1056 4183 quam
1088 4117 1160 4168 sit
1198 4130 1284 4171 res
1334 4116 1453 4184 ipsa
1486 4115 1764 4184 explicato
1805 4115 1943 4169 dilli-

365 4207 488 4261 eilis
524 4222 538 4259 :
574 4208 943 4275 alioquienim
974 4218 1081 4261 tam
1122 4210 1309 4263 multis
1342 4208 1621 4277 variisque
1656 4209 1839 4263 verbis
1873 4211 1939 4262 ad

364 4314 488 4351 eam
522 4300 911 4355 enucleandam
948 4300 1170 4353 minimc
1198 4317 1336 4369 Opus
1370 4300 1581 4355 fuisset.

965 4392 1191 4445 CAI'L‘T
1234 4391 1343 4446 VII.

432 4484 811 4551 Coniplrctitur
840 4484 1324 4550 interpretationem
1356 4486 1637 4553 mysticam
1667 4485 1938 4540 verborum

2046 3287 2224 3340 tiones
2270 3287 2763 3356 meditationesque
2795 3297 2904 3342 tam
2936 3290 3000 3341 de
3049 3288 3212 3345 rebus
3255 3287 3379 3359 qtt'a:
3413 3292 3627 3345 videndi

2047 3392 2212 3431 sensu
2255 3388 2486 3445 possunt
2519 3379 2723 3448 percipi
2770 3395 2934 3449 quam
2977 3382 3046 3434 iis
3080 3396 3201 3450 qua-
3234 3396 3359 3437 cum
3405 3399 3627 3439 sensum

2045 3466 2331 3538 elTugiunt.
2373 3467 2441 3522 Et
2488 3471 2731 3524 arborem
2782 3472 2904 3525 vita:
2953 3474 3003 3524 in
3060 3473 3231 3527 medio
3277 3476 3551 3553 pq‘radiso,
3581 3492 3629 3531 et

2046 3560 2287 3612 arborem
2341 3562 2573 3614 scientiae
2624 3560 2746 3615 boni
2792 3573 2841 3615 et
2895 3564 3044 3617 moli.
3097 3562 3190 3618 lite
3240 3566 3361 3633 duae
3410 3568 3634 3622 arbores

2050 3651 2270 3720 quando
2300 3652 2572 3721 spirituali
2605 3656 2767 3709 modo
2793 3664 3136 3723 spectantur,
3162 3658 3337 3714 ambae
3365 3661 3417 3713 in
3453 3662 3631 3717 medio

2048 3743 2300 3811 paradiso
2352 3744 2658 3800 consistere
2710 3756 2955 3816 queunt;
3015 3749 3117 3803 hoc
3168 3758 3283 3817 est,
3339 3752 3395 3808 in
3450 3757 3634 3811 media

2048 3836 2217 3888 animi
2254 3836 2367 3891 sive
2407 3839 2633 3899 mentis,
2664 3848 2720 3893 ut
2753 3838 2920 3894 altera
2952 3841 3175 3895 alteram
3206 3858 3314 3897 non
3349 3854 3511 3915 angat
3541 3860 3634 3903 aut

2050 3926 2250 3991 trudat,
2280 3934 2426 3983 teeut
2456 3927 2532 3981 ait
2566 3925 2862 3999 Gregorius
2907 3929 3209 4001 Nysscnus.
3258 3932 3366 3989 Sed
3408 3952 3570 4005 supra
3603 3954 3631 3990 a

2050 4017 2244 4081 nobis,
2301 4016 2429 4075 dum
2484 4018 2709 4087 mystice
2765 4022 3129 4089 accipiuntur,
3183 4023 3272 4078 ubi
3331 4028 3630 4080 multorum

2046 4108 2347 4159 sententias
2394 4110 2446 4160 in
2486 4110 2721 4162 tncdiutn
2762 4110 3113 4166 adduximus.
3155 4112 3221 4165 Et
3261 4116 3453 4183 ﬂuvius
3489 4135 3634 4187 egre-

2045 4199 2289 4252 diebatur
2341 4215 2404 4252 ea:
2458 4200 2603 4253 liden
2655 4212 2712 4254 ut
2764 4204 2958 4270 rigaret
3008 4206 3339 4271 paradisum,
3487 4210 3633 4263 illine

2045 4291 2399 4357 dividebatur,
2448 4301 2495 4343 et
2541 4294 2787 4346 evadebat
2839 4296 2893 4346 in
2938 4307 3164 4364 quatuor
3211 4300 3411 4367 capita.
3442 4292 3633 4369 Prius-

2047 4397 2210 4449 quam
2244 4384 2503 4437 violaSset
2530 4384 2773 4439 Adatnus
2808 4387 2998 4454 legem,
3024 4389 3381 4456 promanabat
3412 4391 3632 4456 ﬂuvius,

2049 4473 2154 4526 hoc
2198 4483 2302 4537 est,
2350 4475 2561 4529 deliciae
2610 4490 2675 4529 ex
2729 4477 3083 4532 meditatione
3135 4495 3318 4535 rerum
3363 4487 3636 4552 spectabi.

369 4575 531 4632 Mosi:
585 4576 648 4627 de
696 4576 967 4642 paradiso.
1026 4604 1092 4614 -
1148 4576 1381 4644 b‘cripsit
1436 4577 1597 4631 divus
1646 4575 1827 4633 Moses
1878 4578 1942 4633 de

2050 4564 2183 4620 lium
2227 4576 2281 4619 et
2325 4581 2432 4620 non
2479 4568 2891 4636 aspectabilium
2931 4579 3071 4626 nata:
3103 4588 3117 4625 :
3154 4574 3496 4644 rigabatque,
3535 4579 3636 4631 hoc

365 4670 619 4737 paradiso
672 4669 723 4720 in
782 4669 895 4721 tuaac
950 4669 1108 4720 verba
1169 4685 1181 4719 :
1238 4666 1306 4721 Et
1370 4668 1631 4736 plantavit
1685 4671 1946 4726 Dominus

369 4762 507 4813 Deus
548 4761 859 4830 paradisum
908 4765 961 4813 in
1000 4760 1165 4825 Edon,
1199 4762 1260 4813 ab
1298 4762 1474 4815 initio.
1512 4760 1567 4815 In
1606 4763 1689 4817 bis
1743 4764 1943 4827 verbis,

367 4855 622 4919 paradiso
658 4850 940 4911 vocabulo,
982 4850 1085 4902 vita
1127 4851 1466 4918 signiﬁcatur
1499 4850 1945 4918 Spiritualis,ltoc

365 4954 468 5001 est.
499 4956 621 5009 qua:
648 4940 946 4994 secundum
979 4941 1217 4993 animam
1255 4940 1453 5009 agitur,
1487 4948 1542 4994 et
1572 4940 1749 4995 beata.
1784 4940 1944 4994 Plan-

368 5044 484 5085 tare
533 5047 662 5085 vero
711 5032 851 5085 idem
904 5040 986 5086 est
1031 5032 1174 5099 quod
1226 5030 1422 5095 iacere,
1475 5033 1587 5086 sive
1636 5036 1943 5088 instituere.

369 5124 479 5176 Hoc
513 5126 694 5191 itaque
725 5123 857 5177 dicit
890 5121 1088 5187 Moses,
1127 5126 1416 5178 Dominum
1454 5125 1620 5179 Deum
1657 5142 1944 5195 compara-

370 5218 513 5268 visse
564 5214 776 5267 vivendi
832 5214 1048 5270 modum
1098 5215 1395 5271 secundum
1447 5216 1723 5286 spiritum,
1777 5219 1847 5270 ita
1892 5230 1947 5271 ut

370 5321 430 5359 ea
470 5308 575 5359 vita
608 5319 755 5359 esset
802 5305 957 5372 plena
1004 5308 1311 5360 sanctitatis
1339 5316 1392 5361 et
1439 5308 1810 5364 meditationis
1860 5326 1946 5363 re-

374 5412 491 5449 rum
535 5396 843 5450 divinarum
873 5407 927 5451 et
953 5412 1141 5451 earum
1174 5414 1293 5464 quze
1323 5414 1352 5450 a
1386 5396 1496 5453 Deo
1528 5400 1760 5455 condita:
1794 5412 1943 5463 sunt,

377 5488 497 5541 filix
539 5500 593 5541 et
635 5490 703 5542 ab
744 5489 997 5543 omnibus
1030 5491 1204 5544 animi
1237 5491 1732 5559 perturbationibus
1761 5497 1943 5548 anxie-

378 5580 686 5648 tatibusqne
727 5588 959 5644 remota,
1005 5598 1167 5650 quam
1222 5583 1553 5637 comitentur
1604 5585 1861 5653 gaudium
1900 5600 1951 5641 et

378 5672 704 5735 exsultatio,
761 5688 991 5741 qumque
1064 5689 1230 5742 capax
1289 5676 1357 5728 sit
1417 5677 1695 5731 radiorum
1754 5678 1951 5733 divina:

2051 4664 2163 4719 est,
2213 4656 2518 4713 oblectabat
2572 4659 2886 4715 universum
2939 4664 3187 4732 θοι-ρούς
3241 4674 3635 4735 temperamen—

2050 4758 2192 4811 tum,
2226 4749 2369 4817 quod
2412 4765 2478 4803 ex
2508 4761 2743 4818 quatuor
2778 4763 2993 4810 constat
3026 4755 3370 4823 humoribus,
3402 4772 3467 4811 ex
3506 4774 3653 4840 sam‘

2058 4840 2243 4912 guine,
2277 4842 2467 4909 pituita
2500 4851 2663 4911 atque
2694 4853 2923 4914 utraque
2956 4847 3080 4901 bile.
3110 4847 3245 4901 Nam
3286 4859 3341 4903 et
3370 4866 3436 4903 ex
3490 4853 3601 4906 illiu
3622 4885 3636 4900 .

2056 4931 2200 4985 modi
2250 4931 2718 4998 meditationibus,
2756 4951 2864 4990 non
2902 4937 3081 4992 minus
3113 4954 3277 5008 quam
3323 4940 3393 4995 de
3441 4957 3635 5009 corpn—
3673 4952 3676 4956 λ

2056 5024 2188 5076 ratis
2215 5024 2451 5090 paradisi
2478 5025 2770 5079 arboribus
2794 5029 3142 5084 recreabatur
3161 5031 3405 5087 Adamns
3426 5036 3632 5089 animo.

2057 5111 2195 5167 Sunt
2216 5114 2308 5182 qui
2340 5114 2443 5169 boc
2467 5132 2683 5185 quoque
2712 5119 2872 5174 modo
2898 5122 3321 5191 interpretentur
3341 5141 3404 5181 ea
3426 5128 3588 5181 verba
3618 5145 3639 5181 ει

2059 5200 2417 5255 Promanabat
2448 5207 2659 5271 ﬂuvius,
2698 5210 2799 5262 hoc
2828 5219 2932 5276 est,
2962 5212 3171 5270 delieim
3206 5230 3271 5269 ex
3311 5217 3471 5272 rebus
3505 5234 3635 5272 con-

2053 5295 2202 5355 ditis,
2258 5296 2321 5347 iis
2375 5313 2494 5363 qua:
2544 5303 2777 5367 spectari
2826 5310 3027 5370 queunt
3074 5315 3125 5359 et
3177 5305 3245 5361 iis
3292 5323 3414 5377 quae
3465 5311 3634 5364 videri

2060 5398 2358 5451 nequeunt,
2408 5400 2454 5440 et
2509 5391 2737 5457 rigabat,
2787 5392 2839 5446 id
2883 5402 2991 5458 est,
3042 5397 3349 5455 oblectabat
3399 5409 3635 5471 quatuor

2061 5490 2257 5527 annua:
2312 5487 2557 5540 Virtutes.
2612 5494 2731 5537 eam
2788 5497 2909 5551 qua:
2960 5485 3156 5543 rationi
3214 5490 3431 5557 pr0prie
3479 5492 3637 5569 altri;

2064 5564 2268 5627 buitur,
2318 5566 2420 5619 hoc
2470 5576 2575 5632 est,
2623 5573 2989 5640 prudentiam,
3028 5584 3141 5630 tum
3195 5564 3633 5647 temperantiam,

2066 5658 2553 5732 tortilildinetnque
2598 5674 2651 5720 et
2702 5665 3011 5737 justitiam;
3049 5686 3113 5725 ac
3148 5675 3374 5743 proinde
3410 5676 3637 5728 virtutes

454 5835 562 5905 (50)
592 5834 763 5889 Caute
794 5836 931 5903 lege,
964 5846 1014 5890 et
1045 5838 1164 5891 viilc
1196 5852 1375 5893 nutant
1414 5843 1475 5894 ad
1508 5860 1517 5894 t
1558 5843 1648 5897 lib.
1682 5844 1730 5895 in
1755 5842 2095 5911 "eneruata,
2132 5846 2187 5900 S.
2226 5848 2492 5905 Anastasii
2531 5850 2759 5907 Siuaita.

705 5928 975 5990 PATROL.
1025 5930 1141 5991 (in.
1194 5933 1352 5993 CXI.

3254 5948 3320 6011 19
