4082 6160
413 414 521 478 587

1696 406 1921 466 MOSIS
1964 406 2108 465 ΒΑΗ
2145 404 2397 465 (ΖΙΞΡΙΙᾹ

3564 396 3673 461 588

409 528 606 580 animae
648 531 873 578 exteras
919 534 1137 590 quoque
1179 517 1391 572 {nubat
1445 519 1806 588 attgvltatquc.
1850 518 1989 574 Sunt
2013 524 2067 583 Α
2092 519 2199 582 sui,
2229 530 2398 584 seque
2430 531 2497 572 eo
2519 531 2627 571 uno
2646 516 2964 570 oblectaret.
2997 513 3063 567 Et
3116 514 3384 569 ntandaoit
3418 510 3674 567 nonnum

413 624 716 684 pra‘terea,
772 612 864 682 qui
923 614 1043 678 sic,
1110 618 1167 665 ut
1230 626 1324 681 per
1380 612 1602 665 llutium
1661 611 1993 681 intelligatur

408 706 660 760 Christus
689 704 781 775 qui
819 719 916 760 sua
950 701 1196 757 doctrina
1253 702 1551 757 Ecclesium
1603 701 1844 772 rigabat;
1879 701 1991 755 col-

409 799 613 868 legium
639 797 764 852 dico
791 798 1152 868 apostolicum
1178 798 1324 867 quod
1348 808 1466 851 erat
1490 796 1653 851 veluti
1683 796 1989 866 paradisus,

408 892 606 946 deinde
634 890 902 945 evadebat
932 900 1113 945 sectus
1144 889 1199 945 in
1229 900 1468 961 quatuor
1494 890 1695 958 cupita,
1740 890 1841 943 hoc
1882 897 1989 951 est,

409 983 560 1052 ipsos
591 993 829 1054 quatuor
873 983 1258 1055 evangelistas,
1308 982 1679 1048 Matthazum,‘
1712 981 1989 1046 Marcum,

410 1073 654 1139 Lucam,
712 1070 1022 1141 Joannem,
1087 1084 1253 1146 atque
1303 1074 1359 1129 hi
1412 1074 1611 1130 deinde
1666 1074 1989 1130 universum

408 1168 597 1221 orbem
634 1166 983 1222 habitabilem
1020 1168 1368 1238 proluehant.
1420 1165 1626 1223 Nomen
1664 1170 1824 1223 unius
1859 1166 1989 1222 Plri-

404 1274 524 1323 son,
572 1260 615 1311 is
655 1269 731 1312 est
776 1260 865 1329 qni
913 1260 1102 1314 circuit
1143 1262 1443 1314 universam
1490 1269 1686 1314 terram
1724 1258 1935 1317 Hosits
1968 1276 1989 1315 :

405 1363 453 1402 et
488 1350 561 1404 ibi
597 1361 672 1404 est
716 1367 949 1415 aurum;
982 1360 1033 1406 et
1068 1368 1259 1405 anrunt
1300 1353 1414 1421 ejus
1454 1361 1609 1407 term
1654 1356 1843 1407 bonum
1871 1362 1988 1419 est;

406 1445 481 1495 ibi
510 1441 724 1507 bdellia,
756 1457 803 1496 et
833 1442 1031 1512 lapides
1062 1444 1266 1516 berylli.

480 1535 677 1592 Phison
704 1538 923 1607 mystice
953 1539 1102 1606 quid.
1147 1567 1215 1578 —
1271 1537 1373 1593 f‘er
1416 1538 1708 1594 Phisoncm
1758 1536 1987 1596 ﬂuvium

412 1629 636 1701 intelligi
670 1640 855 1702 potest
899 1629 1035 1687 ﬂava
1086 1632 1211 1687 bilis
1235 1634 1338 1703 fqui
1377 1636 1573 1688 humor
1625 1633 1679 1688 in
1740 1636 1987 1706 corporis

406 1722 630 1775 immani
679 1723 1071 1779 constitutione
1121 1725 1411 1781 laudabilis
1461 1735 1563 1782 est.
1610 1724 1746 1783 Nam
1798 1729 1892 1800 qui
1921 1744 1987 1785 eo

405 1813 613 1883 largius
658 1813 869 1885 praediti
922 1826 1069 1877 sunt,
1129 1816 1348 1888 ingenio
1388 1819 1594 1887 pollent
1648 1821 1761 1875 acri
1821 1830 1989 1892 atque

2097 608 2237 663 Deus
2274 610 2497 675 Artamo,
2530 608 2771 679 dixitque
2802 609 2906 678 ipsi
2938 622 2957 661 :
2981 606 3057 663 De
3086 609 3331 662 amnibus
3369 609 3667 670 arboribus,

2093 718 2213 774 qua
2232 712 2354 758 sunt
2390 704 2445 757 in
2491 702 2767 774 paradiso,
2821 702 3022 756 edendo
3050 702 3171 757 edes
3198 716 3217 756 :
3244 710 3299 754 at
3330 703 3397 756 de
3424 704 3538 770 ipsa
3580 718 3673 753 ar-

2094 801 2217 851 bore
2244 797 2474 853 scientia!
2499 798 2620 852 boni
2648 807 2697 850 et
2732 797 2881 861 mali,
2926 812 2990 851 ne
3020 794 3168 862 edas,
3212 797 3313 851 hoc
3345 806 3449 861 est,
3477 808 3675 850 exerce

2095 896 2147 945 te
2175 888 2599 960 cogitationibus
2630 891 2712 959 .‘de
2750 891 2918 944 rebus
2963 888 3227 945 omnibus
3277 897 3393 944 tum
3425 897 3673 959 aspecta-

2093 980 2297 1039 bilibus
2324 1022 2337 1043 .
2397 991 2508 1037 tum
2558 997 2680 1053 quae
2720 982 2834 1037 sola
2879 982 3078 1037 mentis
3120 980 3472 1053 intelligentia
3500 980 3676 1052 perci-

2093 1074 2317 1143 piuntur
2341 1092 2358 1142 ;
2386 1076 2636 1146 apudque
2671 1083 2823 1130 tuum
2848 1076 3092 1129 animum
3121 1074 3384 1129 meditare
3413 1071 3673 1145 quisnam

2091 1166 2165 1221 sit
2203 1167 2417 1222 illarum
2440 1165 2664 1223 effector
2690 1178 2744 1223 et
2776 1181 2991 1238 parens,
3023 1175 3077 1222 et
3098 1166 3376 1237 quomodo
3402 1166 3672 1223 sinteon-

2092 1258 2254 1325 ditas;
2292 1268 2550 1329 totusque
2583 1268 2704 1316 esto
2734 1259 2789 1313 in
2833 1258 3144 1313 meditando
3183 1274 3243 1313 ea
3272 1273 3394 1327 qute
3425 1258 3529 1313 sibi
3563 1257 3675 1311 illis

2097 1353 2324 1424 mystice
2355 1352 2569 1419 latent;
2612 1367 2852 1424 cumque
2878 1368 2943 1409 es
2982 1366 3165 1407 rerum
3193 1354 3408 1408 illarum
3434 1351 3677 1422 pulchri-

2093 1444 2282 1499 tudine
2322 1455 2512 1513 raptus
2553 1443 2723 1501 fueris
2768 1445 2826 1500 in
2868 1444 3283 1500 admirationem
3310 1484 3327 1511 ,
3358 1452 3487 1499 tunc
3526 1444 3676 1512 ipsa-

2091 1550 2210 1591 rum
2238 1537 2523 1595 Conditori
2545 1540 2746 1610 gratias
2763 1539 2925 1609 agita,
2940 1551 3173 1609 eumque
3193 1537 3446 1592 laudibus
3462 1535 3677 1592 elicitos

2090 1626 2249 1694 Quod
2283 1644 2448 1700 porro
2493 1631 2763 1700 sequitur,
2812 1630 2883 1684 ab
2929 1628 3125 1685 arbore
3160 1630 3407 1685 scientia:
3439 1627 3570 1686 boni
3619 1638 3676 1683 et

2090 1721 2217 1777 mali
2267 1721 2650 1778 abstinendum
2694 1737 2838 1789 esse,
2885 1722 3156 1793 signiﬁcat
3194 1723 3343 1777 illum
3399 1719 3675 1779 curiosius

2092 1813 2370 1885 inquirere
2396 1829 2506 1871 non
2530 1814 2787 1873 debuisse
2830 1817 2883 1871 in
2919 1814 3086 1871 Deum
3122 1816 3328 1886 ipsum,
3362 1814 3494 1886 quid
3524 1824 3675 1872 esset

396 1918 732 1960 arcanorum
778 1904 872 1961 Dei
921 1907 1279 1979 mysticorum
1314 1908 1648 1981 cognitione,
1697 1920 1753 1966 et
1796 1926 1981 1970 rerum
2016 1908 2059 1965 Β
2088 1916 2145 1963 et
2175 1908 2453 1978 quomodo
2471 1908 2780 1975 exsisteret,
2810 1918 2867 1965 et
2892 1910 3155 1966 unicusne
3178 1925 3246 1966 an
3274 1910 3463 1981 plures
3482 1917 3673 1967 essent

403 2001 748 2056 conditarum
780 2002 1050 2071 scientia;
1099 2006 1201 2060 hoc
1233 2014 1339 2070 est,
1372 2007 1680 2063 divinarum
1705 2017 1757 2063 et
1786 2007 1984 2064 buma-

402 2107 596 2146 uarum
634 2107 818 2148 rerum
856 2109 1093 2165 capace;
1119 2096 1266 2166 quod
1297 2096 1539 2167 profecto
1561 2099 1733 2154 multo
1764 2113 1901 2155 auro
1928 2110 1984 2157 et

403 2181 762 2253 margaritis,
817 2184 1200 2257 lapidibusque
1254 2188 1506 2256 pretiosis
1566 2187 1979 2244 anteferendum

399 2282 510 2339 est,
536 2275 677 2329 sicut
701 2276 780 2332 ait
804 2273 1013 2333 Psaltcs
1045 2277 1209 2334 David
1251 2296 1265 2333 :
1303 2280 1587 2352 Propterea
1619 2284 1797 2339 annosi
1829 2300 1980 2339 men-

399 2367 532 2419 dato
588 2377 680 2420 tua
736 2368 960 2422 multum
1006 2386 1168 2439 supra
1213 2388 1424 2439 aurum,
1458 2383 1509 2430 et
1552 2375 1775 2430 multum
1814 2391 1981 2447 supra

406 2460 615 2529 lapides
665 2462 920 2530 pretiosos
969 2462 1035 2520 ”.
1074 2462 1257 2521 Potest
1304 2468 1469 2522 etiam
1524 2482 1618 2540 per
1683 2466 1978 2527 Pbisonem

402 2554 575 2623 accipi
612 2569 675 2608 ea
721 2556 893 2611 virtus
941 2556 1109 2613 animi
1162 2573 1281 2626 qua:
1305 2561 1531 2617 rationis
1579 2563 1798 2633 propria
1851 2572 1977 2627 est:

404 2648 749 2717 prudentiam
800 2648 946 2704 dico.
987 2646 1169 2706 Potest
1209 2668 1428 2722 quoque
1486 2654 1701 2712 Marcus
1745 2669 1981 2728 evange-

403 2738 527 2789 lista
567 2737 822 2791 l'hisnnis
853 2739 1072 2794 neruine
1116 2743 1363 2811 signatus
1400 2744 1649 2816 intelligi.
1678 2754 1736 2800 ut
1782 2746 1838 2801 in
1864 2759 1977 2819 quo

402 2826 574 2879 sohnr
611 2827 985 2898 lortitudoque
1016 2830 1213 2886 enituit
1253 2847 1339 2889 res
1375 2850 1606 2906 superas
1644 2838 1973 2909 csplicaudi.

400 2916 472 2969 Et
520 2934 705 2971 nomen
754 2917 905 2989 ματη
954 2923 1191 2989 secundi,
1249 2924 1443 2993 (Sinon,
1472 2930 1517 2981 is
1558 2938 1636 2982 et
1666 2932 1754 2995 qui
1785 2932 1972 2986 circuit

404 3024 606 3061 onmem
642 3023 841 3065 tcrrnnt
867 3011 1009 3067 Clitis
1044 3029 1061 3066 :
1094 3025 1142 3069 et
1168 3031 1354 3071 nomen
1379 3021 1527 3088 ﬂuvii
1558 3022 1701 3075 tertii
1720 3061 1737 3087 ,
1772 3020 1974 3091 οἰκίαι,

400 3102 493 3170 qui
548 3103 588 3154 it
635 3104 886 3161 (κίνει-διας
946 3108 1113 3161 Assur
1168 3125 1187 3161 :
1246 3121 1295 3165 ct
1345 3113 1539 3180 [iuvius
1605 3127 1825 3186 (mortus
1871 3127 1973 3184 est,

403 3191 623 3249 l'eratlt.
661 3196 929 3259 Othonem
962 3210 1139 3267 vocat,
1170 3208 1460 3260 lmmorem
1491 3224 1614 3261 eum
1647 3226 1811 3279 quem
1846 3225 1975 3267 sau-

2089 1998 2203 2066 dii;
2237 1998 2343 2055 huc
2366 1999 2511 2055 enim
2550 2000 2771 2071 penitus
2801 2004 3204 2071 procedendum
3235 2002 3308 2058 illi
3338 2017 3449 2058 non
3477 2000 3668 2065 fuisse,

2088 2102 2376 2163 propterea
2406 2093 2551 2164 quod
2596 2094 2777 2152 adhuc
2812 2096 2877 2151 ad
2909 2096 3059 2153 ii1ius
3086 2095 3231 2151 modi
3262 2111 3350 2153 res
3375 2095 3671 2167 capiendas

2088 2197 2199 2236 non
2224 2182 2357 2238 satis
2385 2184 2613 2253 polleret
2631 2185 2779 2242 illius
2809 2201 2985 2243 mens.
3028 2186 3164 2252 Quia
3190 2202 3291 2257 quo
3316 2187 3402 2240 die
3427 2186 3670 2242 camertes

2087 2272 2155 2327 de
2179 2288 2263 2337 ea,
2289 2286 2462 2329 morte
2491 2277 2779 2343 morieris;
2813 2292 2878 2334 ac
2906 2278 2953 2333 si
2986 2278 3135 2334 dicat
3167 2296 3181 2333 :
3221 2277 3343 2345 Quo
3368 2276 3457 2331 die
3487 2285 3669 2333 tecum

2088 2365 2364 2438 ambigere
2385 2370 2621 2439 cmperis
2655 2384 2867 2425 unusne
2892 2369 3034 2426 Deus
3064 2370 3136 2427 sit
3165 2386 3233 2425 an
3262 2372 3467 2440 plures,
3500 2379 3667 2441 atque

2089 2457 2143 2514 iu
2179 2460 2496 2532 opinionem
2549 2460 2788 2532 plurium
2832 2462 3113 2530 incideris,
3146 2473 3375 2517 nmrtcm
3421 2472 3668 2534 oppetes,

2086 2560 2141 2606 et
2171 2554 2445 2620 peccando
2470 2567 2524 2606 et
2557 2565 2629 2617 te,
2661 2569 2691 2607 a
2715 2568 2824 2620 me,
2852 2554 3211 2610 subdiu-endo
3235 2555 3662 2625 alienandoqne,

2086 2642 2181 2714 qui
2211 2659 2336 2700 sum
2372 2659 2534 2700 verus
2552 2644 2716 2703 Deus.
2747 2646 2959 2718 Quippe
2988 2648 3039 2702 id
3066 2647 3143 2702 illi
3174 2649 3379 2715 evenit,
3407 2662 3515 2703 una
3538 2664 3664 2703 cum

2088 2748 2261 2789 uxore
2289 2732 2401 2791 ilva
2428 2737 2633 2791 diaboli
2669 2735 2859 2792 fraude
2888 2738 3118 2794 seducto
3154 2755 3168 2793 :
3218 2739 3312 2809 qui
3356 2754 3463 2793 non
3497 2738 3663 2793 modo

2084 2834 2226 2878 esca:
2270 2824 2540 2881 illecebris
2578 2826 2727 2896 ipsos
2776 2824 2987 2891 fefellit,
3042 2828 3138 2884 sed
3172 2829 3446 2899 persuasit
3497 2831 3662 2883 etiam

2084 2916 2271 2987 plures
2309 2933 2432 2975 esse
2460 2920 2616 2987 deos,
2656 2919 2787 2975 dum
2832 2920 3036 2977 diceret
3073 2938 3089 2976 :
3145 2920 3206 2977 Si
3236 2919 3569 2977 comederitis
3596 2921 3665 2977 de

2083 3026 2146 3066 ea
2176 3011 2386 3077 arbore,
2432 3014 2585 3067 eritis
2631 3015 2763 3067 sicut
2816 3016 2915 3070 dii.
2958 3012 3055 3069 llic
3088 3015 3221 3071 illud
3254 3016 3419 3070 etiam
3473 3014 3665 3071 obser-

2085 3107 2323 3160 vandum
2384 3114 2469 3160 est
2514 3124 2529 3161 :
2582 3106 2713 3161 Adae
2766 3116 2930 3177 atque
2973 3109 3155 3171 uxori,
3213 3108 3410 3163 arbore
3446 3117 3659 3164 tantum

2084 3199 2327 3254 scientia:
2375 3200 2725 3254 interdictum
2766 3216 2887 3255 esse
2917 3214 2987 3257 ne
3024 3202 3092 3256 ad
3146 3215 3266 3256 eam
3316 3202 3663 3271 accederent,

402 3282 621 3350 guinem
672 3287 937 3354 dicimus;
974 3288 1169 3355 Dtltlal,
1212 3310 1339 3348 eum
1379 3312 1539 3367 quem
1576 3274 1825 3367 pituitam
1862 3316 1964 3357 vo-

2089 3306 2280 3363 nempe
2328 3295 2461 3363 quia
2514 3294 2758 3348 nondum
2812 3293 2932 3363 ejus
2964 3306 3195 3363 capaces
3243 3302 3443 3360 erant;
3488 3302 3545 3350 at
3592 3297 3662 3351 de

398 3386 625 3463 camus;
672 3374 909 3449 denique
958 3379 1181 3448 Perath,
1224 3387 1376 3442 illum
1420 3405 1580 3459 quem
1629 3391 1969 3463 appellamus

400 3461 564 3519 bilem
601 3476 798 3535 atram,
851 3484 909 3526 ut
938 3473 1015 3528 ait
1048 3473 1109 3529 υ.
1144 3475 1382 3534 lacubus
1421 3461 1733 3539 Orrohaita.
1763 3484 1970 3541 Possu-

402 3567 528 3609 mus
562 3568 780 3627 quoque
827 3574 924 3630 per
952 3562 1218 3619 Gihoncm
1266 3568 1562 3642 intelligere
1605 3587 1723 3627 eam
1775 3577 1974 3633 animat

402 3644 655 3702 virtutem
688 3664 809 3717 qua
836 3657 1187 3722 temperantia
1220 3657 1459 3727 dicitur;
1494 3677 1591 3733 per
1620 3662 1819 3729 Diklat,
1850 3679 1971 3723 eam

399 3753 524 3808 quin
557 3741 625 3795 ad
664 3754 870 3811 partem
912 3746 1107 3802 animas
1150 3752 1473 3806 irascibilem
1511 3757 1627 3810 sive
1666 3757 1972 3815 animosam

401 3831 671 3900 pertinet;
707 3838 805 3891 hoc
827 3849 928 3903 est,
978 3838 1375 3910 fortitudinem,
1425 3858 1478 3902 ct
1521 3848 1832 3917 lenitatem;
1880 3868 1978 3923 per

400 3922 601 4015 ilerath
650 3927 883 3999 denique
910 3970 927 3995 ,
973 3933 1262 4003 justitiam.
1315 3936 1526 3994 llursus
1574 3941 1753 3997 Gihon
1794 3922 1975 4015 potest

393 4013 716 4108 .blattltaeum
748 4021 1054 4091 significare
1075 4029 1486 4100 evangelistam;
1514 4029 1709 4100 Diklat,
1732 4013 1985 4108 Lucam);

401 4104 604 4163 Perath
641 4107 931 4171 Joannem.
985 4113 1051 4169 Et
1103 4122 1303 4190 accepit
1356 4123 1611 4179 Dominus
1652 4126 1790 4183 Deus
1828 4104 1979 4185 sed;

392 4218 567 4268 suum,
598 4214 649 4259 et
693 4208 865 4274 posuit
893 4213 1065 4279 ipsum
1091 4214 1147 4267 in
1178 4220 1436 4284 paradiso
1464 4218 1634 4276 Eden.
1677 4221 1973 4295 Postquam

2083 3390 2281 3444 arbore
2309 3390 2431 3443 vitae
2460 3388 2594 3443 nihil
2620 3402 2742 3445 esse
2770 3399 3096 3459 praeceptum
3128 3389 3348 3460 quidem
3383 3387 3520 3462 lege.
3560 3391 3656 3447 sed

2086 3495 2187 3553 pro
2219 3482 2466 3537 custodia
2495 3481 2614 3550 ejus
2657 3486 2891 3551 positum
2922 3483 3143 3539 Cherub
3173 3492 3228 3539 et
3258 3485 3432 3540 aciem
3469 3484 3661 3557 gladii,

2088 3572 2345 3627 nimirum
2390 3581 2449 3627 ut
2490 3586 2554 3627 ea
2585 3587 2642 3627 re
2672 3572 3032 3643 signiﬁcetur,
3078 3586 3177 3630 eos
3212 3574 3470 3630 mortales
3522 3577 3663 3648 (sive

2089 3664 2305 3736 pristini
2338 3666 2488 3719 illius
2539 3669 2658 3720 sive
2688 3664 2851 3732 hujus
2902 3666 3185 3738 temporis,
3226 3669 3317 3737 qui
3370 3682 3481 3724 non
3521 3668 3660 3725 satis

2090 3760 2230 3812 lirmi
2267 3769 2394 3812 sunt
2422 3758 2489 3812 ad
2519 3756 2936 3813 commentanda
2992 3774 3055 3816 ea
3104 3775 3227 3830 quae
3262 3760 3329 3815 ad
3365 3776 3660 3818 sacrosan-

2090 3863 2232 3907 ctam
2284 3851 2606 3907 Trinitatem
2675 3861 2965 3920 spectaut;
3044 3866 3213 3907 unum
3285 3852 3494 3911 scitir-et
3537 3864 3664 3913 esse

2094 3941 2288 4010 Deum,
2345 3958 2608 4012 personas
2657 3958 2787 3998 vero
2830 3952 2962 4008 tres,
3013 3951 3178 4015 atque
3226 3945 3299 4001 ita
3334 3942 3661 4023 Trinitatem

2087 4037 2303 4091 essein
2359 4042 2589 4103 unitate,
2634 4046 2690 4090 et
2736 4050 2955 4091 rursum
3002 4038 3265 4092 unitatem
3309 4037 3364 4093 in
3396 4024 3666 4095 Trinitate

2096 4130 2260 4203 (banc
2297 4132 2441 4184 enim
2480 4145 2601 4184 esse
2648 4131 2899 4184 arborem
2933 4130 3081 4196 vitae,
3118 4144 3288 4200 supra
3331 4136 3663 4187 memoravi-

2095 4223 2240 4289 mus)
2270 4237 2284 4273 :
2317 4222 2362 4275 si
2392 4228 2659 4276 conentur
2704 4234 2798 4290 per
2826 4221 3185 4276 temeritatem
3229 4222 3326 4280 illo
3354 4232 3663 4293 penetrare.

394 4297 738 4354 condidisset
764 4300 904 4359 Deus
931 4304 1221 4373 Adamum,
1252 4311 1475 4365 sustulit
1501 4312 1679 4383 ipsum
1708 4316 1856 4373 illinc
1881 4319 1975 4375 ubi
2092 4313 2269 4383 deque
2314 4314 2531 4368 arcanis
2579 4310 2683 4368 illis
2718 4321 2775 4366 et
2826 4312 3067 4383 cogitare
3092 4321 3148 4368 et
3178 4313 3327 4385 loqui
3355 4331 3369 4369 :
3422 4328 3546 4377 eos.
3577 4317 3666 4373 ia-

404 4396 625 4479 creatus
653 4389 854 4457 fuerat,
890 4402 946 4449 et
979 4397 1219 4452 traduxit
1252 4400 1306 4453 in
1340 4404 1654 4471 paradisum
1714 4407 1979 4478 spiritua-
2092 4422 2282 4479 quam,
2315 4408 2557 4463 coerceri
2606 4406 2904 4476 repellique
2944 4408 3102 4477 quasi
3131 4422 3161 4461 a
3188 4405 3415 4465 custode
3444 4406 3667 4465 Cherub

403 4478 532 4543 lem,
557 4481 661 4537 hoc
704 4495 809 4549 est,
858 4486 915 4540 in
944 4487 1109 4543 vitam
1141 4490 1380 4559 felicem,
1422 4503 1478 4550 ut
1527 4497 1857 4569 voluptatem
1889 4517 1982 4559 ca-
2093 4478 2147 4559 et
2172 4503 2359 4557 lancea
2379 4502 2614 4572 quadarn
2644 4502 2796 4572 ignea
2817 4502 3121 4573 fulgoribus
3153 4501 3390 4556 micante
3412 4498 3670 4571 Ipsosque

401 4581 556 4697 geret
595 4589 665 4629 es
706 4577 1059 4637 meditatione
1103 4597 1286 4641 rerum
1319 4589 1687 4655 conditarum,
1715 4604 1881 4666 atque
1910 4611 1975 4653 ex
2015 4640 2060 4697 υ
2092 4594 2400 4649 deterreute
2447 4603 2609 4664 atque
2648 4608 2876 4649 accessu
2915 4594 3260 4659 prohibente.
3313 4589 3383 4646 Et
3415 4589 3668 4663 [amavit

448 4663 868 4697 minuma-rma-
902 4671 1063 4697 ..-.a::-
1112 4676 1304 4697 _--:L__-
1338 4679 1351 4697 ρ
1424 4680 1437 4697 ρ
2107 4686 2140 4697 ..
2238 4689 2251 4697 .
2412 4684 2451 4697 ..
2696 4696 2702 4697 ,
3147 4684 3160 4697 .
3239 4685 3275 4697 _.
3522 4684 3535 4697 .
3654 4691 3667 4697 -

380 4663 871 4726 .divinte-notlonis
902 4671 1066 4729 radiis
1104 4676 1307 4746 quibus
1338 4679 1513 4749 ipsius
1543 4699 1699 4741 mens
1731 4663 1976 4745 illustra-
2017 4663 2060 4697 ν
2096 4686 2350 4744 Dominus
2407 4663 2545 4741 Deus
2609 4704 2637 4739 e
2686 4696 2829 4740 terra
2878 4700 3084 4741 omnem
3141 4684 3365 4740 bestiast
3415 4684 3573 4756 agri,
3615 4691 3669 4740 et

384 4756 570 4811 .batur
618 4760 941 4831 angelorum
984 4780 1138 4823 more
1170 4809 1188 4835 ,
1241 4775 1698 4843 quemadmodum
1750 4780 1803 4834 in
1859 4778 1982 4853 ipso
2086 4796 2298 4836 omnem
2332 4781 2592 4834 soluerent
2623 4780 2759 4834 cali.
2802 4776 2926 4833 Περ
2955 4779 3141 4841 verba,
3161 4787 3325 4849 atque
3348 4777 3461 4832 bac
3489 4775 3669 4832 oratio

386 4862 623 4920 quoque
685 4868 979 4925 corporato
1054 4864 1311 4931 paradiso
1372 4867 1770 4928 oblectabatur.
1842 4872 1980 4930 Cum
2078 4873 2148 4929 de
2177 4872 2345 4928 rebus
2392 4872 2526 4943 ipsis
2556 4871 2827 4925 duntaxat
2869 4869 3221 4940 interpretari
3268 4874 3519 4940 possunt,
3558 4881 3667 4923 nou

388 4945 548 4998 enim
580 4946 815 5039 duplicis
844 4962 991 5009 esset
1035 4956 1371 5016 conditionis
1419 4963 1747 5031 paradisus;
1790 4977 1983 5039 quate-
2077 4968 2240 5023 etiam
2258 4965 2326 5019 ad
2341 4965 2595 5034 spiritum
2619 4961 3228 5034 aceommodariJgitur
3246 4974 3369 5032 qua
3384 4974 3671 5017 commen-

393 5046 509 5087 nus
537 5034 836 5130 spiritualis
883 5052 1019 5111 erat,
1061 5046 1366 5105 delectabat
1412 5052 1542 5109 Adae
1570 5034 1823 5111 animum
1843 5073 1977 5113 con-
2081 5063 2224 5115 tario
2242 5060 2525 5130 superiore
2546 5057 2614 5114 de
2636 5057 2771 5127 ipsis
2791 5064 2922 5111 sunt
2945 5071 2975 5108 a
3004 5055 3163 5110 nobis
3192 5052 3357 5120 dicta,
3380 5050 3674 5113 sulbciant.

392 5126 887 5224 temptationibus;
927 5148 1199 5207 quatenus
1236 5157 1367 5198 vero
1418 5158 1761 5217 corporales,
1805 5150 1973 5206 arbo-
2088 5126 2405 5224 Eqimmisit
2438 5126 2691 5204 Dominus
2714 5148 2848 5204 Deus
2875 5148 3099 5218 quietem
3115 5148 3252 5219 (aut.
3276 5154 3335 5200 ut
3365 5144 3528 5200 habet
3568 5143 3677 5201 lle-

402 5219 556 5311 ’ΨΜ
580 5218 974 5297 ίτυεηδυεηυθι
1004 5230 1150 5289 illius
1178 5247 1379 5306 corpus
1404 5242 1707 5295 recreabat.
1762 5240 1831 5296 Ut
1852 5257 1972 5298 eam
2087 5218 2317 5307 brutum,
2338 5246 2599 5311 somnum)
2618 5243 2671 5294 in
2693 5242 2975 5305 Ademtum,
2994 5250 3046 5294 et
3076 5239 3322 5294 dormivit
3342 5252 3363 5294 :
3384 5244 3434 5294 et
3460 5237 3675 5293 sustulit

388 5310 595 5365 aleret
620 5325 670 5368 et
704 5322 1009 5377 custodiret.
1048 5322 1255 5382 idcirco
1290 5329 1511 5400 (inquit)
1547 5332 1786 5389 traduxit
1818 5335 1971 5389 illum
2079 5352 2240 5391 unum
2268 5352 2295 5389 e
2327 5336 2484 5388 costis
2517 5310 2705 5402 ipsius,
2736 5334 3028 5401 clausitque
3061 5346 3219 5387 carne
3245 5330 3361 5401 ejus
3387 5332 3583 5397 locum,
3621 5329 3674 5383 el

402 5403 461 5495 in
499 5419 624 5461 eum
669 5412 1005 5480 splritualem
1039 5429 1093 5474 et
1133 5421 1352 5477 beatum
1388 5425 1603 5481 vivendi
1636 5428 1882 5495 modum,
1921 5438 1981 5487 ut
2085 5429 2413 5487 concinnavit
2450 5428 2700 5481 Dominus
2751 5426 2887 5479 Deus
2928 5439 2995 5478 es:
3017 5433 3164 5478 costo
3205 5437 3365 5494 quoin
3383 5430 3676 5491 sumpserat

392 5494 465 5559 in
494 5506 614 5574 ipso
643 5521 765 5565 sese
818 5522 1096 5568 exerceret
1124 5529 1223 5584 per
1266 5517 1467 5585 probas
1514 5518 1875 5587 cogitationes
1930 5530 1987 5575 et
2091 5538 2156 5579 es
2207 5523 2432 5585 Adamn,
2462 5521 2730 5590 feminam.
2753 5518 2907 5585 Quod
2943 5534 3006 5573 es
3030 5518 3238 5571 Artamo
3268 5531 3466 5584 sopore
3481 5516 3677 5573 obruto

407 5609 588 5652 rectas
627 5599 1007 5659 meditationes
1030 5620 1153 5675 quae
1180 5607 1324 5663 circa
1356 5623 1443 5664 res
1474 5611 1728 5667 conditas
1757 5628 1987 5669 versen-
2097 5624 2313 5684 smnpta
2338 5624 2421 5668 est
2452 5623 2623 5675 costa,
2675 5620 2836 5680 atque
2874 5626 2936 5664 es
2990 5608 3091 5664 hac
3128 5608 3269 5663 facta
3313 5606 3424 5662 Eva
3448 5645 3465 5673 ,
3497 5622 3677 5664 saera-

391 5701 521 5759 »tur,
574 5693 861 5765 ipsumque
908 5699 1230 5760 observaret
1275 5703 1424 5758 ontni
1488 5705 1769 5774 proposito
1823 5705 1991 5762 animi
2102 5716 2347 5764 mentum
2392 5714 2475 5761 est
2530 5706 2812 5776 sanguinis
2867 5712 2920 5759 et
2966 5717 3122 5773 aqua:
3159 5717 3222 5758 es
3256 5700 3459 5757 Christi
3511 5701 3676 5757 latere

483 5856 530 5887 ³³
560 5853 703 5912 Psal.
742 5873 928 5927 carui,
960 5860 1049 5917 72.
