4082 6160
342 399 445 468 589

1467 409 1561 471 DE
1601 409 2002 475 PARADISO.
2043 434 2111 448 ’-
2143 409 2340 475 PARS
2380 410 2460 471 Ιῐ.

3492 409 3600 470 590

344 511 756 582 proﬂuentium,
814 528 1106 591 postquam
1164 520 1219 577 in
1259 535 1425 581 cruce
1464 524 1919 593 obdormivisset;
1952 539 1996 599 Α
2025 535 2109 583 ret
2141 524 2354 583 hortata
2384 533 2490 592 est,
2527 524 2574 581 is
2601 539 2729 579 rem
2762 524 2950 579 uxoris
2980 522 3144 579 dictis
3184 532 3268 577 est
3311 537 3589 585 assensus,

340 606 543 678 quibus
574 609 872 668 constituta
919 622 1002 669 est
1045 627 1396 674 sacrosancta
1438 615 1679 677 Ecclesia
1714 637 1731 673 :
1763 627 1903 686 tum,

338 696 484 785 quod
517 715 582 755 ex
628 702 793 759 latere
830 704 1022 761 Adami
1052 706 1423 779 excipiebatur
1452 710 1588 776 Era,
1609 721 1770 785 typus
1805 712 1910 768 fuit

341 782 579 843 fodiendi
611 791 740 847 olim
785 792 973 853 lateris
1022 796 1250 867 Christi,
1280 817 1348 858 ex
1397 817 1507 873 quo
1537 782 1724 860 essent
1753 801 1909 859 einu-

338 890 490 934 lnra:
539 897 694 954 aqum
734 884 857 943 vita:
902 897 957 945 et
1012 890 1206 947 vitales
1263 893 1689 967 aalutaresque;
1727 910 1908 967 aquae.

341 967 587 1043 inquam,
621 977 762 1034 sacri
792 978 1045 1048 baptismi
1077 984 1169 1054 qui
1220 994 1306 1041 est
1349 997 1522 1044 mater
1560 990 1816 1061 mystica,
1844 1006 1908 1045 ex

339 1075 447 1132 qua
475 1080 581 1120 una
612 1079 970 1137 procreantur
993 1074 1087 1129 lilii
1120 1077 1241 1129 ιη)νί
1280 1079 1345 1133 ad
1380 1081 1540 1134 vitam
1574 1080 1911 1152 spiritualcm

341 1165 507 1225 atque
548 1162 933 1230 srtnpiternam
990 1185 1006 1225 :
1064 1171 1208 1225 sicut
1265 1170 1372 1227 Eva
1426 1187 1643 1244 quoque
1685 1189 1808 1243 quae
1845 1190 1913 1231 ex

344 1246 544 1303 Adami
598 1252 769 1310 latere
822 1258 1046 1327 prodiit,
1097 1272 1273 1317 mater
1327 1263 1510 1319 omnia
1555 1265 1789 1323 viventis
1832 1276 1916 1321 Cal.

341 1341 636 1411 appellata.
687 1344 752 1400 Et
804 1365 1015 1421 serpens
1075 1356 1306 1411 astutior
1331 1367 1450 1412 erat
1496 1358 1739 1416 omnibus
1790 1362 1914 1416 ani-

341 1434 571 1522 malibus
612 1439 755 1511 agri,
808 1458 925 1511 qua
955 1444 1153 1513 fecerat
1186 1444 1444 1503 Dominus
1477 1448 1639 1504 Deus.
1684 1451 1918 1522 Serpen-

340 1534 451 1582 tem
478 1538 638 1604 vocat
672 1531 989 1605 diabolum;
1028 1538 1177 1595 illum
1214 1540 1321 1597 Deo
1344 1546 1622 1610 rebellem,
1650 1546 1918 1603 mendacii

346 1628 581 1690 patrem,
615 1622 868 1682 humanae
910 1639 1117 1687 natune
1148 1632 1541 1708 impostorem;
1590 1652 1715 1695 nam
1756 1639 1918 1695 etiam

342 1710 469 1767 alibi
500 1713 557 1771 in
586 1719 757 1775 sacris
783 1716 1021 1786 Litteris,
1048 1723 1139 1781 ille
1158 1741 1384 1798 serpens
1404 1732 1708 1801 appellatur
1733 1751 1747 1787 :
1774 1731 1918 1801 Feci,

344 1801 523 1877 inquit
550 1804 838 1873 Dominus.
867 1813 1010 1870 vobis
1035 1826 1343 1887 potestatem
1369 1822 1614 1879 calcandi
1656 1835 1918 1891 serpentes

341 1905 395 1951 et
443 1902 764 2004 scorpiones.
790 1905 859 1962 ".
920 1905 986 1964 Et
1033 1909 1166 1967 alibi
1218 1914 1484 1985 scriptum
1527 1925 1615 1973 est
1661 1933 1677 1971 :
1715 1916 1924 1973 Occidit
1956 1949 1997 2004 Β

346 2004 536 2046 ασκεω
594 1995 763 2064 ipsius
824 2010 1110 2069 serpentem
1160 2006 1519 2079 transfugam,
1581 2010 1690 2064 sive
1739 2011 1924 2077 fugiti-

346 2094 471 2135 eurn
504 2081 576 2142 ”.
604 2083 876 2155 Auge-lica
915 2105 1045 2144 vero
1075 2091 1302 2151 virtutes
1348 2095 1690 2165 appellantur
1714 2100 1926 2154 anima-

341 2168 569 2245 lia,quo
592 2177 810 2232 nomine
838 2179 959 2236 illas
988 2179 1304 2255 Scripturas
1340 2188 1484 2255 apud
1514 2187 1855 2246 Escrbielent
1878 2191 1926 2225 ⁹⁶

342 2280 565 2339 quoque
594 2280 752 2326 vocat
786 2271 841 2328 in
865 2285 1083 2331 ostento
1112 2277 1227 2336 illo.
1261 2278 1470 2336 Dicitur
1496 2292 1677 2339 autem
1704 2299 1926 2354 serpens

344 2359 582 2417 astutior
601 2362 855 2421 omnibus
879 2366 1230 2435 animalibus,
1251 2370 1379 2441 quia
1412 2373 1672 2444 angelicae
1698 2374 1925 2431 virtutes

344 2465 578 2523 prorsus
601 2454 672 2510 ab
702 2459 852 2513 omni
887 2460 1089 2516 malitia
1118 2472 1279 2533 atque
1305 2472 1427 2521 astu
1456 2478 1642 2521 vacua
1669 2475 1839 2533 aunt;
1869 2475 1925 2523 at

344 2543 596 2603 diabolus
621 2545 770 2604 vafer
796 2558 882 2607 est
908 2559 963 2607 et
1000 2554 1284 2625 improbus
1314 2569 1545 2626 prorsus
1575 2573 1591 2613 :
1619 2554 1691 2615 Et
1716 2559 1793 2614 ait
1811 2574 1927 2615 ser-

344 2650 471 2703 pens
509 2638 581 2693 od
604 2639 878 2698 mulierem
903 2656 925 2697 :
967 2641 1097 2701 Vere
1121 2645 1260 2701 dixit
1297 2646 1456 2716 Deus,
1488 2663 1555 2705 tte
1585 2649 1925 2708 consederam

344 2728 412 2785 de
434 2730 676 2789 omnibus
710 2734 991 2791 arboribus
1015 2736 1280 2805 paradisi,
1322 2740 1429 2797 hoc
1460 2747 1568 2807 est,
1601 2740 1760 2809 plane
1787 2741 1928 2798 dixit

343 2822 503 2881 vobis
553 2820 700 2882 Deus
746 2842 764 2884 :
802 2824 989 2883 Nolito
1018 2829 1333 2887 meditando
1374 2832 1685 2903 expendere
1739 2848 1924 2889 rerum

343 2915 738 2985 conditionem,
782 2920 898 2977 sive
944 2921 1385 2994 aspectabiliurn,
1429 2923 1548 2981 sire
1584 2938 1776 2982 carum
1803 2940 1928 2998 qua:

344 3006 403 3064 in
431 3020 629 3067 sensus
652 3025 763 3068 non
787 3011 1009 3070 cadunt.
1061 3011 1131 3070 Et
1154 3014 1233 3071 ait
1273 3017 1464 3073 mulier
1489 3016 1562 3074 ad
1587 3027 1876 3089 serpentem
1903 3034 1926 3076 :

348 3096 426 3158 De
449 3099 714 3173 fructibus
752 3103 1004 3163 arborum
1030 3105 1272 3174 paradisi
1299 3110 1533 3166 omnium
1557 3112 1925 3179 romedemus;

344 3192 411 3249 de
474 3194 736 3267 fructibus
786 3195 1019 3263 arboris,
1074 3214 1195 3272 qua
1245 3207 1325 3256 est
1363 3203 1419 3257 iu
1471 3203 1646 3260 medio
1677 3206 1921 3275 paradisi

2022 633 2185 691 atque
2232 621 2285 675 in
2339 620 2557 676 easdem
2613 618 2970 689 cogitationes
3021 618 3270 672 incubuit
3334 635 3345 670 :
3412 617 3594 685 .tprrti

2016 720 2138 767 sunt
2181 711 2325 767 oculi
2369 712 2643 768 amborum
2678 720 2728 766 et
2771 722 3121 779 cognouerunt
3172 711 3313 777 quod
3357 712 3488 762 nudi
3513 726 3598 762 es-

2016 810 2152 863 sent.
2221 802 2492 872 Evestigio
2548 802 2745 860 violata
2816 801 2930 871 lege
2987 800 3102 863 Dei,
3162 800 3416 870 patefacti
3468 813 3597 855 sunt

2020 894 2263 965 ipsorum
2294 896 2441 950 oculi
2474 910 2489 950 :
2532 912 2640 951 non
2684 895 2828 966 quod
2858 876 2915 949 iri
2940 894 3073 948 deos
3101 892 3213 962 jam
3250 903 3361 948 tum
3391 892 3597 947 evasis-

2019 997 2157 1049 sent,
2181 987 2233 1043 in
2256 1002 2417 1057 quam
2449 999 2599 1051 spem
2628 986 2775 1057 ipsos
2796 984 3096 1041 adduxerat
3117 987 3349 1048 daemon,
3383 987 3475 1039 sed
3502 988 3596 1048 ita,

2023 1089 2082 1134 ut
2132 1079 2622 1136 animadverterent
2657 1095 2809 1135 suam
2844 1079 3178 1141 nuditatem;
3209 1077 3313 1134 hoc
3373 1090 3474 1141 est,
3504 1078 3585 1131 ad-

2021 1181 2197 1242 empta
2219 1181 2307 1228 est
2334 1172 2469 1243 ipsis
2497 1173 2642 1243 prior
2679 1172 2768 1226 illa
2798 1171 3051 1229 cernendi
3083 1170 3311 1225 faciiltas
3338 1172 3595 1241 spiritua-

2023 1262 2090 1320 lis
2106 1270 2271 1336 atque
2292 1264 2534 1335 angelica
2561 1280 2667 1334 qua
2693 1263 2913 1319 fuerant
2934 1263 3168 1336 praediti,
3196 1263 3425 1318 intellem
3446 1272 3590 1317 runt-

2022 1371 2147 1427 que,
2180 1369 2240 1413 se
2256 1355 2369 1426 jam
2401 1355 2538 1411 felici
2581 1357 2668 1411 illa
2703 1356 2795 1412 Dei
2838 1358 3009 1426 gratia
3044 1370 3169 1411 esse
3194 1357 3454 1425 spoliatos
3486 1371 3594 1423 qua

2022 1457 2315 1520 antequam
2344 1450 2611 1505 adversus
2654 1449 2828 1520 legem
2879 1450 3159 1511 iecissent,
3206 1464 3304 1504 sua
3352 1449 3597 1515 ipsorum

2023 1558 2250 1612 corpora
2304 1543 2469 1599 veluti
2501 1544 2674 1600 velata
2721 1543 2955 1598 fuerant.
2974 1535 3072 1606 ’,Ει
3113 1542 3601 1611 conglutinaoerunt

2026 1636 2156 1707 folia
2198 1637 2448 1706 ficulnea,
2495 1637 2828 1707 feceruntque
2875 1637 2977 1690 sibi
3030 1634 3384 1704 subligaculo.
3447 1632 3600 1687 Folia

2026 1728 2257 1785 ﬁculnea
2313 1737 2471 1785 vocat
2532 1730 2776 1799 ipsorum
2855 1742 3091 1791 manus;
3155 1727 3392 1782 referunt
3453 1726 3600 1780 enim

2029 1834 2234 1877 manus
2270 1834 2459 1877 eorum
2491 1819 2747 1876 foliorum
2788 1820 3041 1891 ﬁguram.
3085 1816 3251 1884 Quasi
3284 1818 3445 1878 dicat.
3473 1831 3599 1871 enin

2024 1927 2084 1969 se
2113 1911 2293 1970 nudos
2319 1925 2443 1969 esse
2480 1911 3008 1973 animadverterent,
3044 1911 3295 1966 manibus
3337 1925 3435 1964 sua
3471 1922 3605 1964 con-

2028 2014 2209 2061 texere
2246 2002 2536 2076 pudenda;
2590 2012 2759 2075 atque
2805 2004 2880 2059 ita
2929 2003 3094 2084 etiam
3141 2018 3290 2058 nunc
3322 2017 3382 2058 se
3420 2016 3603 2056 mores

2027 2094 2342 2153 mortalium
2403 2093 2629 2152 habent.
2677 2091 2864 2162 Neque
2903 2094 3050 2150 enim
3082 2103 3178 2149 aut
3205 2096 3472 2149 amirtnm
3502 2103 3599 2145 aut

2028 2186 2271 2253 tunicas,
2311 2186 2417 2243 sibi
2468 2187 2618 2257 ipsos
2667 2185 2863 2243 fecisse
2908 2185 3062 2250 dicit.
3098 2185 3194 2242 sed
3239 2185 3597 2255 periaomata.

2027 2281 2294 2345 hoccst,
2334 2295 2457 2351 qua:
2516 2279 2630 2335 sola
2705 2279 2959 2351 genitalia
3031 2279 3277 2334 membra
3332 2289 3597 2344 tegerent.

2026 2371 2099 2428 Et
2129 2373 2409 2428 audierunt
2441 2388 2615 2428 ooeeut
2645 2371 2857 2427 Domini
2899 2372 2992 2426 Dei
3025 2373 3317 2442 gradientis
3354 2372 3405 2423 in
3431 2386 3599 2439 pum-

2024 2464 2162 2529 diso,
2193 2466 2263 2521 ad
2311 2465 2707 2521 inclinationem
2750 2464 2881 2519 diei.
2928 2463 3214 2520 Inclinatio
3249 2462 3357 2517 diei
3390 2477 3599 2516 moram

2026 2556 2289 2628 temporis
2325 2556 2631 2628 signiﬁcat;
2682 2554 2840 2627 quasi
2883 2554 3051 2619 dicat,
3097 2538 3203 2610 n'on
3235 2554 3397 2609 simul
3429 2565 3598 2624 atqu»:

2026 2650 2342 2707 mandatum
2409 2649 2835 2706 transilivissent
2903 2648 3371 2720 deliquissentque
3427 2661 3601 2717 appae

2026 2740 2206 2797 ruisse
2226 2739 2366 2812 ipsis
2392 2739 2599 2796 Deum:
2633 2737 2731 2797 sed
2766 2739 3058 2810 interjecto
3092 2738 3355 2807 temporis
3388 2736 3592 2807 spatio.

2026 2830 2287 2888 nimirum
2318 2848 2429 2904 quo
2476 2834 2597 2903 ipso
2655 2831 2801 2902 apud
2845 2832 3088 2886 animum
3138 2845 3299 2885 suum
3334 2828 3436 2885 sibi
3472 2844 3603 2882 cou-

2023 2924 2172 2980 scios
2196 2923 2423 2994 puderet
2453 2924 2694 2991 interim,
2721 2923 3114 2995 pauiteretque
3141 2918 3366 2976 admissi
3389 2917 3599 2988 ﬂagitii.

2023 3011 2195 3072 Porro
2237 3016 2534 3073 descensus
2584 3027 2640 3071 et
2690 3015 2956 3072 adventus
3008 3013 3101 3068 Dei
3144 3014 3205 3068 in
3254 3011 3599 3084 paradisum.

2024 3108 2196 3180 ligura
2225 3117 2342 3164 erat
2373 3124 2495 3180 qua:
2525 3108 2913 3164 descensurum
2942 3114 3111 3177 atque
3145 3098 3437 3161 uenturum
3467 3103 3600 3159 olim

2026 3201 2079 3257 in
2114 3202 2374 3259 mundum
2417 3200 2509 3257 Dei
2540 3199 2775 3259 Verbum
2816 3198 3176 3273 signiﬁcabat,
3219 3196 3335 3253 Diei
3364 3196 3598 3252 inclina-

346 3285 491 3341 disit
512 3287 677 3352 Deus.
705 3304 770 3345 ne
806 3290 979 3346 edotis
1011 3290 1076 3347 de
1116 3308 1181 3347 eo
1211 3308 1377 3366 neque
1414 3297 1648 3367 tangatis
1688 3311 1829 3362 eam,
1855 3312 1919 3353 ne
1945 3277 1989 3337 (ἶ
2022 3296 2171 3351 tione
2217 3311 2343 3352 vero
2387 3293 2614 3366 mystico
2665 3293 3058 3349 ostendebatur
3104 3290 3223 3346 lore
3259 3297 3317 3346 ut
3351 3290 3454 3346 hoc
3503 3286 3598 3343 Dei

346 3379 677 3439 moriemini.
706 3380 881 3439 Iussit
914 3385 1134 3455 quidem
1168 3384 1313 3443 Deus
1356 3396 1417 3443 ut
1453 3403 1638 3445 rerum
1671 3391 1918 3446 omnium
2026 3385 2258 3443 Verbum
2291 3388 2345 3442 in
2385 3389 2490 3443 line
2526 3395 2829 3458 temporum
2874 3402 3096 3442 carnem
3146 3383 3415 3448 indueret,
3453 3382 3596 3441 sicut

347 3483 461 3529 tam
488 3488 613 3544 qua:
655 3474 804 3531 cerni
850 3490 959 3532 non
1013 3486 1245 3548 possunt
1288 3493 1453 3550 quam
1495 3496 1619 3551 qua
1670 3493 1907 3552 possunt
2022 3479 2098 3532 ait
2129 3477 2329 3532 Paulus
2361 3495 2374 3531 :
2408 3476 2539 3532 Cum
2564 3476 2782 3532 renisset
2815 3476 2939 3545 ﬁnis
2980 3475 3250 3545 temporis.
3283 3473 3424 3528 misit
3457 3471 3598 3527 Dea:

344 3564 811 3636 contemplatione
838 3581 944 3623 nos
987 3582 1368 3635 exerceamus,
1410 3578 1574 3642 atque
1605 3587 1668 3627 ea
1701 3582 1921 3629 nosmet
2028 3568 2231 3626 Filium
2260 3581 2497 3634 exanimet
2527 3569 2700 3637 foetus
2729 3580 2805 3626 est
2831 3585 2896 3624 es
2925 3568 3140 3623 muliere
3154 3567 3222 3633 '3.
3248 3564 3448 3620 Deinde
3475 3578 3602 3638 gra-

345 3656 717 3724 oblectemns;
770 3667 828 3716 at
877 3659 1017 3717 inse
1072 3660 1179 3733 (est
1227 3662 1372 3720 enim
1416 3665 1553 3736 ipse,
1612 3664 1782 3721 arbor
1831 3665 1920 3721 illa
2022 3661 2223 3715 dientis
2254 3660 2345 3716 Dei
2374 3661 2555 3715 audita
2601 3674 2693 3730 per
2738 3659 3049 3731 paradisum
3098 3662 3203 3714 voti
3242 3655 3603 3729 portendebat

345 3748 676 3823 spiritualis)
711 3750 887 3808 noluit
915 3767 1018 3809 nos
1049 3753 1217 3811 altius
1240 3756 1628 3828 curiosiusque
1646 3757 1921 3828 inquirere
2023 3750 2259 3809 Verbum
2306 3750 2395 3805 Dei
2431 3751 2725 3822 aliquando
2755 3751 2891 3818 apud
2944 3764 3043 3806 nos
3069 3748 3123 3804 in
3158 3764 3321 3827 turne
3350 3756 3601 3805 versato-

350 3840 620 3899 unicusne
659 3842 733 3900 sit
783 3843 924 3902 Deus
953 3860 1022 3902 an
1076 3847 1284 3916 plures,
1323 3862 1391 3904 ne
1434 3847 1563 3905 dum
1601 3848 1670 3905 ad
1711 3850 1923 3919 ejuscco

356 3932 506 3989 modi
556 3933 958 4004 indagationem
1008 3952 1167 3994 mens
1218 3947 1406 3996 nostra
1460 3955 1655 4011 parum
1710 3942 1922 4012 pollens

350 4034 657 4098 potensque
700 4036 807 4092 est,
851 4043 948 4099 per
997 4039 1281 4096 peccatum
1334 4030 1672 4089 occidamns.
1734 4030 1803 4087 Et
1844 4034 1921 4088 ait

348 4129 557 4183 serpetu
612 4113 682 4169 ad
724 4115 999 4171 mulierem
1043 4132 1063 4173 :
1112 4115 1234 4173 Non
1283 4130 1453 4176 morte
1483 4123 1730 4177 morituri
1774 4124 1919 4179 estis.

348 4204 431 4262 En
464 4214 526 4263 ut
552 4207 688 4265 nihil
732 4208 900 4278 pudet
945 4210 1248 4267 daemonem
1284 4211 1444 4282 plane
1490 4212 1599 4270 Deo
1644 4215 1923 4271 contradi-

349 4313 474 4357 cere
499 4318 516 4357 :
544 4300 635 4357 ille
658 4308 887 4358 mortem
916 4301 1205 4359 obnuntiat
1235 4303 1282 4358 si
1313 4303 1439 4375 quis
1460 4305 1625 4363 altius
1667 4307 1719 4362 in
1744 4307 1920 4379 ipsum

349 4391 621 4463 inqmrat;
649 4393 739 4450 hic
767 4409 994 4464 prorsus
1031 4395 1226 4451 mortis
1258 4410 1484 4453 securos
1521 4398 1653 4454 facit
1688 4412 1788 4455 eos
1827 4397 1924 4469 qui

357 4494 558 4536 arcana
589 4479 682 4536 Dei
713 4481 954 4538 audeant
979 4482 1237 4539 scrutari.
1286 4483 1356 4540 Et
1392 4486 1520 4541 vidit
1560 4486 1749 4543 mulier
1784 4486 1925 4560 quod

2032 3861 2153 3901 rum
2181 3845 2717 3912 ambulatuiumqne,
2748 3843 3201 3913 quemadmodum
3228 3843 3296 3897 de
3316 3842 3431 3912 ipso
3469 3855 3604 3911 pre-

2027 3936 2164 3992 disit
2195 3948 2341 3993 vates
2372 3956 2384 3990 :
2426 3935 2495 3990 Et
2522 3951 2677 4005 super
2704 3946 2904 3991 terram
2941 3936 3082 3991 cistis
3114 3916 3223 4002 est,
3243 3943 3294 3989 et
3330 3932 3473 4000 apud
3501 3933 3602 3986 Iso-

2024 4030 2192 4083 mines
2220 4039 2453 4083 uersatus
2484 4038 2561 4083 est
2589 4027 2661 4082 θ’.
2720 4026 2788 4081 Et
2823 4026 3081 4081 abdcbattt
3104 4042 3158 4081 se
3184 4029 3353 4091 Adam
3390 4033 3440 4078 et
3469 4038 3605 4078 υτον

2028 4123 2199 4193 ipsius
2230 4140 2262 4177 a
2296 4130 2575 4192 conspectu
2607 4120 2816 4176 Domini
2868 4118 2981 4184 Dei,
3016 4120 3150 4175 inter
3188 4118 3401 4173 arbores
3432 4131 3602 4179 para-

2030 4215 2160 4269 disi.
2198 4214 2481 4270 Abdebant
2521 4213 2743 4283 quidem
2795 4213 2935 4269 inter
2980 4214 3203 4268 arbores
3234 4208 3474 4280 paradisi
3503 4222 3601 4265 sua

2024 4323 2306 4379 corpora;
2363 4322 2548 4363 verum
2608 4307 2999 4364 conscientiam
3054 4304 3298 4377 admissi‘
3343 4300 3603 4358 facinoris

2027 4409 2210 4471 tegere
2248 4419 2275 4455 a
2306 4408 2600 4470 conspectu
2633 4398 2851 4455 Domini
2875 4406 3041 4470 atque
3068 4397 3443 4461 dissimulare,
3478 4394 3595 4463 ipse

2028 4492 2346 4564 prohibebat
2368 4491 2566 4564 pudor.
2584 4490 2768 4547 Vocem
2792 4500 2938 4545 tuam
2960 4490 3139 4546 audiri
3164 4490 3219 4543 in
3249 4474 3525 4559 paiadiso,
3546 4498 3599 4541 et

352 4570 577 4640 pulchra
619 4583 754 4629 esset
803 4573 967 4628 arbor
1006 4575 1076 4629 ad
1126 4576 1436 4632 vescendum
1465 4617 1481 4643 ,
1522 4586 1574 4634 et
1622 4579 1925 4650 expetibilis
1957 4645 1994 4657 _
2026 4588 2134 4642 uidi
2156 4584 2295 4657 quod
2334 4586 2509 4642 nudus
2552 4601 2741 4649 metu,
2770 4595 2821 4639 et
2859 4583 3041 4638 abdidi
3074 4598 3175 4640 sua.
3231 4581 3296 4636 Et
3327 4581 3482 4653 quia,
3518 4580 3602 4633 in-

352 4663 520 4719 oculis
548 4703 565 4729 .
608 4674 766 4737 atque
812 4667 1184 4724 desiderabilis
1236 4667 1397 4724 arbor
1450 4645 1709 4740 spectata;
1764 4670 1922 4740 Quod
1957 4645 2000 4701 θ
2030 4645 2181 4751 quit;
2209 4692 2395 4734 vocem
2425 4688 2572 4733 tuam
2603 4645 2899 4749 gradientis
2930 4690 3025 4747 per
3046 4645 3363 4746 paradisum
3391 4672 3600 4736 audivi.

350 4758 638 4816 mulierem
671 4759 807 4815 dicit
834 4759 1039 4817 vidisse
1093 4761 1372 4829 arborem,
1399 4778 1512 4820 non
1540 4762 1617 4820 ita
1650 4765 1925 4837 accipieno

355 4851 490 4908 dum
515 4859 599 4907 est
624 4852 782 4924 quasi
825 4852 996 4909 Deum
1035 4853 1124 4910 illa
1154 4855 1347 4911 viderit
1376 4870 1535 4927 quem
1567 4859 1797 4929 mystice
1829 4873 1924 4929 per

352 4958 479 5002 eam
506 4945 753 5001 arborem
789 4944 1155 5015 signiﬁcatum
1176 4963 1298 5003 esse
1318 4949 1589 5017 diximus;
1616 4951 1713 5008 sed
1749 4953 1921 5023 ipsam

357 5035 700 5095 auscultassc
732 5039 959 5095 οοηείιὶο
1000 5040 1299 5105 daemonis,
1333 5039 1561 5112 ejusque
1586 5043 1767 5100 verbis
1797 5057 1921 5114 per-

356 5144 577 5186 suasam
609 5131 888 5188 curiosius
918 5122 972 5187 in
1004 5130 1171 5187 Deum
1204 5132 1481 5205 inquirere
1518 5144 1770 5191 conatam
1800 5150 1923 5192 esse

355 5223 646 5292 signiﬁcat.
681 5223 746 5279 Et
776 5225 976 5294 accepit
1012 5227 1077 5279 de
1114 5225 1370 5295 fructibus
1409 5226 1576 5295 ipsius
1599 5236 1648 5281 et
1675 5227 1807 5294 edit,
1829 5226 1924 5281 de-

356 5316 538 5386 ditque
556 5315 715 5370 etiam
767 5316 928 5372 simul
966 5317 1076 5371 viro
1131 5332 1248 5381 suo,
1285 5326 1335 5371 et
1367 5319 1610 5373 comedit.
1651 5316 1768 5389 Ipsa
1797 5332 1923 5375 cum

360 5409 547 5465 animo
577 5422 681 5465 suo
710 5417 963 5478 reputare
999 5418 1160 5479 atque
1190 5410 1493 5481 disquirere
1520 5411 1685 5482 capit
1714 5413 1781 5467 de
1818 5408 1927 5467 Deo

360 5515 576 5556 unusne
626 5510 773 5555 esset
806 5515 875 5555 an
927 5501 1131 5571 plures,
1174 5512 1227 5556 et
1247 5518 1411 5572 quam
1438 5502 1511 5560 ob
1549 5516 1770 5558 causam
1825 5500 1927 5558 sibi

362 5594 669 5663 maritoque
703 5608 806 5648 suo
830 5592 1203 5649 interdixisset
1230 5608 1411 5649 escam
1444 5594 1653 5649 arboris
1690 5594 1930 5650 scientiae

362 5695 527 5759 atque
552 5685 716 5743 simul
741 5685 1005 5742 Adamum
1044 5686 1298 5741 maritum
1323 5702 1483 5742 suum
1518 5698 1575 5743 ut
1602 5689 1743 5745 idem
1780 5688 1930 5743 face-

2030 4780 2086 4826 ct
2108 4770 2235 4842 quia
2257 4767 2464 4825 nudum
2492 4782 2580 4824 me
2600 4783 2726 4825 esse
2749 4767 3109 4824 animadverti
3136 4785 3151 4833 ;
3180 4767 3248 4823 ab
3266 4781 3330 4821 ea
3364 4766 3601 4821 maxima

2031 4871 2194 4931 atque
2231 4861 2589 4917 saluberrima
2614 4859 2784 4932 gratia
2814 4875 2920 4929 qua
2954 4870 3078 4913 ante
3116 4859 3323 4915 fueram
3352 4858 3599 4920 indtttus,

2029 4954 2102 5010 ob
2130 4954 2229 5009 bas
2260 4966 2361 5022 ego
2390 4952 2526 5008 duas
2564 4965 2760 5008 causas
2799 4960 2945 5006 metu
2977 4951 3267 5022 perculsus
3303 4966 3389 5006 me
3416 4951 3604 5006 occul-

2029 5048 2161 5111 tavi,
2193 5047 2295 5101 hoc
2321 5056 2404 5101 est
2436 5060 2551 5100 rem
2577 5046 2750 5117 ipsam
2781 5045 3151 5108 commissam,
3182 5044 3323 5110 apud
3356 5043 3598 5099 animum

2031 5152 2211 5193 meum
2237 5136 2548 5204 expendens
2586 5136 2739 5190 timui
2776 5156 2787 5190 :
2822 5134 2887 5190 Et
2913 5136 2992 5189 ait
3019 5135 3089 5188 ad
3123 5136 3275 5189 illum
3300 5134 3597 5204 Dominus;

2032 5229 2167 5295 Quis
2198 5200 2509 5299 signiﬁcavit
2543 5230 2639 5283 tibi
2661 5231 2800 5298 quod
2828 5229 3001 5284 nudus
3033 5228 3218 5284 esses?
3266 5243 3387 5281 num
3419 5220 3483 5282 et
3506 5200 3600 5281 ar:

2030 5324 2153 5377 bore
2186 5324 2249 5375 de
2271 5339 2375 5392 qua
2390 5322 2529 5390 jussi
2555 5338 2616 5375 ne
2640 5324 2842 5386 ederes,
2873 5322 3029 5375 edisti
3057 5323 3082 5378 γ
3124 5321 3199 5374 Ac
3230 5320 3274 5375 si
3302 5322 3447 5377 dicat
3469 5332 3485 5374 ':
3519 5317 3597 5374 En

2033 5418 2137 5471 mei
2170 5416 2591 5486 cogi:ationil:us
2639 5423 2760 5469 tete.
2790 5408 3090 5482 occupasti.
3133 5415 3389 5484 qualibus
3427 5414 3601 5471 absti-

2034 5520 2162 5561 nere
2196 5514 2247 5561 te
2278 5506 2571 5576 iusseram.
2606 5505 2675 5560 Et
2712 5507 2792 5559 ait
2834 5507 3007 5561 Adam
3041 5522 3057 5560 :
3088 5504 3284 5561 Mulier
3313 5523 3477 5575 quam.
3518 5515 3603 5560 at-

2035 5596 2269 5651 tribuisti
2314 5598 2463 5658 mihi,
2496 5597 2611 5663 ipsa
2654 5594 2801 5651 dedit
2835 5599 2983 5661 mihi,
3015 5608 3065 5653 et
3110 5600 3329 5656 comedi.
3386 5597 3596 5661 Mulier,

2035 5689 2231 5754 inquit,
2262 5702 2424 5756 quam
2458 5688 2587 5743 mihi
2619 5690 2827 5743 sociam
2862 5687 3064 5754 fecisti,
3103 5704 3166 5744 ea
3214 5692 3341 5743 mihi
3376 5689 3599 5745 mellita.

436 5853 487 5890 ”
524 5851 658 5910 Luc.
689 5866 747 5921 κ,
776 5852 860 5910 l9.
934 5852 981 5887 “
1018 5854 1187 5925 Apoc.
1213 5866 1301 5917 xx,
1373 5851 1428 5908 2.
1505 5854 1551 5889 ’⁸
1585 5853 1778 5909 Bacch.
1820 5868 1857 5916 l,
1891 5849 1922 5903 5

2026 5848 2065 5882 θ’
2098 5847 2277 5905 Galat.
2312 5866 2383 5919 tv,
2414 5850 2465 5904 4.
2541 5852 2587 5885 ’⁸
2628 5849 2863 5906 Barnclt.
2904 5864 2984 5913 ut,
3012 5848 3103 5905 58.
