4094 6156
531 394 628 456 591

528 597 697 648 Λιιτιιη
751 599 895 665 quod
957 607 1216 661 mortales
1256 624 1447 667 omnes
1501 616 1676 670 solent

532 686 676 739 enim
715 702 902 744 errant
929 702 1092 763 atque
1122 710 1347 765 peccant
1379 703 1856 774 homines,cansas
1878 715 2104 780 quasvis

528 777 800 845 arripiunt
828 782 1022 848 quibus
1062 799 1091 837 a
1139 787 1295 857 culpa
1323 805 1381 844 se
1405 801 1458 846 et
1486 808 1643 863 pinna
1688 777 1979 856 vindicent.
2026 802 2097 857 Et

529 866 604 915 ait
650 867 901 922 Dominus
933 872 1003 926 ad
1027 888 1313 942 serpentem
1337 896 1355 933 :
1397 883 1537 947 Quia
1570 887 1742 955 fecisti
1789 892 1906 959 hac,
1936 896 2104 948 male-

524 957 698 1011 dictns
739 976 792 1014 es
838 979 949 1031 pra:
993 970 1135 1021 omni
1206 974 1453 1038 animali,
1497 987 1545 1030 et
1595 978 1759 1033 bestia
1799 957 1934 1052 agri.
1991 987 2105 1042 Hoc

527 1047 658 1101 dicit
710 1050 776 1103 ad
835 1052 1095 1109 Satanam
1166 1059 1429 1118 Dominus
1481 1082 1495 1118 :
1548 1068 1674 1136 quia
1723 1047 1995 1129 Ada'mum
2048 1086 2102 1130 et

530 1155 752 1194 morem
780 1143 949 1211 ipsius
983 1150 1267 1211 seduxisti.
1322 1154 1571 1223 jutnenta
1616 1161 1835 1228 quidem
1872 1165 2099 1222 bestias-

525 1246 633 1295 que
680 1246 902 1289 meti-ras
953 1239 1220 1309 dignabor
1264 1251 1562 1312 meacura,
1600 1251 1648 1303 id
1692 1262 1799 1319 est,
1833 1257 2097 1310 sulliciant

525 1322 659 1387 ipsis
694 1325 877 1380 cibum
923 1331 974 1381 in
1019 1341 1262 1401 tempore
1297 1355 1307 1387 :
1352 1346 1407 1389 at
1437 1348 1491 1391 tu
1524 1356 1640 1393 mea
1676 1359 1804 1397 cura
1843 1349 2101 1417 indignus

523 1412 833 1469 habeberis.
865 1413 933 1469 Et
960 1436 1115 1485 super
1148 1433 1370 1476 ventrem
1403 1437 1553 1481 tuum
1579 1434 1858 1499 gradieris.
1900 1412 2095 1492 Βίων-

526 1503 600 1556 ris
630 1506 774 1561 enim
821 1523 849 1561 a
885 1512 1093 1565 caelesti
1134 1517 1431 1585 republica,
1463 1536 1617 1590 repes
1660 1526 1809 1579 humi
1848 1531 2093 1599 atquein

524 1599 755 1654 terrenis
798 1602 965 1658 rebus
1028 1606 1381 1664 volutaberis.
1434 1610 1500 1663 Et
1553 1615 1815 1679 pulverem
1859 1624 2094 1677 romedes

522 1690 762 1744 omnibus
789 1694 971 1748 diebus
1003 1699 1118 1750 vita:
1148 1710 1255 1753 tua!
1284 1720 1298 1753 :
1335 1703 1583 1760 homines
1609 1710 1789 1775 perire
1814 1712 1980 1780 (quod
2010 1725 2093 1768 est

524 1782 686 1835 veluti
718 1781 771 1836 in
804 1785 1079 1854 pulverem
1118 1794 1341 1859 reverti)
1379 1805 1432 1847 tu
1470 1796 1565 1850 tibi
1599 1814 1696 1865 pro
1725 1814 1848 1854 esca
1877 1812 1931 1856 et
1963 1805 2090 1859 cibo

522 1870 710 1936 duces.
738 1884 954 1944 promer
977 1895 1253 1935 summum
1276 1894 1429 1938 tuum
1458 1888 1719 1943 adversus
1741 1892 1863 1946 illos
1884 1896 2091 1948 odium.
2128 1866 2169 1921 Β

525 1960 595 2014 Et
624 1964 929 2020 inimicitias
962 1987 1151 2032 ponam
1183 1974 1321 2027 inter
1365 1986 1436 2034 te.
1469 1988 1519 2031 et
1550 1981 1843 2047 mulierem,
1867 1995 1917 2036 et
1952 1985 2093 2037 inter

517 2071 693 2108 semen
748 2066 895 2111 tuum
949 2072 997 2113 et
1055 2079 1230 2116 semen
1299 2065 1464 2121 illius.
1518 2067 1573 2121 Id
1620 2072 1848 2139 odium,
1893 2076 2090 2143 inquit.

517 2162 628 2214 quo
667 2158 723 2201 tu
755 2151 978 2219 gaudes,
1008 2168 1204 2222 ponam
1237 2170 1339 2226 ego
1371 2159 1513 2213 inter
1543 2170 1594 2214 te
1623 2170 1676 2215 et
1705 2164 1850 2227 illos.
1873 2174 1928 2219 et
1954 2169 2092 2222 inter

519 2254 706 2293 semen
777 2241 1077 2298 humanum
1144 2256 1307 2317 atque
1358 2251 1585 2307 rebelles
1641 2254 1921 2313 daemonas
1973 2271 2095 2315 tuos

517 2329 718 2385 socios.
769 2330 833 2385 Et
862 2334 976 2402 ipsa
1004 2344 1230 2391 conteret
1278 2352 1433 2409 caput
1468 2353 1635 2409 tuum,
1696 2347 1797 2401 ltoc
1830 2357 1933 2411 est,
1966 2351 2088 2402 irri-

519 2428 634 2472 tum
666 2418 825 2476 faciet
860 2432 1074 2479 tuarum
1109 2431 1432 2485 astutiarum
1471 2434 1706 2489 initium.
1766 2436 1833 2490 Et
1866 2448 1921 2492 tu
1960 2441 2093 2494 illud

514 2512 675 2580 feries
719 2514 771 2567 in
814 2517 957 2569 calce
989 2519 1177 2587 ipsius,
1243 2522 1345 2575 hoc
1377 2533 1481 2588 est,
1534 2538 1589 2580 tu
1632 2531 1837 2593 peccati
1898 2533 2090 2588 vtilnus

516 2603 619 2670 ipsi
666 2604 901 2675 indiges,
927 2620 983 2662 ιιι
1010 2611 1233 2678 perdere
1265 2614 1442 2680 possis
1473 2615 1529 2669 in
1553 2626 1801 2673 extremo
1825 2622 2091 2692 ejuslvitre

515 2704 664 2749 artu.
716 2698 786 2749 Et
825 2698 893 2751 ad
925 2701 1197 2756 mulierem
1228 2705 1305 2756 ait
1342 2722 1359 2758 :
1399 2704 1807 2777 Multiplicando
1834 2718 2091 2786 multipli-

516 2785 646 2838 cabo
674 2787 881 2845 dolores
926 2802 1039 2845 tuos
1068 2802 1118 2846 et
1152 2806 1427 2865 conceptas
1471 2809 1608 2854 tuos.
1647 2802 1769 2857 lbet:
1800 2810 2087 2878 mysticum

514 2891 736 2932 sensum
776 2899 884 2937 non
912 2886 1242 2958 admittunt;
1276 2907 1534 2952 caeterum
1570 2918 1682 2958 rem
1721 2905 1888 2973 ipsam
1924 2926 2087 2978 supra

518 2976 987 3036 pertractavimus.
1022 2981 1087 3035 Et
1146 2985 1266 3053 fecit
1316 2988 1571 3046 Dominus
1605 2994 1742 3048 Deus
1788 2976 2010 3065 Atlanta,
2042 3013 2091 3056 et

513 3064 668 3114 uxori
700 3065 863 3132 ipsius
887 3072 1092 3127 tunicas
1127 3076 1394 3144 pollicens.
1439 3094 1488 3136 et
1523 3087 1725 3140 vestivit
1758 3091 1918 3157 ipsos.
1951 3092 2086 3147 Cum

1804 418 2031 483 MOSIS
2073 424 2219 484 BAR
2264 430 2509 492 CEPHA

537 504 700 558 tionis
731 507 796 561 de
829 518 877 562 te
926 510 1269 571 instituenda:
1298 533 1467 575 causa
1515 522 1634 578 fuit.
1668 525 1935 585 Nimirum
1982 531 2114 588 facit
2140 535 2185 594 Α
2217 538 2267 591 in
2299 540 2470 596 Trinit

1726 637 1740 672 :
1793 621 1837 674 si
1888 626 2108 692 quando

3672 447 3779 512 592

2479 556 2583 607 ate,
2627 559 2679 601 ct
2725 548 3045 606 Trinitatem
3097 554 3149 607 in
3194 556 3443 622 unitate;
3478 567 3530 610 et
3562 568 3621 612 ut
3654 559 3778 618 Ven.

2216 629 2342 683 bum
2379 632 2493 698 Dei,
2539 637 2666 691 olim
2703 655 2923 695 carnem
2966 660 3086 697 esse
3131 659 3536 717 assumpturum
3589 663 3780 707 nostra:

2211 722 2402 775 salutis
2453 735 2506 778 et
2550 727 2935 797 redemptionis
2988 737 3163 803 gratia
3195 780 3209 799 ,
3254 740 3635 807 prospiceret:
3675 756 3784 796 nan

2210 816 2364 876 satis,
2400 814 2652 885 inquam,
2682 824 2916 886 pollebat
2947 826 3144 881 deinde
3174 845 3347 896 genus
3378 831 3680 887 humanum
3717 834 3786 888 ad

2214 905 2534 973 bujusmodi
2568 910 2831 966 sublimes
2864 917 3246 975 meditationes
3275 924 3633 983 exercendas.
3658 932 3785 976 tan-

2209 997 2381 1065 tisper
2410 998 2540 1053 dum
2578 1001 2841 1072 flagitium
2872 1009 3002 1061 illud
3028 1019 3081 1063 et
3118 1013 3364 1079 pravitas
3397 1029 3495 1083 per
3521 1013 3783 1069 Satanam

2207 1091 2311 1142 sub
2375 1094 2647 1160 serpentis
2690 1100 2870 1165 specie
2923 1100 3053 1167 (quo
3113 1103 3369 1158 utebatur
3426 1121 3523 1159 ceu
3576 1108 3788 1162 instrn.

2207 1185 2411 1246 mento)
2450 1186 2648 1252 injecta
2680 1187 2993 1242 delerentur
3037 1205 3201 1261 atque
3249 1194 3598 1251 abolerentur
3636 1201 3785 1267 peni-

2205 1282 2313 1327 tus.
2355 1273 2420 1326 Et
2456 1278 2597 1328 misit
2628 1279 2798 1346 ipsum
2835 1281 3089 1337 Dominus
3123 1282 3261 1338 Deus
3288 1298 3438 1340 extra
3474 1292 3788 1357 paradisum

2207 1362 2373 1426 Eden,
2406 1376 2463 1418 ut
2502 1369 2690 1423 coleret
2720 1382 2938 1433 terram,
2971 1389 3035 1427 ex
3063 1391 3168 1443 qua
3213 1388 3452 1445 sumplus
3480 1380 3679 1447 fuerat.
3724 1378 3788 1433 Et

2199 1457 2497 1511 eliminavit
2544 1461 2717 1529 ipsum
2769 1462 3022 1518 Dominus
3063 1466 3219 1520 Deus.
3264 1469 3490 1537 Propter
3520 1470 3780 1525 violatam

2200 1548 2367 1617 legem
2407 1552 2654 1605 multavit
2686 1553 2952 1608 Adamum
2987 1555 3129 1611 Deus
3184 1559 3503 1615 felicissima
3552 1561 3644 1616 illa
3684 1564 3790 1619 rita

2200 1641 2384 1710 inqua
2454 1655 2686 1697 mentem
2749 1663 2902 1701 suam
2954 1649 3042 1703 ille
3091 1666 3307 1704 omnem
3352 1662 3618 1721 perpetua
3653 1671 3789 1708 con-

2204 1736 2555 1801 templatione
2587 1752 2768 1790 rerum
2801 1748 2855 1792 et
2880 1756 3001 1807 quae
3031 1742 3246 1795 videndi
3289 1744 3472 1797 sensui
3507 1745 3706 1814 subjici
3733 1756 3789 1801 et

2198 1837 2320 1890 qua:
2350 1838 2457 1877 non
2484 1826 2676 1891 subjici
2716 1837 2979 1896 possunt,
3014 1840 3143 1883 ante
3186 1833 3571 1899 pertractabat.
3604 1836 3787 1903 Atque

2200 1912 2423 1981 insuper
2462 1930 2489 1968 a
2536 1918 2659 1970 vita:
2701 1918 2865 1972 etiam
2914 1920 3108 1975 arbore
3147 1922 3426 1988 prohibuit
3460 1940 3476 1991 ;
3514 1924 3590 1979 ait
3637 1929 3788 1981 enim

2202 2001 2379 2058 Moses
2416 2024 2427 2057 :
2474 2005 2540 2059 Et
2568 2011 2767 2061 versari
2801 2010 2923 2078 fecit
2951 2013 3020 2063 ad
3053 2014 3305 2065 orientem
3331 2015 3574 2083 paradisi
3608 2015 3788 2083 Edeu,

2196 2095 2367 2158 ipsum
2397 2095 2598 2150 Clternb
2623 2109 2669 2151 et
2700 2101 2864 2153 aciem
2886 2101 3051 2170 gladii
3080 2105 3366 2168 versatilis,
3390 2106 3460 2157 ad
3488 2110 3792 2162 custodien-

2195 2185 2322 2239 dum
2354 2192 2453 2242 iter
2502 2191 2707 2244 arboris
2737 2194 2876 2247 vine.
2925 2193 3001 2247 Ad
3031 2196 3354 2250 orientalem
3380 2209 3586 2265 partem
3620 2214 3791 2269 para-

2194 2275 2295 2329 disi
2355 2279 2552 2340 solant,
2604 2297 2710 2335 non
2758 2284 2922 2336 etiam
2972 2283 3037 2336 ad
3094 2285 3336 2353 reliquas
3387 2286 3654 2342 collocata
3708 2298 3793 2343 est.

2194 2369 2620 2439 custodia.quia
2670 2369 2915 2429 Orientis
2974 2376 3122 2445 regio
3180 2377 3486 2444 praestituta
3546 2385 3668 2431 erat
3728 2387 3792 2433 ut

2192 2468 2337 2512 esset
2390 2462 2519 2514 olim
2565 2464 2717 2517 locus
2762 2464 3026 2518 adorandi
3074 2463 3189 2519 Dei.
3250 2466 3422 2519 Porro
3469 2466 3699 2523 Clterub
3729 2480 3787 2523 et

2192 2550 2404 2617 gladius
2431 2552 2620 2621 igneus
2651 2553 3055 2624 terrificusque,
3108 2557 3371 2611 custodia:
3403 2572 3566 2614 causa
3619 2560 3786 2627 positi

2194 2649 2324 2693 sunt
2372 2643 2515 2698 inter
2564 2644 2695 2699 Ade
2729 2646 2929 2715 ingenii
2984 2655 3201 2712 captum
3262 2656 3316 2700 et
3366 2648 3539 2714 ipsam
3592 2665 3783 2706 sacro-

2192 2740 2437 2784 sanctam
2501 2730 2826 2788 Trinitatem
2875 2753 2887 2790 :
2951 2752 3018 2789 ne
3071 2736 3280 2791 scilicet
3330 2752 3484 2798 mens
3534 2739 3785 2795 humana

2191 2822 2353 2875 altius
2383 2826 3084 2895 curiosiusqueinquireret
3119 2828 3171 2881 in
3196 2838 3308 2884 tres
3345 2842 3609 2897 personas
3631 2830 3787 2886 Divi-

2198 2914 2385 2968 nitatis
2436 2932 2558 2984 qua
2600 2932 2827 2985 prorsus
2866 2928 2949 2972 est
2980 2918 3574 2987 incomprehensibilis.
3636 2921 3786 2976 Sunt

2192 3017 2374 3059 autem
2415 3022 2538 3077 qua!
2570 3008 2659 3064 bic
2686 3027 2712 3063 a
2747 3007 2895 3064 Mosc
2924 3012 3267 3077 scribuntur,
3300 3027 3400 3083 pro
3424 3014 3630 3069 nostris
3668 3028 3787 3068 mo-

2195 3099 2351 3156 ribus
2381 3102 2546 3157 dicta.
2587 3102 2695 3158 Nos
2738 3106 2909 3159 enim.
2963 3105 3007 3157 si
3040 3118 3204 3171 quam
3234 3119 3347 3159 rem
3378 3107 3585 3161 salvam
3619 3108 3785 3175 cupi-

1778 3154 1786 3157 ,
2295 3154 2345 3156 η
2390 3154 2397 3155 ,
2587 3154 2691 3158 -.η
2966 3154 2983 3157 _
3379 3154 3584 3161 __..----
3624 3154 3752 3175 --ρ

516 3154 711 3224 inqui"
771 3160 1022 3235 “cm?”
1074 3168 1181 3224 mis
1236 3184 1380 3227 0550‘
1432 3174 1536 3230 “ila
1589 3178 1677 3231 illa
1735 3183 2079 3250 ερίτίῑιηιίὸε
2121 3191 2166 3251 C
2205 3212 2351 3260 mus,
2377 3196 2427 3249 ei
2463 3196 2745 3250 custodem
2780 3195 3101 3261 sollicitum,
3138 3198 3413 3262 sedulum,
3456 3199 3782 3268 prudentem

516 3244 667 3268 LA-.-
728 3265 803 3268 _s.
849 3253 899 3268 ιιι
1080 3260 1091 3268 ι

487 3244 694 3316 beata,
722 3253 1011 3324 gaudiiquc
1042 3260 1220 3327 plena,
1255 3275 1474 3337 propter
1499 3283 1598 3324 sua
1632 3244 1873 3339 ipsorum
1905 3286 2087 3332 errata

518 3340 722 3397 inducti
758 3355 888 3400 sunt
924 3348 975 3403 in
1014 3351 1176 3406 vitam
1222 3355 1361 3412 hanc
1405 3372 1761 3428 corpoream;
1819 3374 2091 3422 :erumno-

511 3446 629 3487 sam
672 3442 836 3504 atque
868 3441 1045 3496 anxiis
1080 3446 1239 3500 rebus
1269 3447 1548 3506 refertam.
1582 3454 1851 3510 Caeterum
1885 3461 2089 3516 tunicis

512 3524 777 3592 pelliceis,
809 3534 1046 3616 maxima
1088 3537 1205 3591 vita:
1236 3545 1592 3598 commutatio
1637 3562 1758 3615 qua
1792 3548 1924 3616 ipsis
1966 3552 2081 3605 vio-

492 3614 622 3670 lata
650 3615 766 3689 lege
804 3610 1025 3685 accidit,
1062 3626 1423 3695 signiﬁcatur.
1456 3610 1685 3703 PrOpter
1710 3610 2085 3707 sua-ipsorum

512 3712 679 3781 igitur
706 3726 926 3784 peccata
955 3734 1050 3773 eas
1085 3734 1275 3790 pinnas
1322 3726 1610 3793 dederunt,
1656 3740 1712 3783 ut
1741 3734 2080 3801 spiritualem

510 3820 636 3861 cum
666 3821 947 3876 corporea,
987 3813 1086 3866 boc
1118 3824 1221 3880 est,
1252 3816 1620 3874 felicissimam
1671 3837 1795 3877 eum
1826 3825 2086 3882 infelicis-

514 3898 653 3952 sima
688 3900 793 3954 vita
830 3914 1129 3961 mutarent.
1160 3905 1225 3962 Et
1254 3911 1332 3963 ait
1358 3909 1624 3967 Dominus
1653 3930 1665 3965 :
1697 3914 1773 3967 En
1804 3916 1970 3969 Adam
1999 3921 2087 3984 {a—

513 3996 627 4041 ctus
659 4002 733 4043 est
760 3993 934 4059 qualis
972 4010 1105 4049 unus
1137 4007 1374 4053 nostrum
1406 4005 1457 4053 in
1489 4007 1840 4073 cognoscendo
1877 4007 2008 4062 bona
2041 4018 2089 4062 et

513 4079 677 4133 malo.
735 4080 859 4136 llaec
904 4100 1066 4154 supra
1128 4090 1344 4145 abunde
1391 4095 1807 4163 explicavimus.
1859 4098 1977 4152 lam
2029 4117 2091 4154 ne

515 4174 758 4237 tortassis
789 4178 1035 4229 extendat
1080 4197 1292 4234 manum
1330 4200 1505 4246 suam,
1530 4197 1578 4239 et
1611 4199 1786 4240 sumtu
1817 4189 1881 4242 de
1906 4192 2091 4246 arbore

514 4266 654 4327 cite,
686 4277 734 4319 et
760 4270 903 4332 edat,
941 4286 1002 4322 ac
1042 4280 1179 4327 ‘t‘tt'af
1208 4277 1263 4327 in
1293 4286 1568 4331 aeternum.
1593 4277 1953 4351 Posteaquam
1991 4285 2091 4339 ad-

516 4355 685 4410 misso
723 4357 927 4429 flagitio
976 4366 1267 4421 excidisset
1310 4384 1484 4438 genus
1532 4371 1829 4428 humanum
1882 4376 1974 4429 illo
2004 4392 2088 4431 se-

511 4449 752 4504 cundum
788 4456 1036 4511 animum
1072 4460 1286 4515 vivendi
1330 4464 1495 4516 modo
1541 4464 1743 4534 illaque
1791 4468 1898 4521 vita
1931 4470 2086 4523 beata

2201 3290 2529 3359 przelicimus
2570 3287 2798 3341 terribili
2852 3288 3029 3353 aliqua
3074 3290 3259 3343 lancea
3319 3291 3587 3343 munitum
3619 3332 3637 3355 ,
3675 3292 3773 3359 qui

2197 3382 2380 3449 procul
2446 3386 2628 3431 arceat
2709 3380 3048 3432 accedentes.
3114 3375 3230 3433 Huc
3289 3382 3535 3434 animum
3594 3390 3784 3435 atten-

2196 3473 2324 3526 dant
2373 3476 2616 3539 qnoquot
2669 3478 2763 3523 aut
2813 3485 2920 3525 non
2967 3471 3305 3539 satisglirmi
3350 3486 3475 3527 cum
3522 3474 3653 3534 sint,
3685 3482 3785 3528 aut

2198 3576 2305 3616 non
2366 3564 2500 3617 satis
2569 3561 2850 3617 exercitati
2908 3572 3071 3630 atque
3121 3564 3340 3626 eruditi,
3405 3572 3501 3617 aut
3539 3564 3783 3631 denique

2201 3654 2409 3709 nullum
2442 3655 2658 3709 virtutis
2686 3669 2809 3707 cum
2847 3655 3080 3709 habeant
3116 3668 3273 3709 usum
3313 3677 3327 3709 :
3364 3656 3567 3710 audent
3592 3666 3779 3711 tamen

2200 3762 2295 3815 per
2324 3747 2684 3800 temeritatem
2720 3747 2899 3800 subito
2942 3748 3195 3814 prosilire
3231 3749 3283 3801 in
3322 3748 3560 3803 medium
3600 3759 3775 3818 atque

2203 3838 2377 3905 l0qui,
2443 3838 2862 3907 disceptareqne
2916 3839 2982 3891 de
3072 3847 3440 3895 sacrosancta
3486 3836 3780 3895 Trinitatis

2204 3929 2453 3999 personis
2496 3947 2508 3981 2
2551 3938 2605 3983 et
2648 3928 2734 3984 bis
2783 3927 2949 3984 Mosis
2973 3931 3136 3984 dictis
3161 3939 3368 3985 tantam
3409 3948 3563 3986 suam
3598 3933 3778 3987 auda-

2199 4024 2341 4075 ciam
2397 4020 2678 4077 refrenare
2727 4022 2962 4083 discant,
3021 4031 3184 4091 atque
3240 4025 3313 4076 ita
3347 4038 3408 4077 se
3446 4025 3499 4076 in
3535 4022 3637 4078 hac
3662 4024 3774 4078 vita

2196 4121 2497 4180 expurgem
2542 4107 2906 4166 observandis
2946 4110 3041 4167 Dei
3093 4114 3266 4179 jussis
3300 4122 3358 4165 ut
3389 4114 3443 4167 in
3472 4112 3638 4168 altera
3676 4116 3769 4170 illa

2200 4204 2578 4258 luturisarculi
2632 4204 2906 4258 donentur
2962 4204 3272 4273 cognitione
3315 4205 3777 4272 meditationeque

2201 4310 2379 4349 rerum
2437 4310 2463 4348 a
2546 4294 2655 4348 Deo
2711 4296 3055 4349 conditarum
3142 4306 3303 4364 atque
3365 4297 3539 4366 ipsius
3609 4298 3774 4351 etiam

2197 4397 2427 4439 summae
2456 4382 2765 4448 Trinitatis,
2804 4392 3074 4452 quatenus
3122 4394 3267 4439 certe
3292 4386 3430 4439 banc
3461 4402 3547 4440 res
3578 4398 3778 4441 creaue

2196 4482 2361 4543 atque
2393 4483 2635 4529 externa:
2667 4488 2764 4543 per
2786 4475 3039 4528 virtutem
3074 4475 3464 4545 omnipotentis
3494 4476 3591 4531 Dei
3624 4492 3779 4532 com-

512 4551 567 4596 ct
600 4546 865 4613 angelica,
922 4550 1201 4621 indignum
1251 4555 1364 4622 jam
1415 4569 1657 4613 evaserat
1706 4570 1867 4632 atque
1924 4565 2087 4617 etiam
2125 4550 2164 4601 Ῐ)
2196 4564 2528 4628 prehendere
2582 4575 2852 4634 poterunt.
2893 4564 2956 4618 Et
3015 4566 3099 4622 hic
3143 4567 3266 4622 linis
3337 4577 3454 4623 t'SlO
3507 4570 3775 4623 Befmmti“

515 4630 812 4689 invalidum
856 4648 918 4693 nt
960 4644 1291 4712 cogitatione
1324 4657 1715 4716 assequeretnr
1744 4661 2088 4723 agnosceret-

497 4738 622 4793 .qne
656 4740 825 4781 unum
861 4729 1028 4787 Deum
1074 4743 1128 4789 et
1172 4748 1281 4793 tres
1306 4752 1590 4808 personas,
1628 4756 1791 4813 atque
1825 4750 2083 4801 unitatem

518 4881 1235 4910 Mm

2199 4658 2447 4710 5(‘Clttttli.

1242 4900 3703 4932 Mm

1713 5023 1998 5114 PARS
2087 5028 2573 5120 TERTIA.

1080 5327 1496 5387 PROtEMIUM.

594 5436 883 5506 Superiore
952 5440 1196 5506 proxima
1254 5445 1547 5506 oratione,
1601 5460 1634 5498 ο
1693 5446 1778 5515 pie
1812 5456 1868 5501 et
1929 5463 2090 5503 vene-

523 5529 688 5583 rande
754 5528 918 5583 lrater
966 5540 1188 5596 noster,
1243 5534 1463 5588 domine
1522 5534 1713 5605 lgnati,
1762 5540 1972 5607 egimus
2024 5539 2092 5595 de

523 5622 776 5689 paradiso
821 5633 873 5677 ct
927 5624 1217 5679 arboribus
1260 5629 1525 5697 mysucis,
1593 5644 1690 5697 pro
1740 5632 1881 5685 serie
1921 5643 2087 5703 atque

523 5724 710 5769 tenore
744 5712 1035 5781 Scriptura:
1087 5733 1101 5770 :
1137 5728 1190 5773 at
1244 5724 1496 5787 presenti
1532 5737 1782 5779 sermone
1812 5726 2091 5782 dissolve-

524 5819 668 5871 mus,
720 5803 829 5861 Deo
875 5822 1094 5862 manum
1144 5811 1304 5867 nobis
1331 5814 1665 5885 porrigente,
1714 5816 2092 5873 litereticorum

524 5896 827 5957 calumnias
863 5914 1003 5970 quas
1039 5901 1326 5960 adversum
1367 5916 1552 5963 nostra
1601 5907 1743 5964 dicta
1784 5910 2093 5979 proferunt;

2200 5356 2265 5395 ac
2313 5341 2474 5396 simul
2512 5340 2801 5397 nonnullas
2849 5342 3183 5408 quastiones
3226 5358 3257 5397 a
3297 5345 3622 5413 quibusdam
3648 5341 3767 5396 aliis

2196 5434 2327 5487 viris
2360 5435 2615 5503 quesitas
2646 5435 3057 5504 explicabimus.

2822 5550 3049 5607 CAPUT
3088 5548 3129 5604 1.

2201 5664 2395 5719 Contra
2432 5664 2726 5719 calumnias
2770 5664 3000 5719 Simonis
3038 5665 3213 5734 Magi,
3248 5674 3313 5721 de
3344 5673 3503 5735 primi
3535 5678 3762 5736 parentis

2866 5745 3095 5803 peccato.

2264 5822 2465 5892 Ol‘jieit
2513 5824 2700 5880 Simon
2749 5824 2957 5895 Magos,
3008 5831 3259 5897 inquiens
3302 5846 3314 5879 :
3357 5826 3496 5884 Deus
3543 5828 3632 5882 ille
3668 5828 3757 5897 qui

2203 5916 2468 5970 Adamum
2503 5915 2765 5984 condidit,
2802 5916 3071 5985 impotens
3104 5926 3220 5973 erat
3251 5926 3414 5985 atque
3446 5915 3754 5973 imbecillis:
