4094 6156
319 244 425 305 593

1449 247 1545 308 DE
1587 247 1980 308 PARADISO.
2024 271 2087 286 ε·-
2126 246 2321 309 PARS
2367 249 2484 310 lli.

3476 244 3575 313 594

319 376 493 428 neque
542 359 689 413 enim
740 361 948 418 ellicere
998 364 1171 432 potuit
1220 372 1274 419 ut
1329 377 1574 421 maneret
1623 367 1962 431 Adamus,A
2058 365 2116 420 Si
2175 376 2480 437 propterea,
2527 363 2715 419 Simon
2798 364 2969 433 Mago,
3047 364 3216 420 Deum
3276 366 3570 418 invalidum

314 451 532 520 qualem
580 466 700 506 esse
733 452 962 508 volebat.
998 455 1074 507 Ad
1117 456 1231 509 hare
1283 455 1694 525 respondemus,
1736 472 1889 508 mau-

317 541 460 597 siSSe
524 542 791 596 Adamum
843 548 1055 612 qualem
1110 546 1285 613 ipsum
1322 554 1375 598 et
1413 561 1535 605 esse
1572 559 1624 601 et
1673 563 1891 600 manere

315 632 533 685 Volebat
573 631 714 687 Deus
749 637 1002 689 conditor
1050 636 1381 707 cmretorque
1430 640 1638 707 ipsius;
1680 640 1892 695 volebat

318 726 463 780 enim
515 726 657 782 Deus
704 728 880 795 ipsum
931 730 1133 797 pollere
1184 740 1377 800 suopte
1422 732 1681 797 arbitrio,
1730 741 1892 801 atque

322 818 551 879 liberum
593 834 737 881 esse,
774 837 878 874 non
915 832 1094 875 autem
1137 834 1387 876 naturam
1426 824 1620 877 habere
1657 823 1890 877 vinctam

316 919 373 965 et
395 910 710 977 obnoxiam,
737 914 950 982 qualem
986 913 1185 967 habent
1217 915 1372 968 bruta
1406 916 1706 969 animantia
1734 924 1787 968 et
1815 929 1894 967 ere

316 1016 408 1057 res
446 1017 568 1071 qua:
605 1003 799 1057 animm
845 1016 1094 1073 expertes
1144 1012 1292 1058 sunt.
1343 1006 1507 1075 Atqui
1561 1005 1807 1073 profecto
1845 1005 1892 1059 si

320 1092 586 1148 voluisset
641 1093 781 1148 Deus
834 1091 1040 1147 Adamo
1090 1094 1316 1148 liberum
1370 1109 1492 1149 esse
1542 1110 1701 1148 suum
1743 1094 1892 1148 arbi-

318 1184 510 1248 trium,
546 1183 633 1239 hic
662 1200 792 1240 vero
825 1201 931 1239 non
959 1186 1286 1239 obtinuisset
1312 1187 1599 1241 arbitrium
1638 1187 1889 1250 liberum,

319 1287 497 1344 neque
544 1273 591 1328 is
640 1272 836 1328 fuisset
887 1289 1046 1344 quem
1094 1289 1219 1328 esse
1268 1275 1480 1329 volebat
1528 1275 1648 1344 ejus
1698 1290 1893 1343 parens

318 1364 483 1430 Deus,
530 1365 625 1420 sed
669 1380 895 1434 prorsus
945 1364 1107 1427 aiius,
1140 1380 1203 1418 ac
1251 1374 1365 1419 tum
1414 1365 1631 1420 demum
1672 1366 1760 1421 isti
1797 1381 1893 1421 ca-

315 1459 539 1514 lumnia:
590 1458 742 1512 locus
793 1458 1005 1511 fuisset.
1065 1457 1166 1512 Sed
1226 1460 1392 1513 instat
1443 1457 1628 1511 Simon
1686 1476 1700 1510 :
1750 1458 1894 1513 Deus

322 1550 544 1605 volebat
571 1565 638 1605 ue
654 1550 838 1605 ederet
872 1551 1113 1605 Adamus
1139 1551 1205 1604 de
1236 1551 1323 1604 illa
1353 1552 1548 1604 arbore
1572 1569 1586 1612 ;
1615 1552 1735 1619 alis
1762 1552 1894 1618 edit,

315 1657 425 1697 non
472 1657 603 1709 ergo
652 1644 855 1699 mansit
902 1641 1118 1711 qualem
1179 1657 1402 1698 manere
1452 1640 1666 1695 volebat
1713 1642 1891 1709 Deus;

312 1735 610 1792 conficitur
641 1750 770 1806 ergo
804 1750 995 1804 parum
1036 1744 1309 1805 potentem
1344 1736 1518 1790 fuisse
1561 1734 1692 1789 Ade
1730 1735 1897 1789 Crea-

318 1837 517 1883 torem.
568 1827 681 1884 lrno
732 1842 860 1881 vero
893 1827 944 1882 id
988 1827 1166 1896 ipsum
1214 1827 1357 1898 quod
1408 1828 1519 1882 edit
1566 1829 1632 1880 de
1679 1829 1893 1893 arbore,

316 1929 648 1988 argumento
679 1928 765 1974 est
800 1919 1069 1974 mansisse
1100 1920 1317 1988 qualem
1355 1918 1568 1973 volebat
1602 1918 1746 1974 Dens
1777 1935 1895 1974 ma-

315 2027 449 2066 nere
490 2029 502 2064 :
546 2026 610 2065 ea
662 2014 807 2065 eu’in
860 2020 981 2065 erat
1032 2012 1123 2064 Dei
1178 2012 1451 2073 voluntas,
1500 2023 1556 2064 ut
1602 2022 1894 2074 constaret,

315 2103 591 2158 Adamnm
632 2116 756 2157 esse
802 2101 1034 2157 liberum
1083 2110 1247 2172 atque
1290 2118 1412 2156 cum
1454 2103 1625 2157 libero
1672 2104 1898 2155 arbitrio

320 2196 650 2260 conditum;
690 2193 850 2263 idque
883 2203 1035 2248 certo
1079 2194 1151 2247 ita
1188 2208 1245 2247 se
1278 2195 1477 2250 habere
1518 2195 1641 2248 inde
1674 2196 1897 2264 potissi.

320 2301 470 2342 mum
520 2286 647 2343 sviri
703 2285 881 2355 potuit
925 2286 1069 2355 quod
1120 2295 1407 2357 appareret
1460 2288 1513 2340 in
1556 2288 1725 2355 ipsius
1774 2301 1895 2341 esse

316 2379 556 2448 positum
605 2378 861 2433 facoltate
911 2386 965 2433 et
1016 2378 1178 2433 edere
1225 2387 1279 2431 et
1329 2392 1437 2431 non
1488 2378 1650 2432 edere
1696 2380 1761 2430 de
1806 2378 1895 2431 illa

318 2473 549 2539 arbore;
580 2473 863 2542 legemque
887 2472 971 2525 vel
998 2471 1292 2525 observare
1321 2471 1398 2524 vel
1430 2470 1650 2524 violare.
1678 2468 1900 2522 Postea-

317 2577 485 2631 quam
520 2562 681 2631 igitur
726 2562 915 2632 jussus
960 2561 1233 2616 abstinere
1264 2576 1372 2617 non
1408 2562 1697 2626 abstinuit,
1733 2562 1898 2614 libero

322 2670 550 2724 prorsus
583 2656 811 2708 arbitrio
838 2670 897 2709 se
924 2654 1158 2709 esti-niit
1192 2654 1476 2724 prtrditum
1506 2669 1648 2718 esse,
1681 2653 1897 2722 qualem

322 2745 496 2812 ipsius
541 2745 761 2800 eﬂeetor
808 2746 951 2801 Deus
988 2756 1041 2802 et
1086 2762 1211 2801 esse
1261 2755 1313 2801 et
1362 2762 1581 2801 manere
1630 2746 1896 2799 voluerat.

322 2835 509 2904 Neque
560 2850 689 2889 vero
738 2836 979 2891 Adamus
1030 2836 1352 2890 vescebatur
1399 2853 1460 2889 ea
1507 2839 1722 2899 arbore,
1759 2841 1899 2890 victa

324 2937 692 2996 superataque
721 2927 1033 2985 Conditoris
1064 2926 1158 2982 Dei
1185 2927 1489 2992 voluntate;
1522 2928 1614 2982 sed
1643 2930 1900 2982 Creatore

1995 472 2158 511 vocas
2190 457 2317 524 quia
2371 459 2634 511 Adamum
2689 472 2811 511 cum
2867 457 3040 512 libero
3078 457 3304 512 arbitrio
3350 458 3575 517 creatit,

1995 568 2105 621 quin
2152 550 2241 604 ille
2293 548 2572 618 praeditus,
2623 550 2885 607 adversus
2931 551 3107 606 edicta
3156 550 3435 605 Creatoris
3488 551 3574 604 sui

1996 639 2175 696 facere
2222 650 2425 710 posset,
2480 649 2539 696 ut
2585 640 2749 695 etiam
2806 640 2966 696 hodie
3015 639 3348 695 imbecillum
3401 639 3575 694 Deum

1994 746 2119 785 esse
2154 730 2327 793 dicas,
2378 747 2602 787 necesse
2649 732 2846 799 fuerit;
2897 733 3065 801 jussit
3104 733 3247 789 enim
3282 747 3350 786 ne
3395 732 3569 786 homi-

1996 824 2155 887 cidia,
2186 824 2521 879 adulteriave
2556 826 2954 880 committerent
3001 823 3284 890 mortales,
3312 829 3367 877 et
3393 832 3571 877 tamen

1997 916 2110 969 hare
2144 924 2307 984 atque
2351 916 2454 969 alia
2502 916 2795 972 adversum
2836 917 3006 988 legem
3046 917 3137 973 Dei
3185 926 3422 987 patrant.
3471 915 3575 971 Sed

1995 1006 2140 1059 enim
2175 1013 2330 1059 utare
2364 1016 2420 1060 ut
2458 1006 2587 1060 libet
2619 1022 2687 1061 eo
2733 1018 2826 1062 tuo
2860 1018 3209 1079 argumento,
3258 1006 3484 1071 Simon;
3521 1016 3577 1061 at

1997 1095 2214 1151 interim
2249 1095 2421 1165 lnobis
2469 1099 2794 1166 respomleto
2839 1113 2855 1150 :
2908 1095 3189 1153 vnlentene
3230 1096 3340 1150 Deo
3371 1096 3582 1149 faciunt

1999 1186 2253 1242 homines
2287 1187 2551 1244 adversus
2591 1188 2761 1259 legem
2813 1188 3005 1259 ipsius,
3035 1203 3102 1243 an
3149 1188 3407 1243 uolente?
3437 1188 3582 1241 Sana

1996 1278 2042 1333 si
2094 1278 2333 1344 nolente,
2369 1294 2709 1349 consequens
2748 1292 2855 1346 est,
2905 1280 3191 1339 imbecillis
3241 1294 3364 1334 eum
3412 1282 3574 1332 etiam

1999 1385 2147 1425 nunc
2180 1372 2389 1427 viribus
2419 1386 2575 1439 esse;
2623 1372 2827 1443 quippe
2872 1387 2982 1441 quo
3019 1373 3255 1438 nolente,
3292 1388 3412 1440 qum
3442 1386 3578 1440 prae-

1997 1460 2218 1530 scripsit
2265 1462 2561 1518 violantur.
2605 1461 2700 1519 Sin
2753 1463 2991 1523 volente,
3024 1462 3128 1514 erit
3174 1461 3288 1531 ipse
3332 1461 3432 1517 sibi
3481 1460 3576 1512 ad-

1999 1568 2191 1609 versus
2242 1563 2300 1608 ut
2347 1555 2439 1626 qui
2485 1569 2546 1607 ea
2602 1553 2783 1608 verbis
2812 1553 3037 1622 jusserit
3083 1568 3205 1622 qua:
3254 1552 3431 1621 reipsa
3465 1552 3578 1604 lieri

2000 1647 2262 1709 noluerit,
2295 1656 2350 1701 et
2384 1646 2644 1702 mortales
2696 1645 2961 1699 voluntati
3018 1644 3163 1700 illius
3213 1646 3460 1713 paruisse
3498 1642 3583 1696 di-

1999 1747 2197 1794 centur
2224 1738 2319 1810 qui
2348 1747 2539 1794 contra
2572 1738 2826 1792 mandata
2859 1735 3087 1793 fecerint
3108 1777 3121 1799 ,
3152 1736 3297 1807 quod
3336 1734 3579 1805 profecto
3668 1722 3669 1725 “

1998 1829 2295 1885 absurdum
2342 1838 2452 1885 est.
2498 1827 2733 1895 Rursus,
2793 1828 3072 1885 libentene
3118 1843 3185 1883 an
3249 1828 3423 1881 invito
3470 1826 3585 1882 Deo

2000 1931 2219 1992 patrant
2260 1921 2511 1979 homines
2562 1939 2682 1993 qua:
2732 1922 2978 1993 improha
3028 1921 3196 1976 sunt?
3246 1922 3300 1974 Si
3358 1920 3581 1983 libente,

1997 2017 2105 2071 erit
2152 2016 2269 2084 ipse
2317 2030 2536 2085 quoque
2589 2015 2870 2085 improbus
2918 2014 3009 2083 qui
3068 2015 3213 2067 vitiis
3248 2013 3576 2076 delectetur;

2000 2108 2085 2161 sin
2134 2108 2325 2172 invito,
2373 2121 2471 2161 cur
2512 2122 2617 2159 non
2670 2104 2930 2173 impedit?
2966 2104 3038 2157 At
3082 2103 3128 2158 si
3171 2118 3427 2158 coercere
3459 2104 3581 2156 illos

2004 2201 2074 2254 ab
2118 2214 2185 2255 eo
2229 2201 2374 2268 quod
2411 2214 2639 2269 pravum
2687 2206 2796 2265 est,
2841 2197 3177 2266 designanda
3224 2211 3330 2250 non
3386 2202 3584 2263 potest,

2000 2292 2285 2346 conticitur
2334 2301 2512 2353 certe,
2565 2287 2770 2342 viribus
2822 2286 2998 2357 ipsum
3048 2285 3217 2339 etiam
3272 2300 3417 2338 nunc
3477 2300 3584 2336 non

2001 2382 2202 2451 pollere
2246 2398 2262 2433 :
2306 2381 2387 2432 vel
2418 2381 2461 2434 si
2508 2395 2615 2433 non
2650 2380 2784 2441 vult,
2820 2390 3035 2433 rursnm
3082 2390 3289 2446 pravus
3324 2383 3383 2430 ut
3414 2375 3587 2443 ipsius

1999 2476 2071 2529 sit
2116 2474 2492 2541 consequitur,
2540 2472 2634 2539 qui
2684 2484 2850 2538 prava
2897 2467 3226 2524 dissimulet.
3280 2466 3372 2519 Est
3418 2481 3586 2533 porro

2003 2564 2168 2617 etiam
2204 2562 2354 2616 aliud
2402 2559 2643 2615 Simonis
2678 2559 2816 2623 Magi
2857 2566 3236 2627 argumentum
3277 2572 3382 2625 quo
3419 2555 3586 2608 Deum

2002 2655 2197 2709 Adami
2256 2654 2632 2715 conditorem,
2701 2647 3067 2719 improbitatis
3134 2657 3297 2712 atque
3362 2646 3587 2698 invidia:

2004 2761 2281 2801 arcessere
2324 2746 2536 2799 nititur.
2578 2742 2713 2796 Nam
2769 2739 3073 2803 interdixit,
3117 2738 3311 2807 inquit,
3356 2737 3583 2794 Adamn,

2005 2841 2203 2892 arbore
2238 2837 2478 2891 scientia:
2509 2834 2632 2888 boni
2664 2844 2719 2888 et
2749 2832 2899 2893 tnali,
2932 2846 3038 2899 qua
3070 2837 3284 2900 gustata
3323 2829 3588 2893 potuiSset

2004 2931 2094 2985 ille
2131 2931 2272 2983 inter
2304 2930 2504 2980 bonum
2551 2925 2866 2992 malumque
2904 2923 3228 2992 dijudieam,
3268 2931 3429 2989 atque
3480 2920 3581 2972 hoe

322 3019 426 3086 ipsi
479 3022 866 3086 permittente,
940 3028 998 3072 ut
1044 3018 1190 3087 quod
1257 3019 1463 3072 arbitrii
1511 3019 1631 3086 ejus
1682 3019 1975 3086 libertasc
2007 3024 2218 3089 fugere,
2273 3019 2404 3074 illud
2456 3019 2731 3087 persequi.
2784 3014 2891 3069 Sed
2943 3014 3361 3080 respondemus,
3415 3011 3587 3064 Deum

321 3109 555 3164 dictaret
600 3110 651 3161 id
700 3123 862 3177 porro
913 3118 1118 3177 ageret,
1167 3108 1389 3174 faceret,
1439 3118 1696 3177 patraret.
1748 3108 1895 3161 Prae-

324 3213 496 3265 terea,
543 3200 648 3254 nisi
692 3200 842 3254 liberi
893 3198 1103 3253 arbitrii
1151 3200 1281 3253 Adae
1322 3197 1631 3253 facultatem
1680 3198 1901 3252 rebellio

325 3292 421 3347 illa
473 3291 823 3361 prodidisset,
876 3306 1047 3360 quare
1098 3290 1310 3344 tandem
1351 3291 1582 3361 perspici
1640 3290 1903 3359 potuisset

324 3385 565 3440 maxima
608 3384 923 3455 praestantia
960 3382 1204 3450 obsequii
1248 3381 1394 3451 quod
1442 3390 1625 3450 postea
1657 3382 1746 3435 ille
1782 3396 1901 3433 am-

324 3478 522 3549 plexus
550 3490 687 3539 erat,
714 3488 768 3530 et
801 3490 893 3544 per
927 3476 979 3529 id
1013 3475 1289 3529 rediturus
1318 3474 1383 3527 ad
1414 3473 1705 3542 pristinum
1742 3487 1900 3525 suum

325 3566 602 3633 ordinem,
655 3565 1034 3634 gradumque?
1084 3564 1286 3633 quippe
1333 3578 1456 3617 eum
1505 3571 1650 3618 esset
1699 3562 1902 3617 bonum

324 3655 474 3723 quod
523 3655 638 3724 ipse
672 3665 929 3723 pium-et,
967 3668 1071 3705 non
1121 3655 1296 3706 solum
1341 3651 1619 3706 Creatoi'is
1664 3652 1747 3706 sui
1791 3667 1907 3704 mu—

324 3761 467 3807 nus,
518 3758 707 3810 verum
757 3746 920 3797 etiam
974 3745 1145 3813 ipsius
1198 3745 1478 3811 proprium
1530 3758 1687 3813 Opus.
1739 3742 1908 3797 Porro

327 3839 567 3907 amplius
596 3837 759 3892 etiam
806 3848 957 3906 urget
991 3837 1201 3899 Simon,
1231 3838 1418 3906 aitque
1450 3852 1463 3889 :
1500 3835 1724 3891 Volebat
1767 3837 1909 3891 Deus

329 3928 603 3983 Adamum
636 3944 859 3984 uulnere
910 3931 962 3983 in
1013 3930 1304 3997 paradiso;
1357 3938 1411 3981 at
1458 3929 1571 3997 ipse
1620 3944 1712 3997 per
1748 3943 1906 3982 suum

327 4020 595 4090 ﬂagitium
646 4019 772 4075 inde
821 4022 1059 4085 excidit;
1110 4032 1229 4075 erat
1277 4036 1407 4087 ergo
1459 4021 1731 4089 impotens
1779 4020 1909 4074 Ada:

328 4110 554 4166 eﬂ‘ector
600 4108 743 4168 Deus
791 4123 849 4166 ut
887 4114 978 4181 qui
1031 4126 1131 4180 pro
1173 4128 1269 4166 sua
1322 4114 1602 4165 voluntate
1652 4113 1803 4167 illum
1855 4112 1908 4164 in

330 4202 589 4271 paradiso
638 4202 873 4258 retinere
937 4204 1264 4273 nequiverit.
1317 4203 1423 4259 Sed
1519 4202 1911 4273 respondemus

332 4292 528 4359 Deum,
560 4296 650 4349 tibi
697 4294 960 4349 Adamum
998 4297 1330 4352 condidisset
1376 4304 1541 4366 atque
1573 4295 1624 4349 in
1660 4296 1912 4363 paradiso

2006 3111 2147 3166 haud
2188 3111 2307 3164 ideo
2349 3109 2589 3163 vetuisse
2636 3107 2905 3161 Adamum
2953 3106 3097 3158 vesci
3148 3104 3327 3157 fructu
3374 3101 3589 3155 arboris

2008 3202 2251 3257 scientiae
2298 3216 2365 3253 ne
2413 3199 2614 3253 bonum
2666 3198 3108 3265 amplecteretur,
3155 3195 3461 3263 malumque
3504 3194 3582 3245 vi-

2004 3303 2159 3356 taret,
2205 3301 2263 3347 ut
2298 3290 2665 3345 calumniatur
2718 3289 2951 3354 Simon;
3000 3286 3114 3357 ipsa
3165 3292 3311 3340 enim
3367 3300 3452 3342 res
3502 3287 3592 3338 Si-

2010 3382 2190 3435 monis
2220 3382 2385 3435 verba
2423 3380 2702 3450 redarguit
2729 3378 3023 3439 mendacii,
3056 3391 3182 3431 nam
3226 3380 3339 3431 edit
3370 3377 3588 3446 quidem

2005 3472 2072 3523 de
2110 3473 2308 3526 arbore
2352 3470 2598 3526 scientia:
2632 3471 2873 3526 Adamus
2905 3484 2921 3526 :
2952 3476 3006 3523 et
3036 3470 3166 3538 quid
3200 3470 3427 3532 bonum,
3463 3469 3593 3537 quid

2006 3562 2210 3617 malum
2243 3573 2408 3624 esset,
2449 3562 2592 3617 facto
2632 3561 2875 3631 periculo
2906 3561 3096 3615 didicit
3132 3577 3147 3616 :
3182 3570 3234 3615 et
3266 3568 3443 3613 tamen
3481 3576 3591 3613 non

2008 3656 2169 3707 modo
2214 3653 2363 3707 nullo
2415 3654 2541 3707 inde
2577 3652 2865 3708 commodo
2912 3651 3213 3705 utilitateve
3259 3658 3452 3703 auctus
3485 3661 3590 3711 est.

2006 3745 2100 3799 sed
2160 3745 2324 3798 etiam
2384 3758 2583 3812 magno
2630 3744 2834 3797 damno
2886 3742 3184 3807 multatus,
3239 3741 3439 3811 quippe
3499 3743 3591 3810 qui

2008 3836 2205 3889 acerba
2253 3849 2412 3903 pana
2446 3845 2530 3889 est
2569 3835 2989 3888 condemnatus.
3036 3833 3140 3887 Sed
3174 3832 3349 3903 pergit
3394 3831 3596 3900 impius

2009 3931 2098 3985 ille
2152 3928 2337 3999 Magos
2390 3945 2405 3982 :
2461 3928 2527 3981 At
2581 3928 2683 3981 nisi
2715 3964 2731 3989 ,
2786 3926 3005 3994 inquit,
3055 3922 3281 3979 Creator
3328 3922 3416 3977 ille
3467 3922 3597 3977 Λάιιι

2008 4023 2272 4078 edixisset
2302 4035 2369 4074 ne
2398 4019 2487 4073 ille
2518 4018 2701 4072 ederet
2730 4017 2797 4072 de
2823 4033 2885 4072 ea
2918 4014 3134 4081 arbore,
3168 4015 3591 4086 haudquaquam

2003 4114 2274 4186 judicium
2307 4112 2410 4167 hoc
2436 4125 2765 4180 pmnamque
2797 4108 3131 4171 subivisset;
3167 4107 3288 4161 inde
3313 4106 3457 4161 enim
3492 4106 3595 4158 hoc

2012 4208 2212 4262 malum
2238 4204 2388 4276 quod
2435 4212 2628 4259 contra
2662 4200 2754 4255 Dei
2788 4200 3027 4257 edictum
3060 4199 3152 4253 ille
3181 4197 3417 4263 fecerat;
3451 4196 3596 4251 Deus

2012 4302 2157 4355 enim
2194 4300 2436 4369 jusscrat
2484 4311 2553 4351 ne
2599 4294 2806 4361 ederet,
2857 4293 2976 4363 ipse
3025 4305 3154 4346 vero
3181 4292 3312 4347 edit.
3353 4290 3459 4344 Sed
3507 4304 3597 4345 re-

332 4384 626 4453 P050385“.
661 4401 889 4456 prorsus
935 4387 1165 4440 liberum
1214 4388 1316 4455 ἰρεῑ
1365 4387 1555 4441 iecisse
1598 4395 1657 4439 ιιι
1694 4386 1772 4439 vel
1808 4384 1908 4439 01)-
1938 4376 1991 4436 D
2017 4390 2350 4460 spondemus
2399 4387 2569 4442 Demn
2621 4400 2800 4456 neque
2828 4383 3072 4439 voluisse
3111 4391 3172 4436 ut
3208 4382 3296 4435 ille
3318 4381 3504 4436 ederet
3533 4382 3598 4432 de

332 4485 549 4530 servata
582 4476 696 4546 lege
740 4478 870 4531 inibi
909 4486 1174 4541 maneret,
1209 4478 1289 4532 vel
1335 4477 1508 4531 fracta
1558 4478 1681 4531 inde
1711 4478 1901 4529 exiret.

332 4566 502 4637 Igitur
545 4582 669 4621 cuin
710 4584 773 4621 ea
820 4568 895 4621 illi
942 4568 1195 4621 voluntas
1247 4566 1434 4621 fuisset
1486 4576 1543 4620 ut
1588 4568 1907 4635 imperatam

331 4657 503 4727 legem
536 4657 859 4723 transiliret,
909 4660 1104 4712 merito
1138 4670 1397 4713 extrusus
1444 4668 1529 4712 est
1574 4658 1828 4729 parad'so
1855 4665 1911 4709 et

332 4758 511 4803 morte
532 4749 696 4803 etiam
720 4750 1028 4813 damnatus,
1056 4760 1278 4819 propter
1298 4749 1596 4805 admissum
1622 4758 1907 4819 peceatum

333 4841 582 4907 scilicet;
614 4848 672 4895 et
709 4840 873 4896 simul
910 4857 975 4895 ne
1016 4841 1188 4911 ipsius
1225 4842 1468 4909 pravitas
1507 4839 1649 4896 foret
1683 4841 1911 4895 immor-

335 4934 481 4997 talis,
504 4935 682 5002 qualis
701 4944 783 4988 est
811 4934 1035 4988 diaboli.
1060 4934 1282 4989 Accedit
1305 4934 1436 5000 huc,
1460 4944 1519 4989 ut
1543 4943 1689 4989 metu
1721 4937 1911 4988 mortis

337 5027 499 5097 cujus
545 5041 644 5097 per
691 5027 1017 5082 sententiam
1066 5040 1192 5079 reus
1238 5034 1388 5088 erat,
1447 5039 1668 5079 causam
1720 5023 1912 5080 mortis

339 5129 624 5190 peccatum
651 5119 865 5183 vitaret,
893 5127 947 5171 et
973 5118 1095 5172 huic
1128 5120 1413 5171 contrariae
1439 5118 1666 5184 justitia:
1688 5131 1908 5185 operam

340 5218 495 5267 daret
525 5230 540 5266 :
570 5212 802 5279 denique
835 5226 960 5265 cum
1003 5211 1131 5263 olim
1163 5225 1226 5264 ex
1265 5210 1797 5279 ipsius'posteritate
1831 5207 1914 5261 fu-

342 5305 451 5359 turi
479 5312 665 5359 essent
692 5310 975 5371 martyres,
1012 5302 1114 5354 lata
1141 5310 1223 5355 est
1251 5300 1511 5355 adversus
1546 5300 1691 5354 illum
1721 5301 1913 5355 mortis

343 5396 635 5458 sententia,
667 5405 725 5449 ut
763 5395 816 5447 hi
853 5410 950 5464 per
983 5403 1213 5448 mentem
1246 5410 1343 5457 pro
1377 5409 1476 5447 sua
1508 5393 1562 5448 in
1597 5392 1766 5449 Deum
1802 5396 1914 5462 pie-

345 5495 456 5540 tate
512 5495 679 5553 atque
741 5484 1039 5537 reverentia
1104 5483 1349 5543 obitatn,
1402 5497 1636 5536 coronas
1690 5484 1913 5551 adipisci

346 5574 839 5644 possentjustitias.
903 5572 1006 5628 Sed
1070 5584 1407 5628 revertamur
1466 5576 1911 5644 undepaululum

356 5667 581 5731 digressi
617 5682 829 5721 sumus.

2011 4497 2071 4534 ea
2119 4481 2333 4534 arbore.
2386 4478 2517 4533 Nam
2565 4479 2611 4533 si
2659 4476 2921 4532 voluisset
2965 4483 3027 4529 ut
3073 4472 3282 4531 ederet.
3329 4471 3440 4527 duo
3482 4470 3599 4531 haec

2012 4572 2250 4627 absurda
2287 4574 2691 4625 conficerentur
2722 4586 2735 4621 :
2767 4568 3025 4627 alterum,
3061 4563 3231 4618 Deum
3264 4564 3594 4617 verboteuus

2016 4662 2301 4717 mandasse
2351 4661 2495 4726 quod
2549 4659 2725 4728 reipsa
2777 4657 2891 4714 flori
2959 4655 3261 4715 noluisset,
3328 4653 3597 4717 alterum,

2013 4768 2137 4808 eum
2175 4753 2270 4821 qui
2308 4751 2575 4808 adversus
2618 4748 2939 4805 Conditoris
2986 4746 3073 4801 sui
3120 4746 3276 4814 jussa
3322 4741 3596 4814 propalam

2014 4845 2230 4913 agebat,
2268 4842 2531 4897 voluntati
2580 4842 2755 4912 ipsius
2794 4839 2993 4895 fecisse
3038 4837 3196 4902 satis,
3245 4835 3597 4905 quantumvis

2015 4934 2258 4988 nescium
2332 4944 2495 5003 atque
2568 4933 2999 5002 imprudentem.
3076 4928 3174 4982 Sin
3236 4926 3599 4981 voluissctno

2013 5026 2218 5087 ederet,
2255 5026 2423 5080 videri
2469 5034 2681 5095 poterat
2714 5022 3065 5079 imbecillus:
3099 5031 3159 5074 ut
3189 5017 3349 5090 cujus
3398 5017 3595 5071 volun-

2015 5116 2117 5169 tati
2146 5114 2392 5169 Adamus
2426 5128 2726 5183 repugnare
2752 5110 2993 5181 potuerit
3022 5127 3034 5163 :
3061 5109 3154 5165 sed
3186 5109 3293 5162 huc
3322 5115 3599 5176 spectasse

2019 5206 2191 5261 Deum
2211 5208 2339 5261 dum
2364 5208 2533 5275 legem
2557 5204 2762 5259 Adamn
2785 5202 3185 5273 prtescriberet,
3204 5198 3594 5253 observaretne

2016 5314 2085 5353 an
2112 5298 2337 5352 violaret
2363 5298 2449 5351 ille
2469 5312 2613 5361 eam,
2637 5310 2746 5349 non
2771 5302 2954 5347 autem
2979 5291 3161 5346 ederet
3185 5306 3253 5344 an
3281 5304 3386 5342 non
3413 5288 3598 5341 ederet

2014 5390 2083 5446 de
2126 5390 2213 5444 illa
2258 5389 2473 5449 arbore,
2516 5398 2679 5456 atque
2731 5387 2856 5441 ideo
2900 5398 3120 5452 quoque
3161 5381 3228 5435 de
3269 5379 3481 5434 duabus
3518 5378 3593 5431 illi

2020 5482 2450 5536 habitationibus
2500 5479 2822 5549 providisse,
2872 5486 2932 5529 ut
2976 5473 3202 5528 alteram
3251 5471 3297 5525 si
3346 5469 3448 5539 legi
3499 5483 3594 5537 pa-

2020 5572 2242 5634 ruisset.
2269 5572 2496 5625 alteram
2530 5573 2573 5623 si
2609 5587 2716 5621 non
2758 5567 3025 5635 paruisset
3054 5564 3295 5616 haberet.
3332 5559 3493 5628 quue
3521 5560 3591 5611 ita

2020 5678 2142 5718 esse
2190 5663 2269 5717 \el
2320 5663 2446 5717 iiine
2485 5661 2806 5716 ostendatur
2855 5656 2998 5725 quod
3045 5657 3154 5709 duo
3200 5666 3313 5706 lucc
3353 5651 3491 5706 inter
3534 5661 3593 5702 se
