4082 6160
481 259 591 325 595
1756 268 1988 333 MOSIS
2026 267 2181 329 ΒΑΗ
2217 267 2469 330 CEPHA
3628 256 3738 320 596

484 378 635 442 patia
681 382 810 430 sunt
838 391 853 430 :
886 377 1060 432 Deum
1111 377 1346 448 jussisse
1391 388 1453 436 ut
1498 381 1704 447 ederet,
1744 382 1894 438 illum
1931 397 2059 437 vero
2089 383 2132 440 Α
2164 379 2337 451 ipsius
2366 376 2574 434 malitia
2605 389 2713 433 una
2741 389 2865 431 cum
2893 375 3015 447 ipso
3048 373 3395 436 immortaiis.
3424 365 3739 445 cnjnsntodi

485 483 594 523 non
620 468 838 534 edisse;
872 477 924 523 et
958 470 1128 524 Deum
1164 472 1399 528 vetuisse
1430 487 1498 526 ne
1523 477 1725 540 ederet,
1754 475 1847 531 sed
1876 483 2057 531 tamen
2160 480 2242 527 est
2273 470 2471 527 diaboli
2522 468 2785 540 pravitas.
2833 467 3011 536 Atque
3056 465 3159 522 itoc
3193 465 3266 521 ita
3301 478 3361 520 se
3403 463 3609 519 habere
3653 460 3744 517 vel

484 560 637 615 illum
687 562 906 624 edisse;
966 577 1065 631 par
1130 563 1273 616 enim
1342 565 1551 621 violate
1615 568 1747 636 legis
1794 569 1952 639 culpa
2005 571 2059 625 in
2161 566 2288 621 inde
2318 574 2527 621 certum
2560 569 2667 628 est,
2701 560 2846 633 quod
2878 560 3008 615 olim
3056 570 3421 615 concessurus
3452 566 3538 611 est
3581 552 3747 609 nobis

485 654 697 710 ntrovis
727 655 908 708 futura
954 664 1089 708 erat.
1142 638 1337 724 igitur.
1362 671 1468 711 non
1500 674 1564 713 eo
1592 660 1870 730 spectabat
1919 661 2062 721 Deus
2159 657 2328 711 vitam
2373 664 2696 728 perpetuam
2735 654 2787 709 in
2828 651 3013 708 futuro
3040 650 3265 713 saeculo,
3300 648 3466 704 nullis
3499 643 3748 719 peccatis

486 748 615 800 dum
663 746 836 817 legem
870 747 1159 807 conderet,
1206 749 1463 805 ederetne
1508 751 1595 808 ille
1641 768 1822 809 annon
1879 756 2062 812 ederet
2160 758 2254 805 aut
2294 749 2502 804 delictis
2538 745 2859 807 obnoxiam.
2886 742 2983 799 sed
3021 739 3368 813 sempiternis
3435 748 3599 810 atque
3634 740 3747 793 im-

484 854 649 908 quem
693 839 903 894 arbitrii
935 838 1181 894 libertate
1214 841 1462 909 donarat,
1489 846 1583 901 sed
1612 847 1943 910 observaret,
1967 862 2063 903 an-
2155 841 2485 897 mortalibus
2513 838 2725 895 deliciis
2749 836 2986 909 plenam.
3017 831 3231 891 Rursus
3254 833 3338 889 sic
3360 832 3541 901 arguit
3568 828 3746 885 Deum

487 946 598 987 non
647 931 963 987 observaret
1026 933 1194 1005 legem
1249 950 1411 1004 quam
1467 935 1625 994 liberi
1682 939 1804 1011 ejus
1851 943 2062 999 arbitrii
2164 934 2305 990 idem
2353 932 2544 989 Simo"
2595 929 2805 1001 "38“9-
2834 928 2953 997 ραι
2998 928 3218 984 “ﬁdem
3264 925 3501 986 'liionc-
3542 923 3748 994 "illo":

484 1023 770 1079 materiem
819 1037 943 1078 esse
976 1024 1239 1080 voluerat.
1280 1025 1564 1098 Simulque
1594 1043 1660 1084 eo
1685 1032 1849 1087 etiam
1892 1033 2065 1105 perti-

484 1112 653 1167 nebat
698 1111 830 1185 legis
871 1116 1211 1178 cnnstitutio,
1256 1126 1315 1172 ut
1357 1118 1684 1189 intelligeret
1725 1123 1967 1181 Adamus
2006 1139 2067 1182 se

488 1203 559 1257 ab
589 1203 698 1260 alio
729 1205 1032 1269 conditum,
1063 1208 1220 1277 eique
1261 1222 1360 1265 suo
1390 1209 1692 1277 Conditori,
1724 1222 1783 1270 ut
1812 1212 2064 1284 Domino,

487 1296 798 1365 subjectum
839 1311 900 1353 se
936 1312 1076 1352 esse.
1120 1300 1223 1356 Sed
1274 1316 1437 1372 supra
1485 1318 1517 1361 a
1566 1305 1747 1372 nobis,
1790 1306 1874 1364 lue
1905 1318 2069 1381 atque

489 1388 608 1443 alia‘
634 1387 868 1444 ferendae
893 1390 1026 1462 legis
1051 1406 1229 1448 causae
1254 1394 1387 1453 satis
1412 1404 1657 1455 tractato:
1676 1400 2069 1474 explicatzeque

486 1491 640 1539 sunt.
678 1480 760 1537 Ad
805 1481 929 1544 hoc,
969 1484 1064 1553 qui
1114 1495 1287 1555 potest
1315 1490 1623 1566 verosimile
1666 1491 1857 1560 videri,
1897 1495 2066 1553 Deum

490 1574 704 1629 Adamn
733 1588 862 1631 esca
898 1576 987 1630 illa
1027 1577 1375 1635 interdixissc
1407 1597 1475 1637 ne
1512 1584 1635 1639 inde
1664 1584 1794 1641 boni
1832 1588 2069 1659 malique

2162 1034 2475 1082 exsecratus
2528 1030 2613 1080 est
2674 1024 2816 1079 Deus
2882 1029 3191 1092 serpentem
3231 1019 3256 1075 2
3288 1017 3422 1074 Nam
3450 1018 3497 1074 si
3527 1025 3587 1073 ut
3614 1030 3750 1073 eum

2163 1120 2259 1189 qui
2300 1118 2560 1175 damnum
2608 1117 2853 1182 dederat,
2898 1132 2998 1173 cur
3032 1130 3141 1172 non
3176 1111 3422 1170 coercuit
3457 1126 3527 1168 ne
3565 1111 3748 1176 daret,

2168 1216 2271 1269 boc
2296 1221 2401 1280 est,
2433 1226 2501 1268 ne
2548 1210 2832 1267 seducerct
2872 1206 3188 1264 Adamuml
3222 1204 3280 1262 Si
3327 1219 3459 1262 vero
3486 1217 3588 1261 ceu
3619 1216 3750 1259 eum

2165 1306 2259 1376 qui
2309 1305 2597 1360 utilitatem
2631 1300 2910 1366 attulerat,
2939 1299 3141 1371 quippe
3180 1298 3271 1371 qui
3312 1294 3524 1353 Adamn
3551 1305 3754 1353 auctor

2169 1395 2348 1452 fuerat
2378 1403 2436 1449 ut
2460 1393 2529 1449 de
2555 1392 2693 1449 bona
2730 1392 2820 1450 illa
2846 1392 3043 1449 arbore
3070 1389 3411 1459 cderet,sane
3436 1387 3755 1461 improbth

2167 1500 2331 1558 atque
2382 1485 2625 1542 invidum
2675 1484 2844 1541 fuisse
2892 1483 3046 1540 illum
3081 1496 3306 1540 necesse
3349 1489 3471 1549 est;
3514 1478 3761 1550 denique

2168 1596 2294 1640 cum
2340 1589 2583 1635 neutram
2614 1577 2811 1633 barum
2857 1591 3147 1634 causarum
3195 1573 3446 1637 haberet.
3479 1572 3632 1631 illum
3667 1579 3757 1629 est

490 1666 671 1723 sciens
703 1666 855 1723 lieret
890 1686 904 1722 :
938 1667 1280 1739 alterumque
1308 1674 1583 1743 amplecti,
1613 1674 1802 1747 lugere
1833 1679 2066 1736 alterum

2181 1670 2499 1736 detestatus,
2535 1682 2600 1724 ac
2654 1666 2880 1739 proinde
2930 1680 3067 1723 sane
3110 1665 3399 1738 imperitia:
3442 1672 3610 1737 atque
3655 1674 3757 1719 ve-

488 1768 696 1828 nosset,
726 1762 948 1829 quando
993 1762 1142 1818 nulla
1169 1762 1219 1819 ei
1245 1739 1427 1821 arbori
1458 1768 1537 1823 vis
1570 1739 1755 1826 inerat
1789 1787 1913 1844 qua!
1942 1773 2067 1831 boni
2103 1739 2144 1796 θ
2172 1765 2374 1821 εοτάίω
2423 1764 2617 1818 metuo
2657 1761 2983 1817 “cum”?!
3032 1757 3114 1817 Μ
3161 1756 3279 1816 ιιπο
3324 1756 3760 1831 ηεροιιᾶθωυι.

486 1848 733 1921 malique
775 1850 1106 1918 dijudicandi
1155 1852 1385 1911 scientia
1432 1857 1658 1914 edentes
1700 1858 2067 1921 inl'ormaret:

485 1940 604 1996 imo
634 1956 763 1997 vero
806 1942 918 2012 jam
958 1954 1073 2000 tum
1104 1944 1225 2017 ejus
1268 1946 1466 2018 judicii
1512 1965 1712 2021 expers
1753 1952 1926 2011 Adam
1964 1956 2069 2013 ml-

488 2033 642 2088 nimc
692 2046 842 2092 esset
888 2037 1111 2109 (quippe
1156 2038 1245 2095 lex
1293 2038 1363 2096 iis
1407 2056 1518 2098 non
1565 2046 1939 2114 prescribitur
1972 2048 2071 2122 qui

492 2123 699 2179 nialum
732 2140 763 2180 a
798 2127 943 2183 bono
975 2143 1263 2185 secernere
1294 2146 1406 2187 non
1438 2146 1666 2206 queunt,
1698 2139 1794 2195 sed
1822 2140 1916 2212 qui
1947 2150 2072 2199 ante

491 2216 650 2285 probi
725 2218 1112 2293 improbique,
1179 2224 1525 2284 discernendi
1591 2230 1803 2302 judicio
1865 2236 2074 2305 praediti

486 2310 640 2378 sunt)
688 2309 835 2367 sicut
880 2312 1097 2381 oculus,
1129 2316 1383 2385 quamvis
1435 2332 1543 2375 non
1593 2335 1695 2377 usu
1744 2332 1908 2393 atque
1944 2322 2073 2381 iuno

486 2399 697 2465 ctione,
749 2416 809 2458 re
856 2412 1038 2461 tamen
1089 2404 1242 2477 ipsa,
1290 2416 1406 2464 tum
1456 2409 1691 2481 visione,
1743 2423 1860 2474 tum
1909 2417 2077 2475 rebus

491 2493 925 2564 aspcctabilibus
951 2496 1103 2568 prior
1125 2509 1210 2557 est
1237 2519 1251 2556 :
1280 2515 1403 2573 qua
1424 2500 1589 2577 supra
1614 2522 1834 2579 quoque
1859 2523 1889 2565 a
1918 2509 2076 2567 nobis

489 2597 624 2645 sunt
668 2599 920 2647 tractata.
966 2594 1034 2649 At
1063 2609 1195 2652 vero
1222 2597 1345 2655 ideo
1389 2599 1542 2656 illum
1587 2602 1754 2673 jussit
1781 2605 1853 2663 ab
1880 2608 2079 2665 arbore

492 2682 772 2739 abstinere
810 2696 872 2740 ut
903 2689 1159 2745 evaderet
1200 2688 1549 2760 immortalis,
1583 2707 1878 2768 ageretque
1911 2701 2077 2758 vitam

492 2788 813 2847 perpetuam
844 2797 859 2835 :
893 2779 996 2836 boc
1025 2782 1173 2839 enim
1206 2783 1413 2842 donum
1448 2802 1478 2844 a
1508 2790 1689 2847 divina
1726 2793 2078 2862 gratia'retu-

492 2866 673 2924 lisset.
707 2869 776 2924 At
809 2869 955 2926 enim
1002 2870 1172 2929 Deum
1204 2890 1312 2931 non
1353 2876 1663 2948 improbum
1700 2895 1801 2952 pro
1835 2882 2079 2940 Simonis

488 2959 811 3029 calumniis,
854 2961 951 3019 sed
999 2962 1203 3020 bonum
1241 2964 1648 3042 benignumque
1694 2980 1889 3028 natura
1933 2988 2080 3040 esse,

494 3053 586 3109 liis
610 3052 887 3123 colligitur
916 3056 1293 3127 argumentis;
1332 3059 1577 3117 condidit
1606 3064 1752 3119 enim
1782 3065 2076 3135 Adamum,

492 3155 624 3195 cum
658 3150 785 3197 ante
818 3153 998 3213 neque
1041 3144 1136 3203 ille
1165 3148 1483 3217 exsisteret,
1527 3166 1705 3224 neque
1746 3154 1891 3213 alios
1921 3157 2078 3226 quis-

500 3233 667 3300 piam,
695 3232 791 3304 qui
835 3235 1016 3303 ipsum
1057 3236 1125 3291 ad
1166 3237 1319 3294 illum
1350 3242 1717 3309 condendam,
1747 3245 1833 3302 vel
1860 3246 2077 3305 ltottatu

499 3324 585 3377 vel
626 3326 877 3395 precibus
913 3336 1187 3395 moveret;
1221 3330 1399 3388 adhoc
1426 3335 1660 3392 contulit
1689 3336 1765 3392 illi
1794 3338 2079 3411 imperium

498 3418 557 3471 in
610 3418 786 3487 pisces
836 3420 1003 3475 maris
1050 3431 1107 3476 et
1157 3421 1405 3480 volucres
1455 3426 1621 3493 coeli;
1670 3427 1896 3501 insuper
1942 3432 2083 3487 bene

495 3516 881 3580 prccatus'est
928 3513 1055 3581 ipsi,
1105 3523 1164 3570 ut
1205 3526 1480 3573 cresceret
1526 3534 1864 3593 numeroque
1914 3538 2079 3594 auge-

498 3617 705 3662 sceret.
748 3603 1015 3662 Praeterea
1055 3607 1202 3663 dedit
1251 3608 1327 3664 illi
1364 3625 1583 3667 omnem
1634 3612 1858 3680 herbam
1901 3613 2084 3687 profe-

501 3710 711 3754 rentem
743 3712 954 3763 semen,
979 3709 1035 3756 et
1058 3715 1278 3757 omnem
1306 3704 1559 3759 arborem
1589 3703 1950 3774 fructiferam,
1981 3723 2084 3780 pro

498 3791 649 3847 cibo.
679 3788 923 3863 Denique
950 3807 1053 3850 nos
1086 3794 1232 3866 ipsos
1258 3798 1426 3853 etiam
1466 3812 1614 3855 nunc
1639 3807 1694 3857 ct
1722 3802 1767 3857 si
1796 3815 2085 3871 peccemus

503 3893 668 3957 atque
703 3886 995 3945 adversum
1047 3888 1222 3959 ipsius
1269 3890 1525 3947 mandata
1576 3890 1864 3961 faciamus,
1901 3903 2084 3953 tamen

502 3995 614 4036 non
661 3982 824 4037 modo
878 3982 1112 4038 sustinet
1160 3998 1340 4055 neque
1388 3984 1562 4041 nostri
1594 3985 1959 4055 obliviscitur,
1991 3989 2084 4045 sed

500 4074 669 4129 etiam
695 4083 1004 4140 conservat,
1034 4075 1225 4145 pascit,
1256 4075 1547 4144 gubernat,
1573 4088 1628 4134 et
1657 4080 1883 4135 omnino
1914 4081 2085 4135 nostri

506 4183 697 4225 curant
725 4170 886 4235 gerit.
918 4166 1061 4224 Sunt
1085 4184 1251 4240 porro
1279 4169 1385 4225 alia
1417 4170 1651 4241 plurima
1677 4185 1800 4242 quas
1826 4180 2089 4227 testentur

506 4265 681 4318 Deum
726 4271 920 4316 natura
973 4260 1179 4318 bonum
1225 4276 1369 4327 csse,
1418 4271 1582 4332 atque
1617 4276 1684 4317 ex
1721 4276 1870 4318 mera
1916 4262 2088 4333 gratia

503 4355 776 4411 Adamum
824 4364 1163 4425 ceterasque
1207 4369 1297 4409 res
1342 4353 1610 4411 ell'ecisse.
1658 4351 1873 4425 Pugnat
1923 4369 2088 4425 porro

2174 1856 2344 1913 Deum
2394 1863 2742 1912 exsecratum
2810 1866 2936 1908 esse
2995 1858 3305 1925 serpentem
3357 1858 3416 1906 ut
3466 1847 3545 1906 rei
3599 1846 3767 1905 malm

2173 1958 2476 2012 auctorem,
2508 1953 2564 2002 et
2596 1955 2777 2003 tamen
2813 1959 2920 2001 non
2964 1943 3280 2001 coercuisse
3324 1939 3761 2030 machinantem,

2173 2042 2269 2115 qui
2300 2056 2361 2099 se
2386 2039 2596 2111 alioqui
2625 2041 2719 2113 qui
2763 2055 2874 2097 non
2911 2037 3137 2105 latebat,
3172 2036 3363 2095 eadem
3411 2035 3625 2092 ratione
3649 2045 3765 2106 qua

2175 2149 2351 2207 neque
2380 2133 2542 2190 hodie
2573 2145 2674 2189 eos
2703 2132 2922 2188 cohibet
2947 2129 3040 2203 qui
3072 2128 3340 2202 improbis
3369 2130 3534 2184 rebus
3561 2124 3765 2182 intenti

2175 2235 2327 2295 sunt,
2359 2242 2430 2284 ne
2474 2240 2570 2283 eas
2599 2232 2850 2297 patrem;
2886 2234 3002 2280 tum
3031 2223 3224 2287 etiam,
3268 2236 3338 2277 ne
3363 2236 3430 2277 ea
3465 2234 3525 2277 re
3554 2215 3767 2276 diaboli

2182 2319 2492 2375 libertatem
2525 2316 2837 2391 impediret,
2870 2317 2964 2388 qui
2999 2330 3094 2388 per
3125 2323 3434 2388 serpentem
3472 2314 3639 2371 verba
3674 2310 3767 2368 fa-

2175 2411 2389 2476 ciebat;
2431 2408 2669 2481 denique
2713 2417 2773 2463 ut
2805 2406 3107 2479 periculum
3140 2404 3292 2462 iieret
3320 2403 3392 2459 de
3432 2403 3644 2458 Adamn
3675 2398 3767 2473 ip-

2176 2504 2401 2575 siusque
2435 2503 2609 2557 libero
2639 2500 2894 2565 arbitrio,
2925 2514 2989 2556 ea
3038 2511 3219 2568 pugna
3260 2507 3426 2569 atque
3464 2493 3773 2551 certamine

2177 2596 2233 2651 in
2262 2610 2375 2665 quo
2418 2594 2529 2650 illic
2578 2594 2916 2650 versabatur.
2957 2592 3243 2651 Posttetno
3276 2589 3323 2646 si
3359 2585 3637 2661 serpentis
3668 2598 3773 2641 co.

2178 2696 2367 2744 natum
2404 2688 2781 2759 impedivisset
2817 2686 2981 2748 Deus.
3016 2686 3145 2743 data
3192 2683 3388 2741 luisset
3438 2680 3772 2738 mortalibus

2180 2781 2456 2852 qumrcndi
2489 2796 2655 2850 ansa;
2683 2780 2951 2838 dixissent
2972 2780 3122 2837 enim
3181 2777 3351 2835 Deum
3378 2791 3477 2849 per
3502 2774 3767 2830 invidiam

2179 2874 2514 2928 abstinuisse
2535 2873 2706 2927 Adam
2717 2886 2808 2928 um
2830 2886 2862 2927 a
2883 2870 3065 2928 brevis
3086 2869 3400 2928 tentalionia
3424 2864 3772 2941 Periculique

2181 2974 2481 3033 momento,
2513 2979 2583 3021 ne
2607 2980 2674 3021 eo
2704 2973 2964 3036 superato
2990 2963 3158 3019 vitam
3189 2962 3588 3033 adipisceretur
3614 2973 3768 3016 utn-

2179 3062 2490 3131 piteruam;
2539 3077 2715 3133 neque
2748 3062 2894 3116 enim
2948 3059 3122 3132 ipsum
3176 3057 3449 3129 serpentis
3482 3052 3684 3119 verbis,
3721 3052 3775 3111 si

2133 3132 2152 3155 ⁸
2184 3149 2403 3206 fallendi
2436 3132 2660 3206 causam
2711 3150 2863 3205 illum
2899 3149 3130 3207 adortus
3173 3158 3342 3215 esset,
3372 3158 3773 3204 concessurum

2179 3240 2373 3299 fuisse.
2424 3242 2596 3300 Porro
2635 3242 2706 3299 de
2754 3239 2980 3298 Simone
3030 3232 3185 3315 liago
3218 3240 3353 3295 illud
3397 3238 3545 3295 scire
3587 3250 3773 3310 opere

2180 3335 2419 3409 pretium
2465 3344 2570 3401 est,
2619 3349 2743 3393 esse
2789 3335 2883 3405 qui
2934 3335 3145 3399 dicant,
3199 3335 3375 3404 ipsum
3422 3330 3478 3387 iu
3529 3329 3772 3402 speciem

2181 3428 2404 3498 quidem
2441 3426 2748 3484 assensisse
2794 3423 2963 3481 Hosis
2998 3424 3123 3497 legi,
3174 3423 3268 3480 sed
3321 3422 3505 3493 piures
3549 3419 3776 3477 interim

2183 3519 2315 3575 deos
2348 3519 2621 3592 posuisse,
2671 3532 2905 3590 quorum
2943 3531 3089 3573 unus
3135 3515 3207 3571 sit
3253 3511 3557 3571 imbecillus
3605 3523 3776 3581 atque

2186 3611 2487 3682 impotens,
2538 3610 2585 3668 is
2636 3610 2729 3682 qui
2776 3609 3045 3667 Adamum
3098 3607 3257 3665 tinxit
3307 3606 3581 3678 fecitque;
3633 3604 3777 3662 alter

2185 3719 2317 3760 vero
2364 3704 2471 3761 hoc
2515 3710 2791 3775 superior,
2828 3703 3028 3773 major,
3058 3703 3356 3774 potentior.
3392 3699 3542 3754 Alios
3585 3705 3774 3752 autem

2186 3805 2380 3868 putare
2407 3794 2651 3853 Simonis
2683 3794 2823 3868 Magi
2855 3792 3184 3851 sententiam
3215 3789 3409 3856 inisse,
3444 3788 3709 3845 mundum
3741 3800 3777 3845 ι

2185 3889 2325 3945 maia
2352 3902 2519 3945 causa
2542 3896 2726 3945 ortum
2750 3901 2905 3955 esse;
2933 3896 3100 3959 atque
3122 3884 3247 3943 ideo
3273 3882 3427 3939 illum
3455 3878 3776 3954 huiusmodi

2186 3980 2422 4037 absurda
2475 3979 2764 4051 turpisque
2804 3979 2955 4035 dictu
3003 3974 3332 4047 collegisse,
3380 3974 3582 4048 quibus
3626 3968 3775 4043 apud

2187 4085 2284 4125 eos
2334 4071 2428 4140 qui
2480 4070 2535 4124 in
2583 4083 2713 4124 vera
2768 4066 2873 4124 llde
2918 4065 3206 4132 durarent,
3255 4060 3449 4120 mundi
3489 4072 3774 4117 auctore-

2188 4163 2363 4219 Deum
2405 4160 2746 4234 suggillaret.
2779 4158 3076 4231 Propterea
3106 4156 3399 4228 corporum
3434 4166 3654 4223 quoque
3681 4164 3772 4207 se-

2190 4256 2586 4313 surrectiouem
2642 4252 2847 4322 perlide
2899 4251 3052 4307 illunt
3108 4259 3361 4316 negasse.
3405 4243 3610 4303 Verum
3657 4243 3778 4300 itte

2192 4350 2377 4406 omnia
2401 4362 2467 4404 ex
2495 4360 2563 4402 eo
2589 4344 2741 4401 libro
2771 4342 3029 4416 cognosci
3059 4348 3315 4415 possunt,
3342 4352 3505 4411 quem
3529 4335 3603 4393 de
3631 4336 3776 4393 mul-

504 4447 697 4503 Simon
732 4444 923 4519 Magus
955 4450 1221 4503 adversus
1258 4444 1451 4509 Deum,
1479 4445 1644 4501 etiam
1680 4446 1784 4501 bac
1815 4445 1903 4501 via
1938 4443 2090 4501 τινων
2120 4449 2166 4506 D
2194 4444 2426 4502 titudine
2453 4437 2870 4511 dill'erentiaque
2897 4442 3171 4493 sectarum
3200 4428 3657 4504 conscripsimus.

508 4541 793 4605 invidiam,
820 4538 1017 4609 inquit,
1047 4536 1327 4609 prohibuit
1353 4536 1622 4593 Adamum
1648 4538 1720 4592 ab
1746 4537 1945 4593 arbore
1969 4537 2094 4593 vita:

508 4631 799 4703 gestanda,
847 4644 1039 4701 nempe
1069 4645 1139 4686 ne
1186 4628 1516 4683 immortalis
1550 4630 1724 4687 lieret.
1760 4629 1922 4700 Atqui
1953 4630 1998 4684 si
2027 4644 2092 4685 ea

507 4723 713 4780 invidia
775 4721 1081 4779 laborasset
1136 4720 1280 4777 Deus
1322 4734 1553 4793 prorsus
1619 4723 1688 4777 ab
1744 4722 1927 4788 initio,
1982 4736 2090 4776 non

510 4820 813 4871 creavisset
841 4813 1137 4869 Adamutn.
1183 4811 1371 4882 Neque
1404 4814 1553 4868 enim
1587 4810 1695 4867 ulla
1729 4826 1856 4868 eum
1900 4810 1984 4868 vis
2024 4810 2123 4867 ad!

511 4908 807 4962 creandum
846 4907 998 4962 illum
1050 4905 1290 4978 impulit,
1335 4905 1431 4961 sed
1475 4920 1575 4962 sua
1622 4905 1921 4969 voluntate,
1970 4919 2096 4975 gra-

514 5003 657 5057 tuito
687 5002 835 5058 illum
860 5001 1137 5065 condidit;
1162 4999 1363 5066 adboc,
1389 4999 1704 5069 paradisum
1734 4998 1880 5053 illius
1906 5011 2096 5063 causa,

514 5096 624 5150 hoc
669 5104 784 5157 est.
833 5102 895 5149 ut
940 5096 993 5147 in
1042 5106 1111 5149 eo
1162 5090 1253 5147 ille
1297 5098 1352 5147 et
1402 5090 1675 5147 habitaret
1719 5100 1774 5146 et
1820 5090 2099 5162 voluptate

518 5187 815 5251 frueretur,
868 5200 973 5240 non
1025 5182 1245 5241 fecisset
1290 5185 1340 5240 si
1396 5183 1703 5248 invidisset,
1760 5192 1852 5237 aut
1899 5183 2098 5239 saltem

520 5282 697 5349 ipsam
726 5278 848 5333 vita:
880 5280 1129 5332 arborem
1176 5292 1338 5350 quam
1374 5275 1448 5331 illi
1483 5276 1785 5341 invidisset,
1820 5290 1926 5329 non
1974 5289 2101 5345 pro-

523 5379 765 5429 creasset
792 5371 846 5425 in
878 5370 1163 5441 paradiso;
1203 5384 1377 5440 neque
1402 5377 1557 5425 tanto
1586 5368 1746 5424 etiam
1766 5368 2015 5437 imperio
2046 5368 2099 5422 itt

528 5465 730 5536 pisces,
754 5464 1021 5525 volucres,
1048 5462 1314 5532 iumenta,
1340 5461 1483 5517 feras
1508 5461 1655 5517 illum
1681 5460 2101 5530 arnpiiiicasset;

530 5554 768 5626 denique
811 5570 917 5609 non
947 5553 1284 5611 condidisset
1324 5554 1474 5609 illum
1521 5552 1587 5609 ad
1622 5569 1776 5609 suam
1810 5545 2101 5624 imaginem

2816 4568 3050 4632 CAPUT
3087 4567 3158 4629 il.

2201 4713 2535 4786 Objection»
2566 4709 2719 4782 impii
2760 4705 3010 4771 lanatis,
3052 4715 3107 4762 et
3131 4704 3250 4777 ejus
3292 4710 3449 4760 secta
3479 4700 3775 4758 hominum.

2270 4805 2454 4859 Ilanes
2492 4802 2659 4858 homo
2695 4794 3164 4871 improbissimus,
3189 4803 3247 4852 et
3271 4794 3367 4868 qui
3397 4807 3525 4849 eum
3555 4800 3778 4850 sectan-

2199 4907 2313 4965 tur,
2336 4898 2529 4951 dicunt
2555 4894 2729 4965 legem
2756 4889 2967 4948 Adamo
2989 4887 3311 4962 imperatam
3340 4884 3591 4958 plurimis
3613 4887 3777 4941 rebus

2198 4989 2456 5046 absurdis
2510 4987 2726 5059 plenam
2758 4999 2903 5051 esse,
2935 4991 3100 5055 atque
3143 4980 3271 5038 inde
3312 4978 3483 5037 multa
3515 4974 3775 5049 suppedi-

2201 5082 2362 5139 ditari
2431 5087 2751 5151 argumenta
2802 5077 3004 5149 quibus
3069 5072 3265 5131 merito
3312 5079 3604 5130 accusetur
3664 5071 3777 5142 ipse

2200 5177 2503 5247 legislator.
2553 5173 2717 5230 Verbi
2765 5171 2963 5244 gratia,
2989 5170 3157 5242 jussit
3200 5167 3470 5224 Adamnm
3504 5160 3778 5219 abstinere

2206 5272 2275 5327 ab
2315 5269 2511 5325 arbore
2544 5266 2787 5328 scientia:
2831 5262 2960 5321 boni
2988 5269 3044 5318 et
3074 5258 3225 5325 mall,
3255 5259 3496 5315 minatus
3543 5266 3777 5311 mortem

2205 5377 2315 5433 quo
2362 5363 2452 5417 dic
2497 5361 2645 5416 illius
2692 5358 2871 5413 fructu
2919 5360 3271 5418 vesceretur;
3320 5348 3465 5420 quod
3513 5345 3776 5412 edictum,

2209 5454 2403 5510 barum
2447 5466 2629 5509 rerum
2672 5449 2918 5504 omnium
2962 5444 3143 5516 arguit
3186 5440 3355 5499 Deum
3401 5456 3417 5497 :
3454 5437 3778 5503 inscientia,

2208 5545 2548 5610 iracundiae,
2608 5540 2981 5615 pmuitentizc,
3039 5533 3309 5593 mendacii
3374 5530 3630 5604 denique.
3689 5526 3781 5587 in—

533 5654 584 5700 ct
616 5624 1023 5702 similitudinem
1057 5663 1072 5701 :
1103 5645 1199 5702 sed
1231 5660 1295 5703 ea
1336 5645 1406 5703 de
1448 5660 1613 5702 causa
1644 5647 1713 5701 ab
1744 5648 1939 5702 arbore
1985 5644 2106 5701 vim
2208 5639 2451 5697 scientias
2492 5636 2713 5709 quidem
2738 5676 2754 5700 ,
2801 5632 2944 5706 quod
2996 5631 3168 5704 legem
3219 5624 3566 5700 imperaverit
3614 5637 3776 5698 (1⁸⁸³⁸³⁸

538 5742 802 5805 coercuit,
829 5752 898 5795 ne
930 5748 1190 5811 perpetuo
1225 5738 1429 5795 viveret
1464 5740 1516 5791 iu
1564 5749 1809 5809 peccato,
1854 5749 2108 5810 essetque
2214 5734 2417 5804 putarit
2462 5726 2888 5795 observandam,
2933 5739 2999 5781 ea
3033 5737 3163 5781 vero
3196 5721 3484 5784 observata
3532 5733 3640 5775 non
3689 5716 3777 5775 sit.
