4082 6160
387 279 486 343 597

1484 275 1582 338 DE
1621 272 2024 337 PARADISO.
2069 296 2136 306 --
2184 273 2377 334 PARS
2417 271 2535 333 lli.

3553 273 3657 339 598

387 392 711 457 Iracundia,
747 393 891 465 quod
943 406 1068 449 eum
1102 391 1198 462 qui
1245 396 1431 447 contra
1483 406 1638 446 suam
1676 391 1847 460 legem
1887 387 1966 443 l‘e-
1995 389 2045 450 Α
2072 382 2192 439 Non
2220 384 2385 455 igitur
2408 384 2569 438 latam
2594 397 2621 437 a
2646 398 2702 439 se
2726 386 3049 441 sententiain
3073 384 3648 453 adversusAdanmm,

389 487 578 553 cisset,
611 499 707 557 per
748 484 889 541 iram
937 482 1409 540 condemnaverit.
1448 480 1811 546 i’oanitcntiae,
1840 482 1967 550 quia

387 580 555 635 latam
594 578 944 641 sententiam,
995 591 1091 647 per
1125 574 1559 632 misericordiam
1610 576 1695 645 (ut
1743 587 1840 629 ros
1887 573 1973 629 di-

388 670 546 737 citis,
600 669 814 741 inquit,
867 668 1086 736 Manes)
1137 667 1349 724 irritam
1402 666 1674 723 habuerit.
1731 666 1974 737 Denique

391 761 700 831 mendacii,
747 764 881 837 quia
925 772 1155 819 mortem
1206 776 1317 818 non
1360 759 1684 833 nppetiverit
1732 760 1980 819 Adamus

389 872 501 928 quo
530 858 619 914 die
647 857 761 912 edit
791 856 857 912 de
883 855 975 913 illa
1001 857 1218 913 arbore.
1249 854 1557 912 Adversum
1601 856 1719 912 haec
1746 870 1980 926 respon-

391 947 608 1016 demus,
644 946 818 1005 Deum
847 947 1151 1005 inscientiae
1178 947 1391 1021 culpari
1420 962 1529 1004 non
1567 962 1749 1019 posse,
1777 949 1878 1023 qui
1909 949 1980 1004 ab

390 1049 598 1097 aeterno
638 1041 823 1097 omnia
858 1043 1011 1097 novit
1041 1042 1196 1113 prius
1226 1055 1390 1113 quam
1434 1039 1601 1109 dant;
1646 1055 1711 1098 ac
1745 1042 1979 1110 proinde

390 1134 525 1189 illud
575 1133 745 1192 etiam
794 1134 938 1190 clare
986 1134 1291 1207 prascivit,
1333 1132 1640 1197 Adamum.
1692 1150 1820 1206 quae
1866 1137 1980 1207 ipse

390 1225 761 1296 imperaturus
800 1236 966 1292 esset.
1023 1239 1088 1283 ea
1140 1241 1249 1283 non
1286 1225 1584 1283 facturum.
1629 1224 1746 1306 ﬁco
1796 1238 1979 1285 tamen

391 1318 515 1374 ideo
553 1333 663 1374 non
692 1317 1003 1391 imperavit,
1031 1318 1162 1391 quia
1191 1316 1344 1375 illum
1377 1318 1685 1389 parituru’m
1717 1335 1827 1376 non
1856 1334 1981 1378 esse

389 1411 706 1481 praiseivit;
761 1422 1192 1467 consentaneum
1245 1410 1389 1466 enim
1445 1416 1606 1481 erat,
1662 1420 1723 1468 ut
1777 1412 1980 1467 nihiln-

395 1502 584 1558 niinus
650 1502 730 1558 illi
783 1502 1163 1574 prmscriberet
1228 1501 1399 1573 legem
1429 1541 1445 1567 ,
1513 1513 1568 1560 et
1620 1503 1840 1576 quidem
1908 1502 1981 1558 ob

394 1595 597 1652 multas
632 1608 848 1652 causas.
891 1594 1133 1651 Primum
1179 1607 1240 1652 ut
1279 1604 1563 1653 constaret
1603 1613 1724 1655 esse
1754 1598 1849 1671 qui
1883 1598 1983 1654 do-

390 1687 693 1744 minatione
733 1696 1111 1762 potestateque
1144 1704 1329 1744 rerum
1376 1689 1649 1760 potiretur
1690 1688 1800 1763 (est
1832 1692 1977 1749 enim

2076 480 2240 551 quasi
2288 480 2407 550 ejus
2434 477 2769 549 pmnitucrit,
2801 478 3069 548 dissolvit,
3103 478 3196 536 sed
3232 496 3325 552 per
3358 499 3509 567 suam
3548 500 3648 536 uno

2082 570 2438 627 scrieordiam
2468 577 2629 637 atque
2653 568 3016 634 ciementiain,
3043 586 3161 642 qua:
3190 571 3363 642 ipsius
3397 575 3647 639 virtutes,

2082 679 2148 721 ea
2177 679 2234 718 re
2260 672 2389 719 sunt
2425 662 2724 718 luculenter
2757 663 3061 733 patefactae.
3096 662 3226 719 Nam
3257 666 3457 736 alioqui
3487 668 3649 723 etiam

2081 755 2297 831 quoties
2335 757 2526 812 relicta
2570 755 2847 829 impietate
2880 758 3038 821 redit,
3068 773 3192 813 cuiu
3224 762 3459 830 excipit;
3491 772 3653 834 atque

2080 866 2204 924 quae
2248 851 2512 906 adversus
2557 848 2709 905 illum
2758 850 3113 917 decreverat,
3161 860 3356 919 mutat,
3399 853 3475 908 ait
3521 870 3654 925 prn-

2079 942 2245 1013 pheta
2295 938 2562 997 Jcrcmias
2587 941 2654 994 ”.
2697 940 2766 996 Et
2807 936 3079 996 Ninivitas
3124 940 3291 999 exitio
3344 943 3654 1013 damnatos,

2082 1042 2204 1105 post
2250 1048 2415 1107 quant
2463 1044 2869 1092 commutarunt
2916 1037 3117 1100 vitam,
3175 1036 3441 1110 supplicio
3471 1040 3654 1095 emol-

2091 1128 2167 1183 rit
2198 1129 2238 1185 ⁸.
2292 1125 2479 1199 Neque
2511 1127 2800 1187 Ezechiam
2831 1130 2898 1186 de
2931 1133 3169 1188 admisso
3208 1143 3431 1205 peccato
3466 1136 3654 1191 dolen-

2081 1229 2213 1287 tem,
2258 1232 2460 1288 morte,
2500 1230 2561 1279 ut
2590 1222 2956 1279 comminatus
2990 1223 3189 1293 fuerat,
3228 1228 3494 1284 multavit.
3539 1230 3663 1285 lmo

2082 1329 2212 1371 vero
2246 1315 2497 1386 quotidie
2541 1316 2728 1373 videre
2762 1327 2870 1384 est,
2916 1318 3067 1375 illum
3112 1336 3223 1376 non
3271 1322 3540 1392 perditum
3575 1325 3658 1380 ire

2078 1422 2175 1465 eos
2204 1409 2302 1483 qui
2345 1411 2466 1469 suis
2498 1413 2769 1468 mandatis
2805 1426 2915 1468 non
2961 1424 3178 1485 parent,
3216 1416 3310 1472 sed
3340 1428 3661 1489 exspectare

2082 1509 2145 1558 ut
2173 1502 2523 1573 resipiscam.
2574 1501 2858 1560 Postremo
2905 1505 2972 1561 ad
3020 1507 3289 1566 mendacii
3331 1508 3660 1568 calumniam

2081 1593 2501 1666 respondemus,
2534 1596 2692 1668 plane
2715 1595 2883 1653 Deum
2912 1600 3200 1654 mentitum
3228 1614 3335 1656 non
3365 1616 3507 1667 esse,
3533 1617 3657 1659 cum

2080 1686 2277 1755 Adam,
2323 1703 2434 1760 quo
2476 1688 2567 1745 die
2609 1689 2677 1744 de
2722 1687 2885 1745 vetita
2923 1689 3120 1746 arbore
3159 1691 3292 1759 edit,
3325 1707 3395 1749 eo
3429 1703 3660 1749 mortem

388 1778 762 1849 dominorum,
812 1781 960 1853 leges
1006 1784 1276 1853 statuere)
1320 1781 1604 1854 sciretque
1649 1762 1894 1841 Adamus
1924 1794 1981 1842 et
2010 1762 2052 1819 Β
2078 1794 2299 1864 quoque
2342 1782 2412 1851 (si
2462 1782 2710 1837 animum
2756 1785 2995 1854 spectes)
3036 1784 3280 1860 _nbierit;
3323 1787 3526 1858 quippe
3564 1790 3660 1855 qui

394 1879 611 1927 caterua
658 1887 746 1931 res
774 1874 1029 1943 conditui,
1072 1888 1134 1933 se
1179 1885 1465 1934 creaturas
1510 1890 1635 1933 esse
1674 1884 1730 1934 et
1770 1892 1977 1948 servos,

392 1965 598 2035 quibus
624 1966 804 2025 solent
851 1966 1001 2039 leges
1044 1968 1187 2026 dari.
1234 1968 1323 2026 Ad
1372 1970 1500 2036 hoc,
1544 1972 1667 2027 data
1717 1971 1833 2043 lege
1862 1988 1981 2028 cer-

391 2057 593 2114 tiorem
624 2056 860 2116 reddidit
885 2058 1035 2119 Deus
1060 2060 1335 2118 Adamum
1362 2070 1417 2118 et
1444 2060 1691 2133 reliquos
1719 2063 1981 2122 mortales

396 2150 611 2208 ratione
642 2153 925 2223 praeditos,
952 2168 1011 2211 se
1039 2153 1256 2210 arbitrii
1285 2155 1542 2213 libertate
1566 2155 1717 2226 ipsos
1744 2154 1981 2214 donasse

397 2241 530 2298 dum
568 2242 847 2311 conderet,
877 2258 986 2316 qua
1019 2242 1145 2301 freti
1177 2254 1407 2317 possent
1453 2246 1535 2301 vel
1580 2244 1872 2302 observare
1899 2247 1983 2303 vel

399 2331 677 2390 transilire
706 2333 879 2409 legem
910 2338 1305 2407 praescriptam.
1339 2332 1479 2391 Nam
1508 2334 1556 2392 si
1586 2334 1755 2406 legem
1799 2337 1979 2407 tollas,

399 2426 536 2482 nihil
566 2430 671 2484 erit
699 2430 843 2485 unde
880 2444 999 2486 eam
1038 2430 1374 2495 libertatem.
1409 2445 1687 2486 summum
1738 2429 1983 2501 proiecto

403 2518 497 2574 lict
526 2508 753 2585 donum,
783 2537 1109 2592 cognoscas.
1137 2521 1371 2594 Insuper
1404 2521 1511 2589 les,
1538 2532 1591 2577 et
1613 2522 1657 2576 si
1682 2522 1754 2577 ab
1774 2523 1984 2579 Adamn

400 2610 655 2668 violanda
695 2621 847 2679 crat,
895 2623 1077 2670 tamen
1120 2616 1273 2671 utilis
1307 2613 1414 2669 fuit
1453 2616 1519 2669 ad
1554 2616 1866 2686 probandos
1894 2631 1986 2673 se-

398 2706 818 2779 gregandosque
883 2710 1187 2782 morigeros
1240 2726 1271 2764 a
1325 2709 1658 2776 rebellibus,
1719 2711 1897 2769 bonos
1953 2727 1983 2768 a

402 2795 587 2863 malis,
630 2800 838 2857 amicos
884 2801 954 2857 ab
1004 2800 1283 2867 hostibus,
1333 2802 1683 2874 aliorumque
1729 2806 1983 2861 virtutem

403 2891 475 2945 ab
504 2890 738 2948 aliorum
774 2895 1042 2963 pravitate
1086 2914 1100 2950 :
1140 2910 1375 2965 quorum
1411 2896 1549 2952 nihil
1598 2897 1815 2953 suhlata
1843 2898 1984 2971 lege,

403 2986 665 3054 cognosci
715 2987 1116 3061 dijudicarique
1158 3007 1189 3045 a
1240 2991 1403 3049 nobis
1435 3003 1641 3061 posset.
1688 2989 1809 3047 iam
1856 3008 1987 3049 vero

2080 1872 2426 1930 abalienatus
2455 1874 2587 1930 sita
2614 1872 2745 1939 Deo,
2775 1876 2871 1947 qui
2909 1890 3052 1932 unus
3082 1874 3193 1931 vita
3225 1892 3373 1942 vera,
3405 1886 3663 1950 certaque

2080 1971 2202 2029 est;
2234 1972 2348 2020 rata
2377 1964 2542 2035 igitur
2571 1965 2670 2021 fuit
2700 1965 2817 2032 Dei,
2844 1980 2911 2023 eo
2939 1965 3051 2033 die,
3078 1966 3345 2025 adversus
3372 1969 3523 2024 illum
3550 1970 3661 2025 lata

2082 2056 2376 2112 sententia.
2407 2054 2471 2111 Et
2497 2070 2623 2111 vero
2657 2055 2775 2125 ipso
2799 2057 2964 2111 etiam
2994 2071 3249 2127 corpore,
3274 2056 3366 2113 illo
3399 2060 3487 2114 die
3516 2076 3662 2116 mor-

2084 2154 2212 2204 tuus
2239 2158 2325 2203 est
2352 2149 2585 2219 quadam
2621 2148 2913 2205 aii'ectinne
2970 2149 3284 2205 turbulenta
3320 2164 3442 2221 qua
3470 2154 3667 2211 mortis

2083 2247 2230 2297 esset
2258 2239 2499 2297 eﬂiciens
2527 2257 2542 2296 :
2573 2249 2632 2295 ut
2661 2255 2691 2297 a
2722 2255 2833 2312 quo
2861 2240 3027 2297 simul
3060 2256 3284 2312 prorsus
3316 2244 3665 2301 auferebatur

2084 2331 2513 2389 immortalitatis
2550 2334 2747 2405 gratia,
2799 2348 2864 2391 ac
2911 2332 3141 2407 proinde
3192 2336 3353 2393 morti
3385 2336 3500 2408 jam
3549 2347 3666 2395 tum

2086 2421 2251 2478 tiebat
2277 2422 2571 2491 obnoxius,
2602 2433 2658 2482 et
2709 2425 2936 2482 omnino
2981 2425 3250 2482 mortalis.
3287 2426 3368 2483 Et
3417 2428 3504 2485 bis
3532 2444 3667 2498 ergo

2082 2513 2342 2572 omnibus
2374 2515 2690 2584 coniicitur,
2729 2516 2998 2574 Mauetem
3044 2526 3101 2575 et
3145 2519 3387 2589 reliquos
3427 2520 3549 2591 ejus
3584 2523 3668 2577 [ςι-

2084 2608 2283 2663 etionis
2334 2607 2586 2665 homines
2636 2608 2888 2682 improbe
2953 2609 3120 2668 Deum
3170 2612 3430 2684 sugillare
3476 2630 3666 2672 eorum

2085 2698 2376 2754 criminum
2402 2740 2418 2765 ,
2458 2715 2583 2771 qua:
2614 2700 2728 2772 jam
2769 2702 3032 2762 vidimus.

2157 2788 2369 2848 Rursus
2396 2791 2552 2847 aiunt
2581 2793 2741 2849 iidem
2772 2793 2998 2852 lianctis
3023 2809 3343 2855 assensores
3371 2816 3387 2856 :
3418 2798 3665 2867 Quanam

2088 2884 2402 2954 prohibitus
2462 2897 2549 2942 cst
2593 2885 2838 2943 Adamus
2882 2902 3050 2945 causa
3083 2889 3153 2945 ab
3186 2892 3380 2947 arbore
3422 2893 3667 2949 scientiae

2088 2978 2397 3046 gustanda?
2443 2993 2512 3033 an
2536 2979 2678 3049 quia
2714 2980 2857 3035 mala
2884 2995 2950 3037 ea
2977 2993 3164 3048 esset,
3210 3000 3279 3040 an
3321 2987 3447 3057 quia
3483 2985 3670 3042 bona?

404 3079 505 3178 qui
525 3088 807 3136 constaret
829 3081 979 3151 juste
999 3081 1127 3139 aliis
1152 3085 1440 3178 praemium
1468 3097 1500 3178 a
1527 3082 1639 3138 Deo
1664 3083 1783 3178 dari
1811 3084 1985 3178 ipsum
2014 3120 2059 3178 ϐ
2545 3072 2981 3178 “tineis-arbor
3004 3084 3273 3178 senserat
3299 3078 3351 3131 in
3376 3077 3625 3178 paradiso
3642 3080 3667 3131 τ

404 3169 627 3227 cteleste
680 3186 954 3243 regnum,
1021 3174 1117 3245 qui
1166 3174 1489 3246 nbsequiosi
1542 3174 1809 3232 servanda
1869 3177 1988 3247 lege

405 3258 645 3315 cilicium
693 3261 921 3331 colunt,
990 3265 1115 3321 aliis
1166 3265 1511 3321 calamitates
1564 3267 1759 3323 merito
1817 3265 1910 3323 inﬂ
1933 3269 1985 3338 gi

405 3353 499 3422 qui
528 3351 651 3410 latae
680 3355 780 3428 legi
813 3371 923 3413 non
958 3367 1173 3429 parent,
1204 3359 1311 3414 nisi
1343 3358 1425 3413 lex
1458 3369 1611 3415 esset
1645 3357 1801 3414 lata?
1830 3358 1987 3429 Quod

404 3445 455 3502 si
484 3460 615 3503 vero
644 3447 766 3503 ideo
810 3447 942 3507 ferri
990 3466 1103 3507 nou
1143 3449 1333 3507 debuit
1377 3450 1509 3521 quia
1553 3464 1673 3506 eain
1707 3450 1987 3511 fracturus

406 3549 524 3594 erat
548 3539 786 3597 Adamus
806 3558 931 3598 cum
957 3558 1148 3609 uxore,
1170 3542 1317 3599 haud
1341 3557 1477 3600 sane
1496 3551 1648 3600 recte
1670 3546 1986 3618 prrescripta

400 3629 518 3701 jam
549 3628 711 3687 fuerit
742 3633 1067 3691 mortalibus
1098 3632 1219 3691 iidei
1250 3647 1467 3697 norma,
1497 3636 1718 3705 quando
1747 3637 1985 3693 maxima

411 3739 539 3792 pars
564 3725 849 3783 hominum
872 3743 994 3784 eain
1022 3743 1132 3784 nou
1156 3727 1306 3784 colit.
1333 3726 1640 3793 Postremo,
1668 3730 1988 3801 praescripta

413 3811 530 3883 iege
575 3827 865 3871 monemur
896 3814 1128 3874 alterum
1160 3831 1286 3873 esse
1329 3816 1590 3873 saeculum
1635 3817 1691 3873 in
1739 3832 1848 3889 quo
1888 3833 1987 3878 sua

411 3904 656 3972 pramia,
687 3915 745 3963 es
774 3907 842 3962 iis
870 3907 966 3979 qui
996 3906 1393 3979 obtemperant,
1420 3914 1476 3963 et
1503 3905 1569 3962 iis
1597 3906 1692 3979 qui
1724 3906 1989 3965 rebellant

412 3994 525 4050 sint
568 4000 864 4069 pmstituta
903 4014 920 4055 :
955 3999 1142 4055 alteris
1191 4006 1468 4069 perpetua
1520 3995 1751 4061 deliciae,
1800 3997 1988 4055 alteris

413 4087 695 4146 cruciatus
746 4090 1088 4162 sempiterni.
1142 4086 1254 4145 Lex
1307 4088 1455 4144 enim
1508 4088 1709 4155 omnis,
1758 4094 1816 4145 et
1860 4101 1990 4160 pro-

414 4180 582 4237 missa
619 4189 675 4237 et
717 4184 893 4239 uiinas
938 4196 1126 4241 secum
1174 4178 1330 4237 all'ert
1358 4195 1373 4237 :
1406 4191 1467 4235 ut
1497 4180 1609 4247 illa,
1640 4180 1685 4235 si
1720 4189 1985 4249 servetur,

414 4273 522 4340 hac,
562 4272 608 4329 si
650 4272 952 4345 frangatur,
983 4284 1183 4348 praesto
1223 4272 1355 4329 sint.
1398 4270 1556 4340 Quod
1588 4287 1755 4340 porro
1781 4276 1849 4329 ad
1880 4274 1991 4329 ira-

413 4368 675 4422 cundiam
725 4376 973 4439 spectat,
1028 4365 1429 4438 respondemus
1513 4361 1685 4420 Deum
1736 4379 1843 4421 non
1892 4379 1990 4437 per

2091 3156 2190 3214 Sin
2218 3158 2347 3230 quia
2377 3160 2556 3227 bona;
2580 3176 2676 3231 per
2703 3163 2963 3219 invidiam
2987 3166 3297 3242 prohibitus
3322 3170 3438 3224 est!
3462 3168 3666 3227 Contra

2088 3248 2205 3307 luce
2250 3252 2511 3319 dicimus,
2540 3268 2659 3310 eam
2704 3256 2959 3313 arborem
3006 3268 3200 3329 suapte
3252 3271 3447 3318 natura
3491 3280 3668 3337 neque

2090 3342 2286 3399 bonam
2316 3359 2491 3416 neque
2523 3347 2721 3402 malam
2753 3348 2942 3417 fuisse,
2973 3350 3067 3406 sed
3101 3352 3325 3422 perinde
3352 3365 3517 3427 atque
3550 3358 3676 3427 ipsa

2087 3434 2212 3505 quis
2234 3443 2475 3492 uteretur
2497 3436 2901 3495 abutereturve.
2928 3437 3099 3497 Usum
3148 3452 3328 3500 autem
3379 3454 3539 3518 atque
3566 3451 3667 3503 ab-

2087 3539 2249 3582 usum
2270 3564 2286 3592 ,
2308 3528 2359 3582 in
2390 3527 2565 3585 libero
2594 3533 2896 3602 primorum
2925 3546 3214 3605 parentum
3246 3536 3420 3594 fuisse
3439 3539 3677 3598 arbitriis

2087 3621 2326 3692 positum
2354 3662 2370 3685 .
2408 3631 2467 3677 ut
2510 3623 2624 3691 iam
2655 3638 2769 3679 non
2798 3640 2865 3680 ex
2909 3626 3025 3695 ipsa
3054 3627 3255 3683 arbore
3293 3629 3495 3685 malum
3522 3669 3538 3695 ,
3572 3634 3668 3687 scd

2086 3726 2153 3770 es
2175 3713 2392 3770 arboris
2413 3714 2593 3772 abusu
2619 3718 2939 3786 provenisse
2960 3718 3387 3777 existimandum
3404 3723 3495 3779 sit.
3520 3719 3668 3779 Idem

2087 3806 2157 3865 de
2185 3808 2331 3863 bono
2359 3808 2653 3865 dicendum
2686 3807 2882 3866 luisset
2906 3849 2925 3877 ,
2952 3811 3000 3866 si
3029 3812 3203 3869 Adam
3233 3814 3509 3870 mandatis
3538 3830 3665 3887 qua:

2086 3898 2157 3956 de
2193 3915 2258 3957 ea
2300 3900 2497 3956 arbore
2535 3914 2823 3975 acceperat
2851 3902 3124 3974 paruisset
3159 3923 3174 3960 :
3207 3906 3668 3977 quemadmodum

2087 3989 2245 4048 cibus
2266 4006 2375 4066 qua
2399 3992 2677 4059 cibusest,
2705 3993 2838 4049 nihil
2864 3995 3005 4052 ullus
3021 3997 3215 4053 ab-alio
3237 3997 3439 4066 diil‘ert,
3458 4000 3551 4058 sed
3570 4015 3669 4071 pro

2087 4091 2249 4141 atate
2293 4093 2459 4157 atque
2494 4085 2704 4143 viribus
2732 4088 3070 4145 vescentium
3106 4090 3367 4148 maxime.
3406 4088 3544 4149 Nam
3573 4098 3669 4165 qui

2091 4178 2361 4234 vescentis
2392 4177 2604 4235 viribus
2630 4180 2925 4250 respondet
2952 4190 3121 4252 atque
3152 4198 3395 4255 congruo
3427 4194 3670 4254 tempore

2090 4268 2351 4333 sumitur.
2374 4268 2585 4338 bonus;
2620 4273 2713 4343 qui
2752 4289 2881 4330 vero
2916 4275 3059 4331 vires
3092 4286 3313 4347 supcrat
3343 4286 3441 4332 aut
3472 4293 3584 4334 non
3612 4280 3668 4334 in

2092 4368 2335 4431 tempore
2359 4364 2598 4434 capitur,
2631 4365 2809 4422 malus
2840 4366 3071 4423 habetur
3104 4384 3117 4421 :
3147 4372 3227 4424 sic
3263 4384 3397 4425 usus
3423 4370 3553 4427 Adae
3581 4385 3669 4429 at-

415 4460 555 4517 iram
595 4463 985 4533 pronuntiasse
1013 4461 1280 4519 adversus
1321 4458 1589 4515 Adamum
1631 4456 1781 4514 illam
1824 4459 1987 4515 talem
2022 4466 2065 4524 ι)
2097 4469 2203 4525 que
2234 4455 2421 4512 uxoris
2449 4458 2506 4511 in
2549 4461 2816 4527 permissa
2847 4460 3069 4529 quidem
3098 4463 3295 4518 arbore
3318 4502 3338 4528 .
3370 4464 3585 4531 bonus;
3616 4476 3673 4519 δι

414 4558 769 4622 sententiain,
808 4557 904 4613 sed
953 4572 1049 4628 per
1092 4570 1297 4611 meram
1326 4551 1806 4624 gmisericordiam;
1840 4552 1987 4624 quod

416 4652 546 4708 hinc
577 4650 947 4723 cognoscitur.
982 4648 1113 4721 quis
1145 4646 1569 4719 haudquaquam
1614 4646 1708 4701 illo
1735 4645 1827 4703 die
1851 4646 1990 4703 obiit

418 4752 650 4803 mortem
693 4759 803 4814 quo
848 4743 1059 4798 iacinus
1094 4740 1247 4807 fecit,
1285 4755 1390 4812 pro
1428 4740 1720 4796 sententia
1754 4740 1938 4795 verbis
1972 4756 1988 4794 :

418 4837 680 4894 nimirum
714 4835 880 4893 verba
911 4849 981 4892 eo
1010 4832 1211 4891 iecerat
1247 4832 1395 4889 Deus
1433 4828 1716 4903 rigidiora,
1746 4845 1862 4903 quo
1889 4845 1988 4902 pn-

416 4933 715 4991 steritatem
742 4939 1111 5001 venturosque
1140 4935 1390 4999 nepotes,
1415 4940 1511 4997 per
1532 4934 1761 4989 metum,
1781 4939 1814 4979 a
1835 4922 1989 4981 l‘rau-

418 5025 608 5098 gendis
657 5022 867 5094 legibus
913 5020 1336 5092 rebellandoque
1395 5017 1726 5075 contineret.
1779 5014 1990 5072 [iurans

413 5120 485 5174 de
511 5114 851 5189 pmnitentia,
876 5113 1036 5185 cujus
1068 5121 1294 5169 accusat
1320 5108 1491 5165 Deum
1521 5106 1725 5173 Manes,
1752 5105 1989 5162 dicimus

418 5211 639 5268 illorum
678 5223 801 5266 esse
827 5206 1016 5263 dolore
1056 5212 1225 5275 atque
1251 5203 1517 5273 ptenitere
1556 5201 1653 5273 qui
1700 5200 1873 5257 nescii
1900 5214 1989 5257 re-

422 5321 544 5361 rum
568 5311 826 5370 eventus,
856 5314 922 5357 ea
962 5298 1171 5356 iaciunt
1198 5310 1434 5370 quorum
1463 5296 1644 5350 exitus
1682 5308 1874 5363 parum
1902 5308 1991 5350 re-

420 5402 685 5471 spondeat
722 5396 965 5468 ipsorum
995 5390 1335 5456 commodis;
1374 5396 1431 5443 at
1471 5385 1666 5452 Deum,
1695 5401 1820 5442 cum
1851 5400 1989 5456 prse-

421 5492 563 5550 sciat
607 5489 791 5547 omnia
841 5500 1004 5558 quem
1050 5483 1163 5540 sint
1210 5493 1439 5553 quaeque
1486 5478 1737 5534 habitura
1791 5478 1986 5547 tinem,

423 5598 651 5655 prorsus
688 5579 953 5654 pwnitere
1003 5576 1167 5633 ullius
1241 5589 1350 5630 non
1397 5587 1576 5644 posse,
1640 5579 1735 5627 aut
1781 5570 1985 5643 pigere.

495 5750 541 5781 ”
566 5744 767 5801 ierem.
799 5756 815 5797 t
844 5747 899 5797 et
928 5754 1075 5796 arm.
1158 5736 1175 5769 ⁸
1206 5733 1362 5790 Joan.
1394 5732 1477 5799 ut,
1515 5731 1536 5789 l
1572 5746 1723 5803 seqq.

2091 4546 2148 4601 in
2180 4547 2342 4603 vetita
2364 4586 2383 4613 ,
2418 4547 2595 4604 malus
2619 4556 2758 4604 erat.
2809 4547 2998 4622 Neque
3025 4553 3170 4627 enim
3219 4553 3274 4609 in
3326 4554 3444 4630 ipsa
3474 4557 3672 4613 arbore

2093 4638 2224 4695 boni
2264 4639 2460 4697 malive
2504 4639 2794 4699 eﬂicicntia
2844 4643 3056 4710 inerat,
3104 4646 3199 4706 sed
3248 4646 3428 4717 ipsum
3467 4651 3671 4704 violare

2097 4731 2191 4787 Dei
2220 4730 2429 4803 legem;
2462 4731 2518 4788 id
2542 4747 2672 4789 vero
2719 4745 2838 4790 erat
2881 4736 3031 4808 quod
3066 4737 3337 4802 Adamum
3365 4741 3676 4808 occidebat,

2093 4838 2204 4880 non
2228 4825 2414 4882 arbor.
2449 4824 2621 4882 Veluti
2658 4828 3116 4886 contumeliosum
3146 4831 3200 4888 in
3232 4842 3486 4903 parentes
3509 4876 3524 4900 ,
3560 4851 3669 4889 nnu

2095 4916 2215 4987 ipsa
2238 4918 2575 4975 contumelia
2596 4919 2790 4975 multat
2811 4932 3009 4987 morte.
3029 4922 3123 4979 sed
3152 4923 3324 4980 tracta
3352 4924 3437 4982 les
3458 4943 3476 4993 ;
3496 4944 3672 4996 sicque

2097 5024 2256 5068 mons
2304 5007 2460 5067 Siuai
2489 5027 2585 5068 eos
2618 5012 2985 5072 interﬁciebat
3028 5016 3123 5088 qui
3167 5032 3227 5072 se
3277 5019 3672 5090 contingebant

2093 5116 2210 5176 quo
2232 5112 2477 5175 tempore
2513 5104 2647 5160 certi
2677 5104 2813 5163 lines
2833 5103 3139 5179 prescripti
3176 5107 3327 5167 fuere
3359 5109 3499 5165 ultra
3530 5126 3671 5180 quos

2095 5212 2260 5254 nemo
2288 5199 2592 5263 accederet.
2626 5197 2724 5257 sed
2755 5199 2844 5255 lex
2867 5200 3091 5258 violata.
3120 5198 3239 5256 Non
3268 5201 3428 5271 igitur
3461 5202 3550 5256 illa
3578 5217 3666 5255 ar-

2096 5289 2196 5344 bor
2226 5289 2437 5346 Adamn
2478 5292 2680 5348 malum
2712 5292 2892 5357 dedit,
2945 5292 3038 5349 sed
3069 5294 3272 5350 amissa
3313 5310 3410 5366 per
3439 5295 3665 5349 fractam

2096 5384 2267 5454 legem
2317 5398 2496 5451 noxa;
2529 5385 2804 5441 enimvero
2839 5401 2934 5456 per
2960 5384 3221 5442 intidiatn
3251 5401 3357 5441 non
3386 5401 3508 5443 esse
3538 5401 3666 5457 prn-

2096 5476 2326 5533 hibitum
2372 5476 2642 5533 Adatnuiu
2679 5477 2747 5532 ab
2785 5492 2892 5534 una
2941 5492 3007 5535 ea
3054 5478 3251 5535 arbore
3282 5480 3415 5535 satis
3465 5479 3667 5549 arguit,

2094 5569 2242 5643 quod
2268 5578 2477 5630 caeteris
2504 5585 2698 5628 omnes
2738 5570 2840 5643 ipsi
2882 5570 3006 5631 usui
3036 5572 3315 5645 permissa
3340 5569 3512 5628 fuere.
3560 5569 3665 5624 Sed
