4082 6160
410 256 516 319 599

1688 255 1913 319 MOSIS
1959 259 2100 316 ιιιιι
2142 257 2392 314 (IEl‘lM

3556 263 3666 327 600

404 384 476 423 eo
506 368 782 438 spectabat
813 368 1125 423 mandatum
1155 410 1167 430 ,
1199 376 1258 421 ut
1289 367 1351 423 de
1381 367 1512 424 Ada:
1556 370 1818 437 obsequio
1844 370 1987 438 peri-
2018 377 2060 432 Α
2090 384 2253 438 quem
2274 367 2978 438 prmseicbatpeccaturum.
2998 368 3429 438 ltispondemus,
3449 372 3673 431 minime

412 460 598 513 culum
625 462 678 513 ia
704 474 807 513 una
833 461 1029 515 arbore
1060 460 1210 515 ﬁeret
1231 477 1245 526 ;
1269 475 1441 531 eoque
1468 462 1514 515 si
1545 462 1994 531 obtemperasset,

413 565 692 607 summum
730 551 964 621 pretium
999 551 1248 619 referret,
1284 568 1483 620 nempe
1512 565 1570 607 ut
1610 563 1799 623 posset
1825 554 1992 620 vesci

424 643 621 698 arbore
648 644 775 697 vita:
800 684 815 709 ,
845 653 1010 714 atque
1040 645 1365 699 immortalis
1398 646 1534 699 fieri.
1575 644 1681 700 Sed
1716 647 1836 700 aliis
1862 662 1997 714 prie-

414 743 565 789 terea
618 735 926 791 rationibus
972 751 1139 805 supra
1192 737 1571 801 ostendimus,
1628 737 1763 790 nihil
1801 737 1996 791 horum

416 842 513 895 per
545 826 802 881 invidiam
833 842 862 881 a
898 825 1008 881 Deo
1034 837 1248 895 gestum
1278 842 1419 882 esse.

489 918 691 973 lterum
751 920 915 974 instat
977 921 1203 973 Manetis
1272 930 1453 985 secta,
1511 920 1763 990 inquiens
1820 939 1834 974 :
1890 920 2000 975 Aut

413 1010 739 1077 pra-sciebat
794 1009 937 1065 Deus
994 1011 1262 1064 Adamum
1317 1026 1424 1066 non
1471 1012 2002 1081 obtemperaturum,

414 1109 511 1153 aut
542 1114 647 1154 non
694 1098 1014 1170 przesciebat
1048 1114 1172 1153 enm
1225 1100 1395 1165 legem
1436 1100 1624 1155 ferret.
1664 1098 1721 1153 Si
1774 1100 1877 1155 huc
1908 1101 1997 1153 de~

415 1192 561 1246 deris
596 1207 613 1258 ;
645 1191 941 1246 absurdum
979 1200 1062 1244 est
1108 1207 1121 1245 :
1167 1190 1250 1244 sin
1294 1190 1424 1244 illud
1447 1229 1461 1254 ,
1492 1191 1761 1246 vecordiae
1802 1201 1885 1246 est
1915 1204 1999 1245 ar-

412 1283 662 1351 gnendus
693 1283 857 1338 Deus.
894 1280 1004 1337 Nos
1038 1296 1168 1336 vero
1194 1281 1588 1353 respondemus
1613 1284 1759 1355 quod
1792 1298 1996 1353 nuper:

420 1374 762 1441 praescivisse
818 1373 1041 1443 quidem
1092 1372 1300 1438 Deum,
1361 1387 1471 1427 non
1527 1376 1875 1429 obscuratum
1933 1374 2000 1427 iri

422 1462 741 1515 mandatum
771 1461 837 1515 ab
862 1460 1075 1516 Adamo
1098 1501 1111 1524 ,
1147 1462 1199 1514 id
1232 1472 1411 1516 tamen
1437 1478 1536 1517 cur
1559 1465 1739 1517 minus
1776 1464 2002 1516 manda-

429 1561 534 1618 rct,
560 1553 693 1607 nihil
719 1553 1016 1608 obstitisse.
1043 1553 1177 1619 Quis
1204 1556 1347 1608 enim
1378 1556 1602 1610 stultum
1631 1565 1786 1609 vocet
1807 1554 2000 1620 Deum,

418 1649 551 1714 quia
610 1645 821 1714 legibus
875 1646 1048 1700 vetuit
1082 1661 1332 1717 peccare,
1379 1662 1499 1700 eum
1548 1647 1709 1700 sciret
1739 1646 2002 1716 plurimos

2100 460 2379 514 conditum
2404 472 2432 511 a
2464 460 2569 513 Deo
2590 474 2710 513 esse
2733 460 2999 514 Adamum
3026 471 3082 515 ut
3113 470 3358 529 peccaret
3381 462 3462 517 vel
3485 473 3545 517 ut
3568 479 3673 517 non

2100 562 2369 620 peccaret,
2395 553 2509 605 sive
2535 550 2784 618 utjustus
2812 564 2977 616 esset,
2995 565 3088 607 aut
3114 567 3168 607 ιιι
3192 554 3450 624 injustus,
3471 557 3563 609 sed
3585 571 3681 611 nc-

2099 659 2207 712 que
2237 653 2295 697 ut
2327 644 2497 713 legem
2522 644 2838 697 observaret
2860 644 2941 697 vel
2974 658 3158 697 utnon
3184 647 3521 710 observaret,
3549 662 3675 700 nam

2101 732 2148 787 si
2177 734 2371 786 horum
2408 733 2643 802 alicujus
2673 734 2845 805 gratia
2891 735 3045 788 illum
3095 736 3452 804 condidisset,
3481 751 3677 807 magna

2117 837 2250 879 sane
2288 837 2453 878 causa
2509 823 2612 879 hoc
2648 824 2719 877 ab
2764 823 2871 879 illis
2900 836 3257 895 QUEBI‘CI'CUII‘.
3306 829 3403 881 sed
3442 842 3539 897 pro
3576 842 3675 884 sua

2103 916 2369 978 bonitate,
2423 919 2707 987 gratiaque
2765 932 2910 972 mera
2965 920 3114 974 illum
3182 919 3404 984 effecit,
3454 921 3677 992 haicque

2101 1011 2277 1081 prima
2302 1012 2423 1065 Deo
2456 1011 2604 1065 illius
2635 1011 2855 1065 creandi
2892 1025 3057 1067 causa
3112 1010 3211 1066 fuit
3247 1022 3479 1067 :czetera
3511 1027 3677 1083 porro

2104 1102 2215 1165 illa,
2255 1102 2576 1157 secundaria
2611 1104 2969 1157 existimanda
2997 1111 3147 1168 sunt,
3179 1111 3237 1157 ut
3269 1120 3392 1174 qua:
3417 1119 3484 1159 ex
3508 1104 3681 1173 ipsius

2102 1195 2231 1249 Adae
2265 1196 2497 1250 arbitrio
2530 1195 2927 1266 pependerint,
2956 1210 3082 1252 cuni
3135 1198 3237 1251 hoc
3294 1211 3464 1267 penes
3500 1194 3677 1253 solum

2102 1286 2417 1342 Creatorem
2440 1298 2602 1343 esset.
2636 1272 3183 1359 Quapmpter'potius
3212 1289 3291 1345 sic
3325 1288 3400 1343 illi
3425 1302 3673 1359 querere

2103 1378 2446 1445 debuerunt,
2481 1391 2580 1433 cur
2612 1381 2881 1434 creaverit
2926 1380 3199 1436 Adamum
3228 1379 3397 1447 Deus,
3432 1383 3503 1435 ita
3533 1382 3680 1436 enim

2103 1482 2430 1538 responsum
2468 1470 2718 1524 tulissent
2756 1486 2771 1524 :
2812 1481 3029 1541 propter
3062 1486 3213 1526 suam
3244 1473 3415 1539 ipsius
3442 1472 3685 1542 probita-

2104 1568 2235 1616 tem.
2268 1559 2403 1614 Nam
2441 1561 2647 1631 reliqua
2679 1562 2768 1616 illa
2809 1576 3041 1632 peccare
3080 1573 3173 1616 aut
3207 1577 3309 1617 non
3346 1575 3595 1632 peccare,
3628 1572 3684 1618 et

2104 1667 2225 1723 qum
2263 1653 2602 1708 addebantur
2641 1663 2874 1721 caetera;
2909 1666 2977 1710 ea
3018 1655 3145 1709 Adae
3178 1655 3346 1710 libera
3374 1655 3683 1726 pendebant

420 1740 541 1789 t'ore
573 1737 666 1805 qui
698 1745 882 1791 essent
911 1738 1223 1808 peccaturi?
1249 1736 1392 1791 Sane
1424 1738 1470 1793 si
1500 1738 1682 1793 nullas
1711 1738 1857 1806 leges
1878 1752 2007 1792 con-
2040 1756 2083 1811 η
2111 1747 2407 1801 voluntate.
2469 1744 2587 1802 Huc
2635 1748 2886 1802 addimus
2920 1749 3080 1805 etiam
3141 1748 3272 1804 illud
3321 1765 3338 1803 ε
3384 1749 3587 1818 Deum,
3624 1758 3684 1804 ut

419 1829 666 1892 didisset,
711 1838 805 1883 aut
830 1830 963 1882 nihil
996 1830 1408 1900 imperavisset,
1444 1845 1620 1901 neque
1648 1847 1816 1901 penes
1848 1832 2000 1886 illum

418 1920 868 1985 dominationem,
902 1934 1077 1989 neque
1115 1935 1277 1990 penes
1308 1936 1408 1975 nos
1445 1923 1654 1976 arbitrii
1695 1923 2000 1978 libertatem

416 2026 579 2073 esse,
646 2011 899 2064 rcsritum
972 2022 1138 2069 esset.
1199 2012 1677 2068 Verumcnimvero
1730 2016 1821 2070 ille
1878 2032 2001 2070 cum

416 2099 694 2167 pl‘tBSt‘it‘cl
737 2108 935 2153 cuncta
970 2115 1092 2170 qua:
1122 2111 1382 2155 eventura
1415 2112 1622 2167 essent,
1664 2101 1808 2173 leges
1844 2101 2003 2157 nobis

422 2192 568 2245 dedit
602 2205 699 2245 ceu
737 2189 922 2246 liberis
946 2200 1001 2246 et
1021 2191 1193 2246 libero
1222 2193 1447 2247 arbitrio
1477 2194 1716 2263 praeditis
1736 2235 1751 2259 ,
1777 2194 2003 2263 utquod

418 2284 611 2336 liberet
649 2282 701 2335 id
733 2296 1039 2353 ageremus.
1069 2280 1180 2337 Nos
1212 2299 1339 2337 vero
1368 2297 1471 2353 pro
1504 2299 1602 2339 sua
1637 2285 1871 2357 quisque
1906 2298 1999 2339 vo-

418 2375 628 2429 luntate
659 2382 714 2427 et
744 2374 953 2428 arbitrii
995 2373 1244 2430 libertate
1267 2412 1284 2438 ,
1319 2390 1444 2446 erga
1475 2376 1624 2445 leges
1648 2416 1662 2441 ,
1690 2386 1784 2431 aut
1817 2377 2005 2432 obser-

424 2467 603 2519 vando
641 2481 734 2520 eas
764 2476 858 2521 aut
907 2469 1207 2537 frangendo
1232 2508 1247 2532 ,
1282 2479 1494 2523 nosmet
1524 2470 1785 2539 gerimus.
1817 2467 2003 2539 Neque

411 2558 573 2611 aliter
600 2574 819 2629 quoque
864 2575 989 2613 cum
1024 2561 1232 2613 Adamo
1263 2568 1444 2615 actum
1480 2570 1602 2626 est;
1640 2577 1806 2630 penes
1846 2563 1999 2617 illum

414 2652 562 2704 enim
596 2660 713 2705 erat
758 2659 811 2705 et
839 2652 1000 2706 edere
1039 2662 1091 2704 ct
1134 2667 1240 2705 non
1275 2652 1436 2706 edem
1468 2653 1536 2706 de
1576 2652 1771 2708 arbore
1800 2655 1999 2720 vetita;

422 2752 586 2810 atque
615 2741 659 2794 si
687 2758 791 2795 non
817 2741 1037 2809 edisset,
1064 2758 1127 2796 ea
1155 2744 1325 2813 gratia
1351 2745 1676 2801 immortalis
1706 2745 1999 2811 evasisset;

414 2844 770 2902 posteaquam
820 2849 949 2888 vero
979 2836 1111 2900 edit,
1149 2845 1397 2889 tuortuus
1440 2846 1544 2891 est.
1574 2836 1671 2890 llis
1705 2840 1888 2907 itaque
1914 2854 2003 2892 ar-

417 2923 703 2990 gumentis
729 2925 981 2993 colligere
1003 2935 1109 2991 est,
1141 2940 1318 2995 neque
1349 2928 1487 2981 male
1514 2937 1686 2982 satam
1719 2928 1890 2984 fuisse
1915 2945 2004 2984 ar-

419 3019 605 3066 tiorem
666 3016 910 3069 scicntia:
943 3016 1012 3070 ab
1061 3017 1232 3081 initio,
1267 3034 1442 3087 neque
1478 3020 1687 3076 Adamo
1732 3022 2003 3077 invidiose

2105 1839 2380 1908 prteseivit
2424 1849 2771 1907 peccaturum
2802 1840 3070 1894 Adamum
3102 1838 3492 1912 lapsurumque
3529 1843 3681 1911 prius

2105 1947 2270 2001 quam
2316 1932 2609 1999 conderet;
2652 1934 2723 1986 ita
2785 1934 3125 2002 prtescivisse
3168 1948 3388 2004 quoque
3441 1950 3500 1989 se
3550 1935 3679 1988 olim

2107 2034 2423 2089 venturum,
2445 2023 2964 2094 redempturumque
2988 2025 3137 2079 illum
3163 2041 3191 2078 a
3216 2034 3436 2096 peccato
3461 2026 3514 2079 in
3536 2026 3681 2095 quod

2105 2110 2409 2177 incidisset,
2444 2113 2728 2182 ipsiusque
2759 2123 3083 2170 vetustatem
3112 2116 3571 2180 instauraturutn,
3600 2125 3680 2168 ato

2101 2219 2210 2274 que
2259 2206 2563 2274 collapsum
2600 2205 3045 2273 subleraturum;
3077 2219 3134 2262 ut
3163 2221 3228 2262 eo
3265 2210 3446 2264 minus
3482 2208 3680 2265 mirum

2106 2295 2544 2367 rideri'debeatf,
2574 2298 2620 2352 si
2655 2300 2858 2353 creavit
2891 2314 3052 2368 quem
3090 2302 3252 2370 paulo
3278 2311 3398 2371 post
3428 2311 3684 2371 peccatu-

2104 2401 2225 2441 rum
2278 2390 2581 2456 praesciret.
2639 2390 2842 2446 Adlimc
2907 2390 3013 2447 nisi
3076 2400 3320 2447 creasset
3374 2392 3519 2461 quod
3573 2408 3681 2450 non

2105 2479 2387 2534 nesciebat
2470 2490 2791 2551 peccaturos
2828 2522 2843 2546 ,
2893 2481 3100 2537 frustra
3170 2484 3394 2540 creandi
3458 2499 3680 2555 Operam

2097 2572 2471 2640 sumpsisset;
2511 2573 2714 2641 quippe
2746 2573 2839 2642 qui
2871 2588 2973 2628 nec
3001 2573 3379 2644 blasphemum
3413 2576 3467 2631 in
3498 2586 3684 2631 ventre

2105 2662 2296 2716 matris
2330 2678 2443 2717 sua:
2486 2662 2731 2717 fliixisset
2754 2703 2768 2726 ,
2802 2680 2981 2735 neque
3015 2665 3316 2734 hypocrita:
3347 2668 3683 2738 permisisset

2105 2762 2165 2808 ut
2192 2756 2467 2825 aspiceret
2502 2755 2707 2810 lumen.
2758 2756 3000 2828 Denique
3028 2774 3093 2813 eo
3135 2760 3563 2816 luculentissime
3587 2761 3681 2818 Dei

2104 2844 2350 2911 probitas
2382 2854 2434 2899 et
2461 2847 2631 2914 gratia
2658 2855 2878 2914 apparet
2906 2884 2919 2910 ,
2953 2848 3094 2916 quod
3126 2864 3264 2917 quos
3294 2851 3397 2905 sibi
3441 2865 3549 2904 non
3585 2852 3683 2905 ob-

2106 2943 2506 3002 temperaturos
2532 2938 2701 3000 novit,
2724 2952 2817 2992 eos
2838 2940 3162 3009 progignere
3193 2955 3298 2994 non
3332 2943 3678 3012 dedignatur.

2103 3026 2238 3080 Nam
2281 3028 2429 3083 solos
2464 3028 2767 3098 morigeros
2790 3070 2805 3094 ,
2838 3045 2933 3085 sua
2966 3046 3167 3099 causa,
3200 3034 3302 3088 hoc
3330 3044 3412 3089 est
3436 3074 3450 3099 ,
3485 3048 3542 3088 ut
3568 3051 3680 3091 sua:

418 3102 507 3154 illa
541 3102 891 3160 interdictum
925 3120 1046 3161 esse
1079 3123 1093 3161 :
1128 3123 1196 3162 ne
1230 3109 1325 3163 illo
1367 3111 1585 3165 mittant
1621 3114 1830 3183 linguas
1873 3129 2003 3171 suas
2028 3101 2072 3161 ε
2107 3119 2369 3174 voluntati
2394 3120 2735 3189 imperioque
2758 3121 3217 3190 obsecundarent,
3242 3133 3294 3178 et
3324 3125 3427 3179 sibi
3460 3136 3675 3196 gratum

420 3192 655 3250 Manctis
681 3197 923 3260 asseclrc,
948 3196 1040 3251 Dei
1069 3199 1274 3266 hostes,
1303 3201 1433 3255 dum
1462 3218 1559 3272 pro
1583 3204 1791 3259 duabus
1815 3221 1999 3260 rerum

418 3285 607 3338 causis
628 3288 937 3342 astruendis
958 3290 1349 3345 contendentes
1370 3292 1624 3362 (quarum
1650 3297 1816 3350 altera
1837 3300 2003 3365 bona,

429 3376 570 3429 mala
608 3382 771 3429 altera
823 3377 915 3447 sit)
966 3379 1272 3435 istiusmodi
1309 3387 1649 3451 argumentis
1697 3402 1798 3441 nos
1831 3390 2001 3444 laces—

422 3476 582 3531 sunt,
632 3469 725 3537 qui
766 3484 931 3523 unutn
969 3468 1139 3525 Deum
1176 3473 1497 3543 proﬁtemur
1528 3495 1541 3530 :
1576 3480 1645 3542 si,
1675 3480 2003 3548 inquientes,

420 3558 560 3611 mala
591 3568 710 3613 erat
756 3559 937 3625 arbor,
973 3576 1073 3616 cur
1109 3577 1229 3618 eam
1268 3566 1405 3621 sevit
1446 3567 1587 3621 Dens
1623 3572 1675 3623 in
1723 3572 1998 3641 paradiso,

425 3666 547 3718 quae
579 3651 789 3704 Adamo
822 3653 1037 3706 ruinam
1068 3664 1214 3711 esset
1246 3656 1493 3712 illatural
1526 3661 1621 3714 Sin
1653 3664 1816 3728 bona,
1847 3680 2003 3731 pior-

424 3756 520 3795 sus
545 3757 640 3811 per
666 3743 925 3798 invidiam
949 3747 1293 3814 prohibuerit
1322 3748 1471 3804 illum
1500 3769 1721 3808 necesse
1753 3768 1857 3809 est.

974 3857 1248 3913 CAPUT
1308 3862 1417 3916 ΙΙΙ.

414 3947 617 4000 Contra
640 3947 854 4003 Iuliani
877 3953 1176 4021 Apostatw,
1205 3954 1270 4007 de
1291 3960 1478 4010 arbore
1512 3960 1650 4022 rite,
1679 3960 2001 4019 catenarius.

494 4038 679 4093 Satius
714 4041 903 4096 fuisset
929 4082 943 4106 ,
973 4045 1049 4096 ait
1096 4043 1347 4101 Julianus
1369 4086 1383 4111 ,
1413 4039 1664 4105 arborem
1694 4053 1837 4105 illam
1866 4058 2003 4108 veti-

419 4143 565 4193 tam,
598 4140 693 4185 aut
720 4133 774 4186 in
810 4136 1009 4203 angulo
1042 4139 1278 4204 paradisi
1309 4150 1406 4193 aut
1435 4141 1551 4195 loco
1584 4143 1770 4212 aliquo
1800 4147 2005 4200 obscu-

422 4222 569 4277 iiore
612 4234 864 4290 exstare;
916 4241 983 4280 ne
1013 4225 1142 4281 dum
1196 4241 1457 4298 perpetuo
1501 4233 1571 4286 ob
1601 4237 1791 4290 oculos
1823 4245 2002 4303 esset,

431 4314 656 4367 nimium
686 4316 769 4369 sui
795 4316 1130 4372 desiderium
1160 4322 1212 4373 in
1240 4323 1439 4376 animis
1472 4337 1758 4392 parentum
1793 4338 2006 4384 nostro-

424 4422 544 4459 rum
576 4407 860 4463 excitaret.
892 4406 1030 4464 Huic
1063 4413 1350 4482 respondet
1384 4413 1444 4468 ι).
1473 4416 1728 4486 Cyrillus,
1756 4422 2004 4477 oratione

2104 3211 2369 3279 facerent,
2384 3213 2640 3283 genuisse
2664 3213 2830 3268 videri
2849 3225 3061 3284 poterat
3082 3232 3095 3269 :
3118 3223 3172 3269 at
3197 3216 3419 3285 quando
3439 3218 3553 3288 jam
3579 3234 3678 3289 pro

2105 3320 2203 3360 sua
2232 3305 2491 3369 bonitate,
2522 3314 2575 3359 et
2602 3304 2776 3359 bonos
2802 3315 2945 3360 creat
2980 3316 3034 3367 ct
3064 3308 3259 3373 malos,
3294 3325 3399 3362 non
3431 3310 3678 3379 ignarus,

2104 3397 2305 3453 alteros
2328 3411 2422 3466 per
2444 3397 2719 3464 virtutem,
2750 3411 2845 3467 per
2875 3398 3302 3467 improbitatem,
3332 3400 3531 3456 alteros
3551 3411 3683 3457 aeta-

2105 3497 2210 3544 tem
2243 3496 2464 3545 acturos
2497 3488 2973 3559 (quemadmodum
3006 3491 3166 3544 etiam
3202 3493 3335 3546 solis
3358 3494 3443 3546 sui
3473 3493 3677 3557 lumen,

2100 3583 2254 3653 juxta
2320 3583 2479 3638 bonis
2523 3590 2575 3636 et
2628 3581 2787 3637 malis
2836 3583 3176 3653 impertit,et
3227 3584 3463 3653 pluviam
3514 3585 3680 3655 justis

2107 3674 2431 3744 injustisque
2453 3675 2498 3744 ')
2526 3673 2831 3729 clarissima
2860 3673 3110 3745 profecto
3136 3677 3316 3732 evadit
3343 3675 3515 3746 ipsius
3550 3693 3678 3748 pro—

2107 3765 2247 3820 bitas
2294 3776 2457 3834 atque
2507 3766 2814 3835 benignitas
2847 3782 2969 3836 quae
2997 3765 3217 3837 profuse
3248 3767 3514 3834 defluens,
3558 3770 3680 3824 uni-

2107 3874 2262 3914 versa
2287 3860 2655 3927 amplectitur.
2690 3857 2890 3914 Verum
2920 3860 3061 3915 hanc
3089 3863 3443 3932 quaestionem
3473 3864 3675 3919 dissol-

2106 3952 2282 4004 vimus
2316 3965 2535 4021 quoque
2583 3951 2636 4004 in
2684 3960 2871 4006 nostra
2924 3951 3374 4024 interpretatione
3424 3970 3588 4027 quam
3622 3955 3675 4011 in

2104 4040 2213 4095 divi
2256 4040 2493 4097 Hattlimi
2528 4040 2877 4113 Evangelium
2917 4043 3167 4101 fecimus.

2664 4129 2945 4187 CAPUT
2999 4130 3067 4189 ν.

2261 4222 2501 4277 Mortalis
2526 4239 2594 4276 an
2625 4224 2951 4279 immortalia
2984 4232 3194 4279 creatus
3223 4227 3294 4281 ait
3320 4226 3518 4282 Adam.

2176 4314 2437 4381 Quaerunt
2465 4316 2580 4378 alii,
2604 4315 2961 4370 mortalenine
2986 4326 3205 4385 natura,
3225 4333 3294 4373 an
3318 4319 3680 4376 immortalem

2105 4409 2356 4479 genuerit
2394 4405 2537 4462 Deus
2570 4406 2860 4462 Adamum.
2908 4406 3014 4464 Sed
3045 4410 3315 4479 principio
3368 4412 3683 4481 expenden-

418 4501 579 4554 icnia
609 4516 774 4570 quam
799 4504 1062 4561 ,ἀνω-ευρ,
1087 4521 1211 4561 cum
1240 4511 1587 4582 conscripsit.
1619 4512 1672 4567 in
1700 4516 1844 4569 hanc
1868 4532 1994 4571 se“-
2030 4487 2075 4542 Ι)
2104 4504 2231 4552 dum
2264 4498 2351 4553 hic
2375 4508 2479 4563 est,
2520 4499 2651 4568 quid
2691 4498 2793 4552 sibi
2827 4496 2958 4552 illud
2996 4499 3143 4566 velit,
3186 4499 3453 4555 Adamum
3488 4510 3683 4556 natura

415 4593 641 4648 tentiam
679 4611 693 4649 :
729 4593 924 4651 Studio
949 4596 1225 4655 Creatoris
1265 4602 1465 4657 factum
1494 4614 1595 4669 est,
1626 4621 1693 4661 ne
1719 4608 1883 4664 arbor
1910 4608 2000 4662 illa

418 4682 474 4735 iu
511 4683 727 4739 occulto
760 4684 1087 4755 haberetur;
1136 4700 1564 4749 consentaneum
1606 4698 1754 4752 enim
1801 4699 1904 4752 fuit
1943 4708 2003 4753 ut

421 4784 775 4841 spectatores,
804 4778 919 4847 ipsa
952 4778 1162 4836 arboris
1195 4786 1530 4852 aspectione,
1559 4790 1873 4845 mandatum
1905 4790 1997 4846 Dei

416 4877 579 4934 atque
630 4867 800 4937 legem
851 4868 906 4922 in
944 4871 1262 4926 memoriam
1318 4889 1679 4943 revocarent,
1730 4888 1784 4935 et
1837 4883 2000 4937 simul

424 4959 634 5011 Domini
672 4959 757 5013 sui
787 4961 880 5030 qui
910 4962 1078 5031 legem
1113 4963 1330 5027 tulerat,
1363 4970 1780 5027 recordarentur
1824 4996 1833 5027 :
1865 4991 2000 5042 quo-

416 5063 536 5101 rum
588 5065 767 5104 rerum
813 5051 1011 5106 oblivio
1050 5054 1182 5125 ipsis
1233 5054 1391 5112 facile
1432 5063 1697 5129 potuisset
1734 5065 1998 5137 obrepere

416 5140 464 5190 si
500 5139 550 5190 in
583 5140 785 5207 angulo
814 5145 1070 5212 quopiam
1098 5148 1335 5215 paradisi
1372 5150 1461 5205 illa
1494 5162 1612 5207 sata
1640 5152 1855 5212 fuisset.

987 5256 1269 5313 (ZAI’UT
1330 5260 1433 5317 IV.

417 5341 718 5423 Sequuntur
751 5346 1098 5424 quies-tiones,
1134 5367 1249 5417 quae
1280 5369 1310 5402 (ι
1354 5356 1532 5407 multis
1581 5362 1749 5424 qnwri
1782 5360 1990 5414 solent:

490 5427 552 5463 ne
608 5414 857 5480 primum,
909 5433 1004 5468 cur
1034 5414 1185 5500 Deus
1238 5435 1487 5477 ri'eurerit
1536 5414 1821 5495 Adamunt,
1846 5448 1995 5500 quem

491 5494 825 5544 peccatorum
854 5488 1183 5553 pra-sciebat.

493 5573 759 5632 Qnierunt
792 5578 1055 5641 nonnulli,
1090 5593 1186 5633 cur
1212 5584 1482 5639 er‘caverit
1514 5586 1781 5643 Adamum
1816 5589 1956 5647 Deus
1979 5634 1991 5655 .

494 5664 515 5692 ⁸
538 5660 727 5721 Matth.
764 5683 815 5732 ν,
845 5667 933 5724 ιε.

2100 4588 2388 4644 mortalem
2424 4603 2550 4644 esse
2585 4598 2804 4654 ortum;
2836 4598 3115 4658 speetetne
3143 4590 3210 4643 ad
3250 4591 3565 4645 universam
3599 4592 3683 4659 ip-

2101 4683 2215 4738 sius
2268 4680 2725 4749 compositionem
2768 4697 2781 4733 :
2828 4682 2985 4750 quasi
3043 4680 3236 4746 dicas,
3290 4689 3497 4735 natura:
3554 4683 3684 4735 Adae

2107 4774 2340 4829 inditum
2374 4773 2543 4827 fuisse
2570 4780 2630 4825 ut
2658 4772 2843 4826 anima
2872 4772 3201 4827 dissocietur
3232 4787 3260 4826 a
3287 4785 3537 4842 corpore,
3564 4789 3685 4844 qua:

2100 4864 2394 4935 disjunctio
2434 4878 2582 4918 mors
2626 4864 2697 4918 sit
2728 4878 2744 4919 :
2780 4878 2846 4917 an
2881 4878 3010 4917 vero
3043 4863 3351 4919 mortalitas
3382 4865 3447 4918 ad
3478 4880 3682 4935 corpus

2100 4960 2279 5014 solum
2320 4955 2614 5019 referatur,
2644 4964 2703 5009 ut
2730 4954 2857 5009 huic
2889 4955 3137 5009 naturale
3170 4954 3346 5010 fuisse
3381 4964 3679 5023 statuatur,

2103 5051 2325 5105 interire
2379 5057 2542 5117 atque
2594 5046 2865 5101 occidere.
2900 5044 3318 5115 Respondemus
3364 5046 3547 5118 igitur,
3582 5064 3681 5104 nos

2099 5156 2301 5211 corpus
2360 5140 2538 5193 solum
2580 5147 2865 5207 spectare,
2904 5152 3029 5192 cum
3084 5138 3359 5201 dicimus,
3408 5138 3677 5195 Adamutn

2103 5245 2299 5286 natura
2356 5233 2641 5286 mortalem
2697 5228 2869 5285 fuisse
2916 5240 3161 5284 creatum
3206 5248 3216 5282 :
3255 5231 3359 5287 hoc
3414 5233 3559 5285 enim
3609 5235 3680 5287 ita

2102 5325 2466 5393 compositum
2503 5322 2623 5388 fuit,
2656 5330 2715 5375 ut
2763 5315 2981 5390 suapte‘
3006 5331 3221 5388 natura,
3256 5324 3519 5393 passioni,
3553 5339 3681 5378 eor-

2103 5416 2363 5485 ruptioni,
2401 5415 2559 5470 morti
2592 5412 2826 5483 denique
2859 5425 3003 5468 esset
3038 5415 3349 5484 subjectum
3380 5423 3546 5485 atque
3579 5429 3681 5485 op-

2102 5516 2418 5576 portunum.
2461 5508 2682 5561 interim
2716 5520 2745 5559 a
2792 5521 3018 5577 corpore
3048 5508 3113 5561 ad
3161 5515 3337 5561 totum
3368 5506 3470 5563 hoc
3504 5518 3687 5562 trans-

2100 5597 2311 5663 fertur,
2364 5600 2709 5666 dicimusque
2783 5595 3056 5651 hominem
3131 5606 3323 5651 natura
3396 5596 3681 5651 mortalem
