4094 6156
360 268 462 334 601

1496 276 1594 333 DE
1638 273 2035 334 P.\RAl)lSO.
2078 296 2134 310 ·-
2194 270 2386 330 PA’RS
2420 271 2532 329 III.

3535 271 3638 331 602

364 405 487 443 e-se
555 400 780 452 natum;
820 402 945 443 nam
1002 388 1055 439 iu
1111 385 1273 439 rebus
1324 384 1644 453 compositis
1701 384 1772 437 ita
1831 382 1947 436 ﬁt'l'i
1980 389 2021 443 Α
2054 391 2225 437 stunt.
2264 381 2455 446 Nono,
2492 399 2521 435 a
2562 382 2720 438 nobis
2770 392 2915 439 stant
2962 386 3215 442 doctores
3244 386 3481 447 classici,
3515 406 3640 455 pru-

368 481 571 534 assolet
604 491 663 530 ut
707 479 855 547 quod
891 476 1063 544 partis
1093 486 1179 530 est
1215 475 1381 527 unius
1404 513 1420 539 ,
1461 475 1560 526 toti
1594 474 1943 526 attribuatur.

368 571 511 624 Sunt
546 580 725 622 tamen
756 571 847 638 qui
882 576 1101 637 negent,
1140 567 1407 619 Adamum
1441 576 1630 618 natura
1660 565 1947 617 mortalem

370 678 492 717 esse
543 671 925 729 procreatum;
960 669 1087 714 sunt
1115 660 1280 713 etiam
1315 660 1405 728 qui
1440 658 1727 710 mortalem
1759 666 1810 708 et
1848 657 1951 708 im-

370 755 653 809 mortalem
687 760 880 807 natdra
912 752 1160 807 eﬂ‘ectum
1186 767 1305 805 esse
1337 752 1499 807 velint
1526 768 1538 815 ;
1572 759 1700 803 sunt
1717 750 1952 817 denique

370 846 463 913 qui
528 858 703 914 neque
767 845 1051 897 mortalem
1108 858 1280 911 neque
1335 843 1703 895 immortalem
1758 852 1948 892 natura

372 935 651 991 conditum
692 935 982 991 afﬁrmem.
1030 934 1135 1000 Qui
1181 944 1379 1005 negant
1428 935 1707 987 mortalem
1756 941 1951 986 natura

368 1036 612 1083 creatum
648 1042 676 1080 a
709 1028 816 1081 Deo
846 1042 966 1082 esse
992 1068 1008 1094 ,
1040 1027 1249 1089 dicunt,
1285 1026 1449 1080 nterii
1480 1026 1775 1078 obnoxium
1827 1038 1950 1078 esse

371 1115 574 1175 facium
630 1135 726 1188 per
772 1122 1011 1173 divinam
1061 1120 1387 1174 sententiam
1426 1133 1532 1186 qua
1567 1120 1633 1170 ob
1669 1127 1948 1184 peccatum

373 1220 461 1266 est
494 1221 667 1267 morte
692 1218 981 1270 damnatus
1009 1229 1024 1266 :
1054 1222 1214 1281 atque
1248 1212 1297 1265 id
1327 1221 1606 1280 peccatum
1645 1210 1719 1262 illi
1756 1210 1948 1263 mortis

368 1319 592 1359 causam
640 1304 810 1360 fuisse
856 1306 1160 1359 secundum
1198 1303 1284 1357 illa
1330 1302 1421 1355 Dei
1458 1302 1617 1355 verba
1657 1317 1671 1354 :
1707 1297 1822 1364 Quo
1861 1299 1947 1352 die

367 1398 538 1453 φάθι-ὴ
568 1399 632 1452 de
666 1397 763 1451 illa
795 1396 984 1450 arbore
1005 1439 1021 1462 ,
1053 1408 1219 1450 morte
1264 1395 1530 1449 morieris.
1565 1392 1729 1447 Alteri
1759 1434 1775 1457 ,
1810 1407 1950 1462 quos

370 1489 611 1544 diximus
646 1489 931 1544 mortalem
969 1501 1131 1558 atque
1164 1488 1530 1541 immortalem
1568 1497 1761 1541 natura
1795 1486 1946 1539 illum

370 1580 550 1636 facere
582 1598 597 1633 :
628 1584 733 1638 hoc
766 1583 831 1637 ad
859 1581 1124 1643 animum,
1159 1581 1300 1637 istud
1334 1582 1400 1634 ad
1450 1597 1650 1650 corpus
1681 1582 1945 1636 referunt.

372 1671 542 1727 'l'crtii
572 1672 807 1742 denique
832 1673 923 1741 qui
970 1682 1223 1743 utraque,
1254 1680 1307 1727 et
1338 1673 1723 1726 mortalitatem
1756 1681 1805 1724 et
1840 1671 1943 1725 im-

2057 483 2300 545 bataeque
2341 478 2484 535 ﬁdei.
2515 476 2653 533 Nam
2708 479 2966 534 dominus
2997 478 3254 538 Joannes.
3293 496 3353 535 ea
3390 484 3637 535 oratione

2061 582 2225 635 quam
2289 570 2353 621 ad
2421 569 2693 636 Stagrium
2737 571 3066 625 monachum
3124 572 3338 639 scripsit
3382 571 3522 642 (3t),
3557 574 3638 627 s’e

2054 657 2217 711 habet
2254 677 2265 711 :
2302 659 2559 713 Nondum
2592 671 2798 717 certam
2824 661 3051 713 habebat
3076 663 3315 715 Adamns
3348 664 3633 716 immortao

2054 749 2221 806 litatis
2276 768 2451 819 spent.
2484 753 2549 806 Et
2598 768 2793 808 rursus
2836 756 3082 808 oratione
3131 771 3290 821 quam
3332 757 3396 807 de
3443 757 3638 810 arbore

2059 840 2305 894 scientize
2337 842 2461 896 boni
2509 852 2561 893 ct
2594 842 2718 900 mali
2752 843 3061 909 composuit
3092 862 3106 897 :
3138 845 3329 896 Anima
3357 884 3372 907 ,
3415 845 3590 913 inquit
3611 886 3626 909 .

2056 940 2249 984 natura
2300 933 2627 987 immortalis
2654 943 2738 987 est
2764 974 2777 994 ,
2818 945 2870 984 at
2910 936 3136 986 mortale
3176 944 3369 989 natura
3402 951 3624 1005 corpus.

2056 1021 2264 1104 Ad‘ubi
2296 1025 2397 1076 tria
2436 1024 2599 1079 verba
2632 1024 2864 1094 explicat
2910 1027 3002 1095 qui
3043 1028 3093 1077 in
3126 1025 3266 1078 libro
3293 1025 3397 1079 Job
3422 1029 3622 1095 scripta

2054 1123 2267 1165 exstant
2299 1132 2312 1167 :
2346 1114 2449 1177 Qui
2474 1131 2651 1169 servus
2694 1127 2768 1169 est
2804 1132 2904 1168 non
2939 1117 3113 1183 ﬁdelis
3140 1118 3273 1184 ιω).
3311 1120 3390 1171 sic
3418 1118 3491 1171 ait
3523 1134 3539 1172 :
3573 1120 3630 1174 Si

2055 1206 2218 1259 homo
2244 1221 2369 1259 cum
2398 1208 2860 1262 immortalitatem
2886 1220 3077 1276 suapte
3107 1220 3299 1262 natura
3332 1224 3438 1262 non
3467 1210 3551 1263 ba!
3574 1225 3633 1264 e-

2053 1306 2136 1352 ret
2166 1340 2181 1363 ,
2233 1299 2473 1351 cervices
2509 1299 2735 1366 jactavit
2760 1340 2773 1361 ,
2807 1300 2935 1367 quid
2966 1316 3074 1353 non
3118 1301 3354 1364 fecisset,
3391 1302 3435 1355 si
3482 1304 3627 1355 illam

2056 1389 2370 1445 habuisset?
2419 1391 2749 1442 Athanasius
2787 1406 3043 1461 quoque,
3096 1394 3341 1446 oratione
3380 1393 3446 1446 de
3496 1404 3620 1445 or:u

2052 1484 2345 1553 corporali,
2367 1485 2559 1538 scribit
2591 1484 2766 1540 fuisse
2786 1483 3062 1537 hominem
3094 1495 3291 1539 natura
3320 1485 3631 1551 mortalem,

2053 1577 2237 1645 utqui
2295 1592 2359 1629 ex
2404 1576 2563 1627 rebus
2616 1574 2776 1629 fluxis
2824 1583 2969 1630 esset
3023 1574 3329 1644 colligatus.
3384 1574 3631 1645 Denique

2050 1666 2309 1738 Cyrillus,
2349 1668 2596 1720 oratiooe
2640 1679 2831 1720 octava
2883 1666 3143 1720 adversus
3200 1667 3426 1734 impium
3453 1666 3632 1721 Julia-

372 1739 763 1820 mortalitatem
792 1805 806 1829 ,
842 1739 1036 1818 natura
1066 1805 1079 1824 .
1113 1739 1190 1817 illi
1227 1764 1466 1832 ingenita
1505 1763 1676 1816 fuisse
1723 1769 1944 1830 negant,
1978 1739 2020 1794 Β
2058 1773 2210 1820 num,
2239 1759 2291 1811 in
2321 1758 2465 1812 hunc
2499 1758 2719 1810 modum
2754 1757 2998 1825 loquitur
3026 1775 3040 1809 :
3073 1756 3210 1811 Cum
3240 1757 3411 1810 Adam
3441 1765 3632 1811 contra

372 1858 711 1911 arbitrantur
749 1856 926 1909 media
975 1855 1293 1910 conditione
1325 1864 1503 1909 ortum
1551 1853 1720 1910 fuisse
1746 1895 1761 1921 ,
1810 1864 1867 1908 ut
1905 1854 1951 1908 si

369 1945 588 2014 corpori
630 1943 845 1997 deditus
892 1944 1053 1997 vitam
1090 1943 1360 2011 agitaret,
1398 1941 1653 1996 mortalis
1684 1960 1695 1996 :
1726 1942 1811 1995 sin
1840 1942 1958 1994 ani-

374 2048 477 2089 mm
505 2049 618 2089 sua:
647 2036 904 2104 praeclara
941 2033 1122 2088 studia
1150 2042 1450 2090 sectaretur
1474 2030 1812 2099 coleretque,
1847 2033 1953 2083 im-

374 2126 622 2181 mortalis
667 2127 940 2180 evaderet.
987 2125 1096 2180 Nos
1146 2139 1274 2179 vero
1313 2123 1641 2188 statuimus,
1682 2123 1953 2176 Adamum

374 2226 568 2271 natura
600 2217 882 2270 mortalem
912 2231 1032 2270 esse
1064 2216 1407 2284 progenitum
1431 2256 1445 2276 ,
1478 2214 1640 2283 idque
1670 2214 1753 2268 bis
1790 2214 1949 2266 colli-

374 2309 555 2379 gimus
596 2309 958 2378 argumentis.
988 2305 1173 2360 Primo
1194 2343 1210 2371 ,
1249 2305 1585 2373 compositus
1614 2312 1700 2357 cst
1727 2319 1791 2357 cx
1827 2305 1948 2373 pul-

373 2416 501 2457 vere
532 2412 591 2454 ut
625 2403 884 2465 materia;
921 2400 971 2453 id
1009 2414 1135 2453 vero
1171 2399 1315 2468 quod
1348 2413 1413 2452 ex
1462 2400 1687 2468 pulvere
1732 2396 1953 2451 confor-

374 2499 583 2547 matum
626 2492 930 2559 ﬂetumque
955 2499 1040 2545 est
1070 2490 1302 2544 mortale
1338 2504 1460 2543 esse
1493 2496 1686 2555 suapte
1730 2499 1952 2549 natura,

375 2595 583 2638 certum
618 2591 723 2637 est.
753 2581 1028 2647 Secundo,
1057 2581 1184 2651 quia
1217 2595 1342 2635 cum
1370 2580 1542 2634 virilis
1577 2594 1643 2632 ac
1673 2578 1954 2632 muliebris

376 2685 541 2724 sexus
582 2669 900 2724 discrimine
938 2668 1192 2722 conditus
1242 2674 1328 2721 est
1376 2682 1391 2719 :
1442 2664 1587 2734 quod
1630 2664 1955 2717 mortalibus

377 2761 668 2832 congruit,
710 2753 1116 2814 immortalibus
1157 2773 1527 2828 nequaquam.
1562 2756 1750 2811 Tertio
1777 2797 1791 2821 ,
1822 2756 1953 2825 quia

377 2870 695 2924 procreatus
727 2864 809 2906 est
832 2870 956 2907 cum
993 2855 1168 2906 oculis
1202 2854 1293 2920 qui
1330 2866 1511 2905 escam
1546 2856 1880 2917 appeterent,
1902 2855 1955 2901 ct

377 2947 629 3001 manibus
672 2961 810 3015 quas
851 2946 1000 2999 illius
1052 2944 1304 2999 sumendi
1356 2942 1535 3011 gratia
1580 2941 1949 3009 pretenderet,

374 3036 608 3107 denique
630 3052 753 3089 cum
782 3039 925 3090 vasis
951 3052 1072 3104 qua:
1099 3034 1415 3089 alimentum
1442 3035 1750 3101 exciperent
1777 3029 1952 3084 conti-

374 3138 675 3196 ncrentque
710 3144 722 3179 :
759 3127 873 3179 lure
922 3128 1070 3179 enim
1122 3126 1187 3179 iis
1237 3127 1401 3177 modo
1448 3123 1646 3192 quibus
1702 3120 1950 3173 mortalis

374 3228 570 3273 natura
614 3219 846 3287 obtigit,
912 3218 1031 3271 usui
1079 3233 1201 3272 esse
1254 3226 1504 3285 possunt,
1545 3213 1948 3269 immortalibus

388 3312 591 3363 frustra
640 3311 857 3363 dentur.
903 3297 1133 3374 Quarto,
1182 3316 1392 3361 caetera:
1439 3320 1527 3358 res
1568 3319 1704 3372 quas
1754 3301 1949 3355 Adami

376 3402 552 3470 gratia
601 3401 845 3455 condidit
890 3399 1069 3463 Deus,
1107 3398 1242 3453 satis
1278 3405 1512 3467 arguunt
1559 3394 1713 3447 illum
1756 3404 1950 3448 natura

376 3492 660 3545 mortalem
681 3507 799 3546 esse
817 3490 1041 3545 factum.
1057 3488 1329 3555 Quorsum
1346 3489 1491 3542 enim
1507 3498 1647 3541 terra
1663 3502 1798 3554 opus
1811 3486 1953 3540 erat?

381 3599 656 3653 quorsum
693 3583 1037 3635 firmamento
1058 3591 1138 3637 (ιιι
1156 3580 1411 3649 vocant)?
1431 3594 1691 3649 quorsum
1718 3579 1952 3631 lucenti-

376 3677 479 3730 bus
510 3676 565 3727 iu
600 3677 703 3729 hoc
747 3675 957 3731 stellis?
981 3689 1241 3743 quorsum
1262 3672 1502 3741 piscibus
1531 3670 1954 3739 vulneribusque

374 3782 497 3837 qua:
523 3768 857 3821 mactantur?
874 3781 1136 3833 quorsum
1153 3765 1434 3833 jumentis,
1454 3761 1681 3829 aliisque
1699 3763 1951 3815 animan—

371 3860 524 3913 tibus
547 3873 666 3927 qua!
692 3859 885 3925 partim
912 3857 1177 3917 serviunt,
1200 3856 1306 3908 alia
1337 3853 1606 3907 eduntur?
1637 3856 1782 3905 Sane
1803 3852 1953 3905 hisce

372 3947 635 4001 omnibus
671 3962 778 4000 nun
804 3956 1033 3998 utuntur
1064 3945 1155 4014 qui
1184 3945 1292 3997 vita
1318 3942 1577 3995 fruuntur
1604 3941 1897 3995 immortali
1932 3957 1945 3993 :

375 4038 471 4091 sed
520 4038 594 4090 illi
629 4039 730 4091 soli
774 4040 863 4107 qui
915 4035 1117 4090 fluxam
1164 4045 1327 4105 atque
1359 4034 1622 4088 caducam
1654 4032 1946 4088 sustinent.

375 4129 604 4195 Quinto,
632 4144 697 4182 ex
731 4130 843 4196 lege
873 4144 990 4196 quae
1014 4127 1225 4181 Adamo
1249 4135 1331 4179 est
1351 4141 1380 4178 a
1412 4125 1655 4196 genitore
1683 4123 1792 4176 Deo
1817 4137 1955 4192 prae-

379 4219 581 4288 scripta
605 4258 618 4281 ,
657 4220 944 4271 conlieitur
976 4218 1126 4270 illum
1159 4216 1375 4270 mortali
1410 4216 1724 4268 conditione
1771 4220 1952 4265 ortum

378 4326 501 4365 esse
535 4332 546 4364 :
585 4312 725 4365 vesci
779 4311 924 4364 enim
961 4324 1025 4365 ac
1084 4324 1191 4363 non
1225 4308 1369 4362 vesci
1421 4307 1523 4360 hac
1585 4317 1701 4365 aut,
1730 4305 1819 4359 illa
1875 4319 1953 4369 re,

2058 1845 2151 1901 Dei
2197 1848 2370 1915 legem
2426 1846 2686 1914 fecisset,
2725 1857 2900 1899 morte
2937 1855 3024 1901 cst
3072 1847 3403 1912 damnatus,
3433 1864 3540 1916 qua
3577 1864 3635 1901 re

2055 1937 2203 2008 quod
2252 1951 2445 1993 natura
2478 1940 2726 1992 mortalis
2753 1947 2919 1999 esset,
2956 1938 3307 2007 arguebatur.
3344 1939 3633 2001 (la-terum.

2055 2030 2313 2084 dominus
2339 2027 2582 2083 Iacobus
2622 2029 2973 2100 Sarugensis,
3008 2045 3069 2082 ea
3105 2034 3354 2084 oratione
3382 2047 3488 2099 qua
3521 2031 3637 2085 dis-

2057 2124 2209 2185 serit,
2243 2121 2477 2175 fueritue
2511 2122 2679 2175 Adam
2708 2121 2959 2174 mortalis
3007 2122 3259 2181 conditus
3298 2136 3365 2174 an
3401 2122 3632 2176 immor-

2058 2215 2182 2269 talis
2210 2253 2228 2279 ,
2260 2214 2471 2273 scribit.
2518 2214 2784 2268 Adamum
2836 2214 3118 2268 mortalem
3162 2224 3215 2267 et
3269 2215 3632 2269 immortalem

2055 2305 2226 2362 fuisse
2268 2307 2583 2370 conditum,
2634 2322 2759 2360 cum
2802 2307 2973 2376 ipsius
3029 2308 3202 2360 libero
3234 2309 3472 2362 arbitrio
3504 2326 3632 2372 per-

2055 2399 2363 2451 mitteretur
2393 2414 2423 2452 a
2460 2394 2570 2454 Deo
2599 2401 2670 2452 ιιι
2714 2400 2797 2452 vel
2830 2400 3120 2453 observata
3161 2398 3275 2468 lege
3311 2400 3635 2457 immortalis

2055 2502 2230 2556 esset,
2266 2491 2347 2544 vel
2381 2491 2553 2543 fracta
2607 2500 2931 2545 moreretur.
2967 2492 3038 2546 At
3065 2492 3397 2547 l‘bilobenus
3424 2532 3441 2555 ,
3472 2492 3635 2562 Capi

2060 2585 2192 2637 tulis
2223 2598 2345 2651 qute
2397 2584 2660 2637 adversus
2707 2582 3005 2637 Diodorum
3051 2585 3359 2651 composuit
3394 2603 3404 2636 :
3440 2582 3635 2638 Teme-

2056 2670 2234 2732 raria,
2267 2668 2481 2738 inquit,
2529 2670 2757 2723 audacia
2808 2680 2911 2733 est,
2947 2672 3215 2725 Adamum
3268 2674 3631 2727 immortalem

2055 2762 2237 2815 dicere
2284 2773 2476 2831 suapte
2525 2770 2757 2823 natura.
2794 2767 2909 2815 sive
2941 2773 3057 2815 tum
3112 2765 3631 2837 cunnglgncbatnr,

2054 2853 2169 2906 sive
2218 2862 2504 2921 postquam
2553 2856 2933 2908 resurrexerit.
2986 2854 3089 2918 Qui
3144 2864 3321 2923 potest
3372 2858 3519 2909 ειιὶιιι
3570 2874 3632 2909 ea

2056 2953 2253 2998 natura
2301 2946 2622 2998 immortalis
2671 2945 2860 2998 haberi
2909 2963 3029 3014 quae
3068 2964 3130 2999 ex
3183 2948 3353 3000 nihilo
3382 2956 3633 3007 creatur,

2060 3036 2451 3105 perliciturque
2473 3036 2699 3090 alterius
2723 3036 2922 3105 jussu?
2948 3036 3077 3089 Nam
3120 3039 3281 3091 etiam
3325 3042 3368 3093 si
3400 3040 3636 3106 gratuito

2060 3128 2161 3197 ipsi
2200 3142 2522 3183 concessum
2555 3128 2766 3191 fuisset,
2793 3140 2853 3181 ut
2886 3131 3049 3183 vitam
3087 3133 3470 3197 sempiternam
3507 3148 3570 3200 ag
3609 3159 3634 3173 -

2060 3228 2164 3279 ret,
2213 3233 2320 3272 non
2373 3218 2494 3270 ideo
2534 3219 2856 3273 immortalis
2917 3229 3108 3271 natura
3169 3221 3434 3273 dicendus
3471 3228 3633 3274 erat:

2058 3311 2255 3381 quippe
2292 3312 2448 3378 cujus
2486 3312 2590 3362 vita
2628 3312 2680 3362 in
2716 3311 2939 3363 alterius
2978 3322 3121 3363 esset
3166 3320 3451 3377 poti-state.
3524 3311 3631 3378 Igio

2059 3412 2147 3457 tur
2180 3414 2235 3456 et
2268 3404 2313 3455 si
2355 3406 2409 3457 in
2452 3412 2712 3456 a-ternuin
2757 3418 2865 3455 non
2904 3402 3095 3456 luisset
3135 3405 3452 3468 moriturus,
3485 3417 3638 3456 mor-

2059 3495 2185 3550 talis
2233 3504 2411 3548 tamcn
2463 3506 2611 3557 erat;
2650 3508 2841 3560 nempe
2900 3493 3281 3547 immortalitas
3335 3494 3400 3546 ad
3457 3494 3634 3547 solum

2062 3589 2229 3642 Deum
2256 3597 2464 3657 spectat
2490 3606 2503 3650 ;
2532 3597 2585 3641 et
2613 3587 2658 3640 si
2678 3588 2785 3640 ulla
2821 3588 2889 3639 sit
2925 3598 3116 3639 natura
3148 3604 3267 3654 qua:
3295 3604 3400 3641 non
3435 3586 3635 3641 dissol-

2060 3683 2204 3736 vitur
2234 3696 2334 3734 nec
2368 3679 2476 3732 ullo
2512 3680 2703 3732 mortis
2748 3678 2859 3731 fato
2908 3680 3212 3745 perimitur,
3268 3680 3319 3730 id
3356 3695 3418 3732 ex
3464 3682 3635 3746 gratia

2061 3772 2323 3827 donatum
2355 3770 2456 3823 sibi
2504 3770 2572 3822 ab
2601 3770 2693 3823 illo
2726 3770 2882 3823 habet
2909 3786 2924 3834 ;
2957 3770 3100 3838 quod
3132 3782 3310 3823 autem
3347 3770 3500 3824 alteri
3541 3788 3635 3825 ae-

2063 3874 2280 3933 ceptum
2331 3861 2524 3921 fertur,
2559 3860 2612 3915 id
2661 3878 2852 3915 rursus
2886 3878 2981 3929 pro
3014 3863 3157 3915 illius
3204 3863 3431 3915 arbitrio
3472 3862 3638 3915 adimi

2062 3963 2263 4019 potest.
2295 3953 2566 4007 Cancrum
2596 3954 2663 4007 de
2688 3952 2899 4006 Adamo
2925 3954 3131 4006 clarum
3165 3964 3267 4015 est,
3304 3956 3349 4007 si
3380 3955 3637 4008 mandato

2062 4040 2570 4109 obtemperavisset,
2604 4039 2847 4094 futurum
2880 4041 3047 4096 fuisse
3074 4052 3133 4095 ut
3158 4059 3262 4095 non
3289 4044 3463 4096 obiret
3492 4059 3637 4094 mor-

2065 4142 2207 4198 tem;
2246 4147 2351 4185 non
2381 4131 2524 4199 quod
2574 4131 2665 4185 tali
2720 4132 3033 4186 conditione
3072 4140 3216 4185 esset
3247 4136 3500 4201 genitus,
3542 4135 3636 4188 sed

2067 4239 2167 4296 pro
2208 4221 2493 4277 Effectoris
2538 4223 2622 4276 sui
2654 4236 2803 4275 mera
2855 4223 3187 4289 benignitate
3210 4262 3224 4282 ,
3262 4239 3454 4278 rursus
3485 4235 3636 4294 pest-

2070 4333 2235 4387 quam
2270 4318 2593 4379 resurrexit,
2621 4316 2878 4384 deinceps
2910 4329 3129 4384 quoque
3154 4332 3259 4367 non
3287 4317 3637 4382 moriturum,

384 4404 648 4459 mortales
674 4405 937 4473 jubeutur
962 4444 976 4465 ,
1009 4416 1114 4455 non
1172 4398 1529 4453 immortales.
1573 4395 1761 4458 Sexto,
1811 4396 1951 4449 idem
1989 4411 2036 4469 ο
2063 4413 2155 4464 sed
2197 4419 2249 4463 ει
2289 4410 2338 4462 id
2389 4423 2606 4477 quoque
2647 4423 2743 4477 per
2777 4409 3006 4476 gratiam
3053 4408 3262 4477 Opiﬁris
3296 4409 3415 4463 Dei.
3452 4409 3638 4481 Neque

378 4497 652 4568 colligitur
678 4513 743 4549 ex
770 4495 945 4548 verbis
974 4492 1062 4546 Dei
1084 4508 1208 4563 quze
1236 4502 1361 4544 ante
1389 4492 1701 4542 mandatum
1726 4486 1792 4541 ad
1816 4487 1957 4541 Ada-

382 4605 529 4645 mum
564 4590 795 4644 faciebat
827 4587 1079 4655 inquiens
1107 4603 1120 4639 :
1165 4584 1395 4639 Crescite
1418 4594 1464 4636 et
1496 4579 1973 4649 multiplicamini,

377 4681 794 4735 “dominamini
817 4679 1045 4747 piscibus
1074 4678 1241 4730 maris
1285 4685 1332 4729 et
1359 4673 1651 4728 volucribus
1684 4674 1797 4724 arti
1819 4712 1833 4736 ,
1862 4679 1950 4726 et:

386 4772 515 4827 Dedi
554 4774 695 4827 vobis
746 4789 896 4827 omne
944 4786 1117 4825 semen
1156 4770 1298 4841 quod
1343 4768 1657 4830 seminatur,
1692 4777 1745 4819 et
1781 4766 1953 4817 amitis

382 4864 655 4919 arborerit
684 4862 829 4921 vobis
856 4878 950 4931 pro
972 4862 1107 4914 cibo.
1138 4857 1406 4929 Septimo,
1435 4858 1540 4910 nisi
1568 4854 1783 4909 mortali
1810 4864 1955 4907 statu

384 4954 614 5010 effectus
649 4954 844 5008 luisset
901 4955 1065 5008 etiam
1098 4961 1157 5006 ut
1196 4951 1365 5020 legem
1416 4947 1667 5017 fregisset
1712 4960 1819 4998 non
1857 4945 1956 4998 ob-

382 5047 569 5102 ivisset
594 5056 845 5107 mortem,
867 5056 919 5099 ut
937 5045 1091 5108 obiit;
1114 5058 1289 5112 neque
1309 5043 1454 5096 enim
1476 5040 1747 5101 diabolus,
1770 5054 1958 5107 quam-

383 5140 462 5193 vis
480 5141 745 5210 peccavit,
772 5136 1232 5191 immortalltatem
1258 5134 1439 5187 aruisit
1456 5147 1618 5201 quam
1637 5131 1689 5184 in
1711 5146 1812 5184 suo
1832 5139 1952 5183 ortu

378 5239 686 5300 acceperat.
726 5230 931 5285 Octavo
954 5268 969 5293 ,
1008 5229 1348 5299 compositus
1376 5235 1462 5281 est
1493 5226 1661 5279 Adam
1692 5238 1755 5276 ex
1790 5222 1954 5275 rebus

384 5310 650 5390 diversis;
681 5323 732 5377 id
760 5337 887 5377 vero
914 5321 1236 5391 compositis
1265 5317 1518 5373 omnibus
1546 5314 1820 5384 peculiare
1846 5321 1951 5372 est,

379 5424 439 5467 ut
470 5416 520 5468 in
553 5430 615 5468 ea
663 5413 1007 5470 dissolubilia
1037 5413 1147 5467 sint
1185 5427 1248 5467 ex
1282 5409 1485 5479 quibus
1518 5408 1765 5477 colligata
1801 5407 1950 5457 exsi-

380 5551 776 5676 “(Inpositistat
804 5552 1067 5609 locusch
1102 5552 1243 5621 apud
1275 5552 1747 5620 Chrysostomum,
1775 5544 1868 5599 lib.
1897 5559 1956 5605 ιι,

450 5692 560 5761 ιειῑ)
597 5682 688 5747 Dei
720 5694 789 5747 ad
824 5693 1095 5764 Stagrium
1122 5690 1282 5748 Forte
1312 5690 1382 5745 ibi
1411 5706 1587 5745 seruus
1624 5686 1751 5741 liber
1800 5704 1827 5735 η
1857 5683 1961 5737 Du-

2063 4502 2208 4553 enim
2244 4501 2453 4568 absque
2496 4500 2759 4568 periculo,
2791 4508 2883 4552 aut
2908 4510 3019 4551 tum
3065 4516 3188 4554 cum
3226 4503 3493 4569 gigneret.
3542 4514 3640 4559 aut

2062 4608 2184 4645 cum
2229 4591 2511 4644 suscitabit
2542 4606 2570 4644 a
2599 4592 2849 4655 mortuis,
2881 4592 3065 4646 fecerit
3118 4604 3311 4646 natura
3346 4594 3634 4649 immorta-

2063 4684 2193 4738 lem.
2240 4681 2312 4734 Ex
2345 4684 2429 4738 bis
2462 4683 2717 4737 omnibus
2748 4683 3059 4749 conficitur,
3088 4685 3360 4738 Adamum
3409 4688 3632 4740 mortali

2064 4774 2372 4828 conditione
2406 4781 2746 4841 procreatum
2766 4762 2921 4829 esse.
2959 4772 3177 4827 Interim
3229 4775 3484 4839 fatemur,
3530 4778 3635 4829 im-

2067 4865 2396 4919 mortalitate
2432 4865 2743 4918 donandam
2782 4880 2811 4919 a
2854 4880 2953 4919 suo
2985 4866 3241 4920 Genitore
3292 4866 3495 4932 fuisse,
3528 4885 3635 4921 ttou

2060 4958 2279 5026 quidem
2319 4956 2579 5021 naturali,
2615 4957 2709 5011 sed
2752 4958 2988 5026 gratuita
3021 4958 3066 5011 si
3106 4958 3205 5027 legi
3238 4959 3532 5026 paruisset.

2606 5106 2885 5162 CAPUT
2948 5105 3061 5159 VI.

2062 5220 2296 5289 Objectio
2326 5219 2534 5273 Iuliani
2584 5218 2981 5271 Ilulirarnuxsei
3009 5220 3120 5287 (53)
3149 5228 3229 5280 ,ει
3261 5219 3373 5287 ejus
3410 5228 3637 5271 assecta-

2610 5293 2764 5343 tt’ouis
2794 5295 3082 5343 hominum.

2121 5404 2369 5460 Julianus
2402 5404 2850 5458 Halicarnasseus
2872 5444 2884 5466 ,
2935 5414 2986 5456 ct
3018 5402 3111 5471 qui
3142 5400 3260 5470 ejus
3297 5413 3457 5456 secta
3486 5412 3632 5468 sntit,

2066 5544 2201 5593 mino
2234 5562 2326 5596 suo
2354 5543 2474 5606 (Job
2504 5560 2581 5606 tn,
2618 5544 2725 5609 ill.)

2061 5681 2091 5734 lg
2137 5613 2250 5679 (35)
2292 5613 2362 5666 De
2392 5613 2607 5668 Juliane
2638 5611 3059 5666 llaliiaruassro
3100 5611 3216 5663 vide
3254 5611 3473 5663 Suidatu
3510 5624 3607 5677 pro

2084 5698 2185 5735 ne.
