4094 6156
494 257 600 319 603

1763 273 1992 340 MOSIS
2028 282 2182 344 ΒΑΗ
2219 283 2467 348 (ΣΕΡΗΑ

3629 298 3739 366 6M

485 368 676 473 dicunt
710 372 878 430 Adam
912 384 1107 433 natura
1162 380 1442 439 conditum
1485 397 1609 440 esse
1654 386 2021 447 immortalem
2052 410 2065 448 :
2098 405 2144 458 Α
2170 412 2232 453 ea
2258 398 2579 457 dissolubile
2606 416 2673 457 es
2704 401 2904 472 quibus
2931 402 3108 460 fuerat
3135 404 3519 477 coniunctum;
3553 425 3739 466 verum

491 461 634 516 sicut
674 466 857 520 anima
881 482 1003 523 cum
1038 472 1278 528 naturali
1312 472 1722 533 immortalitate
1749 490 1929 536 creata
1962 492 2065 549 est,

487 566 596 605 non
637 563 819 611 autem
851 562 1127 630 gratuita;
1162 571 1217 617 et
1244 563 1352 621 nisi
1389 576 1707 638 peccasset,
1742 584 2063 629 mansurum

488 640 659 699 fuisse
680 684 694 708 ,
728 648 1033 716 passionis,
1069 655 1479 724 corruptionis,
1523 660 1721 715 mortis
1741 672 2016 718 exsortem
2045 680 2062 720 :

484 742 539 826 et
565 734 783 805 quidem
814 737 932 795 hazc
956 742 1139 797 omnia
1166 758 1233 800 ex
1263 755 1457 817 suapte
1486 756 1680 806 natura
1703 791 1718 817 ,
1744 751 1948 824 quippe
1969 754 2064 826 qui

489 824 542 879 in
584 841 646 880 ea
681 843 874 887 rursus
913 830 1253 892 dissolubilis
1286 853 1394 893 non
1431 838 1599 897 fuerit
1630 856 1697 899 ex
1725 844 1925 914 quibus
1948 824 2067 902 erat

484 926 917 987 coagmentatus.
953 922 1125 981 Porro
1157 930 1287 997 quia
1319 930 1583 989 adversus
1610 932 1779 1006 legem
1813 933 1904 990 Dei
1938 935 2066 993 fecit

486 1018 653 1080 atque
700 1012 965 1083 deliquit,
1007 1016 1131 1074 ideo
1190 1022 1481 1078 multatum
1532 1039 1655 1082 esse
1705 1034 1823 1082 tum
1872 1033 2066 1086 animo:

488 1112 660 1159 morte
701 1121 821 1175 qua:
867 1120 950 1165 est
995 1111 1327 1170 abalienatio
1370 1131 1402 1172 a
1448 1116 1560 1175 Deo
1593 1134 1690 1189 per
1731 1132 2060 1192 peccatum:

487 1202 599 1246 tum
632 1198 911 1266 corporis,
946 1215 1069 1271 qua:
1094 1211 1181 1258 est
1211 1204 1538 1263 dissociatio
1571 1210 1639 1263 ab
1670 1209 1771 1267 hac
1796 1213 1907 1267 vita
1938 1229 2062 1284 qua:

483 1282 615 1355 ipsis
646 1289 925 1356 corporeis
956 1294 1213 1353 sensibus
1238 1299 1556 1370 percipitur.
1582 1298 1677 1359 llis
1708 1318 1809 1360 nos
1833 1282 2065 1376 respon~

483 1376 725 1434 demus:
761 1379 819 1435 Si
876 1394 1134 1441 naturam
1193 1389 1438 1446 Adamus
1487 1408 1609 1448 cum
1657 1406 2061 1466 procrearetur,

485 1470 783 1539 accepisset
811 1473 1178 1532 immortalem
1216 1488 1275 1535 ut
1302 1496 1398 1536 vos
1420 1482 1601 1540 dicitis
1627 1500 1643 1541 :
1672 1500 1736 1540 ea
1760 1502 1890 1543 sane
1916 1489 2061 1546 haud

490 1569 694 1616 mutata
723 1578 870 1619 esset
916 1566 968 1621 in
1000 1570 1284 1625 mortalem
1334 1587 1429 1642 per
1455 1584 1763 1644 peccatum,
1801 1589 1860 1633 ut
1885 1594 2062 1651 neque

487 1649 703 1708 Satanas
738 1656 1123 1716 immortalitas
1152 1665 1443 1730 naturalis,
1469 1679 1593 1720 eum
1622 1669 1954 1727 monalitate
1973 1632 2065 1728 .est
2090 1632 2137 1695 Β

483 1756 815 1801 commutata
843 1758 1133 1820 postquam
1161 1754 1428 1812 adversus
1450 1755 1617 1813 Deum
1645 1759 1894 1833 deliquit.
1921 1762 2063 1820 Ilur-

481 1848 579 1889 sus
605 1855 621 1892 :
644 1838 689 1891 si
715 1846 776 1892 ut
804 1841 984 1897 anima
1009 1841 1177 1913 (quod
1208 1860 1304 1902 vos
1336 1844 1661 1919 alIirmatis),
1684 1851 1756 1905 ita
1785 1861 1843 1907 et
1862 1866 2065 1925 corpus

484 1932 680 1979 natura
733 1929 1042 1988 immortale
1086 1947 1431 2005 procreatum
1483 1937 1625 2005 fuit,
1662 1950 1825 2013 atque
1877 1944 2062 2016 ipsum

481 2017 684 2075 violare
714 2020 910 2092 legem,
939 2039 1048 2080 non
1075 2027 1240 2084 modo
1267 2032 1506 2103 corpori,
1533 2035 1627 2091 sed
1663 2036 1837 2107 magis
1867 2039 2064 2095 anima

480 2109 637 2180 cujus
695 2113 925 2185 imperio
973 2118 1108 2174 illud
1150 2122 1439 2194 regebatur
1469 2125 1850 2197 imputandum
1908 2128 2061 2187 fuit:

485 2222 587 2261 cur
632 2219 851 2277 patrato
882 2210 1108 2285 flagitio,
1137 2230 1336 2287 corpus
1368 2218 1589 2290 quidem
1642 2223 1927 2280 mortalem
1960 2239 2063 2281 na-

483 2308 664 2354 turam
702 2302 901 2370 induit,
922 2306 1107 2361 anima
1138 2322 1269 2364 vero
1293 2324 1448 2367 suam
1484 2312 1588 2368 sibi
1622 2323 1817 2370 natura
1843 2317 2061 2372 insitam

482 2391 944 2451 immortalitatem
998 2399 1260 2456 retinuit?
1284 2400 1387 2458 Sed
1408 2403 1603 2460 dicetis
1640 2405 1802 2460 etiam
1825 2405 2062 2462 animam

480 2500 577 2554 per
617 2497 902 2557 peccatum
933 2490 1140 2548 abiisse
1187 2497 1450 2561 mortem!
1488 2496 1595 2554 Sed
1636 2499 1769 2569 quid
1820 2502 2065 2570 corpus?

478 2591 663 2632 annon
701 2578 881 2650 ipsum
914 2598 1136 2654 quoque
1181 2600 1280 2657 per
1321 2598 1604 2659 peccatum
1636 2592 1812 2647 obiit?
1861 2592 1918 2648 Si
1963 2608 2059 2647 ne-

481 2670 643 2740 gatis,
669 2669 794 2729 falsi
822 2674 991 2742 estis;
1012 2676 1099 2731 sin
1124 2676 1397 2746 fatemini,
1413 2697 1515 2737 cur
1531 2698 1657 2737 cum
1679 2685 1882 2754 pariter
1901 2686 2063 2741 ambo

482 2770 676 2817 natura
696 2774 881 2843 essent
903 2766 1236 2827 immortalia
1283 2774 1601 2846 pariterque
1623 2780 1919 2846 peccarint,
1940 2794 2062 2834 cor-

480 2866 585 2923 pus
614 2855 815 2926 duplici
872 2867 1049 2917 morte
1091 2861 1345 2918 affectum
1380 2875 1507 2920 est:
1548 2868 1788 2923 animam
1831 2883 1964 2924 vero
1993 2884 2058 2925 ea

479 2948 596 3003 sola
635 2962 759 3018 quae
814 2953 1024 3021 peccati
1069 2968 1217 3009 mors
1259 2956 1482 3025 dicitur,
1532 2960 1769 3015 invasit?
1805 2959 2058 3019 Profecto

480 3038 613 3094 nihil
641 3040 731 3097 hic
773 3041 879 3097 illis
905 3045 1101 3116 reliqui
1121 3058 1206 3103 est
1227 3049 1377 3120 quod
1402 3051 1771 3123 respondeant
1799 3071 1814 3110 :
1845 3070 2059 3113 verum-

485 3134 636 3187 enim
674 3150 722 3186 ν(
742 3150 804 3189 ro
836 3137 1116 3204 conficite,
1151 3151 1243 3195 aut
1269 3142 1339 3198 ab
1368 3143 1487 3213 ipsa
1511 3155 1702 3200 natura
1724 3185 1739 3210 ,
1775 3157 1867 3204 aut
1895 3166 1925 3204 a
1968 3164 2061 3205 ra-

489 3224 638 3279 tione
683 3226 865 3295 petitis
906 3232 1284 3299 argumcntis.
1323 3242 1419 3290 aut
1461 3235 1697 3308 denique
1744 3251 2057 3297 sanctorum

478 3315 705 3373 Patrum
736 3319 1093 3388 testimoniis,
1119 3323 1228 3380 nisi
1265 3340 1469 3396 corpus
1499 3344 1600 3385 sua
1632 3340 1826 3388 natura
1853 3332 2054 3390 factum

480 3422 602 3465 esse
631 3409 936 3469 immortale
956 3412 1112 3485 juxta
1136 3430 1199 3471 ac
1218 3418 1479 3485 animam,
1507 3436 1683 3493 neque
1708 3425 1760 3478 in
1792 3440 1854 3479 ea
1881 3426 2056 3484 disso-

480 3499 644 3556 lubile
658 3516 780 3559 esse
794 3518 857 3559 ex
876 3505 1077 3577 quibus
1094 3508 1405 3580 colligatum
1431 3521 1537 3578 est,
1562 3522 1616 3570 et
1640 3515 2057 3574 subscribemus

481 3590 710 3650 libentes
741 3603 935 3652 vestras
966 3599 1253 3655 sententiae
1285 3615 1463 3673 neque
1498 3604 1897 3660 contendentes
1933 3620 2058 3661 am-

485 3683 632 3752 plius
661 3687 900 3755 gratuita
932 3688 1345 3747 immortalitate
1371 3693 1682 3750 donandum
1710 3694 1878 3753 fuisse
1898 3712 1931 3753 a
1957 3712 2057 3755 suo

476 3773 757 3846 Genitore,
792 3779 839 3834 si
876 3791 1147 3852 praecepto
1175 3783 1469 3854 paruisset.

545 3868 763 3927 Audeut
784 3871 927 3929 idem
952 3872 1161 3930 lanista:
1179 3875 1444 3932 lacessere
1467 3891 1565 3934 eos
1583 3880 1675 3948 qui
1691 3893 1774 3935 cat
1790 3895 1909 3936 nem
1928 3897 2056 3938 cor-

480 3960 792 4032 ruptibilem
818 3972 1014 4020 natura
1041 3966 1254 4032 dicunt,
1274 3968 1432 4038 quasi
1461 3968 1518 4023 hi
1544 3980 1601 4025 et
1631 3968 1804 4040 ipsam
1833 3987 2052 4029 carnem

481 4056 677 4111 malam
733 4068 789 4113 et
837 4060 1023 4115 carnis
1060 4059 1225 4115 simul
1267 4059 1529 4132 Opificem
1574 4065 1781 4121 malum
1830 4068 2051 4125 faciant.

476 4147 591 4205 Nos
621 4165 750 4207 vero
769 4151 1033 4209 adversus
1059 4153 1162 4209 ista
1191 4154 1545 4225 producimus
1574 4160 1830 4215 dot-tores
1863 4161 2052 4219 Eccleo

478 4241 576 4299 sia
599 4246 811 4314 priscos
840 4246 1013 4316 gloria
1038 4258 1093 4302 et
1118 4247 1275 4303 laude
1293 4250 1486 4320 dignos
1512 4268 1529 4308 :
1556 4253 1650 4322 qui
1674 4263 1731 4309 et
1758 4255 1805 4310 si
1832 4270 2049 4313 carnem

2168 491 2317 547 nulla
2347 501 2466 549 erat
2510 495 2702 550 mortis
2733 494 2787 551 in
2825 496 2944 567 ipso
2991 494 3328 566 eftlcientia;
3367 515 3544 571 neque
3589 503 3737 557 enim

2168 591 2233 636 ut
2282 584 2474 638 mortis
2532 584 2736 655 laqueis
2806 587 3193 658 subigeretur,
3254 590 3511 647 conditus
3559 590 3740 650 fuerat

2169 668 2337 727 homo
2370 673 2440 728 ab
2474 673 2649 742 initio,
2698 675 2793 733 sed
2827 692 3002 747 neque
3047 693 3242 737 rursus
3278 688 3339 737 ut
3380 690 3590 739 naturae
3619 698 3737 739 sor-

2168 770 2278 818 tem
2321 776 2603 836 superaret
2634 777 2895 840 essetque
2939 768 3292 838 immortalis,
3345 770 3442 829 sed
3471 789 3569 846 per
3609 791 3737 847 gra-

2167 853 2297 910 tiam
2332 866 2499 928 atque
2528 858 2916 929 benignitatem
2949 860 3254 919 voluntatis
3300 862 3502 920 divina
3552 880 3739 924 serva-

2167 945 2329 1003 batur
2408 947 2477 1005 ad
2545 951 2713 1007 vitam
2778 953 3163 1024 sempiternam
3219 964 3277 1013 et
3330 954 3735 1027 immortalem,

2166 1039 2433 1096 voluntati
2480 1052 2664 1099 autem
2702 1045 2937 1112 divinas,
2990 1056 3183 1103 natura
3235 1063 3419 1105 rerum
3471 1049 3737 1108 obsistere

2166 1132 2376 1203 nequit.
2406 1130 2575 1204 Igitur
2592 1144 2646 1191 et
2673 1136 2718 1192 si
2751 1146 2946 1193 natura
2980 1138 3094 1209 ipsa
3122 1139 3267 1209 quod
3296 1150 3736 1214 coagmentatum

2166 1233 2272 1289 est,
2310 1241 2507 1285 rursus
2551 1230 2853 1288 dissolvere
2902 1234 3106 1305 cupiat.
3156 1244 3337 1292 tamen
3395 1237 3450 1293 in
3494 1238 3734 1306 homine.

2166 1313 2271 1372 hoc
2301 1317 2505 1373 malum
2542 1322 2767 1377 minime
2793 1322 3062 1393 quivissct
3090 1323 3333 1391 efficere,
3357 1325 3615 1399 impedita
3640 1345 3735 1402 per

2163 1407 2403 1463 divinam
2449 1411 2783 1467 voluntatem
2848 1422 3014 1483 atque
3073 1416 3345 1487 gratiam;
3406 1418 3521 1489 ipsa
3588 1421 3734 1476 enim

2164 1500 2475 1556 mortalitas
2532 1503 2790 1574 absorpta
2848 1504 3044 1562 fuisset
3094 1521 3125 1562 a
3175 1506 3329 1576 vita,
3377 1518 3433 1565 et
3485 1518 3733 1567 naturam

2162 1589 2492 1649 refrenasset
2519 1594 2704 1648 divina
2734 1596 2931 1667 gratia.
2960 1598 3029 1651 At
3064 1611 3195 1654 vero
3228 1602 3575 1658 mortalitatis
3608 1617 3734 1657 cor-

2169 1683 2434 1753 ruptricis
2481 1686 2755 1757 corporis,
2784 1702 2909 1759 quae
2941 1686 3247 1746 efficienter
3293 1699 3381 1747 est
3413 1704 3734 1758 consecuta.

2166 1772 2291 1833 fons
2319 1784 2375 1834 ct
2406 1777 2566 1850 origo
2597 1779 2702 1836 fuit
2724 1792 3012 1853 peccatum
3054 1790 3220 1853 atque
3263 1783 3530 1842 adversus
3557 1786 3732 1857 legent

2162 1866 2467 1927 admissum
2506 1870 2743 1931 facinus.
2797 1870 2953 1930 Tunc
2992 1876 3141 1933 enim
3190 1878 3400 1947 occepit
3445 1891 3598 1936 mors
3641 1894 3734 1946 ea,

2165 1975 2291 2029 qua
2339 1961 2488 2032 quod
2531 1965 2900 2035 compositum
2955 1974 3041 2022 est
3092 1967 3364 2035 dissolvit,
3413 1970 3523 2023 vim
3574 1984 3733 2027 suam

2163 2061 2329 2122 atque
2377 2053 2758 2112 efficacitatem
2812 2058 2865 2113 lu
2916 2059 3141 2115 homine
3184 2075 3242 2115 re
3287 2060 3404 2130 ipsa
3451 2076 3733 2127 caercere.

2163 2143 2389 2210 quando
2421 2147 2605 2201 anima
2633 2163 2727 2218 per
2758 2145 2988 2205 fractam
3030 2149 3201 2215 legem
3240 2154 3552 2210 necessario
3587 2164 3672 2211 est
3699 2171 3733 2211 a

2164 2231 2276 2290 Deo
2308 2235 2616 2293 abalienata
2659 2248 2823 2310 atque
2861 2241 3369 2313 perturbationibus
3397 2242 3569 2303 variis
3597 2243 3730 2300 alle-

2161 2336 2251 2381 eta
2297 2328 2684 2401 implicataque
2713 2349 2727 2385 :
2760 2347 2825 2387 es
2860 2332 3063 2401 quibus
3109 2341 3321 2390 natura
3365 2334 3733 2405 perturbatio.

2162 2416 2350 2485 nibus,
2385 2421 2565 2489 ipsum
2615 2424 2780 2479 etiam
2825 2440 3026 2496 corpus
3058 2426 3206 2495 (nam
3238 2436 3293 2483 et
3330 2427 3385 2483 in
3431 2428 3527 2485 illo
3550 2436 3731 2487 enata:

2162 2515 2324 2579 atque
2356 2509 2559 2567 effecta:
2604 2514 2758 2586 sunt)
2788 2516 3145 2587 corruptibile
3186 2532 3307 2575 esse
3347 2519 3728 2592 intelligimus.

2162 2608 2215 2655 et
2252 2604 2697 2669 pronuntiamus.
2730 2606 3129 2667 Concludimus
3158 2626 3316 2681 ergo,
3369 2614 3564 2669 mortis
3602 2628 3728 2670 cor-

2161 2694 2545 2765 ruptionlsque
2575 2695 2821 2754 debitum
2859 2716 2929 2756 ex
2961 2703 3159 2759 violata
3196 2705 3313 2774 lege
3349 2715 3538 2760 natum
3564 2716 3730 2777 atque

2158 2794 2504 2843 contractum
2557 2804 2711 2860 esse;
2763 2808 2872 2848 non
2925 2803 3111 2850 autem
3166 2795 3316 2864 inde,
3348 2797 3494 2871 quod
3529 2811 3728 2868 corpus

2160 2876 2292 2933 Adae
2317 2889 2461 2937 esset
2516 2884 2900 2955 compositum,
2957 2896 3119 2956 atque
3186 2889 3241 2946 in
3290 2903 3355 2946 ea
3408 2904 3475 2944 ex
3530 2889 3729 2961 quibus

2158 2970 2468 3039 constabat,
2523 2974 2867 3033 dissolubile.
2908 2978 3093 3048 Neque
3138 2980 3285 3035 enim
3332 2978 3558 3037 difficile
3606 2993 3728 3035 erat

2160 3061 2409 3119 omnium
2461 3080 2643 3121 rerum
2680 3068 2889 3138 parenti
2928 3068 3058 3135 Deo,
3107 3073 3225 3140 ejus
3257 3071 3350 3139 qui
3384 3074 3726 3142 corruptioni

2160 3157 2448 3229 subjectus
2476 3157 2581 3214 fuit
2615 3175 2714 3231 pro
2762 3171 2971 3216 natura:
3016 3176 3130 3217 sum
3182 3162 3516 3227 conditione,
3559 3163 3725 3218 vitam

2159 3250 2532 3324 corruptionis
2575 3250 2685 3307 fato
2730 3251 2995 3317 eximere,
3048 3261 3212 3322 atque
3275 3251 3329 3307 in
3361 3252 3469 3308 vita
3524 3253 3727 3324 sempi-

2160 3349 2317 3397 terna
2360 3342 2498 3396 tucri
2532 3358 2996 3412 conservareque.
3021 3344 3102 3400 Ad
3136 3344 3282 3401 hunc
3309 3345 3476 3419 igitur
3504 3347 3727 3402 modum

2160 3432 2417 3487 doctores
2456 3446 2679 3489 carnem
2708 3433 2933 3505 quidem
2974 3444 3167 3507 suapte
3212 3445 3405 3491 natura
3434 3436 3733 3493 dissolubi-

2157 3522 2265 3579 Iem
2303 3523 2475 3581 fuisse
2521 3526 2735 3592 dicunt,
2768 3541 2870 3582 nec
2920 3536 3103 3585 tamen
3130 3528 3362 3599 proinde
3413 3537 3511 3586 aut
3552 3529 3727 3601 ipsam

2161 3626 2255 3672 aut
2285 3632 2489 3692 corpus
2520 3634 2553 3676 a
2591 3620 2742 3677 malo
2770 3617 3030 3678 effectore
3063 3630 3412 3693 procreatum
3442 3636 3585 3680 esse.

2748 3754 2983 3813 CAPUT
3026 3756 3137 3815 VII.

2543 3872 2671 3929 Alio
2690 3869 2911 3944 obiectio
2932 3870 3146 3928 Iuliani
3168 3873 3339 3941 impii.

2232 3982 2465 4040 Ridebat
2514 3985 2736 4057 quidem
2788 3987 2987 4056 impius
3020 3984 3273 4044 Julianus
3304 3986 3448 4056 quod
3498 3983 3727 4053 ηοω-ι,

2158 4074 2419 4133 Ecclesia:
2450 4077 2710 4133 doctores
2759 4077 3008 4133 dicerent
3064 4079 3340 4135 hominem
3385 4077 3725 4149 corruptibili

2158 4176 2359 4223 natura
2411 4179 2739 4240 prognatum
2787 4169 2979 4238 fuisse,
3038 4179 3094 4225 et
3148 4182 3331 4226 tamen
3392 4186 3502 4227 non
3556 4169 3727 4225 fuisse

2158 4269 2463 4328 mortuum,
2503 4261 2579 4317 ita
2642 4261 2857 4319 volente
2888 4262 3022 4317 Deo.
3054 4261 3162 4317 Sed
3197 4265 3249 4318 ei
3296 4260 3585 4333 respondet
3610 4260 3722 4333 Cy-

474 4348 601 4389 esse
619 4342 812 4390 natura
838 4337 1250 4404 corruptibilcm
1276 4341 1483 4406 dixere,
1507 4358 1616 4398 non
1640 4353 1821 4400 tamen
1846 4346 2050 4404 ideirco
2082 4358 2127 4415 ο
2153 4352 2314 4408 rillus
2348 4369 2362 4407 :
2400 4351 2635 4419 Platoni,
2680 4352 2884 4425 inquit,
2925 4364 3020 4410 tuo
3065 4355 3191 4411 licet
3223 4355 3407 4411 dicere
3448 4354 3607 4425 quasi
3655 4369 3722 4412 es

481 4426 680 4481 malam
712 4441 831 4482 esse
856 4428 1089 4498 professi
1118 4442 1267 4486 sunt.
1290 4432 1586 4505 Gregorius
1614 4436 1780 4500 enim.
1808 4442 2053 4497 oratione

471 4532 641 4589 quam
673 4518 741 4574 de
766 4517 961 4575 virtute
986 4520 1228 4593 scripsit,
1254 4523 1323 4579 ad
1345 4523 1492 4581 hunc
1518 4525 1759 4599 loquitur
1790 4532 2009 4586 modum
2034 4548 2048 4588 :

475 4609 693 4680 Corpus
748 4612 897 4677 omni
951 4626 1019 4666 ea
1078 4621 1230 4683 parte
1296 4616 1657 4686 compositum
1720 4629 1839 4681 est,
1897 4622 2043 4691 quod

475 4709 659 4757 autem
692 4705 1054 4774 compositum
1089 4716 1193 4772 est,
1236 4707 1289 4762 id
1322 4722 1482 4765 nemo
1509 4709 1891 4769 indissolubile
1922 4729 2047 4771 esse

478 4795 721 4860 dixerit;
756 4808 811 4853 at
836 4800 983 4867 quod
1016 4799 1238 4855 dissolvi
1280 4812 1479 4871 potest,
1522 4805 1797 4874 corrumpi
1830 4815 2045 4876 potest;

474 4898 563 4945 est
603 4891 766 4962 igitur
814 4905 944 4945 caro
987 4893 1325 4962 corruptioni
1376 4893 1645 4964 subjecta.
1694 4896 1909 4954 Rursus
1938 4897 2047 4970 Cy-

478 4983 657 5045 rillus.
711 4991 860 5038 tomo
898 4986 1061 5041 tertio
1108 4984 1499 5041 Comtuentarii
1545 4986 1600 5042 itt
1650 4988 1945 5059 Epistulam
1979 4991 2046 5047 ad

478 5075 814 5131 Corinthios.
844 5076 940 5133 Est
968 5077 1213 5148 quidem,
1258 5080 1357 5144 ait,
1398 5093 1529 5135 caro
1567 5089 1762 5137 natura
1797 5097 1898 5138 sua
1924 5098 2046 5139 cor-

478 5170 722 5240 ruptioni
764 5170 997 5225 obnoxia
1036 5187 1052 5227 :
1088 5172 1181 5226 sed
1210 5182 1391 5228 tamen
1430 5188 1525 5243 per
1549 5175 1803 5229 virtutem
1836 5173 1929 5230 Dei
1957 5175 2045 5231 cui

476 5263 637 5332 plane
672 5261 804 5317 nihil
846 5272 928 5317 est
959 5261 1193 5331 diflicile,
1241 5264 1415 5335 ipsam
1446 5277 1759 5336 superasset
1794 5276 2042 5325 naturam

478 5367 642 5429 atque
672 5356 727 5411 in
761 5358 867 5412 vita
915 5358 1244 5429 sempiterna
1276 5358 1469 5415 fuisset
1518 5370 1873 5419 conservatus
1904 5362 2047 5418 Atla-

476 5466 625 5512 mus.
658 5451 706 5505 si
738 5451 907 5521 legem
938 5452 1101 5521 impie
1140 5466 1253 5507 non
1287 5452 1565 5509 violasset.
1598 5454 1860 5510 Dominus
1884 5454 2049 5511 Seve-

480 5555 576 5595 rus
616 5540 766 5607 item,
816 5542 1066 5596 oratiune
1114 5557 1277 5611 quam
1329 5544 1590 5600 adversus
1644 5543 2045 5602 Felicissimum

478 5630 738 5701 scripsit,
791 5632 906 5687 haec
950 5635 1264 5691 summatim
1320 5636 1483 5693 habet
1518 5653 1531 5689 :
1566 5638 1769 5710 Suapte
1823 5638 2044 5709 quidem

479 5734 673 5781 natura
707 5725 936 5781 mortale
966 5734 1019 5781 et
1040 5727 1387 5795 corruptibile
1414 5739 1529 5786 erat
1552 5745 1777 5802 corpus,
1809 5731 2043 5801 atquein

2162 4442 2257 4499 Dei
2289 4457 2547 4513 persona.
2575 4444 2642 4498 ad
2691 4445 2888 4513 solem,
2918 4446 3102 4501 lunam
3134 4455 3469 4515 cretei-asque
3495 4443 3721 4500 stellas:

2154 4530 2425 4600 Quoniam
2453 4533 2559 4591 orti
2587 4533 2740 4599 estis,
2775 4534 3113 4592 immortales
3144 4549 3241 4591 vos
3272 4535 3490 4605 quidem
3520 4548 3642 4611 esse
3669 4542 3724 4589 et

2118 4612 2575 4684 ‘iudissolubiles
2649 4640 2758 4683 non
2830 4627 3095 4695 potestis,
3163 4628 3480 4697 neutiquam
3539 4635 3718 4682 tamen

2151 4715 2552 4786 dissolvetnini,
2590 4730 2694 4772 nec
2732 4730 2830 4773 vos
2877 4716 2987 4772 ulla
3038 4715 3232 4772 mortis
3270 4715 3378 4771 fata
3429 4716 3722 4787 periment,

2153 4818 2375 4877 propter
2403 4808 2701 4864 consilium
2739 4816 2989 4864 nostrum
3022 4808 3171 4880 quod
3202 4806 3381 4876 majus
3409 4816 3496 4861 est
3530 4806 3720 4861 vincu-

2152 4900 2265 4955 lum
2297 4916 2464 4969 quam
2507 4900 2588 4957 vis
2639 4901 2749 4956 ulla
2801 4914 2925 4971 qua:
2961 4901 3118 4957 vobis
3153 4900 3386 4956 accidat.
3420 4897 3504 4954 τυ
3545 4898 3723 4957 Plato-

2153 5008 2277 5047 nem
2306 4994 2391 5047 vis
2440 5006 2569 5047 vera
2603 4993 2807 5056 dicere.
2837 5002 2894 5048 et
2938 5007 3042 5049 nos
3073 4990 3208 5048 lost
3256 5006 3366 5047 non
3412 4990 3721 5055 credemus.

2150 5083 2244 5151 qui
2298 5083 2377 5137 ait
2432 5083 2710 5138 hominem
2766 5097 2876 5138 non
2930 5082 3106 5139 fuisse
3152 5079 3585 5148 dissolvendum,
3645 5077 3722 5134 ita

2151 5175 2369 5229 volente
2401 5173 2557 5230 Deo?
2596 5172 2850 5231 Profecto
2884 5174 3308 5247 haudquaquam
3350 5171 3573 5229 diiticile
3612 5168 3722 5227 [ιω

2151 5266 2370 5337 fuisset,
2401 5284 2527 5325 eum
2561 5269 2653 5340 qui
2676 5283 2705 5324 a
2737 5267 3093 5340 corruptione
3122 5266 3515 5337 occupabatur.
3541 5280 3719 5336 quan-

2152 5371 2267 5418 tunt
2322 5363 2389 5417 ad
2419 5363 2591 5433 ipsam
2619 5362 2742 5432 ejus
2792 5370 3045 5416 naturam
3094 5358 3397 5431 spectabat,
3430 5372 3658 5429 prorsus
3685 5374 3717 5413 a

2150 5456 2503 5524 corruptione
2524 5456 2805 5511 vindicare
2831 5462 2996 5525 atque
3018 5466 3265 5510 asserere
3298 5451 3355 5506 in
3375 5452 3541 5506 vitam
3569 5464 3717 5506 sem-

2152 5548 2443 5619 piternam.
2498 5546 2671 5617 Igitur
2717 5546 2822 5601 nisi
2858 5546 2926 5601 de
2973 5545 3173 5601 arbore
3222 5542 3451 5610 edisset,
3486 5547 3715 5597 mortem

2153 5654 2259 5694 non
2307 5639 2571 5694 obirissct
2602 5638 2892 5705 Adamus;
2927 5645 2981 5693 et
3025 5636 3152 5710 quia
3199 5635 3330 5700 edit,
3361 5635 3515 5691 obiit.
3547 5633 3717 5691 Carte-

2154 5747 2275 5788 rum
2310 5731 2463 5787 Plato
2512 5733 2653 5787 haud
2706 5740 2851 5787 recte
2888 5730 2983 5795 ait,
3037 5730 3233 5796 solem,
3276 5728 3484 5796 lunam,
3533 5725 3717 5784 stellas
