  <div class='ocr_page' id='page_1' title='image "/cluster/home/n/w/nwhite01/storage/ocr_20150623/111/mdp.39015009379887/310.png"; bbox 0 0 4082 6160; ppageno 0'>
   <div class='ocr_carea' id='block_1_1' title="bbox 420 320 526 386">
    <p class='ocr_par' dir='ltr' id='par_1_1' title="bbox 420 320 526 386">
     <span class='ocr_line' id='line_1_1' title="bbox 420 320 526 386; baseline 0.009 -1"><span class='ocrx_word' id='word_1_1' title='bbox 420 320 526 386; x_wconf 73' lang='grc' dir='ltr'><strong>ωε</strong></span> 
     </span>
    </p>
   </div>
   <div class='ocr_carea' id='block_1_2' title="bbox 1530 325 2566 391">
    <p class='ocr_par' dir='ltr' id='par_1_2' title="bbox 1530 325 2566 391">
     <span class='ocr_line' id='line_1_2' title="bbox 1530 325 2566 391; baseline -0.004 0"><span class='ocrx_word' id='word_1_2' title='bbox 1530 329 1624 391; x_wconf 84' lang='lat' dir='ltr'><strong>DE</strong></span> <span class='ocrx_word' id='word_1_3' title='bbox 1665 325 2070 390; x_wconf 72' lang='lat' dir='ltr'><strong>PARADISO.</strong></span> <span class='ocrx_word' id='word_1_4' title='bbox 2110 353 2177 365; x_wconf 87' lang='lat'><em>-</em></span> <span class='ocrx_word' id='word_1_5' title='bbox 2217 327 2407 389; x_wconf 69' lang='lat' dir='ltr'><strong>PARS</strong></span> <span class='ocrx_word' id='word_1_6' title='bbox 2450 328 2566 387; x_wconf 85' lang='lat' dir='ltr'>III.</span> 
     </span>
    </p>
   </div>
   <div class='ocr_carea' id='block_1_3' title="bbox 3570 326 3669 387">
    <p class='ocr_par' dir='ltr' id='par_1_3' title="bbox 3570 326 3669 387">
     <span class='ocr_line' id='line_1_3' title="bbox 3570 326 3669 387; baseline 0.01 -1"><span class='ocrx_word' id='word_1_7' title='bbox 3570 326 3669 387; x_wconf 70' lang='lat'><strong>(306</strong></span> 
     </span>
    </p>
   </div>
   <div class='ocr_carea' id='block_1_4' title="bbox 423 434 3671 513">
    <p class='ocr_par' dir='ltr' id='par_1_4' title="bbox 423 434 3671 513">
     <span class='ocr_line' id='line_1_4' title="bbox 423 434 3671 513; baseline 0.001 -21"><span class='ocrx_word' id='word_1_8' title='bbox 423 445 651 492; x_wconf 66' lang='lat' dir='ltr'><strong>caeteras</strong></span> <span class='ocrx_word' id='word_1_9' title='bbox 695 434 1036 497; x_wconf 89' lang='lat' dir='ltr'><strong>immortales</strong></span> <span class='ocrx_word' id='word_1_10' title='bbox 1078 452 1224 505; x_wconf 85' lang='lat' dir='ltr'><strong>esse.</strong></span> <span class='ocrx_word' id='word_1_11' title='bbox 1258 442 1458 513; x_wconf 83' lang='lat' dir='ltr'><strong>quippe</strong></span> <span class='ocrx_word' id='word_1_12' title='bbox 1488 457 1608 512; x_wconf 71' lang='lat' dir='ltr'><strong>qua:</strong></span> <span class='ocrx_word' id='word_1_13' title='bbox 1639 442 1821 497; x_wconf 83' lang='lat' dir='ltr'><strong>anima</strong></span> <span class='ocrx_word' id='word_1_14' title='bbox 1857 440 1993 495; x_wconf 67' lang='lat' dir='ltr'><strong>\‘ita-</strong></span> <span class='ocrx_word' id='word_1_15' title='bbox 2023 448 2066 502; x_wconf 81' lang='grc' dir='ltr'><strong>Α</strong></span> <span class='ocrx_word' id='word_1_16' title='bbox 2101 449 2264 510; x_wconf 79' lang='lat' dir='ltr'><strong>atque</strong></span> <span class='ocrx_word' id='word_1_17' title='bbox 2312 438 2479 509; x_wconf 81' lang='lat' dir='ltr'><strong>hujus</strong></span> <span class='ocrx_word' id='word_1_18' title='bbox 2533 440 2751 509; x_wconf 78' lang='lat' dir='ltr'><strong>generis</strong></span> <span class='ocrx_word' id='word_1_19' title='bbox 2787 438 2912 504; x_wconf 76' lang='lat' dir='ltr'><strong>alia,</strong></span> <span class='ocrx_word' id='word_1_20' title='bbox 2962 438 3238 495; x_wconf 81' lang='lat' dir='ltr'><strong>diversum</strong></span> <span class='ocrx_word' id='word_1_21' title='bbox 3292 441 3422 509; x_wconf 69' lang='lat' dir='ltr'><strong>qu’d</strong></span> <span class='ocrx_word' id='word_1_22' title='bbox 3481 440 3550 494; x_wconf 87' lang='lat' dir='ltr'><strong>ah</strong></span> <span class='ocrx_word' id='word_1_23' title='bbox 3605 458 3671 496; x_wconf 82' lang='lat' dir='ltr'><strong>eo</strong></span> 
     </span>
    </p>
   </div>
   <div class='ocr_carea' id='block_1_5' title="bbox 423 536 813 598">
    <p class='ocr_par' dir='ltr' id='par_1_5' title="bbox 423 536 813 598">
     <span class='ocr_line' id='line_1_5' title="bbox 423 536 813 598; baseline 0 -15"><span class='ocrx_word' id='word_1_24' title='bbox 423 540 533 598; x_wconf 83' lang='lat' dir='ltr'><strong>quo</strong></span> <span class='ocrx_word' id='word_1_25' title='bbox 568 536 813 584; x_wconf 89' lang='lat' dir='ltr'><strong>careant.</strong></span> 
     </span>
    </p>
   </div>
   <div class='ocr_carea' id='block_1_6' title="bbox 1004 618 1415 679">
    <p class='ocr_par' dir='ltr' id='par_1_6' title="bbox 1004 618 1415 679">
     <span class='ocr_line' id='line_1_6' title="bbox 1004 618 1415 679; baseline 0.007 -3"><span class='ocrx_word' id='word_1_26' title='bbox 1004 618 1236 679; x_wconf 81' lang='lat' dir='ltr'><strong>CAPUT</strong></span> <span class='ocrx_word' id='word_1_27' title='bbox 1274 620 1415 679; x_wconf 79' lang='lat' dir='ltr'>VIII.</span> 
     </span>
    </p>
   </div>
   <div class='ocr_carea' id='block_1_7' title="bbox 424 708 1996 841">
    <p class='ocr_par' dir='ltr' id='par_1_7' title="bbox 424 708 1996 841">
     <span class='ocr_line' id='line_1_7' title="bbox 424 708 1996 841; baseline 0.001 -72"><span class='ocrx_word' id='word_1_28' title='bbox 424 708 667 783; x_wconf 68' lang='lat' dir='ltr'><strong>Objectio</strong></span> <span class='ocrx_word' id='word_1_29' title='bbox 717 711 978 769; x_wconf 77' lang='lat' dir='ltr'><strong>Theodori</strong></span> <span class='ocrx_word' id='word_1_30' title='bbox 1013 721 1066 771; x_wconf 83' lang='lat' dir='ltr'><strong>et</strong></span> <span class='ocrx_word' id='word_1_31' title='bbox 1098 712 1361 841; x_wconf 47' lang='lat' dir='ltr'><strong>Ixzstorii,</strong></span> <span class='ocrx_word' id='word_1_32' title='bbox 1405 726 1561 788; x_wconf 80' lang='lat' dir='ltr'><strong>atque</strong></span> <span class='ocrx_word' id='word_1_33' title='bbox 1595 715 1709 785; x_wconf 78' lang='lat' dir='ltr'><strong>ejus</strong></span> <span class='ocrx_word' id='word_1_34' title='bbox 1748 715 1996 785; x_wconf 77' lang='lat' dir='ltr'><strong>factionis</strong></span> 
     </span>
     <span class='ocr_line' id='line_1_8' title="bbox 1080 801 1334 841; baseline 0.004 -1"><span class='ocrx_word' id='word_1_35' title='bbox 1080 801 1114 840; x_wconf 75' lang='grc' dir='ltr'><strong><em>α</em></strong></span> <span class='ocrx_word' id='word_1_36' title='bbox 1195 802 1334 841; x_wconf 78' lang='lat' dir='ltr'><strong>ram.</strong></span> 
     </span>
    </p>
   </div>
   <div class='ocr_carea' id='block_1_8' title="bbox 497 874 1997 970">
    <p class='ocr_par' dir='ltr' id='par_1_8' title="bbox 497 874 1997 970">
     <span class='ocr_line' id='line_1_9' title="bbox 497 874 1997 970; baseline 0.001 -17"><span class='ocrx_word' id='word_1_37' title='bbox 497 893 670 953; x_wconf 75' lang='lat' dir='ltr'><strong>Aiunt</strong></span> <span class='ocrx_word' id='word_1_38' title='bbox 702 892 1029 957; x_wconf 78' lang='lat' dir='ltr'><strong>Theodorus</strong></span> <span class='ocrx_word' id='word_1_39' title='bbox 1074 906 1133 955; x_wconf 86' lang='lat' dir='ltr'><strong>et</strong></span> <span class='ocrx_word' id='word_1_40' title='bbox 1180 874 1467 957; x_wconf 76' lang='lat' dir='ltr'><strong>Nestorius</strong></span> <span class='ocrx_word' id='word_1_41' title='bbox 1508 898 1710 969; x_wconf 83' lang='lat' dir='ltr'><strong>aliique</strong></span> <span class='ocrx_word' id='word_1_42' title='bbox 1755 897 1846 970; x_wconf 88' lang='lat' dir='ltr'><strong>qui</strong></span> <span class='ocrx_word' id='word_1_43' title='bbox 1892 897 1997 954; x_wconf 76' lang='lat' dir='ltr'><strong>lius</strong></span> 
     </span>
    </p>
   </div>
   <div class='ocr_carea' id='block_1_9' title="bbox 421 989 1989 1064">
    <p class='ocr_par' dir='ltr' id='par_1_9' title="bbox 421 989 1989 1064">
     <span class='ocr_line' id='line_1_10' title="bbox 421 989 1989 1064; baseline 0.003 -21"><span class='ocrx_word' id='word_1_44' title='bbox 421 995 756 1059; x_wconf 72' lang='lat' dir='ltr'><strong>sequuntur,</strong></span> <span class='ocrx_word' id='word_1_45' title='bbox 787 997 1021 1047; x_wconf 87' lang='lat' dir='ltr'><strong>mortem</strong></span> <span class='ocrx_word' id='word_1_46' title='bbox 1059 1004 1172 1047; x_wconf 86' lang='lat' dir='ltr'><strong>non</strong></span> <span class='ocrx_word' id='word_1_47' title='bbox 1196 989 1268 1047; x_wconf 87' lang='lat' dir='ltr'><strong>ob</strong></span> <span class='ocrx_word' id='word_1_48' title='bbox 1295 998 1578 1064; x_wconf 86' lang='lat' dir='ltr'><strong>peccatum</strong></span> <span class='ocrx_word' id='word_1_49' title='bbox 1614 994 1858 1064; x_wconf 84' lang='lat' dir='ltr'><strong>legemve</strong></span> <span class='ocrx_word' id='word_1_50' title='bbox 1894 990 1989 1049; x_wconf 89' lang='lat' dir='ltr'><strong>Dei</strong></span> 
     </span>
    </p>
   </div>
   <div class='ocr_carea' id='block_1_10' title="bbox 421 1077 1994 1154">
    <p class='ocr_par' dir='ltr' id='par_1_10' title="bbox 421 1077 1994 1154">
     <span class='ocr_line' id='line_1_11' title="bbox 421 1077 1994 1154; baseline 0.003 -21"><span class='ocrx_word' id='word_1_51' title='bbox 421 1077 710 1145; x_wconf 89' lang='lat' dir='ltr'><strong>violatam.</strong></span> <span class='ocrx_word' id='word_1_52' title='bbox 752 1078 1024 1138; x_wconf 84' lang='lat' dir='ltr'><strong>invasisse</strong></span> <span class='ocrx_word' id='word_1_53' title='bbox 1054 1093 1231 1154; x_wconf 79' lang='lat' dir='ltr'><strong>genus</strong></span> <span class='ocrx_word' id='word_1_54' title='bbox 1265 1079 1592 1148; x_wconf 88' lang='lat' dir='ltr'><strong>humanum,</strong></span> <span class='ocrx_word' id='word_1_55' title='bbox 1629 1084 1722 1139; x_wconf 71' lang='lat' dir='ltr'><strong>sed</strong></span> <span class='ocrx_word' id='word_1_56' title='bbox 1774 1083 1994 1139; x_wconf 79' lang='lat' dir='ltr'><strong>mortali</strong></span> 
     </span>
    </p>
   </div>
   <div class='ocr_carea' id='block_1_11' title="bbox 423 1171 1997 1247">
    <p class='ocr_par' dir='ltr' id='par_1_11' title="bbox 423 1171 1997 1247">
     <span class='ocr_line' id='line_1_12' title="bbox 423 1171 1997 1247; baseline 0.004 -22"><span class='ocrx_word' id='word_1_57' title='bbox 423 1183 527 1227; x_wconf 85' lang='lat' dir='ltr'><strong>tos</strong></span> <span class='ocrx_word' id='word_1_58' title='bbox 564 1171 887 1230; x_wconf 76' lang='lat' dir='ltr'><strong>conditione</strong></span> <span class='ocrx_word' id='word_1_59' title='bbox 924 1187 955 1229; x_wconf 95' lang='lat' dir='ltr'><strong>a</strong></span> <span class='ocrx_word' id='word_1_60' title='bbox 992 1171 1107 1229; x_wconf 82' lang='lat' dir='ltr'><strong>Deo</strong></span> <span class='ocrx_word' id='word_1_61' title='bbox 1146 1173 1362 1247; x_wconf 81' lang='lat' dir='ltr'><strong>genitos</strong></span> <span class='ocrx_word' id='word_1_62' title='bbox 1392 1189 1553 1240; x_wconf 86' lang='lat' dir='ltr'><strong>esse;</strong></span> <span class='ocrx_word' id='word_1_63' title='bbox 1589 1190 1765 1247; x_wconf 85' lang='lat' dir='ltr'><strong>neque</strong></span> <span class='ocrx_word' id='word_1_64' title='bbox 1799 1189 1997 1246; x_wconf 88' lang='lat' dir='ltr'><strong>quem-</strong></span> 
     </span>
    </p>
   </div>
   <div class='ocr_carea' id='block_1_12' title="bbox 419 1264 1997 1339">
    <p class='ocr_par' dir='ltr' id='par_1_12' title="bbox 419 1264 1997 1339">
     <span class='ocr_line' id='line_1_13' title="bbox 419 1264 1997 1339; baseline 0.003 -19"><span class='ocrx_word' id='word_1_65' title='bbox 419 1280 589 1336; x_wconf 83' lang='lat' dir='ltr'><strong>quam</strong></span> <span class='ocrx_word' id='word_1_66' title='bbox 647 1264 756 1319; x_wconf 87' lang='lat' dir='ltr'><strong>ulla</strong></span> <span class='ocrx_word' id='word_1_67' title='bbox 821 1264 1035 1322; x_wconf 91' lang='lat' dir='ltr'><strong>ratione</strong></span> <span class='ocrx_word' id='word_1_68' title='bbox 1081 1265 1277 1324; x_wconf 85' lang='lat' dir='ltr'><strong>mortis</strong></span> <span class='ocrx_word' id='word_1_69' title='bbox 1330 1265 1624 1324; x_wconf 85' lang='lat' dir='ltr'><strong>terminum</strong></span> <span class='ocrx_word' id='word_1_70' title='bbox 1677 1284 1841 1339; x_wconf 84' lang='lat' dir='ltr'><strong>quem</strong></span> <span class='ocrx_word' id='word_1_71' title='bbox 1906 1268 1997 1325; x_wconf 87' lang='lat' dir='ltr'><strong>ille</strong></span> 
     </span>
    </p>
   </div>
   <div class='ocr_carea' id='block_1_13' title="bbox 425 1358 1996 1435">
    <p class='ocr_par' dir='ltr' id='par_1_13' title="bbox 425 1358 1996 1435">
     <span class='ocr_line' id='line_1_14' title="bbox 425 1358 1996 1435; baseline 0.003 -21"><span class='ocrx_word' id='word_1_72' title='bbox 425 1368 618 1416; x_wconf 85' lang='lat' dir='ltr'><strong>nostro</strong></span> <span class='ocrx_word' id='word_1_73' title='bbox 677 1358 868 1427; x_wconf 79' lang='lat' dir='ltr'><strong>generi</strong></span> <span class='ocrx_word' id='word_1_74' title='bbox 923 1368 1243 1435; x_wconf 73' lang='lat' dir='ltr'><strong>natumque</strong></span> <span class='ocrx_word' id='word_1_75' title='bbox 1295 1362 1703 1434; x_wconf 68' lang='lat' dir='ltr'><strong>praestitum-at.</strong></span> <span class='ocrx_word' id='word_1_76' title='bbox 1762 1363 1996 1420; x_wconf 73' lang='lat' dir='ltr'><strong>vivendo</strong></span> 
     </span>
    </p>
   </div>
   <div class='ocr_carea' id='block_1_14' title="bbox 422 1451 1992 1526">
    <p class='ocr_par' dir='ltr' id='par_1_14' title="bbox 422 1451 1992 1526">
     <span class='ocr_line' id='line_1_15' title="bbox 422 1451 1992 1526; baseline 0.003 -17"><span class='ocrx_word' id='word_1_77' title='bbox 422 1463 898 1526; x_wconf 84' lang='lat' dir='ltr'><strong>transgressurum</strong></span> <span class='ocrx_word' id='word_1_78' title='bbox 949 1451 1161 1523; x_wconf 74' lang='lat' dir='ltr'><strong>fuisse.</strong></span> <span class='ocrx_word' id='word_1_79' title='bbox 1220 1456 1385 1513; x_wconf 89' lang='lat' dir='ltr'><strong>etiam</strong></span> <span class='ocrx_word' id='word_1_80' title='bbox 1446 1456 1494 1514; x_wconf 91' lang='lat' dir='ltr'><strong>si</strong></span> <span class='ocrx_word' id='word_1_81' title='bbox 1580 1454 1820 1513; x_wconf 81' lang='lat' dir='ltr'><strong>Adamus</strong></span> <span class='ocrx_word' id='word_1_82' title='bbox 1882 1471 1992 1513; x_wconf 88' lang='lat' dir='ltr'><strong>non</strong></span> 
     </span>
    </p>
   </div>
   <div class='ocr_carea' id='block_1_15' title="bbox 418 1541 1993 1617">
    <p class='ocr_par' dir='ltr' id='par_1_15' title="bbox 418 1541 1993 1617">
     <span class='ocr_line' id='line_1_16' title="bbox 418 1541 1993 1617; baseline 0.001 -17"><span class='ocrx_word' id='word_1_83' title='bbox 418 1541 747 1617; x_wconf 87' lang='lat' dir='ltr'><strong>deliquisset</strong></span> <span class='ocrx_word' id='word_1_84' title='bbox 778 1561 793 1600; x_wconf 87' lang='lat'><strong>:</strong></span> <span class='ocrx_word' id='word_1_85' title='bbox 828 1544 998 1601; x_wconf 89' lang='lat' dir='ltr'><strong>multa</strong></span> <span class='ocrx_word' id='word_1_86' title='bbox 1022 1544 1167 1601; x_wconf 91' lang='lat' dir='ltr'><strong>enim</strong></span> <span class='ocrx_word' id='word_1_87' title='bbox 1198 1544 1437 1602; x_wconf 86' lang='lat' dir='ltr'><strong>absurda</strong></span> <span class='ocrx_word' id='word_1_88' title='bbox 1471 1547 1759 1617; x_wconf 85' lang='lat' dir='ltr'><strong>consequi,</strong></span> <span class='ocrx_word' id='word_1_89' title='bbox 1794 1546 1900 1602; x_wconf 88' lang='lat' dir='ltr'><strong>nisi</strong></span> <span class='ocrx_word' id='word_1_90' title='bbox 1939 1547 1993 1603; x_wconf 97' lang='lat' dir='ltr'><strong>id</strong></span> 
     </span>
    </p>
   </div>
   <div class='ocr_carea' id='block_1_16' title="bbox 424 1634 1995 1709">
    <p class='ocr_par' dir='ltr' id='par_1_16' title="bbox 424 1634 1995 1709">
     <span class='ocr_line' id='line_1_17' title="bbox 424 1634 1995 1709; baseline -0.003 -14"><span class='ocrx_word' id='word_1_91' title='bbox 424 1637 500 1695; x_wconf 90' lang='lat' dir='ltr'><strong>ita</strong></span> <span class='ocrx_word' id='word_1_92' title='bbox 533 1652 658 1697; x_wconf 87' lang='lat' dir='ltr'><strong>esse</strong></span> <span class='ocrx_word' id='word_1_93' title='bbox 691 1645 1019 1696; x_wconf 70' lang='lat' dir='ltr'><strong>statuamus.</strong></span> <span class='ocrx_word' id='word_1_94' title='bbox 1050 1634 1156 1706; x_wconf 82' lang='lat' dir='ltr'><strong>Qui</strong></span> <span class='ocrx_word' id='word_1_95' title='bbox 1188 1636 1359 1701; x_wconf 86' lang='lat' dir='ltr'><strong>enim.</strong></span> <span class='ocrx_word' id='word_1_96' title='bbox 1394 1635 1672 1709; x_wconf 81' lang='lat' dir='ltr'><strong>inquiunt,</strong></span> <span class='ocrx_word' id='word_1_97' title='bbox 1708 1637 1995 1693; x_wconf 72' lang='lat' dir='ltr'><strong>conveniet</strong></span> 
     </span>
    </p>
   </div>
   <div class='ocr_carea' id='block_1_17' title="bbox 2098 532 3670 602">
    <p class='ocr_par' dir='ltr' id='par_1_17' title="bbox 2098 532 3670 602">
     <span class='ocr_line' id='line_1_18' title="bbox 2098 532 3670 602; baseline -0.001 -17"><span class='ocrx_word' id='word_1_98' title='bbox 2098 532 2408 601; x_wconf 80' lang='lat' dir='ltr'><strong>signiﬁcare</strong></span> <span class='ocrx_word' id='word_1_99' title='bbox 2433 533 2575 602; x_wconf 85' lang='lat' dir='ltr'><strong>quod</strong></span> <span class='ocrx_word' id='word_1_100' title='bbox 2608 533 2773 587; x_wconf 85' lang='lat' dir='ltr'><strong>verba</strong></span> <span class='ocrx_word' id='word_1_101' title='bbox 2798 532 2984 587; x_wconf 86' lang='lat' dir='ltr'><strong>audita</strong></span> <span class='ocrx_word' id='word_1_102' title='bbox 3023 548 3133 602; x_wconf 58' lang='lat' dir='ltr'><strong>prae</strong></span> <span class='ocrx_word' id='word_1_103' title='bbox 3165 548 3222 586; x_wconf 86' lang='lat' dir='ltr'><strong>se</strong></span> <span class='ocrx_word' id='word_1_104' title='bbox 3248 532 3450 587; x_wconf 73' lang='lat' dir='ltr'><strong>Ierttttl.</strong></span> <span class='ocrx_word' id='word_1_105' title='bbox 3484 533 3670 602; x_wconf 84' lang='lat' dir='ltr'><strong>itaque</strong></span> 
     </span>
    </p>
   </div>
   <div class='ocr_carea' id='block_1_18' title="bbox 2100 624 3671 694">
    <p class='ocr_par' dir='ltr' id='par_1_18' title="bbox 2100 624 3671 694">
     <span class='ocr_line' id='line_1_19' title="bbox 2100 624 3671 694; baseline -0.001 -16"><span class='ocrx_word' id='word_1_106' title='bbox 2100 639 2195 692; x_wconf 71' lang='lat' dir='ltr'><strong>per</strong></span> <span class='ocrx_word' id='word_1_107' title='bbox 2219 632 2437 691; x_wconf 83' lang='lat' dir='ltr'><strong>tropum</strong></span> <span class='ocrx_word' id='word_1_108' title='bbox 2476 624 2728 679; x_wconf 87' lang='lat' dir='ltr'><strong>similiter</strong></span> <span class='ocrx_word' id='word_1_109' title='bbox 2771 624 3082 694; x_wconf 80' lang='lat' dir='ltr'><strong>accipienda</strong></span> <span class='ocrx_word' id='word_1_110' title='bbox 3112 640 3233 679; x_wconf 83' lang='lat' dir='ltr'><strong>esse</strong></span> <span class='ocrx_word' id='word_1_111' title='bbox 3267 642 3327 677; x_wconf 80' lang='lat' dir='ltr'><strong>ea</strong></span> <span class='ocrx_word' id='word_1_112' title='bbox 3360 626 3522 679; x_wconf 58' lang='grc' dir='ltr'><strong>τελε-ιω</strong></span> <span class='ocrx_word' id='word_1_113' title='bbox 3554 640 3671 694; x_wconf 71' lang='lat' dir='ltr'><strong>que</strong></span> 
     </span>
    </p>
   </div>
   <div class='ocr_carea' id='block_1_19' title="bbox 2100 714 3642 786">
    <p class='ocr_par' dir='ltr' id='par_1_19' title="bbox 2100 714 3642 786">
     <span class='ocr_line' id='line_1_20' title="bbox 2100 714 3642 786; baseline 0.002 -18"><span class='ocrx_word' id='word_1_114' title='bbox 2100 714 2263 770; x_wconf 85' lang='lat' dir='ltr'><strong>nobis</strong></span> <span class='ocrx_word' id='word_1_115' title='bbox 2306 716 2575 770; x_wconf 84' lang='lat' dir='ltr'><strong>Adamum</strong></span> <span class='ocrx_word' id='word_1_116' title='bbox 2628 731 2655 769; x_wconf 91' lang='lat' dir='ltr'><strong>a</strong></span> <span class='ocrx_word' id='word_1_117' title='bbox 2694 715 2804 771; x_wconf 75' lang='lat' dir='ltr'><strong>Deo</strong></span> <span class='ocrx_word' id='word_1_118' title='bbox 2850 717 3135 771; x_wconf 80' lang='lat' dir='ltr'><strong>mortalem</strong></span> <span class='ocrx_word' id='word_1_119' title='bbox 3168 726 3361 771; x_wconf 83' lang='lat' dir='ltr'><strong>natura</strong></span> <span class='ocrx_word' id='word_1_120' title='bbox 3415 732 3642 786; x_wconf 69' lang='lat' dir='ltr'><strong>prorrca</strong></span> 
     </span>
    </p>
   </div>
   <div class='ocr_carea' id='block_1_20' title="bbox 2099 808 3670 880">
    <p class='ocr_par' dir='ltr' id='par_1_20' title="bbox 2099 808 3670 880">
     <span class='ocr_line' id='line_1_21' title="bbox 2099 808 3670 880; baseline 0.001 -19"><span class='ocrx_word' id='word_1_121' title='bbox 2099 815 2215 863; x_wconf 91' lang='lat' dir='ltr'><strong>tum</strong></span> <span class='ocrx_word' id='word_1_122' title='bbox 2264 818 2592 872; x_wconf 88' lang='lat' dir='ltr'><strong>memorant,</strong></span> <span class='ocrx_word' id='word_1_123' title='bbox 2637 822 2703 864; x_wconf 87' lang='lat' dir='ltr'><strong>ac</strong></span> <span class='ocrx_word' id='word_1_124' title='bbox 2752 808 2952 864; x_wconf 88' lang='lat' dir='ltr'><strong>deinde</strong></span> <span class='ocrx_word' id='word_1_125' title='bbox 2984 809 3153 878; x_wconf 82' lang='lat' dir='ltr'><strong>lt-gem</strong></span> <span class='ocrx_word' id='word_1_126' title='bbox 3207 811 3310 880; x_wconf 86' lang='lat' dir='ltr'><strong>ipsi</strong></span> <span class='ocrx_word' id='word_1_127' title='bbox 3359 811 3670 880; x_wconf 74' lang='lat' dir='ltr'><strong>impositam</strong></span> 
     </span>
    </p>
   </div>
   <div class='ocr_carea' id='block_1_21' title="bbox 2097 901 3673 967">
    <p class='ocr_par' dir='ltr' id='par_1_21' title="bbox 2097 901 3673 967">
     <span class='ocr_line' id='line_1_22' title="bbox 2097 901 3673 967; baseline -0.001 -9"><span class='ocrx_word' id='word_1_128' title='bbox 2097 901 2293 967; x_wconf 77' lang='lat' dir='ltr'><strong>fuisse,</strong></span> <span class='ocrx_word' id='word_1_129' title='bbox 2346 912 2406 956; x_wconf 93' lang='lat' dir='ltr'><strong>ut</strong></span> <span class='ocrx_word' id='word_1_130' title='bbox 2447 903 2492 958; x_wconf 89' lang='lat' dir='ltr'><strong>si</strong></span> <span class='ocrx_word' id='word_1_131' title='bbox 2548 902 2729 958; x_wconf 85' lang='lat' dir='ltr'><strong>ederet</strong></span> <span class='ocrx_word' id='word_1_132' title='bbox 2772 903 2840 958; x_wconf 89' lang='lat' dir='ltr'><strong>de</strong></span> <span class='ocrx_word' id='word_1_133' title='bbox 2889 902 3097 958; x_wconf 78' lang='lat' dir='ltr'><strong>arbore</strong></span> <span class='ocrx_word' id='word_1_134' title='bbox 3148 902 3263 966; x_wconf 83' lang='lat' dir='ltr'><strong>illa,</strong></span> <span class='ocrx_word' id='word_1_135' title='bbox 3318 911 3673 963; x_wconf 76' lang='lat' dir='ltr'><strong>moreretur:</strong></span> 
     </span>
    </p>
   </div>
   <div class='ocr_carea' id='block_1_22' title="bbox 2096 993 3671 1064">
    <p class='ocr_par' dir='ltr' id='par_1_22' title="bbox 2096 993 3671 1064">
     <span class='ocr_line' id='line_1_23' title="bbox 2096 993 3671 1064; baseline 0.001 -15"><span class='ocrx_word' id='word_1_136' title='bbox 2096 1009 2292 1064; x_wconf 82' lang='lat' dir='ltr'><strong>nempe</strong></span> <span class='ocrx_word' id='word_1_137' title='bbox 2344 1002 2401 1047; x_wconf 93' lang='lat' dir='ltr'><strong>ut</strong></span> <span class='ocrx_word' id='word_1_138' title='bbox 2452 1008 2576 1048; x_wconf 78' lang='lat' dir='ltr'><strong>eum</strong></span> <span class='ocrx_word' id='word_1_139' title='bbox 2641 994 2856 1049; x_wconf 72' lang='lat' dir='ltr'><strong>audiret</strong></span> <span class='ocrx_word' id='word_1_140' title='bbox 2902 994 3142 1049; x_wconf 71' lang='lat' dir='ltr'><strong>Aulamus</strong></span> <span class='ocrx_word' id='word_1_141' title='bbox 3192 1008 3253 1049; x_wconf 85' lang='lat' dir='ltr'><strong>se</strong></span> <span class='ocrx_word' id='word_1_142' title='bbox 3289 993 3361 1048; x_wconf 89' lang='lat' dir='ltr'><strong>ob</strong></span> <span class='ocrx_word' id='word_1_143' title='bbox 3413 994 3671 1051; x_wconf 79' lang='lat' dir='ltr'><strong>violatam</strong></span> 
     </span>
    </p>
   </div>
   <div class='ocr_carea' id='block_1_23' title="bbox 2101 1084 3672 1155">
    <p class='ocr_par' dir='ltr' id='par_1_23' title="bbox 2101 1084 3672 1155">
     <span class='ocr_line' id='line_1_24' title="bbox 2101 1084 3672 1155; baseline 0.003 -17"><span class='ocrx_word' id='word_1_144' title='bbox 2101 1084 2273 1155; x_wconf 72' lang='lat' dir='ltr'><strong>legent</strong></span> <span class='ocrx_word' id='word_1_145' title='bbox 2317 1095 2482 1155; x_wconf 85' lang='lat' dir='ltr'><strong>atque</strong></span> <span class='ocrx_word' id='word_1_146' title='bbox 2529 1086 2881 1140; x_wconf 82' lang='lat' dir='ltr'><strong>rcheilionem</strong></span> <span class='ocrx_word' id='word_1_147' title='bbox 2922 1085 3175 1153; x_wconf 80' lang='lat' dir='ltr'><strong>paradiso</strong></span> <span class='ocrx_word' id='word_1_148' title='bbox 3206 1085 3426 1154; x_wconf 78' lang='lat' dir='ltr'><strong>pulsum</strong></span> <span class='ocrx_word' id='word_1_149' title='bbox 3478 1088 3672 1142; x_wconf 81' lang='lat' dir='ltr'><strong>morti-</strong></span> 
     </span>
    </p>
   </div>
   <div class='ocr_carea' id='block_1_24' title="bbox 2098 1174 3669 1247">
    <p class='ocr_par' dir='ltr' id='par_1_24' title="bbox 2098 1174 3669 1247">
     <span class='ocr_line' id='line_1_25' title="bbox 2098 1174 3669 1247; baseline 0.004 -19"><span class='ocrx_word' id='word_1_150' title='bbox 2098 1190 2204 1246; x_wconf 88' lang='lat' dir='ltr'><strong>que</strong></span> <span class='ocrx_word' id='word_1_151' title='bbox 2230 1175 2476 1231; x_wconf 86' lang='lat' dir='ltr'><strong>deditum</strong></span> <span class='ocrx_word' id='word_1_152' title='bbox 2508 1190 2650 1239; x_wconf 87' lang='lat' dir='ltr'><strong>csse,</strong></span> <span class='ocrx_word' id='word_1_153' title='bbox 2682 1174 2809 1230; x_wconf 88' lang='lat' dir='ltr'><strong>odio</strong></span> <span class='ocrx_word' id='word_1_154' title='bbox 2848 1175 3071 1231; x_wconf 72' lang='lat' dir='ltr'><strong>traheret</strong></span> <span class='ocrx_word' id='word_1_155' title='bbox 3100 1176 3416 1247; x_wconf 69' lang='lat' dir='ltr'><strong>fugeretque</strong></span> <span class='ocrx_word' id='word_1_156' title='bbox 3462 1192 3669 1247; x_wconf 72' lang='lat' dir='ltr'><strong>pecco-</strong></span> 
     </span>
    </p>
   </div>
   <div class='ocr_carea' id='block_1_25' title="bbox 2100 1264 3674 1337">
    <p class='ocr_par' dir='ltr' id='par_1_25' title="bbox 2100 1264 3674 1337">
     <span class='ocr_line' id='line_1_26' title="bbox 2100 1264 3674 1337; baseline 0.001 -14"><span class='ocrx_word' id='word_1_157' title='bbox 2100 1274 2217 1323; x_wconf 92' lang='lat' dir='ltr'><strong>tum</strong></span> <span class='ocrx_word' id='word_1_158' title='bbox 2270 1267 2755 1336; x_wconf 85' lang='lat' dir='ltr'><strong>rebellionemque.</strong></span> <span class='ocrx_word' id='word_1_159' title='bbox 2808 1264 2914 1323; x_wconf 86' lang='lat' dir='ltr'><strong>Sed</strong></span> <span class='ocrx_word' id='word_1_160' title='bbox 2965 1282 3067 1324; x_wconf 89' lang='lat' dir='ltr'><strong>nos</strong></span> <span class='ocrx_word' id='word_1_161' title='bbox 3115 1266 3182 1323; x_wconf 89' lang='lat' dir='ltr'><strong>ad</strong></span> <span class='ocrx_word' id='word_1_162' title='bbox 3219 1267 3334 1323; x_wconf 71' lang='lat' dir='ltr'><strong>haec</strong></span> <span class='ocrx_word' id='word_1_163' title='bbox 3381 1271 3674 1337; x_wconf 80' lang='lat' dir='ltr'><strong>responde-</strong></span> 
     </span>
    </p>
   </div>
   <div class='ocr_carea' id='block_1_26' title="bbox 2098 1356 3670 1430">
    <p class='ocr_par' dir='ltr' id='par_1_26' title="bbox 2098 1356 3670 1430">
     <span class='ocr_line' id='line_1_27' title="bbox 2098 1356 3670 1430; baseline 0.003 -16"><span class='ocrx_word' id='word_1_164' title='bbox 2098 1371 2224 1415; x_wconf 90' lang='lat' dir='ltr'><strong>mus</strong></span> <span class='ocrx_word' id='word_1_165' title='bbox 2273 1377 2286 1411; x_wconf 90' lang='lat'><strong>:</strong></span> <span class='ocrx_word' id='word_1_166' title='bbox 2333 1356 2451 1413; x_wconf 83' lang='lat' dir='ltr'><strong>Non</strong></span> <span class='ocrx_word' id='word_1_167' title='bbox 2509 1360 2581 1413; x_wconf 88' lang='lat' dir='ltr'><strong>ita</strong></span> <span class='ocrx_word' id='word_1_168' title='bbox 2634 1357 2928 1429; x_wconf 78' lang='lat' dir='ltr'><strong>profecto.</strong></span> <span class='ocrx_word' id='word_1_169' title='bbox 2984 1359 3129 1423; x_wconf 72' lang='lat' dir='ltr'><strong>viri.</strong></span> <span class='ocrx_word' id='word_1_170' title='bbox 3187 1374 3343 1416; x_wconf 82' lang='lat' dir='ltr'><strong>sacra</strong></span> <span class='ocrx_word' id='word_1_171' title='bbox 3387 1358 3670 1430; x_wconf 90' lang='lat' dir='ltr'><strong>Scriptura</strong></span> 
     </span>
    </p>
   </div>
   <div class='ocr_carea' id='block_1_27' title="bbox 2095 1454 3672 1529">
    <p class='ocr_par' dir='ltr' id='par_1_27' title="bbox 2095 1454 3672 1529">
     <span class='ocr_line' id='line_1_28' title="bbox 2095 1454 3672 1529; baseline 0.001 -18"><span class='ocrx_word' id='word_1_172' title='bbox 2095 1454 2337 1525; x_wconf 85' lang='lat' dir='ltr'><strong>loquitur</strong></span> <span class='ocrx_word' id='word_1_173' title='bbox 2367 1466 2429 1510; x_wconf 90' lang='lat' dir='ltr'><strong>ut</strong></span> <span class='ocrx_word' id='word_1_174' title='bbox 2459 1470 2559 1510; x_wconf 88' lang='lat' dir='ltr'><strong>vos</strong></span> <span class='ocrx_word' id='word_1_175' title='bbox 2589 1455 2943 1521; x_wconf 74' lang='lat' dir='ltr'><strong>existimatis,</strong></span> <span class='ocrx_word' id='word_1_176' title='bbox 2977 1455 3181 1527; x_wconf 83' lang='lat' dir='ltr'><strong>quippe</strong></span> <span class='ocrx_word' id='word_1_177' title='bbox 3212 1472 3375 1529; x_wconf 90' lang='lat' dir='ltr'><strong>quam</strong></span> <span class='ocrx_word' id='word_1_178' title='bbox 3416 1456 3672 1513; x_wconf 84' lang='lat' dir='ltr'><strong>omnibus</strong></span> 
     </span>
    </p>
   </div>
   <div class='ocr_carea' id='block_1_28' title="bbox 2102 1548 3669 1621">
    <p class='ocr_par' dir='ltr' id='par_1_28' title="bbox 2102 1548 3669 1621">
     <span class='ocr_line' id='line_1_29' title="bbox 2102 1548 3669 1621; baseline -0.001 -16"><span class='ocrx_word' id='word_1_179' title='bbox 2102 1548 2241 1605; x_wconf 88' lang='lat' dir='ltr'><strong>locis</strong></span> <span class='ocrx_word' id='word_1_180' title='bbox 2267 1550 2472 1605; x_wconf 86' lang='lat' dir='ltr'><strong>diserte</strong></span> <span class='ocrx_word' id='word_1_181' title='bbox 2503 1551 2944 1618; x_wconf 85' lang='lat' dir='ltr'><strong>pronuntiantem</strong></span> <span class='ocrx_word' id='word_1_182' title='bbox 2991 1549 3346 1616; x_wconf 73' lang='lat' dir='ltr'><strong>ollcuditnus,</strong></span> <span class='ocrx_word' id='word_1_183' title='bbox 3382 1557 3669 1621; x_wconf 70' lang='lat' dir='ltr'><strong>peccatum</strong></span> 
     </span>
    </p>
   </div>
   <div class='ocr_carea' id='block_1_29' title="bbox 2096 1642 3666 1715">
    <p class='ocr_par' dir='ltr' id='par_1_29' title="bbox 2096 1642 3666 1715">
     <span class='ocr_line' id='line_1_30' title="bbox 2096 1642 3666 1715; baseline 0 -15"><span class='ocrx_word' id='word_1_184' title='bbox 2096 1642 2289 1700; x_wconf 78' lang='lat' dir='ltr'><strong>Adami</strong></span> <span class='ocrx_word' id='word_1_185' title='bbox 2345 1658 2571 1700; x_wconf 89' lang='lat' dir='ltr'><strong>causam</strong></span> <span class='ocrx_word' id='word_1_186' title='bbox 2608 1643 2781 1700; x_wconf 84' lang='lat' dir='ltr'><strong>fuisse</strong></span> <span class='ocrx_word' id='word_1_187' title='bbox 2822 1644 3036 1709; x_wconf 84' lang='lat' dir='ltr'><strong>mortis.</strong></span> <span class='ocrx_word' id='word_1_188' title='bbox 3083 1660 3208 1700; x_wconf 88' lang='lat' dir='ltr'><strong>cum</strong></span> <span class='ocrx_word' id='word_1_189' title='bbox 3258 1644 3333 1699; x_wconf 89' lang='lat' dir='ltr'><strong>illi</strong></span> <span class='ocrx_word' id='word_1_190' title='bbox 3380 1644 3508 1715; x_wconf 89' lang='lat' dir='ltr'><strong>ipsi.</strong></span> <span class='ocrx_word' id='word_1_191' title='bbox 3552 1656 3666 1700; x_wconf 89' lang='lat' dir='ltr'><strong>tum</strong></span> 
     </span>
    </p>
   </div>
   <div class='ocr_carea' id='block_1_30' title="bbox 420 1728 3673 1807">
    <p class='ocr_par' dir='ltr' id='par_1_30' title="bbox 420 1728 3673 1807">
     <span class='ocr_line' id='line_1_31' title="bbox 420 1728 3673 1807; baseline 0.001 -18"><span class='ocrx_word' id='word_1_192' title='bbox 420 1731 630 1801; x_wconf 82' lang='lat' dir='ltr'><strong>dicere.</strong></span> <span class='ocrx_word' id='word_1_193' title='bbox 676 1731 870 1799; x_wconf 79' lang='lat' dir='ltr'><strong>Deum,</strong></span> <span class='ocrx_word' id='word_1_194' title='bbox 927 1728 1090 1800; x_wconf 76' lang='lat' dir='ltr'><strong>cuius</strong></span> <span class='ocrx_word' id='word_1_195' title='bbox 1133 1730 1420 1787; x_wconf 75' lang='lat' dir='ltr'><strong>consilium</strong></span> <span class='ocrx_word' id='word_1_196' title='bbox 1464 1740 1585 1787; x_wconf 86' lang='lat' dir='ltr'><strong>erat</strong></span> <span class='ocrx_word' id='word_1_197' title='bbox 1624 1745 1729 1787; x_wconf 89' lang='lat' dir='ltr'><strong>nos</strong></span> <span class='ocrx_word' id='word_1_198' title='bbox 1774 1730 1996 1787; x_wconf 84' lang='lat' dir='ltr'><strong>el‘ilcero</strong></span> <span class='ocrx_word' id='word_1_199' title='bbox 2027 1800 2061 1807; x_wconf 82' lang='lat'><strong><em>_</em></strong></span> <span class='ocrx_word' id='word_1_200' title='bbox 2099 1736 2371 1791; x_wconf 62' lang='lat' dir='ltr'><strong>universa</strong></span> <span class='ocrx_word' id='word_1_201' title='bbox 2422 1734 2774 1807; x_wconf 84' lang='lat' dir='ltr'><strong>posteritati.</strong></span> <span class='ocrx_word' id='word_1_202' title='bbox 2827 1738 3130 1793; x_wconf 86' lang='lat' dir='ltr'><strong>secundum</strong></span> <span class='ocrx_word' id='word_1_203' title='bbox 3180 1737 3309 1793; x_wconf 87' lang='lat' dir='ltr'><strong>illud</strong></span> <span class='ocrx_word' id='word_1_204' title='bbox 3347 1754 3363 1794; x_wconf 88' lang='lat'><strong>:</strong></span> <span class='ocrx_word' id='word_1_205' title='bbox 3412 1737 3531 1805; x_wconf 78' lang='lat' dir='ltr'><strong>Quo</strong></span> <span class='ocrx_word' id='word_1_206' title='bbox 3582 1736 3673 1794; x_wconf 82' lang='lat' dir='ltr'><strong>die</strong></span> 
     </span>
    </p>
   </div>
   <div class='ocr_carea' id='block_1_31' title="bbox 421 1800 3669 1903">
    <p class='ocr_par' dir='ltr' id='par_1_31' title="bbox 421 1800 3669 1903">
     <span class='ocr_line' id='line_1_32' title="bbox 421 1800 3669 1903; baseline 0.001 -23"><span class='ocrx_word' id='word_1_207' title='bbox 421 1824 788 1891; x_wconf 79' lang='lat' dir='ltr'><strong>immortales,</strong></span> <span class='ocrx_word' id='word_1_208' title='bbox 841 1833 1068 1897; x_wconf 81' lang='lat' dir='ltr'><strong>prepter</strong></span> <span class='ocrx_word' id='word_1_209' title='bbox 1115 1833 1398 1894; x_wconf 82' lang='lat' dir='ltr'><strong>peccatum</strong></span> <span class='ocrx_word' id='word_1_210' title='bbox 1449 1822 1648 1881; x_wconf 76' lang='lat' dir='ltr'><strong>fecisse</strong></span> <span class='ocrx_word' id='word_1_211' title='bbox 1701 1823 2000 1881; x_wconf 74' lang='lat' dir='ltr'><strong>mortales?</strong></span> <span class='ocrx_word' id='word_1_212' title='bbox 2027 1800 2070 1862; x_wconf 67' lang='grc' dir='ltr'><strong>Β</strong></span> <span class='ocrx_word' id='word_1_213' title='bbox 2096 1828 2387 1903; x_wconf 68' lang='lat' dir='ltr'><strong>comederis</strong></span> <span class='ocrx_word' id='word_1_214' title='bbox 2419 1800 2486 1884; x_wconf 64' lang='lat' dir='ltr'><strong>de</strong></span> <span class='ocrx_word' id='word_1_215' title='bbox 2524 1827 2737 1893; x_wconf 79' lang='lat' dir='ltr'><strong>arbore,</strong></span> <span class='ocrx_word' id='word_1_216' title='bbox 2761 1800 3010 1883; x_wconf 53' lang='lat' dir='ltr'><strong>inertem</strong></span> <span class='ocrx_word' id='word_1_217' title='bbox 3038 1836 3285 1898; x_wconf 59' lang='lat' dir='ltr'><strong>oppetas;</strong></span> <span class='ocrx_word' id='word_1_218' title='bbox 3320 1826 3389 1884; x_wconf 81' lang='lat' dir='ltr'><strong>Et</strong></span> <span class='ocrx_word' id='word_1_219' title='bbox 3417 1800 3669 1886; x_wconf 62' lang='lat' dir='ltr'><strong>rursus:</strong></span> 
     </span>
    </p>
   </div>
   <div class='ocr_carea' id='block_1_32' title="bbox 419 1914 1991 1990">
    <p class='ocr_par' dir='ltr' id='par_1_32' title="bbox 419 1914 1991 1990">
     <span class='ocr_line' id='line_1_33' title="bbox 419 1914 1991 1990; baseline -0.001 -16"><span class='ocrx_word' id='word_1_220' title='bbox 419 1914 623 1974; x_wconf 83' lang='lat' dir='ltr'><strong>deinde</strong></span> <span class='ocrx_word' id='word_1_221' title='bbox 649 1917 695 1974; x_wconf 87' lang='lat' dir='ltr'><strong>sl</strong></span> <span class='ocrx_word' id='word_1_222' title='bbox 735 1926 960 1990; x_wconf 85' lang='lat' dir='ltr'><strong>propter</strong></span> <span class='ocrx_word' id='word_1_223' title='bbox 989 1916 1121 1973; x_wconf 70' lang='lat' dir='ltr'><strong>Adae</strong></span> <span class='ocrx_word' id='word_1_224' title='bbox 1155 1923 1439 1987; x_wconf 84' lang='lat' dir='ltr'><strong>peccatum</strong></span> <span class='ocrx_word' id='word_1_225' title='bbox 1468 1929 1569 1971; x_wconf 87' lang='lat' dir='ltr'><strong>nos</strong></span> <span class='ocrx_word' id='word_1_226' title='bbox 1601 1914 1802 1971; x_wconf 89' lang='lat' dir='ltr'><strong>occidit</strong></span> <span class='ocrx_word' id='word_1_227' title='bbox 1827 1915 1991 1982; x_wconf 85' lang='lat' dir='ltr'><strong>Deus,</strong></span> 
     </span>
    </p>
   </div>
   <div class='ocr_carea' id='block_1_33' title="bbox 419 2006 1994 2080">
    <p class='ocr_par' dir='ltr' id='par_1_33' title="bbox 419 2006 1994 2080">
     <span class='ocr_line' id='line_1_34' title="bbox 419 2006 1994 2080; baseline -0.003 -14"><span class='ocrx_word' id='word_1_228' title='bbox 419 2006 735 2075; x_wconf 74' lang='lat' dir='ltr'><strong>conﬁcitur,</strong></span> <span class='ocrx_word' id='word_1_229' title='bbox 767 2016 822 2065; x_wconf 91' lang='lat' dir='ltr'><strong>et</strong></span> <span class='ocrx_word' id='word_1_230' title='bbox 846 2010 1030 2080; x_wconf 79' lang='lat' dir='ltr'><strong>justos</strong></span> <span class='ocrx_word' id='word_1_231' title='bbox 1065 2022 1189 2063; x_wconf 88' lang='lat' dir='ltr'><strong>eum</strong></span> <span class='ocrx_word' id='word_1_232' title='bbox 1230 2006 1499 2077; x_wconf 67' lang='lat' dir='ltr'><strong>occidisse</strong></span> <span class='ocrx_word' id='word_1_233' title='bbox 1546 2013 1770 2078; x_wconf 89' lang='lat' dir='ltr'><strong>propter</strong></span> <span class='ocrx_word' id='word_1_234' title='bbox 1799 2019 1994 2078; x_wconf 82' lang='lat' dir='ltr'><strong>pecca-</strong></span> 
     </span>
    </p>
   </div>
   <div class='ocr_carea' id='block_1_34' title="bbox 418 2099 1992 2177">
    <p class='ocr_par' dir='ltr' id='par_1_34' title="bbox 418 2099 1992 2177">
     <span class='ocr_line' id='line_1_35' title="bbox 418 2099 1992 2177; baseline -0.006 -16"><span class='ocrx_word' id='word_1_235' title='bbox 418 2109 592 2168; x_wconf 81' lang='lat' dir='ltr'><strong>tores.</strong></span> <span class='ocrx_word' id='word_1_236' title='bbox 631 2113 689 2160; x_wconf 89' lang='lat' dir='ltr'><strong>et</strong></span> <span class='ocrx_word' id='word_1_237' title='bbox 743 2115 960 2177; x_wconf 84' lang='lat' dir='ltr'><strong>patrum</strong></span> <span class='ocrx_word' id='word_1_238' title='bbox 1012 2102 1278 2173; x_wconf 82' lang='lat' dir='ltr'><strong>supplicia</strong></span> <span class='ocrx_word' id='word_1_239' title='bbox 1339 2099 1408 2156; x_wconf 88' lang='lat' dir='ltr'><strong>ad</strong></span> <span class='ocrx_word' id='word_1_240' title='bbox 1461 2099 1606 2157; x_wconf 81' lang='lat' dir='ltr'><strong>illius</strong></span> <span class='ocrx_word' id='word_1_241' title='bbox 1661 2099 1992 2163; x_wconf 85' lang='lat' dir='ltr'><strong>extendisse.</strong></span> 
     </span>
    </p>
   </div>
   <div class='ocr_carea' id='block_1_35' title="bbox 419 2192 1994 2269">
    <p class='ocr_par' dir='ltr' id='par_1_35' title="bbox 419 2192 1994 2269">
     <span class='ocr_line' id='line_1_36' title="bbox 419 2192 1994 2269; baseline -0.002 -18"><span class='ocrx_word' id='word_1_242' title='bbox 419 2210 656 2269; x_wconf 83' lang='lat' dir='ltr'><strong>quorum</strong></span> <span class='ocrx_word' id='word_1_243' title='bbox 694 2204 987 2264; x_wconf 80' lang='lat' dir='ltr'><strong>utrumque</strong></span> <span class='ocrx_word' id='word_1_244' title='bbox 1019 2194 1330 2265; x_wconf 79' lang='lat' dir='ltr'><strong>improbum</strong></span> <span class='ocrx_word' id='word_1_245' title='bbox 1360 2201 1482 2261; x_wconf 86' lang='lat' dir='ltr'><strong>est;</strong></span> <span class='ocrx_word' id='word_1_246' title='bbox 1518 2192 1595 2249; x_wconf 90' lang='lat' dir='ltr'><strong>ait</strong></span> <span class='ocrx_word' id='word_1_247' title='bbox 1623 2192 1769 2249; x_wconf 87' lang='lat' dir='ltr'><strong>enim</strong></span> <span class='ocrx_word' id='word_1_248' title='bbox 1816 2206 1994 2263; x_wconf 89' lang='lat' dir='ltr'><strong>neque</strong></span> 
     </span>
    </p>
   </div>
   <div class='ocr_carea' id='block_1_36' title="bbox 421 2282 1994 2359">
    <p class='ocr_par' dir='ltr' id='par_1_36' title="bbox 421 2282 1994 2359">
     <span class='ocr_line' id='line_1_37' title="bbox 421 2282 1994 2359; baseline -0.004 -15"><span class='ocrx_word' id='word_1_249' title='bbox 421 2294 605 2359; x_wconf 77' lang='lat' dir='ltr'><strong>patres</strong></span> <span class='ocrx_word' id='word_1_250' title='bbox 634 2286 933 2343; x_wconf 86' lang='lat' dir='ltr'><strong>morituros</strong></span> <span class='ocrx_word' id='word_1_251' title='bbox 971 2300 1071 2358; x_wconf 91' lang='lat' dir='ltr'><strong>pro</strong></span> <span class='ocrx_word' id='word_1_252' title='bbox 1116 2285 1268 2351; x_wconf 87' lang='lat' dir='ltr'><strong>liliis,</strong></span> <span class='ocrx_word' id='word_1_253' title='bbox 1313 2299 1493 2355; x_wconf 84' lang='lat' dir='ltr'><strong>neque</strong></span> <span class='ocrx_word' id='word_1_254' title='bbox 1522 2284 1665 2339; x_wconf 82' lang='lat' dir='ltr'><strong>Iilios</strong></span> <span class='ocrx_word' id='word_1_255' title='bbox 1697 2297 1798 2354; x_wconf 91' lang='lat' dir='ltr'><strong>pro</strong></span> <span class='ocrx_word' id='word_1_256' title='bbox 1821 2282 1994 2351; x_wconf 89' lang='lat' dir='ltr'><strong>patri-</strong></span> 
     </span>
    </p>
   </div>
   <div class='ocr_carea' id='block_1_37' title="bbox 424 2374 1994 2445">
    <p class='ocr_par' dir='ltr' id='par_1_37' title="bbox 424 2374 1994 2445">
     <span class='ocr_line' id='line_1_38' title="bbox 424 2374 1994 2445; baseline -0.002 -10"><span class='ocrx_word' id='word_1_257' title='bbox 424 2379 546 2435; x_wconf 85' lang='lat' dir='ltr'><strong>bus.</strong></span> <span class='ocrx_word' id='word_1_258' title='bbox 591 2375 731 2435; x_wconf 72' lang='lat' dir='ltr'><strong>Tum</strong></span> <span class='ocrx_word' id='word_1_259' title='bbox 780 2387 841 2434; x_wconf 88' lang='lat' dir='ltr'><strong>ut</strong></span> <span class='ocrx_word' id='word_1_260' title='bbox 899 2379 1094 2436; x_wconf 84' lang='lat' dir='ltr'><strong>demus</strong></span> <span class='ocrx_word' id='word_1_261' title='bbox 1147 2381 1419 2435; x_wconf 82' lang='lat' dir='ltr'><strong>Atlantum</strong></span> <span class='ocrx_word' id='word_1_262' title='bbox 1478 2376 1701 2442; x_wconf 74' lang='lat' dir='ltr'><strong>abiisse,</strong></span> <span class='ocrx_word' id='word_1_263' title='bbox 1751 2379 1879 2445; x_wconf 89' lang='lat' dir='ltr'><strong>quia</strong></span> <span class='ocrx_word' id='word_1_264' title='bbox 1925 2374 1994 2433; x_wconf 85' lang='lat' dir='ltr'><strong>de</strong></span> 
     </span>
    </p>
   </div>
   <div class='ocr_carea' id='block_1_38' title="bbox 420 2467 1990 2543">
    <p class='ocr_par' dir='ltr' id='par_1_38' title="bbox 420 2467 1990 2543">
     <span class='ocr_line' id='line_1_39' title="bbox 420 2467 1990 2543; baseline -0.001 -16"><span class='ocrx_word' id='word_1_265' title='bbox 420 2471 620 2529; x_wconf 86' lang='lat' dir='ltr'><strong>arbore</strong></span> <span class='ocrx_word' id='word_1_266' title='bbox 671 2472 932 2542; x_wconf 79' lang='lat' dir='ltr'><strong>gustavit.</strong></span> <span class='ocrx_word' id='word_1_267' title='bbox 981 2488 1146 2543; x_wconf 89' lang='lat' dir='ltr'><strong>quam</strong></span> <span class='ocrx_word' id='word_1_268' title='bbox 1189 2473 1461 2538; x_wconf 87' lang='lat' dir='ltr'><strong>dicemus.</strong></span> <span class='ocrx_word' id='word_1_269' title='bbox 1511 2467 1648 2534; x_wconf 78' lang='lat' dir='ltr'><strong>Noe,</strong></span> <span class='ocrx_word' id='word_1_270' title='bbox 1703 2467 1990 2525; x_wconf 67' lang='lat' dir='ltr'><strong>Melchise-</strong></span> 
     </span>
    </p>
   </div>
   <div class='ocr_carea' id='block_1_39' title="bbox 419 2560 1995 2632">
    <p class='ocr_par' dir='ltr' id='par_1_39' title="bbox 419 2560 1995 2632">
     <span class='ocr_line' id='line_1_40' title="bbox 419 2560 1995 2632; baseline -0.002 -11"><span class='ocrx_word' id='word_1_271' title='bbox 419 2564 599 2631; x_wconf 88' lang='lat' dir='ltr'><strong>deco.</strong></span> <span class='ocrx_word' id='word_1_272' title='bbox 642 2564 963 2623; x_wconf 74' lang='lat' dir='ltr'><strong>Ahrahamo</strong></span> <span class='ocrx_word' id='word_1_273' title='bbox 1006 2565 1199 2621; x_wconf 88' lang='lat' dir='ltr'><strong>mortis</strong></span> <span class='ocrx_word' id='word_1_274' title='bbox 1238 2563 1412 2621; x_wconf 78' lang='lat' dir='ltr'><strong>fuisse</strong></span> <span class='ocrx_word' id='word_1_275' title='bbox 1446 2577 1693 2629; x_wconf 82' lang='lat' dir='ltr'><strong>causam,</strong></span> <span class='ocrx_word' id='word_1_276' title='bbox 1749 2560 1995 2632; x_wconf 80' lang='lat' dir='ltr'><strong>profecto</strong></span> 
     </span>
    </p>
   </div>
   <div class='ocr_carea' id='block_1_40' title="bbox 421 2654 1988 2729">
    <p class='ocr_par' dir='ltr' id='par_1_40' title="bbox 421 2654 1988 2729">
     <span class='ocr_line' id='line_1_41' title="bbox 421 2654 1988 2729; baseline -0.004 -13"><span class='ocrx_word' id='word_1_277' title='bbox 421 2658 585 2716; x_wconf 79' lang='lat' dir='ltr'><strong>hodie</strong></span> <span class='ocrx_word' id='word_1_278' title='bbox 619 2658 829 2717; x_wconf 91' lang='lat' dir='ltr'><strong>nullum</strong></span> <span class='ocrx_word' id='word_1_279' title='bbox 858 2666 944 2716; x_wconf 91' lang='lat' dir='ltr'><strong>est</strong></span> <span class='ocrx_word' id='word_1_280' title='bbox 963 2656 1163 2727; x_wconf 86' lang='lat' dir='ltr'><strong>scelus,</strong></span> <span class='ocrx_word' id='word_1_281' title='bbox 1183 2666 1279 2714; x_wconf 88' lang='lat' dir='ltr'><strong>aut</strong></span> <span class='ocrx_word' id='word_1_282' title='bbox 1310 2658 1514 2729; x_wconf 84' lang='lat' dir='ltr'><strong>grande</strong></span> <span class='ocrx_word' id='word_1_283' title='bbox 1544 2663 1639 2713; x_wconf 89' lang='lat' dir='ltr'><strong>aut</strong></span> <span class='ocrx_word' id='word_1_284' title='bbox 1676 2656 1813 2722; x_wconf 83' lang='lat' dir='ltr'><strong>leve,</strong></span> <span class='ocrx_word' id='word_1_285' title='bbox 1843 2654 1988 2727; x_wconf 90' lang='lat' dir='ltr'><strong>quod</strong></span> 
     </span>
    </p>
   </div>
   <div class='ocr_carea' id='block_1_41' title="bbox 422 2747 1992 2820">
    <p class='ocr_par' dir='ltr' id='par_1_41' title="bbox 422 2747 1992 2820">
     <span class='ocr_line' id='line_1_42' title="bbox 422 2747 1992 2820; baseline -0.003 -16"><span class='ocrx_word' id='word_1_286' title='bbox 422 2764 453 2804; x_wconf 90' lang='lat' dir='ltr'><strong>a</strong></span> <span class='ocrx_word' id='word_1_287' title='bbox 494 2750 742 2820; x_wconf 88' lang='lat' dir='ltr'><strong>patribus</strong></span> <span class='ocrx_word' id='word_1_288' title='bbox 778 2748 1079 2806; x_wconf 84' lang='lat' dir='ltr'><strong>admissum</strong></span> <span class='ocrx_word' id='word_1_289' title='bbox 1110 2750 1165 2805; x_wconf 91' lang='lat' dir='ltr'><strong>in</strong></span> <span class='ocrx_word' id='word_1_290' title='bbox 1206 2747 1328 2805; x_wconf 86' lang='lat' dir='ltr'><strong>liliis</strong></span> <span class='ocrx_word' id='word_1_291' title='bbox 1372 2747 1792 2818; x_wconf 83' lang='lat' dir='ltr'><strong>vindicatzquis</strong></span> <span class='ocrx_word' id='word_1_292' title='bbox 1825 2748 1992 2818; x_wconf 80' lang='lat' dir='ltr'><strong>igitur</strong></span> 
     </span>
    </p>
   </div>
   <div class='ocr_carea' id='block_1_42' title="bbox 420 2836 1992 2909">
    <p class='ocr_par' dir='ltr' id='par_1_42' title="bbox 420 2836 1992 2909">
     <span class='ocr_line' id='line_1_43' title="bbox 420 2836 1992 2909; baseline -0.004 -11"><span class='ocrx_word' id='word_1_293' title='bbox 420 2839 699 2898; x_wconf 71' lang='lat' dir='ltr'><strong>existimet</strong></span> <span class='ocrx_word' id='word_1_294' title='bbox 738 2839 810 2896; x_wconf 88' lang='lat' dir='ltr'><strong>ob</strong></span> <span class='ocrx_word' id='word_1_295' title='bbox 852 2841 971 2895; x_wconf 71' lang='lat' dir='ltr'><strong>leve</strong></span> <span class='ocrx_word' id='word_1_296' title='bbox 1019 2840 1153 2897; x_wconf 89' lang='lat' dir='ltr'><strong>illud</strong></span> <span class='ocrx_word' id='word_1_297' title='bbox 1204 2838 1336 2895; x_wconf 73' lang='lat' dir='ltr'><strong>Atla:</strong></span> <span class='ocrx_word' id='word_1_298' title='bbox 1376 2847 1686 2909; x_wconf 83' lang='lat' dir='ltr'><strong>peccatum,</strong></span> <span class='ocrx_word' id='word_1_299' title='bbox 1743 2837 1871 2908; x_wconf 90' lang='lat' dir='ltr'><strong>quia</strong></span> <span class='ocrx_word' id='word_1_300' title='bbox 1924 2836 1992 2893; x_wconf 86' lang='lat' dir='ltr'><strong>de</strong></span> 
     </span>
    </p>
   </div>
   <div class='ocr_carea' id='block_1_43' title="bbox 422 2928 1991 3002">
    <p class='ocr_par' dir='ltr' id='par_1_43' title="bbox 422 2928 1991 3002">
     <span class='ocr_line' id='line_1_44' title="bbox 422 2928 1991 3002; baseline -0.004 -15"><span class='ocrx_word' id='word_1_301' title='bbox 422 2928 605 2988; x_wconf 75' lang='lat' dir='ltr'><strong>fructu</strong></span> <span class='ocrx_word' id='word_1_302' title='bbox 641 2931 811 2988; x_wconf 89' lang='lat' dir='ltr'><strong>vetito</strong></span> <span class='ocrx_word' id='word_1_303' title='bbox 858 2932 1214 3002; x_wconf 74' lang='lat' dir='ltr'><strong>gustavisset,</strong></span> <span class='ocrx_word' id='word_1_304' title='bbox 1258 2930 1565 2985; x_wconf 84' lang='lat' dir='ltr'><strong>universam</strong></span> <span class='ocrx_word' id='word_1_305' title='bbox 1614 2928 1991 3000; x_wconf 83' lang='lat' dir='ltr'><strong>posteritatem</strong></span> 
     </span>
    </p>
   </div>
   <div class='ocr_carea' id='block_1_44' title="bbox 422 3019 1993 3079">
    <p class='ocr_par' dir='ltr' id='par_1_44' title="bbox 422 3019 1993 3079">
     <span class='ocr_line' id='line_1_45' title="bbox 422 3019 1993 3079; baseline -0.001 -2"><span class='ocrx_word' id='word_1_306' title='bbox 422 3030 600 3079; x_wconf 89' lang='lat' dir='ltr'><strong>morte</strong></span> <span class='ocrx_word' id='word_1_307' title='bbox 631 3020 893 3079; x_wconf 70' lang='lat' dir='ltr'><strong>multari?</strong></span> <span class='ocrx_word' id='word_1_308' title='bbox 930 3020 996 3077; x_wconf 81' lang='lat' dir='ltr'><strong>Et</strong></span> <span class='ocrx_word' id='word_1_309' title='bbox 1023 3035 1152 3076; x_wconf 86' lang='lat' dir='ltr'><strong>vero</strong></span> <span class='ocrx_word' id='word_1_310' title='bbox 1200 3022 1247 3076; x_wconf 92' lang='lat' dir='ltr'><strong>is</strong></span> <span class='ocrx_word' id='word_1_311' title='bbox 1285 3019 1394 3076; x_wconf 88' lang='lat' dir='ltr'><strong>Deo</strong></span> <span class='ocrx_word' id='word_1_312' title='bbox 1440 3034 1562 3077; x_wconf 90' lang='lat' dir='ltr'><strong>mos</strong></span> <span class='ocrx_word' id='word_1_313' title='bbox 1609 3028 1693 3075; x_wconf 82' lang='lat' dir='ltr'><strong>est</strong></span> <span class='ocrx_word' id='word_1_314' title='bbox 1739 3029 1798 3076; x_wconf 90' lang='lat' dir='ltr'><strong>ut</strong></span> <span class='ocrx_word' id='word_1_315' title='bbox 1833 3020 1993 3076; x_wconf 85' lang='lat' dir='ltr'><strong>matis</strong></span> 
     </span>
    </p>
   </div>
   <div class='ocr_carea' id='block_1_45' title="bbox 2099 1920 3671 1991">
    <p class='ocr_par' dir='ltr' id='par_1_45' title="bbox 2099 1920 3671 1991">
     <span class='ocr_line' id='line_1_46' title="bbox 2099 1920 3671 1991; baseline 0.002 -16"><span class='ocrx_word' id='word_1_316' title='bbox 2099 1920 2240 1987; x_wconf 78' lang='lat' dir='ltr'><strong>Quia</strong></span> <span class='ocrx_word' id='word_1_317' title='bbox 2287 1920 2608 1976; x_wconf 78' lang='lat' dir='ltr'><strong>auscultosti</strong></span> <span class='ocrx_word' id='word_1_318' title='bbox 2658 1922 2773 1977; x_wconf 79' lang='lat' dir='ltr'><strong>voci</strong></span> <span class='ocrx_word' id='word_1_319' title='bbox 2822 1922 3007 1976; x_wconf 73' lang='lat' dir='ltr'><strong>uxoris</strong></span> <span class='ocrx_word' id='word_1_320' title='bbox 3058 1930 3168 1977; x_wconf 71' lang='lat' dir='ltr'><strong>tute</strong></span> <span class='ocrx_word' id='word_1_321' title='bbox 3204 1928 3363 1991; x_wconf 74' lang='lat' dir='ltr'><strong>atque</strong></span> <span class='ocrx_word' id='word_1_322' title='bbox 3399 1920 3558 1976; x_wconf 76' lang='lat' dir='ltr'><strong>edisti</strong></span> <span class='ocrx_word' id='word_1_323' title='bbox 3606 1921 3671 1978; x_wconf 73' lang='lat' dir='ltr'><strong>de</strong></span> 
     </span>
    </p>
   </div>
   <div class='ocr_carea' id='block_1_46' title="bbox 2094 2007 3674 2085">
    <p class='ocr_par' dir='ltr' id='par_1_46' title="bbox 2094 2007 3674 2085">
     <span class='ocr_line' id='line_1_47' title="bbox 2094 2007 3674 2085; baseline 0.001 -16"><span class='ocrx_word' id='word_1_324' title='bbox 2094 2015 2282 2069; x_wconf 74' lang='lat' dir='ltr'><strong>arbore</strong></span> <span class='ocrx_word' id='word_1_325' title='bbox 2319 2031 2425 2085; x_wconf 81' lang='lat' dir='ltr'><strong>quo</strong></span> <span class='ocrx_word' id='word_1_326' title='bbox 2466 2014 2562 2069; x_wconf 82' lang='lat' dir='ltr'><strong>tibi</strong></span> <span class='ocrx_word' id='word_1_327' title='bbox 2610 2015 3012 2077; x_wconf 72' lang='lat' dir='ltr'><strong>interdixerorn,</strong></span> <span class='ocrx_word' id='word_1_328' title='bbox 3057 2007 3345 2070; x_wconf 71' lang='lat' dir='ltr'><strong>maledicto</strong></span> <span class='ocrx_word' id='word_1_329' title='bbox 3391 2016 3500 2070; x_wconf 78' lang='lat' dir='ltr'><strong>esto</strong></span> <span class='ocrx_word' id='word_1_330' title='bbox 3529 2024 3674 2070; x_wconf 74' lang='lat' dir='ltr'><strong>terra</strong></span> 
     </span>
    </p>
   </div>
   <div class='ocr_carea' id='block_1_47' title="bbox 2092 2104 3673 2180">
    <p class='ocr_par' dir='ltr' id='par_1_47' title="bbox 2092 2104 3673 2180">
     <span class='ocr_line' id='line_1_48' title="bbox 2092 2104 3673 2180; baseline -0.001 -17"><span class='ocrx_word' id='word_1_331' title='bbox 2092 2118 2307 2180; x_wconf 80' lang='lat' dir='ltr'><strong>propter</strong></span> <span class='ocrx_word' id='word_1_332' title='bbox 2338 2118 2405 2161; x_wconf 82' lang='lat' dir='ltr'><strong>te.</strong></span> <span class='ocrx_word' id='word_1_333' title='bbox 2445 2104 2512 2162; x_wconf 79' lang='lat' dir='ltr'><strong>Et</strong></span> <span class='ocrx_word' id='word_1_334' title='bbox 2550 2106 2694 2179; x_wconf 86' lang='lat' dir='ltr'><strong>apud</strong></span> <span class='ocrx_word' id='word_1_335' title='bbox 2728 2107 2915 2163; x_wconf 83' lang='lat' dir='ltr'><strong>divum</strong></span> <span class='ocrx_word' id='word_1_336' title='bbox 2948 2105 3176 2162; x_wconf 85' lang='lat' dir='ltr'><strong>Paulum</strong></span> <span class='ocrx_word' id='word_1_337' title='bbox 3209 2105 3442 2179; x_wconf 68' lang='lat' dir='ltr'><strong>legimus</strong></span> <span class='ocrx_word' id='word_1_338' title='bbox 3470 2123 3485 2162; x_wconf 90' lang='lat'><strong>:</strong></span> <span class='ocrx_word' id='word_1_339' title='bbox 3520 2104 3673 2163; x_wconf 85' lang='lat' dir='ltr'><strong>Sicut</strong></span> 
     </span>
    </p>
   </div>
   <div class='ocr_carea' id='block_1_48' title="bbox 2093 2196 3673 2271">
    <p class='ocr_par' dir='ltr' id='par_1_48' title="bbox 2093 2196 3673 2271">
     <span class='ocr_line' id='line_1_49' title="bbox 2093 2196 3673 2271; baseline 0.001 -18"><span class='ocrx_word' id='word_1_340' title='bbox 2093 2218 2184 2271; x_wconf 81' lang='lat' dir='ltr'><strong>per</strong></span> <span class='ocrx_word' id='word_1_341' title='bbox 2204 2216 2366 2256; x_wconf 82' lang='lat' dir='ltr'><strong>unum</strong></span> <span class='ocrx_word' id='word_1_342' title='bbox 2390 2199 2650 2254; x_wconf 79' lang='lat' dir='ltr'><strong>hominem</strong></span> <span class='ocrx_word' id='word_1_343' title='bbox 2671 2207 2941 2269; x_wconf 76' lang='lat' dir='ltr'><strong>peccatum</strong></span> <span class='ocrx_word' id='word_1_344' title='bbox 2970 2196 3205 2255; x_wconf 69' lang='lat' dir='ltr'><strong>introivit</strong></span> <span class='ocrx_word' id='word_1_345' title='bbox 3237 2200 3291 2255; x_wconf 87' lang='lat' dir='ltr'><strong>iu</strong></span> <span class='ocrx_word' id='word_1_346' title='bbox 3319 2205 3589 2262; x_wconf 66' lang='lat' dir='ltr'><strong>mandans.</strong></span> <span class='ocrx_word' id='word_1_347' title='bbox 3619 2210 3673 2255; x_wconf 89' lang='lat' dir='ltr'><strong>et</strong></span> 
     </span>
    </p>
   </div>
   <div class='ocr_carea' id='block_1_49' title="bbox 2092 2289 3674 2365">
    <p class='ocr_par' dir='ltr' id='par_1_49' title="bbox 2092 2289 3674 2365">
     <span class='ocr_line' id='line_1_50' title="bbox 2092 2289 3674 2365; baseline -0.002 -16"><span class='ocrx_word' id='word_1_348' title='bbox 2092 2310 2185 2365; x_wconf 79' lang='lat' dir='ltr'><strong>per</strong></span> <span class='ocrx_word' id='word_1_349' title='bbox 2217 2302 2489 2363; x_wconf 81' lang='lat' dir='ltr'><strong>peccatum</strong></span> <span class='ocrx_word' id='word_1_350' title='bbox 2538 2307 2678 2347; x_wconf 84' lang='lat' dir='ltr'><strong>mors</strong></span> <span class='ocrx_word' id='word_1_351' title='bbox 2702 2293 2749 2353; x_wconf 81' lang='grc'><strong>⁸,</strong></span> <span class='ocrx_word' id='word_1_352' title='bbox 2798 2299 2905 2348; x_wconf 86' lang='lat' dir='ltr'><strong>etc.</strong></span> <span class='ocrx_word' id='word_1_353' title='bbox 2960 2291 3025 2347; x_wconf 85' lang='lat' dir='ltr'><strong>Et</strong></span> <span class='ocrx_word' id='word_1_354' title='bbox 3064 2291 3195 2348; x_wconf 85' lang='lat' dir='ltr'><strong>alibi</strong></span> <span class='ocrx_word' id='word_1_355' title='bbox 3230 2309 3245 2348; x_wconf 91' lang='lat'><strong>:</strong></span> <span class='ocrx_word' id='word_1_356' title='bbox 3279 2289 3423 2346; x_wconf 81' lang='lat' dir='ltr'><strong>Nam</strong></span> <span class='ocrx_word' id='word_1_357' title='bbox 3479 2297 3674 2363; x_wconf 79' lang='lat' dir='ltr'><strong>absque</strong></span> 
     </span>
    </p>
   </div>
   <div class='ocr_carea' id='block_1_50' title="bbox 2091 2382 3673 2455">
    <p class='ocr_par' dir='ltr' id='par_1_50' title="bbox 2091 2382 3673 2455">
     <span class='ocr_line' id='line_1_51' title="bbox 2091 2382 3673 2455; baseline -0.002 -16"><span class='ocrx_word' id='word_1_358' title='bbox 2091 2384 2201 2455; x_wconf 84' lang='lat' dir='ltr'><strong>lege</strong></span> <span class='ocrx_word' id='word_1_359' title='bbox 2256 2394 2529 2454; x_wconf 83' lang='lat' dir='ltr'><strong>peceatum</strong></span> <span class='ocrx_word' id='word_1_360' title='bbox 2578 2391 2695 2438; x_wconf 85' lang='lat' dir='ltr'><strong>erat</strong></span> <span class='ocrx_word' id='word_1_361' title='bbox 2747 2391 3059 2449; x_wconf 79' lang='lat' dir='ltr'><strong>mortuam;</strong></span> <span class='ocrx_word' id='word_1_362' title='bbox 3115 2398 3207 2455; x_wconf 70' lang='lat' dir='ltr'><strong>ego</strong></span> <span class='ocrx_word' id='word_1_363' title='bbox 3260 2398 3382 2438; x_wconf 82' lang='lat' dir='ltr'><strong>uero</strong></span> <span class='ocrx_word' id='word_1_364' title='bbox 3439 2382 3673 2438; x_wconf 69' lang='lat' dir='ltr'><strong>sitiebant</strong></span> 
     </span>
    </p>
   </div>
   <div class='ocr_carea' id='block_1_51' title="bbox 2092 2474 3674 2548">
    <p class='ocr_par' dir='ltr' id='par_1_51' title="bbox 2092 2474 3674 2548">
     <span class='ocr_line' id='line_1_52' title="bbox 2092 2474 3674 2548; baseline 0.002 -18"><span class='ocrx_word' id='word_1_365' title='bbox 2092 2476 2362 2548; x_wconf 80' lang='lat' dir='ltr'><strong>quondam</strong></span> <span class='ocrx_word' id='word_1_366' title='bbox 2405 2474 2602 2545; x_wconf 73' lang='lat' dir='ltr'><strong>absque</strong></span> <span class='ocrx_word' id='word_1_367' title='bbox 2651 2474 2764 2545; x_wconf 84' lang='lat' dir='ltr'><strong>lege</strong></span> <span class='ocrx_word' id='word_1_368' title='bbox 2805 2474 2935 2542; x_wconf 85' lang='lat' dir='ltr'><strong>(hoc</strong></span> <span class='ocrx_word' id='word_1_369' title='bbox 2965 2483 3073 2539; x_wconf 83' lang='lat' dir='ltr'><strong>est.</strong></span> <span class='ocrx_word' id='word_1_370' title='bbox 3107 2490 3230 2531; x_wconf 82' lang='lat' dir='ltr'><strong>cum</strong></span> <span class='ocrx_word' id='word_1_371' title='bbox 3270 2474 3405 2529; x_wconf 83' lang='lat' dir='ltr'><strong>nihil</strong></span> <span class='ocrx_word' id='word_1_372' title='bbox 3442 2476 3674 2533; x_wconf 76' lang='lat' dir='ltr'><strong>mortale</strong></span> 
     </span>
    </p>
   </div>
   <div class='ocr_carea' id='block_1_52' title="bbox 2094 2568 3676 2638">
    <p class='ocr_par' dir='ltr' id='par_1_52' title="bbox 2094 2568 3676 2638">
     <span class='ocr_line' id='line_1_53' title="bbox 2094 2568 3676 2638; baseline -0.001 -14"><span class='ocrx_word' id='word_1_373' title='bbox 2094 2568 2437 2637; x_wconf 79' lang='lat' dir='ltr'><strong>cogitarem),</strong></span> <span class='ocrx_word' id='word_1_374' title='bbox 2485 2583 2644 2637; x_wconf 82' lang='lat' dir='ltr'><strong>porro</strong></span> <span class='ocrx_word' id='word_1_375' title='bbox 2698 2568 3098 2623; x_wconf 77' lang='lat' dir='ltr'><strong>cumuenisset</strong></span> <span class='ocrx_word' id='word_1_376' title='bbox 3154 2570 3471 2623; x_wconf 73' lang='lat' dir='ltr'><strong>mandatum</strong></span> <span class='ocrx_word' id='word_1_377' title='bbox 3528 2569 3676 2638; x_wconf 87' lang='lat' dir='ltr'><strong>(ipso</strong></span> 
     </span>
    </p>
   </div>
   <div class='ocr_carea' id='block_1_53' title="bbox 2093 2660 3673 2730">
    <p class='ocr_par' dir='ltr' id='par_1_53' title="bbox 2093 2660 3673 2730">
     <span class='ocr_line' id='line_1_54' title="bbox 2093 2660 3673 2730; baseline 0.001 -14"><span class='ocrx_word' id='word_1_378' title='bbox 2093 2660 2303 2716; x_wconf 85' lang='lat' dir='ltr'><strong>scilicet</strong></span> <span class='ocrx_word' id='word_1_379' title='bbox 2333 2660 2560 2728; x_wconf 86' lang='lat' dir='ltr'><strong>violato)</strong></span> <span class='ocrx_word' id='word_1_380' title='bbox 2597 2660 2788 2715; x_wconf 73' lang='lat' dir='ltr'><strong>reuixit</strong></span> <span class='ocrx_word' id='word_1_381' title='bbox 2825 2670 3122 2729; x_wconf 75' lang='lat' dir='ltr'><strong>peccatum.</strong></span> <span class='ocrx_word' id='word_1_382' title='bbox 3152 2676 3250 2730; x_wconf 79' lang='lat' dir='ltr'><strong>ego</strong></span> <span class='ocrx_word' id='word_1_383' title='bbox 3281 2677 3401 2716; x_wconf 80' lang='lat' dir='ltr'><strong>uero</strong></span> <span class='ocrx_word' id='word_1_384' title='bbox 3431 2670 3673 2718; x_wconf 73' lang='lat' dir='ltr'><strong>mortuus</strong></span> 
     </span>
    </p>
   </div>
   <div class='ocr_carea' id='block_1_54' title="bbox 2094 2752 3670 2824">
    <p class='ocr_par' dir='ltr' id='par_1_54' title="bbox 2094 2752 3670 2824">
     <span class='ocr_line' id='line_1_55' title="bbox 2094 2752 3670 2824; baseline 0.001 -18"><span class='ocrx_word' id='word_1_385' title='bbox 2094 2767 2230 2816; x_wconf 84' lang='lat' dir='ltr'><strong>sum,</strong></span> <span class='ocrx_word' id='word_1_386' title='bbox 2271 2760 2321 2805; x_wconf 88' lang='lat' dir='ltr'><strong>et</strong></span> <span class='ocrx_word' id='word_1_387' title='bbox 2349 2752 2615 2806; x_wconf 76' lang='lat' dir='ltr'><strong>inuentum</strong></span> <span class='ocrx_word' id='word_1_388' title='bbox 2652 2761 2730 2806; x_wconf 90' lang='lat' dir='ltr'><strong>est</strong></span> <span class='ocrx_word' id='word_1_389' title='bbox 2760 2754 3073 2806; x_wconf 73' lang='lat' dir='ltr'><strong>mandatum</strong></span> <span class='ocrx_word' id='word_1_390' title='bbox 3104 2753 3245 2824; x_wconf 73' lang='lat' dir='ltr'><strong>quod</strong></span> <span class='ocrx_word' id='word_1_391' title='bbox 3278 2762 3335 2809; x_wconf 81' lang='lat' dir='ltr'><strong>ut</strong></span> <span class='ocrx_word' id='word_1_392' title='bbox 3373 2756 3482 2808; x_wconf 78' lang='lat' dir='ltr'><strong>uita</strong></span> <span class='ocrx_word' id='word_1_393' title='bbox 3514 2763 3670 2821; x_wconf 80' lang='lat' dir='ltr'><strong>esset,</strong></span> 
     </span>
    </p>
   </div>
   <div class='ocr_carea' id='block_1_55' title="bbox 2096 2842 3673 2919">
    <p class='ocr_par' dir='ltr' id='par_1_55' title="bbox 2096 2842 3673 2919">
     <span class='ocr_line' id='line_1_56' title="bbox 2096 2842 3673 2919; baseline 0.003 -21"><span class='ocrx_word' id='word_1_394' title='bbox 2096 2842 2286 2898; x_wconf 83' lang='lat' dir='ltr'><strong>datum</strong></span> <span class='ocrx_word' id='word_1_395' title='bbox 2329 2843 2504 2912; x_wconf 79' lang='lat' dir='ltr'><strong>fuerat</strong></span> <span class='ocrx_word' id='word_1_396' title='bbox 2539 2843 2611 2906; x_wconf 86' lang='lat' dir='ltr'><strong>(ci</strong></span> <span class='ocrx_word' id='word_1_397' title='bbox 2645 2844 2737 2913; x_wconf 90' lang='lat' dir='ltr'><strong>qui</strong></span> <span class='ocrx_word' id='word_1_398' title='bbox 2767 2843 2869 2915; x_wconf 87' lang='lat' dir='ltr'><strong>ipsi</strong></span> <span class='ocrx_word' id='word_1_399' title='bbox 2901 2845 3172 2916; x_wconf 83' lang='lat' dir='ltr'><strong>parceret)</strong></span> <span class='ocrx_word' id='word_1_400' title='bbox 3205 2845 3335 2901; x_wconf 75' lang='lat' dir='ltr'><strong>mihi</strong></span> <span class='ocrx_word' id='word_1_401' title='bbox 3364 2845 3480 2917; x_wconf 87' lang='lat' dir='ltr'><strong>(qui</strong></span> <span class='ocrx_word' id='word_1_402' title='bbox 3513 2846 3673 2919; x_wconf 74' lang='lat' dir='ltr'><strong>fregi)</strong></span> 
     </span>
    </p>
   </div>
   <div class='ocr_carea' id='block_1_56' title="bbox 2094 2939 3674 3013">
    <p class='ocr_par' dir='ltr' id='par_1_56' title="bbox 2094 2939 3674 3013">
     <span class='ocr_line' id='line_1_57' title="bbox 2094 2939 3674 3013; baseline 0.005 -20"><span class='ocrx_word' id='word_1_403' title='bbox 2094 2950 2313 2995; x_wconf 81' lang='lat' dir='ltr'><strong>mortem</strong></span> <span class='ocrx_word' id='word_1_404' title='bbox 2363 2940 2617 3009; x_wconf 76' lang='lat' dir='ltr'><strong>a/ferre&#39;.</strong></span> <span class='ocrx_word' id='word_1_405' title='bbox 2684 2939 2804 2995; x_wconf 85' lang='lat' dir='ltr'><strong>Alia</strong></span> <span class='ocrx_word' id='word_1_406' title='bbox 2863 2939 3127 3013; x_wconf 71' lang='lat' dir='ltr'><strong>praeterea</strong></span> <span class='ocrx_word' id='word_1_407' title='bbox 3210 2940 3446 3011; x_wconf 86' lang='lat' dir='ltr'><strong>plurima</strong></span> <span class='ocrx_word' id='word_1_408' title='bbox 3502 2957 3674 3001; x_wconf 71' lang='lat' dir='ltr'><strong>sacrae</strong></span> 
     </span>
    </p>
   </div>
   <div class='ocr_carea' id='block_1_57' title="bbox 2097 3029 3676 3105">
    <p class='ocr_par' dir='ltr' id='par_1_57' title="bbox 2097 3029 3676 3105">
     <span class='ocr_line' id='line_1_58' title="bbox 2097 3029 3676 3105; baseline 0.003 -19"><span class='ocrx_word' id='word_1_409' title='bbox 2097 3029 2399 3103; x_wconf 72' lang='lat' dir='ltr'><strong>Scripturae</strong></span> <span class='ocrx_word' id='word_1_410' title='bbox 2430 3034 2545 3088; x_wconf 92' lang='lat' dir='ltr'><strong>loca</strong></span> <span class='ocrx_word' id='word_1_411' title='bbox 2580 3033 2747 3090; x_wconf 81' lang='lat' dir='ltr'><strong>facile</strong></span> <span class='ocrx_word' id='word_1_412' title='bbox 2779 3032 3047 3097; x_wconf 85' lang='lat' dir='ltr'><strong>invenias.</strong></span> <span class='ocrx_word' id='word_1_413' title='bbox 3085 3048 3211 3105; x_wconf 71' lang='lat' dir='ltr'><strong>quae</strong></span> <span class='ocrx_word' id='word_1_414' title='bbox 3251 3048 3377 3089; x_wconf 91' lang='lat' dir='ltr'><strong>cum</strong></span> <span class='ocrx_word' id='word_1_415' title='bbox 3418 3032 3509 3091; x_wconf 82' lang='lat' dir='ltr'><strong>his</strong></span> <span class='ocrx_word' id='word_1_416' title='bbox 3539 3049 3676 3093; x_wconf 72' lang='lat' dir='ltr'><strong>cono</strong></span> 
     </span>
    </p>
   </div>
   <div class='ocr_carea' id='block_1_58' title="bbox 423 3112 3673 3203">
    <p class='ocr_par' dir='ltr' id='par_1_58' title="bbox 423 3112 3673 3203">
     <span class='ocr_line' id='line_1_59' title="bbox 423 3112 3673 3203; baseline 0.005 -36"><span class='ocrx_word' id='word_1_417' title='bbox 423 3113 675 3188; x_wconf 80' lang='lat' dir='ltr'><strong>ignoscat</strong></span> <span class='ocrx_word' id='word_1_418' title='bbox 699 3112 972 3171; x_wconf 83' lang='lat' dir='ltr'><strong>honorum</strong></span> <span class='ocrx_word' id='word_1_419' title='bbox 1025 3114 1220 3184; x_wconf 87' lang='lat' dir='ltr'><strong>gratia.</strong></span> <span class='ocrx_word' id='word_1_420' title='bbox 1277 3128 1386 3168; x_wconf 91' lang='lat' dir='ltr'><strong>non</strong></span> <span class='ocrx_word' id='word_1_421' title='bbox 1444 3126 1625 3169; x_wconf 89' lang='lat' dir='ltr'><strong>autem</strong></span> <span class='ocrx_word' id='word_1_422' title='bbox 1684 3123 1743 3169; x_wconf 91' lang='lat' dir='ltr'><strong>ut</strong></span> <span class='ocrx_word' id='word_1_423' title='bbox 1790 3113 1991 3186; x_wconf 81' lang='lat' dir='ltr'><strong>probos</strong></span> <span class='ocrx_word' id='word_1_424' title='bbox 2019 3144 2065 3203; x_wconf 68' lang='grc' dir='ltr'>ο</span> <span class='ocrx_word' id='word_1_425' title='bbox 2099 3133 2318 3193; x_wconf 81' lang='lat' dir='ltr'><strong>gruant,</strong></span> <span class='ocrx_word' id='word_1_426' title='bbox 2357 3134 2525 3196; x_wconf 89' lang='lat' dir='ltr'><strong>atque</strong></span> <span class='ocrx_word' id='word_1_427' title='bbox 2564 3124 2770 3180; x_wconf 84' lang='lat' dir='ltr'><strong>diserte</strong></span> <span class='ocrx_word' id='word_1_428' title='bbox 2821 3134 3051 3180; x_wconf 87' lang='lat' dir='ltr'><strong>mortem</strong></span> <span class='ocrx_word' id='word_1_429' title='bbox 3106 3139 3201 3197; x_wconf 87' lang='lat' dir='ltr'><strong>per</strong></span> <span class='ocrx_word' id='word_1_430' title='bbox 3234 3135 3516 3197; x_wconf 86' lang='lat' dir='ltr'><strong>peccatum</strong></span> <span class='ocrx_word' id='word_1_431' title='bbox 3570 3142 3673 3184; x_wconf 89' lang='lat' dir='ltr'><strong>nos</strong></span> 
     </span>
    </p>
   </div>
   <div class='ocr_carea' id='block_1_59' title="bbox 423 3203 1989 3277">
    <p class='ocr_par' dir='ltr' id='par_1_59' title="bbox 423 3203 1989 3277">
     <span class='ocr_line' id='line_1_60' title="bbox 423 3203 1989 3277; baseline 0.003 -18"><span class='ocrx_word' id='word_1_432' title='bbox 423 3203 809 3277; x_wconf 86' lang='lat' dir='ltr'><strong>improborum</strong></span> <span class='ocrx_word' id='word_1_433' title='bbox 844 3218 1012 3261; x_wconf 87' lang='lat' dir='ltr'><strong>causa</strong></span> <span class='ocrx_word' id='word_1_434' title='bbox 1037 3204 1247 3275; x_wconf 90' lang='lat' dir='ltr'><strong>perdat.</strong></span> <span class='ocrx_word' id='word_1_435' title='bbox 1279 3212 1446 3275; x_wconf 84' lang='lat' dir='ltr'><strong>atque</strong></span> <span class='ocrx_word' id='word_1_436' title='bbox 1482 3215 1542 3261; x_wconf 92' lang='lat' dir='ltr'><strong>ut</strong></span> <span class='ocrx_word' id='word_1_437' title='bbox 1572 3220 1673 3277; x_wconf 89' lang='lat' dir='ltr'><strong>pro</strong></span> <span class='ocrx_word' id='word_1_438' title='bbox 1698 3221 1797 3262; x_wconf 88' lang='lat' dir='ltr'><strong>sua</strong></span> <span class='ocrx_word' id='word_1_439' title='bbox 1827 3205 1989 3263; x_wconf 82' lang='lat' dir='ltr'><strong>mise-</strong></span> 
     </span>
    </p>
   </div>
   <div class='ocr_carea' id='block_1_60' title="bbox 424 3295 1997 3370">
    <p class='ocr_par' dir='ltr' id='par_1_60' title="bbox 424 3295 1997 3370">
     <span class='ocr_line' id='line_1_61' title="bbox 424 3295 1997 3370; baseline 0.002 -18"><span class='ocrx_word' id='word_1_440' title='bbox 424 3295 687 3364; x_wconf 86' lang='lat' dir='ltr'><strong>rlourdia,</strong></span> <span class='ocrx_word' id='word_1_441' title='bbox 721 3297 1009 3369; x_wconf 86' lang='lat' dir='ltr'><strong>grandium</strong></span> <span class='ocrx_word' id='word_1_442' title='bbox 1036 3296 1369 3367; x_wconf 79' lang='lat' dir='ltr'><strong>ﬂagitiorum</strong></span> <span class='ocrx_word' id='word_1_443' title='bbox 1402 3298 1637 3370; x_wconf 85' lang='lat' dir='ltr'><strong>gratiam</strong></span> <span class='ocrx_word' id='word_1_444' title='bbox 1682 3299 1997 3355; x_wconf 80' lang='lat' dir='ltr'><strong>hominibus</strong></span> 
     </span>
    </p>
   </div>
   <div class='ocr_carea' id='block_1_61' title="bbox 424 3387 1997 3463">
    <p class='ocr_par' dir='ltr' id='par_1_61' title="bbox 424 3387 1997 3463">
     <span class='ocr_line' id='line_1_62' title="bbox 424 3387 1997 3463; baseline 0.001 -18"><span class='ocrx_word' id='word_1_445' title='bbox 424 3387 613 3457; x_wconf 75' lang='lat' dir='ltr'><strong>faciat.</strong></span> <span class='ocrx_word' id='word_1_446' title='bbox 645 3398 860 3447; x_wconf 86' lang='lat' dir='ltr'><strong>tantum</strong></span> <span class='ocrx_word' id='word_1_447' title='bbox 886 3389 1069 3457; x_wconf 84' lang='lat' dir='ltr'><strong>abest.</strong></span> <span class='ocrx_word' id='word_1_448' title='bbox 1119 3401 1181 3448; x_wconf 91' lang='lat' dir='ltr'><strong>ut</strong></span> <span class='ocrx_word' id='word_1_449' title='bbox 1204 3392 1321 3449; x_wconf 88' lang='lat' dir='ltr'><strong>leve</strong></span> <span class='ocrx_word' id='word_1_450' title='bbox 1372 3393 1642 3462; x_wconf 84' lang='lat' dir='ltr'><strong>piaculum</strong></span> <span class='ocrx_word' id='word_1_451' title='bbox 1674 3393 1997 3463; x_wconf 82' lang='lat' dir='ltr'><strong>gravissima</strong></span> 
     </span>
    </p>
   </div>
   <div class='ocr_carea' id='block_1_62' title="bbox 419 3478 1995 3555">
    <p class='ocr_par' dir='ltr' id='par_1_62' title="bbox 419 3478 1995 3555">
     <span class='ocr_line' id='line_1_63' title="bbox 419 3478 1995 3555; baseline 0 -20"><span class='ocrx_word' id='word_1_452' title='bbox 419 3493 584 3551; x_wconf 70' lang='lat' dir='ltr'><strong>pana</strong></span> <span class='ocrx_word' id='word_1_453' title='bbox 610 3478 876 3538; x_wconf 86' lang='lat' dir='ltr'><strong>vindicet.</strong></span> <span class='ocrx_word' id='word_1_454' title='bbox 907 3480 1133 3549; x_wconf 70' lang='lat' dir='ltr'><strong>Adhce.</strong></span> <span class='ocrx_word' id='word_1_455' title='bbox 1161 3480 1207 3537; x_wconf 87' lang='lat' dir='ltr'><strong>si</strong></span> <span class='ocrx_word' id='word_1_456' title='bbox 1236 3491 1459 3555; x_wconf 80' lang='lat' dir='ltr'><strong>propter</strong></span> <span class='ocrx_word' id='word_1_457' title='bbox 1485 3491 1773 3553; x_wconf 73' lang='lat' dir='ltr'><strong>peccatum</strong></span> <span class='ocrx_word' id='word_1_458' title='bbox 1803 3496 1995 3537; x_wconf 80' lang='lat' dir='ltr'><strong>amau-</strong></span> 
     </span>
    </p>
   </div>
   <div class='ocr_carea' id='block_1_63' title="bbox 420 3572 1991 3642">
    <p class='ocr_par' dir='ltr' id='par_1_63' title="bbox 420 3572 1991 3642">
     <span class='ocr_line' id='line_1_64' title="bbox 420 3572 1991 3642; baseline -0.001 -13"><span class='ocrx_word' id='word_1_459' title='bbox 420 3573 536 3630; x_wconf 88' lang='lat' dir='ltr'><strong>dati</strong></span> <span class='ocrx_word' id='word_1_460' title='bbox 562 3587 756 3631; x_wconf 85' lang='lat' dir='ltr'><strong>sumus</strong></span> <span class='ocrx_word' id='word_1_461' title='bbox 777 3572 831 3630; x_wconf 88' lang='lat' dir='ltr'><strong>lu</strong></span> <span class='ocrx_word' id='word_1_462' title='bbox 874 3574 1024 3631; x_wconf 74' lang='lat' dir='ltr'><strong>hunc</strong></span> <span class='ocrx_word' id='word_1_463' title='bbox 1054 3579 1319 3631; x_wconf 82' lang='lat' dir='ltr'><strong>mundum</strong></span> <span class='ocrx_word' id='word_1_464' title='bbox 1347 3573 1748 3642; x_wconf 82' lang='lat' dir='ltr'><strong>dissolubilcm,</strong></span> <span class='ocrx_word' id='word_1_465' title='bbox 1778 3589 1991 3642; x_wconf 68' lang='lat' dir='ltr'><strong>magnae</strong></span> 
     </span>
    </p>
   </div>
   <div class='ocr_carea' id='block_1_64' title="bbox 425 3661 1997 3739">
    <p class='ocr_par' dir='ltr' id='par_1_64' title="bbox 425 3661 1997 3739">
     <span class='ocr_line' id='line_1_65' title="bbox 425 3661 1997 3739; baseline 0.001 -19"><span class='ocrx_word' id='word_1_466' title='bbox 425 3661 675 3736; x_wconf 75' lang='lat' dir='ltr'><strong>proiecto</strong></span> <span class='ocrx_word' id='word_1_467' title='bbox 692 3665 885 3739; x_wconf 64' lang='lat' dir='ltr'><strong>gratia</strong></span> <span class='ocrx_word' id='word_1_468' title='bbox 901 3665 1209 3723; x_wconf 83' lang='lat' dir='ltr'><strong>debeantur</strong></span> <span class='ocrx_word' id='word_1_469' title='bbox 1233 3677 1479 3736; x_wconf 87' lang='lat' dir='ltr'><strong>peccato.</strong></span> <span class='ocrx_word' id='word_1_470' title='bbox 1501 3676 1560 3722; x_wconf 92' lang='lat' dir='ltr'><strong>ut</strong></span> <span class='ocrx_word' id='word_1_471' title='bbox 1579 3668 1724 3737; x_wconf 86' lang='lat' dir='ltr'><strong>quod</strong></span> <span class='ocrx_word' id='word_1_472' title='bbox 1745 3666 1997 3723; x_wconf 72' lang='lat' dir='ltr'><strong>creandas</strong></span> 
     </span>
    </p>
   </div>
   <div class='ocr_carea' id='block_1_65' title="bbox 424 3754 1992 3829">
    <p class='ocr_par' dir='ltr' id='par_1_65' title="bbox 424 3754 1992 3829">
     <span class='ocr_line' id='line_1_66' title="bbox 424 3754 1992 3829; baseline 0.002 -17"><span class='ocrx_word' id='word_1_473' title='bbox 424 3754 595 3829; x_wconf 78' lang='lat' dir='ltr'><strong>hujus</strong></span> <span class='ocrx_word' id='word_1_474' title='bbox 636 3757 887 3814; x_wconf 76' lang='lat' dir='ltr'><strong>mortalis</strong></span> <span class='ocrx_word' id='word_1_475' title='bbox 913 3758 1182 3813; x_wconf 64' lang='lat' dir='ltr'><strong>machina</strong></span> <span class='ocrx_word' id='word_1_476' title='bbox 1212 3773 1381 3815; x_wconf 86' lang='lat' dir='ltr'><strong>causa</strong></span> <span class='ocrx_word' id='word_1_477' title='bbox 1412 3759 1596 3817; x_wconf 77' lang='lat' dir='ltr'><strong>fuerit.</strong></span> <span class='ocrx_word' id='word_1_478' title='bbox 1645 3758 1914 3815; x_wconf 66' lang='lat' dir='ltr'><strong>Praeterea</strong></span> <span class='ocrx_word' id='word_1_479' title='bbox 1944 3762 1992 3817; x_wconf 90' lang='lat' dir='ltr'><strong>si</strong></span> 
     </span>
    </p>
   </div>
   <div class='ocr_carea' id='block_1_66' title="bbox 422 3848 1995 3921">
    <p class='ocr_par' dir='ltr' id='par_1_66' title="bbox 422 3848 1995 3921">
     <span class='ocr_line' id='line_1_67' title="bbox 422 3848 1995 3921; baseline 0.001 -15"><span class='ocrx_word' id='word_1_480' title='bbox 422 3848 669 3906; x_wconf 72' lang='lat' dir='ltr'><strong>Adamus</strong></span> <span class='ocrx_word' id='word_1_481' title='bbox 712 3848 936 3915; x_wconf 85' lang='lat' dir='ltr'><strong>occidit.</strong></span> <span class='ocrx_word' id='word_1_482' title='bbox 969 3848 1065 3920; x_wconf 86' lang='lat' dir='ltr'><strong>qui</strong></span> <span class='ocrx_word' id='word_1_483' title='bbox 1095 3850 1360 3921; x_wconf 86' lang='lat' dir='ltr'><strong>peccavit,</strong></span> <span class='ocrx_word' id='word_1_484' title='bbox 1392 3865 1495 3905; x_wconf 90' lang='lat' dir='ltr'><strong>cur</strong></span> <span class='ocrx_word' id='word_1_485' title='bbox 1529 3866 1638 3906; x_wconf 91' lang='lat' dir='ltr'><strong>non</strong></span> <span class='ocrx_word' id='word_1_486' title='bbox 1673 3851 1995 3908; x_wconf 86' lang='lat' dir='ltr'><strong>occiderunt</strong></span> 
     </span>
    </p>
   </div>
   <div class='ocr_carea' id='block_1_67' title="bbox 421 3938 1990 4015">
    <p class='ocr_par' dir='ltr' id='par_1_67' title="bbox 421 3938 1990 4015">
     <span class='ocr_line' id='line_1_68' title="bbox 421 3938 1990 4015; baseline 0.003 -19"><span class='ocrx_word' id='word_1_487' title='bbox 421 3938 700 3999; x_wconf 64' lang='lat' dir='ltr'><strong>damones</strong></span> <span class='ocrx_word' id='word_1_488' title='bbox 725 3939 889 4013; x_wconf 81' lang='lat' dir='ltr'><strong>longe</strong></span> <span class='ocrx_word' id='word_1_489' title='bbox 924 3940 1154 4011; x_wconf 78' lang='lat' dir='ltr'><strong>majoris</strong></span> <span class='ocrx_word' id='word_1_490' title='bbox 1188 3939 1377 4011; x_wconf 77' lang='lat' dir='ltr'><strong>ﬂagitii</strong></span> <span class='ocrx_word' id='word_1_491' title='bbox 1407 3942 1533 3997; x_wconf 71' lang='lat' dir='ltr'><strong>rei?</strong></span> <span class='ocrx_word' id='word_1_492' title='bbox 1574 3941 1631 3997; x_wconf 88' lang='lat' dir='ltr'><strong>Si</strong></span> <span class='ocrx_word' id='word_1_493' title='bbox 1671 3943 1816 4000; x_wconf 88' lang='lat' dir='ltr'><strong>dicat</strong></span> <span class='ocrx_word' id='word_1_494' title='bbox 1845 3944 1990 4015; x_wconf 88' lang='lat' dir='ltr'><strong>quis,</strong></span> 
     </span>
    </p>
   </div>
   <div class='ocr_carea' id='block_1_68' title="bbox 420 4029 1993 4101">
    <p class='ocr_par' dir='ltr' id='par_1_68' title="bbox 420 4029 1993 4101">
     <span class='ocr_line' id='line_1_69' title="bbox 420 4029 1993 4101; baseline -0.001 -14"><span class='ocrx_word' id='word_1_495' title='bbox 420 4029 768 4097; x_wconf 63' lang='lat' dir='ltr'><strong>bos,animo</strong></span> <span class='ocrx_word' id='word_1_496' title='bbox 814 4029 1318 4101; x_wconf 86' lang='lat' dir='ltr'><strong>oceidisse:atqui</strong></span> <span class='ocrx_word' id='word_1_497' title='bbox 1372 4046 1474 4085; x_wconf 90' lang='lat' dir='ltr'><strong>cur</strong></span> <span class='ocrx_word' id='word_1_498' title='bbox 1530 4030 1775 4089; x_wconf 77' lang='lat' dir='ltr'><strong>Adatnus</strong></span> <span class='ocrx_word' id='word_1_499' title='bbox 1828 4032 1993 4088; x_wconf 84' lang='lat' dir='ltr'><strong>etiam</strong></span> 
     </span>
    </p>
   </div>
   <div class='ocr_carea' id='block_1_69' title="bbox 419 4121 1992 4195">
    <p class='ocr_par' dir='ltr' id='par_1_69' title="bbox 419 4121 1992 4195">
     <span class='ocr_line' id='line_1_70' title="bbox 419 4121 1992 4195; baseline -0.002 -15"><span class='ocrx_word' id='word_1_500' title='bbox 419 4122 695 4195; x_wconf 65' lang='lat' dir='ltr'><strong>corpore?</strong></span> <span class='ocrx_word' id='word_1_501' title='bbox 740 4122 807 4179; x_wconf 80' lang='lat' dir='ltr'><strong>Et</strong></span> <span class='ocrx_word' id='word_1_502' title='bbox 833 4123 919 4181; x_wconf 86' lang='lat' dir='ltr'><strong>his</strong></span> <span class='ocrx_word' id='word_1_503' title='bbox 951 4121 1256 4179; x_wconf 76' lang='lat' dir='ltr'><strong>confecisse</strong></span> <span class='ocrx_word' id='word_1_504' title='bbox 1284 4130 1503 4195; x_wconf 81' lang='lat' dir='ltr'><strong>putant,</strong></span> <span class='ocrx_word' id='word_1_505' title='bbox 1543 4122 1835 4185; x_wconf 76' lang='lat' dir='ltr'><strong>Adamum.</strong></span> <span class='ocrx_word' id='word_1_506' title='bbox 1877 4126 1992 4179; x_wconf 79' lang='lat' dir='ltr'><strong>sive</strong></span> 
     </span>
    </p>
   </div>
   <div class='ocr_carea' id='block_1_70' title="bbox 420 4211 1989 4284">
    <p class='ocr_par' dir='ltr' id='par_1_70' title="bbox 420 4211 1989 4284">
     <span class='ocr_line' id='line_1_71' title="bbox 420 4211 1989 4284; baseline -0.003 -14"><span class='ocrx_word' id='word_1_507' title='bbox 420 4212 789 4271; x_wconf 73' lang='lat' dir='ltr'><strong>abstinuisset</strong></span> <span class='ocrx_word' id='word_1_508' title='bbox 818 4213 888 4269; x_wconf 90' lang='lat' dir='ltr'><strong>ab</strong></span> <span class='ocrx_word' id='word_1_509' title='bbox 909 4211 1108 4273; x_wconf 83' lang='lat' dir='ltr'><strong>arbore</strong></span> <span class='ocrx_word' id='word_1_510' title='bbox 1133 4227 1240 4284; x_wconf 89' lang='lat' dir='ltr'><strong>qua</strong></span> <span class='ocrx_word' id='word_1_511' title='bbox 1272 4212 1375 4269; x_wconf 83' lang='lat' dir='ltr'><strong>sibi</strong></span> <span class='ocrx_word' id='word_1_512' title='bbox 1406 4214 1584 4269; x_wconf 80' lang='lat' dir='ltr'><strong>fuerat</strong></span> <span class='ocrx_word' id='word_1_513' title='bbox 1616 4213 1989 4278; x_wconf 89' lang='lat' dir='ltr'><strong>interdictum,</strong></span> 
     </span>
    </p>
   </div>
   <div class='ocr_carea' id='block_1_71' title="bbox 419 4304 1988 4379">
    <p class='ocr_par' dir='ltr' id='par_1_71' title="bbox 419 4304 1988 4379">
     <span class='ocr_line' id='line_1_72' title="bbox 419 4304 1988 4379; baseline -0.003 -14"><span class='ocrx_word' id='word_1_514' title='bbox 419 4308 539 4365; x_wconf 85' lang='lat' dir='ltr'><strong>sive</strong></span> <span class='ocrx_word' id='word_1_515' title='bbox 574 4322 685 4364; x_wconf 81' lang='lat' dir='ltr'><strong>non</strong></span> <span class='ocrx_word' id='word_1_516' title='bbox 748 4306 1108 4364; x_wconf 87' lang='lat' dir='ltr'><strong>abstinuisset</strong></span> <span class='ocrx_word' id='word_1_517' title='bbox 1135 4320 1366 4379; x_wconf 87' lang='lat' dir='ltr'><strong>prorsus</strong></span> <span class='ocrx_word' id='word_1_518' title='bbox 1416 4304 1747 4363; x_wconf 82' lang='lat' dir='ltr'><strong>moriturum</strong></span> <span class='ocrx_word' id='word_1_519' title='bbox 1795 4306 1988 4370; x_wconf 63' lang='lat' dir='ltr'><strong>fuisse.</strong></span> 
     </span>
    </p>
   </div>
   <div class='ocr_carea' id='block_1_72' title="bbox 415 4396 1990 4457">
    <p class='ocr_par' dir='ltr' id='par_1_72' title="bbox 415 4396 1990 4457">
     <span class='ocr_line' id='line_1_73' title="bbox 415 4396 1990 4457; baseline -0.004 0"><span class='ocrx_word' id='word_1_520' title='bbox 415 4415 541 4457; x_wconf 85' lang='lat' dir='ltr'><strong>eum</strong></span> <span class='ocrx_word' id='word_1_521' title='bbox 592 4407 744 4457; x_wconf 87' lang='lat' dir='ltr'><strong>esset</strong></span> <span class='ocrx_word' id='word_1_522' title='bbox 781 4408 979 4457; x_wconf 87' lang='lat' dir='ltr'><strong>natura</strong></span> <span class='ocrx_word' id='word_1_523' title='bbox 1025 4397 1245 4454; x_wconf 84' lang='lat' dir='ltr'><strong>mortali</strong></span> <span class='ocrx_word' id='word_1_524' title='bbox 1298 4397 1571 4455; x_wconf 86' lang='lat' dir='ltr'><strong>conditus.</strong></span> <span class='ocrx_word' id='word_1_525' title='bbox 1615 4396 1885 4453; x_wconf 70' lang='lat' dir='ltr'><strong>Caeterum</strong></span> <span class='ocrx_word' id='word_1_526' title='bbox 1934 4396 1990 4450; x_wconf 91' lang='lat' dir='ltr'><strong>in</strong></span> 
     </span>
    </p>
   </div>
   <div class='ocr_carea' id='block_1_73' title="bbox 2098 3213 3669 3287">
    <p class='ocr_par' dir='ltr' id='par_1_73' title="bbox 2098 3213 3669 3287">
     <span class='ocr_line' id='line_1_74' title="bbox 2098 3213 3669 3287; baseline 0.003 -21"><span class='ocrx_word' id='word_1_527' title='bbox 2098 3213 2365 3269; x_wconf 73' lang='lat' dir='ltr'><strong>invasisse</strong></span> <span class='ocrx_word' id='word_1_528' title='bbox 2397 3223 2691 3271; x_wconf 70' lang='lat' dir='ltr'><strong>testentur.</strong></span> <span class='ocrx_word' id='word_1_529' title='bbox 2736 3214 2804 3269; x_wconf 78' lang='lat' dir='ltr'><strong>At</strong></span> <span class='ocrx_word' id='word_1_530' title='bbox 2845 3214 2893 3269; x_wconf 87' lang='lat' dir='ltr'><strong>si</strong></span> <span class='ocrx_word' id='word_1_531' title='bbox 2937 3214 3054 3270; x_wconf 65' lang='lat' dir='ltr'><strong>haec</strong></span> <span class='ocrx_word' id='word_1_532' title='bbox 3100 3229 3207 3272; x_wconf 90' lang='lat' dir='ltr'><strong>non</strong></span> <span class='ocrx_word' id='word_1_533' title='bbox 3239 3215 3507 3287; x_wconf 84' lang='lat' dir='ltr'><strong>recipitis.</strong></span> <span class='ocrx_word' id='word_1_534' title='bbox 3541 3231 3669 3287; x_wconf 83' lang='lat' dir='ltr'><strong>pro-</strong></span> 
     </span>
    </p>
   </div>
   <div class='ocr_carea' id='block_1_74' title="bbox 2095 3302 3669 3378">
    <p class='ocr_par' dir='ltr' id='par_1_74' title="bbox 2095 3302 3669 3378">
     <span class='ocr_line' id='line_1_75' title="bbox 2095 3302 3669 3378; baseline 0.001 -19"><span class='ocrx_word' id='word_1_535' title='bbox 2095 3302 2233 3360; x_wconf 75' lang='lat' dir='ltr'><strong>ferte</strong></span> <span class='ocrx_word' id='word_1_536' title='bbox 2263 3303 2420 3359; x_wconf 88' lang='lat' dir='ltr'><strong>nobis</strong></span> <span class='ocrx_word' id='word_1_537' title='bbox 2453 3321 2617 3359; x_wconf 84' lang='lat' dir='ltr'><strong>unum</strong></span> <span class='ocrx_word' id='word_1_538' title='bbox 2658 3305 2893 3375; x_wconf 88' lang='lat' dir='ltr'><strong>aliquem</strong></span> <span class='ocrx_word' id='word_1_539' title='bbox 2928 3304 3108 3360; x_wconf 90' lang='lat' dir='ltr'><strong>locum</strong></span> <span class='ocrx_word' id='word_1_540' title='bbox 3131 3307 3211 3361; x_wconf 89' lang='lat' dir='ltr'><strong>.in</strong></span> <span class='ocrx_word' id='word_1_541' title='bbox 3235 3321 3346 3377; x_wconf 92' lang='lat' dir='ltr'><strong>quo</strong></span> <span class='ocrx_word' id='word_1_542' title='bbox 3387 3307 3669 3378; x_wconf 84' lang='lat' dir='ltr'><strong>Scriptura</strong></span> 
     </span>
    </p>
   </div>
   <div class='ocr_carea' id='block_1_75' title="bbox 2096 3393 3668 3466">
    <p class='ocr_par' dir='ltr' id='par_1_75' title="bbox 2096 3393 3668 3466">
     <span class='ocr_line' id='line_1_76' title="bbox 2096 3393 3668 3466; baseline 0.001 -17"><span class='ocrx_word' id='word_1_543' title='bbox 2096 3393 2263 3459; x_wconf 76' lang='lat' dir='ltr'><strong>(lital,</strong></span> <span class='ocrx_word' id='word_1_544' title='bbox 2312 3409 2412 3448; x_wconf 86' lang='lat' dir='ltr'><strong>nos</strong></span> <span class='ocrx_word' id='word_1_545' title='bbox 2468 3410 2574 3448; x_wconf 88' lang='lat' dir='ltr'><strong>non</strong></span> <span class='ocrx_word' id='word_1_546' title='bbox 2632 3398 2771 3449; x_wconf 90' lang='lat' dir='ltr'><strong>mori</strong></span> <span class='ocrx_word' id='word_1_547' title='bbox 2820 3405 3041 3465; x_wconf 70' lang='lat' dir='ltr'><strong>protiter</strong></span> <span class='ocrx_word' id='word_1_548' title='bbox 3096 3404 3414 3466; x_wconf 84' lang='lat' dir='ltr'><strong>peccatum.</strong></span> <span class='ocrx_word' id='word_1_549' title='bbox 3479 3413 3668 3452; x_wconf 87' lang='lat' dir='ltr'><strong>verum</strong></span> 
     </span>
    </p>
   </div>
   <div class='ocr_carea' id='block_1_76' title="bbox 2098 3482 3670 3555">
    <p class='ocr_par' dir='ltr' id='par_1_76' title="bbox 2098 3482 3670 3555">
     <span class='ocr_line' id='line_1_77' title="bbox 2098 3482 3670 3555; baseline 0.002 -18"><span class='ocrx_word' id='word_1_550' title='bbox 2098 3483 2322 3553; x_wconf 88' lang='lat' dir='ltr'><strong>quando</strong></span> <span class='ocrx_word' id='word_1_551' title='bbox 2381 3483 2684 3539; x_wconf 82' lang='lat' dir='ltr'><strong>illiusmodi</strong></span> <span class='ocrx_word' id='word_1_552' title='bbox 2736 3482 2890 3539; x_wconf 87' lang='lat' dir='ltr'><strong>locus</strong></span> <span class='ocrx_word' id='word_1_553' title='bbox 2941 3500 3211 3555; x_wconf 88' lang='lat' dir='ltr'><strong>nusquam</strong></span> <span class='ocrx_word' id='word_1_554' title='bbox 3262 3495 3367 3554; x_wconf 86' lang='lat' dir='ltr'><strong>est,</strong></span> <span class='ocrx_word' id='word_1_555' title='bbox 3434 3487 3670 3542; x_wconf 86' lang='lat' dir='ltr'><strong>alterum</strong></span> 
     </span>
    </p>
   </div>
   <div class='ocr_carea' id='block_1_77' title="bbox 2099 3574 3674 3647">
    <p class='ocr_par' dir='ltr' id='par_1_77' title="bbox 2099 3574 3674 3647">
     <span class='ocr_line' id='line_1_78' title="bbox 2099 3574 3674 3647; baseline 0.003 -18"><span class='ocrx_word' id='word_1_556' title='bbox 2099 3575 2234 3629; x_wconf 87' lang='lat' dir='ltr'><strong>illud</strong></span> <span class='ocrx_word' id='word_1_557' title='bbox 2270 3590 2459 3629; x_wconf 77' lang='lat' dir='ltr'><strong>rerum</strong></span> <span class='ocrx_word' id='word_1_558' title='bbox 2490 3576 2563 3631; x_wconf 87' lang='lat' dir='ltr'><strong>sit</strong></span> <span class='ocrx_word' id='word_1_559' title='bbox 2592 3589 2815 3631; x_wconf 86' lang='lat' dir='ltr'><strong>necesse</strong></span> <span class='ocrx_word' id='word_1_560' title='bbox 2843 3584 2947 3632; x_wconf 89' lang='lat' dir='ltr'><strong>est.</strong></span> <span class='ocrx_word' id='word_1_561' title='bbox 2981 3574 3169 3647; x_wconf 76' lang='lat' dir='ltr'><strong>Neque</strong></span> <span class='ocrx_word' id='word_1_562' title='bbox 3200 3576 3346 3633; x_wconf 88' lang='lat' dir='ltr'><strong>enim</strong></span> <span class='ocrx_word' id='word_1_563' title='bbox 3380 3590 3674 3635; x_wconf 81' lang='lat' dir='ltr'><strong>consenta-</strong></span> 
     </span>
    </p>
   </div>
   <div class='ocr_carea' id='block_1_78' title="bbox 2098 3667 3672 3738">
    <p class='ocr_par' dir='ltr' id='par_1_78' title="bbox 2098 3667 3672 3738">
     <span class='ocr_line' id='line_1_79' title="bbox 2098 3667 3672 3738; baseline 0.004 -17"><span class='ocrx_word' id='word_1_564' title='bbox 2098 3682 2261 3722; x_wconf 90' lang='lat' dir='ltr'><strong>neum</strong></span> <span class='ocrx_word' id='word_1_565' title='bbox 2318 3679 2407 3723; x_wconf 84' lang='lat' dir='ltr'><strong>est</strong></span> <span class='ocrx_word' id='word_1_566' title='bbox 2460 3677 2520 3722; x_wconf 91' lang='lat' dir='ltr'><strong>ut</strong></span> <span class='ocrx_word' id='word_1_567' title='bbox 2568 3682 2636 3722; x_wconf 82' lang='lat' dir='ltr'><strong>eo</strong></span> <span class='ocrx_word' id='word_1_568' title='bbox 2691 3668 2978 3738; x_wconf 81' lang='lat' dir='ltr'><strong>repudiato</strong></span> <span class='ocrx_word' id='word_1_569' title='bbox 3029 3667 3180 3738; x_wconf 87' lang='lat' dir='ltr'><strong>quod</strong></span> <span class='ocrx_word' id='word_1_570' title='bbox 3228 3671 3403 3726; x_wconf 88' lang='lat' dir='ltr'><strong>sacris</strong></span> <span class='ocrx_word' id='word_1_571' title='bbox 3446 3668 3672 3728; x_wconf 86' lang='lat' dir='ltr'><strong>Litteris</strong></span> 
     </span>
    </p>
   </div>
   <div class='ocr_carea' id='block_1_79' title="bbox 2096 3758 3671 3835">
    <p class='ocr_par' dir='ltr' id='par_1_79' title="bbox 2096 3758 3671 3835">
     <span class='ocr_line' id='line_1_80' title="bbox 2096 3758 3671 3835; baseline 0.004 -23"><span class='ocrx_word' id='word_1_572' title='bbox 2096 3758 2375 3830; x_wconf 83' lang='lat' dir='ltr'><strong>proditum</strong></span> <span class='ocrx_word' id='word_1_573' title='bbox 2412 3761 2745 3825; x_wconf 83' lang='lat' dir='ltr'><strong>invenimus,</strong></span> <span class='ocrx_word' id='word_1_574' title='bbox 2803 3761 2853 3814; x_wconf 86' lang='lat' dir='ltr'><strong>id</strong></span> <span class='ocrx_word' id='word_1_575' title='bbox 2908 3761 3307 3830; x_wconf 84' lang='lat' dir='ltr'><strong>amplectamur</strong></span> <span class='ocrx_word' id='word_1_576' title='bbox 3333 3762 3483 3835; x_wconf 85' lang='lat' dir='ltr'><strong>quod</strong></span> <span class='ocrx_word' id='word_1_577' title='bbox 3535 3778 3671 3819; x_wconf 88' lang='lat' dir='ltr'><strong>nus-</strong></span> 
     </span>
    </p>
   </div>
   <div class='ocr_carea' id='block_1_80' title="bbox 2100 3850 3672 3925">
    <p class='ocr_par' dir='ltr' id='par_1_80' title="bbox 2100 3850 3672 3925">
     <span class='ocr_line' id='line_1_81' title="bbox 2100 3850 3672 3925; baseline 0.006 -22"><span class='ocrx_word' id='word_1_578' title='bbox 2100 3867 2268 3922; x_wconf 86' lang='lat' dir='ltr'><strong>quam</strong></span> <span class='ocrx_word' id='word_1_579' title='bbox 2306 3853 2570 3923; x_wconf 86' lang='lat' dir='ltr'><strong>scriptum</strong></span> <span class='ocrx_word' id='word_1_580' title='bbox 2618 3861 2819 3908; x_wconf 81' lang='lat' dir='ltr'><strong>exstat.</strong></span> <span class='ocrx_word' id='word_1_581' title='bbox 2868 3850 3004 3908; x_wconf 87' lang='lat' dir='ltr'><strong>Nam</strong></span> <span class='ocrx_word' id='word_1_582' title='bbox 3054 3854 3120 3909; x_wconf 86' lang='lat' dir='ltr'><strong>ad</strong></span> <span class='ocrx_word' id='word_1_583' title='bbox 3168 3869 3231 3911; x_wconf 89' lang='lat' dir='ltr'><strong>ea</strong></span> <span class='ocrx_word' id='word_1_584' title='bbox 3276 3854 3388 3910; x_wconf 91' lang='lat' dir='ltr'><strong>duo</strong></span> <span class='ocrx_word' id='word_1_585' title='bbox 3422 3870 3545 3925; x_wconf 68' lang='lat' dir='ltr'><strong>quas</strong></span> <span class='ocrx_word' id='word_1_586' title='bbox 3572 3870 3672 3912; x_wconf 79' lang='lat' dir='ltr'><strong>vos</strong></span> 
     </span>
    </p>
   </div>
   <div class='ocr_carea' id='block_1_81' title="bbox 2094 3944 3671 4019">
    <p class='ocr_par' dir='ltr' id='par_1_81' title="bbox 2094 3944 3671 4019">
     <span class='ocr_line' id='line_1_82' title="bbox 2094 3944 3671 4019; baseline 0.001 -20"><span class='ocrx_word' id='word_1_587' title='bbox 2094 3959 2197 3999; x_wconf 85' lang='lat' dir='ltr'><strong>ceu</strong></span> <span class='ocrx_word' id='word_1_588' title='bbox 2231 3944 2470 3998; x_wconf 88' lang='lat' dir='ltr'><strong>absurda</strong></span> <span class='ocrx_word' id='word_1_589' title='bbox 2516 3960 2580 3999; x_wconf 86' lang='lat' dir='ltr'><strong>cx</strong></span> <span class='ocrx_word' id='word_1_590' title='bbox 2626 3954 2818 4001; x_wconf 87' lang='lat' dir='ltr'><strong>nostra</strong></span> <span class='ocrx_word' id='word_1_591' title='bbox 2858 3945 2951 4000; x_wconf 90' lang='lat' dir='ltr'><strong>illa</strong></span> <span class='ocrx_word' id='word_1_592' title='bbox 2999 3947 3268 4003; x_wconf 85' lang='lat' dir='ltr'><strong>sententia</strong></span> <span class='ocrx_word' id='word_1_593' title='bbox 3305 3947 3671 4019; x_wconf 72' lang='lat' dir='ltr'><strong>colligeliatir,</strong></span> 
     </span>
    </p>
   </div>
   <div class='ocr_carea' id='block_1_82' title="bbox 2094 4036 3667 4112">
    <p class='ocr_par' dir='ltr' id='par_1_82' title="bbox 2094 4036 3667 4112">
     <span class='ocr_line' id='line_1_83' title="bbox 2094 4036 3667 4112; baseline 0.001 -20"><span class='ocrx_word' id='word_1_594' title='bbox 2094 4052 2289 4107; x_wconf 90' lang='lat' dir='ltr'><strong>nempe</strong></span> <span class='ocrx_word' id='word_1_595' title='bbox 2330 4036 2498 4092; x_wconf 83' lang='lat' dir='ltr'><strong>Deum</strong></span> <span class='ocrx_word' id='word_1_596' title='bbox 2544 4036 2795 4093; x_wconf 85' lang='lat' dir='ltr'><strong>occidere</strong></span> <span class='ocrx_word' id='word_1_597' title='bbox 2836 4036 3019 4108; x_wconf 79' lang='lat' dir='ltr'><strong>justus</strong></span> <span class='ocrx_word' id='word_1_598' title='bbox 3051 4047 3275 4109; x_wconf 88' lang='lat' dir='ltr'><strong>propter</strong></span> <span class='ocrx_word' id='word_1_599' title='bbox 3319 4038 3575 4112; x_wconf 72' lang='lat' dir='ltr'><strong>iniustos.</strong></span> <span class='ocrx_word' id='word_1_600' title='bbox 3606 4047 3667 4094; x_wconf 84' lang='lat' dir='ltr'><strong>et</strong></span> 
     </span>
    </p>
   </div>
   <div class='ocr_carea' id='block_1_83' title="bbox 2095 4128 3670 4201">
    <p class='ocr_par' dir='ltr' id='par_1_83' title="bbox 2095 4128 3670 4201">
     <span class='ocr_line' id='line_1_84' title="bbox 2095 4128 3670 4201; baseline 0.003 -16"><span class='ocrx_word' id='word_1_601' title='bbox 2095 4138 2314 4201; x_wconf 87' lang='lat' dir='ltr'><strong>patrum</strong></span> <span class='ocrx_word' id='word_1_602' title='bbox 2358 4128 2566 4185; x_wconf 80' lang='lat' dir='ltr'><strong>scelera</strong></span> <span class='ocrx_word' id='word_1_603' title='bbox 2613 4130 2810 4200; x_wconf 85' lang='lat' dir='ltr'><strong>punire</strong></span> <span class='ocrx_word' id='word_1_604' title='bbox 2861 4130 2917 4185; x_wconf 91' lang='lat' dir='ltr'><strong>in</strong></span> <span class='ocrx_word' id='word_1_605' title='bbox 2949 4130 3102 4195; x_wconf 82' lang='lat' dir='ltr'><strong>tiliis,</strong></span> <span class='ocrx_word' id='word_1_606' title='bbox 3141 4131 3382 4187; x_wconf 83' lang='lat' dir='ltr'><strong>dicimus</strong></span> <span class='ocrx_word' id='word_1_607' title='bbox 3432 4146 3496 4187; x_wconf 86' lang='lat' dir='ltr'><strong>ea</strong></span> <span class='ocrx_word' id='word_1_608' title='bbox 3523 4131 3670 4189; x_wconf 85' lang='lat' dir='ltr'><strong>haud</strong></span> 
     </span>
    </p>
   </div>
   <div class='ocr_carea' id='block_1_84' title="bbox 2095 4222 3667 4296">
    <p class='ocr_par' dir='ltr' id='par_1_84' title="bbox 2095 4222 3667 4296">
     <span class='ocr_line' id='line_1_85' title="bbox 2095 4222 3667 4296; baseline 0.002 -17"><span class='ocrx_word' id='word_1_609' title='bbox 2095 4225 2224 4279; x_wconf 89' lang='lat' dir='ltr'><strong>inde</strong></span> <span class='ocrx_word' id='word_1_610' title='bbox 2274 4225 2532 4293; x_wconf 87' lang='lat' dir='ltr'><strong>consequi</strong></span> <span class='ocrx_word' id='word_1_611' title='bbox 2566 4241 2580 4277; x_wconf 90' lang='lat'><strong>:</strong></span> <span class='ocrx_word' id='word_1_612' title='bbox 2614 4239 2792 4296; x_wconf 88' lang='lat' dir='ltr'><strong>neque</strong></span> <span class='ocrx_word' id='word_1_613' title='bbox 2839 4224 2984 4280; x_wconf 87' lang='lat' dir='ltr'><strong>cnim</strong></span> <span class='ocrx_word' id='word_1_614' title='bbox 3038 4224 3206 4280; x_wconf 86' lang='lat' dir='ltr'><strong>Deum</strong></span> <span class='ocrx_word' id='word_1_615' title='bbox 3264 4234 3486 4296; x_wconf 88' lang='lat' dir='ltr'><strong>propter</strong></span> <span class='ocrx_word' id='word_1_616' title='bbox 3537 4222 3667 4282; x_wconf 72' lang='lat' dir='ltr'><strong>Adae</strong></span> 
     </span>
    </p>
   </div>
   <div class='ocr_carea' id='block_1_85' title="bbox 2094 4314 3669 4387">
    <p class='ocr_par' dir='ltr' id='par_1_85' title="bbox 2094 4314 3669 4387">
     <span class='ocr_line' id='line_1_86' title="bbox 2094 4314 3669 4387; baseline -0.001 -18"><span class='ocrx_word' id='word_1_617' title='bbox 2094 4314 2432 4385; x_wconf 85' lang='lat' dir='ltr'><strong>impietatem</strong></span> <span class='ocrx_word' id='word_1_618' title='bbox 2479 4314 2734 4369; x_wconf 82' lang='lat' dir='ltr'><strong>occidere</strong></span> <span class='ocrx_word' id='word_1_619' title='bbox 2784 4315 2957 4385; x_wconf 85' lang='lat' dir='ltr'><strong>ipsius</strong></span> <span class='ocrx_word' id='word_1_620' title='bbox 3006 4324 3264 4386; x_wconf 86' lang='lat' dir='ltr'><strong>posteros</strong></span> <span class='ocrx_word' id='word_1_621' title='bbox 3310 4315 3427 4373; x_wconf 86' lang='lat' dir='ltr'><strong>sive</strong></span> <span class='ocrx_word' id='word_1_622' title='bbox 3461 4315 3669 4387; x_wconf 86' lang='lat' dir='ltr'><strong>probos</strong></span> 
     </span>
    </p>
   </div>
   <div class='ocr_carea' id='block_1_86' title="bbox 2095 4403 3667 4476">
    <p class='ocr_par' dir='ltr' id='par_1_86' title="bbox 2095 4403 3667 4476">
     <span class='ocr_line' id='line_1_87' title="bbox 2095 4403 3667 4476; baseline -0.001 -16"><span class='ocrx_word' id='word_1_623' title='bbox 2095 4410 2209 4460; x_wconf 88' lang='lat' dir='ltr'><strong>sive</strong></span> <span class='ocrx_word' id='word_1_624' title='bbox 2256 4403 2559 4474; x_wconf 83' lang='lat' dir='ltr'><strong>improbos.</strong></span> <span class='ocrx_word' id='word_1_625' title='bbox 2608 4415 2667 4458; x_wconf 90' lang='lat' dir='ltr'><strong>ut</strong></span> <span class='ocrx_word' id='word_1_626' title='bbox 2714 4419 2893 4474; x_wconf 82' lang='lat' dir='ltr'><strong>neque</strong></span> <span class='ocrx_word' id='word_1_627' title='bbox 2932 4404 3077 4461; x_wconf 83' lang='lat' dir='ltr'><strong>illius</strong></span> <span class='ocrx_word' id='word_1_628' title='bbox 3106 4406 3180 4459; x_wconf 87' lang='lat' dir='ltr'><strong>ob</strong></span> <span class='ocrx_word' id='word_1_629' title='bbox 3210 4420 3275 4460; x_wconf 91' lang='lat' dir='ltr'><strong>ea</strong></span> <span class='ocrx_word' id='word_1_630' title='bbox 3318 4420 3443 4476; x_wconf 70' lang='lat' dir='ltr'><strong>quae</strong></span> <span class='ocrx_word' id='word_1_631' title='bbox 3482 4414 3667 4475; x_wconf 87' lang='lat' dir='ltr'><strong>patres</strong></span> 
     </span>
    </p>
   </div>
   <div class='ocr_carea' id='block_1_87' title="bbox 414 4487 3666 4567">
    <p class='ocr_par' dir='ltr' id='par_1_87' title="bbox 414 4487 3666 4567">
     <span class='ocr_line' id='line_1_88' title="bbox 414 4487 3666 4567; baseline -0 -16"><span class='ocrx_word' id='word_1_632' title='bbox 414 4494 536 4565; x_wconf 75' lang='lat' dir='ltr'><strong>eius</strong></span> <span class='ocrx_word' id='word_1_633' title='bbox 565 4490 865 4565; x_wconf 70' lang='lat' dir='ltr'><strong>Scriptura</strong></span> <span class='ocrx_word' id='word_1_634' title='bbox 890 4489 1077 4547; x_wconf 78' lang='lat' dir='ltr'><strong>verbis</strong></span> <span class='ocrx_word' id='word_1_635' title='bbox 1105 4498 1326 4561; x_wconf 79' lang='lat' dir='ltr'><strong>tropum</strong></span> <span class='ocrx_word' id='word_1_636' title='bbox 1359 4505 1506 4556; x_wconf 78' lang='lat' dir='ltr'><strong>esse.</strong></span> <span class='ocrx_word' id='word_1_637' title='bbox 1551 4505 1675 4558; x_wconf 73' lang='lat' dir='ltr'><strong>qum</strong></span> <span class='ocrx_word' id='word_1_638' title='bbox 1704 4490 1777 4543; x_wconf 67' lang='lat' dir='ltr'><strong>ita</strong></span> <span class='ocrx_word' id='word_1_639' title='bbox 1813 4487 1989 4557; x_wconf 57' lang='lat' dir='ltr'><strong>loquio</strong></span> <span class='ocrx_word' id='word_1_640' title='bbox 2013 4490 2069 4551; x_wconf 88' lang='lat' dir='ltr'><strong><em>D</em></strong></span> <span class='ocrx_word' id='word_1_641' title='bbox 2098 4507 2382 4567; x_wconf 85' lang='lat' dir='ltr'><strong>patravere</strong></span> <span class='ocrx_word' id='word_1_642' title='bbox 2419 4494 2622 4567; x_wconf 78' lang='lat' dir='ltr'><strong>ﬂagitia</strong></span> <span class='ocrx_word' id='word_1_643' title='bbox 2655 4511 2672 4553; x_wconf 90' lang='lat'><strong>:</strong></span> <span class='ocrx_word' id='word_1_644' title='bbox 2707 4497 2801 4552; x_wconf 86' lang='lat' dir='ltr'><strong>sed</strong></span> <span class='ocrx_word' id='word_1_645' title='bbox 2834 4494 3013 4553; x_wconf 75' lang='lat' dir='ltr'><strong>fuerat</strong></span> <span class='ocrx_word' id='word_1_646' title='bbox 3049 4496 3291 4553; x_wconf 82' lang='lat' dir='ltr'><strong>Adamus</strong></span> <span class='ocrx_word' id='word_1_647' title='bbox 3324 4505 3515 4553; x_wconf 84' lang='lat' dir='ltr'><strong>natura</strong></span> <span class='ocrx_word' id='word_1_648' title='bbox 3541 4498 3666 4567; x_wconf 79' lang='lat' dir='ltr'><strong>qui-</strong></span> 
     </span>
    </p>
   </div>
   <div class='ocr_carea' id='block_1_88' title="bbox 416 4569 1987 4654">
    <p class='ocr_par' dir='ltr' id='par_1_88' title="bbox 416 4569 1987 4654">
     <span class='ocr_line' id='line_1_89' title="bbox 416 4569 1987 4654; baseline -0.004 -15"><span class='ocrx_word' id='word_1_649' title='bbox 416 4591 509 4640; x_wconf 90' lang='lat' dir='ltr'><strong>tur</strong></span> <span class='ocrx_word' id='word_1_650' title='bbox 542 4598 609 4639; x_wconf 90' lang='lat' dir='ltr'><strong>ac</strong></span> <span class='ocrx_word' id='word_1_651' title='bbox 642 4583 688 4641; x_wconf 88' lang='lat' dir='ltr'><strong>si</strong></span> <span class='ocrx_word' id='word_1_652' title='bbox 729 4582 901 4639; x_wconf 78' lang='lat' dir='ltr'><strong>Adam</strong></span> <span class='ocrx_word' id='word_1_653' title='bbox 938 4590 1161 4654; x_wconf 88' lang='lat' dir='ltr'><strong>propter</strong></span> <span class='ocrx_word' id='word_1_654' title='bbox 1192 4569 1493 4653; x_wconf 85' lang='lat' dir='ltr'><strong>peccatum</strong></span> <span class='ocrx_word' id='word_1_655' title='bbox 1527 4580 1795 4636; x_wconf 82' lang='lat' dir='ltr'><strong>obivlsset</strong></span> <span class='ocrx_word' id='word_1_656' title='bbox 1843 4596 1987 4635; x_wconf 82' lang='lat' dir='ltr'><strong>tuor-</strong></span> 
     </span>
    </p>
   </div>
   <div class='ocr_carea' id='block_1_89' title="bbox 418 4674 1979 4747">
    <p class='ocr_par' dir='ltr' id='par_1_89' title="bbox 418 4674 1979 4747">
     <span class='ocr_line' id='line_1_90' title="bbox 418 4674 1979 4747; baseline -0.003 -14"><span class='ocrx_word' id='word_1_657' title='bbox 418 4688 549 4747; x_wconf 89' lang='lat' dir='ltr'><strong>tem,</strong></span> <span class='ocrx_word' id='word_1_658' title='bbox 594 4675 857 4733; x_wconf 87' lang='lat' dir='ltr'><strong>nimirum</strong></span> <span class='ocrx_word' id='word_1_659' title='bbox 910 4683 969 4731; x_wconf 89' lang='lat' dir='ltr'><strong>ut</strong></span> <span class='ocrx_word' id='word_1_660' title='bbox 1003 4689 1127 4731; x_wconf 89' lang='lat' dir='ltr'><strong>cum</strong></span> <span class='ocrx_word' id='word_1_661' title='bbox 1164 4674 1256 4730; x_wconf 89' lang='lat' dir='ltr'><strong>ille</strong></span> <span class='ocrx_word' id='word_1_662' title='bbox 1283 4674 1501 4729; x_wconf 85' lang='lat' dir='ltr'><strong>audiret</strong></span> <span class='ocrx_word' id='word_1_663' title='bbox 1556 4684 1838 4745; x_wconf 87' lang='lat' dir='ltr'><strong>peccatum</strong></span> <span class='ocrx_word' id='word_1_664' title='bbox 1878 4674 1979 4730; x_wconf 79' lang='lat' dir='ltr'><strong>sibi</strong></span> 
     </span>
    </p>
   </div>
   <div class='ocr_carea' id='block_1_90' title="bbox 418 4766 1982 4834">
    <p class='ocr_par' dir='ltr' id='par_1_90' title="bbox 418 4766 1982 4834">
     <span class='ocr_line' id='line_1_91' title="bbox 418 4766 1982 4834; baseline -0.003 -8"><span class='ocrx_word' id='word_1_665' title='bbox 418 4769 614 4826; x_wconf 86' lang='lat' dir='ltr'><strong>mortis</strong></span> <span class='ocrx_word' id='word_1_666' title='bbox 670 4781 895 4827; x_wconf 85' lang='lat' dir='ltr'><strong>causam</strong></span> <span class='ocrx_word' id='word_1_667' title='bbox 952 4767 1146 4833; x_wconf 79' lang='lat' dir='ltr'><strong>luisse,</strong></span> <span class='ocrx_word' id='word_1_668' title='bbox 1205 4766 1335 4823; x_wconf 86' lang='lat' dir='ltr'><strong>odio</strong></span> <span class='ocrx_word' id='word_1_669' title='bbox 1388 4767 1630 4831; x_wconf 78' lang='lat' dir='ltr'><strong>haberet,</strong></span> <span class='ocrx_word' id='word_1_670' title='bbox 1679 4768 1982 4834; x_wconf 80' lang='lat' dir='ltr'><strong>vitaretque</strong></span> 
     </span>
    </p>
   </div>
   <div class='ocr_carea' id='block_1_91' title="bbox 414 4858 1981 4935">
    <p class='ocr_par' dir='ltr' id='par_1_91' title="bbox 414 4858 1981 4935">
     <span class='ocr_line' id='line_1_92' title="bbox 414 4858 1981 4935; baseline -0.005 -17"><span class='ocrx_word' id='word_1_671' title='bbox 414 4873 701 4935; x_wconf 78' lang='lat' dir='ltr'><strong>peccatum</strong></span> <span class='ocrx_word' id='word_1_672' title='bbox 731 4878 745 4916; x_wconf 92' lang='lat'><strong>:</strong></span> <span class='ocrx_word' id='word_1_673' title='bbox 775 4859 1236 4934; x_wconf 86' lang='lat' dir='ltr'><strong>quemadmodum</strong></span> <span class='ocrx_word' id='word_1_674' title='bbox 1265 4859 1454 4914; x_wconf 86' lang='lat' dir='ltr'><strong>multis</strong></span> <span class='ocrx_word' id='word_1_675' title='bbox 1490 4858 1613 4913; x_wconf 78' lang='lat' dir='ltr'><strong>aliis</strong></span> <span class='ocrx_word' id='word_1_676' title='bbox 1652 4858 1789 4913; x_wconf 77' lang='lat' dir='ltr'><strong>locis</strong></span> <span class='ocrx_word' id='word_1_677' title='bbox 1825 4868 1981 4926; x_wconf 86' lang='lat' dir='ltr'><strong>tropo</strong></span> 
     </span>
    </p>
   </div>
   <div class='ocr_carea' id='block_1_92' title="bbox 412 4948 1980 5022">
    <p class='ocr_par' dir='ltr' id='par_1_92' title="bbox 412 4948 1980 5022">
     <span class='ocr_line' id='line_1_93' title="bbox 412 4948 1980 5022; baseline -0.004 -13"><span class='ocrx_word' id='word_1_678' title='bbox 412 4967 517 5010; x_wconf 86' lang='lat' dir='ltr'><strong>usa</strong></span> <span class='ocrx_word' id='word_1_679' title='bbox 568 4959 655 5009; x_wconf 78' lang='lat' dir='ltr'><strong>est</strong></span> <span class='ocrx_word' id='word_1_680' title='bbox 697 4949 980 5022; x_wconf 83' lang='lat' dir='ltr'><strong>Scriptura</strong></span> <span class='ocrx_word' id='word_1_681' title='bbox 1008 4990 1023 5017; x_wconf 86' lang='lat'><strong>,</strong></span> <span class='ocrx_word' id='word_1_682' title='bbox 1079 4959 1140 5006; x_wconf 83' lang='lat' dir='ltr'><strong>ut</strong></span> <span class='ocrx_word' id='word_1_683' title='bbox 1184 4965 1308 5007; x_wconf 86' lang='lat' dir='ltr'><strong>cum</strong></span> <span class='ocrx_word' id='word_1_684' title='bbox 1368 4948 1534 5004; x_wconf 79' lang='lat' dir='ltr'><strong>liabet</strong></span> <span class='ocrx_word' id='word_1_685' title='bbox 1581 4968 1595 5004; x_wconf 89' lang='lat'><strong>:</strong></span> <span class='ocrx_word' id='word_1_686' title='bbox 1638 4948 1705 5004; x_wconf 85' lang='lat' dir='ltr'><strong>Et</strong></span> <span class='ocrx_word' id='word_1_687' title='bbox 1761 4950 1980 5004; x_wconf 77' lang='lat' dir='ltr'><strong>tentavit</strong></span> 
     </span>
    </p>
   </div>
   <div class='ocr_carea' id='block_1_93' title="bbox 412 5044 1983 5115">
    <p class='ocr_par' dir='ltr' id='par_1_93' title="bbox 412 5044 1983 5115">
     <span class='ocr_line' id='line_1_94' title="bbox 412 5044 1983 5115; baseline -0.003 -10"><span class='ocrx_word' id='word_1_688' title='bbox 412 5045 673 5105; x_wconf 67' lang='lat' dir='ltr'><strong>Dominus</strong></span> <span class='ocrx_word' id='word_1_689' title='bbox 722 5044 1084 5102; x_wconf 76' lang='lat' dir='ltr'><strong>Abrolsamurn</strong></span> <span class='ocrx_word' id='word_1_690' title='bbox 1116 5044 1178 5115; x_wconf 83' lang='grc'><strong>³;</strong></span> <span class='ocrx_word' id='word_1_691' title='bbox 1211 5059 1390 5114; x_wconf 85' lang='lat' dir='ltr'><strong>neque</strong></span> <span class='ocrx_word' id='word_1_692' title='bbox 1421 5045 1566 5101; x_wconf 89' lang='lat' dir='ltr'><strong>enim</strong></span> <span class='ocrx_word' id='word_1_693' title='bbox 1619 5044 1784 5101; x_wconf 89' lang='lat' dir='ltr'><strong>Deum</strong></span> <span class='ocrx_word' id='word_1_694' title='bbox 1836 5045 1983 5100; x_wconf 83' lang='lat' dir='ltr'><strong>facto</strong></span> 
     </span>
    </p>
   </div>
   <div class='ocr_carea' id='block_1_94' title="bbox 414 5134 1980 5211">
    <p class='ocr_par' dir='ltr' id='par_1_94' title="bbox 414 5134 1980 5211">
     <span class='ocr_line' id='line_1_95' title="bbox 414 5134 1980 5211; baseline 0.001 -19"><span class='ocrx_word' id='word_1_695' title='bbox 414 5139 655 5211; x_wconf 84' lang='lat' dir='ltr'><strong>periculo</strong></span> <span class='ocrx_word' id='word_1_696' title='bbox 704 5153 845 5210; x_wconf 89' lang='lat' dir='ltr'><strong>opus</strong></span> <span class='ocrx_word' id='word_1_697' title='bbox 889 5137 1109 5195; x_wconf 85' lang='lat' dir='ltr'><strong>habere.</strong></span> <span class='ocrx_word' id='word_1_698' title='bbox 1157 5134 1372 5194; x_wconf 81' lang='lat' dir='ltr'><strong>Rursus</strong></span> <span class='ocrx_word' id='word_1_699' title='bbox 1416 5136 1510 5192; x_wconf 89' lang='lat' dir='ltr'><strong>ubi</strong></span> <span class='ocrx_word' id='word_1_700' title='bbox 1538 5138 1637 5201; x_wconf 91' lang='lat' dir='ltr'><strong>ait.</strong></span> <span class='ocrx_word' id='word_1_701' title='bbox 1667 5136 1837 5193; x_wconf 88' lang='lat' dir='ltr'><strong>Deum</strong></span> <span class='ocrx_word' id='word_1_702' title='bbox 1887 5154 1980 5193; x_wconf 84' lang='lat' dir='ltr'><strong>vo-</strong></span> 
     </span>
    </p>
   </div>
   <div class='ocr_carea' id='block_1_95' title="bbox 415 5227 1982 5301">
    <p class='ocr_par' dir='ltr' id='par_1_95' title="bbox 415 5227 1982 5301">
     <span class='ocr_line' id='line_1_96' title="bbox 415 5227 1982 5301; baseline -0.001 -16"><span class='ocrx_word' id='word_1_703' title='bbox 415 5229 587 5287; x_wconf 90' lang='lat' dir='ltr'><strong>luisse</strong></span> <span class='ocrx_word' id='word_1_704' title='bbox 645 5230 953 5287; x_wconf 86' lang='lat' dir='ltr'><strong>interiicero</strong></span> <span class='ocrx_word' id='word_1_705' title='bbox 1012 5227 1263 5295; x_wconf 71' lang='lat' dir='ltr'><strong>Mosen),</strong></span> <span class='ocrx_word' id='word_1_706' title='bbox 1321 5230 1509 5285; x_wconf 89' lang='lat' dir='ltr'><strong>uxoris</strong></span> <span class='ocrx_word' id='word_1_707' title='bbox 1577 5239 1755 5284; x_wconf 79' lang='lat' dir='ltr'><strong>tamen</strong></span> <span class='ocrx_word' id='word_1_708' title='bbox 1816 5244 1982 5301; x_wconf 85' lang='lat' dir='ltr'><strong>opera</strong></span> 
     </span>
    </p>
   </div>
   <div class='ocr_carea' id='block_1_96' title="bbox 414 5320 1981 5395">
    <p class='ocr_par' dir='ltr' id='par_1_96' title="bbox 414 5320 1981 5395">
     <span class='ocr_line' id='line_1_97' title="bbox 414 5320 1981 5395; baseline 0 -18"><span class='ocrx_word' id='word_1_709' title='bbox 414 5324 692 5395; x_wconf 85' lang='lat' dir='ltr'><strong>placatum</strong></span> <span class='ocrx_word' id='word_1_710' title='bbox 774 5322 1057 5380; x_wconf 87' lang='lat' dir='ltr'><strong>dimisisse</strong></span> <span class='ocrx_word' id='word_1_711' title='bbox 1135 5322 1290 5377; x_wconf 91' lang='lat' dir='ltr'><strong>illum</strong></span> <span class='ocrx_word' id='word_1_712' title='bbox 1361 5320 1700 5392; x_wconf 66' lang='lat' dir='ltr'><strong>impunem‘.</strong></span> <span class='ocrx_word' id='word_1_713' title='bbox 1742 5320 1805 5377; x_wconf 87' lang='lat' dir='ltr'><strong>Et</strong></span> <span class='ocrx_word' id='word_1_714' title='bbox 1857 5337 1981 5377; x_wconf 77' lang='lat' dir='ltr'><strong>eum</strong></span> 
     </span>
    </p>
   </div>
   <div class='ocr_carea' id='block_1_97' title="bbox 416 5404 1981 5484">
    <p class='ocr_par' dir='ltr' id='par_1_97' title="bbox 416 5404 1981 5484">
     <span class='ocr_line' id='line_1_98' title="bbox 416 5404 1981 5484; baseline -0.001 -14"><span class='ocrx_word' id='word_1_715' title='bbox 416 5422 627 5481; x_wconf 81' lang='lat' dir='ltr'><strong>narrat,</strong></span> <span class='ocrx_word' id='word_1_716' title='bbox 684 5412 971 5471; x_wconf 80' lang='lat' dir='ltr'><strong>Christum</strong></span> <span class='ocrx_word' id='word_1_717' title='bbox 1016 5411 1202 5470; x_wconf 69' lang='lat' dir='ltr'><strong>Iesum</strong></span> <span class='ocrx_word' id='word_1_718' title='bbox 1254 5413 1383 5469; x_wconf 86' lang='lat' dir='ltr'><strong>inde</strong></span> <span class='ocrx_word' id='word_1_719' title='bbox 1444 5428 1477 5468; x_wconf 90' lang='lat' dir='ltr'><strong>a</strong></span> <span class='ocrx_word' id='word_1_720' title='bbox 1523 5428 1683 5467; x_wconf 84' lang='lat' dir='ltr'><strong>mane</strong></span> <span class='ocrx_word' id='word_1_721' title='bbox 1729 5404 1981 5484; x_wconf 82' lang='lat' dir='ltr'><strong>jejunum</strong></span> 
     </span>
    </p>
   </div>
   <div class='ocr_carea' id='block_1_98' title="bbox 414 5505 1982 5577">
    <p class='ocr_par' dir='ltr' id='par_1_98' title="bbox 414 5505 1982 5577">
     <span class='ocr_line' id='line_1_99' title="bbox 414 5505 1982 5577; baseline -0.001 -15"><span class='ocrx_word' id='word_1_722' title='bbox 414 5519 580 5577; x_wconf 84' lang='lat' dir='ltr'><strong>atque</strong></span> <span class='ocrx_word' id='word_1_723' title='bbox 635 5505 946 5564; x_wconf 79' lang='lat' dir='ltr'><strong>famelicum</strong></span> <span class='ocrx_word' id='word_1_724' title='bbox 999 5506 1304 5564; x_wconf 82' lang='lat' dir='ltr'><strong>accessisse</strong></span> <span class='ocrx_word' id='word_1_725' title='bbox 1351 5505 1417 5560; x_wconf 87' lang='lat' dir='ltr'><strong>ad</strong></span> <span class='ocrx_word' id='word_1_726' title='bbox 1474 5505 1636 5560; x_wconf 81' lang='lat' dir='ltr'><strong>ticum</strong></span> <span class='ocrx_word' id='word_1_727' title='bbox 1693 5506 1982 5572; x_wconf 86' lang='lat' dir='ltr'><strong>arborem,</strong></span> 
     </span>
    </p>
   </div>
   <div class='ocr_carea' id='block_1_99' title="bbox 413 5598 1981 5669">
    <p class='ocr_par' dir='ltr' id='par_1_99' title="bbox 413 5598 1981 5669">
     <span class='ocr_line' id='line_1_100' title="bbox 413 5598 1981 5669; baseline 0.002 -17"><span class='ocrx_word' id='word_1_728' title='bbox 413 5599 599 5654; x_wconf 69' lang='lat' dir='ltr'><strong>atieuo</strong></span> <span class='ocrx_word' id='word_1_729' title='bbox 647 5614 679 5656; x_wconf 89' lang='lat' dir='ltr'><strong>a</strong></span> <span class='ocrx_word' id='word_1_730' title='bbox 732 5599 855 5658; x_wconf 86' lang='lat' dir='ltr'><strong>Iicis</strong></span> <span class='ocrx_word' id='word_1_731' title='bbox 906 5601 1206 5657; x_wconf 71' lang='lat' dir='ltr'><strong>pascendis</strong></span> <span class='ocrx_word' id='word_1_732' title='bbox 1258 5608 1501 5669; x_wconf 88' lang='lat' dir='ltr'><strong>tempore</strong></span> <span class='ocrx_word' id='word_1_733' title='bbox 1526 5599 1568 5655; x_wconf 85' lang='lat'><strong>&#39;.</strong></span> <span class='ocrx_word' id='word_1_734' title='bbox 1625 5598 1748 5654; x_wconf 68' lang='lat' dir='ltr'><strong>llaec</strong></span> <span class='ocrx_word' id='word_1_735' title='bbox 1796 5601 1981 5666; x_wconf 88' lang='lat' dir='ltr'><strong>enim.</strong></span> 
     </span>
    </p>
   </div>
   <div class='ocr_carea' id='block_1_100' title="bbox 487 5772 2421 5845">
    <p class='ocr_par' dir='ltr' id='par_1_100' title="bbox 487 5772 2421 5845">
     <span class='ocr_line' id='line_1_101' title="bbox 487 5772 2421 5845; baseline 0.003 -14"><span class='ocrx_word' id='word_1_736' title='bbox 487 5772 662 5831; x_wconf 79' lang='lat' dir='ltr'><strong>&#39;ch.</strong></span> <span class='ocrx_word' id='word_1_737' title='bbox 696 5790 830 5840; x_wconf 82' lang='lat' dir='ltr'><strong>xxtt.</strong></span> <span class='ocrx_word' id='word_1_738' title='bbox 862 5776 908 5830; x_wconf 87' lang='grc' dir='ltr'><strong>Ι.</strong></span> <span class='ocrx_word' id='word_1_739' title='bbox 985 5775 1193 5833; x_wconf 67' lang='lat' dir='ltr'><strong>‘Exol.</strong></span> <span class='ocrx_word' id='word_1_740' title='bbox 1231 5792 1303 5843; x_wconf 82' lang='lat' dir='ltr'><strong>tv,</strong></span> <span class='ocrx_word' id='word_1_741' title='bbox 1332 5773 1422 5828; x_wconf 63' lang='grc' dir='ltr'><strong>ει.</strong></span> <span class='ocrx_word' id='word_1_742' title='bbox 1498 5774 1518 5806; x_wconf 83' lang='grc'>⁸</span> <span class='ocrx_word' id='word_1_743' title='bbox 1542 5773 1707 5830; x_wconf 80' lang='lat' dir='ltr'><strong>Marc.</strong></span> <span class='ocrx_word' id='word_1_744' title='bbox 1740 5790 1816 5843; x_wconf 74' lang='grc' dir='ltr'><strong>ιι,</strong></span> <span class='ocrx_word' id='word_1_745' title='bbox 1848 5776 1930 5832; x_wconf 78' lang='lat' dir='ltr'><strong>I5.</strong></span> <span class='ocrx_word' id='word_1_746' title='bbox 2008 5776 2028 5809; x_wconf 84' lang='lat'><strong><em>‘</em></strong></span> <span class='ocrx_word' id='word_1_747' title='bbox 2052 5777 2208 5834; x_wconf 79' lang='lat' dir='ltr'><strong>llunt.</strong></span> <span class='ocrx_word' id='word_1_748' title='bbox 2246 5795 2296 5845; x_wconf 88' lang='lat' dir='ltr'><strong>v,</strong></span> <span class='ocrx_word' id='word_1_749' title='bbox 2340 5780 2421 5836; x_wconf 76' lang='lat' dir='ltr'><strong>l2.</strong></span> 
     </span>
    </p>
   </div>
   <div class='ocr_carea' id='block_1_101' title="bbox 2091 4587 3664 4658">
    <p class='ocr_par' dir='ltr' id='par_1_101' title="bbox 2091 4587 3664 4658">
     <span class='ocr_line' id='line_1_102' title="bbox 2091 4587 3664 4658; baseline -0.003 -11"><span class='ocrx_word' id='word_1_750' title='bbox 2091 4590 2214 4648; x_wconf 74' lang='lat' dir='ltr'><strong>deut</strong></span> <span class='ocrx_word' id='word_1_751' title='bbox 2272 4588 2523 4644; x_wconf 83' lang='lat' dir='ltr'><strong>mortalis</strong></span> <span class='ocrx_word' id='word_1_752' title='bbox 2578 4589 2833 4658; x_wconf 76' lang='lat' dir='ltr'><strong>genitus,</strong></span> <span class='ocrx_word' id='word_1_753' title='bbox 2882 4589 3314 4643; x_wconf 83' lang='lat' dir='ltr'><strong>ronscrvahatur</strong></span> <span class='ocrx_word' id='word_1_754' title='bbox 3374 4600 3556 4643; x_wconf 85' lang='lat' dir='ltr'><strong>tamen</strong></span> <span class='ocrx_word' id='word_1_755' title='bbox 3608 4587 3664 4644; x_wconf 82' lang='lat' dir='ltr'><strong>in</strong></span> 
     </span>
    </p>
   </div>
   <div class='ocr_carea' id='block_1_102' title="bbox 2088 4680 3663 4754">
    <p class='ocr_par' dir='ltr' id='par_1_102' title="bbox 2088 4680 3663 4754">
     <span class='ocr_line' id='line_1_103' title="bbox 2088 4680 3663 4754; baseline -0.002 -15"><span class='ocrx_word' id='word_1_756' title='bbox 2088 4684 2498 4739; x_wconf 84' lang='lat' dir='ltr'><strong>immortalitate</strong></span> <span class='ocrx_word' id='word_1_757' title='bbox 2550 4697 2644 4754; x_wconf 72' lang='lat' dir='ltr'><strong>per</strong></span> <span class='ocrx_word' id='word_1_758' title='bbox 2696 4680 2977 4737; x_wconf 74' lang='lat' dir='ltr'><strong>Eﬂcctoris</strong></span> <span class='ocrx_word' id='word_1_759' title='bbox 3027 4682 3114 4737; x_wconf 86' lang='lat' dir='ltr'><strong>sui</strong></span> <span class='ocrx_word' id='word_1_760' title='bbox 3174 4681 3558 4752; x_wconf 73' lang='lat' dir='ltr'><strong>benignitatem</strong></span> <span class='ocrx_word' id='word_1_761' title='bbox 3609 4691 3663 4736; x_wconf 80' lang='lat' dir='ltr'><strong>rt</strong></span> 
     </span>
    </p>
   </div>
   <div class='ocr_carea' id='block_1_103' title="bbox 2086 4772 3654 4846">
    <p class='ocr_par' dir='ltr' id='par_1_103' title="bbox 2086 4772 3654 4846">
     <span class='ocr_line' id='line_1_104' title="bbox 2086 4772 3654 4846; baseline -0.002 -17"><span class='ocrx_word' id='word_1_762' title='bbox 2086 4777 2358 4846; x_wconf 83' lang='lat' dir='ltr'><strong>gratiam;</strong></span> <span class='ocrx_word' id='word_1_763' title='bbox 2410 4775 2502 4829; x_wconf 84' lang='lat' dir='ltr'><strong>sed</strong></span> <span class='ocrx_word' id='word_1_764' title='bbox 2552 4774 2642 4830; x_wconf 90' lang='lat' dir='ltr'><strong>uhi</strong></span> <span class='ocrx_word' id='word_1_765' title='bbox 2678 4774 2849 4840; x_wconf 72' lang='lat' dir='ltr'><strong>legem</strong></span> <span class='ocrx_word' id='word_1_766' title='bbox 2884 4774 3141 4829; x_wconf 71' lang='lat' dir='ltr'><strong>violasset</strong></span> <span class='ocrx_word' id='word_1_767' title='bbox 3191 4782 3356 4845; x_wconf 82' lang='lat' dir='ltr'><strong>atque</strong></span> <span class='ocrx_word' id='word_1_768' title='bbox 3394 4772 3654 4842; x_wconf 82' lang='lat' dir='ltr'><strong>deliquis-</strong></span> 
     </span>
    </p>
   </div>
   <div class='ocr_carea' id='block_1_104' title="bbox 2089 4860 3655 4934">
    <p class='ocr_par' dir='ltr' id='par_1_104' title="bbox 2089 4860 3655 4934">
     <span class='ocr_line' id='line_1_105' title="bbox 2089 4860 3655 4934; baseline -0.004 -11"><span class='ocrx_word' id='word_1_769' title='bbox 2089 4874 2190 4927; x_wconf 86' lang='lat' dir='ltr'><strong>set.</strong></span> <span class='ocrx_word' id='word_1_770' title='bbox 2242 4865 2477 4920; x_wconf 75' lang='lat' dir='ltr'><strong>remorit</strong></span> <span class='ocrx_word' id='word_1_771' title='bbox 2528 4864 2597 4920; x_wconf 87' lang='lat' dir='ltr'><strong>ah</strong></span> <span class='ocrx_word' id='word_1_772' title='bbox 2653 4866 2771 4934; x_wconf 86' lang='lat' dir='ltr'><strong>ipso</strong></span> <span class='ocrx_word' id='word_1_773' title='bbox 2828 4860 2971 4919; x_wconf 89' lang='lat' dir='ltr'><strong>Deus</strong></span> <span class='ocrx_word' id='word_1_774' title='bbox 3018 4877 3173 4917; x_wconf 84' lang='lat' dir='ltr'><strong>suam</strong></span> <span class='ocrx_word' id='word_1_775' title='bbox 3233 4861 3655 4919; x_wconf 86' lang='lat' dir='ltr'><strong>immortalitatis</strong></span> 
     </span>
    </p>
   </div>
   <div class='ocr_carea' id='block_1_105' title="bbox 2086 4952 3652 5029">
    <p class='ocr_par' dir='ltr' id='par_1_105' title="bbox 2086 4952 3652 5029">
     <span class='ocr_line' id='line_1_106' title="bbox 2086 4952 3652 5029; baseline -0.002 -18"><span class='ocrx_word' id='word_1_776' title='bbox 2086 4957 2336 5029; x_wconf 80' lang='lat' dir='ltr'><strong>gratiam.</strong></span> <span class='ocrx_word' id='word_1_777' title='bbox 2378 4968 2544 5027; x_wconf 77' lang='lat' dir='ltr'><strong>atque</strong></span> <span class='ocrx_word' id='word_1_778' title='bbox 2570 4964 2683 5010; x_wconf 90' lang='lat' dir='ltr'><strong>tum</strong></span> <span class='ocrx_word' id='word_1_779' title='bbox 2719 4957 2805 5011; x_wconf 89' lang='lat' dir='ltr'><strong>ille</strong></span> <span class='ocrx_word' id='word_1_780' title='bbox 2832 4958 2957 5013; x_wconf 87' lang='lat' dir='ltr'><strong>talis</strong></span> <span class='ocrx_word' id='word_1_781' title='bbox 2991 4956 3194 5011; x_wconf 86' lang='lat' dir='ltr'><strong>mansit</strong></span> <span class='ocrx_word' id='word_1_782' title='bbox 3225 4953 3405 5023; x_wconf 78' lang='lat' dir='ltr'><strong>qualis</strong></span> <span class='ocrx_word' id='word_1_783' title='bbox 3435 4952 3652 5026; x_wconf 89' lang='lat' dir='ltr'><strong>alioqui</strong></span> 
     </span>
    </p>
   </div>
   <div class='ocr_carea' id='block_1_106' title="bbox 2076 5045 3645 5129">
    <p class='ocr_par' dir='ltr' id='par_1_106' title="bbox 2076 5045 3645 5129">
     <span class='ocr_line' id='line_1_107' title="bbox 2076 5045 3645 5129; baseline -0.004 -24"><span class='ocrx_word' id='word_1_784' title='bbox 2076 5060 2281 5129; x_wconf 79' lang='lat' dir='ltr'><strong>natura</strong></span> <span class='ocrx_word' id='word_1_785' title='bbox 2334 5046 2550 5114; x_wconf 79' lang='lat' dir='ltr'><strong>fuerat;</strong></span> <span class='ocrx_word' id='word_1_786' title='bbox 2607 5048 2712 5103; x_wconf 89' lang='lat' dir='ltr'><strong>hoe</strong></span> <span class='ocrx_word' id='word_1_787' title='bbox 2764 5061 2868 5115; x_wconf 86' lang='lat' dir='ltr'><strong>est.</strong></span> <span class='ocrx_word' id='word_1_788' title='bbox 2936 5048 3197 5104; x_wconf 87' lang='lat' dir='ltr'><strong>mortalis.</strong></span> <span class='ocrx_word' id='word_1_789' title='bbox 3254 5045 3362 5102; x_wconf 81' lang='lat' dir='ltr'><strong>Sed</strong></span> <span class='ocrx_word' id='word_1_790' title='bbox 3413 5045 3559 5103; x_wconf 88' lang='lat' dir='ltr'><strong>enim</strong></span> <span class='ocrx_word' id='word_1_791' title='bbox 3600 5046 3645 5101; x_wconf 85' lang='lat' dir='ltr'><strong>si</strong></span> 
     </span>
    </p>
   </div>
   <div class='ocr_carea' id='block_1_107' title="bbox 2088 5136 3654 5212">
    <p class='ocr_par' dir='ltr' id='par_1_107' title="bbox 2088 5136 3654 5212">
     <span class='ocr_line' id='line_1_108' title="bbox 2088 5136 3654 5212; baseline -0.001 -15"><span class='ocrx_word' id='word_1_792' title='bbox 2088 5149 2217 5197; x_wconf 86' lang='lat' dir='ltr'><strong>ante</strong></span> <span class='ocrx_word' id='word_1_793' title='bbox 2280 5143 2542 5197; x_wconf 84' lang='lat' dir='ltr'><strong>amissam</strong></span> <span class='ocrx_word' id='word_1_794' title='bbox 2604 5140 3029 5196; x_wconf 83' lang='lat' dir='ltr'><strong>immortalitatis</strong></span> <span class='ocrx_word' id='word_1_795' title='bbox 3079 5140 3310 5212; x_wconf 85' lang='lat' dir='ltr'><strong>gratiam</strong></span> <span class='ocrx_word' id='word_1_796' title='bbox 3366 5137 3456 5197; x_wconf 85' lang='lat' dir='ltr'><strong>ille</strong></span> <span class='ocrx_word' id='word_1_797' title='bbox 3512 5136 3654 5195; x_wconf 74' lang='lat' dir='ltr'><strong>ﬁlios</strong></span> 
     </span>
    </p>
   </div>
   <div class='ocr_carea' id='block_1_108' title="bbox 2091 5230 3654 5306">
    <p class='ocr_par' dir='ltr' id='par_1_108' title="bbox 2091 5230 3654 5306">
     <span class='ocr_line' id='line_1_109' title="bbox 2091 5230 3654 5306; baseline -0.001 -18"><span class='ocrx_word' id='word_1_798' title='bbox 2091 5242 2455 5305; x_wconf 78' lang='lat' dir='ltr'><strong>procreasset,</strong></span> <span class='ocrx_word' id='word_1_799' title='bbox 2512 5243 2623 5289; x_wconf 90' lang='lat' dir='ltr'><strong>tum</strong></span> <span class='ocrx_word' id='word_1_800' title='bbox 2682 5248 2812 5287; x_wconf 86' lang='lat' dir='ltr'><strong>vero</strong></span> <span class='ocrx_word' id='word_1_801' title='bbox 2866 5234 2975 5290; x_wconf 90' lang='lat' dir='ltr'><strong>dici</strong></span> <span class='ocrx_word' id='word_1_802' title='bbox 3021 5235 3311 5306; x_wconf 82' lang='lat' dir='ltr'><strong>potuisset.</strong></span> <span class='ocrx_word' id='word_1_803' title='bbox 3360 5245 3458 5289; x_wconf 84' lang='lat' dir='ltr'><strong>eos</strong></span> <span class='ocrx_word' id='word_1_804' title='bbox 3505 5230 3654 5289; x_wconf 79' lang='lat' dir='ltr'><strong>illius</strong></span> 
     </span>
    </p>
   </div>
   <div class='ocr_carea' id='block_1_109' title="bbox 2086 5324 3654 5398">
    <p class='ocr_par' dir='ltr' id='par_1_109' title="bbox 2086 5324 3654 5398">
     <span class='ocr_line' id='line_1_110' title="bbox 2086 5324 3654 5398; baseline -0.001 -15"><span class='ocrx_word' id='word_1_805' title='bbox 2086 5327 2232 5383; x_wconf 78' lang='lat' dir='ltr'><strong>ﬁlios</strong></span> <span class='ocrx_word' id='word_1_806' title='bbox 2281 5326 2374 5397; x_wconf 90' lang='lat' dir='ltr'><strong>qui</strong></span> <span class='ocrx_word' id='word_1_807' title='bbox 2428 5326 2563 5381; x_wconf 82' lang='lat' dir='ltr'><strong>nilth</strong></span> <span class='ocrx_word' id='word_1_808' title='bbox 2610 5337 2955 5398; x_wconf 84' lang='lat' dir='ltr'><strong>peccassent.</strong></span> <span class='ocrx_word' id='word_1_809' title='bbox 3009 5325 3435 5383; x_wconf 85' lang='lat' dir='ltr'><strong>immortalitatis</strong></span> <span class='ocrx_word' id='word_1_810' title='bbox 3478 5324 3654 5396; x_wconf 81' lang='lat' dir='ltr'><strong>gratia</strong></span> 
     </span>
    </p>
   </div>
   <div class='ocr_carea' id='block_1_110' title="bbox 2087 5417 3656 5489">
    <p class='ocr_par' dir='ltr' id='par_1_110' title="bbox 2087 5417 3656 5489">
     <span class='ocr_line' id='line_1_111' title="bbox 2087 5417 3656 5489; baseline 0.001 -14"><span class='ocrx_word' id='word_1_811' title='bbox 2087 5422 2287 5476; x_wconf 78' lang='lat' dir='ltr'><strong>merito</strong></span> <span class='ocrx_word' id='word_1_812' title='bbox 2330 5420 2709 5483; x_wconf 83' lang='lat' dir='ltr'><strong>destituendos</strong></span> <span class='ocrx_word' id='word_1_813' title='bbox 2762 5436 2872 5476; x_wconf 86' lang='lat' dir='ltr'><strong>non</strong></span> <span class='ocrx_word' id='word_1_814' title='bbox 2926 5419 3116 5475; x_wconf 76' lang='lat' dir='ltr'><strong>fuisse.</strong></span> <span class='ocrx_word' id='word_1_815' title='bbox 3177 5417 3377 5475; x_wconf 80' lang='lat' dir='ltr'><strong>Verum</strong></span> <span class='ocrx_word' id='word_1_816' title='bbox 3434 5418 3656 5489; x_wconf 84' lang='lat' dir='ltr'><strong>quando</strong></span> 
     </span>
    </p>
   </div>
   <div class='ocr_carea' id='block_1_111' title="bbox 2086 5512 3655 5585">
    <p class='ocr_par' dir='ltr' id='par_1_111' title="bbox 2086 5512 3655 5585">
     <span class='ocr_line' id='line_1_112' title="bbox 2086 5512 3655 5585; baseline -0.003 -16"><span class='ocrx_word' id='word_1_817' title='bbox 2086 5523 2209 5582; x_wconf 87' lang='lat' dir='ltr'><strong>post</strong></span> <span class='ocrx_word' id='word_1_818' title='bbox 2240 5514 2492 5585; x_wconf 84' lang='lat' dir='ltr'><strong>adeptam</strong></span> <span class='ocrx_word' id='word_1_819' title='bbox 2537 5513 2643 5569; x_wconf 84' lang='lat' dir='ltr'><strong>sihi</strong></span> <span class='ocrx_word' id='word_1_820' title='bbox 2684 5515 2901 5569; x_wconf 85' lang='lat' dir='ltr'><strong>demum</strong></span> <span class='ocrx_word' id='word_1_821' title='bbox 2946 5513 3375 5569; x_wconf 86' lang='lat' dir='ltr'><strong>immortalitatis</strong></span> <span class='ocrx_word' id='word_1_822' title='bbox 3418 5512 3655 5583; x_wconf 80' lang='lat' dir='ltr'><strong>gratiam</strong></span> 
     </span>
    </p>
   </div>
   <div class='ocr_carea' id='block_1_112' title="bbox 2087 5601 3653 5677">
    <p class='ocr_par' dir='ltr' id='par_1_112' title="bbox 2087 5601 3653 5677">
     <span class='ocr_line' id='line_1_113' title="bbox 2087 5601 3653 5677; baseline -0.001 -17"><span class='ocrx_word' id='word_1_823' title='bbox 2087 5606 2295 5676; x_wconf 84' lang='lat' dir='ltr'><strong>prolem</strong></span> <span class='ocrx_word' id='word_1_824' title='bbox 2330 5605 2553 5675; x_wconf 77' lang='lat' dir='ltr'><strong>gignere</strong></span> <span class='ocrx_word' id='word_1_825' title='bbox 2578 5604 2763 5675; x_wconf 72' lang='lat' dir='ltr'><strong>coepit,</strong></span> <span class='ocrx_word' id='word_1_826' title='bbox 2806 5604 2857 5662; x_wconf 91' lang='lat' dir='ltr'><strong>id</strong></span> <span class='ocrx_word' id='word_1_827' title='bbox 2886 5605 3030 5677; x_wconf 88' lang='lat' dir='ltr'><strong>quod</strong></span> <span class='ocrx_word' id='word_1_828' title='bbox 3063 5604 3233 5676; x_wconf 80' lang='lat' dir='ltr'><strong>ipsius</strong></span> <span class='ocrx_word' id='word_1_829' title='bbox 3254 5613 3449 5662; x_wconf 88' lang='lat' dir='ltr'><strong>natura</strong></span> <span class='ocrx_word' id='word_1_830' title='bbox 3482 5601 3653 5659; x_wconf 70' lang='lat' dir='ltr'><strong>liabe-</strong></span> 
     </span>
    </p>
   </div>
   <div class='ocr_carea' id='block_1_113' title="bbox 2502 5781 3004 5843">
    <p class='ocr_par' dir='ltr' id='par_1_113' title="bbox 2502 5781 3004 5843">
     <span class='ocr_line' id='line_1_114' title="bbox 2502 5781 3004 5843; baseline 0.006 -6"><span class='ocrx_word' id='word_1_831' title='bbox 2502 5786 2517 5814; x_wconf 82' lang='lat'><strong>&#39;</strong></span> <span class='ocrx_word' id='word_1_832' title='bbox 2542 5781 2697 5841; x_wconf 78' lang='lat' dir='ltr'><strong>Rom.</strong></span> <span class='ocrx_word' id='word_1_833' title='bbox 2736 5800 2830 5843; x_wconf 76' lang='lat' dir='ltr'><strong>vn.</strong></span> <span class='ocrx_word' id='word_1_834' title='bbox 2862 5783 2916 5839; x_wconf 86' lang='lat'><strong>8.</strong></span> <span class='ocrx_word' id='word_1_835' title='bbox 2948 5782 3004 5840; x_wconf 84' lang='lat'><strong>9.</strong></span> 
     </span>
    </p>
   </div>
  </div>
