4094 6156
410 230 519 294 607

1612 234 1711 294 TII
1724 234 1889 296 EOD.
1959 235 2479 300 DAPIINOPATA.

3556 241 3660 306 608

412 347 507 400 bat
530 386 546 411 ,
600 343 1005 400 transnrittehat
1066 345 1120 400 in
1159 346 1301 402 tilias
1335 364 1348 401 :
1387 346 1441 402 id
1493 362 1624 403 vero
1664 350 1809 419 quod
1863 358 1991 406 ante
2020 367 2064 417 Α
2095 370 2207 409 non
2232 354 2579 420 deliciarum,
2607 363 2668 409 ut
2695 369 2792 411 vos
2809 354 3157 413 existimatis.
3186 356 3429 428 Denique
3455 364 3599 428 quod
3628 379 3660 413 a

411 442 675 493 amiserat
707 442 1016 509 nequejam
1051 450 1167 497 tutu
1206 442 1461 508 habebat,
1505 442 1760 500 conferre
1792 446 1846 499 in
1882 445 1987 501 hos

413 544 519 583 non
555 532 755 597 potuit.
807 531 1055 589 Mortalis
1102 534 1287 604 itaque
1336 535 1593 592 mortales
1635 539 1980 605 procreavit;

410 630 573 690 atque
607 621 737 677 hinc
772 624 1018 678 omnium
1067 636 1324 694 nepotum
1360 642 1512 681 mors
1542 640 1842 683 consecuta
1874 641 1982 695 est,

408 728 516 768 non
553 722 735 767 autem
783 732 847 769 ea
896 717 1043 772 illius
1073 718 1294 773 delicto.
1331 718 1446 772 lmo
1479 735 1607 773 vero
1638 720 1684 773 si
1734 732 1985 777 accurate

406 819 595 858 sacras
642 804 880 862 Litteras
935 809 1299 878 perlustretis.
1349 812 1474 870 erit.
1525 812 1613 863 ubi
1668 824 1721 866 et
1761 815 1983 883 quando

410 894 578 950 Deum
616 899 916 966 peremisse
961 902 1098 956 illius
1133 918 1230 971 per
1281 913 1495 972 patrum
1548 922 1773 961 causam
1827 908 1981 960 inve-

404 990 596 1042 niatis.
640 989 774 1045 Nam
831 994 971 1062 apud
1006 993 1315 1048 Samuelem
1370 998 1631 1067 scriptum
1674 1007 1803 1052 est:
1837 996 1981 1062 Quia

405 1080 653 1132 recordor
695 1080 811 1148 ejus
865 1084 1002 1151 quod
1053 1083 1269 1137 Amalec
1326 1084 1450 1153 fecit
1510 1084 1707 1140 lsraeli
1767 1086 1983 1139 exeunti

401 1168 655 1240 ngypto,
683 1172 809 1225 rude
831 1182 911 1237 tu,
938 1172 1092 1239 Saul,
1114 1186 1163 1228 et
1180 1186 1414 1246 pugnata
1441 1178 1689 1230 adversus
1712 1177 1859 1248 Agag
1887 1194 1980 1247 po-

403 1263 688 1332 pulumque
729 1264 892 1333 ipsius
916 1266 959 1329 ⁸,
1015 1276 1122 1321 etc.
1176 1266 1241 1322 Et
1289 1268 1419 1323 alibi
1468 1271 1730 1340 scriptum
1779 1279 1976 1335 exstat.

403 1364 624 1422 prapter
676 1355 896 1409 Davidis
945 1367 1225 1425 peccatum
1278 1375 1476 1415 uxores
1520 1361 1693 1427 ipsius
1751 1371 1979 1415 constu-

401 1446 642 1515 prandas
674 1449 855 1503 esse'.
898 1447 963 1502 Et
991 1464 1184 1505 rursus
1228 1452 1281 1505 in
1310 1451 1736 1507 Gabaonitarum
1769 1456 1977 1525 gratia.

404 1554 525 1592 runt
586 1550 896 1609 peremptos
956 1559 1081 1598 esse
1137 1546 1433 1612 suspendio
1483 1561 1515 1600 a
1577 1546 1780 1601 Davide
1835 1547 1981 1603 Iilios

402 1629 627 1701 Replnn.
680 1632 804 1686 tilia:
851 1634 1076 1700 Aine“;
1110 1650 1276 1704 porro
1325 1638 1471 1707 quod
1518 1652 1618 1693 ceu
1670 1638 1973 1694 absurdum

2088 445 2431 499 tlzrmonibus
2468 447 2767 517 collegistis
2804 456 3211 517 argumentum,
3238 451 3331 519 qui
3374 451 3476 505 etsi
3519 452 3658 505 deli-

2086 550 2326 606 querunt
2373 539 2539 593 etiam
2585 541 2836 606 gravius,
2892 556 3001 595 non
3049 553 3233 596 tamen
3301 550 3431 597 sunt
3484 554 3661 597 morte

2086 626 2344 691 multati,
2412 627 2493 681 sic
2543 626 2899 682 dissolvimus
2953 629 3298 692 :dzemouaS,
3360 632 3489 698 quia
3538 645 3661 685 sese

2086 717 2413 772 extulissent
2450 728 2613 786 atque
2663 734 2758 789 per
2806 722 3126 790 superbiam
3168 720 3494 789 iactassent,
3536 723 3661 777 ideo

2085 804 2400 862 deturbatos
2457 821 2625 860 esse:
2665 821 2771 861 non
2818 817 2999 861 autem
3067 808 3137 862 ob
3178 820 3455 876 peccatum
3512 824 3657 863 tuor-

2084 910 2229 962 tuos,
2262 900 2391 969 quia
2425 913 2455 954 a
2487 914 2668 953 rerum
2698 897 2930 954 Parente
2963 900 3092 965 Deo,
3128 913 3321 955 natura
3358 902 3654 957 immortali

2085 990 2303 1045 fuerant
2331 990 2542 1060 praediti
2570 1000 2683 1044 tum
2711 1006 2837 1047 cum
2870 990 3254 1061 gignebantur,
3284 992 3436 1061 prius
3463 1008 3659 1062 nempe

2082 1095 2245 1151 quam
2295 1091 2657 1153 peccassent:
2691 1083 2960 1139 Adamum
3011 1100 3141 1137 vero
3190 1094 3466 1139 mortuum
3511 1100 3655 1150 esse,

2081 1172 2210 1240 quia
2255 1174 2508 1243 adempta
2556 1171 2657 1242 ipsi
2709 1181 2827 1228 erat
2880 1173 3313 1227 immortalitatis
3362 1174 3530 1242 gratia
3584 1175 3655 1228 ob

2080 1264 2381 1317 admissum
2428 1278 2733 1335 peccatum.
2776 1262 2962 1334 Neque
2990 1282 3120 1319 vero
3160 1266 3356 1318 iisdem
3392 1266 3661 1320 omnibus

2081 1356 2246 1410 rebus
2278 1355 2491 1426 prtediti
2526 1371 2719 1410 sumus
2752 1371 2873 1419 nos,
2907 1357 3327 1424 dmmonesque;
3358 1372 3461 1410 nos
3498 1358 3653 1411 enim

2078 1466 2174 1502 sua
2205 1446 2349 1503 Deus
2380 1450 2556 1519 gratia
2585 1449 2859 1519 dignatur,
2902 1449 3020 1503 illos
3058 1463 3187 1502 vero
3214 1450 3460 1513 minime,
3511 1460 3655 1504 tam-

2078 1542 2179 1593 etsi
2220 1538 2457 1609 plurima
2515 1539 2726 1593 ratione
2771 1538 3029 1608 polleant.
3066 1539 3234 1607 Igitur
3264 1553 3329 1591 ex
3365 1540 3451 1593 his
3477 1542 3657 1591 omni-

2080 1633 2184 1688 bus
2229 1631 2471 1687 dilucide
2520 1630 2832 1695 conﬁcitur,
2887 1648 2986 1686 nos
3031 1631 3102 1685 ob
3155 1642 3437 1701 peccatum
3487 1636 3653 1691 mori.

401 1722 681 1793 colligitis,
716 1734 1024 1793 peccatum,
1064 1727 1287 1781 creandi
1318 1728 1480 1796 hujus
1521 1729 1710 1783 mundi
1744 1744 1972 1784 causam

2084 1720 2565 1777 Verumenitnvero
2621 1723 2667 1777 si
2711 1733 3006 1793 propterea
3059 1722 3304 1791 regnavit
3361 1724 3415 1776 in
3466 1734 3661 1777 nostra

402 1810 573 1869 fuisse
619 1815 1036 1884 respondemus,
1066 1816 1117 1871 id
1148 1833 1378 1888 prorsus
1412 1817 1610 1873 falsum
1662 1834 1785 1874 esse
1813 1830 1980 1891 atque

402 1906 851 1960 abominandum.
925 1907 1146 1963 Interim
1202 1909 1308 1965 hoc
1386 1912 1617 1965 libenter
1696 1909 1973 1975 fatemur,

406 1998 671 2051 mundum
711 2013 832 2052 esse
859 2000 1097 2054 hominis
1125 2004 1430 2070 peccatoris
1459 2016 1625 2057 causa
1654 2002 1975 2068 conditum;

398 2089 562 2159 idque
625 2088 726 2143 hac
768 2090 978 2145 ratione
1028 2108 1047 2147 :
1097 2107 1221 2146 nam
1272 2094 1446 2148 Adam
1491 2093 1823 2163 simulatque
1857 2096 1974 2149 for—

401 2190 585 2236 matus
634 2191 775 2245 erat,
824 2184 1111 2239 traductus
1155 2193 1241 2241 est
1274 2187 1328 2240 in
1359 2186 1699 2258 paradisum,
1735 2203 1838 2242 ceu
1888 2189 1970 2243 lo-

399 2289 525 2326 cum
561 2274 825 2340 mcdium,
858 2283 919 2329 ut
952 2276 996 2329 si
1026 2286 1243 2347 pareret
1274 2276 1378 2347 legi
1410 2279 1465 2333 itt
1490 2278 1714 2337 caeleste
1740 2294 1967 2349 regnum

397 2363 813 2431 subvelteretnr,
869 2367 953 2421 sin
996 2370 1180 2423 minus
1223 2380 1439 2437 pareret
1480 2371 1864 2425 detruderetur
1914 2372 1970 2427 in

400 2454 544 2508 ltunc
576 2455 864 2519 mundum,
902 2457 953 2510 id
976 2458 1121 2527 quod
1160 2458 1289 2513 alibi
1337 2468 1423 2515 est
1452 2475 1484 2515 a
1530 2460 1690 2516 nobis
1729 2461 1974 2529 explica-

401 2562 536 2603 tum.
592 2550 689 2604 Est
744 2552 908 2620 igitur
956 2553 1196 2608 hominis
1254 2557 1558 2623 peccatoris
1607 2556 1812 2624 gratia.
1860 2568 1969 2607 non

398 2652 579 2695 autem
614 2644 843 2711 peccati,
876 2642 1105 2698 ell‘ectus
1135 2644 1239 2697 iste
1270 2647 1508 2700 mundus
1534 2664 1549 2713 ;
1588 2646 1747 2701 vallis
1772 2660 1968 2713 nempe

399 2731 766 2802 lacrymarum
819 2742 872 2786 ct
906 2734 1062 2790 locus
1089 2735 1343 2791 dolorum
1402 2737 1721 2807 umbraque
1773 2738 1969 2791 mortis

2082 1825 2276 1871 natura
2318 1822 2624 1886 peccaturo,
2682 1816 2810 1886 quia
2879 1813 3053 1869 Adam
3117 1816 3507 1885 prazvaricatns
3569 1825 3657 1871 est

2084 1916 2273 1962 contra
2313 1906 2484 1975 legem
2535 1904 2654 1970 Dei,
2686 1916 2894 1972 quanto
2924 1905 3098 1974 magis
3134 1905 3564 1975 justilicabiutnr
3601 1915 3658 1961 et

2084 1999 2430 2055 servabimur
2458 2012 2556 2069 per
2585 1998 2751 2054 vitam
2799 1995 3031 2061 Christi,
3066 1997 3159 2068 qui
3189 2009 3243 2053 et
3288 2006 3518 2053 mortem
3556 2013 3653 2053 su-

2081 2092 2293 2164 peravit
2331 2100 2383 2146 et
2413 2097 2666 2144 naturam
2718 2098 2966 2144 nostram
2999 2088 3153 2151 vicit,
3193 2091 3453 2160 viamque
3489 2089 3651 2147 nobis

2081 2185 2293 2256 aperuit
2340 2182 2535 2240 salutis
2567 2197 2694 2237 cum
2734 2181 2802 2237 de
2846 2181 2989 2237 cmlo
3023 2181 3089 2235 ad
3140 2197 3241 2236 nos
3271 2182 3652 2247 descenderet,

2081 2293 2187 2348 qua
2222 2287 2506 2346 pergentes
2540 2274 2953 2345 perveniremus
2984 2272 3037 2326 in
3064 2274 3255 2328 beatas
3285 2272 3655 2330 habitationes

2073 2371 2271 2423 domus
2316 2366 2495 2421 Patris
2549 2365 2697 2420 illius
2741 2382 2757 2419 :
2794 2366 2887 2434 qui
2938 2377 3061 2417 eum
3119 2362 3279 2418 Patre
3337 2372 3395 2419 et
3441 2364 3649 2434 Spiritu

2074 2471 2275 2517 sancto
2320 2461 2592 2523 laudetur,
2645 2456 2883 2528 gloriose
2922 2455 3250 2525 praedicetur
3296 2464 3351 2508 et
3391 2454 3652 2512 adoretur

2075 2568 2176 2623 pro
2207 2553 2379 2609 tantis
2412 2550 2700 2607 beneficiis
2722 2564 2846 2619 qua:
2876 2547 2930 2603 in
2964 2547 3267 2602 humanum
3304 2562 3479 2617 genus
3506 2563 3647 2603 con-

2073 2645 2220 2710 tulit,
2273 2643 2404 2699 hinc
2454 2656 2627 2714 usque
2672 2640 2730 2694 in
2778 2639 3166 2711 generationes
3212 2639 3653 2710 generationnm.

2071 2738 2265 2791 Amen.

464 2900 524 2954 Ἰ
557 2903 693 2977 Reg.
729 2922 816 2970 xv,
848 2907 902 2961 2.
979 2910 1000 2941 ⁹
1026 2907 1067 2961 ΙΙ
1092 2910 1225 2979 Iieg.
1255 2925 1353 2971 xu,
1394 2910 1478 2962 ll.
1556 2911 1602 2941 ¹⁰
1626 2908 1663 2961 ll
1701 2911 1835 2981 Reg.
1868 2925 1982 2976 xxi,
2008 2909 2063 2973 8,
2091 2908 2148 2962 9.

402 3088 3644 3137 Μ

1682 3267 1852 3314 ANNO
1899 3267 2124 3317 DOHINI
2168 3268 2363 3315 ουιγι

527 3449 1861 3631 THEODOBUS
1988 3446 3498 3629 DAPHNOPATA

1776 3923 2321 4013 NOTI'I‘H.

1400 4140 1581 4196 (Oudiu
1614 4139 1682 4187 De
1721 4136 1891 4198 script.
1917 4138 2122 4195 eccles.,
2153 4142 2271 4187 tom.
2302 4134 2362 4196 Il,
2389 4151 2437 4199 p.
2482 4136 2608 4197 HS.)

469 4290 792 4346 Theodorus
824 4288 1199 4359 Daplmopata,
1244 4287 1452 4357 primus
1484 4300 1515 4338 a
1544 4285 1770 4339 secretis
1810 4293 1974 4353 atque
2026 4282 2294 4353 patricius
2326 4282 2469 4352 apud
2500 4282 3052 4355 Constantinopolim,
3087 4288 3287 4344 claruit
3315 4303 3459 4346 anno
3496 4292 3637 4357 956;

394 4380 552 4448 cujus
608 4378 937 4431 mentionem
995 4376 1205 4430 faciunt
1256 4372 1495 4427 Joannes
1552 4372 1813 4441 Scylitzes
1856 4386 1919 4425 ac
1970 4370 2239 4437 Georgius
2290 4369 2590 4446 Cedreuus,
2622 4381 2850 4441 uterque
2905 4375 2959 4430 in
3013 4372 3378 4433 Historiarum
3408 4393 3632 4433 suarum

398 4466 691 4531 prowutiis,
736 4473 899 4532 atque
938 4464 1076 4515 inter
1104 4477 1200 4517 eos
1228 4462 1319 4531 qui
1354 4459 1649 4514 llistoriam
1685 4458 2036 4529 Byzantinam
2062 4458 2178 4513 sive
2203 4457 2864 4527 Constantinopolitanam
2899 4462 3254 4531 scripserunt,
3298 4467 3637 4534 praecipuum

400 4553 470 4606 ibi
514 4540 689 4605 locutti
720 4553 951 4606 obtinet.
987 4548 1222 4604 Etatem
1257 4564 1363 4620 qua
1398 4550 1533 4603 visit
1565 4549 1765 4602 indicat
1813 4548 1989 4602 oratio
2024 4544 2197 4613 ipsius
2240 4546 2295 4597 its
2353 4560 2565 4597 manant
2600 4542 2658 4599 S.
2695 4544 3050 4601 Prwcursoris
3078 4547 3363 4617 Baptista,
3397 4568 3519 4620 qua:
3542 4553 3637 4609 diu

392 4654 696 4709 magnaque
759 4656 911 4701 cura,
947 4639 1121 4708 inquit
1172 4637 1352 4692 Cavus
1388 4646 1534 4691 tumo
1564 4636 1627 4699 II,
1665 4651 1759 4690 seu
1824 4644 1975 4704 parte
2006 4647 2043 4687 tt
2110 4630 2367 4685 liistorire
2424 4630 2720 4695 litterariis,
2746 4633 2813 4686 ad
2864 4650 3067 4688 annum
3096 4637 3225 4712 956,
3247 4637 3550 4695 Antiochia
3578 4643 3633 4696 in

392 4726 591 4796 templo
636 4727 695 4781 Ι).
736 4725 876 4780 Petri
934 4726 1200 4779 custodita
1252 4722 1449 4787 fuerat,
1490 4738 1652 4794 qnam
1710 4721 1927 4776 tandem
1964 4720 2104 4775 clam
2164 4719 2431 4789 surripuit
2457 4721 2631 4776 Johns
2656 4724 2877 4789 quidam
2917 4723 3187 4779 diaconus
3223 4727 3621 4803 Antiocheuus,

391 4823 445 4868 et
476 4814 606 4868 urbe
643 4823 805 4868 noctu
836 4827 1111 4885 egressus,
1140 4809 1536 4867 Chalcedonam
1571 4809 1783 4884 detulit,
1815 4807 1906 4863 ubi
1938 4808 2298 4877 imperatoria:
2331 4808 2540 4862 triremi
2575 4808 2640 4860 ad
2677 4807 2779 4862 hoc
2839 4809 3015 4878 ipsutn
3060 4810 3273 4867 emissae
3311 4812 3621 4883 impositam

391 4901 715 4956 illustriores
764 4910 1043 4954 senatores
1077 4900 1429 4967 procedentes
1460 4897 1698 4962 obviam,
1748 4912 1871 4950 cum
1906 4894 2198 4964 Polyeucto
2228 4893 2539 4963 patriarcha
2589 4901 2645 4948 et
2688 4893 2942 4950 universo
2966 4895 3113 4952 clero
3148 4908 3203 4952 et
3244 4901 3460 4969 populo.
3495 4919 3620 4957 cum

392 4990 587 5052 ρει-εὶ»,
617 4989 823 5042 lacibus
880 4996 935 5039 et
993 4988 1283 5051 sullitibus,
1318 5001 1438 5042 eam
1496 4986 1549 5038 in
1612 4982 1867 5054 palatium
1922 4984 2286 5043 deduxerunt,
2335 4996 2475 5035 anno
2504 4980 2718 5035 circiter
2764 4980 2890 5047 956,
2929 4980 3199 5039 referente
3232 4986 3346 5042 hinc
3376 4987 3625 5048 Cedreno

393 5076 650 5131 Historia:
681 5072 1097 5129 Cra’CO-Latittw
1136 5089 1256 5143 pag.
1285 5074 1409 5129 GlO.
1447 5073 1565 5127 Mox
1596 5074 1905 5128 institutum
1945 5070 2110 5139 hujus
2148 5068 2540 5123 Translationis
2568 5069 2791 5133 festum,
2828 5079 2881 5123 et
2913 5069 3013 5125 hac
3038 5076 3327 5130 occasione
3358 5092 3503 5131 anno
3540 5095 3627 5135 se-

393 5165 601 5233 quenti.
634 5178 756 5215 cum
784 5162 1157 5216 anniversaria
1192 5162 1349 5217 istius
1384 5161 1505 5217 festi
1554 5161 1751 5214 rediret
1784 5160 2127 5221 solemnitas.
2160 5160 2300 5213 hanc
2352 5160 2654 5213 orationem
2705 5158 3029 5214 Theodorus
3074 5163 3281 5229 habuit,
3313 5166 3389 5219 uti
3428 5183 3621 5223 nume-

396 5256 474 5307 ris
503 5249 646 5315 XVI,
677 5249 842 5311 XVII,
876 5248 1043 5302 XVIII
1069 5259 1122 5304 et
1157 5249 1299 5316 XIX,
1332 5250 1447 5321 ipse
1472 5250 1674 5319 prtdtxe
1708 5257 1915 5302 narrat.
1956 5246 2093 5301 Illuc
2125 5247 2245 5317 ejus
2277 5258 2408 5303 telas
2432 5248 2673 5318 alioquin
2706 5250 2839 5302 satis
2878 5254 3111 5303 obscura
3145 5251 3291 5306 clare
3318 5254 3623 5323 deprehen-

393 5340 558 5395 ditur.
582 5338 703 5392 Il.rc
727 5353 791 5391 ex
824 5336 1115 5391 Laurentio
1148 5340 1311 5391 ειη-ἑο
1337 5338 1515 5393 Cavns
1546 5339 1663 5391 loco
1692 5338 1943 5406 allegato.
1972 5334 2204 5404 Scripsit
2228 5351 2447 5406 quoque
2472 5335 2767 5392 Historiam
2794 5339 2903 5391 sive
2928 5339 3221 5394 Cltronicon
3243 5340 3619 5413 Byzantium»,

395 5430 538 5496 quod
572 5426 800 5495 posteris
827 5426 1014 5479 invidit
1048 5427 1228 5495 lapsus
1264 5427 1523 5495 temporis
1553 5426 1796 5478 omnium
1829 5424 2032 5478 edacis.
2076 5428 2145 5478 At
2181 5426 2285 5477 alia
2328 5427 2485 5479 nobis
2536 5438 2827 5495 supersunt
2883 5429 3002 5494 ejus
3047 5444 3234 5496 opera,
3262 5448 3383 5500 qua:
3418 5432 3617 5491 [annm

396 5517 665 5570 Theodori
697 5516 927 5581 posteris
960 5524 1230 5585 utcunque
1261 5525 1498 5570 servant.
1535 5514 1758 5568 Exstant
1789 5514 2030 5581 ejusdem
2061 5513 2466 5581 Apum/tisnmta
2505 5517 2619 5566 sive
2652 5510 2889 5565 Flosculi
2920 5530 2980 5566 (ut
3025 5516 3181 5569 rariis
3207 5521 3375 5572 sancti
3396 5518 3623 5579 Joannis

395 5605 754 5673 Chrysostomt'
815 5604 1050 5669 operibus
1108 5607 1336 5671 cxcerpti
1393 5604 1533 5657 inter
1582 5619 1712 5658 mss.
1744 5605 1958 5657 coJit-es
2011 5600 2353 5655 bibliotheca:
2406 5600 2708 5654 Bodleiano
2738 5601 2899 5655 cmld.
2928 5602 3065 5657 ‘25“
3118 5613 3171 5658 et
3202 5603 3363 5669 23-55,
3396 5609 3448 5661 in
3487 5626 3621 5665 mss.

399 5693 619 5747 TltOllliC
659 5690 862 5749 Bodleii
895 5692 1053 5748 codd.
1080 5693 1183 5747 255i
1212 5705 1263 5747 ct
1289 5691 1410 5756 2’53,
1446 5708 1672 5760 quotum
1706 5694 1914 5762 ptimus
1946 5692 2183 5749 continet
2217 5691 2479 5762 ejusmodi
2534 5689 2851 5761 Eulogttt'ttttt
2895 5710 3176 5752 sermones
3220 5698 3307 5763 53,
3349 5700 3621 5755 secundus
