4082 6160
390 462 497 524 509
1862 453 2191 515 NUTITIA-
3532 449 3637 515 610

392 578 561 632 codex
592 588 871 629 scrmoncs
911 572 973 627 ltI
1009 587 1071 624 (ι
1097 570 1487 641 (Ιίιι-ςευειοιιιο
1518 577 1803 638 cxcerptos
1856 582 1949 635 per
1978 565 2327 621 Theodorum
2371 564 2690 635 magistrum
2721 564 2924 622 Graeco.
2955 566 3120 622 Iidem
3148 575 3204 621 ct
3228 565 3282 621 in
3326 567 3640 634 Augustaua

392 666 717 719 bibliotheca
747 661 932 715 codice
974 661 1041 714 68
1076 660 1127 713 in
1161 673 1446 713 Sermones
1476 657 1545 713 56
1580 656 2012 719 distribuuntur,
2042 664 2149 708 etc.
2199 653 2264 706 Et
2296 654 2349 706 in
2389 651 2462 707 '53
2494 652 2671 722 capita
2714 652 2898 714 divisi,
2925 669 3060 709 mss.
3091 653 3316 723 quidem
3348 652 3404 706 in
3436 653 3639 706 biblio-

393 753 549 805 theca
609 749 854 804 Czcsarea
906 746 1338 809 Vindobonensi,
1365 746 1648 799 codicibus
1710 758 1844 799 mss.
1904 742 2228 811 tbeologicis
2284 739 2491 796 Griecis
2547 738 2704 794 CLIII
2740 750 2794 794 ct
2823 739 3008 803 CLIV,
3033 750 3091 796 ut
3119 741 3284 796 habet
3317 741 3644 795 Lambecius

391 851 544 894 torno
578 839 667 894 IV.
700 835 1235 890 Commentariorum
1276 835 1441 903 hujus
1477 826 1842 905 bibliotheca;
1873 847 1993 901 pag.
2033 828 2131 884 I37
2160 839 2213 882 ct
2245 826 2365 891 I59,
2390 829 2456 881 ad
2482 828 2657 882 dictus
2684 829 2902 883 codices
2945 831 3028 883 bis
3061 830 3241 883 verbis
3274 847 3287 883 :
3326 846 3345 879 ι
3384 825 3645 881 Theodori

394 928 756 997 Daphnopata:
790 924 1194 992 Apantltismata
1244 924 1349 975 sive
1378 920 1612 991 ﬂosculi,
1650 934 1716 973 ca:
1739 920 1902 973 variis
1936 919 2106 971 sancti
2143 915 2367 970 Joannis
2399 915 2760 989 Citrysoslomi
2802 916 3045 986 operibus
3083 916 3333 982 deccrpti,
3372 927 3425 969 ct
3471 919 3523 969 in
3554 932 3647 971 ca-

395 1018 506 1084 pita
544 1015 614 1070 ‘53
645 1014 831 1079 divisi,
874 1016 988 1082 ipsa
1040 1012 1175 1065 tituli
1227 1010 1402 1064 ϐε.υοί
1449 1011 1610 1063 verba
1665 1018 1816 1070 sunt,
1863 1009 2001 1060 ’Λπα

2032 1007 2282 1075 ⁵θὶσμιιιςιπ.
2321 1005 2416 1058 τοῦ
2456 1009 2516 1058 ἐν
2552 1005 2733 1073 ἁγίοις
2785 1005 2998 1073 Harpe;
3045 1006 3205 1075 ἡμῶν
3258 1004 3508 1057 Ἰωάννου
3549 1004 3644 1055 τοῦ

390 1102 809 1175 Χρυσοστόμου,
838 1098 1270 1171 άναθροισθέντα
1305 1099 1456 1169 παρὰ
1484 1094 1657 1168 κυροῦ
1691 1094 1973 1167 Θεοδώρου

2031 1092 2099 1146 τοῦ
2136 1094 2544 1163 Δαφνοπάτους.
2573 1094 2802 1148 Exstant
2823 1093 3043 1162 quidem
3082 1095 3197 1148 btec
3230 1092 3643 1162 Apatttbismata

393 1173 706 1263 inruperutn
769 1189 944 1244 sancti
997 1185 1227 1242 Ioannis
1278 1186 1658 1258 Chrysostomi
1713 1184 1956 1237 editione
2004 1180 2193 1238 Grieca
2227 1179 2500 1234 Saviliana
2542 1188 2690 1234 tomo
2728 1177 2840 1243 VII,
2874 1195 2998 1247 pag.
3030 1179 3157 1245 665,
3189 1191 3241 1233 et
3299 1182 3353 1235 in
3399 1173 3649 1233 'editione

387 1275 817 1335 Greco-Latina
844 1274 1211 1330 Frontoniana
1251 1284 1398 1328 tomo
1432 1272 1521 1336 VI,
1548 1289 1670 1341 pag.
1702 1272 1840 1336 663;
1872 1271 1965 1324 sed
1991 1272 2127 1325 ordo
2168 1280 2219 1323 et
2250 1284 2513 1325 numerus
2561 1270 2853 1339 utrobique
2908 1270 3181 1339 discrepat
3231 1270 3299 1325 ab
3335 1273 3435 1325 hoc
3462 1271 3648 1324 codice

386 1366 666 1431 (ἰδίει-ρο,
694 1377 754 1418 ιιι
784 1363 1087 1419 conferenti
1118 1361 1248 1415 mihi
1280 1363 1472 1431 patuit.
1522 1362 1819 1431 Insignitur
1848 1371 2038 1413 auctor
2072 1358 2232 1409 titulo
2272 1358 2699 1419 protosecrctarii
2730 1373 2793 1409 ac
2842 1358 3083 1424 patricii,
3114 1365 3167 1410 et
3203 1358 3321 1410 sine
3360 1357 3528 1410 dubio
3560 1358 3647 1409 ille

392 1456 510 1525 ipse
543 1464 648 1515 est.
683 1455 712 1506 ό
746 1450 1107 1520 Δαφνοπάτης
1135 1448 1435 1518 Θεόδωρος,
1462 1448 1553 1517 qui
1610 1464 1639 1502 a
1693 1444 1902 1501 Joanne
1953 1446 2004 1497 Si

2034 1446 2188 1515 ylitza
2226 1454 2279 1497 ct
2310 1442 2545 1510 Georgio
2595 1442 2843 1498 Cedrcno
2902 1446 2955 1497 in
3016 1460 3242 1498 suarum
3283 1443 3646 1499 Historiarum

388 1541 675 1599 Prooemiis
706 1542 930 1601 citatur,
964 1546 1015 1593 et
1049 1540 1190 1592 inter
1215 1552 1312 1591 eos
1341 1537 1433 1604 qui
1478 1534 1772 1590 Historiam
1820 1532 2175 1605 Byzantinam
2226 1534 2341 1587 sive
2380 1530 2486 1585 (ΣΡ.
2521 1532 2889 1600 particulatim
2923 1534 3279 1600 scripserunt,
3315 1534 3648 1603 praecipuum

392 1629 466 1686 ibi
500 1632 680 1685 locum
713 1628 943 1682 obtinet.
981 1626 1173 1680 Esstat
1202 1639 1420 1693 quoque
1471 1623 1525 1677 in
1584 1623 1772 1676 eadem
1821 1620 2151 1676 bibliotheca
2180 1618 2451 1681 Caesarea,
2487 1629 2546 1672 ut
2582 1629 2813 1674 testatur
2845 1620 2985 1675 idem
3042 1619 3360 1674 Lambecius
3405 1634 3552 1674 tomo
3580 1618 3649 1675 IV

388 1717 635 1789 ejusdem
667 1714 1034 1778 Bibliotheca,
1065 1727 1190 1784 pag.
1224 1712 1318 1777 60,
1356 1713 1410 1764 in
1446 1708 1638 1765 codice
1665 1725 1771 1764 ms.
1795 1704 2130 1777 'I'heologico
2168 1706 2359 1761 Graeco
2383 1706 2520 1769 CXI,
2556 1723 2709 1762 num.
2741 1708 2796 1772 5,
2820 1718 2876 1763 ct
2900 1709 3118 1780 quidem
3150 1724 3181 1763 a
3208 1708 3303 1763 fol.
3327 1709 3418 1775 87,
3448 1724 3571 1780 pag.
3602 1710 3650 1771 l,

388 1822 566 1879 usque
598 1805 666 1861 ad
698 1803 793 1858 Iol.
825 1804 916 1865 98,
945 1817 1068 1874 pag.
1102 1800 1158 1861 2.
1192 1797 1457 1853 Theodori
1492 1798 1653 1868 primi
1685 1814 1717 1850 α
1757 1797 1975 1851 secretis
2004 1804 2055 1849 et
2081 1793 2329 1857 Patricit‘,
2361 1807 2703 1863 cognomento
2736 1796 3124 1866 Dapltnopatat,
3164 1800 3338 1851 oratio
3384 1799 3446 1851 dc
3492 1814 3653 1851 manu

391 1893 453 1952 8.
482 1891 712 1948 Joannis
749 1888 1033 1960 Baptistae,
1062 1888 1347 1941 Antiochia
1371 1882 1898 1953 Constantincpait'tn
1926 1883 2217 1945 translata,
2252 1883 2413 1951 cujus
2446 1883 2638 1937 titulus
2679 1893 2734 1939 et
2786 1885 3140 1955 principium,
3175 1884 3456 1955 Θεοδώρου
3502 1901 3653 1955 πρωο

380 1981 773 2052 τοασηκρὴτου
805 1977 902 2031 καὶ
930 1975 1251 2046 πατρικίου,
1277 1973 1374 2027 τοῦ
1414 1972 1797 2041 Δαφνοπάτου,
1837 1969 1996 2040 λόγος
2026 1970 2106 2030 εἰς
2142 1970 2245 2040 τὴν
2288 1970 2347 2035 ἐξ
2379 1968 2715 2042 Ἀντιοχείας
2759 1972 3101 2044 ἀνακομιδὴν
3152 1974 3253 2045 τῆς
3303 1975 3511 2045 σεμνῆς
3557 1973 3654 2027 καὶ

389 2069 582 2133 τιμίας
610 2066 793 2138 χειρὸς
826 2063 925 2118 τοῦ
970 2061 1133 2131 ἁγίου
1187 2060 1464 2126 Ἰωάννου,
1489 2059 1584 2112 τοῦ
1621 2057 1942 2129 ῐιροδρόμου
1990 2058 2086 2111 καὶ
2122 2058 2457 2114 Βαπτιστοῦ.
2499 2056 2739 2130 Incipit;
2786 2059 2919 2114 Ἰδοὺ
2951 2063 3047 2115 καὶ
3082 2062 3249 2116 πάλιν
3279 2064 3412 2132 ἡμῖν
3452 2066 3481 2116 ὁ
3509 2062 3655 2131 ἱερὸς

387 2157 487 2210 τοῦ
517 2154 758 2227 Χριστοῦ
790 2148 1111 2224 ἐπεδήμησε
1160 2148 1500 2220 Πρόδρομος,
1538 2146 1648 2199 τῶν
1690 2145 1861 2200 αὑτοῦ
1914 2146 2160 2217 χαρίτων
2196 2147 2481 2209 ἀναδιδοὺς
2535 2149 2788 2216 ἀφθόνως
2830 2148 2901 2203 τὰ
2938 2152 3179 2218 νάματα.
3215 2150 3404 2205 Exstat
3431 2151 3652 2220 quidem

392 2243 511 2299 haec
538 2242 717 2297 oratio
765 2241 909 2309 apud
968 2237 1324 2293 Laurentium
1361 2235 1587 2290 Surium
1646 2244 1795 2289 tonio
1834 2230 1902 2287 IV
1935 2231 2013 2286 Dc
2077 2234 2316 2302 probatis
2371 2234 2473 2291 SS.
2529 2238 2792 2291 Historiis
2826 2239 2913 2292 die
2946 2240 3016 2293 29
3044 2241 3299 2309 Augusti,
3335 2242 3425 2294 scd
3458 2238 3655 2295 Latine

389 2341 607 2388 tantum
640 2340 696 2386 ct
734 2329 947 2398 absque
1000 2327 1221 2382 nomine
1276 2324 1518 2405 auctoris
1546 2322 1634 2377 sui
1667 2319 1930 2376 Theodori
1981 2320 2366 2393 Daplmopatte,
2406 2325 2706 2396 incipitque
2737 2331 2808 2381 ab
2872 2327 2958 2382 his
2991 2330 3170 2383 verbis
3202 2348 3216 2383 :
3252 2327 3388 2383 Ecce
3425 2330 3495 2382 ad
3555 2346 3653 2383 nos

394 2434 585 2474 rarstts
616 2417 754 2472 venit
781 2423 1159 2470 sacrosanctus
1193 2410 1395 2466 Christi
1424 2410 1755 2472 Praxarsor,
1797 2408 2004 2463 abunde
2040 2410 2243 2479 ﬂuenta
2290 2412 2533 2466 emittens
2602 2429 2826 2466 sitarum
2874 2417 3195 2485 gratiarum.
3241 2415 3496 2487 Ejusdem
3528 2413 3654 2473 ora-

396 2506 563 2563 tionis
582 2504 650 2560 de
666 2505 1026 2559 translatione
1058 2516 1253 2555 manus
1272 2498 1333 2553 S.
1350 2499 1577 2553 Ioannis
1603 2497 1875 2568 Baptistae,
1895 2498 2141 2552 meminit
2162 2500 2326 2553 etiam
2353 2497 2461 2554 Leo
2489 2500 2718 2554 Ailutius
2741 2501 2794 2554 in
2818 2500 3060 2554 DlaII‘IIM
3080 2499 3157 2555 De
3176 2500 3494 2573 ngeonnnt
3519 2505 3657 2556 scri-

390 2595 523 2664 ptis,
550 2608 671 2663 pag.
704 2590 795 2658 96,
831 2591 1138 2659 ibidemque
1167 2604 1228 2642 ea
1261 2587 1449 2642 itidem
1484 2594 1544 2640 ut
1574 2587 1627 2640 in
1657 2585 1762 2639 hoc
1796 2584 1986 2640 codice
2025 2601 2125 2640 ms.
2152 2586 2426 2651 Caesareo,
2447 2588 2766 2642 attribuitur
2789 2586 3063 2642 Theodoro
3099 2589 3481 2657 Daphnonatrr.
3509 2590 3654 2645 Idem

390 2680 628 2736 Allatius
654 2680 852 2735 ibidem
875 2693 997 2748 pag.
1016 2674 1087 2730 87
1105 2676 1268 2729 aliam
1299 2675 1599 2729 orationem
1624 2669 1899 2726 Theodori
1944 2670 2312 2742 Daphnopatte
2356 2674 2559 2744 profert
2594 2672 2660 2728 In
2706 2673 3053 2730 Nativitatem
3090 2676 3468 2743 Prtecnrsoris',
3490 2678 3569 2741 ei;
3596 2680 3658 2733 τὸ

397 2773 641 2841 γενέσιον
666 2768 758 2823 τοῦ
783 2768 971 2838 τιμίου
996 2765 1336 2837 Προδρόμου,
1359 2780 1482 2835 quae
1511 2764 1700 2833 incipit
1732 2764 1795 2817 Et
1828 2766 1928 2833 μιν
1954 2765 1983 2816 ὀ

2050 2759 2109 2817 οὗ
2142 2764 2317 2827 Λόγον
2352 2760 2531 2830 κήρυξ
2559 2764 2653 2815 καὶ
2677 2764 3005 2833 πρόδρομος,
3027 2773 3189 2831 atque
3222 2768 3274 2818 itt
3306 2768 3491 2820 codice
3520 2766 3656 2821 1οη

398 2857 665 2915 Vaticano
697 2857 959 2911 tribuitur
983 2854 1325 2910 'I‘beodoreto
1353 2852 1478 2923 (ιιι-ἰ
1517 2852 1793 2921 episcopo,
1835 2850 2010 2921 Θεοδοε

2041 2849 2155 2903 ιτου
2206 2849 2513 2901 1επισιιόπου
2560 2850 2768 2920 Κύρου,
2799 2852 2959 2918 cujus
2990 2854 3136 2906 inter
3175 2856 3347 2921 Opera
3380 2855 3648 2925 impressa

395 2945 583 3002 Graece
630 2954 686 2999 ct
730 2942 925 2997 Latine
972 2941 1268 2994 invenitur.
1319 2940 1399 2993 Ad
1447 2938 1703 2993 eumdem
1749 2936 2097 2991 Theodorum
2143 2935 2556 3005 Daphnopatam
2607 2940 2860 3005 pertinet,
2902 2938 3215 2994 Encominm
3266 2946 3437 2995 sancti
3488 2942 3656 2997 Pauli

390 3032 625 3105 apostoli
652 3045 716 3084 ea;
744 3030 964 3083 diversis
995 3026 1297 3092 collectum,
1342 3026 1502 3094 cujus
1531 3026 1777 3078 meminit
1802 3022 1913 3096 Leo
1944 3024 2174 3079 Albitius
2212 3027 2264 3076 in
2300 3025 2537 3078 Diatriba
2580 3026 2655 3078 De
2686 3025 3032 3095 ngconibus
3061 3043 3181 3097 pag.
3210 3045 3290 3084 ltl.
3337 3031 3652 3101 Ἐγκώμιον

397 3125 511 3177 ἀπὸ
542 3121 822 3189 διαφόρων
867 3118 1042 3184 λόγων
1073 3116 1166 3169 τοῦ
1199 3114 1613 3186 Χρυσοστόμου,
1646 3115 1727 3176 εἰς
1771 3111 1863 3166 τὸν
1908 3114 2009 3181 int

2043 3132 2063 3165 ν
2112 3111 2414 3165 ἀπόστολον
2445 3111 2656 3166 Παῦλον
2700 3116 2802 3167 sub
2834 3119 3055 3169 nomine
3094 3114 3356 3171 Theodori
3389 3120 3655 3185 magistri,

396 3218 452 3265 ct
479 3209 688 3277 incipit,
721 3208 831 3275 Τῆς
866 3205 964 3275 μὲν
990 3203 1309 3273 ἐπιγραφῆς
1341 3201 1449 3254 τῶν
1480 3201 1862 3255 άποστολικῶν
1896 3201 2008 3271 πρά

2036 3202 2172 3263 ξεων.
2198 3200 2329 3252 Nam
2365 3210 2420 3252 nt
2450 3212 2601 3254 notat
2645 3200 2885 3255 Savilius
2917 3205 2983 3255 ad
3020 3204 3427 3269 Apantltismata
3459 3208 3648 3272 citata,

394 3296 612 3352 illorum
646 3305 837 3348 auctor
863 3293 917 3347 in
949 3306 1084 3346 mss.
1116 3292 1398 3344 codicibus
1428 3286 1689 3343 Vaticano
1723 3297 1776 3342 et
1811 3288 2080 3352 Palatino,
2104 3288 2278 3343 fertur
2313 3286 2617 3341 Theodotus
2646 3290 2919 3358 magister,
2950 3292 3044 3359 qui
3079 3293 3132 3344 in
3164 3293 3412 3347 (Imsareo
3439 3298 3647 3350 diserte

395 3385 748 3454 Daphnopata
788 3382 1111 3450 app-ﬂatur.
1153 3380 1330 3447 Atque
1352 3380 1515 3432 etiam
1545 3378 1648 3431 hoc
1682 3373 1995 3430 Encomium
2026 3377 2293 3447 reperitur
2326 3378 2467 3431 inter
2518 3378 2927 3445 Apantltismata
2979 3385 3126 3434 varia
3177 3383 3340 3450 hujus
3374 3384 3654 3438 'l'ltcodori

402 3485 457 3535 in
486 3472 725 3527 editione
757 3470 1057 3532 Saviliana,
1085 3465 1321 3537 Operum
1349 3467 1458 3519 divi
1490 3465 1884 3535 Chrysostomi.
1912 3464 1972 3519 In
2011 3463 2400 3518 Dissertatioue
2434 3464 2505 3517 De
2533 3464 2793 3532 Operibns
2834 3470 3008 3520 sancti
3043 3464 3269 3522 Joannis
3300 3470 3659 3542 Chrysostotni

394 3562 713 3629 auinam.
743 3556 797 3622 9,
828 3555 1063 3610 Savilius
1120 3554 1284 3610 refert
1344 3552 1648 3621 Florigeria
1681 3549 1875 3606 XXXI
1929 3567 1994 3605 ex
2028 3550 2280 3607 Homitiis
2332 3554 2507 3605 sancti
2570 3553 2792 3606 Joatmts
2849 3553 3219 3625 Chrysostomi
3277 3561 3521 3628 decerpta
3566 3576 3660 3629 per

401 3647 732 3703 Theodoram
754 3645 1071 3716 magistrum
1101 3642 1169 3696 de
1198 3656 1309 3711 quo
1350 3641 1647 3709 loquimur,
1684 3656 1806 3708 qu:c
1856 3640 2017 3694 habet
2055 3641 2234 3695 dictus
2278 3638 2516 3693 Savilins
2553 3649 2701 3693 tonio
2730 3639 2837 3705 VII,
2871 3658 2992 3710 pug.
3030 3645 3134 3697 665
3167 3646 3425 3701 ςάιιίυιιίε
3456 3648 3659 3701 unum,

400 3736 689 3790 Etoncusis
726 3747 899 3801 usque
926 3732 993 3785 ad
1036 3729 1327 3799 Fiarilcgia
1352 3726 1620 3794 XLVIII,
1648 3727 1855 3782 additis
1900 3742 2012 3782 nent

2044 3741 2096 3795 se
2122 3727 2179 3791 5,
2211 3727 2263 3791 9,
2305 3726 2391 3789 11,
2421 3726 2515 3786 22.
2546 3727 2638 3791 28,
2689 3726 2779 3791 5‘2,
2825 3729 2914 3786 55.
2951 3728 3040 3790 39,
3075 3730 3165 3793 40,
3195 3732 3286 3796 41,
3319 3731 3410 3795 42,
3443 3732 3531 3795 45,
3566 3735 3656 3795 46,

396 3822 490 3899 45,
519 3822 609 3886 46,
646 3820 711 3875 17
750 3831 803 3873 et
827 3817 918 3873 48.
955 3818 1151 3872 Verum
1194 3832 1260 3872 es
1293 3816 1378 3871 Itis
1422 3832 1581 3885 quam
1623 3818 1855 3886 plurima
1900 3825 2272 3884 excerpuutur
2307 3831 2370 3869 ex
2399 3816 2507 3868 illis
2550 3817 2791 3869 homiliis
2821 3832 2943 3884 qua-
2966 3831 3284 3885 supcrsunt,
3319 3829 3484 3889 atque
3522 3824 3661 3875 adeo

394 3911 529 3968 alibi
554 3910 845 3965 habentur.
884 3908 958 3962 De
993 3906 1079 3960 his
1110 3914 1292 3960 autem
1320 3906 1393 3959 ita
1429 3902 1669 3960 Savilius
1706 3905 1761 3959 in
1792 3905 1937 3959 notis
1984 3906 2049 3958 ad
2095 3913 2305 3959 tomum
2345 3901 2455 3964 VII.
2485 3906 2591 3959 col.
2630 3904 2734 3959 919
2769 3908 3029 3959 edi:iouis
3061 3923 3171 3961 suae
3201 3907 3407 3964 Graeca:
3432 3928 3446 3963 :
3471 3912 3659 3981 Apon—

408 3999 718 4053 thismatunt
748 4009 996 4048 numerus
1056 3995 1110 4045 ist
1162 3993 1539 4062 manuscriptis
1574 3991 1682 4061 fere
1730 3990 1821 4055 32,
1856 3992 1926 4046 53
1955 3990 2031 4045 vel
2060 3992 2151 4056 51,
2180 3992 2374 4062 quibus
2403 3993 2450 4047 si
2479 3994 2661 4047 demas
2703 3992 2758 4055 9,
2803 3994 2889 4056 11,
2918 4006 2965 4048 ct
2998 3996 3089 4059 23,
3129 4008 3409 4064 supersunt
3453 4008 3657 4053 tantum

404 4087 584 4155 capita
606 4083 669 4139 5i
694 4124 711 4147 ,
736 4080 1057 4151 Ectogarttm
1083 4081 1291 4135 nomine
1308 4079 1436 4150 jure
1473 4079 1753 4133 censenda.
1794 4078 1957 4135 Plura
1988 4081 2057 4135 de
2082 4081 2166 4136 his
2207 4081 2263 4135 in
2292 4079 2688 4136 Dissertatione
2723 4080 2795 4134 De
2839 4083 3097 4151 Uperibns
3149 4082 3659 4156 Cltrysostotniunis,

402 4187 523 4243 cap.
557 4170 614 4247 9,
644 4168 712 4224 ad
741 4168 885 4239 quod
942 4168 1202 4221 lectorem
1256 4167 1549 4231 mittimus,
1575 4167 1834 4221 omnibus
1884 4180 1950 4221 es
2010 4165 2217 4221 Savilio
2248 4170 2509 4237 acceptis.
2547 4168 2645 4222 llic
2677 4167 3001 4225 Theodorus
3038 4181 3225 4225 noster
3263 4176 3642 4244 Uapltttopulu,

400 4260 749 4333 postmodum
800 4258 925 4313 aula
996 4256 1345 4326 imperatoris
1400 4254 1680 4319 derelicta,
1728 4269 1825 4322 pro
1867 4269 2019 4310 more
2077 4254 2396 4310 Graecorum
2446 4258 2769 4321 multorum,
2804 4258 3038 4329 elegisse
3090 4264 3446 4317 monasticam
3488 4269 3653 4318 vitam

402 4347 638 4412 ridetur,
662 4355 827 4414 atque
858 4342 1144 4413 scripsisse
1176 4341 1488 4397 Encomism
1524 4344 1578 4397 in
1608 4351 1854 4396 sanctum
1877 4339 2189 4411 Gregorium
2224 4341 2634 4398 Nasiansenam
2663 4355 2713 4399 et
2746 4345 3276 4415 Constantinopoleos
3306 4353 3663 4420 arc/tiepisco-

395 4452 548 4507 patri,
580 4436 657 4490 uti
689 4432 850 4487 habet
872 4430 1065 4487 Petrus
1099 4429 1427 4486 Lambecius
1460 4432 1599 4486 libro
1626 4446 1678 4487 νι
1709 4430 2244 4485 Commentariorum
2288 4430 2641 4488 Bibliotheca:
2668 4433 2933 4490 Caesarea:
2962 4437 3591 4510 Viudobonensis,parte
3615 4457 3657 4505 ι,

399 4525 470 4579 ad
494 4524 735 4580 codicem
771 4538 874 4577 ms.
899 4521 1193 4591 juridicum
1224 4518 1475 4575 Graecum
1503 4535 1653 4573 num.
1697 4520 1787 4596 10,
1816 4534 1939 4591 pag.
1959 4519 2028 4573 36
2052 4520 2139 4574 his
2174 4519 2393 4575 verbis:

481 4656 501 4691 ι
534 4636 756 4694 Decimo
789 4643 843 4692 et
869 4635 1085 4705 quidem
1115 4650 1146 4689 a
1175 4632 1304 4690 folio
1329 4632 1458 4697 221,
1484 4649 1605 4705 pag.
1643 4636 1697 4699 1,
1739 4648 1913 4705 usque
1962 4634 2029 4687 ad
2077 4632 2093 4687 1

2077 4632 2269 4687 folium
2311 4631 2440 4694 292,
2470 4648 2593 4703 pag.
2626 4633 2689 4701 2,
2726 4637 2979 4691 Theodori
3013 4639 3260 4711 Magistri
3294 4646 3466 4698 oratio
3503 4662 3658 4699 enco-

406 4725 650 4781 miastica
684 4725 740 4778 in
787 4732 1031 4777 sanctam
1061 4719 1375 4790 Gregorium
1427 4719 1862 4786 Nazianzenum,
1894 4721 2018 4791 cuju

2045 4735 2057 4776 ι
2107 4721 2302 4776 titulus
2345 4729 2399 4775 et
2432 4722 2760 4791 principium
2795 4743 2808 4777 :
2839 4725 3013 4794 Λόγος
3047 4731 3491 4799 ἐγκωμιαστικδς
3522 4733 3657 4803 πρὸς

407 4816 501 4867 τ³ιν
528 4816 587 4868 ἑν
621 4813 798 4880 ἁγίοις
829 4812 1051 4880 Πατέρα
1084 4811 1241 4881 ἡμῶν
1276 4811 1710 4880 άρχιεπίσκοπον
1756 4809 2390 4871 Κωνσταντινουπόλεως
2436 4810 2532 4863 καὶ
2573 4811 2958 4882 οἱκουμενικδν
3004 4815 3327 4870 διδάσκαλον
3353 4817 3656 4889 Γρηγόριον

406 4905 498 4955 τὸν
531 4900 819 4969 Θεολὸγον,
862 4900 1202 4967 συγγραφεῖς
1229 4898 1382 4968 παρὰ
1410 4897 1504 4950 τοῦ
1525 4896 1864 4965 τιμιωτάτου
1894 4898 1953 4949 ὲν
1987 4902 2267 4969 μψαχοίς,
2296 4900 2617 4967 σοφωτάτου
2667 4905 2761 4954 καὶ
2808 4903 3148 4973 λογιωτάτου
3184 4908 3351 4978 κυροῦ
3381 4906 3658 4979 Θεοδώρου

406 4990 501 5044 τοῦ
545 4990 875 5061 μαγιστρου.
900 4988 1013 5057 Οὐχ
1039 4988 1185 5050 ὅπως
1209 4986 1320 5038 οὐδ’
1352 4985 1418 5039 ἂν
1456 4981 1532 5049 εἷς
1570 4980 1724 5054 οἶμαι
1754 4988 1865 5040 τῶν
1898 4988 2138 5049 πάντων,
2173 4987 2284 5041 οὐδ’
2313 4987 2461 5049 ὅπως
2505 5005 2557 5041 τι
2602 4986 2695 5041 οὖν
2736 4992 2862 5061 ἐμοὶ
2897 4995 3222 5061 νεμεσήσαι,
3252 4995 3362 5047 οὐδ’
3400 4999 3660 5060 ἀπονοίας

406 5075 623 5149 ἧστινος
658 5071 751 5130 οὖν
781 5076 915 5136 not,
942 5076 1035 5128 καὶ
1062 5072 1319 5143 θράσους,
1345 5074 1393 5125 εἰ
1414 5073 1578 5143 μηδὲν
1615 5076 1753 5144 μήτε
1776 5074 1836 5127 τὸ
1866 5074 2094 5145 μέγεθος
2129 5076 2595 5147 ὑπολογισάμενος
2628 5078 2721 5131 τοῦ
2756 5080 3020 5149 παρόντος
3053 5082 3285 5151 ἀγῶνος,
3304 5084 3414 5138 οὐδ’
3440 5083 3517 5150 ὡς
3549 5095 3655 5140 etc.

416 5167 561 5222 Idem
584 5176 771 5219 autem
802 5162 1127 5219 Lambecius
1158 5163 1297 5218 libro
1326 5179 1355 5217 ν
1382 5164 1909 5219 Commentariorum
1946 5166 2104 5219 dictae
2146 5164 2493 5220 Bibliotheca:
2529 5167 2717 5221 codice
2751 5167 2878 5234 266,
2912 5186 3066 5225 num.
3114 5171 3200 5231 13,
3234 5173 3563 5244 ascripserat
3590 5190 3658 5229 cx

407 5256 740 5326 conjectum
792 5254 934 5306 idem
992 5251 1312 5306 Eacomium
1363 5252 1578 5306 cuidam
1612 5251 1868 5323 Symconi
1910 5252 2099 5316 Setho,
2135 5268 2257 5322 pag.
2290 5251 2423 5318 20l,
2453 5252 2539 5308 his
2569 5255 2769 5309 verbis.
2808 5257 3027 5311 Decimo
3068 5259 3233 5315 tertio
3261 5268 3318 5314 et
3372 5262 3592 5331 quidem
3626 5277 3655 5315 a

409 5342 541 5398 folio
568 5341 691 5407 l67,
722 5355 842 5411 pag.
909 5341 962 5403 1,
1020 5354 1194 5407 usque
1252 5341 1340 5393 ad-
1372 5339 1559 5394 folium
1602 5340 1728 5403 232,
1797 5356 1917 5412 pag.
1969 5340 2025 5394 2.
2070 5340 2332 5409 Anonymi
2377 5341 2653 5409 cujusdam
2718 5342 2966 5415 Magistri
3025 5347 3117 5417 qui
3166 5348 3401 5420 Symcou
3457 5350 3659 5408 Sethus

408 5447 531 5487 esse
578 5428 805 5483 'videtur
861 5426 1022 5498 (solet
1063 5428 1206 5481 enim
1263 5427 1339 5482 illi
1368 5429 1533 5481 etiam
1589 5430 1641 5482 in
1689 5430 1811 5484 aliis
1866 5430 2143 5484 nonnullis
2192 5441 2328 5481 mss.
2376 5430 2659 5485 codicibus
2697 5429 2925 5498 Graecis,
2974 5433 3167 5490 titulus
3202 5435 3527 5509 Μαγίστρου
3560 5442 3660 5494 καὶ

421 5517 675 5589 Ῥήτορος
702 5518 1136 5569 autoontnastice
1168 5517 1418 5585 attribui)
1442 5514 1631 5570 Oratio
1661 5518 2033 5571 encomiastica

2075 5521 2129 5569 in
2183 5524 2428 5569 sanctum
2464 5513 2775 5586 Gregorium
2826 5518 3233 5577 Nasianzenum
3276 5523 3655 5582 Patriarcltatn

413 5603 1079 5669 Constantmopolttanum,
1125 5602 1283 5671 cujus
1315 5604 1503 5657 titulus
1531 5614 1583 5657 et
1623 5605 1949 5672 principium
1994 5622 2007 5657 :

2053 5603 2159 5657 Τοῦ
2188 5605 2501 5671 σοφωτάτου
2544 5606 2633 5657 καὶ
2659 5608 3099 5680 ῥητορικωτάτου
3130 5614 3452 5687 Μαγίστρου
3495 5616 3652 5685 λόγος

411 5692 855 5761 ὲγχωμιαστικὺς
888 5690 1027 5759 πρὸς
1063 5691 1154 5742 τὸν
1190 5692 1248 5742 ἐν
1288 5691 1464 5756 ἁγίοις
1499 5692 1719 5763 Πατέρα
1750 5693 1930 5762 ἡμῶν,
1966 5693 2062 5747 καὶ
2092 5693 2475 5758 οἰκουμενικὸν
2503 5693 2846 5765 διδάσκαλον,
2889 5700 3327 5770 ἁρχιεπέσκοπον
3369 5705 3658 5758 Κωνστανο

408 5777 794 5842 τινουπόλεως,
834 5777 1141 5847 Γρηγόριον
1171 5776 1263 5828 τὸν
1317 5777 1480 5829 Θεολό
1495 5794 1601 5847 γον.
1644 5781 1756 5849 Οὐχ
1805 5782 1950 5844 ὅπως
1987 5781 2097 5833 οὐδ’
2150 5782 2216 5835 ἂν
2249 5775 2328 5844 εἷς
2359 5776 2514 5849 οἶμαι
2555 5784 2663 5835 τῶν
2721 5787 2958 5853 πάντων,
2988 5790 3098 5841 οὐδ’
3128 5792 3276 5856 ὅπως
3308 5809 3359 5845 τι
3396 5788 3490 5845 οὖν
3531 5794 3656 5861 ἐμοὶ

405 5868 723 5938 νεμεσήσαι,
760 5865 868 5919 οὐδ’
903 5866 1185 5933 ἀπονοίας,
1212 5882 1229 5916 ι
1270 5874 1374 5920 ctc.
1407 5863 1644 5936 Denique
1679 5871 1728 5921 in
1760 5868 2017 5924 btbliotltc

2040 5884 2084 5925 :a
2120 5866 2625 5942 Itugduno-Batata
2661 5884 2846 5928 nostra
2886 5875 3099 5941 inmss.
3134 5879 3413 5935 codicibus
3444 5878 3652 5936 Graecis
