4082 6160
298 434 405 502 613

1388 432 1482 493 ι)ῐὶ
1518 430 1732 493 BHVU
1880 428 2450 491 Pli.ECURSORlS.

3436 420 3541 485 614

301 564 425 617 quae
450 557 744 618 eratsnpru
774 546 1042 600 hominem
1068 564 1079 605 ;
1107 546 1624 618 qumprinsquidem
1648 545 1875 616 ingratis
1906 550 1947 607 Α
1975 546 2081 603 sibi
2111 560 2218 601 non
2274 546 2478 609 liceret,
2512 554 2796 613 propterea
2845 539 2991 613 quod
3025 539 3310 611 Philippus
3340 553 3406 592 ex
3455 537 3543 591 illa

304 638 511 696 ludatis
535 639 1002 708 ostenditAgnnm
1031 637 1146 715 Dei,
1175 648 1226 693 et
1245 654 1491 696 securem
1523 640 1588 694 ad
1621 640 1876 694 arborum

308 732 544 789 radicem
586 733 816 802 positam
877 743 930 786 et
962 735 1297 788 excisionem
1332 733 1639 788 minabatur
1691 746 1881 802 pecca-

308 825 538 882 toribus.

386 915 456 975 ll.
484 916 641 974 Nunc
672 927 853 973 autem
877 934 1000 974 cum
1033 917 1122 972 illa
1162 919 1272 987 ipsa
1302 918 1635 990 apparuerit,
1664 926 1716 973 et
1746 932 1884 986 prae-

305 1011 559 1068 stantiori
585 1012 822 1082 quodam
861 1011 1023 1066 modo
1055 1027 1250 1067 manus
1278 1012 1511 1067 evaserit
1548 1010 1884 1072 barbaricas,

306 1118 340 1160 a
370 1103 570 1177 quibus
593 1105 875 1159 ridebatur
906 1104 1098 1167 teneri,
1127 1113 1383 1174 tanquam
1404 1104 1639 1180 captiva,
1667 1115 1882 1172 aequum

304 1205 415 1263 est,
448 1206 511 1252 ut
544 1196 599 1251 in
643 1194 766 1251 festi
806 1197 1046 1251 laetitiam
1090 1196 1175 1267 pie
1203 1205 1256 1251 et
1286 1206 1597 1252 reverenter
1616 1194 1885 1250 afﬁciatur

303 1297 490 1347 catus
543 1303 734 1345 eorum
783 1290 880 1361 qui
937 1288 1135 1346 festum
1181 1289 1419 1345 libenter
1472 1288 1782 1354 celebrant;
1828 1294 1887 1343 et

306 1381 485 1439 nubes
507 1381 754 1454 quidem,
788 1397 911 1455 qum
946 1382 1243 1453 interiecta:
1271 1381 1510 1438 animam
1563 1381 1883 1453 impediunt,

302 1473 430 1547 eius
460 1471 577 1541 illa,
609 1488 736 1546 qua
751 1474 1109 1548 intelligentia
1145 1473 1459 1545 percipitur,
1489 1473 1886 1529 illuminationc

303 1564 570 1622 discutiat
598 1574 654 1623 ct
689 1564 992 1629 dissolvat;
1030 1565 1195 1622 alacri
1244 1573 1427 1622 autem
1459 1564 1597 1636 pede
1625 1573 1677 1621 et
1698 1564 1884 1620 exsul-

305 1665 461 1713 tante
489 1656 709 1728 spiritu,
742 1658 809 1713 ad
844 1672 908 1713 ea
936 1673 1057 1727 qua:
1086 1666 1215 1712 sunt
1244 1658 1329 1713 vel
1353 1658 1486 1727 ipsis
1505 1656 1716 1726 angelis
1741 1654 1889 1711 desi-

304 1748 599 1818 derabilia,
626 1750 884 1822 mysteria
931 1748 1165 1807 festinet.
1212 1748 1328 1806 [ioc
1376 1759 1458 1806 est
1478 1750 1624 1805 enim
1687 1745 1884 1805 festum

303 1841 606 1906 celclIrarc,
636 1850 856 1913 paratos
876 1855 998 1898 esse
1027 1842 1095 1896 ad
1151 1850 1403 1912 prompto
1422 1850 1476 1897 et
1496 1840 1662 1896 alacri
1690 1840 1877 1897 animo

305 1930 709 1990 occurrendum
729 1931 819 1999 iis,
832 1947 954 2004 qua
968 1941 1099 1989 sunt
1117 1933 1465 1999 venerabilia,
1479 1943 1534 1990 et
1546 1932 1887 1989 extrinsecus

306 2022 502 2095 lguris
525 2031 580 2080 et
602 2023 843 2079 motibus
867 2021 990 2079 iidei
1012 2031 1067 2079 et
1094 2022 1404 2080 aloctiunis
1425 2026 1701 2081 internum
1725 2022 1889 2079 ardo-

304 2117 756 2173 vemostendere.
822 2114 920 2173 llic
974 2130 1106 2186 ergo
1165 2116 1297 2173 mihi
1349 2118 1493 2173 adsit
1534 2118 1719 2173 omnis
1749 2116 1851 2173 ord

305 2222 503 2267 eorum
535 2211 629 2280 qui
654 2219 785 2267 sunt
816 2210 1118 2267 honoriiice
1141 2210 1196 2265 in
1229 2210 1464 2267 excelsis
1482 2211 1679 2266 remoti
1706 2225 1737 2266 a
1769 2222 1859 2264 ma

306 2301 471 2369 toria.
492 2310 550 2360 et
569 2316 762 2359 eorum
796 2303 891 2375 qui
919 2310 1050 2359 sunt
1080 2302 1261 2359 adhuc
1286 2307 1389 2359 hoc
1418 2303 1743 2360 circumdati
1768 2303 1889 2375 pul-

306 2406 439 2449 vere
471 2408 491 2449 :
517 2400 574 2448 et
610 2393 887 2448 communi
919 2401 1173 2450 contexta
1202 2397 1428 2469 chorea,
1462 2395 1798 2452 Iuminosum
1830 2407 1888 2451 et

309 2494 573 2553 perquam
607 2480 819 2537 clarum
858 2481 1263 2538 constituamus
1324 2484 1624 2550 theatrum,
1652 2500 1719 2538 eo
1748 2484 1887 2540 duce

309 2582 549 2651 utentes,
587 2574 679 2643 qui
738 2574 882 2629 inter
920 2584 1076 2631 natos
1116 2574 1408 2630 mulierum
1454 2583 1539 2631 est
1590 2575 1884 2632 maximus.

310 2666 447 2724 Nam
474 2666 579 2723 etsi
608 2667 861 2721 humanas
899 2676 1110 2724 natura!
1159 2668 1442 2739 superavit
1473 2669 1738 2724 terminos
1791 2685 1885 2741 per

308 2761 476 2817 vitam
511 2774 543 2817 a
575 2774 740 2816 carne
769 2769 823 2815 et
859 2774 1088 2832 corpore
1141 2761 1397 2827 alienam,
1445 2771 1505 2818 ut
1554 2764 1647 2833 qui
1701 2772 1885 2819 tamen

308 2863 626 2909 nostrarum
668 2852 1003 2908 naturalium
1031 2854 1306 2922 particeps
1331 2852 1434 2909 fuit
1469 2856 1884 2925 preprietatum,

308 2942 525 2999 letatur
543 2944 747 3000 nostris
770 2943 838 3001 de
863 2959 923 3000 se
960 2942 1215 3002 laudibus
1240 2955 1291 2999 et
1324 2944 1806 3024 celebrationibus,
1832 2954 1889 3003 et

314 3037 514 3091 bonam
548 3034 825 3105 accipiens
858 3034 1212 3102 voluntatem,
1255 3038 1534 3107 copiosam
1602 3043 1888 3095 remetitur

305 3124 830 3182 remunerationem.

1980 640 2178 696 liberos
2216 648 2554 708 susceperat,
2608 637 2851 692 duxisset
2880 637 2933 691 in
2983 633 3393 689 matrimonium
3439 650 3453 684 :
3493 642 3549 685 et

1978 742 2121 789 esset
2151 730 2279 785 illud
2302 731 2522 802 quidem
2562 731 2739 786 scelus
2800 729 2934 799 legis
2962 728 3192 792 eversio,
3229 726 3319 781 Dei
3368 736 3547 779 autem

1981 824 2334 893 contemptio,
2360 823 2638 878 hominum
2668 835 2798 875 vero
2830 820 2897 874 ad
2930 821 3199 874 deteriora
3243 817 3552 873 adhortatio

1980 924 2037 970 et
2062 914 2339 979 inductio;
2375 923 2526 978 tunc,
2553 923 2812 983 tanquam
2846 909 3005 966 fortis
3041 911 3240 964 athleta
3286 907 3549 970 Joannes,

1982 1018 2130 1065 recte
2157 1009 2460 1071 institutus,
2495 1007 2632 1062 etin
2687 1005 2967 1061 laboribus
2997 1003 3151 1073 prius
3199 1002 3550 1063 exercitatus,

1984 1102 2230 1159 veritatis
2275 1102 2465 1165 armis,
2514 1110 2570 1156 et
2620 1097 2745 1154 telis
2796 1100 3065 1157 munitus.
3099 1096 3271 1150 aciem
3329 1094 3551 1164 quidem

1985 1196 2147 1254 struit
2178 1195 2439 1249 adversus
2467 1201 2783 1263 tyrannum.
2806 1189 3065 1257 Quasnam
3093 1203 3222 1244 vero
3246 1203 3312 1245 ea
3358 1195 3513 1242 erant
3537 1202 3554 1241 :

1987 1288 2108 1344 Non
2138 1286 2259 1342 licet
2285 1285 2381 1340 tibi
2407 1282 2597 1340 habere
2624 1298 2841 1339 uxorem
2866 1282 3058 1351 fratris
3100 1281 3182 1335 tui
3200 1279 3298 1351 (l).
3318 1278 3364 1336 Ο
3393 1280 3557 1334 liber-

1984 1389 2173 1445 tatem,
2205 1394 2326 1449 quae
2352 1392 2459 1433 non
2491 1386 2666 1447 potest
2696 1377 2889 1444 everti,
2919 1373 2964 1431 0
2982 1389 3048 1430 os
3074 1374 3344 1437 divinum,
3367 1383 3421 1428 et
3449 1372 3558 1427 lin-

1983 1487 2172 1543 guam,
2206 1485 2329 1542 qua
2360 1485 2392 1525 a
2425 1468 2539 1526 Deo
2566 1479 2837 1534 movetur,
2885 1483 3010 1539 quae
3042 1468 3096 1522 in
3132 1467 3310 1536 ipsum
3346 1480 3443 1529 cor
3470 1481 3560 1521 rc-

1984 1562 2410 1634 prehensiounm
2477 1560 2705 1631 iniigens
2747 1559 2989 1623 aculeos,
3050 1557 3198 1621 iecit,
3233 1564 3292 1612 ut
3343 1556 3435 1611 ille
3466 1571 3559 1611 su-

1984 1656 2183 1727 perbus
2213 1665 2268 1711 et
2292 1654 2535 1711 insolens
2562 1654 2808 1725 clypeum
2862 1651 3125 1721 obiiceret
3166 1658 3222 1706 et
3256 1648 3485 1720 lugeret.
3514 1647 3560 1704 0

1986 1764 2210 1806 manum
2231 1746 2591 1803 venerandam
2618 1754 2673 1800 et
2706 1754 2977 1804 sanctam.
3002 1758 3125 1811 quas
3148 1741 3215 1798 ad
3244 1754 3559 1796 sermonum

1986 1852 2133 1898 mota
2155 1838 2542 1902 elocutionem,
2565 1836 3057 1907 reprehensionum
3085 1849 3304 1905 quoque
3327 1832 3564 1903 augebat

1987 1932 2361 2003 asperitatem.
2390 1937 2447 1987 ct
2481 1928 2735 1985 iiduciam
2777 1925 3107 1982 ostendebat
3143 1936 3198 1980 et
3247 1924 3556 1980 audaciam.

1987 2024 2107 2082 Mos
2128 2033 2208 2081 est
2235 2022 2383 2080 enim
2413 2022 2484 2078 iis
2518 2019 2615 2093 qui
2643 2019 2825 2073 verbis
2849 2018 3208 2078 contendunt,
3241 2028 3463 2069 manum
3486 2013 3564 2068 si-

1987 2118 2101 2175 mul
2124 2131 2251 2174 cum
2272 2130 2369 2172 ore
2384 2126 2625 2177 movere,
2639 2119 2695 2168 et
2709 2111 2950 2166 sermoni
2966 2109 3087 2179 eius
3114 2120 3335 2179 quoque
3352 2115 3562 2161 motum

1986 2210 2269 2272 adbibere,
2323 2217 2377 2263 et
2411 2221 2512 2279 per
2567 2217 2860 2272 utrumque
2914 2202 3229 2261 ostendere.
3273 2215 3438 2269 quam
3491 2199 3566 2254 sit

1987 2301 2267 2359 conlidens
2294 2308 2350 2355 et
2378 2297 2659 2354 interritus
2681 2298 2751 2359 is,
2785 2296 2879 2364 qui
2903 2292 3325 2364 loquitur.Hine
3357 2292 3561 2347 factum

1987 2403 2090 2460 est,
2126 2403 2185 2449 ut
2222 2392 2277 2448 in
2309 2403 2604 2454 carcerem,
2623 2388 2748 2443 etin
2778 2387 2994 2443 vincula
3021 2386 3416 2456 eonjiceretur,
3438 2397 3561 2439 cum

1986 2501 2187 2544 vesana
2230 2482 2424 2541 mulier
2443 2480 3024 2539 nefariumamatorcm
3056 2493 3218 2537 suum
3239 2478 3307 2533 ad
3330 2478 3381 2533 id
3410 2490 3563 2533 com-

1988 2580 2238 2655 pulisset.

2059 2672 2124 2729 γ.
2165 2671 2368 2728 Deinde
2400 2670 2518 2727 dies
2543 2670 2716 2725 l’estus
2747 2668 2967 2736 natalis,
2995 2674 3272 2737 potusque
3305 2663 3564 2733 copiosus

1988 2776 2043 2823 ct
2079 2765 2493 2826 immoderatus,
2527 2778 2651 2817 cum
2694 2760 2924 2815 nimium
2951 2760 3137 2815 vinum
3162 2773 3311 2823 eum,
3345 2757 3439 2827 qui
3470 2769 3563 2809 ce-

1988 2856 2233 2914 lebrabat
2268 2853 2600 2917 convivium.
2653 2850 2975 2908 devolvisset
3001 2848 3068 2904 ad
3092 2847 3363 2904 delirium.
3396 2845 3565 2900 Pctus

1987 2958 2172 3004 autem
2206 2960 2455 3018 quaenam
2486 2955 2572 2999 est
2619 2940 2946 2999 delectatio?
2972 2940 3205 2995 Saltatio
3255 2938 3400 3003 tiliae,
3443 2951 3565 3006 quas

1986 3052 2107 3099 erat
2136 3042 2307 3098 instar
2337 3038 2666 3101 meretricis,
2699 3046 2754 3092 et
2786 3036 2976 3107 petitio
3008 3032 3311 3101 mercedis;
3342 3040 3396 3087 et
3416 3045 3565 3085 mer-

1987 3151 2105 3201 ces,
2134 3133 2407 3206 propheta
2438 3131 2767 3188 interiectio.
2803 3128 2878 3185 Ex
2915 3144 3023 3201 qua
3052 3128 3198 3198 regis
3233 3128 3354 3182 iicta
3388 3123 3564 3181 tristi-

379 3215 472 3275 ill.
502 3217 772 3275 Ceterum
808 3218 927 3288 eius
954 3220 1175 3292 quidem
1209 3232 1535 3294 conceptum
1580 3233 1636 3279 et
1673 3230 1881 3289 ortum,
1913 3239 1957 3297 ε
1989 3230 2063 3285 tia
2081 3238 2302 3301 propter
2316 3237 2569 3289 (nstrum.
2589 3226 2735 3297 quod
2759 3240 2886 3280 eum
2910 3218 3562 3281 obsidebatintrinseeus;

304 3319 368 3367 ut
385 3312 574 3379 vitam,
595 3326 763 3383 quam
793 3312 902 3383 egit
933 3311 988 3369 in
1036 3314 1351 3381 solitudine,
1381 3324 1435 3371 et
1466 3314 1588 3386 ejus
1618 3316 1684 3371 ad
1709 3315 1885 3372 lsrae-

1986 3318 2389 3392 obtemperatio
2441 3327 2647 3385 tamen,
2707 3324 2761 3371 et
2823 3313 3140 3379 submissio,
3202 3321 3259 3368 et
3306 3311 3570 3367 advenas

308 3403 419 3459 lem
454 3403 853 3481 ostensionem,
900 3414 956 3461 et
984 3406 1285 3462 veridicum
1344 3406 1744 3475 testimonium,
1792 3423 1889 3479 per
1989 3412 2201 3483 justum
2234 3408 2558 3481 prophetam
2592 3408 2821 3479 prolatio
2846 3404 3131 3464 sententiis
3170 3402 3413 3474 etpaqu
3443 3410 3564 3474 post

307 3492 457 3564 quod
485 3490 579 3548 Dei
605 3509 806 3565 agnum
825 3496 1155 3569 ostendit,“
1182 3496 1357 3566 ipsum
1395 3499 1629 3567 primum
1662 3508 1717 3555 et
1738 3508 1888 3569 post-

304 3601 372 3642 ea
418 3588 725 3644 venientem
756 3603 852 3660 per
880 3587 1123 3644 divinam
1150 3589 1559 3659 auctoritatem,
1607 3600 1663 3648 et
1690 3592 1886 3648 buma-

309 3693 395 3733 ne
426 3688 637 3738 natura:
663 3680 1461 3751 pronuntiavitsusceptionem
1489 3698 1505 3749 ;
1536 3690 1594 3738 et
1617 3683 1888 3753 quemad-

308 3771 536 3826 modum
564 3785 631 3827 ex
657 3770 773 3828 alto
794 3780 1022 3829 vocatus
1051 3772 1201 3829 venit
1221 3771 1292 3829 ad
1316 3770 1634 3839 Iordanem,
1666 3784 1720 3831 et
1758 3789 1885 3831 cum

311 3875 535 3933 purum,
562 3873 618 3918 et
648 3863 720 3919 ab
748 3863 897 3920 omni
927 3864 1050 3921 labe
1081 3864 1347 3931 alienum,
1380 3873 1437 3922 et
1458 3866 1652 3936 quavis
1684 3880 1886 3937 purga-

314 3955 463 4010 tione
485 3956 824 4025 superiorem
843 3955 1195 4027 baptixasset,
1242 3955 1335 4012 illo
1350 3964 1606 4012 contactu
1623 3957 1889 4023 ostendit,

312 4041 521 4103 Ioniam
549 4045 1020 4109 sanctiﬁcationis.
1057 4054 1113 4101 et
1139 4061 1261 4116 quae
1317 4047 1387 4103 de
1428 4049 1550 4119 ipso
1594 4047 1818 4105 .ludmus
1841 4051 1889 4107 is

313 4138 408 4210 qui
444 4135 549 4195 fuit
563 4140 631 4196 ab
647 4140 768 4209 ipso
789 4138 1116 4211 baptizatus,
1140 4155 1237 4210 per
1260 4141 1546 4196 arundinis
1562 4150 1616 4196 et
1641 4141 1887 4197 mollium

314 4228 547 4286 vestium
579 4230 814 4287 amictus
843 4229 1282 4297 similitudinem,
1312 4231 1379 4286 ad
1417 4230 1538 4301 ejus
1562 4231 1703 4287 dixit
1736 4247 1887 4288 com-

312 4318 749 4387 mendationem;
777 4318 897 4389 ejus
922 4320 1047 4376 vita:
1075 4333 1106 4374 a
1131 4335 1312 4377 rerum
1328 4319 1728 4390 superﬂuarum
1749 4337 1881 4378 cura

306 4411 696 4469 abhorrentem
724 4410 1152 4483 simplicitatem,
1184 4412 1310 4468 etin
1338 4414 1537 4468 virtute
1577 4414 1889 4469 iirmitntem

311 4514 372 4562 ot
413 4506 807 4573 constantiam,
848 4513 1063 4561 etcum
1112 4506 1282 4561 veteri
1328 4502 1461 4560 Elia:
1488 4505 1773 4575 aequalem,
1833 4512 1890 4559 et

1986 3508 2157 3571 caput
2184 3499 2237 3555 iu
2290 3498 2444 3554 disco
2474 3498 2725 3560 allatum,
2754 3503 2809 3552 et
2841 3495 3149 3552 libidinosa
3203 3503 3257 3550 et
3304 3492 3568 3549 adulteras

1990 3588 2209 3648 mulieri
2236 3588 2518 3646 traditum.
2548 3587 2690 3656 Quid
2717 3587 2820 3644 hac
2843 3586 3142 3643 inhumana
3167 3586 3384 3643 actione
3407 3584 3567 3640 inhu-

1989 3683 2228 3748 manius,
2255 3691 2314 3737 et
2347 3681 2521 3754 magis
2548 3677 2864 3737 nefarium?
2898 3679 3038 3749 Quid
3064 3681 3170 3736 hoc
3201 3677 3441 3735 belluino
3482 3675 3565 3732 la-

1986 3776 2174 3833 ciuorc
2207 3774 2381 3846 magis
2414 3775 2670 3830 insanum
2700 3782 2755 3829 et
2807 3773 3131 3839 belluinnm,
3167 3773 3447 3829 hominem
3499 3785 3563 3824 ex

1986 3867 2108 3939 ipso
2133 3868 2327 3922 matris
2346 3877 2503 3921 utero
2528 3864 2822 3922 sanctitate
2851 3865 3276 3926 circumdatum.
3299 3862 3395 3942 qui
3426 3872 3566 3919 tem-

1989 3960 2297 4032 perantiam
2345 3965 2466 4015 erat
2529 3957 2834 4029 amplexus,
2900 3955 3205 4013 castitatem
3269 3955 3566 4020 aseiverat,

1990 4053 2170 4110 inedia
2190 4066 2249 4107 se
2264 4062 2601 4117 exercuerat,
2626 4052 2697 4105 ab
2710 4050 2859 4107 omni
2881 4049 3267 4122 congressione
3282 4049 3566 4104 hominum

1990 4160 2051 4203 sc
2125 4151 2497 4215 separaverat,
2568 4141 2916 4199 solitudinem
2972 4148 3227 4209 tauquam
3291 4140 3566 4197 civitatem

1990 4236 2356 4299 habitaverat,
2384 4237 2478 4307 qui
2505 4235 2671 4291 simul
2699 4250 2826 4290 cum
2860 4234 2978 4307 agri
3010 4233 3202 4290 bestiis
3224 4233 3565 4295 versabatur,

1988 4326 2186 4383 cameli
2216 4326 2346 4398 pilis
2397 4326 2703 4397 tegebatur,
2764 4325 2989 4397 pellicea
3040 4340 3176 4380 zona
3224 4325 3565 4395 cingebatur.

1990 4419 2137 4476 sicut
2165 4433 2292 4475 aves
2322 4418 2397 4484 id,
2419 4418 2566 4488 quod
2596 4433 2695 4473 sua
2726 4426 2921 4486 sponte
2946 4417 3296 4481 nascebatur,
3329 4413 3566 4471 habebat

1990 4511 2335 4577 alimentum,
2354 4510 2575 4567 carebat
2595 4508 2952 4575 nutrimento,
2974 4509 3195 4564 carebat
3222 4507 3567 4571 utensilibus.

314 4595 563 4653 moribus
599 4594 837 4653 similem
870 4596 1033 4652 tacite
1079 4594 1431 4667 signiﬁcans;
1464 4604 1521 4650 et
1552 4608 1892 4665 quaecunque
1921 4592 1969 4652 Β
1992 4612 2048 4659 ει
2070 4601 2229 4675 plane
2252 4603 2437 4660 carni.
2464 4611 2583 4657 erat
2607 4616 2809 4673 expers
2835 4620 2850 4658 ε
2883 4600 2978 4674 qui
3010 4611 3159 4657 ιοωε
3186 4614 3405 4670 quoque
3439 4613 3564 4655 cer.

312 4696 447 4746 sunt
472 4686 561 4744 his
588 4686 1003 4759 consequentia,
1023 4686 1449 4757 Evangeliorum
1478 4686 1765 4758 quaternio
1794 4700 1890 4743 os-

313 4781 503 4839 tendet
527 4782 771 4851 apertius
806 4780 897 4847 iis,
926 4779 1022 4852 qui
1053 4779 1170 4835 haec
1205 4787 1522 4834 scrutantur
1551 4777 1886 4849 diligentius.

384 4872 477 4933 IV.
511 4872 647 4942 Qua:
678 4884 862 4929 autem
896 4871 1150 4945 presenti
1178 4872 1516 4928 conveniunt
1554 4870 1886 4934 celebritati,

314 4984 379 5027 ea
416 4975 546 5024 sunt
572 4966 905 5024 enuntianda
940 4966 1285 5031 etdocenda,
1329 4973 1389 5021 ut
1416 4979 1539 5021 cum
1569 4971 1891 5037 argumento

314 5057 440 5117 (esti
467 5057 558 5114 hic
585 5072 785 5128 scopas
823 5065 1117 5125 congruat,
1142 5068 1501 5128 nostrumque
1534 5055 1589 5111 in
1621 5056 1726 5113 hoc
1748 5065 1892 5112 recte

318 5149 562 5207 studium
586 5145 926 5204 conferatur.
961 5146 1057 5204 ille
1084 5146 1140 5202 in
1176 5145 1429 5203 Mosaicis
1461 5148 1729 5205 educatus
1778 5147 1892 5203 do-

314 5236 610 5301 cumentis,
633 5244 689 5291 et
713 5234 930 5291 assidue
967 5235 1237 5292 meditans
1270 5236 1324 5291 in
1357 5239 1471 5308 lege
1500 5237 1736 5304 Domini,
1771 5238 1891 5309 ejus

318 5322 582 5382 custodia
604 5335 658 5380 et
678 5322 1049 5381 observationi
1077 5327 1258 5380 omnia
1278 5328 1677 5397 postponebat:
1713 5329 1888 5385 solum

320 5429 522 5494 autem,
566 5428 627 5472 ut
678 5417 734 5472 in
792 5417 915 5487 ejus
971 5428 1345 5488 perseveraret
1385 5419 1886 5489 Justiticationibus,

321 5510 618 5581 plurimum
652 5508 890 5578 ponebat
938 5509 1129 5566 studii.
1184 5509 1324 5567 Cum
1358 5525 1484 5565 vero
1536 5506 1778 5567 Herodes
1810 5510 1891 5564 vir

321 5599 830 5665 libidinosissimus,
855 5601 1082 5672 quierat
1103 5600 1335 5659 Galilaea-
1359 5602 1653 5670 tetrarcha,
1678 5603 1892 5660 decreta

321 5692 459 5763 legis
500 5694 926 5765 transgrediens,
965 5693 1153 5754 lratris
1200 5693 1434 5769 Philippi
1484 5709 1735 5765 uxorem,
1767 5710 1890 5754 cum

396 5876 413 5909 ³
448 5873 610 5931 Marc.
648 5892 719 5941 vt,
750 5877 828 5933 l8.

1993 4696 2229 4752 nebatur
2255 4701 2499 4751 remotus
2530 4709 2559 4749 a
2592 4693 2842 4762 materia,
2898 4693 3042 4766 quod
3094 4694 3209 4749 haec
3264 4692 3566 4749 materialis

1990 4786 2395 4861 coagmentatio
2411 4796 2557 4844 esset
2580 4785 2756 4843 inedia
2786 4794 3067 4842 attenuata
3117 4794 3172 4841 et
3199 4796 3471 4851 emortua,
3511 4795 3567 4841 et

1991 4882 2061 4939 ad
2094 4879 2341 4937 materia
2393 4880 2724 4935 vacuitatem
2756 4878 3000 4933 traducta
3025 4886 3248 4948 propter
3297 4875 3563 4946 insignem

1991 4969 2403 5035 continentiam;
2442 4984 2589 5033 eum,
2624 4968 2869 5037 inquam,
2899 4981 2998 5037 pro
3020 4966 3253 5035 iustitia,
3289 4980 3386 5035 pro
3422 4967 3570 5021 veri-

1994 5070 2103 5118 tate
2129 5071 2185 5118 et
2214 5076 2283 5116 ne
2333 5060 2415 5115 lex
2450 5059 2503 5115 in
2531 5057 2716 5129 aliquo
2737 5056 3029 5113 violaretur
3059 5055 3419 5121 laborantem,
3447 5054 3563 5110 duri

1993 5152 2298 5211 mercedem
2354 5148 2568 5205 mulieri
2596 5148 2875 5203 adulterae.

2065 5241 2153 5299 VI.
2189 5242 2297 5298 Sed
2325 5257 2562 5312 quonam
2586 5244 2748 5295 modo
2772 5243 2887 5295 haec
2905 5236 3122 5311 quidem
3148 5240 3415 5310 permissa
3437 5250 3567 5295 sunt

1990 5334 2063 5391 ab
2108 5350 2176 5391 eo
2216 5333 2312 5403 qui
2341 5333 2524 5388 omnia
2560 5335 2835 5403 sapienter
2877 5330 3243 5395 administrat,
3311 5332 3493 5387 sciunt
3527 5332 3563 5385 ii

1992 5426 2194 5499 quibus
2214 5427 2374 5481 datus
2428 5434 2511 5481 est
2547 5425 2772 5496 spiritus
2827 5424 2893 5479 ad
2930 5424 3043 5480 haec
3072 5424 3255 5494 aliqua
3283 5437 3351 5477 ex
3410 5432 3563 5493 parte

1990 5518 2392 5589 cognoscenda.
2426 5515 2598 5588 llujus
2620 5528 2801 5572 autem
2832 5516 3107 5587 discipuli,
3134 5530 3260 5572 cum
3298 5530 3503 5586 corpus
3530 5531 3561 5571 a

1990 5612 2168 5682 capite
2198 5611 2431 5667 divisum
2462 5610 2841 5675 abstulissent,
2901 5609 3179 5667 honorate
3236 5609 3565 5665 mandarunt

1992 5704 2309 5776 sepulturae,
2353 5718 2422 5760 ne
2462 5703 2505 5759 si
2542 5702 2641 5759 hoc
2671 5715 2889 5773 quoque
2916 5711 3042 5773 post
3092 5703 3377 5760 decessum
3408 5701 3561 5755 vide-
