4094 6156
442 406 546 469 615

1606 408 1879 468 THEOD.
1936 405 2456 465 DAl'lINUl’ATE

3592 396 3695 456 616

444 530 594 574 retur
621 521 968 577 alihidinosis
995 533 1048 575 et
1081 527 1457 593 voluptuariis,
1486 525 1818 592 essetmajor
1842 523 2014 575 fomes
2044 530 2087 585 Α
2120 541 2307 592 perare
2337 524 2656 584 sceleribus,
2681 532 2734 575 et
2761 535 2974 576 eorum.
3007 519 3097 584 qui
3120 533 3219 585 pro
3253 517 3474 571 Christo
3506 515 3697 568 «Ιυοοιο

444 612 682 675 invidim,
697 623 746 665 et
765 612 989 683 majoris
1011 615 1238 667 sceleris
1258 617 1483 668 materia
1505 614 2015 682 intemperantibus.

444 705 538 759 Sic
562 719 693 775 ergo
754 719 956 774 corpus
1014 707 1231 771 quidem
1292 707 1561 773 sepultum
1618 708 2015 769 occultabatur,

440 810 568 852 cum
599 811 777 865 neque
820 796 1110 864 quisquam
1156 796 1287 850 illud
1336 805 1467 850 tunc
1523 799 1858 865 perscrutari
1896 808 2019 852 stu-

442 889 671 950 duisset,
696 903 872 959 neque
900 889 1015 958 ipse
1037 888 1470 943 manifestasset.
1506 886 1612 942 Sed
1649 890 1871 956 quando
1895 891 2023 959 qui-

443 980 568 1034 dem
602 980 665 1031 ad
690 982 835 1034 hunc
857 980 1035 1033 locum
1064 979 1307 1048 perveni,
1336 979 1460 1032 volo
1490 980 1554 1032 de
1575 981 1681 1033 hoc
1700 981 2019 1051 prophetico

445 1071 820 1134 tabernaculo,
851 1080 905 1125 et
941 1072 1008 1125 de
1054 1087 1241 1133 manu,
1266 1086 1388 1140 quze
1426 1073 1475 1123 ei
1511 1072 1807 1131 coaluerat.
1865 1073 2021 1141 quid.

443 1162 595 1223 dam.
622 1164 766 1231 quod
801 1180 831 1217 e
863 1165 1034 1218 veteri
1067 1166 1263 1232 pendet
1299 1166 1635 1225 narratione,
1697 1166 1823 1220 huic
1861 1181 2018 1220 sacro

444 1255 655 1308 thratro
690 1256 1001 1323 explanare,
1034 1265 1088 1310 et
1112 1270 1234 1324 qua:
1265 1256 1332 1312 de
1366 1259 1449 1311 bis
1475 1258 1785 1312 audivimus
1825 1268 1879 1311 et
1920 1273 2014 1312 co-

443 1347 754 1411 gumimus,
788 1358 842 1399 et
870 1362 991 1413 quae
1020 1355 1230 1400 veteres
1283 1347 1501 1401 tradunt
1552 1348 1813 1409 historize,
1842 1347 2019 1415 expli-

440 1453 566 1491 care
591 1439 789 1502 fusius,
851 1450 905 1491 et
934 1439 1206 1493 undenam
1237 1440 1417 1494 divina
1470 1441 1580 1495 ha'c
1618 1441 1792 1509 gratia
1844 1449 2022 1493 trans-

444 1527 549 1579 lata
611 1536 695 1578 est
751 1527 1122 1589 Antiochiam,
1194 1538 1260 1580 et
1308 1527 1529 1580 ubinam
1582 1526 1685 1579 fuit
1725 1528 2015 1592 repositum

446 1619 771 1671 translatum
826 1621 1202 1686 propheticum
1260 1620 1393 1672 illud
1474 1619 1913 1677 tabernaculum.
1966 1629 2021 1669 et

443 1707 694 1776 quisnam
725 1709 887 1761 fuerit
916 1710 1136 1777 quidem
1176 1711 1369 1765 modus
1407 1710 1566 1777 hujus
1626 1710 2017 1771 translationis,

442 1809 497 1853 et
528 1800 651 1863 quis
684 1816 875 1854 rursus
903 1801 1193 1855 ablationis
1231 1811 1283 1852 et
1320 1801 1730 1866 exportationis.

518 1888 633 1944 VII.
669 1890 910 1945 Herodes
934 1894 1027 1959 qui
1067 1890 1300 1946 infantes
1334 1892 1631 1953 occiderat,
1663 1906 1789 1943 eum
1830 1889 2020 1944 Judai—
2051 1862 2094 1921 Β

446 1997 569 2036 cum
607 1985 900 2035 multorum
926 1982 1287 2051 principatum
1314 1981 1650 2035 traduxisset
1673 1981 1739 2035 ad
1771 1997 2019 2051 regnum,

446 2072 671 2139 parebat
697 2074 917 2142 quidem
950 2073 1231 2127 Romanis.
1264 2074 1401 2125 Cum
1449 2075 1633 2128 multis
1664 2082 1844 2128 autem
1906 2088 2023 2128 mo-

445 2166 527 2218 dis
557 2178 845 2234 quazreret,
878 2177 934 2221 ut
992 2168 1072 2221 eis
1104 2168 1375 2219 vnderetur
1406 2167 1702 2220 benevolus
1730 2176 1784 2222 et
1827 2166 2019 2232 fidelis,

442 2257 625 2311 eﬂecit
659 2260 899 2326 quidem,
933 2270 991 2311 ut
1015 2257 1247 2313 Romani
1280 2276 1404 2313 eum
1439 2260 1687 2329 benignis
1718 2260 2025 2328 aspicerent

445 2348 642 2409 oculis,
682 2360 736 2402 et
772 2366 869 2402 nec
915 2349 1051 2413 fore,
1080 2360 1137 2402 ut
1166 2350 1235 2403 ab
1282 2351 1365 2404 eis
1405 2350 1681 2413 deliceret,
1724 2352 1887 2403 ullam
1922 2351 2021 2403 ha-

444 2438 635 2494 berent
670 2442 1062 2508 suspicionem.
1102 2439 1173 2504 Is,
1207 2452 1264 2495 ut
1295 2442 1495 2495 clarior
1525 2452 1669 2495 esset
1720 2458 1817 2496 sua
1848 2444 1900 2495 in
1928 2457 2023 2497 eos

448 2534 843 2593 benevolentia,
901 2536 1040 2587 inter
1076 2535 1179 2587 alia
1220 2535 1468 2589 condidit
1523 2535 1686 2586 etiam
1725 2534 2021 2599 civitatem,

450 2626 611 2677 sitam
644 2642 749 2677 non
788 2627 974 2693 prorul
1027 2628 1096 2680 ab
1129 2626 1541 2696 Hierosolymis.
1583 2625 1676 2679 sed
1730 2625 2021 2679 distantem

448 2727 658 2771 tantum
718 2718 914 2771 itinere
975 2720 1137 2773 unius
1187 2719 1317 2782 diei,
1344 2734 1459 2771 eam
1504 2733 1703 2772 vocans
1741 2717 2023 2781 Sehasten,

446 2807 637 2863 Latine
671 2810 993 2878 Augusmm,
1029 2824 1083 2863 ut
1123 2812 1347 2879 Augusti
1384 2810 1613 2864 Cmsaris
1648 2809 2013 2879 appellatione

450 2900 780 2967 signiﬁcaret
812 2918 969 2954 suam
1004 2902 1055 2955 in
1089 2918 1216 2956 eum
1248 2902 1679 2971 benevolentiam
1708 2912 1760 2956 ct
1790 2904 2025 2956 servitu-

449 3002 574 3045 tem.
610 2992 668 3044 In
691 2994 900 3058 ea,qui
950 3000 1072 3063 pOst
1123 2994 1276 3047 illum
1342 2994 1578 3046 obtinuit
1636 2992 2023 3061 principatum,

451 3088 724 3139 tetrarcha
757 3085 1138 3141 llerodestlxit
1177 3086 1406 3156 regiam,
1449 3086 1501 3139 in
1555 3102 1660 3155 qua
1712 3088 1873 3139 ctiam
1926 3086 2027 3141 fuit

2127 624 2699 684 taruut,quaecunqne
2752 626 2909 667 erant
2965 613 3228 678 reliquiae,
3284 617 3375 661 aut
3424 610 3691 675 integrum

2120 709 2553 771 tabernaculum,
2586 716 2681 761 aut
2737 706 2941 776 aliquid
2984 705 3128 758 aliud
3160 719 3223 756 cx
3265 702 3350 759 iis.
3405 715 3528 768 qua‘.
3565 709 3696 752 sunt

2119 818 2267 871 purae
2299 810 2498 855 uostne
2522 800 2646 854 lidei
2684 802 2861 863 signa,
2898 814 2959 850 ea
2986 796 3170 849 omnia
3232 793 3341 863 igni
3401 790 3700 845 mandabat

2117 907 2170 951 et
2201 896 2366 950 cineri
2393 912 2405 958 ;
2437 908 2635 961 magno
2654 890 2907 956 deinceps
2935 886 3115 939 studio
3145 884 3291 937 venit
3320 879 3691 941 Antiochiam,

2119 989 2278 1043 simul
2313 989 2530 1055 quidem
2572 983 2849 1036 immunda
2886 988 3205 1044 peracturus
3236 974 3492 1043 mysteria
3528 974 3579 1022 in
3602 987 3693 1022 .‘tra

2120 1080 2555 1137 simulacrorum,
2573 1077 2803 1145 quaesita
2817 1083 2897 1127 est
2915 1072 2977 1124 ad
2998 1071 3272 1136 Daphnen,
3290 1077 3341 1119 et
3360 1064 3518 1117 simul
3536 1066 3697 1116 etiam

2121 1181 2580 1241 perscrutatntus,
2637 1179 2695 1224 ct
2727 1170 2770 1222 si
2797 1176 3107 1219 sanctorum
3137 1160 3339 1229 aliquid
3369 1160 3419 1211 in
3452 1176 3513 1210 ea
3550 1161 3697 1209 intc-

2121 1267 2286 1319 uisset
2322 1263 2640 1331 repositum,
2703 1261 2752 1313 id
2799 1260 2906 1325 igni
2959 1256 3342 1310 mandaturus.
3402 1253 3537 1304 Cum
3597 1252 3700 1303 hoc

2119 1373 2248 1425 ergo
2278 1371 2479 1409 sevum
2515 1353 2887 1407 renuntiatum
2922 1360 3063 1402 esset
3112 1349 3231 1416 ejus
3264 1348 3565 1404 decretum,
3602 1344 3697 1409 qui

2119 1460 2273 1503 erant
2293 1449 2727 1502 Christianarum
2762 1446 3020 1514 partium.
3056 1456 3270 1495 sacram
3306 1454 3527 1492 manum
3556 1436 3700 1487 Prat-

2121 1543 2361 1601 cursoris
2384 1542 2522 1593 clam
2569 1540 2621 1591 in
2650 1538 2882 1606 quadam
2919 1546 3067 1587 turre
3098 1531 3356 1591 civitatis,
3390 1546 3511 1597 quae
3538 1543 3699 1579 vora-

2122 1644 2209 1687 tur
2250 1635 2431 1699 gonia,
2460 1634 2510 1686 id
2537 1644 2641 1692 est,
2668 1632 2921 1697 angulus,
2958 1623 3603 1683 studueruntincludere,
3630 1637 3699 1674 ne

2120 1727 2237 1794 capi
2278 1736 2458 1794 posset
2480 1726 2549 1779 ab
2588 1724 2898 1778 idololatra.
2928 1723 3030 1787 Qui
3093 1730 3271 1773 autem
3328 1715 3694 1783 pontificalem

2124 1818 2305 1893 sedem
2338 1820 2556 1872 tenebat
2584 1815 2993 1884 Hierosolymis,
3038 1828 3163 1867 eum
3224 1811 3503 1864 auditione
3536 1822 3697 1860 arce-

2127 1910 2293 1978 pisset
2321 1908 2715 1964 exsecrandum
2772 1910 3068 1967 decretum,
3096 1921 3197 1959 nec
3228 1915 3519 1975 tyrannum
3574 1917 3697 1950 0m-

2124 2002 2254 2055 niuo
2284 2010 2646 2063 moraturum,
2673 2000 2805 2068 quin
2826 2000 2891 2051 ad
2922 2014 3073 2051 sacra
3126 1997 3243 2049 loca
3275 1995 3615 2054 ascenderet,
3644 2006 3698 2045 et

2122 2110 2243 2165 qum
2273 2094 2327 2148 in
2358 2096 2437 2148 eis
2460 2101 2613 2147 erant
2638 2091 3038 2162 pretiosissima
3065 2104 3320 2157 corpora.
3353 2088 3459 2153 igni
3492 2102 3699 2141 consu-

2125 2186 2318 2241 menda
2349 2186 2653 2245 mandaret,
2700 2186 2804 2237 hoc
2830 2183 3123 2251 diligenter
3151 2188 3330 2242 curat,
3362 2190 3415 2232 ct
3442 2194 3698 2245 magnum

2124 2280 2340 2333 adhibet
2386 2277 2650 2339 studium,
2684 2286 2737 2328 ut
2768 2291 2797 2327 e
2828 2273 3009 2327 loculo
3033 2272 3306 2325 sublatum
3332 2269 3703 2323 Praecursoris

2125 2368 2561 2431 tabernaculum,
2605 2368 3002 2419 transmitteret
3027 2362 3358 2418 servandum
3385 2362 3441 2415 in
3474 2362 3701 2414 civitate

2125 2458 2512 2522 Alexandrina,
2548 2458 2656 2510 alio
2686 2456 2922 2525 quodam
2952 2455 3228 2509 comm-uni
3253 2467 3491 2521 corpore
3513 2469 3611 2520 pro
3633 2468 3701 2503 eo

2125 2551 2325 2619 repleta
2350 2548 2715 2618 depositione.

2200 2640 2265 2695 X.
2305 2642 2597 2707 Postquam
2641 2647 2824 2694 autem
2876 2637 3180 2691 Antiochia:
3232 2636 3413 2687 omnia
3447 2650 3704 2704 perscru—

2124 2742 2273 2787 tatus
2303 2734 2392 2784 ille
2425 2731 2646 2799 impius,
2679 2746 2740 2781 ea
2775 2741 2859 2784 est
2893 2744 3216 2799 aggressus,
3261 2742 3381 2793 qua:
3435 2727 3547 2779 ﬁeri
3592 2742 3701 2777 non

2122 2830 2396 2891 poterant,
2444 2836 2568 2873 cum
2621 2820 2890 2873 ahsconsa
2941 2833 3137 2871 manus
3165 2830 3442 2882 nusquam
3476 2829 3703 2882 cmupa~

2127 2926 2293 2972 reret,
2325 2927 2390 2965 co
2422 2910 2511 2964 ille
2540 2910 2840 2964 sceleratus
2883 2908 3153 2961 desiderio
3186 2908 3500 2966 frustratus,
3559 2916 3610 2955 rt
3649 2906 3700 2955 iu

2130 3004 2396 3072 reliquum
2442 3002 2814 3071 propheticum
2836 3014 3043 3067 corpus
3078 2997 3259 3051 furore
3310 2998 3571 3063 percitus,
3609 2996 3701 3061 qui

2130 3095 2182 3147 id
2204 3103 2596 3154 st-rutarentur,
2629 3092 2813 3146 statim
2837 3091 2985 3144 misit
3007 3105 3179 3157 usque
3198 3089 3263 3143 ad
3302 3089 3701 3157 Hierosolyma,

452 3173 581 3227 illtnl
614 3176 948 3238 convivium,
982 3192 1091 3245 qtto
1117 3176 1376 3243 propheta
1415 3176 1520 3229 fuit
1542 3177 1777 3236 occisus,
1802 3185 1853 3229 et
1874 3176 2022 3242 iuxta
2044 3206 2093 3262 ε
2129 3196 2187 3239 ut
2228 3184 2585 3238 Pratcnrsoris
2609 3183 2717 3252 igni
2748 3180 3070 3235 mandarent
3091 3179 3523 3234 tabernarulum.
3546 3179 3701 3243 Quod

450 3280 614 3334 quam
650 3265 826 3319 fuerat
855 3266 907 3319 iu
936 3266 1170 3321 vinculis
1202 3268 1288 3321 hic
1312 3282 1464 3320 sacer
1493 3269 1755 3335 propheta
1796 3271 1846 3320 in
1883 3283 2020 3336 quo-

449 3356 573 3408 tlant
610 3357 897 3409 tenebroso
934 3372 1149 3410 reorum
1188 3357 1489 3411 domicilio.
1543 3358 1714 3428 Cujus
1746 3376 1808 3412 ex
1837 3368 2023 3413 trans-

454 3464 611 3502 verso
658 3447 900 3502 referunt
963 3449 1236 3517 sepultum
1302 3446 1471 3501 fuisse
1504 3465 1704 3519 corpus
1756 3454 2022 3520 praeconis

449 3541 712 3593 veritatis.
732 3538 851 3605 Quo
874 3540 1038 3593 etiam
1070 3540 1122 3593 in
1151 3538 1272 3594 loco
1290 3539 1479 3594 dicunt
1505 3542 1654 3609 prius
1686 3543 1853 3597 fuisse
1882 3544 2018 3597 alte-

448 3646 570 3687 rum
602 3636 909 3701 St'pulcrutlt
949 3634 1229 3701 prophetae
1252 3634 1451 3697 Elistei,
1478 3633 1614 3688 adeo
1636 3647 1695 3687 ut
1724 3635 1832 3688 duo
1860 3636 2020 3690 loculi

450 3727 764 3781 videri-titur
798 3726 960 3781 simul
1002 3728 1244 3794 iacentes
1309 3728 1361 3781 in
1416 3743 1527 3782 uno
1551 3738 1605 3783 ct
1635 3729 1823 3783 eodem
1883 3731 2020 3785 loco.

454 3818 533 3871 lbi
600 3833 850 3887 quoque;
886 3820 1141 3887 templum
1173 3820 1471 3874 maximum
1498 3822 1628 3875 olim
1684 3832 2019 3876 exstructum

450 3908 646 3973 fuerat,
681 3912 824 3975 qttod
863 3920 1084 3977 propter
1114 3925 1176 3965 ca
1212 3927 1332 3978 qua:
1359 3913 1412 3965 iit
1450 3913 1568 3981 ipso
1599 3914 1819 3974 liebaut,
1858 3914 2023 3968 mira-

449 4000 571 4051 cula
599 4009 647 4051 et
675 4000 1166 4067 pulchritudinem,
1190 3998 1372 4055 fuerat
1407 4002 1849 4071 incomparabile.
1884 4004 2021 4059 Cum

447 4090 571 4157 ejus
619 4101 799 4142 autem
836 4100 1033 4145 tet-tum
1075 4098 1319 4159 tempore
1379 4092 1716 4159 deﬂuxisset,
1779 4097 1880 4150 sub
1933 4096 2021 4149 dio

451 4182 636 4234 relicta
665 4192 788 4233 sunt
828 4182 947 4249 ejus
989 4181 1241 4246 ardiﬁcia,
1296 4184 1431 4237 adeo
1460 4193 1516 4237 ut
1552 4200 1657 4238 una
1697 4188 1814 4239 sola
1856 4187 2018 4240 illmsa

449 4275 772 4326 remanserit
810 4274 1160 4337 domuncula,
1223 4290 1344 4342 qua:
1393 4278 1684 4330 vorsabatur
1736 4291 2018 4332 sacrorum

448 4378 705 4417 vasorum
741 4365 987 4416 custodia
1026 4367 1077 4415 in
1107 4380 1214 4431 qua
1247 4367 1409 4418 etiam
1446 4367 1637 4421 inclusi
1694 4368 1856 4421 loculi
1895 4384 2021 4437 pro-

445 4455 732 4524 phetarum
768 4455 1465 4527 eonscrvabanturabsque
1516 4459 1622 4511 ullo
1669 4460 2016 4514 detrimento.

2126 3293 2250 3329 cum
2283 3278 2345 3328 ad
2382 3276 2539 3328 linem
2579 3284 2721 3329 esset
2776 3276 3091 3335 deductum,
3117 3283 3168 3325 et
3193 3288 3504 3333 rmntuuue,
3560 3275 3703 3335 quod

2121 3385 2223 3437 pro
2256 3369 2349 3421 illo
2378 3370 2653 3435 sepultum
2708 3365 2904 3425 fuerat,
2931 3379 3138 3432 Corpus
3195 3366 3261 3416 ab
3292 3366 3357 3415 iis
3406 3367 3499 3432 qui
3549 3363 3701 3414 mis-vi

2124 3460 2340 3513 fuerant
2376 3460 2427 3512 in
2475 3461 2713 3511 cinerem
2769 3467 2913 3510 esset
2943 3457 3243 3518 redactum,
3296 3456 3442 3506 illim:
3483 3456 3701 3507 solt-ens

2123 3548 2579 3603 tlttxitexet'uitum
2595 3547 2659 3600 ad
2677 3544 3024 3599 obsidendum
3048 3546 3327 3605 Edessam,
3350 3554 3533 3612 utpote
3553 3546 3699 3611 quod

2120 3641 2214 3709 qui
2235 3644 2286 3694 iu
2307 3655 2369 3693 ea
2394 3638 2731 3701 habitabant,
2753 3638 2969 3705 planum
2999 3648 3147 3690 esset
3174 3650 3268 3690 eos
3298 3646 3441 3689 stare
3471 3650 3498 3687 a
3534 3636 3702 3700 parti-

2124 3734 2223 3785 bus
2252 3731 2707 3785 Christianorum.
2738 3729 2905 3782 Aiunt
2958 3738 3137 3782 aut-cm
3168 3730 3455 3792 quemdam
3492 3742 3554 3780 es
3581 3728 3698 3781 suis

2124 3823 2364 3885 famulis,
2389 3824 2480 3891 qui
2500 3822 2805 3876 libereoum
2822 3836 2889 3874 eo
2912 3819 3329 3890 loquebatur,et
3344 3828 3461 3873 erat
3476 3821 3521 3870 ei
3546 3819 3699 3870 valde

2121 3918 2468 3985 conjunctus,
2502 3932 2567 3967 ex
2600 3915 2784 3967 animo
2819 3928 2947 3966 vero
2979 3927 3066 3967 res
3089 3910 3529 3965 Christianorum
3548 3912 3697 3965 cole-

2123 4009 2214 4061 bat
2243 4018 2295 4060 et
2324 4006 2652 4069 honorabat,
2686 4020 2808 4058 cum
2849 4020 2879 4058 a
2912 4015 3092 4073 empto
3136 4004 3506 4073 prohibuisse,
3542 4014 3594 4056 ct
3624 4006 3695 4056 ad

2124 4100 2318 4153 belluut
2371 4097 2636 4151 adversus
2669 4095 2864 4149 Persas
2893 4095 3187 4165 gerendum
3229 4096 3511 4158 incitasse,
3560 4097 3698 4148 civi-

2123 4200 2284 4243 tatem
2312 4204 2433 4242 cum
2466 4189 2645 4250 vellet,
2683 4188 2736 4240 in
2769 4197 3090 4256 potestatem
3118 4188 3238 4253 ejus
3265 4197 3541 4239 venturam
3576 4188 3695 4253 pol-

2123 4283 2312 4335 licens.
2348 4279 2413 4332 Et
2440 4280 2520 4333 sic
2565 4280 2797 4333 cousiho
2843 4279 3248 4348 obtemperans,
3299 4277 3573 4347 profectus
3612 4287 3697 4331 est

2122 4373 2187 4427 ad
2221 4372 2421 4425 bellum
2474 4379 2660 4424 contra
2704 4369 2899 4423 Persas
2931 4371 3248 4439 gerendum.
3286 4369 3340 4421 ln
3376 4386 3484 4437 quo
3542 4370 3694 4436 pl:t;.:t

2124 4460 2383 4515 divinitus
2418 4460 2659 4516 immissa
2690 4474 3005 4529 percussus,
3040 4462 3203 4512 vitam
3248 4460 3386 4513 liuiit
3410 4460 3697 4514 miserabi-

522 4546 803 4600 VllHIum
836 4546 1212 4604 autem'Lucas
1237 4552 1564 4617 evangelista
1586 4552 2013 4617 circumquaque
2042 4541 2093 4601 Β
2120 4552 2259 4607 liter.

444 4652 639 4694 omnes
667 4640 842 4692 obiret
867 4641 1139 4707 regiones,
1169 4642 1258 4695 ubi
1277 4646 1436 4695 etiam
1463 4642 1715 4696 obeundo
1750 4644 1895 4695 venit
1917 4644 2037 4694 ξιξ-ο

444 4732 658 4796 hasten,
676 4732 978 4787 Antiochia:
1000 4743 1177 4787 tactus
1196 4734 1487 4795 desiderio,
1513 4744 1569 4785 ιιι
1588 4733 1675 4801 qui
1708 4736 1759 4786 in
1790 4749 1851 4785 ca
1874 4742 2017 4787 esset

446 4836 627 4888 natus,
657 4839 853 4893 magno
882 4825 1099 4891 quidem
1127 4827 1409 4878 tenebatur
1440 4826 1617 4878 studio
1648 4841 1862 4879 sacrum
1885 4824 2015 4877 illud

444 4915 1041 4991 Prwcursoriscorpus
1070 4915 1291 4969 tollendi
1326 4917 1615 4983 integrum.
1647 4916 1783 4970 Cum
1832 4925 2012 4967 autem

443 5024 552 5063 non
590 5018 793 5078 posset,
845 5010 1101 5077 quoniam
1149 5008 1436 5077 diligenter
1468 5008 1805 5069 servabitur,
1840 5008 2013 5059 ablata

443 5118 609 5157 manu
637 5105 880 5161 dextera,
904 5117 1023 5156 eam
1050 5103 1283 5171 portavit
1316 5105 1366 5154 in
1389 5118 1540 5154 suam
1576 5104 1871 5163 civitatem,
1897 5102 2015 5155 loco

443 5193 675 5261 alicujus
709 5193 928 5247 alterius
962 5195 1230 5255 benelicii,
1259 5204 1311 5247 et
1352 5193 1581 5246 aliarum
1607 5192 1917 5246 divitiarum
1942 5191 2013 5257 ei,

443 5304 565 5356 qua:
593 5288 767 5355 ipStItn
802 5286 1030 5347 aluerat,
1062 5286 1203 5341 banc
1231 5285 1460 5339 reddens
1484 5285 1788 5339 mercedem
1817 5286 2015 5338 educa-

444 5380 630 5434 tionis.
669 5382 748 5431 Ah
812 5380 903 5432 illo
964 5392 1096 5447 ergo
1129 5387 1373 5446 tempore
1411 5380 1511 5431 sita
1538 5386 1657 5430 erat
1695 5393 1889 5432 manus
1924 5379 2012 5431 illa

444 5471 583 5539 apud
612 5471 1001 5530 Antiochenos,
1032 5470 1083 5521 iit
1102 5484 1295 5536 magno
1321 5469 1525 5521 honore
1551 5470 1755 5529 habita.
1782 5469 2011 5538 ctjugis,

443 5580 563 5631 quae
602 5565 652 5615 in
694 5578 753 5615 ea
807 5563 1034 5623 habitat,
1072 5561 1258 5630 gratia?
1286 5561 1439 5613 fidem
1477 5562 1680 5614 faciens
1710 5561 2009 5615 miraculis.

515 5650 602 5705 IX.
638 5653 773 5704 Cum
814 5663 994 5704 autem
1052 5649 1297 5703 Julianus
1327 5650 1605 5721 tyrannicc
1634 5652 1845 5704 clavum
1875 5652 2013 5705 arri-

444 5744 654 5810 puisset
686 5743 916 5810 imperii,
952 5743 1208 5811 quoniam
1234 5757 1345 5802 eos.
1385 5743 1474 5811 qtti
1502 5743 1675 5811 ipsum
1724 5758 2013 5811 praecesse~

449 5844 587 5898 rant,
645 5846 1020 5901 persecutores
1047 5845 1100 5889 et
1134 5834 1224 5890 Dei
1280 5834 1464 5889 hoSIes
1507 5835 1863 5889 contendebat
1922 5852 2010 5889 su-

2191 4643 2281 4698 ΧΙ.
2320 4647 2609 4715 Postquam
2649 4655 2827 4700 autem
2854 4645 2918 4697 ad
2938 4644 3121 4699 ﬁdeles
3146 4644 3498 4711 imperatores
3521 4645 3697 4697 redie-

2118 4748 2243 4794 runt
2267 4753 2475 4807 sceptra
2497 4742 2945 4801 liomauorum,et
2965 4738 3163 4791 reddita
3186 4737 3283 4790 fu.t
3308 4737 3393 4789 libi
3416 4738 3694 4790 nas-Chri-

2120 4832 2331 4895 Stianis,
2369 4834 2712 4887 nesciebatur
2743 4831 2984 4899 quidem,
3016 4830 3233 4884 ubinam
3267 4840 3412 4883 esset
3463 4840 3692 4896 pretiosa

2120 4940 2336 4988 manus,
2368 4927 2433 4979 ab
2466 4925 2531 4977 iis
2544 4930 2636 4994 qui
2655 4924 3046 4979 Antiochenam
3070 4923 3689 4977 habitabautcivitalcm.

2121 5015 2223 5068 Sed
2256 5017 2396 5069 battd
2432 5018 2502 5069 ita
2539 5017 2629 5070 ditt
2654 5027 2776 5085 post
2804 5016 3237 5084 pertliviniorem
3274 5013 3567 5067 revelatum
3594 5013 3694 5065 fuit

2121 5108 2381 5160 visionem
2416 5108 2634 5161 ubinam
2674 5116 2818 5161 esset
2871 5107 3155 5160 abscousa.
3190 5106 3362 5171 Quam
3395 5119 3520 5158 cum
3562 5106 3693 5157 Ιίιιεο

2120 5198 2237 5249 liter
2269 5213 2334 5250 cx
2365 5213 2429 5250 eo
2454 5198 2573 5250 loco
2599 5197 2971 5261 sustulissent,
3013 5196 3066 5249 in
3098 5209 3160 5249 ea
3190 5195 3509 5248 honoranda
3539 5200 3692 5246 erant

2120 5288 2477 5340 insatiabiles.
2540 5286 2673 5340 Cum
2723 5295 2903 5340 autem
2964 5301 3069 5338 non
3145 5300 3338 5355 parum
3400 5281 3692 5337 clﬂuxisst-t

2119 5380 2404 5445 temporis,
2440 5381 2735 5447 imperator
2760 5377 3104 5433 Justiuiauus
3141 5379 3282 5431 inter
3310 5376 3438 5439 alia,
3460 5389 3579 5444 qua:
3605 5378 3692 5444 pic

2118 5472 2307 5539 gessit,
2339 5471 2465 5525 fecit
2492 5480 2657 5525 etiam
2698 5471 2800 5523 tale
2830 5470 2981 5536 quid.
3023 5469 3170 5522 lianc
3224 5468 3364 5521 enim
3400 5465 3687 5518 miraculo-

2117 5561 2981 5616 rnmeﬂectricemPrzecursoris
3032 5558 3341 5621 dexteram,
3389 5571 3455 5609 cx
3504 5554 3688 5608 Antio-

2115 5656 2259 5717 chia,
2292 5662 2345 5708 ct
2373 5654 2582 5707 Domini
2612 5665 2667 5708 ct
2698 5653 2796 5707 Dei
2835 5652 3005 5708 nostri
3034 5652 3298 5713 tunicam,
3318 5664 3436 5718 qum
3468 5655 3604 5709 erat,
3633 5647 3683 5699 in

2115 5749 2331 5801 civitate
2356 5747 2758 5808 Maratsemere,
2780 5754 2833 5799 et
2869 5745 3103 5799 maxime
3124 5740 3482 5794 venerandum
3503 5745 3682 5804 caput,

2114 5854 2176 5894 ex
2213 5837 2399 5892 limosa
2427 5838 2704 5894 transtulit
2727 5837 2791 5893 ad
2821 5838 3026 5907 regiam
3056 5832 3351 5895 civitatein,
3378 5848 3393 5884 :
3423 5843 3543 5898 quae
3566 5830 3689 5897 qui.
