4094 6156
402 312 500 379 Gl'l

1494 310 1589 374 Dii
1631 310 1843 374 Mde
1882 313 1940 373 S.
1982 307 2554 374 PilliilUl‘tSOIIILi.

3549 306 3656 375 618

405 437 449 484 d-
476 451 523 484 ιιι
558 431 983 483 (ὶδΙιῚι-ιγίηζὶιιίιιΐ
1018 430 1298 494 obsignata
1331 429 1615 496 signaculo
1657 428 1830 482 sancti
1882 428 1974 480 int-

2082 425 2131 476 iu
2163 427 2396 479 inediam
2436 428 2615 493 gulam
2648 424 2944 493 iaculatus,
2976 422 3091 493 ejus
3120 421 3266 491 iactu
3312 422 3490 474 statim
3521 433 3657 488 quo.

405 525 671 591 peratotis
700 522 1070 581 Constantini,
1104 522 1167 573 al
1208 522 1329 583 hoc,
1359 532 1417 573 ιιι
1465 536 1574 574 non
1618 520 1851 589 amplius
1903 535 1968 573 ex

399 621 478 673 eis
510 617 832 671 avelleretur
859 614 1021 670 abiis
1073 615 1166 682 qtti
1222 616 1709 684 arripiet-terentur.
1762 612 1974 667 Ablatis

398 724 529 773 ergo
566 708 893 769 sipunculis,
924 722 1047 758 rum
1078 705 1339 771 templum
1373 704 1761 765 Przecursoris,
1826 702 1970 771 quod

400 799 452 853 in
479 798 760 852 llelntomo
785 807 864 850 est
892 800 961 849 ab
987 812 1053 850 eo
1083 796 1433 867 ωιιιῐὶωιιιιιι,
1467 811 1561 864 per
1595 795 1807 849 Domini
1829 796 1976 849 tuui—

398 903 518 942 catn
569 895 626 941 ct
657 887 925 956 ejusmodi
981 901 1171 940 sacras
1233 887 1636 941 sanctifleasset
1688 885 1972 954 reliquias,

398 995 594 1035 rursus
616 979 825 1033 remisit
854 978 967 1033 suis
1015 979 1332 1048 obsignatas
1383 976 1681 1047 signaculis
1707 991 1795 1040 eo,
1830 976 1975 1029 ttmle

399 1080 681 1145 venerant,
714 1071 887 1124 solam
915 1071 1193 1125 dexteram
1228 1069 1600 1140 prophetit-am
1657 1068 1974 1136 relinquens

401 1163 824 1230 nsmsignatam,
845 1170 906 1215 ut
938 1176 1058 1230 qua:
1088 1171 1386 1231 nngeretur
1421 1159 1738 1229 unguentis.
1772 1171 1826 1215 et
1851 1178 1976 1215 sus-

397 1253 679 1307 tolleretur
709 1253 762 1306 in
800 1254 939 1307 festo
964 1250 1342 1310 Exaltationis.

470 1341 584 1397 XII.
623 1343 686 1396 Et
711 1344 785 1397 sic
812 1345 1033 1413 quidem
1067 1343 1135 1395 de
1160 1344 1243 1399 his
1260 1346 1490 1398 relatum
1518 1352 1600 1398 est
1623 1359 1653 1398 a
1677 1344 1865 1398 veteril
1888 1358 1975 1404 tis,

396 1435 523 1488 aliis
552 1436 655 1486 alia
712 1436 780 1487 de
837 1451 999 1488 manu
1044 1436 1424 1510 narrantibus.
1489 1438 1752 1489 conclusa
1795 1445 1974 1487 tamen

398 1525 453 1579 in
482 1543 645 1581 unau‘.
701 1537 754 1579 ct
806 1528 1049 1582 eamdem
1086 1528 1207 1583 lidei
1258 1532 1636 1596 notionem,"
1654 1529 1975 1598 cxpelleutia

396 1632 617 1671 omnem
652 1616 1109 1681 incredulitatem,
1172 1621 1463 1675 aberrante
1498 1620 1701 1674 nemini
1727 1622 1914 1689 procul
1947 1640 1974 1674 ιι

398 1709 652 1765 veritate.
694 1710 847 1775 Quod
872 1712 918 1767 si
952 1720 1168 1780 oportet
1199 1714 1363 1766 etiam
1398 1712 1632 1781 alicujus
1662 1713 1978 1769 meminisse

2076 531 2181 583 qua
2204 523 2434 568 tuuttctn
2461 515 2510 568 ei
2544 514 2744 568 attulit.

2148 606 2289 662 XIV.
2314 606 2408 661 llis
2429 607 2507 662 sic
2531 605 2717 674 gestis,
2744 614 2897 674 pater
2918 601 3136 673 quidem
3162 602 3337 656 vivam
3371 603 3530 655 tiliam
3557 602 3657 657 dos

2078 716 2227 754 munt
2261 701 2488 762 reducit,
2520 709 2571 753 et
2593 698 2848 768 IaCrytnis
2872 696 3032 753 simul
3058 705 3110 750 et
3128 694 3327 766 gaudio
3351 696 3538 765 plenus
3561 735 3577 760 ,
3600 700 3655 747 et

2077 809 2105 844 a
2131 793 2477 853 lltllrnlillmtt,
2530 801 2585 845 ct
2632 806 2753 859 ιιιιτε
2784 797 2976 859 praeter
3010 788 3322 857 opinionem
3350 786 3650 846 acciderat.

2078 888 2199 939 tiiia:
2224 901 2452 939 narrans
2476 884 2925 951 redemptionem.
2953 880 3054 949 Qui
3079 890 3257 935 autem
3282 880 3658 936 circuuisistco

2087 978 2180 1031 bat
2243 979 2503 1047 populus,
2560 976 2760 1045 insigni
2792 976 3057 1031 miraculo
3098 972 3543 1043 obstupefactus,
3572 972 3660 1029 iu-

2084 1081 2268 1135 gentes
2320 1068 2426 1123 Deo
2483 1070 2677 1140 agebat
2727 1070 2950 1139 gratias.
3012 1070 3132 1133 Quo
3181 1067 3381 1122 factum
3444 1076 3557 1132 est,
3598 1072 3660 1121 ut

2078 1159 2406 1216 Prmcursori
2443 1162 2706 1234 templum
2751 1162 2860 1217 illic
2889 1170 3305 1225 construerent,
3334 1161 3425 1216 ubi
3454 1160 3655 1215 factum

2081 1253 2263 1308 fuerat
2289 1254 2633 1317 miraculum,
2657 1255 2803 1322 quod
2844 1255 3193 1308 nominarunt
3240 1254 3574 1323 κρεμαστὸν.
3604 1253 3657 1306 id

2080 1354 2183 1407 ψει,
2232 1361 2582 1413 suspensum,
2626 1348 2740 1400 sive
2798 1354 3118 1416 propterea,
3152 1346 3300 1414 quod
3348 1360 3509 1415 supra
3549 1355 3659 1399 ter-

2084 1450 2197 1487 ram
2231 1435 2301 1488 sit
2361 1434 2538 1487 solum
2589 1434 2771 1502 templi
2798 1436 3094 1496 elevatum,
3122 1434 3235 1488 sive
3264 1435 3407 1504 quod
3440 1431 3509 1488 ad
3540 1446 3661 1487 Iano

2080 1533 2188 1575 tam
2261 1522 2615 1577 aediﬁciorum
2695 1523 3082 1577 sublimitatem
3142 1523 3265 1592 ejus
3318 1524 3390 1577 sit
3435 1532 3658 1579 estrnsa

2082 1614 2329 1670 latitudo.
2360 1624 2421 1668 ut
2454 1614 2919 1683 conspicientibus
2955 1630 3121 1684 prope
3146 1615 3394 1669 videa'ur
3424 1614 3661 1683 pendete

2080 1704 2133 1758 in
2192 1721 2337 1761 aere.
2393 1707 2448 1760 In
2504 1720 2768 1775 quocum
2842 1705 2988 1759 hunc
3038 1721 3253 1761 sacrum
3277 1714 3331 1760 et
3370 1705 3659 1761 mirillcum

400 1802 681 1867 miraculi,
714 1804 997 1858 Antioi-bia
1046 1805 1333 1860 nobiseum
1376 1807 1449 1873 ei,
1502 1807 1647 1877 qttod
1708 1807 1972 1866 dicemus.

2078 1797 2306 1865 digitum
2351 1799 2759 1868 deposuissent,
2804 1812 2928 1852 eum
2969 1796 3124 1852 festis
3183 1797 3455 1854 honorant
3505 1798 3664 1852 anui-

401 1897 533 1951 fi-ret
560 1896 938 1952 testimonium
974 1914 987 1952 :
1021 1898 1165 1967 quod
1190 1898 1408 1969 quidem
1436 1900 1713 1954 atnlitioue
1762 1914 1790 1952 a
1817 1899 1975 1952 nobis

399 1997 684 2056 acceptum
711 2000 793 2042 est
822 2002 884 2042 ex
929 1988 1279 2057 quihusdam,
1311 1990 1402 2059 qui
1427 1990 1542 2045 illic
1567 2000 1695 2043 sunt
1751 1989 1974 2043 versati.

401 2075 455 2126 l.i
487 2090 722 2130 caverna
752 2076 1107 2130 delitescebat
1139 2077 1360 2145 qttidaut
1394 2078 1565 2133 draco
1608 2079 1659 2130 in
1701 2078 1820 2147 ejus
1865 2078 1980 2131 lini-

400 2168 527 2228 bus,
558 2183 743 2241 quem,
777 2168 869 2236 qui
916 2168 1233 2223 habitabant
1258 2170 1558 2232 civitatem,
1582 2171 1635 2224 in
1664 2170 1796 2225 deos
1835 2170 1975 2224 refe-

402 2269 606 2321 rentes.
642 2261 1017 2315 anniversario
1050 2260 1694 2317 honorabantsacriftcio.
1720 2261 1776 2315 Id
1796 2272 1974 2314 autem

398 2366 519 2407 erat
546 2353 722 2423 puella
759 2354 930 2422 virgo,
980 2369 1103 2423 qua:
1159 2354 1324 2423 paulo
1370 2364 1501 2409 ante
1534 2360 1858 2424 pervenerat
1907 2353 1975 2408 ad

401 2445 770 2513 pubertatem,
800 2454 854 2499 et
878 2460 1098 2515 propter
1128 2463 1234 2499 non
1264 2446 1527 2515 pollutam
1581 2447 1975 2517 virginitatem,

399 2538 831 2593 conservabat-ir
856 2539 1078 2593 draconi
1112 2540 1463 2595 sacriﬁcium.
1491 2538 1627 2607 Quis
1647 2549 1765 2595 erat
1793 2553 1973 2595 autem

403 2628 601 2683 modus
625 2630 879 2685 sacrificii

475 2717 619 2775 XIII.
658 2720 712 2776 lu
750 2737 814 2776 eo
844 2722 962 2792 ipso
990 2724 1131 2785 loco,
1173 2723 1363 2795 inquo
1390 2735 1508 2781 erat
1560 2740 1789 2781 caverna
1845 2727 1974 2781 dra-

401 2811 578 2878 conis,
607 2814 934 2871 Antioclieni
968 2817 1183 2888 publice
1233 2817 1593 2883 confluentes,
1636 2828 1692 2875 et
1720 2818 1975 2891 frequens

399 2905 581 2960 elIet-ti
632 2906 928 2975 theatrum,
986 2926 1109 2963 (‘llill
1169 2912 1405 2979 puellam
1464 2911 1973 2978 circumduxissent,

399 2997 719 3066 praebebant
748 3000 1114 3056 devorandam
1136 3003 1382 3058 draconi.
1419 3003 1469 3058 Is
1496 3018 1623 3058 vero
1650 3018 1976 3074 proserpens

398 3104 430 3143 e
457 3104 716 3154 caverna,
759 3101 814 3147 et
845 3093 1182 3163 insperatum
1235 3106 1293 3150 ct
1338 3096 1661 3152 incredibile
1705 3113 1975 3167 apparens

399 3182 1010 3259 tniraculuut,serpens
1068 3198 1121 3242 et
1183 3204 1377 3256 repens
1442 3192 1556 3245 suis
1622 3191 1869 3265 pedibus,
1921 3199 1976 3246 et

402 3274 771 3345 naturali,qui
804 3286 889 3329 est
926 3277 1093 3343 intus,
1133 3280 1326 3348 spiritu
1355 3282 1697 3345 incurvatus,
1726 3291 1780 3335 et
1802 3283 1975 3337 instar

404 3365 565 3420 unda
602 3374 716 3421 tum
778 3367 983 3433 factus,
1039 3372 1208 3426 hianti
1251 3389 1345 3426 ore
1368 3383 1418 3427 et
1468 3374 1696 3429 dilatato
1751 3374 1976 3430 thorace

400 3457 700 3527 aeciplehst
730 3460 1089 3523 sacrificium,
1123 3474 1178 3517 et
1210 3465 1483 3518 lacerabat
1532 3466 1810 3520 dentibus.
1870 3467 1975 3521 Pro

401 3562 553 3602 tnore
584 3558 765 3605 autem
828 3567 952 3607 sors
981 3553 1246 3622 obtigerat
1278 3555 1493 3609 cuidam
1546 3558 1879 3618 Christiano.
1915 3570 1977 3612 ιιι

401 3652 555 3692 suam
585 3640 742 3694 daret
778 3640 941 3695 filiani
1003 3642 1228 3697 draconi
1282 3644 1717 3707 sacriticamlam,
1749 3646 1839 3713 qui
1871 3646 1974 3697 sti-

402 3730 567 3786 mulis
593 3716 873 3788 sauciatus
928 3736 1293 3801 naturalibus,
1335 3752 1398 3790 ex
1450 3739 1618 3792 corde
1665 3738 1975 3805 suspirabat

403 3822 471 3877 ad
509 3824 803 3879 maximum
862 3825 1286 3882 I’razcursorem.
1358 3830 1420 3882 Et
1461 3836 1519 3882 ut
1576 3829 1681 3901 tilia
1717 3844 1745 3883 a
1802 3838 1975 3882 morte

404 3919 611 3971 servari
644 3918 837 3987 possit.
874 3919 981 3973 tale
1024 3920 1154 3989 quid
1208 3922 1521 3989 excogitat:
1550 3921 1686 3975 Cum
1723 3936 1972 3991 maguum

404 4006 513 4062 \im
545 4008 663 4061 auri
696 4009 834 4075 apud
868 4024 927 4064 se
945 4010 1339 4074 abscondisset,
1372 4012 1507 4076 petit
1539 4021 1597 4064 ut
1624 4012 1724 4065 sibi
1762 4011 1976 4079 pennit-

403 4104 611 4148 teretur
664 4096 894 4151 adorare
948 4114 1165 4151 tuanttnt
1193 4107 1437 4151 sant-tam
1492 4098 1560 4153 ab
1596 4116 1679 4158 eo,
1707 4098 1797 4165 qui
1826 4098 1972 4152 illaut

404 4185 678 4239 servabat.
714 4187 761 4240 Is
794 4199 977 4241 autem
1002 4188 1270 4242 concessit
1299 4191 1646 4257 postulatum.
1683 4188 1820 4242 Cum
1847 4205 1974 4243 vero

405 4276 450 4327 is
475 4276 529 4330 in
573 4276 658 4330 his
690 4290 857 4341 esset,
892 4290 945 4333 ct
974 4281 1116 4348 quod
1151 4280 1411 4335 adurebat
1463 4298 1655 4335 aurum
1722 4283 1970 4346 latenter,

402 4374 663 4437 tanquam
693 4372 794 4423 sub
821 4382 1081 4438 pnetcxtu
1121 4373 1410 4439 adorandi,
1459 4374 1606 4426 humi
1665 4374 1970 4437 eﬂ'udissel.

2081 1891 2359 1951 versariis.
2425 1891 2788 1951 miraculum.
2850 1894 2992 1959 quod
3050 1889 3252 1945 factum
3302 1889 3513 1955 fuerat.
3565 1904 3663 1960 per

2078 1983 2663 2037 cominemorationem
2745 1981 3174 2036 trausmittcntes
3263 1980 3331 2034 ad
3390 1990 3662 2052 posteros.

2082 2072 2291 2128 Dicitur
2314 2074 2479 2128 etiam
2505 2076 2649 2128 aliud
2682 2089 2898 2145 quoque
2924 2076 3119 2128 mirttut
3152 2072 3256 2130 tale
3284 2074 3399 2128 fleri
3416 2075 3658 2145 signum.

2080 2164 2255 2234 llujus
2311 2166 2521 2222 scilicet
2573 2179 2775 2221 sanctae
2840 2181 3034 2222 manus
3094 2166 3388 2236 aliquando
3435 2167 3657 2235 quidem

2076 2258 2297 2312 extendi
2346 2258 2569 2325 digitos,
2595 2260 2891 2327 aliquando
2934 2274 3066 2314 vero
3117 2260 3387 2325 contrahi,
3428 2275 3660 2327 quorum

2076 2350 2393 2404 ostensione
2418 2351 2637 2421 quidem
2663 2352 2955 2421 signiﬁcari
2983 2352 3321 2409 fertilitatem
3357 2354 3657 2424 fructuum,

2077 2444 2447 2496 contractione
2471 2451 2651 2496 autem
2686 2443 2920 2513 inopiam
2952 2455 3005 2498 et
3037 2445 3339 2513 penuriam.

2157 2531 2272 2588 XV.
2322 2535 2456 2587 Cum
2514 2544 2695 2589 autem
2740 2536 2917 2597 multi,
2959 2536 3051 2605 qui
3100 2546 3225 2592 ante
3278 2551 3380 2593 nos
3413 2537 3653 2602 fuerunt.

2082 2624 2441 2695 imperatores
2498 2626 2640 2682 hanc
2717 2640 2937 2681 manum
3002 2627 3407 2686 desiderassth
3459 2632 3656 2701 quovis

2080 2718 2246 2773 modo
2302 2719 2615 2787 possidere,
2670 2735 2768 2774 nec
2825 2720 3046 2784 sinere,
3105 2731 3160 2775 ut
3202 2732 3415 2778 tantum
3448 2724 3651 2780 bonum

2078 2818 2319 2864 maneret
2371 2810 2512 2878 apurl
2564 2811 2823 2866 barbaras
2881 2824 3090 2882 gentes.
3155 2829 3273 2881 qua!
3302 2825 3483 2884 partes
3536 2817 3655 2873 illas

2075 2911 2427 2972 occuparant,
2496 2905 2804 2970 captivum;
2870 2906 3169 2973 augebatur
3208 2906 3450 2977 quidem.
3476 2924 3541 2965 ac
3571 2914 3655 2963 via

2075 2994 2230 3063 gebat
2261 2993 2382 3059 eius
2413 2993 2486 3047 rci
2521 2994 2850 3049 desiderium
2872 3036 2885 3056 ,
2918 2996 3013 3050 sed
3057 2996 3268 3061 modus,
3300 3014 3409 3069 quo
3443 3000 3493 3055 id
3524 3015 3655 3071 pos-

2000 3129 2042 3185 ε
2080 3085 2345 3147 siderent,
2378 3087 2527 3140 nullo
2566 3087 2725 3141 modo
2757 3087 2982 3142 inveniri
3014 3098 3243 3156 poterat.
3304 3089 3369 3145 Et
3412 3107 3536 3147 cum
3573 3096 3656 3148 eis

2078 3178 2367 3246 aliquando
2418 3180 2591 3233 visum
2643 3188 2807 3244 esset,
2871 3181 3052 3235 dando
3114 3183 3434 3251 pecuniam,
3492 3185 3654 3239 talem

2078 3289 2402 3341 cnniparare
2457 3275 2796 3333 thesaurum,
2829 3290 3033 3335 acrem.
3064 3285 3120 3329 ut
3148 3278 3308 3332 estin
3342 3279 3651 3348 proverbio,

2078 3369 2271 3434 pugnis
2308 3366 2604 3420 cedebant.
2653 3365 3073 3421 Desiderabatur
3118 3383 3246 3439 ergo
3277 3371 3347 3425 ab
3379 3370 3650 3433 omnibus.

2075 3458 2329 3527 aquibus
2368 3474 2562 3512 nomen
2593 3459 2794 3513 Christi
2816 3468 2895 3513 est
2929 3461 3236 3515 invocatum
3266 3478 3281 3515 :
3316 3471 3371 3516 et
3414 3463 3649 3533 quicun-

2074 3567 2182 3620 que
2212 3552 2263 3605 in
2292 3550 2413 3619 ejus
2438 3551 2514 3606 rei
2545 3553 2863 3607 versabatur
2889 3554 3237 3625 cogitatione,
3268 3553 3432 3610 Deum
3487 3572 3651 3625 rogao

2080 3640 2175 3695 bat
2226 3641 2518 3711 gemitibus
2576 3642 3055 3705 inenarrabilibus.
3092 3655 3150 3698 ιιι
3190 3642 3439 3712 benignis
3480 3644 3657 3700 oculis

2081 3744 2243 3783 suum
2307 3730 2575 3799 aspiceret
2619 3732 2897 3801 populum,
2961 3741 3013 3784 ct
3068 3732 3186 3802 ejus
3242 3747 3368 3788 eum
3413 3733 3655 3790 efticeret

2083 3835 2456 3889 possessorem
2476 3832 2529 3876 et
2550 3830 2931 3888 spectatorem.
2954 3821 3223 3889 Quoniam
3245 3833 3423 3879 autem
3457 3824 3653 3882 divinae

2075 3915 2439 3973 Providentiae
2478 3927 2611 3973 sunt
2665 3918 2847 3972 omnia
2916 3919 3201 3988 praeﬁnita.
3241 3920 3291 3974 ei
3336 3920 3428 3988 qui
3468 3921 3651 3976 omnis

2076 4011 2348 4080 prtescivit
2423 4019 2548 4065 ante
2614 4010 2877 4064 mundum
2955 4011 3273 4073 conditum.
3331 4010 3651 4081 despicienti

2075 4114 2313 4173 tempora
2349 4113 2549 4159 nostra:
2587 4103 2903 4163 inscientia},
2942 4104 3137 4174 placuit
3179 4119 3274 4173 per
3310 4103 3505 4159 multas
3525 4117 3655 4159 suas

2074 4196 2483 4258 miserationes,
2537 4204 2597 4250 ut
2629 4194 2682 4249 in
2716 4196 2818 4251 hac
2856 4211 3077 4266 quoquo
3108 4195 3456 4261 generatione
3498 4212 3651 4250 rere.

2079 4287 2284 4341 lal'l'llll'
2326 4287 2427 4342 hoc
2465 4303 2722 4355 maguum
2748 4297 2799 4340 et
2827 4287 3037 4357 insigne
3067 4286 3415 4352 miraculum,
3458 4288 3513 4343 in
3541 4302 3650 4359 qna

2074 4381 2471 4433 (iottstantitttts
2506 4387 2561 4431 et
2602 4378 2897 4439 Romanus.
2942 4379 3036 4447 qui
3084 4377 3232 4450 digni
3268 4388 3411 4433 -sunt
3441 4385 3653 4448 magnis

403 4471 546 4513 recta
577 4462 837 4530 processit
884 4465 948 4516 ad
985 4465 1337 4518 adorandum.
1370 4465 1626 4521 Edituus
1650 4478 1853 4532 autem,
1914 4476 1971 4521 ut
2004 4470 2046 4525 ι)
2080 4471 2348 4533 laudibus.
2402 4471 2469 4524 ab
2517 4469 2633 4540 ipso
2663 4480 2787 4523 ortu
2845 4472 3135 4539 purpureis
3181 4469 3365 4527 fasciis
3400 4472 3651 4534 involuti.

402 4551 493 4619 qui
544 4555 718 4607 avidis
763 4556 934 4610 oculis
976 4558 1041 4609 ad
1104 4572 1296 4611 aurum
1326 4561 1608 4625 aspiceret,
1639 4563 1882 4617 cucurrit
1902 4561 1967 4613 ad

405 4643 533 4698 illul
585 4646 969 4714 colligendum.
1026 4650 1117 4702 Ille
1144 4660 1347 4711 autem,
1377 4653 1469 4719 qui
1497 4653 1759 4722 petierat,
1784 4662 1842 4707 ut
1865 4655 1969 4707 sibi

406 4736 589 4792 liceret
634 4739 880 4803 adorare,
934 4756 1057 4796 cum
1102 4758 1161 4796 se
1215 4743 1576 4808 incurvaSs-et,
1629 4753 1681 4798 et
1716 4754 1973 4801 totumse

404 4829 457 4883 in
493 4829 727 4885 loculum
769 4832 1131 4897 inclinasset,
1155 4833 1339 4889 divino
1377 4835 1655 4892 sauciatus
1683 4837 1970 4901 desiderio,

405 4937 529 4974 cum
591 4922 908 4977 veneranda:
948 4924 1182 4978 dexterte
1240 4926 1489 4995 pollicem
1549 4927 1871 4990 osculando,
1918 4937 1974 4981 et

404 5011 552 5066 labra
618 5012 961 5067 admovendo
1018 5017 1292 5073 mordicus
1341 5018 1592 5073 dentibus
1629 5020 1972 5081 abscidisset,

407 5112 458 5155 οι
516 5094 871 5169 occultasset,
940 5111 1198 5178 atemplo
1254 5112 1674 5180 quamprimum
1728 5114 1973 5167 recessit.

404 5196 538 5249 tium
583 5208 760 5252 autem
810 5200 921 5268 jzttti
963 5202 1075 5254 dies
1124 5204 1469 5259 adventasset
1502 5205 1776 5268 sacriltcii,
1819 5208 1975 5260 etci-

410 5290 554 5341 vium
607 5306 923 5359 eorumque,
973 5293 1065 5360 qui
1112 5294 1658 5359 circumhahitabant,
1686 5296 1971 5351 collectum
1991 5316 2023 5335 εκ

409 5390 550 5436 esset
584 5383 875 5446 theatrum,
900 5384 1111 5437 accedit
1144 5395 1293 5452 pater
1327 5366 1556 5453 puellam
1610 5387 1881 5441 adducens
1908 5388 1972 5442 ad

412 5473 761 5527 sacrificium.
824 5471 1033 5528 Etcum
1083 5475 1270 5530 fuisset
1326 5493 1489 5547 prope
1532 5480 1857 5543 draconem,
1923 5493 1977 5534 et

414 5578 535 5617 eum
560 5564 780 5619 vidisset
816 5576 969 5619 vasto
997 5582 1092 5617 ore
1129 5568 1387 5628 hiantem.
1424 5578 1474 5624 et
1524 5568 1811 5626 horremlis
1840 5572 1977 5627 sibi-

422 5656 487 5707 Iis
542 5668 659 5717 eos.
713 5657 805 5725 qui
837 5656 1151 5718 audiebant.
1190 5666 1501 5722 lCt‘l‘ettlcltt.
1555 5672 1607 5716 et
1652 5663 1974 5721 sacriﬁcium

420 5748 466 5801 dt
488 5746 832 5810 sidcrntdcm,
858 5761 1070 5802 sacrum
1098 5748 1250 5803 illum
1271 5757 1325 5803 et
1355 5753 1717 5809 vent-randum
1750 5753 1974 5826 digitum

722 5845 985 5902 ιἰτιιοι..
1025 5843 1121 5904 tia
1181 5841 1331 5906 CXI.

2081 4558 2338 4621 regebant
2375 4558 2613 4613 habenas
2643 4557 2873 4629 imperii.
2906 4554 2962 4613 Id
3014 4569 3194 4615 autem
3221 4568 3306 4617 est
3336 4566 3655 4619 veneranda:

2080 4650 2443 4706 Ρνειιιοιινεοτίε
2467 4666 2659 4706 manus
2686 4651 3010 4723 exportatio,
3039 4663 3096 4709 et
3123 4654 3418 4711 revocatio.

2150 4744 2286 4800 Ml.
2338 4744 2526 4800 Modus
2577 4746 3157 4813 autenireveeatiouis,
3198 4759 3281 4803 est
3301 4748 3459 4803 valde
3484 4750 3647 4805 mira-

2083 4836 2208 4891 bilis
2278 4846 2331 4890 ⁴ιι
2386 4847 2579 4908 pra-ter
2620 4838 2955 4905 Opinionem.
3004 4836 3139 4894 Nam
3174 4842 3257 4894 vir
3281 4842 3524 4911 quidam,
3556 4836 3644 4915 qui

2078 4939 2190 4977 erat
2218 4925 2417 4979 relatus
2448 4928 2500 4979 in
2558 4936 2760 4980 SOI‘lelﬂ
2792 4928 3142 4982 diaconorum
3194 4929 3492 4986 Antiochia
3518 4931 3650 4985 civi-

2082 5018 2226 5080 tatis,
2274 5015 2648 5077 Jobnomine.
2700 5032 2934 5087 superne
3001 5021 3319 5090 inspiratus,
3356 5030 3413 5076 et
3464 5023 3652 5078 divino

2082 5111 2197 5162 ιι-ιυ
2229 5111 2486 5177 repletus.
2516 5108 2658 5178 apud
2690 5125 2749 5164 se
2796 5110 3087 5178 cogitabat.
3116 5122 3367 5181 insuetae
3412 5110 3652 5168 Pra-eur.

2082 5200 2225 5254 soris
2249 5199 2547 5254 sulfuratus
2574 5201 2875 5265 dexteram,
2904 5218 3021 5255 eam
3052 5203 3256 5259 donum
3284 5204 3652 5260 desideratum

2083 5294 2266 5363 largiri
2308 5295 2675 5359 Christianis;
2732 5305 2892 5363 atque
2922 5294 3058 5347 adeo
3105 5294 3170 5348 ad
3199 5294 3358 5348 talem
3380 5295 3646 5364 processit

2084 5386 2500 5452 experientiam.
2560 5384 2849 5441 Pulchrum
2882 5387 3139 5454 templum
3160 5394 3215 5440 et
3243 5387 3514 5441 eseelsum
3542 5391 3645 5440 sub

2086 5479 2305 5531 uondnc
2358 5476 2500 5547 I’etri
2552 5477 2921 5546 apostolorum
2969 5479 3233 5547 principis
3291 5480 3529 5548 positum
3571 5492 3651 5533 est

2090 5571 2142 5626 in
2194 5586 2256 5623 ea
2300 5570 2535 5625 civitate.
2598 5568 2656 5626 In
2719 5570 2885 5641 hujus
2937 5571 3201 5626 vestibulo
3237 5585 3362 5626 cum
3411 5585 3565 5625 suam
3608 5571 3653 5623 is

2086 5663 2307 5718 fecisset
2356 5662 2766 5729 habitationem,
2836 5678 2961 5720 cum
3023 5677 3308 5720 sacrorum
3335 5702 3350 5730 ,
3387 5676 3506 5733 qua:
3544 5662 3651 5716 illius

2086 5764 2263 5823 erant,
2317 5769 2566 5813 vasorum
2617 5756 2844 5814 custode
2902 5757 3020 5813 iniit
3049 5757 3362 5821 amicitiam,
3414 5767 3550 5810 utea
3586 5757 3652 5808 ds

3177 5845 3252 5912 20
